2020-12-03,15:00:00,13982,13982,13982,92
2020-12-03,15:00:00,13982,13982,13982,2
2020-12-03,15:00:00,13983,13983,13983,4
2020-12-03,15:00:00,13983,13983,13983,20
2020-12-03,15:00:00,13984,13984,13984,2
2020-12-03,15:00:00,13984,13984,13984,4
2020-12-03,15:00:00,13985,13985,13985,2
2020-12-03,15:00:00,13985,13985,13985,2
2020-12-03,15:00:00,13986,13986,13986,6
2020-12-03,15:00:00,13987,13987,13987,4
2020-12-03,15:00:00,13988,13988,13988,4
2020-12-03,15:00:00,13988,13988,13988,4
2020-12-03,15:00:00,13988,13988,13988,4
2020-12-03,15:00:00,13989,13989,13989,2
2020-12-03,15:00:00,13989,13989,13989,4
2020-12-03,15:00:00,13990,13990,13990,2
2020-12-03,15:00:00,13990,13990,13990,2
2020-12-03,15:00:00,13985,13985,13985,2
2020-12-03,15:00:00,13985,13985,13985,2
2020-12-03,15:00:00,13984,13984,13984,2
2020-12-03,15:00:00,13989,13989,13989,4
2020-12-03,15:00:00,13988,13988,13988,2
2020-12-03,15:00:00,13988,13988,13988,4
2020-12-03,15:00:00,13988,13988,13988,4
2020-12-03,15:00:00,13989,13989,13989,2
2020-12-03,15:00:00,13989,13989,13989,8
2020-12-03,15:00:00,13990,13990,13990,8
2020-12-03,15:00:00,13991,13991,13991,12
2020-12-03,15:00:00,13991,13991,13991,32
2020-12-03,15:00:00,13991,13991,13991,4
2020-12-03,15:00:00,13991,13991,13991,4
2020-12-03,15:00:00,13991,13991,13991,26
2020-12-03,15:00:00,13991,13991,13991,6
2020-12-03,15:00:00,13991,13991,13991,4
2020-12-03,15:00:00,13991,13991,13991,2
2020-12-03,15:00:00,13991,13991,13991,2
2020-12-03,15:00:00,13991,13991,13991,2
2020-12-03,15:00:00,13992,13992,13992,2
2020-12-03,15:00:00,13992,13992,13992,8
2020-12-03,15:00:00,13988,13988,13988,2
2020-12-03,15:00:00,13992,13992,13992,2
2020-12-03,15:00:00,13993,13993,13993,6
2020-12-03,15:00:00,13993,13993,13993,2
2020-12-03,15:00:00,13993,13993,13993,2
2020-12-03,15:00:00,13993,13993,13993,4
2020-12-03,15:00:00,13994,13994,13994,2
2020-12-03,15:00:00,13994,13994,13994,2
2020-12-03,15:00:00,13994,13994,13994,4
2020-12-03,15:00:00,13994,13994,13994,2
2020-12-03,15:00:00,13994,13994,13994,2
2020-12-03,15:00:00,13994,13994,13994,2
2020-12-03,15:00:01,13994,13994,13994,12
2020-12-03,15:00:01,13994,13994,13994,8
2020-12-03,15:00:01,13995,13995,13995,8
2020-12-03,15:00:01,13995,13995,13995,6
2020-12-03,15:00:01,13994,13994,13994,2
2020-12-03,15:00:01,13995,13995,13995,2
2020-12-03,15:00:01,13996,13996,13996,2
2020-12-03,15:00:01,13994,13994,13994,2
2020-12-03,15:00:01,13995,13995,13995,4
2020-12-03,15:00:01,13995,13995,13995,60
2020-12-03,15:00:01,13995,13995,13995,30
2020-12-03,15:00:01,13996,13996,13996,2
2020-12-03,15:00:01,13985,13985,13985,2
2020-12-03,15:00:01,13996,13996,13996,6
2020-12-03,15:00:01,13990,13990,13990,2
2020-12-03,15:00:01,13995,13995,13995,14
2020-12-03,15:00:01,13995,13995,13995,2
2020-12-03,15:00:01,13996,13996,13996,4
2020-12-03,15:00:01,13996,13996,13996,8
2020-12-03,15:00:01,13995,13995,13995,38
2020-12-03,15:00:01,13996,13996,13996,2
2020-12-03,15:00:01,13996,13996,13996,8
2020-12-03,15:00:01,13995,13995,13995,2
2020-12-03,15:00:01,13995,13995,13995,2
2020-12-03,15:00:01,13995,13995,13995,42
2020-12-03,15:00:01,13995,13995,13995,12
2020-12-03,15:00:01,13991,13991,13991,2
2020-12-03,15:00:02,13993,13993,13993,2
2020-12-03,15:00:02,13990,13990,13990,2
2020-12-03,15:00:02,13988,13988,13988,4
2020-12-03,15:00:02,13989,13989,13989,12
2020-12-03,15:00:02,13987,13987,13987,8
2020-12-03,15:00:02,13987,13987,13987,2
2020-12-03,15:00:02,13986,13986,13986,2
2020-12-03,15:00:03,13986,13986,13986,2
2020-12-03,15:00:03,13989,13989,13989,2
2020-12-03,15:00:04,13988,13988,13988,2
2020-12-03,15:00:04,13988,13988,13988,2
2020-12-03,15:00:04,13991,13991,13991,4
2020-12-03,15:00:04,13991,13991,13991,4
2020-12-03,15:00:05,13989,13989,13989,4
2020-12-03,15:00:05,13988,13988,13988,4
2020-12-03,15:00:05,13990,13990,13990,2
2020-12-03,15:00:06,13987,13987,13987,2
2020-12-03,15:00:06,13987,13987,13987,2
2020-12-03,15:00:06,13986,13986,13986,2
2020-12-03,15:00:07,13989,13989,13989,2
2020-12-03,15:00:07,13988,13988,13988,8
2020-12-03,15:00:09,13988,13988,13988,8
2020-12-03,15:00:09,13989,13989,13989,2
2020-12-03,15:00:09,13987,13987,13987,4
2020-12-03,15:00:09,13988,13988,13988,4
2020-12-03,15:00:10,13987,13987,13987,2
2020-12-03,15:00:11,13987,13987,13987,8
2020-12-03,15:00:11,13986,13986,13986,2
2020-12-03,15:00:11,13988,13988,13988,2
2020-12-03,15:00:12,13988,13988,13988,2
2020-12-03,15:00:13,13987,13987,13987,2
2020-12-03,15:00:14,13986,13986,13986,2
2020-12-03,15:00:15,13986,13986,13986,2
2020-12-03,15:00:15,13987,13987,13987,2
2020-12-03,15:00:15,13987,13987,13987,2
2020-12-03,15:00:15,13986,13986,13986,2
2020-12-03,15:00:15,13986,13986,13986,2
2020-12-03,15:00:16,13986,13986,13986,2
2020-12-03,15:00:16,13985,13985,13985,2
2020-12-03,15:00:17,13986,13986,13986,2
2020-12-03,15:00:17,13985,13985,13985,2
2020-12-03,15:00:17,13987,13987,13987,4
2020-12-03,15:00:17,13986,13986,13986,2
2020-12-03,15:00:17,13985,13985,13985,6
2020-12-03,15:00:17,13987,13987,13987,2
2020-12-03,15:00:19,13986,13986,13986,2
2020-12-03,15:00:19,13988,13988,13988,2
2020-12-03,15:00:19,13986,13986,13986,2
2020-12-03,15:00:19,13986,13986,13986,2
2020-12-03,15:00:20,13986,13986,13986,4
2020-12-03,15:00:20,13985,13985,13985,2
2020-12-03,15:00:20,13984,13984,13984,2
2020-12-03,15:00:20,13984,13984,13984,2
2020-12-03,15:00:21,13985,13985,13985,2
2020-12-03,15:00:21,13986,13986,13986,2
2020-12-03,15:00:21,13985,13985,13985,2
2020-12-03,15:00:21,13985,13985,13985,2
2020-12-03,15:00:22,13987,13987,13987,2
2020-12-03,15:00:23,13987,13987,13987,2
2020-12-03,15:00:24,13988,13988,13988,2
2020-12-03,15:00:25,13988,13988,13988,4
2020-12-03,15:00:26,13987,13987,13987,2
2020-12-03,15:00:26,13987,13987,13987,2
2020-12-03,15:00:26,13987,13987,13987,2
2020-12-03,15:00:26,13987,13987,13987,2
2020-12-03,15:00:26,13987,13987,13987,2
2020-12-03,15:00:28,13988,13988,13988,2
2020-12-03,15:00:30,13988,13988,13988,2
2020-12-03,15:00:30,13987,13987,13987,4
2020-12-03,15:00:30,13987,13987,13987,2
2020-12-03,15:00:30,13986,13986,13986,2
2020-12-03,15:00:30,13986,13986,13986,2
2020-12-03,15:00:30,13986,13986,13986,2
2020-12-03,15:00:30,13985,13985,13985,2
2020-12-03,15:00:30,13985,13985,13985,2
2020-12-03,15:00:30,13985,13985,13985,2
2020-12-03,15:00:30,13985,13985,13985,2
2020-12-03,15:00:30,13985,13985,13985,2
2020-12-03,15:00:30,13984,13984,13984,10
2020-12-03,15:00:30,13984,13984,13984,2
2020-12-03,15:00:31,13987,13987,13987,2
2020-12-03,15:00:32,13985,13985,13985,2
2020-12-03,15:00:34,13986,13986,13986,2
2020-12-03,15:00:35,13986,13986,13986,2
2020-12-03,15:00:36,13986,13986,13986,2
2020-12-03,15:00:41,13986,13986,13986,2
2020-12-03,15:00:43,13987,13987,13987,2
2020-12-03,15:00:44,13987,13987,13987,2
2020-12-03,15:00:44,13987,13987,13987,2
2020-12-03,15:00:44,13987,13987,13987,2
2020-12-03,15:00:44,13987,13987,13987,2
2020-12-03,15:00:46,13987,13987,13987,2
2020-12-03,15:00:46,13987,13987,13987,2
2020-12-03,15:00:47,13987,13987,13987,2
2020-12-03,15:00:48,13987,13987,13987,4
2020-12-03,15:00:48,13986,13986,13986,2
2020-12-03,15:00:49,13988,13988,13988,2
2020-12-03,15:00:50,13986,13986,13986,6
2020-12-03,15:00:50,13986,13986,13986,2
2020-12-03,15:00:50,13987,13987,13987,4
2020-12-03,15:00:53,13987,13987,13987,8
2020-12-03,15:00:54,13987,13987,13987,2
2020-12-03,15:00:54,13988,13988,13988,44
2020-12-03,15:00:54,13989,13989,13989,24
2020-12-03,15:00:54,13990,13990,13990,6
2020-12-03,15:00:55,13991,13991,13991,2
2020-12-03,15:00:55,13991,13991,13991,4
2020-12-03,15:00:56,13990,13990,13990,2
2020-12-03,15:00:58,13989,13989,13989,8
2020-12-03,15:00:58,13989,13989,13989,2
2020-12-03,15:00:59,13989,13989,13989,2
2020-12-03,15:00:59,13990,13990,13990,2
2020-12-03,15:00:59,13990,13990,13990,2
2020-12-03,15:01:00,13991,13991,13991,2
2020-12-03,15:01:00,13990,13990,13990,2
2020-12-03,15:01:00,13991,13991,13991,2
2020-12-03,15:01:00,13991,13991,13991,2
2020-12-03,15:01:00,13991,13991,13991,2
2020-12-03,15:01:00,13992,13992,13992,2
2020-12-03,15:01:00,13992,13992,13992,2
2020-12-03,15:01:00,13992,13992,13992,2
2020-12-03,15:01:00,13992,13992,13992,2
2020-12-03,15:01:00,13992,13992,13992,4
2020-12-03,15:01:00,13992,13992,13992,2
2020-12-03,15:01:00,13993,13993,13993,6
2020-12-03,15:01:00,13993,13993,13993,2
2020-12-03,15:01:01,13992,13992,13992,2
2020-12-03,15:01:01,13992,13992,13992,2
2020-12-03,15:01:01,13992,13992,13992,2
2020-12-03,15:01:01,13993,13993,13993,10
2020-12-03,15:01:02,13992,13992,13992,2
2020-12-03,15:01:02,13992,13992,13992,4
2020-12-03,15:01:02,13994,13994,13994,4
2020-12-03,15:01:03,13993,13993,13993,2
2020-12-03,15:01:03,13995,13995,13995,8
2020-12-03,15:01:03,13995,13995,13995,4
2020-12-03,15:01:03,13996,13996,13996,2
2020-12-03,15:01:04,13994,13994,13994,2
2020-12-03,15:01:04,13996,13996,13996,16
2020-12-03,15:01:04,13996,13996,13996,2
2020-12-03,15:01:04,13996,13996,13996,2
2020-12-03,15:01:04,13995,13995,13995,2
2020-12-03,15:01:05,13995,13995,13995,2
2020-12-03,15:01:05,13994,13994,13994,2
2020-12-03,15:01:06,13995,13995,13995,2
2020-12-03,15:01:06,13996,13996,13996,4
2020-12-03,15:01:06,13994,13994,13994,2
2020-12-03,15:01:06,13994,13994,13994,2
2020-12-03,15:01:06,13994,13994,13994,2
2020-12-03,15:01:06,13994,13994,13994,2
2020-12-03,15:01:06,13994,13994,13994,2
2020-12-03,15:01:07,13994,13994,13994,2
2020-12-03,15:01:07,13996,13996,13996,2
2020-12-03,15:01:07,13995,13995,13995,2
2020-12-03,15:01:07,13994,13994,13994,2
2020-12-03,15:01:07,13994,13994,13994,2
2020-12-03,15:01:08,13995,13995,13995,4
2020-12-03,15:01:08,13996,13996,13996,2
2020-12-03,15:01:08,13994,13994,13994,2
2020-12-03,15:01:08,13994,13994,13994,2
2020-12-03,15:01:08,13993,13993,13993,2
2020-12-03,15:01:08,13993,13993,13993,2
2020-12-03,15:01:09,13993,13993,13993,2
2020-12-03,15:01:09,13993,13993,13993,4
2020-12-03,15:01:09,13993,13993,13993,4
2020-12-03,15:01:09,13993,13993,13993,2
2020-12-03,15:01:09,13993,13993,13993,2
2020-12-03,15:01:09,13993,13993,13993,2
2020-12-03,15:01:09,13993,13993,13993,2
2020-12-03,15:01:09,13991,13991,13991,2
2020-12-03,15:01:09,13993,13993,13993,2
2020-12-03,15:01:10,13993,13993,13993,6
2020-12-03,15:01:10,13992,13992,13992,2
2020-12-03,15:01:10,13992,13992,13992,2
2020-12-03,15:01:10,13993,13993,13993,2
2020-12-03,15:01:11,13994,13994,13994,2
2020-12-03,15:01:11,13994,13994,13994,4
2020-12-03,15:01:13,13993,13993,13993,10
2020-12-03,15:01:15,13992,13992,13992,2
2020-12-03,15:01:15,13992,13992,13992,2
2020-12-03,15:01:16,13991,13991,13991,2
2020-12-03,15:01:16,13992,13992,13992,2
2020-12-03,15:01:18,13992,13992,13992,8
2020-12-03,15:01:18,13992,13992,13992,2
2020-12-03,15:01:20,13992,13992,13992,2
2020-12-03,15:01:20,13993,13993,13993,2
2020-12-03,15:01:22,13992,13992,13992,2
2020-12-03,15:01:23,13992,13992,13992,2
2020-12-03,15:01:26,13991,13991,13991,2
2020-12-03,15:01:26,13991,13991,13991,2
2020-12-03,15:01:28,13990,13990,13990,2
2020-12-03,15:01:31,13991,13991,13991,2
2020-12-03,15:01:31,13990,13990,13990,2
2020-12-03,15:01:31,13990,13990,13990,2
2020-12-03,15:01:31,13990,13990,13990,2
2020-12-03,15:01:32,13991,13991,13991,2
2020-12-03,15:01:32,13990,13990,13990,2
2020-12-03,15:01:32,13990,13990,13990,4
2020-12-03,15:01:32,13990,13990,13990,2
2020-12-03,15:01:32,13990,13990,13990,2
2020-12-03,15:01:32,13990,13990,13990,2
2020-12-03,15:01:32,13990,13990,13990,6
2020-12-03,15:01:32,13990,13990,13990,6
2020-12-03,15:01:33,13990,13990,13990,2
2020-12-03,15:01:34,13989,13989,13989,2
2020-12-03,15:01:35,13989,13989,13989,2
2020-12-03,15:01:36,13988,13988,13988,2
2020-12-03,15:01:39,13988,13988,13988,2
2020-12-03,15:01:39,13990,13990,13990,2
2020-12-03,15:01:39,13990,13990,13990,2
2020-12-03,15:01:39,13989,13989,13989,2
2020-12-03,15:01:40,13989,13989,13989,2
2020-12-03,15:01:41,13990,13990,13990,2
2020-12-03,15:01:41,13991,13991,13991,2
2020-12-03,15:01:41,13990,13990,13990,2
2020-12-03,15:01:42,13989,13989,13989,2
2020-12-03,15:01:42,13990,13990,13990,2
2020-12-03,15:01:43,13990,13990,13990,2
2020-12-03,15:01:44,13991,13991,13991,4
2020-12-03,15:01:44,13991,13991,13991,4
2020-12-03,15:01:44,13991,13991,13991,2
2020-12-03,15:01:46,13991,13991,13991,2
2020-12-03,15:01:48,13991,13991,13991,2
2020-12-03,15:01:49,13991,13991,13991,2
2020-12-03,15:01:49,13991,13991,13991,2
2020-12-03,15:01:51,13991,13991,13991,2
2020-12-03,15:01:51,13991,13991,13991,2
2020-12-03,15:01:56,13991,13991,13991,4
2020-12-03,15:02:01,13991,13991,13991,2
2020-12-03,15:02:01,13991,13991,13991,4
2020-12-03,15:02:02,13991,13991,13991,8
2020-12-03,15:02:02,13990,13990,13990,2
2020-12-03,15:02:02,13991,13991,13991,2
2020-12-03,15:02:03,13992,13992,13992,4
2020-12-03,15:02:04,13991,13991,13991,2
2020-12-03,15:02:05,13992,13992,13992,10
2020-12-03,15:02:06,13991,13991,13991,2
2020-12-03,15:02:09,13991,13991,13991,2
2020-12-03,15:02:11,13992,13992,13992,2
2020-12-03,15:02:11,13992,13992,13992,2
2020-12-03,15:02:11,13992,13992,13992,2
2020-12-03,15:02:11,13992,13992,13992,2
2020-12-03,15:02:14,13991,13991,13991,2
2020-12-03,15:02:17,13992,13992,13992,10
2020-12-03,15:02:24,13992,13992,13992,8
2020-12-03,15:02:25,13991,13991,13991,2
2020-12-03,15:02:25,13991,13991,13991,2
2020-12-03,15:02:25,13991,13991,13991,4
2020-12-03,15:02:26,13991,13991,13991,2
2020-12-03,15:02:26,13991,13991,13991,2
2020-12-03,15:02:28,13991,13991,13991,4
2020-12-03,15:02:31,13992,13992,13992,24
2020-12-03,15:02:31,13993,13993,13993,8
2020-12-03,15:02:32,13991,13991,13991,2
2020-12-03,15:02:35,13991,13991,13991,8
2020-12-03,15:02:35,13991,13991,13991,2
2020-12-03,15:02:37,13992,13992,13992,2
2020-12-03,15:02:37,13991,13991,13991,2
2020-12-03,15:02:39,13992,13992,13992,2
2020-12-03,15:02:40,13991,13991,13991,2
2020-12-03,15:02:40,13991,13991,13991,2
2020-12-03,15:02:40,13991,13991,13991,2
2020-12-03,15:02:41,13992,13992,13992,4
2020-12-03,15:02:42,13992,13992,13992,4
2020-12-03,15:02:42,13992,13992,13992,2
2020-12-03,15:02:50,13993,13993,13993,8
2020-12-03,15:02:50,13992,13992,13992,4
2020-12-03,15:02:52,13992,13992,13992,2
2020-12-03,15:02:59,13992,13992,13992,2
2020-12-03,15:02:59,13992,13992,13992,2
2020-12-03,15:03:00,13993,13993,13993,10
2020-12-03,15:03:00,13993,13993,13993,2
2020-12-03,15:03:00,13991,13991,13991,2
2020-12-03,15:03:02,13993,13993,13993,10
2020-12-03,15:03:02,13993,13993,13993,2
2020-12-03,15:03:02,13993,13993,13993,2
2020-12-03,15:03:03,13993,13993,13993,2
2020-12-03,15:03:03,13994,13994,13994,2
2020-12-03,15:03:04,13994,13994,13994,2
2020-12-03,15:03:05,13993,13993,13993,2
2020-12-03,15:03:05,13993,13993,13993,2
2020-12-03,15:03:06,13992,13992,13992,2
2020-12-03,15:03:09,13993,13993,13993,10
2020-12-03,15:03:11,13992,13992,13992,4
2020-12-03,15:03:13,13992,13992,13992,2
2020-12-03,15:03:15,13992,13992,13992,2
2020-12-03,15:03:15,13993,13993,13993,2
2020-12-03,15:03:16,13993,13993,13993,4
2020-12-03,15:03:16,13992,13992,13992,2
2020-12-03,15:03:16,13992,13992,13992,4
2020-12-03,15:03:16,13992,13992,13992,2
2020-12-03,15:03:18,13993,13993,13993,2
2020-12-03,15:03:19,13992,13992,13992,2
2020-12-03,15:03:19,13992,13992,13992,2
2020-12-03,15:03:19,13992,13992,13992,2
2020-12-03,15:03:19,13992,13992,13992,2
2020-12-03,15:03:19,13992,13992,13992,2
2020-12-03,15:03:20,13993,13993,13993,2
2020-12-03,15:03:20,13992,13992,13992,4
2020-12-03,15:03:20,13992,13992,13992,2
2020-12-03,15:03:20,13992,13992,13992,2
2020-12-03,15:03:20,13991,13991,13991,2
2020-12-03,15:03:20,13993,13993,13993,6
2020-12-03,15:03:21,13993,13993,13993,4
2020-12-03,15:03:23,13993,13993,13993,2
2020-12-03,15:03:24,13993,13993,13993,2
2020-12-03,15:03:28,13994,13994,13994,4
2020-12-03,15:03:28,13994,13994,13994,30
2020-12-03,15:03:28,13994,13994,13994,6
2020-12-03,15:03:29,13994,13994,13994,2
2020-12-03,15:03:32,13994,13994,13994,2
2020-12-03,15:03:33,13994,13994,13994,2
2020-12-03,15:03:34,13994,13994,13994,2
2020-12-03,15:03:35,13993,13993,13993,2
2020-12-03,15:03:35,13994,13994,13994,10
2020-12-03,15:03:35,13994,13994,13994,4
2020-12-03,15:03:38,13994,13994,13994,6
2020-12-03,15:03:39,13994,13994,13994,6
2020-12-03,15:03:39,13993,13993,13993,2
2020-12-03,15:03:40,13994,13994,13994,2
2020-12-03,15:03:42,13994,13994,13994,4
2020-12-03,15:03:45,13994,13994,13994,10
2020-12-03,15:03:46,13994,13994,13994,2
2020-12-03,15:03:47,13994,13994,13994,2
2020-12-03,15:03:48,13994,13994,13994,4
2020-12-03,15:03:50,13994,13994,13994,2
2020-12-03,15:03:50,13994,13994,13994,2
2020-12-03,15:03:50,13994,13994,13994,6
2020-12-03,15:03:50,13994,13994,13994,2
2020-12-03,15:03:59,13994,13994,13994,10
2020-12-03,15:04:01,13993,13993,13993,2
2020-12-03,15:04:01,13993,13993,13993,2
2020-12-03,15:04:01,13994,13994,13994,4
2020-12-03,15:04:01,13994,13994,13994,4
2020-12-03,15:04:01,13994,13994,13994,2
2020-12-03,15:04:01,13995,13995,13995,2
2020-12-03,15:04:01,13995,13995,13995,2
2020-12-03,15:04:01,13995,13995,13995,2
2020-12-03,15:04:02,13994,13994,13994,2
2020-12-03,15:04:07,13995,13995,13995,12
2020-12-03,15:04:07,13995,13995,13995,56
2020-12-03,15:04:08,13996,13996,13996,4
2020-12-03,15:04:08,13996,13996,13996,8
2020-12-03,15:04:08,13996,13996,13996,12
2020-12-03,15:04:08,13996,13996,13996,2
2020-12-03,15:04:09,13996,13996,13996,2
2020-12-03,15:04:09,13997,13997,13997,12
2020-12-03,15:04:09,13996,13996,13996,4
2020-12-03,15:04:09,13996,13996,13996,2
2020-12-03,15:04:09,13996,13996,13996,2
2020-12-03,15:04:11,13997,13997,13997,6
2020-12-03,15:04:16,13997,13997,13997,2
2020-12-03,15:04:16,13996,13996,13996,2
2020-12-03,15:04:18,13997,13997,13997,2
2020-12-03,15:04:18,13997,13997,13997,4
2020-12-03,15:04:18,13996,13996,13996,2
2020-12-03,15:04:18,13996,13996,13996,2
2020-12-03,15:04:18,13996,13996,13996,2
2020-12-03,15:04:18,13996,13996,13996,2
2020-12-03,15:04:18,13996,13996,13996,2
2020-12-03,15:04:18,13996,13996,13996,2
2020-12-03,15:04:18,13996,13996,13996,4
2020-12-03,15:04:18,13995,13995,13995,2
2020-12-03,15:04:18,13995,13995,13995,2
2020-12-03,15:04:20,13997,13997,13997,2
2020-12-03,15:04:22,13996,13996,13996,6
2020-12-03,15:04:26,13996,13996,13996,2
2020-12-03,15:04:26,13996,13996,13996,2
2020-12-03,15:04:26,13996,13996,13996,2
2020-12-03,15:04:27,13996,13996,13996,2
2020-12-03,15:04:27,13996,13996,13996,2
2020-12-03,15:04:29,13996,13996,13996,2
2020-12-03,15:04:30,13997,13997,13997,6
2020-12-03,15:04:34,13996,13996,13996,2
2020-12-03,15:04:36,13997,13997,13997,2
2020-12-03,15:04:36,13997,13997,13997,2
2020-12-03,15:04:36,13997,13997,13997,2
2020-12-03,15:04:36,13997,13997,13997,2
2020-12-03,15:04:36,13997,13997,13997,10
2020-12-03,15:04:36,13997,13997,13997,2
2020-12-03,15:04:36,13997,13997,13997,10
2020-12-03,15:04:36,13997,13997,13997,2
2020-12-03,15:04:37,13998,13998,13998,8
2020-12-03,15:04:37,13998,13998,13998,2
2020-12-03,15:04:38,13998,13998,13998,2
2020-12-03,15:04:38,13998,13998,13998,2
2020-12-03,15:04:38,13998,13998,13998,2
2020-12-03,15:04:39,13997,13997,13997,2
2020-12-03,15:04:39,13998,13998,13998,4
2020-12-03,15:04:39,13998,13998,13998,2
2020-12-03,15:04:39,13998,13998,13998,22
2020-12-03,15:04:41,13998,13998,13998,2
2020-12-03,15:04:42,13998,13998,13998,2
2020-12-03,15:04:42,13998,13998,13998,2
2020-12-03,15:04:42,13998,13998,13998,2
2020-12-03,15:04:44,13998,13998,13998,2
2020-12-03,15:04:45,13998,13998,13998,2
2020-12-03,15:04:45,13998,13998,13998,2
2020-12-03,15:04:46,13998,13998,13998,2
2020-12-03,15:04:47,13997,13997,13997,2
2020-12-03,15:04:47,13998,13998,13998,12
2020-12-03,15:04:47,13998,13998,13998,2
2020-12-03,15:04:48,13997,13997,13997,2
2020-12-03,15:04:48,13998,13998,13998,10
2020-12-03,15:04:49,13998,13998,13998,6
2020-12-03,15:04:50,13998,13998,13998,2
2020-12-03,15:04:51,13998,13998,13998,2
2020-12-03,15:04:52,13999,13999,13999,2
2020-12-03,15:04:55,13999,13999,13999,6
2020-12-03,15:04:56,13999,13999,13999,2
2020-12-03,15:04:56,13999,13999,13999,8
2020-12-03,15:04:59,13999,13999,13999,8
2020-12-03,15:04:59,13999,13999,13999,4
2020-12-03,15:04:59,13998,13998,13998,4
2020-12-03,15:04:59,13999,13999,13999,2
2020-12-03,15:04:59,13998,13998,13998,6
2020-12-03,15:04:59,13998,13998,13998,2
2020-12-03,15:04:59,13998,13998,13998,2
2020-12-03,15:05:00,13998,13998,13998,6
2020-12-03,15:05:00,13998,13998,13998,2
2020-12-03,15:05:00,13999,13999,13999,2
2020-12-03,15:05:00,13999,13999,13999,20
2020-12-03,15:05:00,13999,13999,13999,2
2020-12-03,15:05:00,13999,13999,13999,2
2020-12-03,15:05:00,13999,13999,13999,2
2020-12-03,15:05:00,13999,13999,13999,2
2020-12-03,15:05:00,13999,13999,13999,2
2020-12-03,15:05:00,14000,14000,14000,2
2020-12-03,15:05:00,14000,14000,14000,2
2020-12-03,15:05:00,14000,14000,14000,2
2020-12-03,15:05:01,14000,14000,14000,4
2020-12-03,15:05:01,13999,13999,13999,2
2020-12-03,15:05:01,14000,14000,14000,4
2020-12-03,15:05:01,13999,13999,13999,2
2020-12-03,15:05:01,13999,13999,13999,2
2020-12-03,15:05:01,14000,14000,14000,60
2020-12-03,15:05:02,14000,14000,14000,20
2020-12-03,15:05:02,14000,14000,14000,8
2020-12-03,15:05:02,14000,14000,14000,2
2020-12-03,15:05:02,14000,14000,14000,36
2020-12-03,15:05:02,14000,14000,14000,2
2020-12-03,15:05:02,14000,14000,14000,2
2020-12-03,15:05:02,14000,14000,14000,2
2020-12-03,15:05:03,14000,14000,14000,2
2020-12-03,15:05:04,14000,14000,14000,2
2020-12-03,15:05:04,14001,14001,14001,6
2020-12-03,15:05:04,14001,14001,14001,2
2020-12-03,15:05:05,14001,14001,14001,10
2020-12-03,15:05:05,14001,14001,14001,2
2020-12-03,15:05:06,14001,14001,14001,2
2020-12-03,15:05:07,14001,14001,14001,10
2020-12-03,15:05:07,14001,14001,14001,2
2020-12-03,15:05:07,14001,14001,14001,8
2020-12-03,15:05:07,14001,14001,14001,2
2020-12-03,15:05:07,14002,14002,14002,2
2020-12-03,15:05:07,14002,14002,14002,2
2020-12-03,15:05:07,14002,14002,14002,2
2020-12-03,15:05:07,14002,14002,14002,2
2020-12-03,15:05:07,14002,14002,14002,2
2020-12-03,15:05:07,14002,14002,14002,2
2020-12-03,15:05:08,14002,14002,14002,2
2020-12-03,15:05:08,14002,14002,14002,2
2020-12-03,15:05:09,14002,14002,14002,4
2020-12-03,15:05:09,14002,14002,14002,2
2020-12-03,15:05:10,14002,14002,14002,2
2020-12-03,15:05:10,14001,14001,14001,6
2020-12-03,15:05:11,14002,14002,14002,4
2020-12-03,15:05:11,14002,14002,14002,2
2020-12-03,15:05:12,14002,14002,14002,2
2020-12-03,15:05:12,14002,14002,14002,2
2020-12-03,15:05:12,14002,14002,14002,2
2020-12-03,15:05:12,14002,14002,14002,2
2020-12-03,15:05:12,14002,14002,14002,16
2020-12-03,15:05:12,14002,14002,14002,4
2020-12-03,15:05:12,14002,14002,14002,2
2020-12-03,15:05:13,14002,14002,14002,2
2020-12-03,15:05:13,14002,14002,14002,2
2020-12-03,15:05:14,14003,14003,14003,2
2020-12-03,15:05:14,14002,14002,14002,2
2020-12-03,15:05:16,14003,14003,14003,8
2020-12-03,15:05:16,14003,14003,14003,8
2020-12-03,15:05:16,14004,14004,14004,2
2020-12-03,15:05:16,14004,14004,14004,2
2020-12-03,15:05:17,14002,14002,14002,2
2020-12-03,15:05:18,14004,14004,14004,2
2020-12-03,15:05:18,14004,14004,14004,2
2020-12-03,15:05:18,14004,14004,14004,2
2020-12-03,15:05:19,14004,14004,14004,12
2020-12-03,15:05:20,14005,14005,14005,20
2020-12-03,15:05:21,14004,14004,14004,2
2020-12-03,15:05:22,14005,14005,14005,2
2020-12-03,15:05:23,14005,14005,14005,2
2020-12-03,15:05:24,14005,14005,14005,2
2020-12-03,15:05:24,14005,14005,14005,4
2020-12-03,15:05:26,14005,14005,14005,16
2020-12-03,15:05:26,14005,14005,14005,2
2020-12-03,15:05:27,14006,14006,14006,8
2020-12-03,15:05:27,14005,14005,14005,2
2020-12-03,15:05:27,14005,14005,14005,6
2020-12-03,15:05:28,14004,14004,14004,2
2020-12-03,15:05:28,14005,14005,14005,2
2020-12-03,15:05:30,14005,14005,14005,2
2020-12-03,15:05:31,14005,14005,14005,2
2020-12-03,15:05:31,14004,14004,14004,2
2020-12-03,15:05:31,14004,14004,14004,2
2020-12-03,15:05:31,14004,14004,14004,2
2020-12-03,15:05:31,14004,14004,14004,2
2020-12-03,15:05:31,14004,14004,14004,2
2020-12-03,15:05:31,14004,14004,14004,4
2020-12-03,15:05:31,14004,14004,14004,2
2020-12-03,15:05:31,14004,14004,14004,4
2020-12-03,15:05:31,14004,14004,14004,2
2020-12-03,15:05:31,14004,14004,14004,2
2020-12-03,15:05:32,14004,14004,14004,2
2020-12-03,15:05:32,14004,14004,14004,2
2020-12-03,15:05:32,14004,14004,14004,2
2020-12-03,15:05:33,14004,14004,14004,2
2020-12-03,15:05:33,14004,14004,14004,2
2020-12-03,15:05:34,14004,14004,14004,2
2020-12-03,15:05:36,14003,14003,14003,2
2020-12-03,15:05:36,14003,14003,14003,2
2020-12-03,15:05:36,14004,14004,14004,2
2020-12-03,15:05:36,14003,14003,14003,2
2020-12-03,15:05:37,14004,14004,14004,8
2020-12-03,15:05:37,14003,14003,14003,2
2020-12-03,15:05:37,14003,14003,14003,2
2020-12-03,15:05:38,14003,14003,14003,2
2020-12-03,15:05:38,14004,14004,14004,2
2020-12-03,15:05:40,14004,14004,14004,14
2020-12-03,15:05:41,14003,14003,14003,2
2020-12-03,15:05:41,14003,14003,14003,2
2020-12-03,15:05:42,14004,14004,14004,2
2020-12-03,15:05:42,14004,14004,14004,2
2020-12-03,15:05:42,14003,14003,14003,2
2020-12-03,15:05:43,14003,14003,14003,2
2020-12-03,15:05:43,14004,14004,14004,18
2020-12-03,15:05:43,14005,14005,14005,30
2020-12-03,15:05:47,14004,14004,14004,2
2020-12-03,15:05:47,14004,14004,14004,4
2020-12-03,15:05:48,14003,14003,14003,4
2020-12-03,15:05:48,14003,14003,14003,6
2020-12-03,15:05:49,14003,14003,14003,2
2020-12-03,15:05:49,14003,14003,14003,6
2020-12-03,15:05:49,14003,14003,14003,2
2020-12-03,15:05:56,14002,14002,14002,4
2020-12-03,15:05:56,14002,14002,14002,2
2020-12-03,15:05:56,14002,14002,14002,2
2020-12-03,15:05:56,14002,14002,14002,2
2020-12-03,15:05:56,14002,14002,14002,2
2020-12-03,15:05:56,14003,14003,14003,8
2020-12-03,15:05:56,14002,14002,14002,4
2020-12-03,15:05:56,14002,14002,14002,2
2020-12-03,15:05:57,14002,14002,14002,2
2020-12-03,15:05:59,14002,14002,14002,4
2020-12-03,15:05:59,14002,14002,14002,2
2020-12-03,15:06:02,14002,14002,14002,6
2020-12-03,15:06:03,14002,14002,14002,2
2020-12-03,15:06:07,14002,14002,14002,2
2020-12-03,15:06:07,14002,14002,14002,2
2020-12-03,15:06:07,14002,14002,14002,2
2020-12-03,15:06:08,14002,14002,14002,4
2020-12-03,15:06:09,14001,14001,14001,2
2020-12-03,15:06:10,14002,14002,14002,2
2020-12-03,15:06:10,14001,14001,14001,2
2020-12-03,15:06:10,14002,14002,14002,2
2020-12-03,15:06:11,14001,14001,14001,2
2020-12-03,15:06:11,14001,14001,14001,2
2020-12-03,15:06:11,14001,14001,14001,2
2020-12-03,15:06:11,14001,14001,14001,2
2020-12-03,15:06:11,14001,14001,14001,6
2020-12-03,15:06:11,14001,14001,14001,4
2020-12-03,15:06:11,14001,14001,14001,2
2020-12-03,15:06:11,14001,14001,14001,12
2020-12-03,15:06:11,14001,14001,14001,4
2020-12-03,15:06:12,14001,14001,14001,2
2020-12-03,15:06:12,14001,14001,14001,4
2020-12-03,15:06:13,14000,14000,14000,2
2020-12-03,15:06:15,14000,14000,14000,2
2020-12-03,15:06:16,14000,14000,14000,2
2020-12-03,15:06:18,14001,14001,14001,2
2020-12-03,15:06:19,14000,14000,14000,4
2020-12-03,15:06:19,14000,14000,14000,2
2020-12-03,15:06:19,14000,14000,14000,2
2020-12-03,15:06:19,14000,14000,14000,2
2020-12-03,15:06:19,14000,14000,14000,2
2020-12-03,15:06:19,14000,14000,14000,2
2020-12-03,15:06:19,14000,14000,14000,2
2020-12-03,15:06:21,13999,13999,13999,2
2020-12-03,15:06:22,14000,14000,14000,2
2020-12-03,15:06:23,13999,13999,13999,2
2020-12-03,15:06:23,13999,13999,13999,6
2020-12-03,15:06:24,13998,13998,13998,2
2020-12-03,15:06:26,13999,13999,13999,2
2020-12-03,15:06:28,13998,13998,13998,2
2020-12-03,15:06:28,13998,13998,13998,4
2020-12-03,15:06:29,13998,13998,13998,2
2020-12-03,15:06:29,13998,13998,13998,2
2020-12-03,15:06:29,13999,13999,13999,2
2020-12-03,15:06:30,13999,13999,13999,2
2020-12-03,15:06:32,13998,13998,13998,2
2020-12-03,15:06:33,13999,13999,13999,2
2020-12-03,15:06:33,13998,13998,13998,2
2020-12-03,15:06:33,13998,13998,13998,2
2020-12-03,15:06:33,13998,13998,13998,2
2020-12-03,15:06:33,13998,13998,13998,4
2020-12-03,15:06:33,13998,13998,13998,2
2020-12-03,15:06:33,13999,13999,13999,12
2020-12-03,15:06:35,13998,13998,13998,4
2020-12-03,15:06:39,13998,13998,13998,2
2020-12-03,15:06:44,13999,13999,13999,6
2020-12-03,15:06:44,13999,13999,13999,6
2020-12-03,15:06:49,14000,14000,14000,6
2020-12-03,15:06:49,14000,14000,14000,6
2020-12-03,15:06:49,14000,14000,14000,2
2020-12-03,15:06:49,14000,14000,14000,2
2020-12-03,15:06:49,14000,14000,14000,4
2020-12-03,15:06:50,14000,14000,14000,2
2020-12-03,15:06:50,14000,14000,14000,2
2020-12-03,15:06:55,14001,14001,14001,8
2020-12-03,15:06:55,14001,14001,14001,2
2020-12-03,15:06:55,14000,14000,14000,2
2020-12-03,15:06:55,14001,14001,14001,2
2020-12-03,15:06:55,14001,14001,14001,2
2020-12-03,15:06:55,14001,14001,14001,2
2020-12-03,15:06:55,14001,14001,14001,2
2020-12-03,15:06:56,14001,14001,14001,2
2020-12-03,15:06:56,14001,14001,14001,2
2020-12-03,15:06:59,14001,14001,14001,4
2020-12-03,15:07:01,14000,14000,14000,2
2020-12-03,15:07:02,14001,14001,14001,2
2020-12-03,15:07:04,14002,14002,14002,8
2020-12-03,15:07:05,14001,14001,14001,2
2020-12-03,15:07:05,14001,14001,14001,2
2020-12-03,15:07:05,14001,14001,14001,8
2020-12-03,15:07:05,14000,14000,14000,2
2020-12-03,15:07:09,14001,14001,14001,2
2020-12-03,15:07:09,14002,14002,14002,2
2020-12-03,15:07:12,14001,14001,14001,2
2020-12-03,15:07:13,14002,14002,14002,2
2020-12-03,15:07:14,14002,14002,14002,6
2020-12-03,15:07:16,14002,14002,14002,2
2020-12-03,15:07:17,14001,14001,14001,2
2020-12-03,15:07:17,14002,14002,14002,2
2020-12-03,15:07:17,14002,14002,14002,2
2020-12-03,15:07:20,14003,14003,14003,4
2020-12-03,15:07:20,14003,14003,14003,10
2020-12-03,15:07:23,14002,14002,14002,2
2020-12-03,15:07:23,14003,14003,14003,10
2020-12-03,15:07:30,14003,14003,14003,2
2020-12-03,15:07:31,14002,14002,14002,2
2020-12-03,15:07:32,14002,14002,14002,2
2020-12-03,15:07:34,14002,14002,14002,2
2020-12-03,15:07:34,14002,14002,14002,4
2020-12-03,15:07:35,14003,14003,14003,4
2020-12-03,15:07:37,14002,14002,14002,2
2020-12-03,15:07:41,14003,14003,14003,4
2020-12-03,15:07:41,14002,14002,14002,2
2020-12-03,15:07:41,14002,14002,14002,2
2020-12-03,15:07:41,14003,14003,14003,4
2020-12-03,15:07:42,14003,14003,14003,2
2020-12-03,15:07:42,14004,14004,14004,2
2020-12-03,15:07:42,14004,14004,14004,2
2020-12-03,15:07:42,14004,14004,14004,2
2020-12-03,15:07:46,14003,14003,14003,2
2020-12-03,15:07:46,14004,14004,14004,2
2020-12-03,15:07:46,14004,14004,14004,8
2020-12-03,15:07:51,14004,14004,14004,2
2020-12-03,15:07:51,14003,14003,14003,2
2020-12-03,15:07:54,14003,14003,14003,2
2020-12-03,15:07:54,14003,14003,14003,2
2020-12-03,15:07:54,14004,14004,14004,8
2020-12-03,15:08:00,14003,14003,14003,2
2020-12-03,15:08:02,14004,14004,14004,8
2020-12-03,15:08:02,14004,14004,14004,2
2020-12-03,15:08:02,14005,14005,14005,2
2020-12-03,15:08:04,14005,14005,14005,8
2020-12-03,15:08:04,14005,14005,14005,8
2020-12-03,15:08:04,14005,14005,14005,2
2020-12-03,15:08:04,14005,14005,14005,16
2020-12-03,15:08:04,14006,14006,14006,2
2020-12-03,15:08:05,14005,14005,14005,2
2020-12-03,15:08:05,14005,14005,14005,2
2020-12-03,15:08:05,14006,14006,14006,2
2020-12-03,15:08:05,14006,14006,14006,2
2020-12-03,15:08:07,14005,14005,14005,2
2020-12-03,15:08:08,14006,14006,14006,2
2020-12-03,15:08:08,14005,14005,14005,2
2020-12-03,15:08:08,14005,14005,14005,2
2020-12-03,15:08:08,14005,14005,14005,4
2020-12-03,15:08:08,14005,14005,14005,2
2020-12-03,15:08:09,14006,14006,14006,2
2020-12-03,15:08:11,14006,14006,14006,2
2020-12-03,15:08:13,14005,14005,14005,6
2020-12-03,15:08:13,14006,14006,14006,2
2020-12-03,15:08:13,14005,14005,14005,2
2020-12-03,15:08:13,14005,14005,14005,2
2020-12-03,15:08:14,14006,14006,14006,2
2020-12-03,15:08:14,14006,14006,14006,2
2020-12-03,15:08:14,14006,14006,14006,2
2020-12-03,15:08:14,14006,14006,14006,2
2020-12-03,15:08:15,14006,14006,14006,6
2020-12-03,15:08:16,14006,14006,14006,2
2020-12-03,15:08:16,14006,14006,14006,2
2020-12-03,15:08:16,14005,14005,14005,2
2020-12-03,15:08:19,14005,14005,14005,2
2020-12-03,15:08:22,14006,14006,14006,20
2020-12-03,15:08:23,14006,14006,14006,4
2020-12-03,15:08:23,14007,14007,14007,6
2020-12-03,15:08:25,14007,14007,14007,8
2020-12-03,15:08:26,14008,14008,14008,2
2020-12-03,15:08:27,14007,14007,14007,2
2020-12-03,15:08:27,14007,14007,14007,2
2020-12-03,15:08:27,14007,14007,14007,6
2020-12-03,15:08:27,14006,14006,14006,2
2020-12-03,15:08:28,14006,14006,14006,2
2020-12-03,15:08:28,14006,14006,14006,6
2020-12-03,15:08:28,14006,14006,14006,2
2020-12-03,15:08:32,14005,14005,14005,2
2020-12-03,15:08:32,14005,14005,14005,2
2020-12-03,15:08:32,14005,14005,14005,4
2020-12-03,15:08:32,14005,14005,14005,2
2020-12-03,15:08:32,14005,14005,14005,6
2020-12-03,15:08:32,14005,14005,14005,2
2020-12-03,15:08:32,14005,14005,14005,2
2020-12-03,15:08:32,14006,14006,14006,2
2020-12-03,15:08:33,14006,14006,14006,2
2020-12-03,15:08:39,14006,14006,14006,2
2020-12-03,15:08:41,14006,14006,14006,2
2020-12-03,15:08:41,14006,14006,14006,2
2020-12-03,15:08:42,14007,14007,14007,8
2020-12-03,15:08:42,14005,14005,14005,2
2020-12-03,15:08:44,14006,14006,14006,8
2020-12-03,15:08:46,14006,14006,14006,2
2020-12-03,15:08:46,14006,14006,14006,2
2020-12-03,15:08:46,14006,14006,14006,2
2020-12-03,15:08:46,14006,14006,14006,2
2020-12-03,15:08:48,14006,14006,14006,2
2020-12-03,15:08:51,14006,14006,14006,12
2020-12-03,15:08:52,14006,14006,14006,6
2020-12-03,15:08:53,14005,14005,14005,2
2020-12-03,15:08:53,14005,14005,14005,8
2020-12-03,15:08:53,14005,14005,14005,2
2020-12-03,15:08:53,14005,14005,14005,4
2020-12-03,15:08:53,14005,14005,14005,10
2020-12-03,15:08:53,14005,14005,14005,2
2020-12-03,15:08:53,14005,14005,14005,2
2020-12-03,15:08:53,14005,14005,14005,2
2020-12-03,15:08:53,14005,14005,14005,2
2020-12-03,15:08:53,14005,14005,14005,2
2020-12-03,15:08:53,14005,14005,14005,2
2020-12-03,15:08:54,14005,14005,14005,6
2020-12-03,15:08:55,14005,14005,14005,2
2020-12-03,15:08:57,14004,14004,14004,4
2020-12-03,15:08:57,14004,14004,14004,2
2020-12-03,15:09:02,14005,14005,14005,4
2020-12-03,15:09:03,14005,14005,14005,2
2020-12-03,15:09:03,14005,14005,14005,4
2020-12-03,15:09:03,14005,14005,14005,2
2020-12-03,15:09:05,14006,14006,14006,2
2020-12-03,15:09:07,14006,14006,14006,4
2020-12-03,15:09:10,14005,14005,14005,2
2020-12-03,15:09:13,14005,14005,14005,2
2020-12-03,15:09:17,14005,14005,14005,2
2020-12-03,15:09:17,14006,14006,14006,8
2020-12-03,15:09:22,14005,14005,14005,2
2020-12-03,15:09:22,14005,14005,14005,2
2020-12-03,15:09:25,14005,14005,14005,2
2020-12-03,15:09:26,14006,14006,14006,6
2020-12-03,15:09:31,14005,14005,14005,2
2020-12-03,15:09:31,14005,14005,14005,2
2020-12-03,15:09:31,14005,14005,14005,2
2020-12-03,15:09:31,14005,14005,14005,2
2020-12-03,15:09:31,14005,14005,14005,2
2020-12-03,15:09:31,14005,14005,14005,2
2020-12-03,15:09:32,14005,14005,14005,2
2020-12-03,15:09:32,14005,14005,14005,2
2020-12-03,15:09:32,14005,14005,14005,2
2020-12-03,15:09:32,14005,14005,14005,2
2020-12-03,15:09:32,14005,14005,14005,8
2020-12-03,15:09:32,14005,14005,14005,2
2020-12-03,15:09:34,14005,14005,14005,2
2020-12-03,15:09:34,14005,14005,14005,4
2020-12-03,15:09:35,14005,14005,14005,2
2020-12-03,15:09:35,14005,14005,14005,2
2020-12-03,15:09:35,14005,14005,14005,2
2020-12-03,15:09:37,14005,14005,14005,2
2020-12-03,15:09:39,14005,14005,14005,4
2020-12-03,15:09:46,14005,14005,14005,8
2020-12-03,15:09:47,14005,14005,14005,6
2020-12-03,15:09:47,14005,14005,14005,4
2020-12-03,15:09:48,14004,14004,14004,2
2020-12-03,15:09:50,14004,14004,14004,2
2020-12-03,15:09:50,14005,14005,14005,4
2020-12-03,15:09:50,14005,14005,14005,2
2020-12-03,15:09:53,14004,14004,14004,2
2020-12-03,15:09:53,14004,14004,14004,2
2020-12-03,15:09:53,14004,14004,14004,2
2020-12-03,15:09:53,14004,14004,14004,2
2020-12-03,15:09:53,14004,14004,14004,4
2020-12-03,15:09:53,14004,14004,14004,2
2020-12-03,15:09:53,14004,14004,14004,4
2020-12-03,15:09:53,14004,14004,14004,4
2020-12-03,15:09:53,14004,14004,14004,2
2020-12-03,15:09:53,14004,14004,14004,2
2020-12-03,15:09:53,14004,14004,14004,6
2020-12-03,15:09:53,14004,14004,14004,2
2020-12-03,15:09:53,14003,14003,14003,2
2020-12-03,15:09:58,14003,14003,14003,2
2020-12-03,15:10:02,14004,14004,14004,2
2020-12-03,15:10:02,14005,14005,14005,12
2020-12-03,15:10:04,14005,14005,14005,6
2020-12-03,15:10:05,14006,14006,14006,2
2020-12-03,15:10:08,14004,14004,14004,8
2020-12-03,15:10:13,14005,14005,14005,8
2020-12-03,15:10:13,14006,14006,14006,4
2020-12-03,15:10:13,14005,14005,14005,2
2020-12-03,15:10:13,14006,14006,14006,6
2020-12-03,15:10:20,14005,14005,14005,4
2020-12-03,15:10:22,14004,14004,14004,2
2020-12-03,15:10:25,14005,14005,14005,4
2020-12-03,15:10:25,14006,14006,14006,2
2020-12-03,15:10:25,14006,14006,14006,4
2020-12-03,15:10:26,14006,14006,14006,2
2020-12-03,15:10:27,14005,14005,14005,2
2020-12-03,15:10:27,14005,14005,14005,2
2020-12-03,15:10:32,14006,14006,14006,8
2020-12-03,15:10:33,14005,14005,14005,2
2020-12-03,15:10:33,14006,14006,14006,2
2020-12-03,15:10:34,14005,14005,14005,2
2020-12-03,15:10:34,14005,14005,14005,2
2020-12-03,15:10:36,14006,14006,14006,10
2020-12-03,15:10:40,14005,14005,14005,4
2020-12-03,15:10:40,14006,14006,14006,2
2020-12-03,15:10:40,14006,14006,14006,2
2020-12-03,15:10:41,14006,14006,14006,2
2020-12-03,15:10:41,14006,14006,14006,2
2020-12-03,15:10:41,14006,14006,14006,2
2020-12-03,15:10:42,14006,14006,14006,2
2020-12-03,15:10:42,14007,14007,14007,4
2020-12-03,15:10:42,14007,14007,14007,2
2020-12-03,15:10:42,14005,14005,14005,2
2020-12-03,15:10:42,14006,14006,14006,4
2020-12-03,15:10:42,14007,14007,14007,4
2020-12-03,15:10:44,14007,14007,14007,4
2020-12-03,15:10:45,14007,14007,14007,4
2020-12-03,15:10:46,14007,14007,14007,2
2020-12-03,15:10:46,14007,14007,14007,2
2020-12-03,15:10:47,14007,14007,14007,6
2020-12-03,15:10:48,14007,14007,14007,2
2020-12-03,15:10:52,14007,14007,14007,6
2020-12-03,15:10:52,14007,14007,14007,2
2020-12-03,15:10:55,14007,14007,14007,10
2020-12-03,15:10:56,14006,14006,14006,2
2020-12-03,15:10:56,14006,14006,14006,2
2020-12-03,15:11:00,14007,14007,14007,4
2020-12-03,15:11:00,14008,14008,14008,6
2020-12-03,15:11:02,14008,14008,14008,6
2020-12-03,15:11:02,14007,14007,14007,2
2020-12-03,15:11:04,14008,14008,14008,2
2020-12-03,15:11:06,14008,14008,14008,10
2020-12-03,15:11:10,14008,14008,14008,2
2020-12-03,15:11:12,14007,14007,14007,2
2020-12-03,15:11:12,14007,14007,14007,2
2020-12-03,15:11:12,14007,14007,14007,2
2020-12-03,15:11:12,14007,14007,14007,2
2020-12-03,15:11:12,14007,14007,14007,2
2020-12-03,15:11:12,14008,14008,14008,8
2020-12-03,15:11:12,14007,14007,14007,2
2020-12-03,15:11:13,14008,14008,14008,4
2020-12-03,15:11:15,14008,14008,14008,38
2020-12-03,15:11:15,14008,14008,14008,2
2020-12-03,15:11:15,14008,14008,14008,2
2020-12-03,15:11:15,14008,14008,14008,2
2020-12-03,15:11:15,14008,14008,14008,2
2020-12-03,15:11:15,14008,14008,14008,10
2020-12-03,15:11:16,14008,14008,14008,2
2020-12-03,15:11:16,14009,14009,14009,6
2020-12-03,15:11:17,14009,14009,14009,8
2020-12-03,15:11:17,14009,14009,14009,12
2020-12-03,15:11:17,14009,14009,14009,10
2020-12-03,15:11:17,14010,14010,14010,10
2020-12-03,15:11:17,14010,14010,14010,40
2020-12-03,15:11:17,14011,14011,14011,4
2020-12-03,15:11:18,14010,14010,14010,6
2020-12-03,15:11:18,14010,14010,14010,2
2020-12-03,15:11:18,14010,14010,14010,4
2020-12-03,15:11:18,14011,14011,14011,2
2020-12-03,15:11:18,14011,14011,14011,2
2020-12-03,15:11:19,14009,14009,14009,2
2020-12-03,15:11:22,14011,14011,14011,10
2020-12-03,15:11:22,14011,14011,14011,10
2020-12-03,15:11:22,14011,14011,14011,4
2020-12-03,15:11:23,14011,14011,14011,8
2020-12-03,15:11:24,14011,14011,14011,2
2020-12-03,15:11:24,14011,14011,14011,2
2020-12-03,15:11:25,14011,14011,14011,2
2020-12-03,15:11:27,14011,14011,14011,2
2020-12-03,15:11:28,14011,14011,14011,2
2020-12-03,15:11:28,14011,14011,14011,2
2020-12-03,15:11:28,14010,14010,14010,2
2020-12-03,15:11:29,14010,14010,14010,2
2020-12-03,15:11:29,14010,14010,14010,2
2020-12-03,15:11:29,14010,14010,14010,6
2020-12-03,15:11:29,14010,14010,14010,2
2020-12-03,15:11:29,14010,14010,14010,2
2020-12-03,15:11:29,14010,14010,14010,2
2020-12-03,15:11:29,14010,14010,14010,2
2020-12-03,15:11:30,14010,14010,14010,6
2020-12-03,15:11:30,14011,14011,14011,4
2020-12-03,15:11:32,14010,14010,14010,8
2020-12-03,15:11:33,14011,14011,14011,8
2020-12-03,15:11:33,14011,14011,14011,2
2020-12-03,15:11:34,14012,14012,14012,2
2020-12-03,15:11:35,14012,14012,14012,2
2020-12-03,15:11:35,14011,14011,14011,2
2020-12-03,15:11:35,14010,14010,14010,2
2020-12-03,15:11:35,14012,14012,14012,44
2020-12-03,15:11:35,14012,14012,14012,6
2020-12-03,15:11:35,14012,14012,14012,2
2020-12-03,15:11:35,14013,14013,14013,2
2020-12-03,15:11:37,14013,14013,14013,6
2020-12-03,15:11:37,14012,14012,14012,2
2020-12-03,15:11:37,14012,14012,14012,2
2020-12-03,15:11:39,14011,14011,14011,2
2020-12-03,15:11:39,14011,14011,14011,6
2020-12-03,15:11:39,14012,14012,14012,4
2020-12-03,15:11:40,14012,14012,14012,8
2020-12-03,15:11:42,14012,14012,14012,2
2020-12-03,15:11:43,14012,14012,14012,6
2020-12-03,15:11:44,14012,14012,14012,2
2020-12-03,15:11:44,14012,14012,14012,2
2020-12-03,15:11:45,14012,14012,14012,2
2020-12-03,15:11:45,14012,14012,14012,2
2020-12-03,15:11:48,14013,14013,14013,2
2020-12-03,15:11:49,14013,14013,14013,2
2020-12-03,15:11:51,14012,14012,14012,2
2020-12-03,15:11:52,14013,14013,14013,10
2020-12-03,15:11:52,14012,14012,14012,2
2020-12-03,15:11:53,14013,14013,14013,12
2020-12-03,15:11:54,14013,14013,14013,6
2020-12-03,15:11:54,14013,14013,14013,2
2020-12-03,15:11:55,14013,14013,14013,2
2020-12-03,15:11:55,14013,14013,14013,2
2020-12-03,15:11:56,14013,14013,14013,4
2020-12-03,15:11:56,14013,14013,14013,2
2020-12-03,15:11:57,14013,14013,14013,2
2020-12-03,15:11:57,14013,14013,14013,2
2020-12-03,15:11:59,14014,14014,14014,2
2020-12-03,15:11:59,14014,14014,14014,10
2020-12-03,15:11:59,14014,14014,14014,2
2020-12-03,15:11:59,14013,14013,14013,2
2020-12-03,15:12:00,14014,14014,14014,2
2020-12-03,15:12:01,14013,14013,14013,2
2020-12-03,15:12:01,14014,14014,14014,2
2020-12-03,15:12:01,14014,14014,14014,2
2020-12-03,15:12:01,14014,14014,14014,12
2020-12-03,15:12:02,14014,14014,14014,14
2020-12-03,15:12:02,14015,14015,14015,2
2020-12-03,15:12:02,14015,14015,14015,2
2020-12-03,15:12:02,14015,14015,14015,4
2020-12-03,15:12:03,14014,14014,14014,2
2020-12-03,15:12:06,14014,14014,14014,4
2020-12-03,15:12:07,14014,14014,14014,2
2020-12-03,15:12:07,14014,14014,14014,2
2020-12-03,15:12:07,14014,14014,14014,4
2020-12-03,15:12:07,14014,14014,14014,4
2020-12-03,15:12:07,14014,14014,14014,10
2020-12-03,15:12:07,14014,14014,14014,2
2020-12-03,15:12:07,14013,14013,14013,2
2020-12-03,15:12:08,14014,14014,14014,8
2020-12-03,15:12:08,14014,14014,14014,2
2020-12-03,15:12:09,14014,14014,14014,2
2020-12-03,15:12:09,14014,14014,14014,2
2020-12-03,15:12:10,14013,14013,14013,2
2020-12-03,15:12:10,14013,14013,14013,6
2020-12-03,15:12:10,14013,14013,14013,6
2020-12-03,15:12:10,14013,14013,14013,4
2020-12-03,15:12:10,14013,14013,14013,4
2020-12-03,15:12:10,14013,14013,14013,2
2020-12-03,15:12:10,14013,14013,14013,2
2020-12-03,15:12:10,14013,14013,14013,2
2020-12-03,15:12:10,14013,14013,14013,4
2020-12-03,15:12:11,14012,14012,14012,2
2020-12-03,15:12:11,14013,14013,14013,4
2020-12-03,15:12:11,14012,14012,14012,28
2020-12-03,15:12:11,14012,14012,14012,2
2020-12-03,15:12:11,14012,14012,14012,2
2020-12-03,15:12:11,14012,14012,14012,4
2020-12-03,15:12:11,14012,14012,14012,2
2020-12-03,15:12:12,14012,14012,14012,2
2020-12-03,15:12:18,14011,14011,14011,2
2020-12-03,15:12:18,14011,14011,14011,4
2020-12-03,15:12:18,14011,14011,14011,4
2020-12-03,15:12:18,14011,14011,14011,2
2020-12-03,15:12:18,14011,14011,14011,4
2020-12-03,15:12:18,14011,14011,14011,2
2020-12-03,15:12:19,14012,14012,14012,2
2020-12-03,15:12:20,14012,14012,14012,12
2020-12-03,15:12:20,14012,14012,14012,2
2020-12-03,15:12:26,14011,14011,14011,2
2020-12-03,15:12:28,14011,14011,14011,2
2020-12-03,15:12:29,14012,14012,14012,4
2020-12-03,15:12:31,14012,14012,14012,2
2020-12-03,15:12:32,14012,14012,14012,4
2020-12-03,15:12:33,14012,14012,14012,2
2020-12-03,15:12:34,14012,14012,14012,2
2020-12-03,15:12:34,14012,14012,14012,4
2020-12-03,15:12:35,14011,14011,14011,2
2020-12-03,15:12:35,14011,14011,14011,4
2020-12-03,15:12:37,14010,14010,14010,2
2020-12-03,15:12:39,14011,14011,14011,2
2020-12-03,15:12:40,14011,14011,14011,2
2020-12-03,15:12:40,14010,14010,14010,2
2020-12-03,15:12:41,14010,14010,14010,2
2020-12-03,15:12:43,14011,14011,14011,4
2020-12-03,15:12:46,14010,14010,14010,2
2020-12-03,15:12:47,14011,14011,14011,2
2020-12-03,15:12:47,14011,14011,14011,2
2020-12-03,15:12:50,14012,14012,14012,6
2020-12-03,15:12:52,14011,14011,14011,2
2020-12-03,15:12:56,14010,14010,14010,2
2020-12-03,15:13:02,14011,14011,14011,2
2020-12-03,15:13:03,14012,14012,14012,4
2020-12-03,15:13:03,14010,14010,14010,2
2020-12-03,15:13:03,14012,14012,14012,2
2020-12-03,15:13:05,14010,14010,14010,2
2020-12-03,15:13:05,14010,14010,14010,2
2020-12-03,15:13:05,14010,14010,14010,2
2020-12-03,15:13:05,14010,14010,14010,2
2020-12-03,15:13:05,14010,14010,14010,2
2020-12-03,15:13:05,14010,14010,14010,2
2020-12-03,15:13:05,14010,14010,14010,2
2020-12-03,15:13:05,14010,14010,14010,2
2020-12-03,15:13:05,14010,14010,14010,2
2020-12-03,15:13:05,14010,14010,14010,2
2020-12-03,15:13:07,14010,14010,14010,2
2020-12-03,15:13:10,14009,14009,14009,2
2020-12-03,15:13:11,14010,14010,14010,2
2020-12-03,15:13:14,14010,14010,14010,4
2020-12-03,15:13:15,14009,14009,14009,2
2020-12-03,15:13:19,14009,14009,14009,2
2020-12-03,15:13:20,14010,14010,14010,2
2020-12-03,15:13:20,14011,14011,14011,4
2020-12-03,15:13:25,14011,14011,14011,8
2020-12-03,15:13:25,14010,14010,14010,8
2020-12-03,15:13:25,14010,14010,14010,2
2020-12-03,15:13:25,14009,14009,14009,2
2020-12-03,15:13:25,14009,14009,14009,2
2020-12-03,15:13:25,14009,14009,14009,2
2020-12-03,15:13:25,14009,14009,14009,4
2020-12-03,15:13:25,14009,14009,14009,2
2020-12-03,15:13:25,14009,14009,14009,2
2020-12-03,15:13:25,14009,14009,14009,2
2020-12-03,15:13:25,14009,14009,14009,2
2020-12-03,15:13:25,14009,14009,14009,10
2020-12-03,15:13:25,14008,14008,14008,2
2020-12-03,15:13:25,14008,14008,14008,2
2020-12-03,15:13:25,14008,14008,14008,2
2020-12-03,15:13:25,14008,14008,14008,2
2020-12-03,15:13:25,14008,14008,14008,2
2020-12-03,15:13:25,14008,14008,14008,2
2020-12-03,15:13:25,14008,14008,14008,2
2020-12-03,15:13:25,14008,14008,14008,4
2020-12-03,15:13:25,14008,14008,14008,2
2020-12-03,15:13:25,14008,14008,14008,2
2020-12-03,15:13:25,14008,14008,14008,2
2020-12-03,15:13:26,14010,14010,14010,2
2020-12-03,15:13:30,14009,14009,14009,4
2020-12-03,15:13:30,14008,14008,14008,2
2020-12-03,15:13:31,14009,14009,14009,2
2020-12-03,15:13:32,14008,14008,14008,2
2020-12-03,15:13:32,14010,14010,14010,4
2020-12-03,15:13:35,14010,14010,14010,8
2020-12-03,15:13:38,14009,14009,14009,2
2020-12-03,15:13:44,14009,14009,14009,6
2020-12-03,15:13:45,14008,14008,14008,2
2020-12-03,15:13:45,14009,14009,14009,2
2020-12-03,15:13:48,14008,14008,14008,2
2020-12-03,15:13:51,14008,14008,14008,2
2020-12-03,15:13:51,14008,14008,14008,2
2020-12-03,15:13:53,14008,14008,14008,2
2020-12-03,15:13:53,14008,14008,14008,2
2020-12-03,15:13:54,14007,14007,14007,2
2020-12-03,15:13:56,14008,14008,14008,2
2020-12-03,15:14:01,14008,14008,14008,4
2020-12-03,15:14:02,14008,14008,14008,2
2020-12-03,15:14:03,14007,14007,14007,4
2020-12-03,15:14:08,14007,14007,14007,4
2020-12-03,15:14:08,14007,14007,14007,2
2020-12-03,15:14:08,14007,14007,14007,2
2020-12-03,15:14:08,14007,14007,14007,2
2020-12-03,15:14:08,14007,14007,14007,2
2020-12-03,15:14:08,14007,14007,14007,2
2020-12-03,15:14:08,14007,14007,14007,2
2020-12-03,15:14:08,14007,14007,14007,4
2020-12-03,15:14:08,14007,14007,14007,4
2020-12-03,15:14:09,14007,14007,14007,4
2020-12-03,15:14:11,14006,14006,14006,2
2020-12-03,15:14:12,14006,14006,14006,2
2020-12-03,15:14:13,14006,14006,14006,2
2020-12-03,15:14:13,14006,14006,14006,2
2020-12-03,15:14:15,14007,14007,14007,2
2020-12-03,15:14:17,14007,14007,14007,2
2020-12-03,15:14:17,14006,14006,14006,2
2020-12-03,15:14:17,14006,14006,14006,2
2020-12-03,15:14:20,14006,14006,14006,2
2020-12-03,15:14:21,14007,14007,14007,2
2020-12-03,15:14:28,14006,14006,14006,2
2020-12-03,15:14:28,14006,14006,14006,2
2020-12-03,15:14:28,14006,14006,14006,2
2020-12-03,15:14:28,14006,14006,14006,2
2020-12-03,15:14:28,14006,14006,14006,2
2020-12-03,15:14:28,14006,14006,14006,2
2020-12-03,15:14:28,14006,14006,14006,2
2020-12-03,15:14:28,14006,14006,14006,4
2020-12-03,15:14:28,14006,14006,14006,4
2020-12-03,15:14:36,14006,14006,14006,4
2020-12-03,15:14:36,14006,14006,14006,2
2020-12-03,15:14:37,14005,14005,14005,2
2020-12-03,15:14:39,14006,14006,14006,2
2020-12-03,15:14:41,14005,14005,14005,2
2020-12-03,15:14:44,14005,14005,14005,4
2020-12-03,15:14:47,14005,14005,14005,2
2020-12-03,15:14:48,14005,14005,14005,10
2020-12-03,15:14:48,14005,14005,14005,2
2020-12-03,15:14:48,14005,14005,14005,2
2020-12-03,15:14:48,14005,14005,14005,2
2020-12-03,15:14:48,14005,14005,14005,2
2020-12-03,15:14:48,14005,14005,14005,2
2020-12-03,15:14:48,14005,14005,14005,2
2020-12-03,15:14:48,14005,14005,14005,2
2020-12-03,15:14:48,14005,14005,14005,2
2020-12-03,15:14:48,14005,14005,14005,4
2020-12-03,15:14:48,14005,14005,14005,4
2020-12-03,15:14:55,14005,14005,14005,2
2020-12-03,15:14:56,14006,14006,14006,2
2020-12-03,15:14:58,14006,14006,14006,6
2020-12-03,15:15:00,14006,14006,14006,8
2020-12-03,15:15:00,14006,14006,14006,6
2020-12-03,15:15:01,14007,14007,14007,8
2020-12-03,15:15:01,14007,14007,14007,4
2020-12-03,15:15:01,14007,14007,14007,2
2020-12-03,15:15:01,14007,14007,14007,2
2020-12-03,15:15:02,14008,14008,14008,4
2020-12-03,15:15:02,14008,14008,14008,4
2020-12-03,15:15:09,14008,14008,14008,6
2020-12-03,15:15:09,14008,14008,14008,6
2020-12-03,15:15:09,14008,14008,14008,2
2020-12-03,15:15:12,14007,14007,14007,2
2020-12-03,15:15:14,14009,14009,14009,2
2020-12-03,15:15:14,14007,14007,14007,2
2020-12-03,15:15:14,14007,14007,14007,2
2020-12-03,15:15:17,14007,14007,14007,2
2020-12-03,15:15:19,14007,14007,14007,2
2020-12-03,15:15:21,14007,14007,14007,4
2020-12-03,15:15:26,14008,14008,14008,2
2020-12-03,15:15:28,14007,14007,14007,2
2020-12-03,15:15:33,14008,14008,14008,4
2020-12-03,15:15:33,14008,14008,14008,6
2020-12-03,15:15:33,14008,14008,14008,2
2020-12-03,15:15:43,14009,14009,14009,6
2020-12-03,15:15:44,14008,14008,14008,2
2020-12-03,15:15:52,14009,14009,14009,4
2020-12-03,15:15:53,14008,14008,14008,2
2020-12-03,15:15:54,14008,14008,14008,2
2020-12-03,15:15:54,14008,14008,14008,2
2020-12-03,15:15:56,14008,14008,14008,2
2020-12-03,15:15:57,14008,14008,14008,2
2020-12-03,15:16:00,14008,14008,14008,2
2020-12-03,15:16:03,14008,14008,14008,2
2020-12-03,15:16:03,14008,14008,14008,2
2020-12-03,15:16:07,14008,14008,14008,2
2020-12-03,15:16:08,14008,14008,14008,2
2020-12-03,15:16:09,14007,14007,14007,2
2020-12-03,15:16:09,14007,14007,14007,4
2020-12-03,15:16:09,14007,14007,14007,2
2020-12-03,15:16:09,14007,14007,14007,4
2020-12-03,15:16:09,14007,14007,14007,2
2020-12-03,15:16:09,14007,14007,14007,2
2020-12-03,15:16:09,14007,14007,14007,2
2020-12-03,15:16:11,14008,14008,14008,4
2020-12-03,15:16:21,14008,14008,14008,2
2020-12-03,15:16:29,14008,14008,14008,2
2020-12-03,15:16:32,14008,14008,14008,2
2020-12-03,15:16:33,14008,14008,14008,2
2020-12-03,15:16:34,14008,14008,14008,2
2020-12-03,15:16:34,14008,14008,14008,2
2020-12-03,15:16:34,14007,14007,14007,2
2020-12-03,15:16:35,14007,14007,14007,2
2020-12-03,15:16:36,14007,14007,14007,2
2020-12-03,15:16:44,14008,14008,14008,12
2020-12-03,15:16:44,14008,14008,14008,2
2020-12-03,15:16:45,14008,14008,14008,4
2020-12-03,15:16:47,14008,14008,14008,2
2020-12-03,15:16:52,14008,14008,14008,4
2020-12-03,15:16:52,14007,14007,14007,2
2020-12-03,15:16:52,14007,14007,14007,4
2020-12-03,15:16:55,14007,14007,14007,8
2020-12-03,15:16:55,14008,14008,14008,14
2020-12-03,15:16:55,14008,14008,14008,32
2020-12-03,15:17:00,14009,14009,14009,34
2020-12-03,15:17:01,14010,14010,14010,2
2020-12-03,15:17:04,14010,14010,14010,2
2020-12-03,15:17:08,14010,14010,14010,8
2020-12-03,15:17:11,14010,14010,14010,4
2020-12-03,15:17:15,14010,14010,14010,32
2020-12-03,15:17:15,14011,14011,14011,14
2020-12-03,15:17:16,14011,14011,14011,12
2020-12-03,15:17:18,14012,14012,14012,2
2020-12-03,15:17:18,14012,14012,14012,2
2020-12-03,15:17:19,14012,14012,14012,2
2020-12-03,15:17:19,14012,14012,14012,2
2020-12-03,15:17:19,14012,14012,14012,6
2020-12-03,15:17:19,14011,14011,14011,2
2020-12-03,15:17:20,14012,14012,14012,14
2020-12-03,15:17:20,14012,14012,14012,2
2020-12-03,15:17:22,14012,14012,14012,2
2020-12-03,15:17:23,14012,14012,14012,2
2020-12-03,15:17:23,14012,14012,14012,4
2020-12-03,15:17:24,14012,14012,14012,4
2020-12-03,15:17:24,14012,14012,14012,16
2020-12-03,15:17:26,14011,14011,14011,4
2020-12-03,15:17:27,14012,14012,14012,4
2020-12-03,15:17:27,14012,14012,14012,2
2020-12-03,15:17:28,14012,14012,14012,2
2020-12-03,15:17:28,14012,14012,14012,4
2020-12-03,15:17:29,14012,14012,14012,16
2020-12-03,15:17:29,14013,14013,14013,16
2020-12-03,15:17:30,14013,14013,14013,4
2020-12-03,15:17:37,14012,14012,14012,2
2020-12-03,15:17:38,14012,14012,14012,4
2020-12-03,15:17:39,14013,14013,14013,2
2020-12-03,15:17:40,14012,14012,14012,2
2020-12-03,15:17:42,14012,14012,14012,2
2020-12-03,15:17:43,14013,14013,14013,2
2020-12-03,15:17:44,14012,14012,14012,2
2020-12-03,15:17:44,14012,14012,14012,2
2020-12-03,15:17:44,14013,14013,14013,2
2020-12-03,15:17:45,14012,14012,14012,2
2020-12-03,15:17:47,14012,14012,14012,2
2020-12-03,15:17:47,14012,14012,14012,10
2020-12-03,15:17:48,14012,14012,14012,4
2020-12-03,15:17:50,14012,14012,14012,2
2020-12-03,15:17:51,14011,14011,14011,4
2020-12-03,15:17:51,14011,14011,14011,2
2020-12-03,15:17:52,14011,14011,14011,2
2020-12-03,15:17:54,14010,14010,14010,2
2020-12-03,15:17:54,14010,14010,14010,6
2020-12-03,15:17:54,14010,14010,14010,2
2020-12-03,15:17:54,14011,14011,14011,2
2020-12-03,15:17:57,14010,14010,14010,4
2020-12-03,15:17:57,14010,14010,14010,4
2020-12-03,15:17:58,14010,14010,14010,2
2020-12-03,15:17:59,14010,14010,14010,2
2020-12-03,15:17:59,14011,14011,14011,2
2020-12-03,15:17:59,14011,14011,14011,4
2020-12-03,15:17:59,14009,14009,14009,4
2020-12-03,15:17:59,14009,14009,14009,2
2020-12-03,15:17:59,14009,14009,14009,2
2020-12-03,15:17:59,14009,14009,14009,2
2020-12-03,15:17:59,14008,14008,14008,2
2020-12-03,15:17:59,14008,14008,14008,2
2020-12-03,15:17:59,14008,14008,14008,10
2020-12-03,15:18:00,14009,14009,14009,2
2020-12-03,15:18:04,14008,14008,14008,2
2020-12-03,15:18:05,14009,14009,14009,2
2020-12-03,15:18:07,14010,14010,14010,4
2020-12-03,15:18:09,14009,14009,14009,8
2020-12-03,15:18:09,14009,14009,14009,2
2020-12-03,15:18:12,14010,14010,14010,2
2020-12-03,15:18:13,14009,14009,14009,2
2020-12-03,15:18:14,14010,14010,14010,4
2020-12-03,15:18:15,14009,14009,14009,4
2020-12-03,15:18:15,14009,14009,14009,2
2020-12-03,15:18:15,14009,14009,14009,2
2020-12-03,15:18:15,14008,14008,14008,2
2020-12-03,15:18:15,14008,14008,14008,2
2020-12-03,15:18:15,14008,14008,14008,2
2020-12-03,15:18:15,14008,14008,14008,4
2020-12-03,15:18:15,14008,14008,14008,2
2020-12-03,15:18:16,14009,14009,14009,4
2020-12-03,15:18:16,14009,14009,14009,4
2020-12-03,15:18:16,14010,14010,14010,2
2020-12-03,15:18:16,14010,14010,14010,2
2020-12-03,15:18:17,14009,14009,14009,2
2020-12-03,15:18:23,14010,14010,14010,2
2020-12-03,15:18:24,14010,14010,14010,4
2020-12-03,15:18:27,14009,14009,14009,6
2020-12-03,15:18:27,14009,14009,14009,2
2020-12-03,15:18:27,14009,14009,14009,2
2020-12-03,15:18:27,14010,14010,14010,2
2020-12-03,15:18:27,14010,14010,14010,2
2020-12-03,15:18:28,14011,14011,14011,2
2020-12-03,15:18:29,14010,14010,14010,2
2020-12-03,15:18:29,14011,14011,14011,2
2020-12-03,15:18:30,14010,14010,14010,2
2020-12-03,15:18:35,14010,14010,14010,4
2020-12-03,15:18:35,14010,14010,14010,2
2020-12-03,15:18:36,14011,14011,14011,6
2020-12-03,15:18:39,14011,14011,14011,2
2020-12-03,15:18:52,14008,14008,14008,2
2020-12-03,15:18:52,14008,14008,14008,2
2020-12-03,15:18:52,14008,14008,14008,2
2020-12-03,15:18:57,14008,14008,14008,6
2020-12-03,15:18:57,14008,14008,14008,34
2020-12-03,15:18:59,14009,14009,14009,2
2020-12-03,15:19:02,14008,14008,14008,2
2020-12-03,15:19:03,14007,14007,14007,2
2020-12-03,15:19:03,14009,14009,14009,2
2020-12-03,15:19:10,14007,14007,14007,2
2020-12-03,15:19:10,14007,14007,14007,2
2020-12-03,15:19:11,14008,14008,14008,2
2020-12-03,15:19:15,14008,14008,14008,2
2020-12-03,15:19:16,14007,14007,14007,2
2020-12-03,15:19:16,14007,14007,14007,2
2020-12-03,15:19:16,14007,14007,14007,2
2020-12-03,15:19:16,14007,14007,14007,2
2020-12-03,15:19:16,14007,14007,14007,2
2020-12-03,15:19:19,14007,14007,14007,2
2020-12-03,15:19:19,14007,14007,14007,2
2020-12-03,15:19:24,14007,14007,14007,2
2020-12-03,15:19:26,14006,14006,14006,2
2020-12-03,15:19:26,14006,14006,14006,2
2020-12-03,15:19:26,14006,14006,14006,2
2020-12-03,15:19:26,14006,14006,14006,2
2020-12-03,15:19:26,14006,14006,14006,2
2020-12-03,15:19:26,14006,14006,14006,2
2020-12-03,15:19:27,14006,14006,14006,2
2020-12-03,15:19:27,14006,14006,14006,2
2020-12-03,15:19:28,14006,14006,14006,2
2020-12-03,15:19:29,14006,14006,14006,2
2020-12-03,15:19:29,14005,14005,14005,2
2020-12-03,15:19:29,14005,14005,14005,2
2020-12-03,15:19:29,14005,14005,14005,2
2020-12-03,15:19:29,14005,14005,14005,2
2020-12-03,15:19:29,14005,14005,14005,2
2020-12-03,15:19:29,14005,14005,14005,2
2020-12-03,15:19:31,14006,14006,14006,8
2020-12-03,15:19:31,14005,14005,14005,2
2020-12-03,15:19:37,14005,14005,14005,2
2020-12-03,15:19:38,14005,14005,14005,2
2020-12-03,15:19:38,14005,14005,14005,2
2020-12-03,15:19:39,14005,14005,14005,2
2020-12-03,15:19:39,14005,14005,14005,4
2020-12-03,15:19:41,14004,14004,14004,2
2020-12-03,15:19:41,14004,14004,14004,2
2020-12-03,15:19:42,14004,14004,14004,2
2020-12-03,15:19:42,14004,14004,14004,2
2020-12-03,15:19:42,14004,14004,14004,4
2020-12-03,15:19:45,14005,14005,14005,2
2020-12-03,15:19:48,14004,14004,14004,2
2020-12-03,15:19:50,14004,14004,14004,2
2020-12-03,15:19:54,14004,14004,14004,2
2020-12-03,15:19:54,14004,14004,14004,2
2020-12-03,15:19:58,14005,14005,14005,4
2020-12-03,15:19:59,14004,14004,14004,2
2020-12-03,15:19:59,14004,14004,14004,2
2020-12-03,15:20:00,14004,14004,14004,2
2020-12-03,15:20:00,14004,14004,14004,2
2020-12-03,15:20:01,14005,14005,14005,4
2020-12-03,15:20:09,14005,14005,14005,2
2020-12-03,15:20:09,14005,14005,14005,8
2020-12-03,15:20:09,14005,14005,14005,8
2020-12-03,15:20:10,14007,14007,14007,4
2020-12-03,15:20:10,14007,14007,14007,2
2020-12-03,15:20:10,14007,14007,14007,2
2020-12-03,15:20:19,14007,14007,14007,6
2020-12-03,15:20:19,14007,14007,14007,2
2020-12-03,15:20:22,14008,14008,14008,2
2020-12-03,15:20:29,14008,14008,14008,6
2020-12-03,15:20:30,14009,14009,14009,4
2020-12-03,15:20:30,14008,14008,14008,8
2020-12-03,15:20:30,14008,14008,14008,2
2020-12-03,15:20:31,14008,14008,14008,2
2020-12-03,15:20:31,14008,14008,14008,2
2020-12-03,15:20:37,14008,14008,14008,4
2020-12-03,15:20:39,14009,14009,14009,6
2020-12-03,15:20:41,14009,14009,14009,4
2020-12-03,15:20:45,14010,14010,14010,10
2020-12-03,15:20:47,14010,14010,14010,2
2020-12-03,15:20:48,14010,14010,14010,2
2020-12-03,15:20:48,14011,14011,14011,2
2020-12-03,15:20:49,14011,14011,14011,8
2020-12-03,15:20:51,14010,14010,14010,2
2020-12-03,15:20:54,14010,14010,14010,2
2020-12-03,15:20:56,14011,14011,14011,2
2020-12-03,15:20:57,14011,14011,14011,6
2020-12-03,15:20:57,14011,14011,14011,2
2020-12-03,15:20:57,14011,14011,14011,2
2020-12-03,15:20:57,14011,14011,14011,2
2020-12-03,15:21:02,14011,14011,14011,2
2020-12-03,15:21:02,14011,14011,14011,2
2020-12-03,15:21:02,14011,14011,14011,2
2020-12-03,15:21:06,14011,14011,14011,2
2020-12-03,15:21:06,14011,14011,14011,2
2020-12-03,15:21:06,14012,14012,14012,2
2020-12-03,15:21:06,14012,14012,14012,2
2020-12-03,15:21:06,14012,14012,14012,2
2020-12-03,15:21:06,14012,14012,14012,2
2020-12-03,15:21:06,14011,14011,14011,4
2020-12-03,15:21:06,14011,14011,14011,2
2020-12-03,15:21:07,14012,14012,14012,8
2020-12-03,15:21:07,14012,14012,14012,4
2020-12-03,15:21:07,14012,14012,14012,2
2020-12-03,15:21:08,14011,14011,14011,2
2020-12-03,15:21:08,14011,14011,14011,2
2020-12-03,15:21:15,14011,14011,14011,2
2020-12-03,15:21:17,14011,14011,14011,2
2020-12-03,15:21:17,14011,14011,14011,2
2020-12-03,15:21:17,14011,14011,14011,2
2020-12-03,15:21:17,14011,14011,14011,2
2020-12-03,15:21:18,14011,14011,14011,2
2020-12-03,15:21:18,14011,14011,14011,2
2020-12-03,15:21:18,14011,14011,14011,2
2020-12-03,15:21:18,14011,14011,14011,2
2020-12-03,15:21:18,14012,14012,14012,2
2020-12-03,15:21:18,14012,14012,14012,2
2020-12-03,15:21:18,14012,14012,14012,2
2020-12-03,15:21:18,14012,14012,14012,2
2020-12-03,15:21:18,14012,14012,14012,2
2020-12-03,15:21:18,14012,14012,14012,2
2020-12-03,15:21:18,14012,14012,14012,2
2020-12-03,15:21:18,14012,14012,14012,2
2020-12-03,15:21:19,14011,14011,14011,2
2020-12-03,15:21:19,14011,14011,14011,4
2020-12-03,15:21:19,14011,14011,14011,2
2020-12-03,15:21:20,14012,14012,14012,2
2020-12-03,15:21:22,14012,14012,14012,2
2020-12-03,15:21:23,14012,14012,14012,4
2020-12-03,15:21:24,14012,14012,14012,6
2020-12-03,15:21:35,14012,14012,14012,8
2020-12-03,15:21:37,14012,14012,14012,2
2020-12-03,15:21:37,14012,14012,14012,2
2020-12-03,15:21:37,14012,14012,14012,2
2020-12-03,15:21:37,14012,14012,14012,6
2020-12-03,15:21:37,14012,14012,14012,4
2020-12-03,15:21:40,14011,14011,14011,2
2020-12-03,15:21:40,14012,14012,14012,2
2020-12-03,15:21:41,14012,14012,14012,2
2020-12-03,15:21:42,14011,14011,14011,2
2020-12-03,15:21:45,14012,14012,14012,6
2020-12-03,15:21:47,14012,14012,14012,2
2020-12-03,15:21:48,14012,14012,14012,8
2020-12-03,15:21:49,14011,14011,14011,2
2020-12-03,15:21:49,14011,14011,14011,2
2020-12-03,15:21:51,14011,14011,14011,4
2020-12-03,15:21:51,14011,14011,14011,2
2020-12-03,15:21:55,14011,14011,14011,2
2020-12-03,15:21:55,14011,14011,14011,2
2020-12-03,15:21:55,14011,14011,14011,4
2020-12-03,15:21:55,14011,14011,14011,2
2020-12-03,15:21:55,14011,14011,14011,2
2020-12-03,15:21:55,14011,14011,14011,2
2020-12-03,15:21:55,14011,14011,14011,4
2020-12-03,15:21:59,14010,14010,14010,4
2020-12-03,15:22:00,14010,14010,14010,2
2020-12-03,15:22:00,14010,14010,14010,2
2020-12-03,15:22:00,14010,14010,14010,6
2020-12-03,15:22:00,14010,14010,14010,2
2020-12-03,15:22:00,14010,14010,14010,4
2020-12-03,15:22:00,14010,14010,14010,2
2020-12-03,15:22:00,14010,14010,14010,2
2020-12-03,15:22:00,14010,14010,14010,4
2020-12-03,15:22:01,14009,14009,14009,4
2020-12-03,15:22:01,14009,14009,14009,2
2020-12-03,15:22:02,14008,14008,14008,2
2020-12-03,15:22:02,14009,14009,14009,2
2020-12-03,15:22:04,14008,14008,14008,4
2020-12-03,15:22:08,14008,14008,14008,4
2020-12-03,15:22:10,14009,14009,14009,2
2020-12-03,15:22:10,14008,14008,14008,2
2020-12-03,15:22:10,14008,14008,14008,2
2020-12-03,15:22:10,14009,14009,14009,2
2020-12-03,15:22:12,14008,14008,14008,2
2020-12-03,15:22:19,14008,14008,14008,2
2020-12-03,15:22:19,14009,14009,14009,4
2020-12-03,15:22:20,14009,14009,14009,2
2020-12-03,15:22:23,14009,14009,14009,2
2020-12-03,15:22:25,14009,14009,14009,4
2020-12-03,15:22:26,14008,14008,14008,2
2020-12-03,15:22:26,14008,14008,14008,4
2020-12-03,15:22:26,14008,14008,14008,2
2020-12-03,15:22:26,14008,14008,14008,2
2020-12-03,15:22:26,14008,14008,14008,2
2020-12-03,15:22:38,14009,14009,14009,6
2020-12-03,15:22:39,14010,14010,14010,2
2020-12-03,15:22:47,14010,14010,14010,2
2020-12-03,15:22:48,14010,14010,14010,8
2020-12-03,15:22:51,14008,14008,14008,2
2020-12-03,15:22:55,14008,14008,14008,4
2020-12-03,15:22:57,14008,14008,14008,2
2020-12-03,15:22:57,14009,14009,14009,4
2020-12-03,15:23:00,14009,14009,14009,2
2020-12-03,15:23:01,14008,14008,14008,2
2020-12-03,15:23:01,14008,14008,14008,2
2020-12-03,15:23:01,14008,14008,14008,2
2020-12-03,15:23:01,14008,14008,14008,2
2020-12-03,15:23:01,14008,14008,14008,2
2020-12-03,15:23:05,14007,14007,14007,4
2020-12-03,15:23:05,14007,14007,14007,2
2020-12-03,15:23:05,14007,14007,14007,2
2020-12-03,15:23:07,14007,14007,14007,2
2020-12-03,15:23:08,14007,14007,14007,2
2020-12-03,15:23:15,14006,14006,14006,2
2020-12-03,15:23:15,14006,14006,14006,2
2020-12-03,15:23:18,14007,14007,14007,2
2020-12-03,15:23:18,14008,14008,14008,2
2020-12-03,15:23:21,14006,14006,14006,2
2020-12-03,15:23:21,14006,14006,14006,2
2020-12-03,15:23:24,14007,14007,14007,4
2020-12-03,15:23:28,14006,14006,14006,2
2020-12-03,15:23:34,14007,14007,14007,4
2020-12-03,15:23:34,14007,14007,14007,4
2020-12-03,15:23:35,14007,14007,14007,4
2020-12-03,15:23:35,14007,14007,14007,2
2020-12-03,15:23:43,14008,14008,14008,8
2020-12-03,15:23:47,14007,14007,14007,2
2020-12-03,15:23:49,14006,14006,14006,2
2020-12-03,15:23:50,14006,14006,14006,2
2020-12-03,15:23:50,14006,14006,14006,2
2020-12-03,15:23:51,14006,14006,14006,2
2020-12-03,15:23:51,14006,14006,14006,2
2020-12-03,15:24:00,14008,14008,14008,6
2020-12-03,15:24:00,14008,14008,14008,4
2020-12-03,15:24:00,14008,14008,14008,4
2020-12-03,15:24:05,14007,14007,14007,2
2020-12-03,15:24:09,14007,14007,14007,2
2020-12-03,15:24:10,14007,14007,14007,4
2020-12-03,15:24:12,14007,14007,14007,2
2020-12-03,15:24:20,14007,14007,14007,4
2020-12-03,15:24:21,14007,14007,14007,2
2020-12-03,15:24:23,14007,14007,14007,2
2020-12-03,15:24:23,14008,14008,14008,2
2020-12-03,15:24:26,14007,14007,14007,2
2020-12-03,15:24:26,14008,14008,14008,2
2020-12-03,15:24:27,14006,14006,14006,2
2020-12-03,15:24:30,14007,14007,14007,6
2020-12-03,15:24:41,14008,14008,14008,6
2020-12-03,15:24:41,14008,14008,14008,20
2020-12-03,15:24:44,14007,14007,14007,2
2020-12-03,15:24:45,14007,14007,14007,2
2020-12-03,15:24:45,14008,14008,14008,2
2020-12-03,15:24:49,14008,14008,14008,2
2020-12-03,15:24:51,14009,14009,14009,8
2020-12-03,15:25:01,14009,14009,14009,4
2020-12-03,15:25:01,14008,14008,14008,2
2020-12-03,15:25:01,14009,14009,14009,10
2020-12-03,15:25:01,14009,14009,14009,2
2020-12-03,15:25:02,14007,14007,14007,2
2020-12-03,15:25:03,14009,14009,14009,2
2020-12-03,15:25:11,14008,14008,14008,8
2020-12-03,15:25:14,14008,14008,14008,2
2020-12-03,15:25:21,14008,14008,14008,4
2020-12-03,15:25:31,14008,14008,14008,2
2020-12-03,15:25:32,14008,14008,14008,2
2020-12-03,15:25:33,14009,14009,14009,6
2020-12-03,15:25:36,14009,14009,14009,2
2020-12-03,15:25:36,14008,14008,14008,2
2020-12-03,15:25:38,14008,14008,14008,2
2020-12-03,15:25:42,14007,14007,14007,2
2020-12-03,15:25:46,14008,14008,14008,2
2020-12-03,15:25:47,14009,14009,14009,8
2020-12-03,15:25:52,14007,14007,14007,2
2020-12-03,15:25:54,14007,14007,14007,2
2020-12-03,15:25:54,14007,14007,14007,2
2020-12-03,15:25:54,14007,14007,14007,2
2020-12-03,15:25:54,14007,14007,14007,2
2020-12-03,15:25:54,14007,14007,14007,2
2020-12-03,15:25:54,14007,14007,14007,2
2020-12-03,15:25:54,14007,14007,14007,2
2020-12-03,15:25:54,14007,14007,14007,2
2020-12-03,15:25:54,14006,14006,14006,2
2020-12-03,15:25:55,14007,14007,14007,2
2020-12-03,15:25:56,14007,14007,14007,2
2020-12-03,15:25:57,14007,14007,14007,6
2020-12-03,15:26:03,14007,14007,14007,8
2020-12-03,15:26:06,14009,14009,14009,8
2020-12-03,15:26:07,14007,14007,14007,2
2020-12-03,15:26:07,14007,14007,14007,2
2020-12-03,15:26:07,14007,14007,14007,2
2020-12-03,15:26:16,14008,14008,14008,2
2020-12-03,15:26:17,14009,14009,14009,6
2020-12-03,15:26:23,14008,14008,14008,4
2020-12-03,15:26:23,14008,14008,14008,4
2020-12-03,15:26:23,14008,14008,14008,4
2020-12-03,15:26:30,14008,14008,14008,2
2020-12-03,15:26:31,14009,14009,14009,8
2020-12-03,15:26:33,14008,14008,14008,4
2020-12-03,15:26:37,14009,14009,14009,2
2020-12-03,15:26:38,14009,14009,14009,4
2020-12-03,15:26:42,14009,14009,14009,2
2020-12-03,15:26:42,14009,14009,14009,6
2020-12-03,15:26:46,14009,14009,14009,2
2020-12-03,15:26:48,14009,14009,14009,4
2020-12-03,15:26:49,14009,14009,14009,8
2020-12-03,15:26:49,14008,14008,14008,2
2020-12-03,15:26:55,14009,14009,14009,2
2020-12-03,15:26:55,14010,14010,14010,2
2020-12-03,15:26:55,14009,14009,14009,2
2020-12-03,15:26:56,14010,14010,14010,4
2020-12-03,15:26:57,14009,14009,14009,2
2020-12-03,15:27:01,14009,14009,14009,2
2020-12-03,15:27:03,14010,14010,14010,6
2020-12-03,15:27:07,14009,14009,14009,2
2020-12-03,15:27:09,14010,14010,14010,4
2020-12-03,15:27:09,14010,14010,14010,4
2020-12-03,15:27:09,14010,14010,14010,36
2020-12-03,15:27:10,14009,14009,14009,2
2020-12-03,15:27:13,14010,14010,14010,2
2020-12-03,15:27:14,14011,14011,14011,8
2020-12-03,15:27:24,14011,14011,14011,6
2020-12-03,15:27:24,14011,14011,14011,6
2020-12-03,15:27:24,14011,14011,14011,8
2020-12-03,15:27:28,14011,14011,14011,2
2020-12-03,15:27:31,14011,14011,14011,2
2020-12-03,15:27:33,14011,14011,14011,2
2020-12-03,15:27:35,14011,14011,14011,2
2020-12-03,15:27:36,14012,14012,14012,2
2020-12-03,15:27:36,14012,14012,14012,6
2020-12-03,15:27:37,14011,14011,14011,2
2020-12-03,15:27:39,14012,14012,14012,2
2020-12-03,15:27:42,14011,14011,14011,2
2020-12-03,15:27:43,14012,14012,14012,4
2020-12-03,15:27:45,14012,14012,14012,2
2020-12-03,15:27:46,14012,14012,14012,2
2020-12-03,15:27:47,14012,14012,14012,2
2020-12-03,15:27:47,14012,14012,14012,2
2020-12-03,15:27:47,14012,14012,14012,2
2020-12-03,15:27:47,14011,14011,14011,2
2020-12-03,15:27:49,14012,14012,14012,2
2020-12-03,15:27:50,14012,14012,14012,2
2020-12-03,15:27:51,14012,14012,14012,2
2020-12-03,15:27:53,14012,14012,14012,6
2020-12-03,15:27:55,14012,14012,14012,4
2020-12-03,15:27:55,14012,14012,14012,2
2020-12-03,15:27:57,14011,14011,14011,4
2020-12-03,15:27:57,14011,14011,14011,2
2020-12-03,15:27:57,14011,14011,14011,4
2020-12-03,15:27:57,14011,14011,14011,2
2020-12-03,15:27:59,14010,14010,14010,2
2020-12-03,15:27:59,14010,14010,14010,2
2020-12-03,15:27:59,14010,14010,14010,4
2020-12-03,15:27:59,14010,14010,14010,2
2020-12-03,15:27:59,14010,14010,14010,2
2020-12-03,15:27:59,14010,14010,14010,4
2020-12-03,15:28:03,14010,14010,14010,2
2020-12-03,15:28:03,14010,14010,14010,2
2020-12-03,15:28:03,14011,14011,14011,2
2020-12-03,15:28:03,14011,14011,14011,2
2020-12-03,15:28:03,14011,14011,14011,2
2020-12-03,15:28:03,14011,14011,14011,2
2020-12-03,15:28:03,14011,14011,14011,2
2020-12-03,15:28:03,14011,14011,14011,2
2020-12-03,15:28:04,14011,14011,14011,2
2020-12-03,15:28:04,14011,14011,14011,2
2020-12-03,15:28:04,14012,14012,14012,2
2020-12-03,15:28:04,14012,14012,14012,2
2020-12-03,15:28:04,14012,14012,14012,2
2020-12-03,15:28:04,14012,14012,14012,2
2020-12-03,15:28:04,14012,14012,14012,2
2020-12-03,15:28:04,14012,14012,14012,2
2020-12-03,15:28:04,14011,14011,14011,2
2020-12-03,15:28:04,14010,14010,14010,2
2020-12-03,15:28:04,14010,14010,14010,4
2020-12-03,15:28:04,14010,14010,14010,2
2020-12-03,15:28:04,14011,14011,14011,4
2020-12-03,15:28:04,14010,14010,14010,2
2020-12-03,15:28:06,14010,14010,14010,2
2020-12-03,15:28:12,14010,14010,14010,4
2020-12-03,15:28:17,14009,14009,14009,4
2020-12-03,15:28:17,14009,14009,14009,2
2020-12-03,15:28:17,14009,14009,14009,2
2020-12-03,15:28:17,14008,14008,14008,2
2020-12-03,15:28:18,14008,14008,14008,2
2020-12-03,15:28:20,14009,14009,14009,2
2020-12-03,15:28:32,14009,14009,14009,2
2020-12-03,15:28:36,14009,14009,14009,2
2020-12-03,15:28:47,14009,14009,14009,2
2020-12-03,15:28:47,14009,14009,14009,4
2020-12-03,15:28:51,14009,14009,14009,2
2020-12-03,15:28:52,14009,14009,14009,2
2020-12-03,15:28:52,14009,14009,14009,2
2020-12-03,15:28:52,14009,14009,14009,2
2020-12-03,15:28:53,14009,14009,14009,2
2020-12-03,15:28:54,14010,14010,14010,2
2020-12-03,15:28:56,14010,14010,14010,2
2020-12-03,15:28:57,14009,14009,14009,2
2020-12-03,15:28:57,14010,14010,14010,2
2020-12-03,15:29:02,14010,14010,14010,2
2020-12-03,15:29:11,14010,14010,14010,4
2020-12-03,15:29:12,14009,14009,14009,2
2020-12-03,15:29:13,14010,14010,14010,2
2020-12-03,15:29:18,14010,14010,14010,2
2020-12-03,15:29:20,14010,14010,14010,2
2020-12-03,15:29:22,14010,14010,14010,4
2020-12-03,15:29:25,14010,14010,14010,2
2020-12-03,15:29:30,14010,14010,14010,4
2020-12-03,15:29:30,14010,14010,14010,2
2020-12-03,15:29:31,14011,14011,14011,4
2020-12-03,15:29:33,14010,14010,14010,2
2020-12-03,15:29:33,14011,14011,14011,6
2020-12-03,15:29:42,14010,14010,14010,2
2020-12-03,15:29:51,14010,14010,14010,2
2020-12-03,15:29:51,14010,14010,14010,2
2020-12-03,15:29:52,14011,14011,14011,4
2020-12-03,15:29:53,14011,14011,14011,4
2020-12-03,15:29:54,14010,14010,14010,2
2020-12-03,15:29:57,14011,14011,14011,2
2020-12-03,15:30:08,14010,14010,14010,4
2020-12-03,15:30:08,14011,14011,14011,2
2020-12-03,15:30:08,14011,14011,14011,2
2020-12-03,15:30:08,14011,14011,14011,2
2020-12-03,15:30:08,14011,14011,14011,2
2020-12-03,15:30:08,14011,14011,14011,4
2020-12-03,15:30:08,14012,14012,14012,2
2020-12-03,15:30:08,14012,14012,14012,2
2020-12-03,15:30:08,14012,14012,14012,2
2020-12-03,15:30:08,14012,14012,14012,2
2020-12-03,15:30:08,14012,14012,14012,2
2020-12-03,15:30:08,14012,14012,14012,18
2020-12-03,15:30:08,14013,14013,14013,2
2020-12-03,15:30:08,14013,14013,14013,4
2020-12-03,15:30:08,14013,14013,14013,2
2020-12-03,15:30:08,14013,14013,14013,2
2020-12-03,15:30:08,14013,14013,14013,2
2020-12-03,15:30:08,14013,14013,14013,2
2020-12-03,15:30:08,14013,14013,14013,2
2020-12-03,15:30:08,14013,14013,14013,8
2020-12-03,15:30:08,14013,14013,14013,2
2020-12-03,15:30:08,14013,14013,14013,18
2020-12-03,15:30:08,14013,14013,14013,2
2020-12-03,15:30:08,14013,14013,14013,2
2020-12-03,15:30:09,14014,14014,14014,2
2020-12-03,15:30:09,14014,14014,14014,2
2020-12-03,15:30:09,14014,14014,14014,2
2020-12-03,15:30:09,14014,14014,14014,2
2020-12-03,15:30:09,14014,14014,14014,2
2020-12-03,15:30:09,14013,14013,14013,2
2020-12-03,15:30:09,14014,14014,14014,2
2020-12-03,15:30:09,14014,14014,14014,8
2020-12-03,15:30:11,14013,14013,14013,4
2020-12-03,15:30:11,14013,14013,14013,2
2020-12-03,15:30:11,14013,14013,14013,2
2020-12-03,15:30:12,14013,14013,14013,2
2020-12-03,15:30:12,14013,14013,14013,2
2020-12-03,15:30:19,14013,14013,14013,8
2020-12-03,15:30:23,14012,14012,14012,2
2020-12-03,15:30:23,14012,14012,14012,2
2020-12-03,15:30:24,14012,14012,14012,2
2020-12-03,15:30:24,14013,14013,14013,2
2020-12-03,15:30:28,14012,14012,14012,2
2020-12-03,15:30:34,14013,14013,14013,2
2020-12-03,15:30:38,14012,14012,14012,2
2020-12-03,15:30:40,14012,14012,14012,6
2020-12-03,15:30:42,14012,14012,14012,12
2020-12-03,15:30:46,14012,14012,14012,2
2020-12-03,15:30:46,14011,14011,14011,2
2020-12-03,15:30:46,14011,14011,14011,2
2020-12-03,15:30:49,14013,14013,14013,2
2020-12-03,15:30:54,14013,14013,14013,2
2020-12-03,15:30:56,14012,14012,14012,4
2020-12-03,15:30:56,14012,14012,14012,2
2020-12-03,15:31:12,14012,14012,14012,2
2020-12-03,15:31:13,14013,14013,14013,2
2020-12-03,15:31:17,14011,14011,14011,2
2020-12-03,15:31:28,14011,14011,14011,2
2020-12-03,15:31:28,14011,14011,14011,2
2020-12-03,15:31:28,14011,14011,14011,2
2020-12-03,15:31:28,14011,14011,14011,2
2020-12-03,15:31:28,14011,14011,14011,6
2020-12-03,15:31:28,14010,14010,14010,4
2020-12-03,15:31:28,14010,14010,14010,2
2020-12-03,15:31:28,14010,14010,14010,2
2020-12-03,15:31:28,14010,14010,14010,2
2020-12-03,15:31:28,14010,14010,14010,2
2020-12-03,15:31:28,14010,14010,14010,6
2020-12-03,15:31:28,14010,14010,14010,2
2020-12-03,15:31:28,14010,14010,14010,6
2020-12-03,15:31:28,14010,14010,14010,2
2020-12-03,15:31:28,14010,14010,14010,10
2020-12-03,15:31:28,14010,14010,14010,2
2020-12-03,15:31:28,14009,14009,14009,2
2020-12-03,15:31:28,14009,14009,14009,2
2020-12-03,15:31:28,14009,14009,14009,2
2020-12-03,15:31:32,14009,14009,14009,2
2020-12-03,15:31:32,14008,14008,14008,2
2020-12-03,15:31:32,14008,14008,14008,2
2020-12-03,15:31:32,14008,14008,14008,2
2020-12-03,15:31:32,14008,14008,14008,2
2020-12-03,15:31:34,14009,14009,14009,4
2020-12-03,15:31:37,14008,14008,14008,2
2020-12-03,15:31:40,14009,14009,14009,2
2020-12-03,15:31:40,14008,14008,14008,2
2020-12-03,15:31:40,14008,14008,14008,2
2020-12-03,15:31:42,14008,14008,14008,4
2020-12-03,15:31:43,14008,14008,14008,2
2020-12-03,15:31:46,14008,14008,14008,28
2020-12-03,15:31:46,14008,14008,14008,2
2020-12-03,15:31:46,14008,14008,14008,2
2020-12-03,15:31:46,14008,14008,14008,10
2020-12-03,15:31:46,14008,14008,14008,2
2020-12-03,15:31:46,14008,14008,14008,2
2020-12-03,15:31:46,14008,14008,14008,2
2020-12-03,15:31:46,14008,14008,14008,4
2020-12-03,15:31:46,14008,14008,14008,2
2020-12-03,15:31:47,14008,14008,14008,2
2020-12-03,15:31:48,14007,14007,14007,2
2020-12-03,15:31:52,14007,14007,14007,2
2020-12-03,15:31:53,14007,14007,14007,2
2020-12-03,15:31:56,14007,14007,14007,2
2020-12-03,15:31:58,14007,14007,14007,2
2020-12-03,15:32:00,14007,14007,14007,2
2020-12-03,15:32:02,14007,14007,14007,8
2020-12-03,15:32:02,14007,14007,14007,4
2020-12-03,15:32:02,14007,14007,14007,6
2020-12-03,15:32:02,14007,14007,14007,2
2020-12-03,15:32:06,14007,14007,14007,2
2020-12-03,15:32:09,14006,14006,14006,2
2020-12-03,15:32:10,14006,14006,14006,2
2020-12-03,15:32:10,14006,14006,14006,2
2020-12-03,15:32:10,14006,14006,14006,16
2020-12-03,15:32:11,14006,14006,14006,8
2020-12-03,15:32:11,14006,14006,14006,2
2020-12-03,15:32:11,14006,14006,14006,2
2020-12-03,15:32:11,14006,14006,14006,2
2020-12-03,15:32:14,14006,14006,14006,2
2020-12-03,15:32:18,14005,14005,14005,2
2020-12-03,15:32:19,14005,14005,14005,2
2020-12-03,15:32:21,14005,14005,14005,2
2020-12-03,15:32:21,14005,14005,14005,2
2020-12-03,15:32:21,14005,14005,14005,4
2020-12-03,15:32:22,14005,14005,14005,2
2020-12-03,15:32:22,14005,14005,14005,4
2020-12-03,15:32:22,14006,14006,14006,4
2020-12-03,15:32:23,14005,14005,14005,6
2020-12-03,15:32:23,14005,14005,14005,2
2020-12-03,15:32:24,14005,14005,14005,2
2020-12-03,15:32:24,14005,14005,14005,2
2020-12-03,15:32:24,14005,14005,14005,2
2020-12-03,15:32:24,14005,14005,14005,2
2020-12-03,15:32:24,14005,14005,14005,2
2020-12-03,15:32:24,14005,14005,14005,4
2020-12-03,15:32:25,14004,14004,14004,2
2020-12-03,15:32:26,14006,14006,14006,4
2020-12-03,15:32:26,14006,14006,14006,4
2020-12-03,15:32:26,14006,14006,14006,4
2020-12-03,15:32:26,14006,14006,14006,2
2020-12-03,15:32:27,14005,14005,14005,2
2020-12-03,15:32:28,14005,14005,14005,4
2020-12-03,15:32:29,14005,14005,14005,2
2020-12-03,15:32:29,14005,14005,14005,2
2020-12-03,15:32:31,14006,14006,14006,2
2020-12-03,15:32:31,14006,14006,14006,8
2020-12-03,15:32:32,14006,14006,14006,8
2020-12-03,15:32:32,14006,14006,14006,2
2020-12-03,15:32:32,14006,14006,14006,2
2020-12-03,15:32:32,14007,14007,14007,4
2020-12-03,15:32:33,14006,14006,14006,2
2020-12-03,15:32:34,14006,14006,14006,2
2020-12-03,15:32:36,14005,14005,14005,2
2020-12-03,15:32:37,14006,14006,14006,8
2020-12-03,15:32:38,14006,14006,14006,2
2020-12-03,15:32:40,14006,14006,14006,2
2020-12-03,15:32:40,14006,14006,14006,2
2020-12-03,15:32:40,14006,14006,14006,2
2020-12-03,15:32:40,14006,14006,14006,2
2020-12-03,15:32:40,14005,14005,14005,2
2020-12-03,15:32:42,14006,14006,14006,2
2020-12-03,15:32:42,14006,14006,14006,2
2020-12-03,15:32:44,14006,14006,14006,4
2020-12-03,15:32:44,14006,14006,14006,2
2020-12-03,15:32:45,14006,14006,14006,2
2020-12-03,15:32:46,14006,14006,14006,2
2020-12-03,15:32:51,14007,14007,14007,2
2020-12-03,15:32:53,14006,14006,14006,2
2020-12-03,15:32:54,14007,14007,14007,2
2020-12-03,15:32:56,14008,14008,14008,8
2020-12-03,15:32:56,14007,14007,14007,2
2020-12-03,15:32:57,14007,14007,14007,2
2020-12-03,15:33:10,14007,14007,14007,2
2020-12-03,15:33:11,14008,14008,14008,2
2020-12-03,15:33:11,14007,14007,14007,2
2020-12-03,15:33:13,14007,14007,14007,2
2020-12-03,15:33:20,14007,14007,14007,2
2020-12-03,15:33:22,14007,14007,14007,6
2020-12-03,15:33:24,14008,14008,14008,2
2020-12-03,15:33:29,14008,14008,14008,6
2020-12-03,15:33:29,14008,14008,14008,10
2020-12-03,15:33:32,14007,14007,14007,4
2020-12-03,15:33:33,14008,14008,14008,2
2020-12-03,15:33:37,14008,14008,14008,2
2020-12-03,15:33:38,14009,14009,14009,2
2020-12-03,15:33:38,14009,14009,14009,4
2020-12-03,15:33:51,14008,14008,14008,6
2020-12-03,15:33:54,14008,14008,14008,2
2020-12-03,15:33:54,14008,14008,14008,4
2020-12-03,15:34:01,14007,14007,14007,2
2020-12-03,15:34:01,14007,14007,14007,2
2020-12-03,15:34:01,14007,14007,14007,4
2020-12-03,15:34:01,14007,14007,14007,2
2020-12-03,15:34:01,14007,14007,14007,2
2020-12-03,15:34:01,14007,14007,14007,2
2020-12-03,15:34:01,14007,14007,14007,2
2020-12-03,15:34:01,14007,14007,14007,4
2020-12-03,15:34:02,14007,14007,14007,2
2020-12-03,15:34:14,14007,14007,14007,2
2020-12-03,15:34:19,14007,14007,14007,2
2020-12-03,15:34:22,14007,14007,14007,10
2020-12-03,15:34:23,14007,14007,14007,4
2020-12-03,15:34:27,14006,14006,14006,2
2020-12-03,15:34:36,14007,14007,14007,4
2020-12-03,15:34:37,14008,14008,14008,4
2020-12-03,15:34:38,14006,14006,14006,2
2020-12-03,15:34:38,14006,14006,14006,2
2020-12-03,15:34:46,14008,14008,14008,4
2020-12-03,15:34:50,14008,14008,14008,2
2020-12-03,15:34:56,14008,14008,14008,8
2020-12-03,15:35:02,14008,14008,14008,2
2020-12-03,15:35:02,14008,14008,14008,4
2020-12-03,15:35:02,14008,14008,14008,4
2020-12-03,15:35:05,14008,14008,14008,6
2020-12-03,15:35:12,14007,14007,14007,2
2020-12-03,15:35:13,14007,14007,14007,4
2020-12-03,15:35:13,14007,14007,14007,4
2020-12-03,15:35:25,14007,14007,14007,2
2020-12-03,15:35:25,14006,14006,14006,2
2020-12-03,15:35:25,14006,14006,14006,2
2020-12-03,15:35:25,14006,14006,14006,2
2020-12-03,15:35:25,14006,14006,14006,2
2020-12-03,15:35:25,14006,14006,14006,2
2020-12-03,15:35:25,14006,14006,14006,2
2020-12-03,15:35:25,14006,14006,14006,2
2020-12-03,15:35:25,14006,14006,14006,2
2020-12-03,15:35:25,14006,14006,14006,2
2020-12-03,15:35:26,14006,14006,14006,2
2020-12-03,15:35:27,14006,14006,14006,2
2020-12-03,15:35:28,14005,14005,14005,2
2020-12-03,15:35:33,14006,14006,14006,2
2020-12-03,15:35:36,14005,14005,14005,2
2020-12-03,15:35:37,14006,14006,14006,4
2020-12-03,15:35:42,14005,14005,14005,2
2020-12-03,15:35:42,14005,14005,14005,2
2020-12-03,15:35:42,14005,14005,14005,2
2020-12-03,15:35:42,14005,14005,14005,2
2020-12-03,15:35:42,14005,14005,14005,10
2020-12-03,15:35:42,14005,14005,14005,2
2020-12-03,15:35:42,14005,14005,14005,2
2020-12-03,15:35:42,14005,14005,14005,2
2020-12-03,15:35:42,14005,14005,14005,2
2020-12-03,15:35:42,14005,14005,14005,8
2020-12-03,15:35:42,14005,14005,14005,2
2020-12-03,15:35:42,14005,14005,14005,2
2020-12-03,15:35:42,14005,14005,14005,2
2020-12-03,15:35:42,14005,14005,14005,2
2020-12-03,15:35:42,14005,14005,14005,4
2020-12-03,15:35:42,14005,14005,14005,2
2020-12-03,15:35:42,14005,14005,14005,2
2020-12-03,15:35:42,14005,14005,14005,4
2020-12-03,15:35:42,14005,14005,14005,2
2020-12-03,15:35:49,14006,14006,14006,2
2020-12-03,15:35:53,14004,14004,14004,2
2020-12-03,15:36:01,14004,14004,14004,2
2020-12-03,15:36:01,14005,14005,14005,2
2020-12-03,15:36:01,14005,14005,14005,8
2020-12-03,15:36:01,14005,14005,14005,2
2020-12-03,15:36:01,14006,14006,14006,2
2020-12-03,15:36:01,14006,14006,14006,2
2020-12-03,15:36:01,14007,14007,14007,2
2020-12-03,15:36:01,14007,14007,14007,2
2020-12-03,15:36:01,14007,14007,14007,6
2020-12-03,15:36:01,14007,14007,14007,2
2020-12-03,15:36:01,14007,14007,14007,2
2020-12-03,15:36:01,14007,14007,14007,2
2020-12-03,15:36:01,14007,14007,14007,2
2020-12-03,15:36:01,14008,14008,14008,2
2020-12-03,15:36:02,14007,14007,14007,2
2020-12-03,15:36:02,14007,14007,14007,8
2020-12-03,15:36:06,14007,14007,14007,2
2020-12-03,15:36:07,14008,14008,14008,4
2020-12-03,15:36:07,14009,14009,14009,6
2020-12-03,15:36:10,14009,14009,14009,2
2020-12-03,15:36:10,14007,14007,14007,4
2020-12-03,15:36:11,14009,14009,14009,6
2020-12-03,15:36:12,14008,14008,14008,2
2020-12-03,15:36:12,14008,14008,14008,2
2020-12-03,15:36:13,14008,14008,14008,2
2020-12-03,15:36:13,14009,14009,14009,2
2020-12-03,15:36:15,14010,14010,14010,2
2020-12-03,15:36:19,14010,14010,14010,2
2020-12-03,15:36:30,14010,14010,14010,8
2020-12-03,15:36:32,14009,14009,14009,2
2020-12-03,15:36:34,14010,14010,14010,2
2020-12-03,15:36:34,14009,14009,14009,2
2020-12-03,15:36:40,14009,14009,14009,2
2020-12-03,15:36:43,14009,14009,14009,2
2020-12-03,15:36:43,14009,14009,14009,2
2020-12-03,15:36:43,14009,14009,14009,2
2020-12-03,15:36:44,14009,14009,14009,4
2020-12-03,15:36:45,14008,14008,14008,2
2020-12-03,15:36:45,14008,14008,14008,2
2020-12-03,15:36:47,14009,14009,14009,2
2020-12-03,15:36:47,14009,14009,14009,2
2020-12-03,15:36:53,14008,14008,14008,2
2020-12-03,15:36:54,14009,14009,14009,2
2020-12-03,15:36:55,14008,14008,14008,2
2020-12-03,15:36:56,14009,14009,14009,2
2020-12-03,15:37:10,14008,14008,14008,2
2020-12-03,15:37:10,14009,14009,14009,6
2020-12-03,15:37:12,14008,14008,14008,2
2020-12-03,15:37:15,14009,14009,14009,4
2020-12-03,15:37:21,14007,14007,14007,2
2020-12-03,15:37:21,14007,14007,14007,2
2020-12-03,15:37:21,14007,14007,14007,2
2020-12-03,15:37:22,14009,14009,14009,20
2020-12-03,15:37:22,14010,14010,14010,10
2020-12-03,15:37:26,14010,14010,14010,6
2020-12-03,15:37:28,14008,14008,14008,6
2020-12-03,15:37:35,14009,14009,14009,2
2020-12-03,15:37:36,14009,14009,14009,6
2020-12-03,15:37:36,14009,14009,14009,2
2020-12-03,15:37:45,14010,14010,14010,6
2020-12-03,15:37:52,14010,14010,14010,8
2020-12-03,15:37:52,14010,14010,14010,8
2020-12-03,15:37:52,14010,14010,14010,6
2020-12-03,15:37:52,14010,14010,14010,4
2020-12-03,15:37:52,14010,14010,14010,4
2020-12-03,15:37:53,14010,14010,14010,2
2020-12-03,15:37:57,14011,14011,14011,2
2020-12-03,15:37:57,14012,14012,14012,8
2020-12-03,15:38:01,14011,14011,14011,2
2020-12-03,15:38:01,14012,14012,14012,2
2020-12-03,15:38:01,14012,14012,14012,2
2020-12-03,15:38:01,14012,14012,14012,2
2020-12-03,15:38:02,14012,14012,14012,4
2020-12-03,15:38:02,14012,14012,14012,2
2020-12-03,15:38:02,14012,14012,14012,2
2020-12-03,15:38:03,14012,14012,14012,2
2020-12-03,15:38:04,14012,14012,14012,6
2020-12-03,15:38:07,14012,14012,14012,2
2020-12-03,15:38:09,14012,14012,14012,2
2020-12-03,15:38:11,14012,14012,14012,2
2020-12-03,15:38:14,14012,14012,14012,6
2020-12-03,15:38:19,14012,14012,14012,2
2020-12-03,15:38:19,14012,14012,14012,4
2020-12-03,15:38:21,14012,14012,14012,2
2020-12-03,15:38:21,14012,14012,14012,2
2020-12-03,15:38:21,14012,14012,14012,2
2020-12-03,15:38:21,14013,14013,14013,2
2020-12-03,15:38:22,14013,14013,14013,2
2020-12-03,15:38:23,14011,14011,14011,2
2020-12-03,15:38:23,14011,14011,14011,2
2020-12-03,15:38:23,14011,14011,14011,2
2020-12-03,15:38:24,14012,14012,14012,6
2020-12-03,15:38:26,14010,14010,14010,2
2020-12-03,15:38:27,14012,14012,14012,10
2020-12-03,15:38:27,14012,14012,14012,2
2020-12-03,15:38:27,14012,14012,14012,2
2020-12-03,15:38:27,14012,14012,14012,2
2020-12-03,15:38:27,14012,14012,14012,2
2020-12-03,15:38:27,14012,14012,14012,2
2020-12-03,15:38:27,14012,14012,14012,2
2020-12-03,15:38:27,14013,14013,14013,2
2020-12-03,15:38:27,14013,14013,14013,2
2020-12-03,15:38:27,14012,14012,14012,2
2020-12-03,15:38:29,14013,14013,14013,4
2020-12-03,15:38:31,14012,14012,14012,2
2020-12-03,15:38:31,14013,14013,14013,2
2020-12-03,15:38:32,14012,14012,14012,2
2020-12-03,15:38:32,14012,14012,14012,2
2020-12-03,15:38:41,14012,14012,14012,2
2020-12-03,15:38:42,14012,14012,14012,4
2020-12-03,15:38:50,14012,14012,14012,2
2020-12-03,15:38:50,14012,14012,14012,2
2020-12-03,15:38:51,14012,14012,14012,2
2020-12-03,15:38:51,14012,14012,14012,2
2020-12-03,15:38:52,14012,14012,14012,4
2020-12-03,15:38:57,14011,14011,14011,2
2020-12-03,15:38:57,14011,14011,14011,2
2020-12-03,15:39:01,14012,14012,14012,6
2020-12-03,15:39:01,14012,14012,14012,2
2020-12-03,15:39:11,14012,14012,14012,6
2020-12-03,15:39:11,14012,14012,14012,2
2020-12-03,15:39:15,14011,14011,14011,4
2020-12-03,15:39:15,14011,14011,14011,2
2020-12-03,15:39:18,14011,14011,14011,2
2020-12-03,15:39:20,14011,14011,14011,2
2020-12-03,15:39:26,14011,14011,14011,2
2020-12-03,15:39:30,14011,14011,14011,8
2020-12-03,15:39:32,14010,14010,14010,2
2020-12-03,15:39:33,14011,14011,14011,2
2020-12-03,15:39:44,14011,14011,14011,4
2020-12-03,15:39:50,14010,14010,14010,2
2020-12-03,15:39:50,14010,14010,14010,2
2020-12-03,15:39:53,14010,14010,14010,4
2020-12-03,15:39:53,14010,14010,14010,2
2020-12-03,15:39:53,14010,14010,14010,2
2020-12-03,15:39:53,14010,14010,14010,4
2020-12-03,15:39:53,14010,14010,14010,2
2020-12-03,15:39:53,14009,14009,14009,2
2020-12-03,15:39:53,14009,14009,14009,2
2020-12-03,15:39:53,14009,14009,14009,2
2020-12-03,15:40:01,14009,14009,14009,2
2020-12-03,15:40:01,14009,14009,14009,2
2020-12-03,15:40:12,14010,14010,14010,6
2020-12-03,15:40:16,14009,14009,14009,2
2020-12-03,15:40:32,14010,14010,14010,2
2020-12-03,15:40:33,14010,14010,14010,6
2020-12-03,15:40:36,14010,14010,14010,2
2020-12-03,15:40:45,14010,14010,14010,2
2020-12-03,15:40:51,14010,14010,14010,2
2020-12-03,15:41:01,14010,14010,14010,4
2020-12-03,15:41:01,14011,14011,14011,2
2020-12-03,15:41:01,14011,14011,14011,10
2020-12-03,15:41:02,14011,14011,14011,4
2020-12-03,15:41:02,14011,14011,14011,4
2020-12-03,15:41:02,14011,14011,14011,2
2020-12-03,15:41:02,14010,14010,14010,2
2020-12-03,15:41:04,14011,14011,14011,2
2020-12-03,15:41:09,14011,14011,14011,4
2020-12-03,15:41:09,14011,14011,14011,2
2020-12-03,15:41:11,14012,14012,14012,6
2020-12-03,15:41:20,14012,14012,14012,6
2020-12-03,15:41:20,14012,14012,14012,6
2020-12-03,15:41:22,14013,14013,14013,36
2020-12-03,15:41:22,14013,14013,14013,4
2020-12-03,15:41:22,14013,14013,14013,2
2020-12-03,15:41:22,14013,14013,14013,8
2020-12-03,15:41:22,14012,14012,14012,2
2020-12-03,15:41:22,14013,14013,14013,6
2020-12-03,15:41:22,14013,14013,14013,2
2020-12-03,15:41:22,14013,14013,14013,2
2020-12-03,15:41:22,14012,14012,14012,2
2020-12-03,15:41:28,14014,14014,14014,2
2020-12-03,15:41:29,14014,14014,14014,2
2020-12-03,15:41:31,14014,14014,14014,6
2020-12-03,15:41:31,14014,14014,14014,10
2020-12-03,15:41:31,14014,14014,14014,28
2020-12-03,15:41:33,14015,14015,14015,4
2020-12-03,15:41:33,14015,14015,14015,8
2020-12-03,15:41:33,14015,14015,14015,2
2020-12-03,15:41:33,14015,14015,14015,2
2020-12-03,15:41:33,14015,14015,14015,2
2020-12-03,15:41:33,14015,14015,14015,2
2020-12-03,15:41:33,14015,14015,14015,2
2020-12-03,15:41:33,14015,14015,14015,2
2020-12-03,15:41:33,14014,14014,14014,2
2020-12-03,15:41:34,14015,14015,14015,2
2020-12-03,15:41:34,14015,14015,14015,2
2020-12-03,15:41:36,14015,14015,14015,2
2020-12-03,15:41:37,14015,14015,14015,12
2020-12-03,15:41:37,14015,14015,14015,8
2020-12-03,15:41:37,14015,14015,14015,18
2020-12-03,15:41:37,14015,14015,14015,24
2020-12-03,15:41:37,14015,14015,14015,2
2020-12-03,15:41:37,14015,14015,14015,4
2020-12-03,15:41:37,14015,14015,14015,2
2020-12-03,15:41:37,14015,14015,14015,2
2020-12-03,15:41:38,14016,14016,14016,2
2020-12-03,15:41:38,14016,14016,14016,2
2020-12-03,15:41:38,14016,14016,14016,2
2020-12-03,15:41:38,14016,14016,14016,2
2020-12-03,15:41:38,14016,14016,14016,4
2020-12-03,15:41:38,14015,14015,14015,2
2020-12-03,15:41:38,14016,14016,14016,2
2020-12-03,15:41:38,14016,14016,14016,2
2020-12-03,15:41:39,14016,14016,14016,2
2020-12-03,15:41:39,14016,14016,14016,14
2020-12-03,15:41:39,14017,14017,14017,2
2020-12-03,15:41:39,14017,14017,14017,30
2020-12-03,15:41:39,14017,14017,14017,6
2020-12-03,15:41:39,14018,14018,14018,6
2020-12-03,15:41:39,14018,14018,14018,2
2020-12-03,15:41:39,14017,14017,14017,4
2020-12-03,15:41:39,14016,14016,14016,2
2020-12-03,15:41:39,14016,14016,14016,2
2020-12-03,15:41:39,14018,14018,14018,12
2020-12-03,15:41:39,14018,14018,14018,2
2020-12-03,15:41:40,14017,14017,14017,2
2020-12-03,15:41:42,14018,14018,14018,2
2020-12-03,15:41:43,14017,14017,14017,2
2020-12-03,15:41:44,14018,14018,14018,2
2020-12-03,15:41:45,14018,14018,14018,4
2020-12-03,15:41:45,14017,14017,14017,2
2020-12-03,15:41:45,14017,14017,14017,4
2020-12-03,15:41:46,14017,14017,14017,2
2020-12-03,15:41:46,14017,14017,14017,2
2020-12-03,15:41:46,14017,14017,14017,2
2020-12-03,15:41:47,14017,14017,14017,8
2020-12-03,15:41:47,14017,14017,14017,2
2020-12-03,15:41:47,14017,14017,14017,8
2020-12-03,15:41:47,14018,14018,14018,8
2020-12-03,15:41:48,14017,14017,14017,2
2020-12-03,15:41:50,14017,14017,14017,2
2020-12-03,15:41:51,14017,14017,14017,2
2020-12-03,15:41:53,14017,14017,14017,2
2020-12-03,15:41:53,14017,14017,14017,2
2020-12-03,15:41:53,14017,14017,14017,2
2020-12-03,15:41:54,14017,14017,14017,2
2020-12-03,15:41:59,14016,14016,14016,2
2020-12-03,15:41:59,14016,14016,14016,2
2020-12-03,15:41:59,14016,14016,14016,2
2020-12-03,15:41:59,14016,14016,14016,4
2020-12-03,15:41:59,14016,14016,14016,2
2020-12-03,15:41:59,14016,14016,14016,2
2020-12-03,15:41:59,14016,14016,14016,4
2020-12-03,15:41:59,14016,14016,14016,2
2020-12-03,15:41:59,14017,14017,14017,2
2020-12-03,15:41:59,14016,14016,14016,4
2020-12-03,15:41:59,14015,14015,14015,2
2020-12-03,15:42:01,14017,14017,14017,2
2020-12-03,15:42:01,14017,14017,14017,2
2020-12-03,15:42:01,14017,14017,14017,6
2020-12-03,15:42:03,14015,14015,14015,2
2020-12-03,15:42:03,14015,14015,14015,2
2020-12-03,15:42:03,14015,14015,14015,2
2020-12-03,15:42:03,14015,14015,14015,2
2020-12-03,15:42:03,14015,14015,14015,2
2020-12-03,15:42:03,14016,14016,14016,2
2020-12-03,15:42:03,14016,14016,14016,2
2020-12-03,15:42:09,14014,14014,14014,2
2020-12-03,15:42:10,14015,14015,14015,2
2020-12-03,15:42:10,14016,14016,14016,2
2020-12-03,15:42:11,14016,14016,14016,4
2020-12-03,15:42:12,14016,14016,14016,2
2020-12-03,15:42:13,14016,14016,14016,2
2020-12-03,15:42:13,14015,14015,14015,2
2020-12-03,15:42:16,14016,14016,14016,4
2020-12-03,15:42:16,14016,14016,14016,2
2020-12-03,15:42:18,14015,14015,14015,2
2020-12-03,15:42:18,14016,14016,14016,2
2020-12-03,15:42:20,14016,14016,14016,2
2020-12-03,15:42:22,14016,14016,14016,2
2020-12-03,15:42:24,14016,14016,14016,2
2020-12-03,15:42:24,14016,14016,14016,2
2020-12-03,15:42:27,14016,14016,14016,4
2020-12-03,15:42:27,14016,14016,14016,2
2020-12-03,15:42:27,14016,14016,14016,2
2020-12-03,15:42:29,14016,14016,14016,4
2020-12-03,15:42:29,14016,14016,14016,2
2020-12-03,15:42:29,14016,14016,14016,2
2020-12-03,15:42:32,14016,14016,14016,2
2020-12-03,15:42:34,14016,14016,14016,2
2020-12-03,15:42:38,14016,14016,14016,6
2020-12-03,15:42:38,14016,14016,14016,2
2020-12-03,15:42:41,14015,14015,14015,4
2020-12-03,15:42:41,14016,14016,14016,2
2020-12-03,15:42:43,14015,14015,14015,2
2020-12-03,15:42:43,14015,14015,14015,4
2020-12-03,15:42:43,14015,14015,14015,2
2020-12-03,15:42:43,14015,14015,14015,2
2020-12-03,15:42:43,14015,14015,14015,4
2020-12-03,15:42:54,14015,14015,14015,4
2020-12-03,15:42:58,14014,14014,14014,2
2020-12-03,15:42:59,14015,14015,14015,8
2020-12-03,15:43:01,14015,14015,14015,2
2020-12-03,15:43:01,14016,14016,14016,2
2020-12-03,15:43:03,14016,14016,14016,2
2020-12-03,15:43:04,14017,14017,14017,4
2020-12-03,15:43:10,14016,14016,14016,2
2020-12-03,15:43:10,14015,14015,14015,2
2020-12-03,15:43:10,14015,14015,14015,2
2020-12-03,15:43:10,14017,14017,14017,8
2020-12-03,15:43:10,14015,14015,14015,2
2020-12-03,15:43:10,14015,14015,14015,2
2020-12-03,15:43:10,14015,14015,14015,2
2020-12-03,15:43:10,14015,14015,14015,2
2020-12-03,15:43:10,14015,14015,14015,2
2020-12-03,15:43:10,14015,14015,14015,2
2020-12-03,15:43:11,14015,14015,14015,2
2020-12-03,15:43:13,14016,14016,14016,4
2020-12-03,15:43:14,14015,14015,14015,2
2020-12-03,15:43:14,14015,14015,14015,2
2020-12-03,15:43:14,14015,14015,14015,2
2020-12-03,15:43:14,14015,14015,14015,2
2020-12-03,15:43:14,14015,14015,14015,2
2020-12-03,15:43:16,14017,14017,14017,2
2020-12-03,15:43:21,14017,14017,14017,6
2020-12-03,15:43:24,14016,14016,14016,2
2020-12-03,15:43:30,14016,14016,14016,2
2020-12-03,15:43:30,14016,14016,14016,4
2020-12-03,15:43:31,14017,14017,14017,6
2020-12-03,15:43:32,14017,14017,14017,4
2020-12-03,15:43:33,14016,14016,14016,2
2020-12-03,15:43:35,14017,14017,14017,2
2020-12-03,15:43:39,14016,14016,14016,4
2020-12-03,15:43:39,14016,14016,14016,2
2020-12-03,15:43:41,14017,14017,14017,6
2020-12-03,15:43:42,14017,14017,14017,2
2020-12-03,15:43:44,14017,14017,14017,2
2020-12-03,15:43:49,14017,14017,14017,2
2020-12-03,15:44:02,14017,14017,14017,2
2020-12-03,15:44:02,14017,14017,14017,2
2020-12-03,15:44:03,14018,14018,14018,8
2020-12-03,15:44:03,14018,14018,14018,2
2020-12-03,15:44:09,14017,14017,14017,2
2020-12-03,15:44:12,14018,14018,14018,4
2020-12-03,15:44:13,14018,14018,14018,2
2020-12-03,15:44:17,14018,14018,14018,2
2020-12-03,15:44:22,14018,14018,14018,6
2020-12-03,15:44:22,14018,14018,14018,2
2020-12-03,15:44:23,14018,14018,14018,4
2020-12-03,15:44:23,14018,14018,14018,2
2020-12-03,15:44:23,14018,14018,14018,2
2020-12-03,15:44:23,14018,14018,14018,2
2020-12-03,15:44:24,14017,14017,14017,6
2020-12-03,15:44:24,14017,14017,14017,2
2020-12-03,15:44:24,14017,14017,14017,2
2020-12-03,15:44:27,14018,14018,14018,2
2020-12-03,15:44:32,14018,14018,14018,10
2020-12-03,15:44:33,14018,14018,14018,2
2020-12-03,15:44:33,14018,14018,14018,2
2020-12-03,15:44:37,14018,14018,14018,2
2020-12-03,15:44:37,14019,14019,14019,2
2020-12-03,15:44:37,14019,14019,14019,2
2020-12-03,15:44:37,14019,14019,14019,4
2020-12-03,15:44:37,14019,14019,14019,2
2020-12-03,15:44:37,14018,14018,14018,4
2020-12-03,15:44:37,14019,14019,14019,2
2020-12-03,15:44:38,14019,14019,14019,2
2020-12-03,15:44:38,14019,14019,14019,2
2020-12-03,15:44:38,14019,14019,14019,24
2020-12-03,15:44:38,14020,14020,14020,16
2020-12-03,15:44:38,14020,14020,14020,2
2020-12-03,15:44:39,14020,14020,14020,2
2020-12-03,15:44:39,14020,14020,14020,2
2020-12-03,15:44:40,14020,14020,14020,2
2020-12-03,15:44:40,14020,14020,14020,2
2020-12-03,15:44:41,14020,14020,14020,2
2020-12-03,15:44:41,14020,14020,14020,8
2020-12-03,15:44:42,14020,14020,14020,2
2020-12-03,15:44:43,14019,14019,14019,2
2020-12-03,15:44:43,14019,14019,14019,2
2020-12-03,15:44:45,14019,14019,14019,2
2020-12-03,15:44:46,14019,14019,14019,2
2020-12-03,15:44:46,14019,14019,14019,2
2020-12-03,15:44:46,14018,14018,14018,2
2020-12-03,15:44:46,14019,14019,14019,4
2020-12-03,15:44:46,14019,14019,14019,2
2020-12-03,15:44:47,14019,14019,14019,2
2020-12-03,15:44:49,14018,14018,14018,2
2020-12-03,15:44:49,14019,14019,14019,2
2020-12-03,15:44:52,14019,14019,14019,12
2020-12-03,15:44:52,14019,14019,14019,2
2020-12-03,15:44:56,14019,14019,14019,2
2020-12-03,15:44:59,14019,14019,14019,2
2020-12-03,15:44:59,14019,14019,14019,4
2020-12-03,15:45:01,14019,14019,14019,2
2020-12-03,15:45:01,14019,14019,14019,6
2020-12-03,15:45:01,14020,14020,14020,14
2020-12-03,15:45:03,14019,14019,14019,4
2020-12-03,15:45:03,14020,14020,14020,2
2020-12-03,15:45:04,14020,14020,14020,2
2020-12-03,15:45:06,14020,14020,14020,12
2020-12-03,15:45:07,14020,14020,14020,2
2020-12-03,15:45:15,14020,14020,14020,16
2020-12-03,15:45:15,14020,14020,14020,2
2020-12-03,15:45:16,14020,14020,14020,6
2020-12-03,15:45:16,14020,14020,14020,2
2020-12-03,15:45:18,14020,14020,14020,4
2020-12-03,15:45:18,14019,14019,14019,2
2020-12-03,15:45:18,14020,14020,14020,2
2020-12-03,15:45:18,14020,14020,14020,2
2020-12-03,15:45:19,14020,14020,14020,12
2020-12-03,15:45:19,14020,14020,14020,2
2020-12-03,15:45:19,14020,14020,14020,8
2020-12-03,15:45:21,14020,14020,14020,10
2020-12-03,15:45:21,14020,14020,14020,18
2020-12-03,15:45:21,14020,14020,14020,4
2020-12-03,15:45:22,14020,14020,14020,2
2020-12-03,15:45:22,14021,14021,14021,2
2020-12-03,15:45:22,14021,14021,14021,2
2020-12-03,15:45:22,14021,14021,14021,2
2020-12-03,15:45:23,14021,14021,14021,2
2020-12-03,15:45:23,14020,14020,14020,4
2020-12-03,15:45:23,14020,14020,14020,2
2020-12-03,15:45:25,14021,14021,14021,2
2020-12-03,15:45:25,14021,14021,14021,4
2020-12-03,15:45:26,14020,14020,14020,2
2020-12-03,15:45:26,14019,14019,14019,2
2020-12-03,15:45:27,14020,14020,14020,2
2020-12-03,15:45:28,14020,14020,14020,2
2020-12-03,15:45:29,14020,14020,14020,2
2020-12-03,15:45:33,14019,14019,14019,2
2020-12-03,15:45:33,14019,14019,14019,2
2020-12-03,15:45:33,14019,14019,14019,2
2020-12-03,15:45:33,14019,14019,14019,2
2020-12-03,15:45:33,14019,14019,14019,2
2020-12-03,15:45:33,14019,14019,14019,2
2020-12-03,15:45:33,14019,14019,14019,4
2020-12-03,15:45:33,14019,14019,14019,2
2020-12-03,15:45:34,14018,14018,14018,2
2020-12-03,15:45:34,14018,14018,14018,4
2020-12-03,15:45:34,14019,14019,14019,2
2020-12-03,15:45:34,14018,14018,14018,2
2020-12-03,15:45:34,14018,14018,14018,2
2020-12-03,15:45:34,14018,14018,14018,2
2020-12-03,15:45:34,14018,14018,14018,8
2020-12-03,15:45:34,14018,14018,14018,4
2020-12-03,15:45:34,14018,14018,14018,4
2020-12-03,15:45:34,14018,14018,14018,2
2020-12-03,15:45:34,14018,14018,14018,2
2020-12-03,15:45:34,14018,14018,14018,2
2020-12-03,15:45:46,14017,14017,14017,2
2020-12-03,15:45:49,14017,14017,14017,2
2020-12-03,15:45:49,14017,14017,14017,12
2020-12-03,15:45:49,14017,14017,14017,2
2020-12-03,15:45:49,14017,14017,14017,4
2020-12-03,15:45:49,14017,14017,14017,2
2020-12-03,15:45:49,14017,14017,14017,2
2020-12-03,15:45:49,14016,14016,14016,2
2020-12-03,15:45:49,14017,14017,14017,4
2020-12-03,15:45:49,14016,14016,14016,2
2020-12-03,15:45:49,14016,14016,14016,2
2020-12-03,15:45:49,14016,14016,14016,2
2020-12-03,15:45:53,14015,14015,14015,2
2020-12-03,15:45:54,14015,14015,14015,2
2020-12-03,15:45:55,14015,14015,14015,2
2020-12-03,15:45:55,14015,14015,14015,2
