2024-04-09 15:00:00.001,20885,20885,20885,184,0
2024-04-09 15:00:00.001,20885,20885,20885,2,0
2024-04-09 15:00:00.001,20884,20884,20884,2,-2
2024-04-09 15:00:00.001,20884,20884,20884,2,0
2024-04-09 15:00:00.001,20884,20884,20884,4,0
2024-04-09 15:00:00.001,20880,20880,20880,2,-2
2024-04-09 15:00:00.001,20879,20879,20879,2,-2
2024-04-09 15:00:00.001,20879,20879,20879,2,0
2024-04-09 15:00:00.001,20885,20885,20885,4,4
2024-04-09 15:00:00.001,20885,20885,20885,4,0
2024-04-09 15:00:00.001,20885,20885,20885,4,0
2024-04-09 15:00:00.001,20885,20885,20885,2,0
2024-04-09 15:00:00.001,20885,20885,20885,2,0
2024-04-09 15:00:00.001,20885,20885,20885,4,0
2024-04-09 15:00:00.001,20885,20885,20885,4,0
2024-04-09 15:00:00.001,20885,20885,20885,2,0
2024-04-09 15:00:00.001,20886,20886,20886,2,2
2024-04-09 15:00:00.001,20885,20885,20885,2,-2
2024-04-09 15:00:00.001,20886,20886,20886,2,2
2024-04-09 15:00:00.001,20880,20880,20880,2,-2
2024-04-09 15:00:00.001,20879,20879,20879,2,-2
2024-04-09 15:00:00.001,20882,20882,20882,2,2
2024-04-09 15:00:00.001,20881,20881,20881,6,-6
2024-04-09 15:00:00.001,20882,20882,20882,8,8
2024-04-09 15:00:00.001,20883,20883,20883,6,6
2024-04-09 15:00:00.001,20884,20884,20884,2,2
2024-04-09 15:00:00.001,20881,20881,20881,2,-2
2024-04-09 15:00:00.001,20884,20884,20884,2,2
2024-04-09 15:00:00.001,20884,20884,20884,2,0
2024-04-09 15:00:00.001,20884,20884,20884,2,0
2024-04-09 15:00:00.001,20885,20885,20885,8,8
2024-04-09 15:00:00.001,20886,20886,20886,4,4
2024-04-09 15:00:00.001,20885,20885,20885,2,-2
2024-04-09 15:00:00.001,20886,20886,20886,4,4
2024-04-09 15:00:00.001,20885,20885,20885,4,-4
2024-04-09 15:00:00.001,20886,20886,20886,2,2
2024-04-09 15:00:00.001,20884,20884,20884,2,-2
2024-04-09 15:00:00.001,20884,20884,20884,2,0
2024-04-09 15:00:00.001,20887,20887,20887,6,6
2024-04-09 15:00:00.001,20884,20884,20884,2,-2
2024-04-09 15:00:00.001,20883,20883,20883,2,-2
2024-04-09 15:00:00.001,20883,20883,20883,2,0
2024-04-09 15:00:00.001,20883,20883,20883,2,0
2024-04-09 15:00:00.001,20884,20884,20884,2,2
2024-04-09 15:00:00.001,20884,20884,20884,2,0
2024-04-09 15:00:00.001,20884,20884,20884,2,0
2024-04-09 15:00:00.001,20883,20883,20883,2,-2
2024-04-09 15:00:00.001,20883,20883,20883,2,0
2024-04-09 15:00:00.001,20882,20882,20882,2,-2
2024-04-09 15:00:00.001,20882,20882,20882,2,0
2024-04-09 15:00:00.001,20880,20880,20880,2,-2
2024-04-09 15:00:00.001,20881,20881,20881,2,2
2024-04-09 15:00:00.001,20880,20880,20880,2,-2
2024-04-09 15:00:00.001,20880,20880,20880,2,0
2024-04-09 15:00:00.001,20878,20878,20878,2,-2
2024-04-09 15:00:00.001,20878,20878,20878,2,0
2024-04-09 15:00:00.001,20880,20880,20880,2,2
2024-04-09 15:00:00.001,20880,20880,20880,2,0
2024-04-09 15:00:01.001,20878,20878,20878,2,-2
2024-04-09 15:00:01.001,20878,20878,20878,4,0
2024-04-09 15:00:01.001,20878,20878,20878,2,0
2024-04-09 15:00:01.001,20877,20877,20877,2,-2
2024-04-09 15:00:01.001,20877,20877,20877,2,0
2024-04-09 15:00:01.001,20877,20877,20877,2,0
2024-04-09 15:00:01.001,20877,20877,20877,2,0
2024-04-09 15:00:01.001,20879,20879,20879,2,2
2024-04-09 15:00:01.001,20880,20880,20880,4,4
2024-04-09 15:00:01.001,20880,20880,20880,2,0
2024-04-09 15:00:01.001,20880,20880,20880,6,0
2024-04-09 15:00:01.001,20880,20880,20880,2,0
2024-04-09 15:00:01.001,20881,20881,20881,2,2
2024-04-09 15:00:01.001,20881,20881,20881,2,0
2024-04-09 15:00:01.001,20881,20881,20881,2,0
2024-04-09 15:00:01.001,20881,20881,20881,10,0
2024-04-09 15:00:01.001,20880,20880,20880,2,-2
2024-04-09 15:00:01.001,20880,20880,20880,2,0
2024-04-09 15:00:02.001,20879,20879,20879,2,-2
2024-04-09 15:00:02.001,20878,20878,20878,2,-2
2024-04-09 15:00:02.001,20878,20878,20878,2,0
2024-04-09 15:00:02.001,20881,20881,20881,14,14
2024-04-09 15:00:02.001,20882,20882,20882,10,10
2024-04-09 15:00:02.001,20883,20883,20883,10,10
2024-04-09 15:00:02.001,20884,20884,20884,12,12
2024-04-09 15:00:02.001,20881,20881,20881,2,-2
2024-04-09 15:00:02.001,20882,20882,20882,2,2
2024-04-09 15:00:02.001,20882,20882,20882,2,0
2024-04-09 15:00:02.001,20881,20881,20881,2,-2
2024-04-09 15:00:02.001,20881,20881,20881,2,0
2024-04-09 15:00:02.001,20881,20881,20881,2,0
2024-04-09 15:00:02.001,20880,20880,20880,2,-2
2024-04-09 15:00:02.001,20880,20880,20880,2,0
2024-04-09 15:00:02.001,20880,20880,20880,2,0
2024-04-09 15:00:02.001,20880,20880,20880,2,0
2024-04-09 15:00:02.001,20880,20880,20880,4,0
2024-04-09 15:00:03.001,20880,20880,20880,2,0
2024-04-09 15:00:03.001,20879,20879,20879,2,-2
2024-04-09 15:00:03.001,20879,20879,20879,2,0
2024-04-09 15:00:03.001,20879,20879,20879,2,0
2024-04-09 15:00:04.001,20878,20878,20878,2,-2
2024-04-09 15:00:04.001,20878,20878,20878,2,0
2024-04-09 15:00:04.001,20878,20878,20878,2,0
2024-04-09 15:00:04.001,20880,20880,20880,4,4
2024-04-09 15:00:04.001,20880,20880,20880,4,0
2024-04-09 15:00:04.001,20880,20880,20880,2,0
2024-04-09 15:00:04.001,20880,20880,20880,2,0
2024-04-09 15:00:04.001,20879,20879,20879,18,-18
2024-04-09 15:00:04.001,20879,20879,20879,2,0
2024-04-09 15:00:04.001,20879,20879,20879,2,0
2024-04-09 15:00:04.001,20878,20878,20878,2,-2
2024-04-09 15:00:04.001,20878,20878,20878,2,0
2024-04-09 15:00:04.001,20878,20878,20878,2,0
2024-04-09 15:00:04.001,20877,20877,20877,2,-2
2024-04-09 15:00:05.001,20877,20877,20877,2,0
2024-04-09 15:00:05.001,20877,20877,20877,2,0
2024-04-09 15:00:05.001,20877,20877,20877,2,0
2024-04-09 15:00:05.001,20877,20877,20877,8,0
2024-04-09 15:00:05.001,20879,20879,20879,2,2
2024-04-09 15:00:05.001,20878,20878,20878,2,-2
2024-04-09 15:00:06.001,20879,20879,20879,12,12
2024-04-09 15:00:06.001,20880,20880,20880,22,22
2024-04-09 15:00:06.001,20880,20880,20880,4,0
2024-04-09 15:00:06.001,20880,20880,20880,2,0
2024-04-09 15:00:06.001,20880,20880,20880,4,0
2024-04-09 15:00:06.001,20880,20880,20880,2,0
2024-04-09 15:00:06.001,20880,20880,20880,2,0
2024-04-09 15:00:06.001,20880,20880,20880,2,0
2024-04-09 15:00:06.001,20879,20879,20879,10,-10
2024-04-09 15:00:06.001,20879,20879,20879,2,0
2024-04-09 15:00:06.001,20879,20879,20879,2,0
2024-04-09 15:00:06.001,20879,20879,20879,2,0
2024-04-09 15:00:07.001,20880,20880,20880,8,8
2024-04-09 15:00:07.001,20879,20879,20879,2,-2
2024-04-09 15:00:07.001,20879,20879,20879,4,0
2024-04-09 15:00:07.001,20879,20879,20879,2,0
2024-04-09 15:00:07.001,20879,20879,20879,2,0
2024-04-09 15:00:07.001,20879,20879,20879,4,0
2024-04-09 15:00:07.001,20880,20880,20880,2,2
2024-04-09 15:00:07.001,20879,20879,20879,2,-2
2024-04-09 15:00:07.001,20879,20879,20879,2,0
2024-04-09 15:00:07.001,20879,20879,20879,4,0
2024-04-09 15:00:07.001,20879,20879,20879,2,0
2024-04-09 15:00:09.001,20879,20879,20879,12,0
2024-04-09 15:00:09.001,20881,20881,20881,24,24
2024-04-09 15:00:09.001,20882,20882,20882,2,2
2024-04-09 15:00:09.001,20881,20881,20881,2,-2
2024-04-09 15:00:09.001,20881,20881,20881,2,0
2024-04-09 15:00:09.001,20881,20881,20881,2,0
2024-04-09 15:00:09.001,20881,20881,20881,4,0
2024-04-09 15:00:09.001,20881,20881,20881,2,0
2024-04-09 15:00:09.001,20881,20881,20881,2,0
2024-04-09 15:00:10.001,20880,20880,20880,2,-2
2024-04-09 15:00:11.001,20879,20879,20879,2,-2
2024-04-09 15:00:11.001,20879,20879,20879,2,0
2024-04-09 15:00:12.001,20880,20880,20880,20,20
2024-04-09 15:00:12.001,20880,20880,20880,2,0
2024-04-09 15:00:12.001,20880,20880,20880,2,0
2024-04-09 15:00:12.001,20880,20880,20880,4,0
2024-04-09 15:00:12.001,20880,20880,20880,2,0
2024-04-09 15:00:12.001,20880,20880,20880,2,0
2024-04-09 15:00:12.001,20880,20880,20880,16,0
2024-04-09 15:00:12.001,20881,20881,20881,14,14
2024-04-09 15:00:12.001,20882,20882,20882,10,10
2024-04-09 15:00:12.001,20880,20880,20880,2,-2
2024-04-09 15:00:12.001,20880,20880,20880,2,0
2024-04-09 15:00:12.001,20881,20881,20881,8,8
2024-04-09 15:00:12.001,20880,20880,20880,2,-2
2024-04-09 15:00:14.001,20880,20880,20880,4,0
2024-04-09 15:00:14.001,20879,20879,20879,2,-2
2024-04-09 15:00:14.001,20879,20879,20879,2,0
2024-04-09 15:00:14.001,20878,20878,20878,2,-2
2024-04-09 15:00:14.001,20878,20878,20878,2,0
2024-04-09 15:00:14.001,20878,20878,20878,2,0
2024-04-09 15:00:14.001,20878,20878,20878,2,0
2024-04-09 15:00:14.001,20880,20880,20880,8,8
2024-04-09 15:00:15.001,20878,20878,20878,4,-4
2024-04-09 15:00:15.001,20878,20878,20878,2,0
2024-04-09 15:00:15.001,20878,20878,20878,2,0
2024-04-09 15:00:15.001,20878,20878,20878,2,0
2024-04-09 15:00:15.001,20878,20878,20878,2,0
2024-04-09 15:00:15.001,20879,20879,20879,4,4
2024-04-09 15:00:15.001,20879,20879,20879,10,0
2024-04-09 15:00:15.001,20880,20880,20880,2,2
2024-04-09 15:00:15.001,20879,20879,20879,2,-2
2024-04-09 15:00:16.001,20879,20879,20879,4,0
2024-04-09 15:00:16.001,20879,20879,20879,4,0
2024-04-09 15:00:16.001,20879,20879,20879,2,0
2024-04-09 15:00:18.001,20880,20880,20880,2,2
2024-04-09 15:00:19.001,20880,20880,20880,10,0
2024-04-09 15:00:20.001,20880,20880,20880,2,0
2024-04-09 15:00:20.001,20880,20880,20880,2,0
2024-04-09 15:00:20.001,20880,20880,20880,4,0
2024-04-09 15:00:20.001,20880,20880,20880,2,0
2024-04-09 15:00:20.001,20880,20880,20880,2,0
2024-04-09 15:00:20.001,20880,20880,20880,2,0
2024-04-09 15:00:20.001,20881,20881,20881,8,8
2024-04-09 15:00:20.001,20882,20882,20882,20,20
2024-04-09 15:00:20.001,20883,20883,20883,2,2
2024-04-09 15:00:20.001,20882,20882,20882,2,-2
2024-04-09 15:00:21.001,20883,20883,20883,2,2
2024-04-09 15:00:21.001,20884,20884,20884,2,2
2024-04-09 15:00:21.001,20883,20883,20883,2,-2
2024-04-09 15:00:21.001,20882,20882,20882,2,-2
2024-04-09 15:00:21.001,20882,20882,20882,2,0
2024-04-09 15:00:22.001,20882,20882,20882,2,0
2024-04-09 15:00:22.001,20882,20882,20882,2,0
2024-04-09 15:00:23.001,20882,20882,20882,2,0
2024-04-09 15:00:23.001,20882,20882,20882,2,0
2024-04-09 15:00:23.001,20882,20882,20882,2,0
2024-04-09 15:00:23.001,20882,20882,20882,2,0
2024-04-09 15:00:23.001,20882,20882,20882,6,0
2024-04-09 15:00:23.001,20882,20882,20882,2,0
2024-04-09 15:00:24.001,20882,20882,20882,2,0
2024-04-09 15:00:24.001,20883,20883,20883,2,2
2024-04-09 15:00:24.001,20882,20882,20882,2,-2
2024-04-09 15:00:24.001,20882,20882,20882,4,0
2024-04-09 15:00:24.001,20882,20882,20882,2,0
2024-04-09 15:00:24.001,20882,20882,20882,2,0
2024-04-09 15:00:24.001,20882,20882,20882,2,0
2024-04-09 15:00:24.001,20882,20882,20882,4,0
2024-04-09 15:00:24.001,20882,20882,20882,2,0
2024-04-09 15:00:24.001,20882,20882,20882,2,0
2024-04-09 15:00:25.001,20882,20882,20882,2,0
2024-04-09 15:00:25.001,20882,20882,20882,2,0
2024-04-09 15:00:25.001,20882,20882,20882,2,0
2024-04-09 15:00:25.001,20883,20883,20883,2,2
2024-04-09 15:00:26.001,20883,20883,20883,4,0
2024-04-09 15:00:28.001,20882,20882,20882,2,-2
2024-04-09 15:00:28.001,20882,20882,20882,2,0
2024-04-09 15:00:28.001,20881,20881,20881,2,-2
2024-04-09 15:00:28.001,20881,20881,20881,2,0
2024-04-09 15:00:28.001,20881,20881,20881,2,0
2024-04-09 15:00:29.001,20882,20882,20882,2,2
2024-04-09 15:00:29.001,20882,20882,20882,2,0
2024-04-09 15:00:29.001,20882,20882,20882,2,0
2024-04-09 15:00:29.001,20882,20882,20882,2,0
2024-04-09 15:00:30.001,20882,20882,20882,2,0
2024-04-09 15:00:30.001,20883,20883,20883,8,8
2024-04-09 15:00:30.001,20882,20882,20882,2,-2
2024-04-09 15:00:30.001,20883,20883,20883,14,14
2024-04-09 15:00:31.001,20884,20884,20884,2,2
2024-04-09 15:00:31.001,20884,20884,20884,4,0
2024-04-09 15:00:31.001,20884,20884,20884,8,0
2024-04-09 15:00:35.001,20883,20883,20883,2,-2
2024-04-09 15:00:35.001,20883,20883,20883,2,0
2024-04-09 15:00:36.001,20882,20882,20882,2,-2
2024-04-09 15:00:36.001,20883,20883,20883,4,4
2024-04-09 15:00:39.001,20882,20882,20882,2,-2
2024-04-09 15:00:39.001,20882,20882,20882,2,0
2024-04-09 15:00:39.001,20882,20882,20882,2,0
2024-04-09 15:00:40.001,20882,20882,20882,2,0
2024-04-09 15:00:40.001,20882,20882,20882,2,0
2024-04-09 15:00:40.001,20883,20883,20883,2,2
2024-04-09 15:00:40.001,20883,20883,20883,2,0
2024-04-09 15:00:42.001,20882,20882,20882,2,-2
2024-04-09 15:00:42.001,20882,20882,20882,6,0
2024-04-09 15:00:42.001,20883,20883,20883,2,2
2024-04-09 15:00:43.001,20883,20883,20883,2,0
2024-04-09 15:00:43.001,20883,20883,20883,2,0
2024-04-09 15:00:44.001,20883,20883,20883,2,0
2024-04-09 15:00:44.001,20882,20882,20882,2,-2
2024-04-09 15:00:44.001,20883,20883,20883,2,2
2024-04-09 15:00:44.001,20883,20883,20883,8,0
2024-04-09 15:00:45.001,20882,20882,20882,4,-4
2024-04-09 15:00:45.001,20882,20882,20882,2,0
2024-04-09 15:00:46.001,20882,20882,20882,2,0
2024-04-09 15:00:46.001,20881,20881,20881,2,-2
2024-04-09 15:00:46.001,20881,20881,20881,4,0
2024-04-09 15:00:46.001,20881,20881,20881,4,0
2024-04-09 15:00:46.001,20881,20881,20881,2,0
2024-04-09 15:00:47.001,20882,20882,20882,4,4
2024-04-09 15:00:48.001,20880,20880,20880,2,-2
2024-04-09 15:00:48.001,20880,20880,20880,4,0
2024-04-09 15:00:48.001,20880,20880,20880,2,0
2024-04-09 15:00:48.001,20880,20880,20880,2,0
2024-04-09 15:00:48.001,20880,20880,20880,2,0
2024-04-09 15:00:48.001,20880,20880,20880,2,0
2024-04-09 15:00:48.001,20880,20880,20880,2,0
2024-04-09 15:00:48.001,20880,20880,20880,2,0
2024-04-09 15:00:49.001,20881,20881,20881,2,2
2024-04-09 15:00:49.001,20879,20879,20879,2,-2
2024-04-09 15:00:49.001,20879,20879,20879,4,0
2024-04-09 15:00:49.001,20879,20879,20879,2,0
2024-04-09 15:00:49.001,20879,20879,20879,2,0
2024-04-09 15:00:49.001,20879,20879,20879,2,0
2024-04-09 15:00:49.001,20879,20879,20879,14,0
2024-04-09 15:00:49.001,20879,20879,20879,4,0
2024-04-09 15:00:49.001,20879,20879,20879,2,0
2024-04-09 15:00:50.001,20878,20878,20878,2,-2
2024-04-09 15:00:50.001,20878,20878,20878,2,0
2024-04-09 15:00:50.001,20878,20878,20878,2,0
2024-04-09 15:00:50.001,20878,20878,20878,4,0
2024-04-09 15:00:50.001,20878,20878,20878,8,0
2024-04-09 15:00:50.001,20878,20878,20878,4,0
2024-04-09 15:00:50.001,20878,20878,20878,2,0
2024-04-09 15:00:50.001,20878,20878,20878,2,0
2024-04-09 15:00:50.001,20878,20878,20878,2,0
2024-04-09 15:00:50.001,20878,20878,20878,4,0
2024-04-09 15:00:50.001,20878,20878,20878,2,0
2024-04-09 15:00:50.001,20878,20878,20878,2,0
2024-04-09 15:00:51.001,20878,20878,20878,2,0
2024-04-09 15:00:51.001,20878,20878,20878,2,0
2024-04-09 15:00:51.001,20878,20878,20878,2,0
2024-04-09 15:00:51.001,20877,20877,20877,2,-2
2024-04-09 15:00:51.001,20878,20878,20878,2,2
2024-04-09 15:00:51.001,20879,20879,20879,2,2
2024-04-09 15:00:52.001,20878,20878,20878,2,-2
2024-04-09 15:00:54.001,20878,20878,20878,2,0
2024-04-09 15:00:54.001,20878,20878,20878,2,0
2024-04-09 15:00:54.001,20879,20879,20879,2,2
2024-04-09 15:00:55.001,20879,20879,20879,2,0
2024-04-09 15:00:55.001,20879,20879,20879,2,0
2024-04-09 15:00:55.001,20879,20879,20879,2,0
2024-04-09 15:00:55.001,20879,20879,20879,4,0
2024-04-09 15:00:56.001,20879,20879,20879,2,0
2024-04-09 15:00:56.001,20879,20879,20879,2,0
2024-04-09 15:00:57.001,20879,20879,20879,2,0
2024-04-09 15:00:57.001,20879,20879,20879,2,0
2024-04-09 15:00:57.001,20880,20880,20880,2,2
2024-04-09 15:00:57.001,20880,20880,20880,2,0
2024-04-09 15:00:57.001,20880,20880,20880,2,0
2024-04-09 15:01:00.001,20881,20881,20881,12,12
2024-04-09 15:01:00.001,20880,20880,20880,8,-8
2024-04-09 15:01:00.001,20880,20880,20880,6,0
2024-04-09 15:01:00.001,20880,20880,20880,2,0
2024-04-09 15:01:00.001,20880,20880,20880,6,0
2024-04-09 15:01:00.001,20879,20879,20879,2,-2
2024-04-09 15:01:00.001,20879,20879,20879,2,0
2024-04-09 15:01:00.001,20879,20879,20879,2,0
2024-04-09 15:01:00.001,20879,20879,20879,2,0
2024-04-09 15:01:00.001,20879,20879,20879,4,0
2024-04-09 15:01:00.001,20879,20879,20879,2,0
2024-04-09 15:01:00.001,20880,20880,20880,4,4
2024-04-09 15:01:00.001,20880,20880,20880,2,0
2024-04-09 15:01:00.001,20881,20881,20881,2,2
2024-04-09 15:01:01.001,20880,20880,20880,2,-2
2024-04-09 15:01:02.001,20880,20880,20880,2,0
2024-04-09 15:01:03.001,20879,20879,20879,2,-2
2024-04-09 15:01:05.001,20880,20880,20880,2,2
2024-04-09 15:01:06.001,20878,20878,20878,2,-2
2024-04-09 15:01:06.001,20878,20878,20878,2,0
2024-04-09 15:01:06.001,20878,20878,20878,2,0
2024-04-09 15:01:06.001,20877,20877,20877,2,-2
2024-04-09 15:01:06.001,20878,20878,20878,2,2
2024-04-09 15:01:08.001,20877,20877,20877,2,-2
2024-04-09 15:01:08.001,20878,20878,20878,2,2
2024-04-09 15:01:08.001,20878,20878,20878,4,0
2024-04-09 15:01:09.001,20878,20878,20878,2,0
2024-04-09 15:01:09.001,20879,20879,20879,2,2
2024-04-09 15:01:10.001,20878,20878,20878,2,-2
2024-04-09 15:01:10.001,20877,20877,20877,2,-2
2024-04-09 15:01:12.001,20878,20878,20878,2,2
2024-04-09 15:01:13.001,20877,20877,20877,2,-2
2024-04-09 15:01:13.001,20877,20877,20877,2,0
2024-04-09 15:01:13.001,20877,20877,20877,2,0
2024-04-09 15:01:13.001,20879,20879,20879,2,2
2024-04-09 15:01:13.001,20879,20879,20879,4,0
2024-04-09 15:01:14.001,20878,20878,20878,2,-2
2024-04-09 15:01:15.001,20879,20879,20879,2,2
2024-04-09 15:01:15.001,20879,20879,20879,2,0
2024-04-09 15:01:15.001,20879,20879,20879,2,0
2024-04-09 15:01:16.001,20880,20880,20880,2,2
2024-04-09 15:01:16.001,20880,20880,20880,2,0
2024-04-09 15:01:16.001,20880,20880,20880,4,0
2024-04-09 15:01:16.001,20880,20880,20880,4,0
2024-04-09 15:01:16.001,20880,20880,20880,4,0
2024-04-09 15:01:16.001,20880,20880,20880,2,0
2024-04-09 15:01:16.001,20880,20880,20880,14,0
2024-04-09 15:01:17.001,20880,20880,20880,2,0
2024-04-09 15:01:18.001,20879,20879,20879,6,-6
2024-04-09 15:01:18.001,20879,20879,20879,4,0
2024-04-09 15:01:18.001,20879,20879,20879,4,0
2024-04-09 15:01:18.001,20880,20880,20880,2,2
2024-04-09 15:01:20.001,20879,20879,20879,2,-2
2024-04-09 15:01:20.001,20879,20879,20879,6,0
2024-04-09 15:01:20.001,20879,20879,20879,4,0
2024-04-09 15:01:20.001,20879,20879,20879,2,0
2024-04-09 15:01:21.001,20878,20878,20878,2,-2
2024-04-09 15:01:22.001,20878,20878,20878,2,0
2024-04-09 15:01:23.001,20878,20878,20878,2,0
2024-04-09 15:01:25.001,20879,20879,20879,2,2
2024-04-09 15:01:28.001,20878,20878,20878,6,-6
2024-04-09 15:01:28.001,20878,20878,20878,14,0
2024-04-09 15:01:29.001,20877,20877,20877,2,-2
2024-04-09 15:01:29.001,20877,20877,20877,2,0
2024-04-09 15:01:29.001,20877,20877,20877,2,0
2024-04-09 15:01:30.001,20876,20876,20876,2,-2
2024-04-09 15:01:31.001,20876,20876,20876,2,0
2024-04-09 15:01:31.001,20876,20876,20876,2,0
2024-04-09 15:01:31.001,20876,20876,20876,2,0
2024-04-09 15:01:31.001,20876,20876,20876,2,0
2024-04-09 15:01:31.001,20876,20876,20876,2,0
2024-04-09 15:01:31.001,20876,20876,20876,2,0
2024-04-09 15:01:31.001,20876,20876,20876,2,0
2024-04-09 15:01:34.001,20875,20875,20875,2,-2
2024-04-09 15:01:34.001,20875,20875,20875,2,0
2024-04-09 15:01:35.001,20876,20876,20876,2,2
2024-04-09 15:01:39.001,20876,20876,20876,4,0
2024-04-09 15:01:40.001,20876,20876,20876,2,0
2024-04-09 15:01:40.001,20876,20876,20876,2,0
2024-04-09 15:01:42.001,20877,20877,20877,2,2
2024-04-09 15:01:48.001,20877,20877,20877,2,0
2024-04-09 15:01:48.001,20877,20877,20877,6,0
2024-04-09 15:01:52.001,20877,20877,20877,2,0
2024-04-09 15:01:52.001,20876,20876,20876,2,-2
2024-04-09 15:01:53.001,20877,20877,20877,2,2
2024-04-09 15:01:55.001,20876,20876,20876,2,-2
2024-04-09 15:01:58.001,20877,20877,20877,2,2
2024-04-09 15:01:58.001,20877,20877,20877,2,0
2024-04-09 15:02:01.001,20878,20878,20878,4,4
2024-04-09 15:02:02.001,20877,20877,20877,2,-2
2024-04-09 15:02:02.001,20877,20877,20877,2,0
2024-04-09 15:02:02.001,20877,20877,20877,2,0
2024-04-09 15:02:02.001,20876,20876,20876,2,-2
2024-04-09 15:02:02.001,20876,20876,20876,4,0
2024-04-09 15:02:02.001,20876,20876,20876,2,0
2024-04-09 15:02:02.001,20876,20876,20876,4,0
2024-04-09 15:02:02.001,20876,20876,20876,4,0
2024-04-09 15:02:02.001,20876,20876,20876,2,0
2024-04-09 15:02:02.001,20876,20876,20876,2,0
2024-04-09 15:02:02.001,20876,20876,20876,2,0
2024-04-09 15:02:04.001,20876,20876,20876,2,0
2024-04-09 15:02:04.001,20875,20875,20875,2,-2
2024-04-09 15:02:04.001,20875,20875,20875,4,0
2024-04-09 15:02:04.001,20875,20875,20875,2,0
2024-04-09 15:02:05.001,20876,20876,20876,2,2
2024-04-09 15:02:05.001,20876,20876,20876,2,0
2024-04-09 15:02:05.001,20876,20876,20876,2,0
2024-04-09 15:02:08.001,20876,20876,20876,2,0
2024-04-09 15:02:09.001,20876,20876,20876,2,0
2024-04-09 15:02:11.001,20876,20876,20876,2,0
2024-04-09 15:02:12.001,20876,20876,20876,2,0
2024-04-09 15:02:13.001,20875,20875,20875,4,-4
2024-04-09 15:02:14.001,20875,20875,20875,2,0
2024-04-09 15:02:14.001,20876,20876,20876,10,10
2024-04-09 15:02:16.001,20877,20877,20877,2,2
2024-04-09 15:02:17.001,20876,20876,20876,2,-2
2024-04-09 15:02:17.001,20876,20876,20876,4,0
2024-04-09 15:02:17.001,20876,20876,20876,2,0
2024-04-09 15:02:17.001,20876,20876,20876,2,0
2024-04-09 15:02:17.001,20876,20876,20876,4,0
2024-04-09 15:02:18.001,20875,20875,20875,2,-2
2024-04-09 15:02:18.001,20875,20875,20875,2,0
2024-04-09 15:02:20.001,20875,20875,20875,2,0
2024-04-09 15:02:21.001,20875,20875,20875,6,0
2024-04-09 15:02:21.001,20875,20875,20875,4,0
2024-04-09 15:02:21.001,20875,20875,20875,6,0
2024-04-09 15:02:21.001,20875,20875,20875,8,0
2024-04-09 15:02:21.001,20875,20875,20875,10,0
2024-04-09 15:02:21.001,20875,20875,20875,52,0
2024-04-09 15:02:21.001,20875,20875,20875,4,0
2024-04-09 15:02:21.001,20875,20875,20875,2,0
2024-04-09 15:02:21.001,20874,20874,20874,4,-4
2024-04-09 15:02:21.001,20874,20874,20874,16,0
2024-04-09 15:02:21.001,20874,20874,20874,4,0
2024-04-09 15:02:22.001,20873,20873,20873,2,-2
2024-04-09 15:02:22.001,20873,20873,20873,2,0
2024-04-09 15:02:22.001,20874,20874,20874,2,2
2024-04-09 15:02:22.001,20872,20872,20872,2,-2
2024-04-09 15:02:24.001,20872,20872,20872,8,0
2024-04-09 15:02:27.001,20873,20873,20873,2,2
2024-04-09 15:02:29.001,20873,20873,20873,2,0
2024-04-09 15:02:29.001,20873,20873,20873,2,0
2024-04-09 15:02:29.001,20873,20873,20873,4,0
2024-04-09 15:02:30.001,20874,20874,20874,2,2
2024-04-09 15:02:31.001,20874,20874,20874,2,0
2024-04-09 15:02:31.001,20874,20874,20874,2,0
2024-04-09 15:02:31.001,20874,20874,20874,2,0
2024-04-09 15:02:32.001,20874,20874,20874,2,0
2024-04-09 15:02:32.001,20874,20874,20874,2,0
2024-04-09 15:02:32.001,20874,20874,20874,2,0
2024-04-09 15:02:33.001,20875,20875,20875,2,2
2024-04-09 15:02:35.001,20873,20873,20873,2,-2
2024-04-09 15:02:36.001,20874,20874,20874,2,2
2024-04-09 15:02:40.001,20873,20873,20873,2,-2
2024-04-09 15:02:40.001,20873,20873,20873,2,0
2024-04-09 15:02:40.001,20873,20873,20873,2,0
2024-04-09 15:02:40.001,20873,20873,20873,2,0
2024-04-09 15:02:41.001,20873,20873,20873,2,0
2024-04-09 15:02:42.001,20872,20872,20872,4,-4
2024-04-09 15:02:42.001,20872,20872,20872,20,0
2024-04-09 15:02:42.001,20872,20872,20872,2,0
2024-04-09 15:02:42.001,20872,20872,20872,4,0
2024-04-09 15:02:42.001,20872,20872,20872,2,0
2024-04-09 15:02:42.001,20872,20872,20872,2,0
2024-04-09 15:02:42.001,20871,20871,20871,2,-2
2024-04-09 15:02:42.001,20871,20871,20871,2,0
2024-04-09 15:02:42.001,20871,20871,20871,2,0
2024-04-09 15:02:42.001,20870,20870,20870,2,-2
2024-04-09 15:02:42.001,20870,20870,20870,2,0
2024-04-09 15:02:42.001,20870,20870,20870,6,0
2024-04-09 15:02:42.001,20870,20870,20870,2,0
2024-04-09 15:02:42.001,20870,20870,20870,2,0
2024-04-09 15:02:42.001,20870,20870,20870,2,0
2024-04-09 15:02:42.001,20869,20869,20869,2,-2
2024-04-09 15:02:42.001,20869,20869,20869,2,0
2024-04-09 15:02:44.001,20871,20871,20871,2,2
2024-04-09 15:02:44.001,20870,20870,20870,2,-2
2024-04-09 15:02:44.001,20869,20869,20869,2,-2
2024-04-09 15:02:44.001,20869,20869,20869,2,0
2024-04-09 15:02:45.001,20869,20869,20869,2,0
2024-04-09 15:02:45.001,20868,20868,20868,2,-2
2024-04-09 15:02:45.001,20868,20868,20868,2,0
2024-04-09 15:02:46.001,20868,20868,20868,2,0
2024-04-09 15:02:46.001,20867,20867,20867,2,-2
2024-04-09 15:02:46.001,20867,20867,20867,2,0
2024-04-09 15:02:47.001,20868,20868,20868,2,2
2024-04-09 15:02:47.001,20869,20869,20869,6,6
2024-04-09 15:02:47.001,20869,20869,20869,2,0
2024-04-09 15:02:48.001,20867,20867,20867,2,-2
2024-04-09 15:02:49.001,20868,20868,20868,2,2
2024-04-09 15:02:50.001,20869,20869,20869,4,4
2024-04-09 15:02:50.001,20869,20869,20869,2,0
2024-04-09 15:02:51.001,20869,20869,20869,2,0
2024-04-09 15:02:51.001,20869,20869,20869,2,0
2024-04-09 15:02:53.001,20869,20869,20869,2,0
2024-04-09 15:02:53.001,20869,20869,20869,2,0
2024-04-09 15:02:53.001,20870,20870,20870,8,8
2024-04-09 15:02:54.001,20870,20870,20870,2,0
2024-04-09 15:02:55.001,20871,20871,20871,2,2
2024-04-09 15:02:56.001,20870,20870,20870,2,-2
2024-04-09 15:02:57.001,20870,20870,20870,2,0
2024-04-09 15:02:59.001,20870,20870,20870,4,0
2024-04-09 15:02:59.001,20870,20870,20870,2,0
2024-04-09 15:03:00.001,20872,20872,20872,2,2
2024-04-09 15:03:00.001,20872,20872,20872,2,0
2024-04-09 15:03:00.001,20872,20872,20872,6,0
2024-04-09 15:03:00.001,20872,20872,20872,4,0
2024-04-09 15:03:00.001,20873,20873,20873,2,2
2024-04-09 15:03:00.001,20873,20873,20873,2,0
2024-04-09 15:03:00.001,20873,20873,20873,2,0
2024-04-09 15:03:00.001,20873,20873,20873,2,0
2024-04-09 15:03:01.001,20872,20872,20872,2,-2
2024-04-09 15:03:02.001,20871,20871,20871,2,-2
2024-04-09 15:03:02.001,20871,20871,20871,2,0
2024-04-09 15:03:07.001,20871,20871,20871,2,0
2024-04-09 15:03:08.001,20872,20872,20872,2,2
2024-04-09 15:03:08.001,20870,20870,20870,2,-2
2024-04-09 15:03:09.001,20870,20870,20870,2,0
2024-04-09 15:03:09.001,20870,20870,20870,2,0
2024-04-09 15:03:16.001,20871,20871,20871,2,2
2024-04-09 15:03:17.001,20871,20871,20871,2,0
2024-04-09 15:03:17.001,20870,20870,20870,2,-2
2024-04-09 15:03:17.001,20870,20870,20870,2,0
2024-04-09 15:03:17.001,20870,20870,20870,2,0
2024-04-09 15:03:22.001,20869,20869,20869,2,-2
2024-04-09 15:03:22.001,20869,20869,20869,2,0
2024-04-09 15:03:23.001,20871,20871,20871,2,2
2024-04-09 15:03:23.001,20870,20870,20870,2,-2
2024-04-09 15:03:23.001,20870,20870,20870,2,0
2024-04-09 15:03:23.001,20870,20870,20870,2,0
2024-04-09 15:03:24.001,20870,20870,20870,2,0
2024-04-09 15:03:25.001,20869,20869,20869,2,-2
2024-04-09 15:03:25.001,20869,20869,20869,2,0
2024-04-09 15:03:25.001,20869,20869,20869,2,0
2024-04-09 15:03:25.001,20869,20869,20869,2,0
2024-04-09 15:03:25.001,20869,20869,20869,2,0
2024-04-09 15:03:25.001,20869,20869,20869,2,0
2024-04-09 15:03:25.001,20869,20869,20869,2,0
2024-04-09 15:03:26.001,20869,20869,20869,2,0
2024-04-09 15:03:31.001,20868,20868,20868,2,-2
2024-04-09 15:03:31.001,20868,20868,20868,2,0
2024-04-09 15:03:31.001,20868,20868,20868,2,0
2024-04-09 15:03:31.001,20868,20868,20868,2,0
2024-04-09 15:03:31.001,20868,20868,20868,2,0
2024-04-09 15:03:32.001,20867,20867,20867,2,-2
2024-04-09 15:03:32.001,20867,20867,20867,8,0
2024-04-09 15:03:32.001,20867,20867,20867,2,0
2024-04-09 15:03:32.001,20867,20867,20867,2,0
2024-04-09 15:03:32.001,20867,20867,20867,2,0
2024-04-09 15:03:32.001,20867,20867,20867,2,0
2024-04-09 15:03:33.001,20867,20867,20867,2,0
2024-04-09 15:03:33.001,20866,20866,20866,10,-10
2024-04-09 15:03:34.001,20866,20866,20866,2,0
2024-04-09 15:03:34.001,20866,20866,20866,14,0
2024-04-09 15:03:34.001,20866,20866,20866,4,0
2024-04-09 15:03:34.001,20866,20866,20866,10,0
2024-04-09 15:03:34.001,20866,20866,20866,2,0
2024-04-09 15:03:34.001,20866,20866,20866,2,0
2024-04-09 15:03:34.001,20866,20866,20866,6,0
2024-04-09 15:03:34.001,20866,20866,20866,4,0
2024-04-09 15:03:34.001,20866,20866,20866,2,0
2024-04-09 15:03:35.001,20865,20865,20865,2,-2
2024-04-09 15:03:35.001,20865,20865,20865,2,0
2024-04-09 15:03:35.001,20865,20865,20865,2,0
2024-04-09 15:03:35.001,20865,20865,20865,2,0
2024-04-09 15:03:35.001,20865,20865,20865,4,0
2024-04-09 15:03:35.001,20866,20866,20866,6,6
2024-04-09 15:03:35.001,20867,20867,20867,14,14
2024-04-09 15:03:35.001,20865,20865,20865,2,-2
2024-04-09 15:03:36.001,20865,20865,20865,2,0
2024-04-09 15:03:36.001,20866,20866,20866,2,2
2024-04-09 15:03:37.001,20864,20864,20864,2,-2
2024-04-09 15:03:37.001,20864,20864,20864,2,0
2024-04-09 15:03:38.001,20864,20864,20864,2,0
2024-04-09 15:03:39.001,20865,20865,20865,2,2
2024-04-09 15:03:40.001,20865,20865,20865,2,0
2024-04-09 15:03:43.001,20865,20865,20865,6,0
2024-04-09 15:03:43.001,20865,20865,20865,2,0
2024-04-09 15:03:44.001,20865,20865,20865,8,0
2024-04-09 15:03:44.001,20865,20865,20865,2,0
2024-04-09 15:03:44.001,20864,20864,20864,2,-2
2024-04-09 15:03:44.001,20864,20864,20864,2,0
2024-04-09 15:03:44.001,20864,20864,20864,2,0
2024-04-09 15:03:44.001,20864,20864,20864,2,0
2024-04-09 15:03:44.001,20865,20865,20865,2,2
2024-04-09 15:03:45.001,20866,20866,20866,2,2
2024-04-09 15:03:46.001,20866,20866,20866,6,0
2024-04-09 15:03:46.001,20867,20867,20867,2,2
2024-04-09 15:03:47.001,20867,20867,20867,2,0
2024-04-09 15:03:48.001,20865,20865,20865,2,-2
2024-04-09 15:03:48.001,20867,20867,20867,2,2
2024-04-09 15:03:49.001,20865,20865,20865,2,-2
2024-04-09 15:03:50.001,20867,20867,20867,2,2
2024-04-09 15:03:51.001,20867,20867,20867,2,0
2024-04-09 15:03:55.001,20867,20867,20867,2,0
2024-04-09 15:03:55.001,20866,20866,20866,8,-8
2024-04-09 15:03:55.001,20866,20866,20866,2,0
2024-04-09 15:03:56.001,20868,20868,20868,2,2
2024-04-09 15:03:58.001,20866,20866,20866,2,-2
2024-04-09 15:04:00.001,20867,20867,20867,2,2
2024-04-09 15:04:01.001,20867,20867,20867,2,0
2024-04-09 15:04:01.001,20867,20867,20867,2,0
2024-04-09 15:04:03.001,20867,20867,20867,2,0
2024-04-09 15:04:06.001,20866,20866,20866,2,-2
2024-04-09 15:04:06.001,20866,20866,20866,2,0
2024-04-09 15:04:06.001,20865,20865,20865,4,-4
2024-04-09 15:04:06.001,20865,20865,20865,2,0
2024-04-09 15:04:07.001,20865,20865,20865,2,0
2024-04-09 15:04:07.001,20865,20865,20865,2,0
2024-04-09 15:04:07.001,20865,20865,20865,2,0
2024-04-09 15:04:07.001,20865,20865,20865,2,0
2024-04-09 15:04:07.001,20865,20865,20865,4,0
2024-04-09 15:04:07.001,20865,20865,20865,2,0
2024-04-09 15:04:07.001,20865,20865,20865,2,0
2024-04-09 15:04:07.001,20865,20865,20865,2,0
2024-04-09 15:04:07.001,20865,20865,20865,2,0
2024-04-09 15:04:12.001,20865,20865,20865,2,0
2024-04-09 15:04:12.001,20864,20864,20864,6,-6
2024-04-09 15:04:13.001,20864,20864,20864,2,0
2024-04-09 15:04:13.001,20864,20864,20864,2,0
2024-04-09 15:04:13.001,20864,20864,20864,6,0
2024-04-09 15:04:13.001,20864,20864,20864,4,0
2024-04-09 15:04:13.001,20864,20864,20864,6,0
2024-04-09 15:04:15.001,20863,20863,20863,2,-2
2024-04-09 15:04:16.001,20863,20863,20863,2,0
2024-04-09 15:04:16.001,20863,20863,20863,2,0
2024-04-09 15:04:17.001,20863,20863,20863,2,0
2024-04-09 15:04:17.001,20864,20864,20864,2,2
2024-04-09 15:04:18.001,20863,20863,20863,6,-6
2024-04-09 15:04:18.001,20863,20863,20863,2,0
2024-04-09 15:04:18.001,20864,20864,20864,2,2
2024-04-09 15:04:18.001,20862,20862,20862,2,-2
2024-04-09 15:04:18.001,20862,20862,20862,2,0
2024-04-09 15:04:20.001,20862,20862,20862,2,0
2024-04-09 15:04:20.001,20862,20862,20862,2,0
2024-04-09 15:04:20.001,20864,20864,20864,2,2
2024-04-09 15:04:21.001,20864,20864,20864,2,0
2024-04-09 15:04:22.001,20864,20864,20864,6,0
2024-04-09 15:04:22.001,20864,20864,20864,8,0
2024-04-09 15:04:22.001,20864,20864,20864,4,0
2024-04-09 15:04:22.001,20864,20864,20864,4,0
2024-04-09 15:04:22.001,20865,20865,20865,2,2
2024-04-09 15:04:23.001,20863,20863,20863,4,-4
2024-04-09 15:04:23.001,20863,20863,20863,2,0
2024-04-09 15:04:23.001,20863,20863,20863,4,0
2024-04-09 15:04:23.001,20863,20863,20863,2,0
2024-04-09 15:04:23.001,20863,20863,20863,4,0
2024-04-09 15:04:23.001,20863,20863,20863,2,0
2024-04-09 15:04:23.001,20863,20863,20863,4,0
2024-04-09 15:04:23.001,20863,20863,20863,4,0
2024-04-09 15:04:23.001,20863,20863,20863,2,0
2024-04-09 15:04:23.001,20862,20862,20862,2,-2
2024-04-09 15:04:23.001,20862,20862,20862,4,0
2024-04-09 15:04:23.001,20862,20862,20862,2,0
2024-04-09 15:04:23.001,20862,20862,20862,4,0
2024-04-09 15:04:23.001,20864,20864,20864,2,2
2024-04-09 15:04:23.001,20864,20864,20864,2,0
2024-04-09 15:04:23.001,20864,20864,20864,2,0
2024-04-09 15:04:24.001,20865,20865,20865,2,2
2024-04-09 15:04:25.001,20864,20864,20864,2,-2
2024-04-09 15:04:26.001,20864,20864,20864,2,0
2024-04-09 15:04:27.001,20863,20863,20863,2,-2
2024-04-09 15:04:27.001,20864,20864,20864,2,2
2024-04-09 15:04:28.001,20863,20863,20863,2,-2
2024-04-09 15:04:30.001,20863,20863,20863,8,0
2024-04-09 15:04:31.001,20863,20863,20863,2,0
2024-04-09 15:04:31.001,20862,20862,20862,2,-2
2024-04-09 15:04:32.001,20863,20863,20863,2,2
2024-04-09 15:04:34.001,20862,20862,20862,2,-2
2024-04-09 15:04:34.001,20862,20862,20862,2,0
2024-04-09 15:04:34.001,20862,20862,20862,6,0
2024-04-09 15:04:35.001,20863,20863,20863,4,4
2024-04-09 15:04:35.001,20862,20862,20862,2,-2
2024-04-09 15:04:36.001,20863,20863,20863,2,2
2024-04-09 15:04:36.001,20862,20862,20862,2,-2
2024-04-09 15:04:39.001,20864,20864,20864,2,2
2024-04-09 15:04:40.001,20863,20863,20863,2,-2
2024-04-09 15:04:40.001,20863,20863,20863,2,0
2024-04-09 15:04:40.001,20862,20862,20862,2,-2
2024-04-09 15:04:41.001,20862,20862,20862,2,0
2024-04-09 15:04:42.001,20863,20863,20863,2,2
2024-04-09 15:04:43.001,20863,20863,20863,2,0
2024-04-09 15:04:44.001,20863,20863,20863,2,0
2024-04-09 15:04:45.001,20862,20862,20862,2,-2
2024-04-09 15:04:45.001,20862,20862,20862,2,0
2024-04-09 15:04:45.001,20862,20862,20862,2,0
2024-04-09 15:04:45.001,20862,20862,20862,2,0
2024-04-09 15:04:45.001,20862,20862,20862,2,0
2024-04-09 15:04:45.001,20861,20861,20861,2,-2
2024-04-09 15:04:46.001,20863,20863,20863,2,2
2024-04-09 15:04:46.001,20862,20862,20862,2,-2
2024-04-09 15:04:46.001,20861,20861,20861,2,-2
2024-04-09 15:04:46.001,20861,20861,20861,2,0
2024-04-09 15:04:46.001,20861,20861,20861,2,0
2024-04-09 15:04:49.001,20863,20863,20863,2,2
2024-04-09 15:04:50.001,20862,20862,20862,12,-12
2024-04-09 15:04:50.001,20863,20863,20863,2,2
2024-04-09 15:04:53.001,20862,20862,20862,2,-2
2024-04-09 15:04:53.001,20863,20863,20863,2,2
2024-04-09 15:04:55.001,20863,20863,20863,14,0
2024-04-09 15:04:56.001,20863,20863,20863,2,0
2024-04-09 15:04:57.001,20863,20863,20863,2,0
2024-04-09 15:04:57.001,20863,20863,20863,2,0
2024-04-09 15:04:57.001,20864,20864,20864,6,6
2024-04-09 15:04:57.001,20864,20864,20864,2,0
2024-04-09 15:04:57.001,20865,20865,20865,2,2
2024-04-09 15:04:58.001,20863,20863,20863,2,-2
2024-04-09 15:04:58.001,20863,20863,20863,4,0
2024-04-09 15:05:01.001,20863,20863,20863,4,0
2024-04-09 15:05:01.001,20863,20863,20863,2,0
2024-04-09 15:05:01.001,20863,20863,20863,2,0
2024-04-09 15:05:01.001,20863,20863,20863,2,0
2024-04-09 15:05:01.001,20863,20863,20863,2,0
2024-04-09 15:05:03.001,20863,20863,20863,2,0
2024-04-09 15:05:06.001,20864,20864,20864,4,4
2024-04-09 15:05:06.001,20863,20863,20863,2,-2
2024-04-09 15:05:06.001,20862,20862,20862,2,-2
2024-04-09 15:05:06.001,20864,20864,20864,2,2
2024-04-09 15:05:10.001,20864,20864,20864,4,0
2024-04-09 15:05:10.001,20862,20862,20862,2,-2
2024-04-09 15:05:13.001,20864,20864,20864,4,4
2024-04-09 15:05:18.001,20864,20864,20864,4,0
2024-04-09 15:05:18.001,20863,20863,20863,2,-2
2024-04-09 15:05:20.001,20862,20862,20862,2,-2
2024-04-09 15:05:20.001,20862,20862,20862,2,0
2024-04-09 15:05:20.001,20862,20862,20862,2,0
2024-04-09 15:05:20.001,20862,20862,20862,2,0
2024-04-09 15:05:20.001,20862,20862,20862,4,0
2024-04-09 15:05:20.001,20862,20862,20862,2,0
2024-04-09 15:05:20.001,20863,20863,20863,2,2
2024-04-09 15:05:20.001,20862,20862,20862,2,-2
2024-04-09 15:05:20.001,20862,20862,20862,2,0
2024-04-09 15:05:20.001,20862,20862,20862,2,0
2024-04-09 15:05:21.001,20863,20863,20863,2,2
2024-04-09 15:05:22.001,20863,20863,20863,2,0
2024-04-09 15:05:24.001,20862,20862,20862,2,-2
2024-04-09 15:05:24.001,20862,20862,20862,2,0
2024-04-09 15:05:24.001,20862,20862,20862,2,0
2024-04-09 15:05:26.001,20862,20862,20862,2,0
2024-04-09 15:05:27.001,20863,20863,20863,2,2
2024-04-09 15:05:27.001,20863,20863,20863,2,0
2024-04-09 15:05:27.001,20863,20863,20863,2,0
2024-04-09 15:05:27.001,20863,20863,20863,2,0
2024-04-09 15:05:27.001,20863,20863,20863,2,0
2024-04-09 15:05:27.001,20864,20864,20864,2,2
2024-04-09 15:05:29.001,20863,20863,20863,2,-2
2024-04-09 15:05:29.001,20863,20863,20863,2,0
2024-04-09 15:05:31.001,20864,20864,20864,2,2
2024-04-09 15:05:34.001,20864,20864,20864,2,0
2024-04-09 15:05:42.001,20864,20864,20864,2,0
2024-04-09 15:05:42.001,20864,20864,20864,4,0
2024-04-09 15:05:42.001,20864,20864,20864,8,0
2024-04-09 15:05:42.001,20864,20864,20864,4,0
2024-04-09 15:05:42.001,20864,20864,20864,2,0
2024-04-09 15:05:45.001,20865,20865,20865,2,2
2024-04-09 15:05:46.001,20865,20865,20865,10,0
2024-04-09 15:05:47.001,20867,20867,20867,2,2
2024-04-09 15:05:48.001,20867,20867,20867,2,0
2024-04-09 15:05:48.001,20865,20865,20865,4,-4
2024-04-09 15:05:48.001,20866,20866,20866,2,2
2024-04-09 15:05:48.001,20866,20866,20866,2,0
2024-04-09 15:05:48.001,20867,20867,20867,2,2
2024-04-09 15:05:49.001,20867,20867,20867,2,0
2024-04-09 15:05:50.001,20866,20866,20866,2,-2
2024-04-09 15:05:51.001,20866,20866,20866,2,0
2024-04-09 15:05:54.001,20866,20866,20866,2,0
2024-04-09 15:05:54.001,20866,20866,20866,2,0
2024-04-09 15:05:54.001,20867,20867,20867,2,2
2024-04-09 15:05:55.001,20866,20866,20866,2,-2
2024-04-09 15:05:56.001,20866,20866,20866,2,0
2024-04-09 15:05:57.001,20866,20866,20866,2,0
2024-04-09 15:05:57.001,20866,20866,20866,2,0
2024-04-09 15:05:58.001,20866,20866,20866,2,0
2024-04-09 15:06:01.001,20865,20865,20865,2,-2
2024-04-09 15:06:03.001,20865,20865,20865,2,0
2024-04-09 15:06:03.001,20865,20865,20865,2,0
2024-04-09 15:06:04.001,20865,20865,20865,2,0
2024-04-09 15:06:05.001,20865,20865,20865,2,0
2024-04-09 15:06:09.001,20865,20865,20865,6,0
2024-04-09 15:06:09.001,20866,20866,20866,2,2
2024-04-09 15:06:15.001,20865,20865,20865,4,-4
2024-04-09 15:06:15.001,20865,20865,20865,2,0
2024-04-09 15:06:15.001,20865,20865,20865,2,0
2024-04-09 15:06:15.001,20865,20865,20865,2,0
2024-04-09 15:06:21.001,20865,20865,20865,2,0
2024-04-09 15:06:25.001,20865,20865,20865,2,0
2024-04-09 15:06:25.001,20865,20865,20865,2,0
2024-04-09 15:06:25.001,20865,20865,20865,2,0
2024-04-09 15:06:27.001,20865,20865,20865,6,0
2024-04-09 15:06:30.001,20865,20865,20865,2,0
2024-04-09 15:06:30.001,20866,20866,20866,4,4
2024-04-09 15:06:31.001,20865,20865,20865,2,-2
2024-04-09 15:06:37.001,20865,20865,20865,2,0
2024-04-09 15:06:37.001,20866,20866,20866,4,4
2024-04-09 15:06:39.001,20866,20866,20866,2,0
2024-04-09 15:06:40.001,20865,20865,20865,2,-2
2024-04-09 15:06:40.001,20865,20865,20865,2,0
2024-04-09 15:06:40.001,20866,20866,20866,2,2
2024-04-09 15:06:42.001,20866,20866,20866,4,0
2024-04-09 15:06:43.001,20866,20866,20866,4,0
2024-04-09 15:06:47.001,20867,20867,20867,2,2
2024-04-09 15:06:49.001,20867,20867,20867,4,0
2024-04-09 15:06:55.001,20867,20867,20867,2,0
2024-04-09 15:06:57.001,20867,20867,20867,2,0
2024-04-09 15:06:58.001,20868,20868,20868,2,2
2024-04-09 15:06:59.001,20868,20868,20868,2,0
2024-04-09 15:06:59.001,20868,20868,20868,2,0
2024-04-09 15:07:00.001,20868,20868,20868,2,0
2024-04-09 15:07:02.001,20867,20867,20867,2,-2
2024-04-09 15:07:03.001,20867,20867,20867,2,0
2024-04-09 15:07:03.001,20867,20867,20867,2,0
2024-04-09 15:07:04.001,20867,20867,20867,2,0
2024-04-09 15:07:04.001,20867,20867,20867,2,0
2024-04-09 15:07:05.001,20867,20867,20867,2,0
2024-04-09 15:07:05.001,20867,20867,20867,2,0
2024-04-09 15:07:05.001,20867,20867,20867,2,0
2024-04-09 15:07:07.001,20868,20868,20868,2,2
2024-04-09 15:07:08.001,20869,20869,20869,2,2
2024-04-09 15:07:08.001,20869,20869,20869,2,0
2024-04-09 15:07:10.001,20867,20867,20867,2,-2
2024-04-09 15:07:10.001,20869,20869,20869,2,2
2024-04-09 15:07:11.001,20868,20868,20868,2,-2
2024-04-09 15:07:12.001,20868,20868,20868,2,0
2024-04-09 15:07:12.001,20869,20869,20869,2,2
2024-04-09 15:07:12.001,20868,20868,20868,2,-2
2024-04-09 15:07:12.001,20868,20868,20868,2,0
2024-04-09 15:07:12.001,20868,20868,20868,2,0
2024-04-09 15:07:16.001,20867,20867,20867,4,-4
2024-04-09 15:07:17.001,20868,20868,20868,2,2
2024-04-09 15:07:17.001,20868,20868,20868,10,0
2024-04-09 15:07:18.001,20867,20867,20867,6,-6
2024-04-09 15:07:18.001,20867,20867,20867,2,0
2024-04-09 15:07:18.001,20867,20867,20867,2,0
2024-04-09 15:07:18.001,20867,20867,20867,2,0
2024-04-09 15:07:18.001,20867,20867,20867,2,0
2024-04-09 15:07:19.001,20867,20867,20867,2,0
2024-04-09 15:07:21.001,20867,20867,20867,4,0
2024-04-09 15:07:22.001,20866,20866,20866,2,-2
2024-04-09 15:07:22.001,20866,20866,20866,2,0
2024-04-09 15:07:22.001,20866,20866,20866,2,0
2024-04-09 15:07:24.001,20866,20866,20866,2,0
2024-04-09 15:07:26.001,20866,20866,20866,2,0
2024-04-09 15:07:26.001,20866,20866,20866,2,0
2024-04-09 15:07:28.001,20866,20866,20866,2,0
2024-04-09 15:07:28.001,20865,20865,20865,2,-2
2024-04-09 15:07:29.001,20867,20867,20867,2,2
2024-04-09 15:07:29.001,20867,20867,20867,2,0
2024-04-09 15:07:30.001,20866,20866,20866,2,-2
2024-04-09 15:07:30.001,20867,20867,20867,2,2
2024-04-09 15:07:31.001,20867,20867,20867,2,0
2024-04-09 15:07:32.001,20868,20868,20868,4,4
2024-04-09 15:07:34.001,20868,20868,20868,2,0
2024-04-09 15:07:36.001,20868,20868,20868,2,0
2024-04-09 15:07:37.001,20868,20868,20868,2,0
2024-04-09 15:07:38.001,20868,20868,20868,2,0
2024-04-09 15:07:38.001,20868,20868,20868,2,0
2024-04-09 15:07:40.001,20868,20868,20868,2,0
2024-04-09 15:07:44.001,20868,20868,20868,22,0
2024-04-09 15:07:44.001,20868,20868,20868,2,0
2024-04-09 15:07:45.001,20868,20868,20868,2,0
2024-04-09 15:07:46.001,20867,20867,20867,2,-2
2024-04-09 15:07:48.001,20868,20868,20868,2,2
2024-04-09 15:07:48.001,20867,20867,20867,2,-2
2024-04-09 15:07:48.001,20867,20867,20867,2,0
2024-04-09 15:07:48.001,20867,20867,20867,4,0
2024-04-09 15:07:48.001,20867,20867,20867,2,0
2024-04-09 15:07:48.001,20867,20867,20867,2,0
2024-04-09 15:07:48.001,20867,20867,20867,4,0
2024-04-09 15:07:48.001,20867,20867,20867,2,0
2024-04-09 15:07:48.001,20867,20867,20867,4,0
2024-04-09 15:07:48.001,20867,20867,20867,4,0
2024-04-09 15:07:50.001,20868,20868,20868,24,24
2024-04-09 15:07:51.001,20868,20868,20868,2,0
2024-04-09 15:07:52.001,20867,20867,20867,2,-2
2024-04-09 15:07:53.001,20866,20866,20866,2,-2
2024-04-09 15:07:53.001,20866,20866,20866,2,0
2024-04-09 15:07:56.001,20867,20867,20867,20,20
2024-04-09 15:07:56.001,20867,20867,20867,4,0
2024-04-09 15:07:57.001,20867,20867,20867,2,0
2024-04-09 15:08:00.001,20866,20866,20866,2,-2
2024-04-09 15:08:00.001,20867,20867,20867,2,2
2024-04-09 15:08:00.001,20866,20866,20866,2,-2
2024-04-09 15:08:00.001,20866,20866,20866,2,0
2024-04-09 15:08:02.001,20867,20867,20867,10,10
2024-04-09 15:08:03.001,20867,20867,20867,4,0
2024-04-09 15:08:03.001,20868,20868,20868,2,2
2024-04-09 15:08:04.001,20867,20867,20867,2,-2
2024-04-09 15:08:10.001,20868,20868,20868,8,8
2024-04-09 15:08:11.001,20869,20869,20869,2,2
2024-04-09 15:08:11.001,20869,20869,20869,2,0
2024-04-09 15:08:11.001,20868,20868,20868,2,-2
2024-04-09 15:08:14.001,20868,20868,20868,8,0
2024-04-09 15:08:15.001,20869,20869,20869,2,2
2024-04-09 15:08:16.001,20869,20869,20869,22,0
2024-04-09 15:08:17.001,20870,20870,20870,10,10
2024-04-09 15:08:18.001,20871,20871,20871,2,2
2024-04-09 15:08:20.001,20871,20871,20871,2,0
2024-04-09 15:08:20.001,20871,20871,20871,2,0
2024-04-09 15:08:21.001,20871,20871,20871,2,0
2024-04-09 15:08:21.001,20871,20871,20871,2,0
2024-04-09 15:08:21.001,20871,20871,20871,2,0
2024-04-09 15:08:21.001,20870,20870,20870,4,-4
2024-04-09 15:08:21.001,20872,20872,20872,2,2
2024-04-09 15:08:22.001,20871,20871,20871,2,-2
2024-04-09 15:08:22.001,20872,20872,20872,4,4
2024-04-09 15:08:23.001,20872,20872,20872,20,0
2024-04-09 15:08:25.001,20873,20873,20873,8,8
2024-04-09 15:08:27.001,20873,20873,20873,4,0
2024-04-09 15:08:27.001,20872,20872,20872,10,-10
2024-04-09 15:08:27.001,20872,20872,20872,6,0
2024-04-09 15:08:27.001,20872,20872,20872,2,0
2024-04-09 15:08:27.001,20872,20872,20872,2,0
2024-04-09 15:08:27.001,20873,20873,20873,2,2
2024-04-09 15:08:29.001,20873,20873,20873,22,0
2024-04-09 15:08:29.001,20873,20873,20873,14,0
2024-04-09 15:08:29.001,20873,20873,20873,2,0
2024-04-09 15:08:30.001,20871,20871,20871,2,-2
2024-04-09 15:08:30.001,20871,20871,20871,2,0
2024-04-09 15:08:31.001,20871,20871,20871,2,0
2024-04-09 15:08:31.001,20872,20872,20872,2,2
2024-04-09 15:08:33.001,20872,20872,20872,2,0
2024-04-09 15:08:33.001,20872,20872,20872,2,0
2024-04-09 15:08:35.001,20872,20872,20872,2,0
2024-04-09 15:08:35.001,20873,20873,20873,6,6
2024-04-09 15:08:35.001,20872,20872,20872,2,-2
2024-04-09 15:08:36.001,20872,20872,20872,8,0
2024-04-09 15:08:38.001,20872,20872,20872,2,0
2024-04-09 15:08:38.001,20872,20872,20872,6,0
2024-04-09 15:08:38.001,20872,20872,20872,18,0
2024-04-09 15:08:40.001,20872,20872,20872,2,0
2024-04-09 15:08:40.001,20872,20872,20872,2,0
2024-04-09 15:08:40.001,20871,20871,20871,2,-2
2024-04-09 15:08:40.001,20871,20871,20871,4,0
2024-04-09 15:08:40.001,20871,20871,20871,2,0
2024-04-09 15:08:40.001,20871,20871,20871,2,0
2024-04-09 15:08:41.001,20871,20871,20871,2,0
2024-04-09 15:08:41.001,20871,20871,20871,4,0
2024-04-09 15:08:44.001,20872,20872,20872,2,2
2024-04-09 15:08:50.001,20871,20871,20871,4,-4
2024-04-09 15:08:58.001,20872,20872,20872,2,2
2024-04-09 15:08:59.001,20872,20872,20872,2,0
2024-04-09 15:09:00.001,20871,20871,20871,8,-8
2024-04-09 15:09:01.001,20872,20872,20872,2,2
2024-04-09 15:09:01.001,20872,20872,20872,6,0
2024-04-09 15:09:01.001,20872,20872,20872,2,0
2024-04-09 15:09:02.001,20872,20872,20872,2,0
2024-04-09 15:09:02.001,20872,20872,20872,2,0
2024-04-09 15:09:02.001,20873,20873,20873,2,2
2024-04-09 15:09:06.001,20872,20872,20872,2,-2
2024-04-09 15:09:08.001,20871,20871,20871,24,-24
2024-04-09 15:09:08.001,20871,20871,20871,2,0
2024-04-09 15:09:08.001,20871,20871,20871,2,0
2024-04-09 15:09:08.001,20870,20870,20870,2,-2
2024-04-09 15:09:08.001,20870,20870,20870,2,0
2024-04-09 15:09:08.001,20870,20870,20870,2,0
2024-04-09 15:09:08.001,20870,20870,20870,2,0
2024-04-09 15:09:08.001,20870,20870,20870,2,0
2024-04-09 15:09:08.001,20870,20870,20870,2,0
2024-04-09 15:09:08.001,20870,20870,20870,2,0
2024-04-09 15:09:08.001,20870,20870,20870,2,0
2024-04-09 15:09:08.001,20870,20870,20870,2,0
2024-04-09 15:09:08.001,20870,20870,20870,2,0
2024-04-09 15:09:08.001,20870,20870,20870,2,0
2024-04-09 15:09:09.001,20869,20869,20869,2,-2
2024-04-09 15:09:10.001,20869,20869,20869,2,0
2024-04-09 15:09:10.001,20869,20869,20869,2,0
2024-04-09 15:09:10.001,20870,20870,20870,6,6
2024-04-09 15:09:10.001,20871,20871,20871,30,30
2024-04-09 15:09:12.001,20870,20870,20870,4,-4
2024-04-09 15:09:12.001,20870,20870,20870,2,0
2024-04-09 15:09:12.001,20870,20870,20870,4,0
2024-04-09 15:09:12.001,20870,20870,20870,2,0
2024-04-09 15:09:12.001,20870,20870,20870,4,0
2024-04-09 15:09:17.001,20871,20871,20871,2,2
2024-04-09 15:09:19.001,20871,20871,20871,2,0
2024-04-09 15:09:34.001,20872,20872,20872,2,2
2024-04-09 15:09:34.001,20872,20872,20872,6,0
2024-04-09 15:09:34.001,20872,20872,20872,2,0
2024-04-09 15:09:34.001,20872,20872,20872,4,0
2024-04-09 15:09:34.001,20872,20872,20872,2,0
2024-04-09 15:09:35.001,20872,20872,20872,6,0
2024-04-09 15:09:40.001,20872,20872,20872,8,0
2024-04-09 15:09:42.001,20873,20873,20873,28,28
2024-04-09 15:09:42.001,20873,20873,20873,6,0
2024-04-09 15:09:42.001,20873,20873,20873,2,0
2024-04-09 15:09:47.001,20873,20873,20873,4,0
2024-04-09 15:09:47.001,20873,20873,20873,2,0
2024-04-09 15:09:47.001,20873,20873,20873,2,0
2024-04-09 15:09:47.001,20873,20873,20873,4,0
2024-04-09 15:09:47.001,20873,20873,20873,2,0
2024-04-09 15:09:47.001,20873,20873,20873,6,0
2024-04-09 15:09:47.001,20873,20873,20873,2,0
2024-04-09 15:09:47.001,20873,20873,20873,14,0
2024-04-09 15:09:47.001,20872,20872,20872,4,-4
2024-04-09 15:09:51.001,20872,20872,20872,2,0
2024-04-09 15:09:52.001,20873,20873,20873,2,2
2024-04-09 15:09:55.001,20873,20873,20873,2,0
2024-04-09 15:09:56.001,20873,20873,20873,2,0
2024-04-09 15:09:57.001,20874,20874,20874,2,2
2024-04-09 15:09:57.001,20874,20874,20874,2,0
2024-04-09 15:09:58.001,20873,20873,20873,2,-2
2024-04-09 15:09:58.001,20873,20873,20873,2,0
2024-04-09 15:09:58.001,20873,20873,20873,2,0
2024-04-09 15:09:58.001,20873,20873,20873,2,0
2024-04-09 15:09:59.001,20873,20873,20873,2,0
2024-04-09 15:09:59.001,20873,20873,20873,2,0
2024-04-09 15:09:59.001,20873,20873,20873,2,0
2024-04-09 15:09:59.001,20873,20873,20873,16,0
2024-04-09 15:09:59.001,20873,20873,20873,2,0
2024-04-09 15:09:59.001,20873,20873,20873,4,0
2024-04-09 15:09:59.001,20872,20872,20872,16,-16
2024-04-09 15:09:59.001,20872,20872,20872,6,0
2024-04-09 15:09:59.001,20872,20872,20872,20,0
2024-04-09 15:09:59.001,20872,20872,20872,2,0
2024-04-09 15:09:59.001,20872,20872,20872,2,0
2024-04-09 15:09:59.001,20872,20872,20872,2,0
2024-04-09 15:09:59.001,20872,20872,20872,4,0
2024-04-09 15:10:04.001,20871,20871,20871,2,-2
2024-04-09 15:10:04.001,20872,20872,20872,2,2
2024-04-09 15:10:04.001,20872,20872,20872,2,0
2024-04-09 15:10:05.001,20873,20873,20873,2,2
2024-04-09 15:10:05.001,20873,20873,20873,2,0
2024-04-09 15:10:05.001,20873,20873,20873,2,0
2024-04-09 15:10:05.001,20873,20873,20873,2,0
2024-04-09 15:10:05.001,20873,20873,20873,2,0
2024-04-09 15:10:06.001,20873,20873,20873,2,0
2024-04-09 15:10:06.001,20873,20873,20873,2,0
2024-04-09 15:10:06.001,20873,20873,20873,2,0
2024-04-09 15:10:06.001,20873,20873,20873,2,0
2024-04-09 15:10:06.001,20873,20873,20873,2,0
2024-04-09 15:10:06.001,20873,20873,20873,2,0
2024-04-09 15:10:06.001,20872,20872,20872,2,-2
2024-04-09 15:10:06.001,20871,20871,20871,10,-10
2024-04-09 15:10:06.001,20873,20873,20873,2,2
2024-04-09 15:10:07.001,20873,20873,20873,2,0
2024-04-09 15:10:07.001,20873,20873,20873,2,0
2024-04-09 15:10:07.001,20872,20872,20872,2,-2
2024-04-09 15:10:07.001,20873,20873,20873,2,2
2024-04-09 15:10:07.001,20873,20873,20873,2,0
2024-04-09 15:10:10.001,20873,20873,20873,2,0
2024-04-09 15:10:13.001,20872,20872,20872,2,-2
2024-04-09 15:10:13.001,20872,20872,20872,2,0
2024-04-09 15:10:14.001,20871,20871,20871,4,-4
2024-04-09 15:10:15.001,20872,20872,20872,2,2
2024-04-09 15:10:21.001,20872,20872,20872,2,0
2024-04-09 15:10:22.001,20871,20871,20871,2,-2
2024-04-09 15:10:22.001,20871,20871,20871,10,0
2024-04-09 15:10:22.001,20871,20871,20871,2,0
2024-04-09 15:10:22.001,20871,20871,20871,2,0
2024-04-09 15:10:22.001,20871,20871,20871,2,0
2024-04-09 15:10:23.001,20871,20871,20871,2,0
2024-04-09 15:10:24.001,20871,20871,20871,4,0
2024-04-09 15:10:24.001,20871,20871,20871,2,0
2024-04-09 15:10:24.001,20871,20871,20871,4,0
2024-04-09 15:10:24.001,20871,20871,20871,52,0
2024-04-09 15:10:24.001,20871,20871,20871,2,0
2024-04-09 15:10:24.001,20870,20870,20870,2,-2
2024-04-09 15:10:28.001,20869,20869,20869,2,-2
2024-04-09 15:10:28.001,20869,20869,20869,2,0
2024-04-09 15:10:28.001,20869,20869,20869,2,0
2024-04-09 15:10:31.001,20869,20869,20869,2,0
2024-04-09 15:10:31.001,20870,20870,20870,2,2
2024-04-09 15:10:35.001,20869,20869,20869,4,-4
2024-04-09 15:10:35.001,20868,20868,20868,2,-2
2024-04-09 15:10:37.001,20870,20870,20870,30,30
2024-04-09 15:10:37.001,20870,20870,20870,8,0
2024-04-09 15:10:44.001,20870,20870,20870,2,0
2024-04-09 15:10:45.001,20870,20870,20870,30,0
2024-04-09 15:10:45.001,20870,20870,20870,8,0
2024-04-09 15:10:51.001,20871,20871,20871,4,4
2024-04-09 15:10:52.001,20871,20871,20871,6,0
2024-04-09 15:10:55.001,20870,20870,20870,2,-2
2024-04-09 15:11:00.001,20872,20872,20872,2,2
2024-04-09 15:11:00.001,20870,20870,20870,2,-2
2024-04-09 15:11:07.001,20872,20872,20872,2,2
2024-04-09 15:11:08.001,20872,20872,20872,26,0
2024-04-09 15:11:09.001,20872,20872,20872,4,0
2024-04-09 15:11:09.001,20872,20872,20872,4,0
2024-04-09 15:11:09.001,20872,20872,20872,2,0
2024-04-09 15:11:09.001,20872,20872,20872,2,0
2024-04-09 15:11:12.001,20871,20871,20871,2,-2
2024-04-09 15:11:13.001,20871,20871,20871,4,0
2024-04-09 15:11:19.001,20872,20872,20872,2,2
2024-04-09 15:11:20.001,20871,20871,20871,6,-6
2024-04-09 15:11:21.001,20872,20872,20872,2,2
2024-04-09 15:11:21.001,20872,20872,20872,4,0
2024-04-09 15:11:23.001,20872,20872,20872,4,0
2024-04-09 15:11:23.001,20872,20872,20872,2,0
2024-04-09 15:11:23.001,20872,20872,20872,2,0
2024-04-09 15:11:23.001,20872,20872,20872,4,0
2024-04-09 15:11:31.001,20872,20872,20872,2,0
2024-04-09 15:11:33.001,20873,20873,20873,2,2
2024-04-09 15:11:33.001,20873,20873,20873,10,0
2024-04-09 15:11:33.001,20873,20873,20873,4,0
2024-04-09 15:11:33.001,20873,20873,20873,16,0
2024-04-09 15:11:33.001,20873,20873,20873,2,0
2024-04-09 15:11:34.001,20873,20873,20873,2,0
2024-04-09 15:11:34.001,20873,20873,20873,2,0
2024-04-09 15:11:34.001,20873,20873,20873,2,0
2024-04-09 15:11:34.001,20873,20873,20873,2,0
2024-04-09 15:11:35.001,20873,20873,20873,2,0
2024-04-09 15:11:35.001,20873,20873,20873,2,0
2024-04-09 15:11:35.001,20873,20873,20873,2,0
2024-04-09 15:11:35.001,20873,20873,20873,2,0
2024-04-09 15:11:39.001,20873,20873,20873,2,0
2024-04-09 15:11:39.001,20873,20873,20873,4,0
2024-04-09 15:11:39.001,20873,20873,20873,2,0
2024-04-09 15:11:42.001,20874,20874,20874,64,64
2024-04-09 15:11:42.001,20875,20875,20875,6,6
2024-04-09 15:11:42.001,20875,20875,20875,2,0
2024-04-09 15:11:42.001,20875,20875,20875,2,0
2024-04-09 15:11:42.001,20875,20875,20875,10,0
2024-04-09 15:11:42.001,20875,20875,20875,2,0
2024-04-09 15:11:43.001,20875,20875,20875,4,0
2024-04-09 15:11:43.001,20874,20874,20874,2,-2
2024-04-09 15:11:43.001,20874,20874,20874,4,0
2024-04-09 15:11:43.001,20875,20875,20875,2,2
2024-04-09 15:11:43.001,20876,20876,20876,2,2
2024-04-09 15:11:45.001,20875,20875,20875,2,-2
2024-04-09 15:11:45.001,20875,20875,20875,4,0
2024-04-09 15:11:45.001,20874,20874,20874,2,-2
2024-04-09 15:11:45.001,20874,20874,20874,4,0
2024-04-09 15:11:45.001,20874,20874,20874,2,0
2024-04-09 15:11:45.001,20874,20874,20874,4,0
2024-04-09 15:11:45.001,20874,20874,20874,2,0
2024-04-09 15:11:45.001,20874,20874,20874,2,0
2024-04-09 15:11:45.001,20874,20874,20874,2,0
2024-04-09 15:11:45.001,20874,20874,20874,4,0
2024-04-09 15:11:45.001,20874,20874,20874,2,0
2024-04-09 15:11:45.001,20874,20874,20874,4,0
2024-04-09 15:11:45.001,20874,20874,20874,2,0
2024-04-09 15:11:45.001,20874,20874,20874,4,0
2024-04-09 15:11:45.001,20875,20875,20875,6,6
2024-04-09 15:11:46.001,20876,20876,20876,4,4
2024-04-09 15:11:47.001,20876,20876,20876,2,0
2024-04-09 15:11:47.001,20875,20875,20875,2,-2
2024-04-09 15:11:47.001,20875,20875,20875,4,0
2024-04-09 15:11:49.001,20875,20875,20875,4,0
2024-04-09 15:11:49.001,20875,20875,20875,2,0
2024-04-09 15:11:50.001,20874,20874,20874,2,-2
2024-04-09 15:11:50.001,20874,20874,20874,4,0
2024-04-09 15:11:51.001,20874,20874,20874,2,0
2024-04-09 15:11:52.001,20874,20874,20874,4,0
2024-04-09 15:11:53.001,20874,20874,20874,2,0
2024-04-09 15:11:58.001,20874,20874,20874,2,0
2024-04-09 15:11:59.001,20875,20875,20875,2,2
2024-04-09 15:12:00.001,20875,20875,20875,2,0
2024-04-09 15:12:02.001,20875,20875,20875,2,0
2024-04-09 15:12:03.001,20874,20874,20874,2,-2
2024-04-09 15:12:06.001,20874,20874,20874,10,0
2024-04-09 15:12:06.001,20874,20874,20874,2,0
2024-04-09 15:12:07.001,20875,20875,20875,28,28
2024-04-09 15:12:07.001,20875,20875,20875,4,0
2024-04-09 15:12:10.001,20875,20875,20875,4,0
2024-04-09 15:12:14.001,20875,20875,20875,2,0
2024-04-09 15:12:15.001,20875,20875,20875,32,0
2024-04-09 15:12:15.001,20874,20874,20874,2,-2
2024-04-09 15:12:15.001,20874,20874,20874,2,0
2024-04-09 15:12:17.001,20874,20874,20874,12,0
2024-04-09 15:12:18.001,20875,20875,20875,2,2
2024-04-09 15:12:20.001,20874,20874,20874,2,-2
2024-04-09 15:12:20.001,20873,20873,20873,2,-2
2024-04-09 15:12:20.001,20874,20874,20874,2,2
2024-04-09 15:12:22.001,20874,20874,20874,2,0
2024-04-09 15:12:23.001,20873,20873,20873,2,-2
2024-04-09 15:12:23.001,20873,20873,20873,4,0
2024-04-09 15:12:23.001,20873,20873,20873,2,0
2024-04-09 15:12:25.001,20872,20872,20872,4,-4
2024-04-09 15:12:25.001,20872,20872,20872,2,0
2024-04-09 15:12:28.001,20874,20874,20874,10,10
2024-04-09 15:12:29.001,20872,20872,20872,2,-2
2024-04-09 15:12:32.001,20874,20874,20874,2,2
2024-04-09 15:12:36.001,20874,20874,20874,2,0
2024-04-09 15:12:37.001,20874,20874,20874,2,0
2024-04-09 15:12:44.001,20873,20873,20873,2,-2
2024-04-09 15:12:45.001,20874,20874,20874,2,2
2024-04-09 15:12:45.001,20874,20874,20874,2,0
2024-04-09 15:12:45.001,20873,20873,20873,2,-2
2024-04-09 15:12:46.001,20874,20874,20874,2,2
2024-04-09 15:12:46.001,20874,20874,20874,4,0
2024-04-09 15:12:47.001,20873,20873,20873,2,-2
2024-04-09 15:12:47.001,20873,20873,20873,2,0
2024-04-09 15:12:48.001,20873,20873,20873,2,0
2024-04-09 15:12:50.001,20873,20873,20873,2,0
2024-04-09 15:12:50.001,20873,20873,20873,4,0
2024-04-09 15:12:50.001,20873,20873,20873,2,0
2024-04-09 15:12:57.001,20874,20874,20874,4,4
2024-04-09 15:12:59.001,20874,20874,20874,2,0
2024-04-09 15:13:02.001,20874,20874,20874,2,0
2024-04-09 15:13:02.001,20874,20874,20874,2,0
2024-04-09 15:13:06.001,20873,20873,20873,2,-2
2024-04-09 15:13:06.001,20873,20873,20873,2,0
2024-04-09 15:13:06.001,20873,20873,20873,6,0
2024-04-09 15:13:06.001,20873,20873,20873,2,0
2024-04-09 15:13:06.001,20873,20873,20873,4,0
2024-04-09 15:13:06.001,20873,20873,20873,2,0
2024-04-09 15:13:06.001,20873,20873,20873,2,0
2024-04-09 15:13:07.001,20873,20873,20873,2,0
2024-04-09 15:13:08.001,20873,20873,20873,2,0
2024-04-09 15:13:09.001,20872,20872,20872,2,-2
2024-04-09 15:13:10.001,20872,20872,20872,2,0
2024-04-09 15:13:10.001,20872,20872,20872,2,0
2024-04-09 15:13:10.001,20872,20872,20872,4,0
2024-04-09 15:13:10.001,20872,20872,20872,2,0
2024-04-09 15:13:14.001,20871,20871,20871,2,-2
2024-04-09 15:13:14.001,20870,20870,20870,4,-4
2024-04-09 15:13:14.001,20870,20870,20870,2,0
2024-04-09 15:13:23.001,20871,20871,20871,2,2
2024-04-09 15:13:24.001,20871,20871,20871,4,0
2024-04-09 15:13:25.001,20870,20870,20870,6,-6
2024-04-09 15:13:25.001,20870,20870,20870,2,0
2024-04-09 15:13:25.001,20870,20870,20870,2,0
2024-04-09 15:13:25.001,20870,20870,20870,2,0
2024-04-09 15:13:25.001,20870,20870,20870,6,0
2024-04-09 15:13:26.001,20869,20869,20869,2,-2
2024-04-09 15:13:26.001,20869,20869,20869,2,0
2024-04-09 15:13:26.001,20868,20868,20868,2,-2
2024-04-09 15:13:28.001,20868,20868,20868,2,0
2024-04-09 15:13:28.001,20868,20868,20868,4,0
2024-04-09 15:13:30.001,20869,20869,20869,8,8
2024-04-09 15:13:30.001,20869,20869,20869,8,0
2024-04-09 15:13:31.001,20868,20868,20868,2,-2
2024-04-09 15:13:31.001,20868,20868,20868,4,0
2024-04-09 15:13:31.001,20868,20868,20868,2,0
2024-04-09 15:13:31.001,20868,20868,20868,2,0
2024-04-09 15:13:31.001,20868,20868,20868,2,0
2024-04-09 15:13:31.001,20868,20868,20868,4,0
2024-04-09 15:13:31.001,20868,20868,20868,2,0
2024-04-09 15:13:31.001,20868,20868,20868,4,0
2024-04-09 15:13:31.001,20868,20868,20868,2,0
2024-04-09 15:13:31.001,20868,20868,20868,2,0
2024-04-09 15:13:32.001,20867,20867,20867,2,-2
2024-04-09 15:13:32.001,20867,20867,20867,2,0
2024-04-09 15:13:32.001,20867,20867,20867,2,0
2024-04-09 15:13:32.001,20867,20867,20867,2,0
2024-04-09 15:13:32.001,20867,20867,20867,2,0
2024-04-09 15:13:37.001,20867,20867,20867,2,0
2024-04-09 15:13:37.001,20867,20867,20867,2,0
2024-04-09 15:13:37.001,20867,20867,20867,2,0
2024-04-09 15:13:38.001,20867,20867,20867,2,0
2024-04-09 15:13:38.001,20867,20867,20867,4,0
2024-04-09 15:13:38.001,20867,20867,20867,2,0
2024-04-09 15:13:39.001,20868,20868,20868,2,2
2024-04-09 15:13:40.001,20867,20867,20867,2,-2
2024-04-09 15:13:40.001,20867,20867,20867,2,0
2024-04-09 15:13:40.001,20867,20867,20867,2,0
2024-04-09 15:13:40.001,20867,20867,20867,2,0
2024-04-09 15:13:41.001,20867,20867,20867,2,0
2024-04-09 15:13:42.001,20867,20867,20867,2,0
2024-04-09 15:13:46.001,20868,20868,20868,8,8
2024-04-09 15:13:52.001,20866,20866,20866,4,-4
2024-04-09 15:13:52.001,20866,20866,20866,2,0
2024-04-09 15:13:52.001,20866,20866,20866,2,0
2024-04-09 15:13:52.001,20866,20866,20866,4,0
2024-04-09 15:13:52.001,20866,20866,20866,2,0
2024-04-09 15:13:52.001,20866,20866,20866,2,0
2024-04-09 15:13:52.001,20866,20866,20866,4,0
2024-04-09 15:13:52.001,20866,20866,20866,2,0
2024-04-09 15:13:52.001,20866,20866,20866,2,0
2024-04-09 15:13:52.001,20865,20865,20865,2,-2
2024-04-09 15:13:52.001,20867,20867,20867,40,40
2024-04-09 15:13:52.001,20868,20868,20868,36,36
2024-04-09 15:13:52.001,20869,20869,20869,4,4
2024-04-09 15:13:55.001,20868,20868,20868,2,-2
2024-04-09 15:14:02.001,20867,20867,20867,2,-2
2024-04-09 15:14:02.001,20866,20866,20866,2,-2
2024-04-09 15:14:04.001,20867,20867,20867,2,2
2024-04-09 15:14:05.001,20866,20866,20866,2,-2
2024-04-09 15:14:07.001,20867,20867,20867,2,2
2024-04-09 15:14:07.001,20866,20866,20866,2,-2
2024-04-09 15:14:09.001,20867,20867,20867,2,2
2024-04-09 15:14:26.001,20867,20867,20867,2,0
2024-04-09 15:14:33.001,20867,20867,20867,2,0
2024-04-09 15:14:34.001,20866,20866,20866,4,-4
2024-04-09 15:14:34.001,20866,20866,20866,4,0
2024-04-09 15:14:34.001,20866,20866,20866,4,0
2024-04-09 15:14:34.001,20866,20866,20866,2,0
2024-04-09 15:14:34.001,20866,20866,20866,2,0
2024-04-09 15:14:35.001,20867,20867,20867,2,2
2024-04-09 15:14:39.001,20866,20866,20866,8,-8
2024-04-09 15:14:42.001,20866,20866,20866,10,0
2024-04-09 15:14:43.001,20866,20866,20866,4,0
2024-04-09 15:14:49.001,20867,20867,20867,2,2
2024-04-09 15:14:56.001,20866,20866,20866,8,-8
2024-04-09 15:15:05.001,20867,20867,20867,2,2
2024-04-09 15:15:05.001,20867,20867,20867,2,0
2024-04-09 15:15:06.001,20867,20867,20867,4,0
2024-04-09 15:15:08.001,20868,20868,20868,8,8
2024-04-09 15:15:13.001,20868,20868,20868,4,0
2024-04-09 15:15:13.001,20868,20868,20868,2,0
2024-04-09 15:15:15.001,20868,20868,20868,2,0
2024-04-09 15:15:15.001,20868,20868,20868,2,0
2024-04-09 15:15:15.001,20868,20868,20868,2,0
2024-04-09 15:15:27.001,20868,20868,20868,4,0
2024-04-09 15:15:31.001,20868,20868,20868,2,0
2024-04-09 15:15:31.001,20868,20868,20868,4,0
2024-04-09 15:15:31.001,20868,20868,20868,4,0
2024-04-09 15:15:31.001,20868,20868,20868,2,0
2024-04-09 15:15:32.001,20869,20869,20869,2,2
2024-04-09 15:15:32.001,20869,20869,20869,2,0
2024-04-09 15:15:35.001,20868,20868,20868,2,-2
2024-04-09 15:15:36.001,20870,20870,20870,2,2
2024-04-09 15:15:36.001,20869,20869,20869,2,-2
2024-04-09 15:15:36.001,20868,20868,20868,2,-2
2024-04-09 15:15:44.001,20868,20868,20868,2,0
2024-04-09 15:15:53.001,20869,20869,20869,2,2
2024-04-09 15:15:53.001,20869,20869,20869,4,0
2024-04-09 15:15:53.001,20869,20869,20869,8,0
2024-04-09 15:15:53.001,20869,20869,20869,4,0
2024-04-09 15:15:57.001,20868,20868,20868,2,-2
2024-04-09 15:15:57.001,20868,20868,20868,22,0
2024-04-09 15:15:57.001,20868,20868,20868,2,0
2024-04-09 15:15:57.001,20868,20868,20868,2,0
2024-04-09 15:15:57.001,20868,20868,20868,2,0
2024-04-09 15:16:16.001,20868,20868,20868,2,0
2024-04-09 15:16:17.001,20869,20869,20869,2,2
2024-04-09 15:16:30.001,20868,20868,20868,4,-4
2024-04-09 15:16:30.001,20868,20868,20868,10,0
2024-04-09 15:16:30.001,20868,20868,20868,8,0
2024-04-09 15:16:30.001,20868,20868,20868,16,0
2024-04-09 15:16:30.001,20868,20868,20868,10,0
2024-04-09 15:16:30.001,20868,20868,20868,2,0
2024-04-09 15:16:30.001,20868,20868,20868,2,0
2024-04-09 15:16:30.001,20868,20868,20868,2,0
2024-04-09 15:16:30.001,20868,20868,20868,4,0
2024-04-09 15:16:30.001,20868,20868,20868,2,0
2024-04-09 15:16:30.001,20868,20868,20868,10,0
2024-04-09 15:16:30.001,20867,20867,20867,2,-2
2024-04-09 15:16:31.001,20867,20867,20867,2,0
2024-04-09 15:16:33.001,20866,20866,20866,4,-4
2024-04-09 15:16:33.001,20866,20866,20866,2,0
2024-04-09 15:16:33.001,20866,20866,20866,4,0
2024-04-09 15:16:34.001,20867,20867,20867,2,2
2024-04-09 15:16:35.001,20866,20866,20866,2,-2
2024-04-09 15:16:35.001,20866,20866,20866,4,0
2024-04-09 15:16:35.001,20866,20866,20866,2,0
2024-04-09 15:16:35.001,20866,20866,20866,2,0
2024-04-09 15:16:35.001,20866,20866,20866,2,0
2024-04-09 15:16:35.001,20866,20866,20866,10,0
2024-04-09 15:16:35.001,20866,20866,20866,6,0
2024-04-09 15:16:35.001,20866,20866,20866,4,0
2024-04-09 15:16:35.001,20866,20866,20866,2,0
2024-04-09 15:16:39.001,20865,20865,20865,2,-2
2024-04-09 15:16:40.001,20865,20865,20865,2,0
2024-04-09 15:16:44.001,20865,20865,20865,10,0
2024-04-09 15:16:46.001,20865,20865,20865,2,0
2024-04-09 15:16:46.001,20865,20865,20865,2,0
2024-04-09 15:16:46.001,20865,20865,20865,2,0
2024-04-09 15:16:46.001,20865,20865,20865,2,0
2024-04-09 15:16:46.001,20865,20865,20865,2,0
2024-04-09 15:16:46.001,20865,20865,20865,2,0
2024-04-09 15:16:46.001,20865,20865,20865,4,0
2024-04-09 15:16:46.001,20865,20865,20865,6,0
2024-04-09 15:16:46.001,20865,20865,20865,2,0
2024-04-09 15:16:46.001,20865,20865,20865,4,0
2024-04-09 15:16:46.001,20865,20865,20865,4,0
2024-04-09 15:16:46.001,20865,20865,20865,2,0
2024-04-09 15:16:46.001,20865,20865,20865,2,0
2024-04-09 15:16:49.001,20865,20865,20865,2,0
2024-04-09 15:16:55.001,20864,20864,20864,2,-2
2024-04-09 15:17:01.001,20864,20864,20864,4,0
2024-04-09 15:17:03.001,20865,20865,20865,10,10
2024-04-09 15:17:10.001,20864,20864,20864,2,-2
2024-04-09 15:17:21.001,20864,20864,20864,2,0
2024-04-09 15:17:23.001,20864,20864,20864,2,0
2024-04-09 15:17:23.001,20864,20864,20864,2,0
2024-04-09 15:17:23.001,20864,20864,20864,2,0
2024-04-09 15:17:26.001,20864,20864,20864,2,0
2024-04-09 15:17:28.001,20865,20865,20865,2,2
2024-04-09 15:17:28.001,20865,20865,20865,4,0
2024-04-09 15:17:28.001,20865,20865,20865,12,0
2024-04-09 15:17:28.001,20865,20865,20865,6,0
2024-04-09 15:17:28.001,20865,20865,20865,4,0
2024-04-09 15:17:28.001,20865,20865,20865,12,0
2024-04-09 15:17:28.001,20865,20865,20865,2,0
2024-04-09 15:17:31.001,20865,20865,20865,2,0
2024-04-09 15:17:37.001,20865,20865,20865,2,0
2024-04-09 15:17:37.001,20865,20865,20865,2,0
2024-04-09 15:17:40.001,20866,20866,20866,2,2
2024-04-09 15:17:40.001,20866,20866,20866,2,0
2024-04-09 15:17:45.001,20866,20866,20866,2,0
2024-04-09 15:17:45.001,20866,20866,20866,2,0
2024-04-09 15:17:45.001,20866,20866,20866,4,0
2024-04-09 15:17:45.001,20866,20866,20866,4,0
2024-04-09 15:17:46.001,20867,20867,20867,2,2
2024-04-09 15:17:47.001,20867,20867,20867,2,0
2024-04-09 15:17:47.001,20867,20867,20867,2,0
2024-04-09 15:17:47.001,20867,20867,20867,2,0
2024-04-09 15:17:50.001,20868,20868,20868,2,2
2024-04-09 15:17:50.001,20869,20869,20869,4,4
2024-04-09 15:17:50.001,20869,20869,20869,2,0
2024-04-09 15:17:51.001,20869,20869,20869,6,0
2024-04-09 15:17:55.001,20868,20868,20868,2,-2
2024-04-09 15:18:00.001,20867,20867,20867,2,-2
2024-04-09 15:18:00.001,20867,20867,20867,2,0
2024-04-09 15:18:01.001,20867,20867,20867,2,0
2024-04-09 15:18:01.001,20867,20867,20867,4,0
2024-04-09 15:18:01.001,20867,20867,20867,2,0
2024-04-09 15:18:02.001,20868,20868,20868,6,6
2024-04-09 15:18:02.001,20867,20867,20867,2,-2
2024-04-09 15:18:02.001,20867,20867,20867,4,0
2024-04-09 15:18:04.001,20868,20868,20868,6,6
2024-04-09 15:18:07.001,20868,20868,20868,2,0
2024-04-09 15:18:11.001,20868,20868,20868,2,0
2024-04-09 15:18:16.001,20868,20868,20868,2,0
2024-04-09 15:18:16.001,20868,20868,20868,8,0
2024-04-09 15:18:16.001,20868,20868,20868,2,0
2024-04-09 15:18:16.001,20868,20868,20868,2,0
2024-04-09 15:18:16.001,20869,20869,20869,2,2
2024-04-09 15:18:16.001,20869,20869,20869,2,0
2024-04-09 15:18:16.001,20869,20869,20869,2,0
2024-04-09 15:18:22.001,20868,20868,20868,2,-2
2024-04-09 15:18:22.001,20868,20868,20868,4,0
2024-04-09 15:18:22.001,20868,20868,20868,2,0
2024-04-09 15:18:27.001,20867,20867,20867,2,-2
2024-04-09 15:18:27.001,20867,20867,20867,2,0
2024-04-09 15:18:27.001,20867,20867,20867,2,0
2024-04-09 15:18:27.001,20867,20867,20867,2,0
2024-04-09 15:18:27.001,20867,20867,20867,2,0
2024-04-09 15:18:30.001,20866,20866,20866,2,-2
2024-04-09 15:18:32.001,20865,20865,20865,2,-2
2024-04-09 15:18:34.001,20866,20866,20866,2,2
2024-04-09 15:18:34.001,20866,20866,20866,2,0
2024-04-09 15:18:40.001,20866,20866,20866,2,0
2024-04-09 15:18:44.001,20866,20866,20866,2,0
2024-04-09 15:18:44.001,20866,20866,20866,2,0
2024-04-09 15:18:45.001,20866,20866,20866,2,0
2024-04-09 15:18:45.001,20866,20866,20866,2,0
2024-04-09 15:18:45.001,20866,20866,20866,4,0
2024-04-09 15:18:46.001,20865,20865,20865,2,-2
2024-04-09 15:18:50.001,20865,20865,20865,2,0
2024-04-09 15:18:50.001,20865,20865,20865,2,0
2024-04-09 15:18:50.001,20864,20864,20864,2,-2
2024-04-09 15:18:51.001,20864,20864,20864,4,0
2024-04-09 15:18:51.001,20864,20864,20864,2,0
2024-04-09 15:18:52.001,20865,20865,20865,2,2
2024-04-09 15:18:54.001,20864,20864,20864,2,-2
2024-04-09 15:18:54.001,20864,20864,20864,4,0
2024-04-09 15:18:56.001,20864,20864,20864,2,0
2024-04-09 15:18:56.001,20864,20864,20864,2,0
2024-04-09 15:18:56.001,20864,20864,20864,2,0
2024-04-09 15:18:56.001,20864,20864,20864,2,0
2024-04-09 15:18:58.001,20864,20864,20864,2,0
2024-04-09 15:18:58.001,20864,20864,20864,4,0
2024-04-09 15:18:58.001,20864,20864,20864,2,0
2024-04-09 15:18:58.001,20864,20864,20864,2,0
2024-04-09 15:18:59.001,20864,20864,20864,2,0
2024-04-09 15:18:59.001,20864,20864,20864,2,0
2024-04-09 15:19:01.001,20864,20864,20864,2,0
2024-04-09 15:19:05.001,20863,20863,20863,2,-2
2024-04-09 15:19:05.001,20863,20863,20863,2,0
2024-04-09 15:19:05.001,20863,20863,20863,2,0
2024-04-09 15:19:05.001,20863,20863,20863,2,0
2024-04-09 15:19:06.001,20864,20864,20864,2,2
2024-04-09 15:19:07.001,20863,20863,20863,2,-2
2024-04-09 15:19:09.001,20863,20863,20863,2,0
2024-04-09 15:19:12.001,20863,20863,20863,4,0
2024-04-09 15:19:12.001,20862,20862,20862,2,-2
2024-04-09 15:19:12.001,20862,20862,20862,2,0
2024-04-09 15:19:13.001,20862,20862,20862,2,0
2024-04-09 15:19:15.001,20862,20862,20862,2,0
2024-04-09 15:19:17.001,20863,20863,20863,4,4
2024-04-09 15:19:18.001,20863,20863,20863,2,0
2024-04-09 15:19:20.001,20863,20863,20863,2,0
2024-04-09 15:19:21.001,20862,20862,20862,2,-2
2024-04-09 15:19:21.001,20862,20862,20862,4,0
2024-04-09 15:19:21.001,20862,20862,20862,8,0
2024-04-09 15:19:21.001,20862,20862,20862,2,0
2024-04-09 15:19:21.001,20862,20862,20862,6,0
2024-04-09 15:19:21.001,20862,20862,20862,2,0
2024-04-09 15:19:21.001,20862,20862,20862,4,0
2024-04-09 15:19:21.001,20862,20862,20862,2,0
2024-04-09 15:19:21.001,20862,20862,20862,2,0
2024-04-09 15:19:21.001,20861,20861,20861,6,-6
2024-04-09 15:19:21.001,20861,20861,20861,4,0
2024-04-09 15:19:21.001,20861,20861,20861,2,0
2024-04-09 15:19:21.001,20861,20861,20861,2,0
2024-04-09 15:19:21.001,20861,20861,20861,2,0
2024-04-09 15:19:21.001,20861,20861,20861,2,0
2024-04-09 15:19:21.001,20861,20861,20861,2,0
2024-04-09 15:19:21.001,20861,20861,20861,2,0
2024-04-09 15:19:21.001,20861,20861,20861,4,0
2024-04-09 15:19:21.001,20861,20861,20861,2,0
2024-04-09 15:19:21.001,20860,20860,20860,2,-2
2024-04-09 15:19:21.001,20860,20860,20860,2,0
2024-04-09 15:19:21.001,20860,20860,20860,2,0
2024-04-09 15:19:21.001,20860,20860,20860,2,0
2024-04-09 15:19:21.001,20860,20860,20860,2,0
2024-04-09 15:19:21.001,20860,20860,20860,2,0
2024-04-09 15:19:21.001,20860,20860,20860,4,0
2024-04-09 15:19:21.001,20860,20860,20860,6,0
2024-04-09 15:19:21.001,20860,20860,20860,2,0
2024-04-09 15:19:21.001,20860,20860,20860,2,0
2024-04-09 15:19:21.001,20860,20860,20860,6,0
2024-04-09 15:19:21.001,20860,20860,20860,2,0
2024-04-09 15:19:21.001,20860,20860,20860,2,0
2024-04-09 15:19:21.001,20860,20860,20860,4,0
2024-04-09 15:19:21.001,20860,20860,20860,4,0
2024-04-09 15:19:21.001,20860,20860,20860,2,0
2024-04-09 15:19:21.001,20860,20860,20860,2,0
2024-04-09 15:19:21.001,20860,20860,20860,10,0
2024-04-09 15:19:21.001,20860,20860,20860,2,0
2024-04-09 15:19:21.001,20860,20860,20860,2,0
2024-04-09 15:19:21.001,20860,20860,20860,2,0
2024-04-09 15:19:21.001,20860,20860,20860,10,0
2024-04-09 15:19:21.001,20859,20859,20859,4,-4
2024-04-09 15:19:21.001,20859,20859,20859,2,0
2024-04-09 15:19:21.001,20859,20859,20859,2,0
2024-04-09 15:19:21.001,20859,20859,20859,2,0
2024-04-09 15:19:21.001,20861,20861,20861,2,2
2024-04-09 15:19:21.001,20861,20861,20861,2,0
2024-04-09 15:19:22.001,20862,20862,20862,4,4
2024-04-09 15:19:24.001,20861,20861,20861,2,-2
2024-04-09 15:19:32.001,20862,20862,20862,2,2
2024-04-09 15:19:32.001,20862,20862,20862,4,0
2024-04-09 15:19:37.001,20862,20862,20862,2,0
2024-04-09 15:19:37.001,20863,20863,20863,2,2
2024-04-09 15:19:42.001,20863,20863,20863,2,0
2024-04-09 15:19:43.001,20863,20863,20863,2,0
2024-04-09 15:19:43.001,20863,20863,20863,2,0
2024-04-09 15:19:43.001,20863,20863,20863,2,0
2024-04-09 15:19:43.001,20864,20864,20864,2,2
2024-04-09 15:19:44.001,20863,20863,20863,2,-2
2024-04-09 15:19:46.001,20864,20864,20864,2,2
2024-04-09 15:19:51.001,20864,20864,20864,6,0
2024-04-09 15:19:53.001,20864,20864,20864,2,0
2024-04-09 15:19:54.001,20864,20864,20864,2,0
2024-04-09 15:19:55.001,20864,20864,20864,2,0
2024-04-09 15:19:58.001,20863,20863,20863,2,-2
2024-04-09 15:20:01.001,20864,20864,20864,4,4
2024-04-09 15:20:01.001,20863,20863,20863,4,-4
2024-04-09 15:20:01.001,20863,20863,20863,2,0
2024-04-09 15:20:01.001,20863,20863,20863,2,0
2024-04-09 15:20:01.001,20863,20863,20863,4,0
2024-04-09 15:20:01.001,20863,20863,20863,2,0
2024-04-09 15:20:02.001,20862,20862,20862,2,-2
2024-04-09 15:20:02.001,20862,20862,20862,2,0
2024-04-09 15:20:02.001,20862,20862,20862,2,0
2024-04-09 15:20:10.001,20864,20864,20864,2,2
2024-04-09 15:20:10.001,20864,20864,20864,2,0
2024-04-09 15:20:10.001,20864,20864,20864,2,0
2024-04-09 15:20:15.001,20865,20865,20865,6,6
2024-04-09 15:20:15.001,20865,20865,20865,12,0
2024-04-09 15:20:15.001,20865,20865,20865,2,0
2024-04-09 15:20:15.001,20865,20865,20865,2,0
2024-04-09 15:20:15.001,20866,20866,20866,2,2
2024-04-09 15:20:15.001,20866,20866,20866,4,0
2024-04-09 15:20:16.001,20865,20865,20865,2,-2
2024-04-09 15:20:20.001,20866,20866,20866,2,2
2024-04-09 15:20:21.001,20867,20867,20867,4,4
2024-04-09 15:20:24.001,20867,20867,20867,2,0
2024-04-09 15:20:25.001,20868,20868,20868,2,2
2024-04-09 15:20:27.001,20869,20869,20869,4,4
2024-04-09 15:20:27.001,20869,20869,20869,2,0
2024-04-09 15:20:27.001,20868,20868,20868,2,-2
2024-04-09 15:20:28.001,20870,20870,20870,6,6
2024-04-09 15:20:28.001,20870,20870,20870,10,0
2024-04-09 15:20:28.001,20871,20871,20871,2,2
2024-04-09 15:20:28.001,20870,20870,20870,2,-2
2024-04-09 15:20:28.001,20870,20870,20870,2,0
2024-04-09 15:20:29.001,20871,20871,20871,4,4
2024-04-09 15:20:29.001,20872,20872,20872,2,2
2024-04-09 15:20:30.001,20872,20872,20872,6,0
2024-04-09 15:20:31.001,20872,20872,20872,4,0
2024-04-09 15:20:32.001,20871,20871,20871,2,-2
2024-04-09 15:20:32.001,20871,20871,20871,2,0
2024-04-09 15:20:32.001,20871,20871,20871,4,0
2024-04-09 15:20:32.001,20871,20871,20871,2,0
2024-04-09 15:20:32.001,20871,20871,20871,2,0
2024-04-09 15:20:32.001,20871,20871,20871,2,0
2024-04-09 15:20:32.001,20871,20871,20871,2,0
2024-04-09 15:20:32.001,20871,20871,20871,4,0
2024-04-09 15:20:32.001,20871,20871,20871,2,0
2024-04-09 15:20:33.001,20872,20872,20872,6,6
2024-04-09 15:20:34.001,20872,20872,20872,2,0
2024-04-09 15:20:37.001,20872,20872,20872,12,0
2024-04-09 15:20:40.001,20871,20871,20871,2,-2
2024-04-09 15:20:40.001,20872,20872,20872,4,4
2024-04-09 15:20:41.001,20871,20871,20871,4,-4
2024-04-09 15:20:42.001,20872,20872,20872,8,8
2024-04-09 15:20:45.001,20870,20870,20870,2,-2
2024-04-09 15:20:45.001,20870,20870,20870,2,0
2024-04-09 15:20:56.001,20870,20870,20870,6,0
2024-04-09 15:21:00.001,20870,20870,20870,4,0
2024-04-09 15:21:00.001,20870,20870,20870,6,0
2024-04-09 15:21:00.001,20870,20870,20870,2,0
2024-04-09 15:21:04.001,20870,20870,20870,6,0
2024-04-09 15:21:04.001,20869,20869,20869,2,-2
2024-04-09 15:21:04.001,20869,20869,20869,4,0
2024-04-09 15:21:04.001,20870,20870,20870,4,4
2024-04-09 15:21:11.001,20870,20870,20870,2,0
2024-04-09 15:21:12.001,20869,20869,20869,2,-2
2024-04-09 15:21:12.001,20869,20869,20869,2,0
2024-04-09 15:21:12.001,20869,20869,20869,2,0
2024-04-09 15:21:12.001,20868,20868,20868,2,-2
2024-04-09 15:21:17.001,20868,20868,20868,2,0
2024-04-09 15:21:34.001,20868,20868,20868,2,0
2024-04-09 15:21:35.001,20867,20867,20867,4,-4
2024-04-09 15:21:40.001,20867,20867,20867,4,0
2024-04-09 15:21:40.001,20867,20867,20867,2,0
2024-04-09 15:21:40.001,20867,20867,20867,2,0
2024-04-09 15:21:40.001,20867,20867,20867,2,0
2024-04-09 15:21:40.001,20867,20867,20867,4,0
2024-04-09 15:21:40.001,20867,20867,20867,2,0
2024-04-09 15:21:40.001,20867,20867,20867,2,0
2024-04-09 15:21:40.001,20867,20867,20867,2,0
2024-04-09 15:21:40.001,20867,20867,20867,2,0
2024-04-09 15:21:40.001,20867,20867,20867,4,0
2024-04-09 15:21:40.001,20867,20867,20867,2,0
2024-04-09 15:21:44.001,20866,20866,20866,2,-2
2024-04-09 15:21:51.001,20866,20866,20866,2,0
2024-04-09 15:21:51.001,20866,20866,20866,2,0
2024-04-09 15:21:51.001,20866,20866,20866,2,0
2024-04-09 15:21:51.001,20866,20866,20866,2,0
2024-04-09 15:21:51.001,20866,20866,20866,2,0
2024-04-09 15:21:51.001,20866,20866,20866,2,0
2024-04-09 15:21:51.001,20866,20866,20866,2,0
2024-04-09 15:21:51.001,20866,20866,20866,4,0
2024-04-09 15:21:51.001,20866,20866,20866,4,0
2024-04-09 15:21:51.001,20866,20866,20866,2,0
2024-04-09 15:21:51.001,20866,20866,20866,2,0
2024-04-09 15:21:51.001,20866,20866,20866,2,0
2024-04-09 15:21:51.001,20866,20866,20866,2,0
2024-04-09 15:21:53.001,20867,20867,20867,2,2
2024-04-09 15:21:53.001,20868,20868,20868,2,2
2024-04-09 15:21:54.001,20867,20867,20867,2,-2
2024-04-09 15:21:58.001,20867,20867,20867,2,0
2024-04-09 15:22:00.001,20868,20868,20868,8,8
2024-04-09 15:22:01.001,20867,20867,20867,2,-2
2024-04-09 15:22:06.001,20867,20867,20867,2,0
2024-04-09 15:22:24.001,20866,20866,20866,2,-2
2024-04-09 15:22:24.001,20866,20866,20866,2,0
2024-04-09 15:22:24.001,20866,20866,20866,2,0
2024-04-09 15:22:24.001,20866,20866,20866,2,0
2024-04-09 15:22:24.001,20866,20866,20866,2,0
2024-04-09 15:22:24.001,20866,20866,20866,2,0
2024-04-09 15:22:24.001,20866,20866,20866,4,0
2024-04-09 15:22:24.001,20866,20866,20866,4,0
2024-04-09 15:22:24.001,20866,20866,20866,2,0
2024-04-09 15:22:24.001,20866,20866,20866,2,0
2024-04-09 15:22:32.001,20866,20866,20866,6,0
2024-04-09 15:22:33.001,20865,20865,20865,2,-2
2024-04-09 15:22:33.001,20865,20865,20865,2,0
2024-04-09 15:22:33.001,20865,20865,20865,2,0
2024-04-09 15:22:33.001,20866,20866,20866,6,6
2024-04-09 15:22:33.001,20865,20865,20865,4,-4
2024-04-09 15:22:33.001,20865,20865,20865,2,0
2024-04-09 15:22:34.001,20865,20865,20865,2,0
2024-04-09 15:22:34.001,20865,20865,20865,4,0
2024-04-09 15:22:34.001,20865,20865,20865,2,0
2024-04-09 15:22:34.001,20865,20865,20865,6,0
2024-04-09 15:22:34.001,20864,20864,20864,2,-2
2024-04-09 15:22:34.001,20864,20864,20864,2,0
2024-04-09 15:22:35.001,20863,20863,20863,4,-4
2024-04-09 15:22:35.001,20863,20863,20863,2,0
2024-04-09 15:22:36.001,20863,20863,20863,2,0
2024-04-09 15:22:36.001,20863,20863,20863,2,0
2024-04-09 15:22:36.001,20863,20863,20863,2,0
2024-04-09 15:22:38.001,20863,20863,20863,2,0
2024-04-09 15:22:38.001,20863,20863,20863,4,0
2024-04-09 15:22:38.001,20863,20863,20863,2,0
2024-04-09 15:22:38.001,20863,20863,20863,2,0
2024-04-09 15:22:39.001,20862,20862,20862,2,-2
2024-04-09 15:22:41.001,20862,20862,20862,2,0
2024-04-09 15:22:41.001,20862,20862,20862,2,0
2024-04-09 15:22:41.001,20862,20862,20862,2,0
2024-04-09 15:22:42.001,20862,20862,20862,6,0
2024-04-09 15:22:42.001,20862,20862,20862,2,0
2024-04-09 15:22:46.001,20862,20862,20862,4,0
2024-04-09 15:22:47.001,20862,20862,20862,2,0
2024-04-09 15:22:53.001,20861,20861,20861,2,-2
2024-04-09 15:22:53.001,20861,20861,20861,2,0
2024-04-09 15:22:54.001,20862,20862,20862,2,2
2024-04-09 15:22:58.001,20861,20861,20861,2,-2
2024-04-09 15:22:59.001,20861,20861,20861,2,0
2024-04-09 15:23:03.001,20862,20862,20862,2,2
2024-04-09 15:23:03.001,20862,20862,20862,2,0
2024-04-09 15:23:04.001,20861,20861,20861,2,-2
2024-04-09 15:23:04.001,20861,20861,20861,2,0
2024-04-09 15:23:05.001,20862,20862,20862,2,2
2024-04-09 15:23:05.001,20862,20862,20862,2,0
2024-04-09 15:23:05.001,20862,20862,20862,2,0
2024-04-09 15:23:07.001,20862,20862,20862,2,0
2024-04-09 15:23:12.001,20862,20862,20862,2,0
2024-04-09 15:23:14.001,20862,20862,20862,2,0
2024-04-09 15:23:20.001,20862,20862,20862,2,0
2024-04-09 15:23:23.001,20862,20862,20862,2,0
2024-04-09 15:23:26.001,20862,20862,20862,2,0
2024-04-09 15:23:26.001,20863,20863,20863,16,16
2024-04-09 15:23:26.001,20864,20864,20864,2,2
2024-04-09 15:23:27.001,20863,20863,20863,2,-2
2024-04-09 15:23:33.001,20863,20863,20863,2,0
2024-04-09 15:23:33.001,20863,20863,20863,2,0
2024-04-09 15:23:33.001,20863,20863,20863,2,0
2024-04-09 15:23:35.001,20863,20863,20863,2,0
2024-04-09 15:23:37.001,20863,20863,20863,8,0
2024-04-09 15:23:39.001,20863,20863,20863,4,0
2024-04-09 15:23:41.001,20863,20863,20863,4,0
2024-04-09 15:23:42.001,20863,20863,20863,2,0
2024-04-09 15:23:49.001,20862,20862,20862,4,-4
2024-04-09 15:23:49.001,20862,20862,20862,2,0
2024-04-09 15:23:49.001,20862,20862,20862,4,0
2024-04-09 15:23:49.001,20862,20862,20862,2,0
2024-04-09 15:23:49.001,20862,20862,20862,2,0
2024-04-09 15:24:00.001,20862,20862,20862,2,0
2024-04-09 15:24:03.001,20862,20862,20862,2,0
2024-04-09 15:24:03.001,20862,20862,20862,2,0
2024-04-09 15:24:03.001,20861,20861,20861,2,-2
2024-04-09 15:24:03.001,20861,20861,20861,2,0
2024-04-09 15:24:03.001,20861,20861,20861,2,0
2024-04-09 15:24:03.001,20861,20861,20861,2,0
2024-04-09 15:24:03.001,20861,20861,20861,2,0
2024-04-09 15:24:03.001,20861,20861,20861,2,0
2024-04-09 15:24:03.001,20861,20861,20861,2,0
2024-04-09 15:24:03.001,20861,20861,20861,2,0
2024-04-09 15:24:03.001,20860,20860,20860,4,-4
2024-04-09 15:24:03.001,20860,20860,20860,2,0
2024-04-09 15:24:03.001,20860,20860,20860,2,0
2024-04-09 15:24:09.001,20860,20860,20860,2,0
2024-04-09 15:24:09.001,20860,20860,20860,2,0
2024-04-09 15:24:09.001,20860,20860,20860,2,0
2024-04-09 15:24:09.001,20860,20860,20860,2,0
2024-04-09 15:24:09.001,20860,20860,20860,2,0
2024-04-09 15:24:10.001,20859,20859,20859,2,-2
2024-04-09 15:24:10.001,20859,20859,20859,2,0
2024-04-09 15:24:10.001,20859,20859,20859,2,0
2024-04-09 15:24:10.001,20859,20859,20859,2,0
2024-04-09 15:24:10.001,20859,20859,20859,2,0
2024-04-09 15:24:10.001,20859,20859,20859,2,0
2024-04-09 15:24:10.001,20859,20859,20859,2,0
2024-04-09 15:24:11.001,20859,20859,20859,2,0
2024-04-09 15:24:11.001,20859,20859,20859,2,0
2024-04-09 15:24:11.001,20859,20859,20859,2,0
2024-04-09 15:24:12.001,20859,20859,20859,2,0
2024-04-09 15:24:12.001,20858,20858,20858,2,-2
2024-04-09 15:24:12.001,20858,20858,20858,2,0
2024-04-09 15:24:12.001,20858,20858,20858,2,0
2024-04-09 15:24:12.001,20858,20858,20858,4,0
2024-04-09 15:24:12.001,20858,20858,20858,2,0
2024-04-09 15:24:12.001,20858,20858,20858,10,0
2024-04-09 15:24:12.001,20858,20858,20858,2,0
2024-04-09 15:24:13.001,20858,20858,20858,2,0
2024-04-09 15:24:13.001,20858,20858,20858,2,0
2024-04-09 15:24:13.001,20858,20858,20858,2,0
2024-04-09 15:24:13.001,20858,20858,20858,8,0
2024-04-09 15:24:13.001,20858,20858,20858,2,0
2024-04-09 15:24:14.001,20858,20858,20858,4,0
2024-04-09 15:24:14.001,20858,20858,20858,2,0
2024-04-09 15:24:14.001,20858,20858,20858,2,0
2024-04-09 15:24:14.001,20858,20858,20858,2,0
2024-04-09 15:24:14.001,20858,20858,20858,4,0
2024-04-09 15:24:15.001,20858,20858,20858,2,0
2024-04-09 15:24:16.001,20858,20858,20858,4,0
2024-04-09 15:24:16.001,20858,20858,20858,2,0
2024-04-09 15:24:16.001,20857,20857,20857,2,-2
2024-04-09 15:24:16.001,20857,20857,20857,2,0
2024-04-09 15:24:16.001,20857,20857,20857,2,0
2024-04-09 15:24:16.001,20857,20857,20857,2,0
2024-04-09 15:24:16.001,20857,20857,20857,2,0
2024-04-09 15:24:16.001,20857,20857,20857,2,0
2024-04-09 15:24:16.001,20857,20857,20857,2,0
2024-04-09 15:24:16.001,20857,20857,20857,2,0
2024-04-09 15:24:16.001,20857,20857,20857,2,0
2024-04-09 15:24:17.001,20857,20857,20857,2,0
2024-04-09 15:24:17.001,20856,20856,20856,2,-2
2024-04-09 15:24:17.001,20856,20856,20856,2,0
2024-04-09 15:24:17.001,20856,20856,20856,4,0
2024-04-09 15:24:20.001,20858,20858,20858,6,6
2024-04-09 15:24:20.001,20858,20858,20858,6,0
2024-04-09 15:24:24.001,20856,20856,20856,2,-2
2024-04-09 15:24:25.001,20856,20856,20856,2,0
2024-04-09 15:24:25.001,20856,20856,20856,4,0
2024-04-09 15:24:25.001,20856,20856,20856,2,0
2024-04-09 15:24:25.001,20856,20856,20856,4,0
2024-04-09 15:24:25.001,20856,20856,20856,2,0
2024-04-09 15:24:25.001,20856,20856,20856,4,0
2024-04-09 15:24:25.001,20856,20856,20856,2,0
2024-04-09 15:24:26.001,20857,20857,20857,2,2
2024-04-09 15:24:26.001,20857,20857,20857,2,0
2024-04-09 15:24:26.001,20857,20857,20857,4,0
2024-04-09 15:24:26.001,20857,20857,20857,2,0
2024-04-09 15:24:27.001,20857,20857,20857,2,0
2024-04-09 15:24:27.001,20857,20857,20857,6,0
2024-04-09 15:24:30.001,20857,20857,20857,2,0
2024-04-09 15:24:31.001,20858,20858,20858,2,2
2024-04-09 15:24:38.001,20857,20857,20857,2,-2
2024-04-09 15:24:38.001,20857,20857,20857,2,0
2024-04-09 15:24:38.001,20857,20857,20857,2,0
2024-04-09 15:24:38.001,20857,20857,20857,2,0
2024-04-09 15:24:39.001,20857,20857,20857,2,0
2024-04-09 15:24:45.001,20857,20857,20857,2,0
2024-04-09 15:24:45.001,20857,20857,20857,2,0
2024-04-09 15:24:45.001,20857,20857,20857,2,0
2024-04-09 15:24:46.001,20856,20856,20856,2,-2
2024-04-09 15:24:53.001,20856,20856,20856,2,0
2024-04-09 15:24:53.001,20856,20856,20856,2,0
2024-04-09 15:24:54.001,20856,20856,20856,2,0
2024-04-09 15:24:58.001,20856,20856,20856,2,0
2024-04-09 15:24:58.001,20856,20856,20856,2,0
2024-04-09 15:24:58.001,20856,20856,20856,2,0
2024-04-09 15:24:59.001,20857,20857,20857,2,2
2024-04-09 15:25:03.001,20856,20856,20856,2,-2
2024-04-09 15:25:03.001,20856,20856,20856,2,0
2024-04-09 15:25:04.001,20856,20856,20856,2,0
2024-04-09 15:25:05.001,20857,20857,20857,2,2
2024-04-09 15:25:05.001,20857,20857,20857,6,0
2024-04-09 15:25:05.001,20857,20857,20857,2,0
2024-04-09 15:25:05.001,20857,20857,20857,2,0
2024-04-09 15:25:05.001,20857,20857,20857,2,0
2024-04-09 15:25:05.001,20857,20857,20857,2,0
2024-04-09 15:25:05.001,20857,20857,20857,2,0
2024-04-09 15:25:05.001,20856,20856,20856,2,-2
2024-04-09 15:25:13.001,20856,20856,20856,2,0
2024-04-09 15:25:16.001,20856,20856,20856,2,0
2024-04-09 15:25:16.001,20856,20856,20856,2,0
2024-04-09 15:25:16.001,20856,20856,20856,2,0
2024-04-09 15:25:16.001,20856,20856,20856,2,0
2024-04-09 15:25:16.001,20856,20856,20856,2,0
2024-04-09 15:25:16.001,20856,20856,20856,2,0
2024-04-09 15:25:17.001,20856,20856,20856,4,0
2024-04-09 15:25:19.001,20856,20856,20856,2,0
2024-04-09 15:25:20.001,20856,20856,20856,2,0
2024-04-09 15:25:21.001,20856,20856,20856,2,0
2024-04-09 15:25:21.001,20856,20856,20856,4,0
2024-04-09 15:25:22.001,20855,20855,20855,2,-2
2024-04-09 15:25:22.001,20855,20855,20855,2,0
2024-04-09 15:25:23.001,20855,20855,20855,2,0
2024-04-09 15:25:23.001,20855,20855,20855,2,0
2024-04-09 15:25:23.001,20855,20855,20855,2,0
2024-04-09 15:25:24.001,20855,20855,20855,2,0
2024-04-09 15:25:24.001,20855,20855,20855,2,0
2024-04-09 15:25:24.001,20855,20855,20855,2,0
2024-04-09 15:25:24.001,20855,20855,20855,2,0
2024-04-09 15:25:24.001,20855,20855,20855,2,0
2024-04-09 15:25:24.001,20855,20855,20855,10,0
2024-04-09 15:25:24.001,20855,20855,20855,2,0
2024-04-09 15:25:24.001,20856,20856,20856,2,2
2024-04-09 15:25:24.001,20856,20856,20856,2,0
2024-04-09 15:25:24.001,20854,20854,20854,2,-2
2024-04-09 15:25:24.001,20856,20856,20856,2,2
2024-04-09 15:25:24.001,20856,20856,20856,2,0
2024-04-09 15:25:24.001,20854,20854,20854,2,-2
2024-04-09 15:25:24.001,20854,20854,20854,2,0
2024-04-09 15:25:24.001,20854,20854,20854,2,0
2024-04-09 15:25:24.001,20854,20854,20854,2,0
2024-04-09 15:25:24.001,20854,20854,20854,2,0
2024-04-09 15:25:24.001,20854,20854,20854,2,0
2024-04-09 15:25:24.001,20854,20854,20854,2,0
2024-04-09 15:25:24.001,20854,20854,20854,2,0
2024-04-09 15:25:24.001,20854,20854,20854,2,0
2024-04-09 15:25:24.001,20854,20854,20854,2,0
2024-04-09 15:25:25.001,20855,20855,20855,2,2
2024-04-09 15:25:25.001,20856,20856,20856,2,2
2024-04-09 15:25:26.001,20856,20856,20856,2,0
2024-04-09 15:25:26.001,20857,20857,20857,2,2
2024-04-09 15:25:26.001,20857,20857,20857,2,0
2024-04-09 15:25:27.001,20856,20856,20856,2,-2
2024-04-09 15:25:27.001,20857,20857,20857,2,2
2024-04-09 15:25:27.001,20857,20857,20857,6,0
2024-04-09 15:25:28.001,20856,20856,20856,2,-2
2024-04-09 15:25:28.001,20856,20856,20856,2,0
2024-04-09 15:25:28.001,20856,20856,20856,2,0
2024-04-09 15:25:29.001,20857,20857,20857,8,8
2024-04-09 15:25:30.001,20857,20857,20857,6,0
2024-04-09 15:25:30.001,20857,20857,20857,6,0
2024-04-09 15:25:30.001,20856,20856,20856,2,-2
2024-04-09 15:25:30.001,20856,20856,20856,2,0
2024-04-09 15:25:30.001,20856,20856,20856,2,0
2024-04-09 15:25:32.001,20857,20857,20857,2,2
2024-04-09 15:25:35.001,20856,20856,20856,2,-2
2024-04-09 15:25:36.001,20858,20858,20858,2,2
2024-04-09 15:25:36.001,20858,20858,20858,2,0
2024-04-09 15:25:36.001,20858,20858,20858,2,0
2024-04-09 15:25:36.001,20858,20858,20858,2,0
2024-04-09 15:25:40.001,20858,20858,20858,2,0
2024-04-09 15:25:41.001,20860,20860,20860,4,4
2024-04-09 15:25:41.001,20860,20860,20860,2,0
2024-04-09 15:25:42.001,20859,20859,20859,2,-2
2024-04-09 15:25:42.001,20859,20859,20859,2,0
2024-04-09 15:25:42.001,20859,20859,20859,2,0
2024-04-09 15:25:42.001,20859,20859,20859,2,0
2024-04-09 15:25:42.001,20859,20859,20859,2,0
2024-04-09 15:25:43.001,20859,20859,20859,2,0
2024-04-09 15:25:43.001,20859,20859,20859,2,0
2024-04-09 15:25:45.001,20859,20859,20859,2,0
2024-04-09 15:25:47.001,20859,20859,20859,4,0
2024-04-09 15:25:48.001,20859,20859,20859,4,0
2024-04-09 15:25:48.001,20859,20859,20859,2,0
2024-04-09 15:25:49.001,20859,20859,20859,2,0
2024-04-09 15:25:50.001,20858,20858,20858,2,-2
2024-04-09 15:25:55.001,20859,20859,20859,4,4
2024-04-09 15:25:59.001,20858,20858,20858,2,-2
2024-04-09 15:26:01.001,20858,20858,20858,2,0
2024-04-09 15:26:01.001,20857,20857,20857,2,-2
2024-04-09 15:26:02.001,20857,20857,20857,2,0
2024-04-09 15:26:03.001,20858,20858,20858,4,4
2024-04-09 15:26:03.001,20857,20857,20857,6,-6
2024-04-09 15:26:04.001,20856,20856,20856,2,-2
2024-04-09 15:26:04.001,20856,20856,20856,2,0
2024-04-09 15:26:10.001,20857,20857,20857,2,2
2024-04-09 15:26:10.001,20857,20857,20857,2,0
2024-04-09 15:26:11.001,20856,20856,20856,2,-2
2024-04-09 15:26:12.001,20856,20856,20856,2,0
2024-04-09 15:26:12.001,20856,20856,20856,2,0
2024-04-09 15:26:15.001,20857,20857,20857,8,8
2024-04-09 15:26:21.001,20857,20857,20857,2,0
2024-04-09 15:26:26.001,20857,20857,20857,2,0
2024-04-09 15:26:28.001,20857,20857,20857,2,0
2024-04-09 15:26:28.001,20857,20857,20857,2,0
2024-04-09 15:26:28.001,20857,20857,20857,2,0
2024-04-09 15:26:35.001,20857,20857,20857,2,0
2024-04-09 15:26:35.001,20857,20857,20857,2,0
2024-04-09 15:26:36.001,20858,20858,20858,8,8
2024-04-09 15:26:37.001,20857,20857,20857,2,-2
2024-04-09 15:26:37.001,20858,20858,20858,2,2
2024-04-09 15:26:37.001,20858,20858,20858,2,0
2024-04-09 15:26:37.001,20859,20859,20859,2,2
2024-04-09 15:26:37.001,20859,20859,20859,2,0
2024-04-09 15:26:43.001,20860,20860,20860,4,4
2024-04-09 15:26:43.001,20860,20860,20860,2,0
2024-04-09 15:26:43.001,20860,20860,20860,2,0
2024-04-09 15:26:44.001,20861,20861,20861,2,2
2024-04-09 15:26:47.001,20861,20861,20861,2,0
2024-04-09 15:26:47.001,20861,20861,20861,2,0
2024-04-09 15:26:47.001,20861,20861,20861,4,0
2024-04-09 15:26:47.001,20861,20861,20861,2,0
2024-04-09 15:26:47.001,20861,20861,20861,2,0
2024-04-09 15:26:53.001,20860,20860,20860,2,-2
2024-04-09 15:26:53.001,20860,20860,20860,2,0
2024-04-09 15:26:53.001,20860,20860,20860,2,0
2024-04-09 15:26:54.001,20860,20860,20860,4,0
2024-04-09 15:26:59.001,20861,20861,20861,2,2
2024-04-09 15:27:00.001,20861,20861,20861,8,0
2024-04-09 15:27:05.001,20862,20862,20862,6,6
2024-04-09 15:27:05.001,20863,20863,20863,2,2
2024-04-09 15:27:07.001,20863,20863,20863,2,0
2024-04-09 15:27:07.001,20863,20863,20863,6,0
2024-04-09 15:27:11.001,20863,20863,20863,2,0
2024-04-09 15:27:11.001,20863,20863,20863,2,0
2024-04-09 15:27:12.001,20864,20864,20864,2,2
2024-04-09 15:27:12.001,20864,20864,20864,2,0
2024-04-09 15:27:12.001,20865,20865,20865,2,2
2024-04-09 15:27:12.001,20864,20864,20864,2,-2
2024-04-09 15:27:13.001,20865,20865,20865,2,2
2024-04-09 15:27:14.001,20865,20865,20865,6,0
2024-04-09 15:27:14.001,20864,20864,20864,2,-2
2024-04-09 15:27:15.001,20864,20864,20864,2,0
2024-04-09 15:27:15.001,20864,20864,20864,2,0
2024-04-09 15:27:18.001,20865,20865,20865,10,10
2024-04-09 15:27:18.001,20865,20865,20865,2,0
2024-04-09 15:27:18.001,20865,20865,20865,2,0
2024-04-09 15:27:20.001,20866,20866,20866,4,4
2024-04-09 15:27:20.001,20867,20867,20867,2,2
2024-04-09 15:27:23.001,20866,20866,20866,2,-2
2024-04-09 15:27:23.001,20866,20866,20866,2,0
2024-04-09 15:27:30.001,20866,20866,20866,2,0
2024-04-09 15:27:30.001,20866,20866,20866,2,0
2024-04-09 15:27:30.001,20866,20866,20866,2,0
2024-04-09 15:27:30.001,20866,20866,20866,4,0
2024-04-09 15:27:30.001,20867,20867,20867,4,4
2024-04-09 15:27:31.001,20866,20866,20866,2,-2
2024-04-09 15:27:31.001,20866,20866,20866,2,0
2024-04-09 15:27:32.001,20866,20866,20866,2,0
2024-04-09 15:27:33.001,20865,20865,20865,2,-2
2024-04-09 15:27:33.001,20865,20865,20865,2,0
2024-04-09 15:27:36.001,20864,20864,20864,2,-2
2024-04-09 15:27:37.001,20865,20865,20865,4,4
2024-04-09 15:27:37.001,20864,20864,20864,2,-2
2024-04-09 15:27:43.001,20864,20864,20864,2,0
2024-04-09 15:27:45.001,20863,20863,20863,2,-2
2024-04-09 15:27:45.001,20864,20864,20864,2,2
2024-04-09 15:27:56.001,20863,20863,20863,4,-4
2024-04-09 15:27:58.001,20864,20864,20864,6,6
2024-04-09 15:27:59.001,20863,20863,20863,4,-4
2024-04-09 15:28:00.001,20863,20863,20863,2,0
2024-04-09 15:28:01.001,20862,20862,20862,2,-2
2024-04-09 15:28:09.001,20863,20863,20863,2,2
2024-04-09 15:28:09.001,20863,20863,20863,2,0
2024-04-09 15:28:13.001,20862,20862,20862,2,-2
2024-04-09 15:28:15.001,20864,20864,20864,2,2
2024-04-09 15:28:17.001,20862,20862,20862,2,-2
2024-04-09 15:28:19.001,20862,20862,20862,2,0
2024-04-09 15:28:26.001,20862,20862,20862,6,0
2024-04-09 15:28:28.001,20861,20861,20861,2,-2
2024-04-09 15:28:30.001,20861,20861,20861,2,0
2024-04-09 15:28:30.001,20861,20861,20861,2,0
2024-04-09 15:28:30.001,20861,20861,20861,2,0
2024-04-09 15:28:30.001,20860,20860,20860,4,-4
2024-04-09 15:28:31.001,20861,20861,20861,2,2
2024-04-09 15:28:32.001,20862,20862,20862,8,8
2024-04-09 15:28:32.001,20862,20862,20862,6,0
2024-04-09 15:28:32.001,20862,20862,20862,2,0
2024-04-09 15:28:33.001,20862,20862,20862,2,0
2024-04-09 15:28:34.001,20861,20861,20861,2,-2
2024-04-09 15:28:34.001,20862,20862,20862,2,2
2024-04-09 15:28:35.001,20862,20862,20862,2,0
2024-04-09 15:28:35.001,20862,20862,20862,2,0
2024-04-09 15:28:37.001,20862,20862,20862,2,0
2024-04-09 15:28:51.001,20862,20862,20862,2,0
2024-04-09 15:28:53.001,20863,20863,20863,4,4
2024-04-09 15:28:54.001,20863,20863,20863,2,0
2024-04-09 15:28:54.001,20863,20863,20863,2,0
2024-04-09 15:28:55.001,20864,20864,20864,4,4
2024-04-09 15:28:55.001,20864,20864,20864,2,0
2024-04-09 15:28:56.001,20865,20865,20865,2,2
2024-04-09 15:28:58.001,20866,20866,20866,2,2
2024-04-09 15:28:58.001,20866,20866,20866,2,0
2024-04-09 15:29:03.001,20866,20866,20866,2,0
2024-04-09 15:29:04.001,20865,20865,20865,2,-2
2024-04-09 15:29:19.001,20865,20865,20865,2,0
2024-04-09 15:29:32.001,20865,20865,20865,2,0
2024-04-09 15:29:34.001,20865,20865,20865,4,0
2024-04-09 15:29:34.001,20865,20865,20865,2,0
2024-04-09 15:29:34.001,20865,20865,20865,2,0
2024-04-09 15:29:43.001,20864,20864,20864,2,-2
2024-04-09 15:29:43.001,20864,20864,20864,2,0
2024-04-09 15:29:47.001,20865,20865,20865,4,4
2024-04-09 15:29:47.001,20865,20865,20865,2,0
2024-04-09 15:29:56.001,20865,20865,20865,6,0
2024-04-09 15:30:00.001,20864,20864,20864,2,-2
2024-04-09 15:30:00.001,20865,20865,20865,6,6
2024-04-09 15:30:00.001,20865,20865,20865,12,0
2024-04-09 15:30:00.001,20866,20866,20866,2,2
2024-04-09 15:30:01.001,20864,20864,20864,2,-2
2024-04-09 15:30:01.001,20864,20864,20864,2,0
2024-04-09 15:30:01.001,20864,20864,20864,2,0
2024-04-09 15:30:05.001,20865,20865,20865,6,6
2024-04-09 15:30:11.001,20863,20863,20863,2,-2
2024-04-09 15:30:16.001,20864,20864,20864,2,2
2024-04-09 15:30:17.001,20865,20865,20865,2,2
2024-04-09 15:30:20.001,20865,20865,20865,2,0
2024-04-09 15:30:25.001,20865,20865,20865,8,0
2024-04-09 15:30:27.001,20865,20865,20865,2,0
2024-04-09 15:30:35.001,20865,20865,20865,6,0
2024-04-09 15:30:41.001,20864,20864,20864,2,-2
2024-04-09 15:30:43.001,20865,20865,20865,2,2
2024-04-09 15:30:54.001,20865,20865,20865,2,0
2024-04-09 15:30:55.001,20865,20865,20865,2,0
2024-04-09 15:31:01.001,20866,20866,20866,4,4
2024-04-09 15:31:01.001,20865,20865,20865,2,-2
2024-04-09 15:31:07.001,20865,20865,20865,2,0
2024-04-09 15:31:07.001,20864,20864,20864,2,-2
2024-04-09 15:31:07.001,20864,20864,20864,2,0
2024-04-09 15:31:14.001,20864,20864,20864,4,0
2024-04-09 15:31:14.001,20864,20864,20864,2,0
2024-04-09 15:31:14.001,20864,20864,20864,2,0
2024-04-09 15:31:14.001,20864,20864,20864,2,0
2024-04-09 15:31:14.001,20864,20864,20864,4,0
2024-04-09 15:31:14.001,20864,20864,20864,2,0
2024-04-09 15:31:14.001,20864,20864,20864,2,0
2024-04-09 15:31:14.001,20863,20863,20863,2,-2
2024-04-09 15:31:22.001,20864,20864,20864,2,2
2024-04-09 15:31:22.001,20865,20865,20865,2,2
2024-04-09 15:31:22.001,20863,20863,20863,2,-2
2024-04-09 15:31:22.001,20863,20863,20863,4,0
2024-04-09 15:31:23.001,20865,20865,20865,2,2
2024-04-09 15:31:30.001,20865,20865,20865,12,0
2024-04-09 15:31:35.001,20866,20866,20866,6,6
2024-04-09 15:31:42.001,20866,20866,20866,2,0
2024-04-09 15:31:42.001,20866,20866,20866,2,0
2024-04-09 15:31:43.001,20866,20866,20866,2,0
2024-04-09 15:31:57.001,20866,20866,20866,2,0
2024-04-09 15:32:00.001,20865,20865,20865,2,-2
2024-04-09 15:32:00.001,20865,20865,20865,2,0
2024-04-09 15:32:01.001,20865,20865,20865,2,0
2024-04-09 15:32:01.001,20865,20865,20865,2,0
2024-04-09 15:32:01.001,20865,20865,20865,2,0
2024-04-09 15:32:01.001,20865,20865,20865,2,0
2024-04-09 15:32:02.001,20864,20864,20864,2,-2
2024-04-09 15:32:10.001,20864,20864,20864,2,0
2024-04-09 15:32:33.001,20863,20863,20863,2,-2
2024-04-09 15:32:33.001,20863,20863,20863,4,0
2024-04-09 15:32:33.001,20863,20863,20863,2,0
2024-04-09 15:32:33.001,20863,20863,20863,4,0
2024-04-09 15:32:35.001,20863,20863,20863,4,0
2024-04-09 15:32:42.001,20862,20862,20862,2,-2
2024-04-09 15:32:42.001,20862,20862,20862,2,0
2024-04-09 15:32:43.001,20862,20862,20862,2,0
2024-04-09 15:32:45.001,20862,20862,20862,2,0
2024-04-09 15:32:49.001,20862,20862,20862,2,0
2024-04-09 15:32:49.001,20862,20862,20862,4,0
2024-04-09 15:32:49.001,20862,20862,20862,2,0
2024-04-09 15:32:49.001,20862,20862,20862,4,0
2024-04-09 15:32:49.001,20862,20862,20862,4,0
2024-04-09 15:32:49.001,20862,20862,20862,2,0
2024-04-09 15:32:49.001,20861,20861,20861,2,-2
2024-04-09 15:32:49.001,20861,20861,20861,2,0
2024-04-09 15:32:49.001,20861,20861,20861,2,0
2024-04-09 15:32:49.001,20861,20861,20861,2,0
2024-04-09 15:32:49.001,20861,20861,20861,4,0
2024-04-09 15:32:49.001,20861,20861,20861,2,0
2024-04-09 15:32:49.001,20861,20861,20861,4,0
2024-04-09 15:32:49.001,20861,20861,20861,2,0
2024-04-09 15:32:51.001,20863,20863,20863,4,4
2024-04-09 15:32:51.001,20864,20864,20864,2,2
2024-04-09 15:32:57.001,20863,20863,20863,2,-2
2024-04-09 15:32:57.001,20862,20862,20862,2,-2
2024-04-09 15:33:00.001,20863,20863,20863,2,2
2024-04-09 15:33:00.001,20863,20863,20863,2,0
2024-04-09 15:33:03.001,20863,20863,20863,2,0
2024-04-09 15:33:06.001,20864,20864,20864,10,10
2024-04-09 15:33:12.001,20863,20863,20863,2,-2
2024-04-09 15:33:15.001,20863,20863,20863,2,0
2024-04-09 15:33:15.001,20863,20863,20863,2,0
2024-04-09 15:33:19.001,20864,20864,20864,16,16
2024-04-09 15:33:19.001,20864,20864,20864,12,0
2024-04-09 15:33:19.001,20864,20864,20864,2,0
2024-04-09 15:33:28.001,20865,20865,20865,2,2
2024-04-09 15:33:28.001,20865,20865,20865,4,0
2024-04-09 15:33:29.001,20866,20866,20866,2,2
2024-04-09 15:33:38.001,20866,20866,20866,2,0
2024-04-09 15:33:40.001,20867,20867,20867,2,2
2024-04-09 15:33:40.001,20867,20867,20867,12,0
2024-04-09 15:33:40.001,20868,20868,20868,6,6
2024-04-09 15:33:42.001,20868,20868,20868,2,0
2024-04-09 15:33:42.001,20866,20866,20866,2,-2
2024-04-09 15:33:44.001,20866,20866,20866,2,0
2024-04-09 15:33:44.001,20866,20866,20866,2,0
2024-04-09 15:33:44.001,20866,20866,20866,4,0
2024-04-09 15:33:44.001,20866,20866,20866,2,0
2024-04-09 15:33:44.001,20866,20866,20866,2,0
2024-04-09 15:33:44.001,20866,20866,20866,4,0
2024-04-09 15:33:44.001,20866,20866,20866,2,0
2024-04-09 15:33:44.001,20866,20866,20866,2,0
2024-04-09 15:33:53.001,20866,20866,20866,2,0
2024-04-09 15:33:53.001,20866,20866,20866,2,0
2024-04-09 15:33:53.001,20866,20866,20866,2,0
2024-04-09 15:33:54.001,20866,20866,20866,2,0
2024-04-09 15:33:54.001,20865,20865,20865,2,-2
2024-04-09 15:33:55.001,20867,20867,20867,2,2
2024-04-09 15:33:59.001,20867,20867,20867,2,0
2024-04-09 15:34:05.001,20866,20866,20866,6,-6
2024-04-09 15:34:11.001,20865,20865,20865,2,-2
2024-04-09 15:34:20.001,20865,20865,20865,2,0
2024-04-09 15:34:25.001,20865,20865,20865,2,0
2024-04-09 15:34:25.001,20865,20865,20865,2,0
2024-04-09 15:34:25.001,20865,20865,20865,2,0
2024-04-09 15:34:25.001,20865,20865,20865,4,0
2024-04-09 15:34:26.001,20865,20865,20865,4,0
2024-04-09 15:34:26.001,20865,20865,20865,6,0
2024-04-09 15:34:34.001,20865,20865,20865,4,0
2024-04-09 15:34:35.001,20865,20865,20865,2,0
