2021-09-15 15:00:00.078,17332,17333,17332,118,-118
2021-09-15 15:00:00.079,17332,17333,17332,3,-3
2021-09-15 15:00:00.080,17332,17333,17333,4,4
2021-09-15 15:00:00.080,17332,17333,17334,1,1
2021-09-15 15:00:00.080,17332,17333,17335,6,6
2021-09-15 15:00:00.081,17332,17333,17331,1,-1
2021-09-15 15:00:00.163,17330,17335,17330,1,-1
2021-09-15 15:00:00.200,17330,17335,17330,1,-1
2021-09-15 15:00:00.282,17329,17333,17329,1,-1
2021-09-15 15:00:00.282,17329,17333,17328,2,-2
2021-09-15 15:00:00.369,17329,17333,17333,1,1
2021-09-15 15:00:00.401,17328,17333,17328,2,-2
2021-09-15 15:00:00.401,17328,17333,17327,2,-2
2021-09-15 15:00:00.401,17328,17333,17326,5,-5
2021-09-15 15:00:00.401,17328,17333,17325,2,-2
2021-09-15 15:00:00.449,17328,17333,17325,2,-2
2021-09-15 15:00:00.505,17328,17333,17325,2,-2
2021-09-15 15:00:00.516,17328,17333,17330,1,1
2021-09-15 15:00:00.525,17325,17333,17325,1,-1
2021-09-15 15:00:00.548,17325,17333,17325,2,-2
2021-09-15 15:00:00.580,17325,17333,17333,1,1
2021-09-15 15:00:00.596,17325,17333,17325,1,-1
2021-09-15 15:00:00.610,17325,17333,17330,1,1
2021-09-15 15:00:00.664,17330,17333,17333,2,2
2021-09-15 15:00:00.665,17330,17333,17330,2,-2
2021-09-15 15:00:00.754,17330,17333,17330,1,-1
2021-09-15 15:00:00.754,17330,17333,17325,2,-2
2021-09-15 15:00:00.759,17330,17333,17334,2,2
2021-09-15 15:00:00.798,17325,17335,17335,1,1
2021-09-15 15:00:00.811,17325,17335,17325,2,-2
2021-09-15 15:00:00.869,17325,17335,17333,1,1
2021-09-15 15:00:00.869,17325,17335,17333,2,-2
2021-09-15 15:00:00.901,17333,17334,17333,3,-3
2021-09-15 15:00:00.932,17333,17334,17329,1,-1
2021-09-15 15:00:00.932,17333,17334,17325,1,-1
2021-09-15 15:00:00.932,17333,17334,17325,3,-3
2021-09-15 15:00:01.098,17325,17328,17327,1,1
2021-09-15 15:00:01.108,17325,17328,17328,3,3
2021-09-15 15:00:01.133,17325,17328,17325,2,-2
2021-09-15 15:00:01.133,17325,17328,17324,3,-3
2021-09-15 15:00:01.183,17324,17328,17325,1,1
2021-09-15 15:00:01.224,17324,17328,17324,1,-1
2021-09-15 15:00:01.274,17324,17328,17324,3,-3
2021-09-15 15:00:01.323,17324,17326,17324,1,-1
2021-09-15 15:00:01.323,17324,17326,17323,1,-1
2021-09-15 15:00:01.352,17324,17326,17326,1,1
2021-09-15 15:00:01.412,17324,17327,17324,1,-1
2021-09-15 15:00:01.412,17324,17327,17323,2,-2
2021-09-15 15:00:01.412,17324,17327,17327,1,1
2021-09-15 15:00:01.412,17324,17327,17328,1,1
2021-09-15 15:00:01.498,17324,17327,17325,1,-1
2021-09-15 15:00:01.498,17324,17327,17324,2,-2
2021-09-15 15:00:01.559,17323,17328,17328,1,1
2021-09-15 15:00:01.559,17323,17328,17329,1,1
2021-09-15 15:00:01.572,17323,17328,17326,2,-2
2021-09-15 15:00:01.618,17323,17328,17325,2,-2
2021-09-15 15:00:01.618,17323,17328,17324,1,-1
2021-09-15 15:00:01.840,17324,17328,17325,2,2
2021-09-15 15:00:02.016,17324,17328,17324,1,-1
2021-09-15 15:00:02.017,17324,17328,17324,1,-1
2021-09-15 15:00:02.079,17323,17328,17323,1,-1
2021-09-15 15:00:02.166,17323,17326,17323,2,-2
2021-09-15 15:00:02.224,17323,17326,17323,14,-14
2021-09-15 15:00:02.238,17323,17326,17323,2,-2
2021-09-15 15:00:02.245,17323,17326,17323,4,-4
2021-09-15 15:00:02.373,17322,17323,17322,1,-1
2021-09-15 15:00:02.378,17322,17323,17323,1,1
2021-09-15 15:00:02.443,17322,17324,17322,1,-1
2021-09-15 15:00:02.563,17322,17323,17322,1,-1
2021-09-15 15:00:02.563,17322,17323,17321,1,-1
2021-09-15 15:00:02.575,17322,17323,17321,1,-1
2021-09-15 15:00:02.594,17322,17323,17321,1,-1
2021-09-15 15:00:02.605,17322,17323,17321,1,-1
2021-09-15 15:00:02.610,17322,17323,17321,1,-1
2021-09-15 15:00:02.615,17322,17323,17321,2,-2
2021-09-15 15:00:02.616,17322,17323,17321,1,-1
2021-09-15 15:00:02.727,17321,17322,17321,3,-3
2021-09-15 15:00:02.758,17321,17322,17321,1,-1
2021-09-15 15:00:02.764,17321,17322,17322,1,1
2021-09-15 15:00:02.874,17322,17325,17323,1,1
2021-09-15 15:00:02.885,17322,17325,17323,1,-1
2021-09-15 15:00:02.885,17322,17325,17322,1,-1
2021-09-15 15:00:02.895,17322,17325,17322,1,-1
2021-09-15 15:00:02.966,17321,17324,17321,1,-1
2021-09-15 15:00:02.966,17321,17324,17320,3,-3
2021-09-15 15:00:03.047,17320,17322,17320,1,-1
2021-09-15 15:00:03.425,17320,17322,17320,1,-1
2021-09-15 15:00:03.489,17320,17322,17322,1,1
2021-09-15 15:00:03.558,17320,17324,17324,1,1
2021-09-15 15:00:03.564,17320,17324,17320,1,-1
2021-09-15 15:00:03.683,17323,17326,17323,1,1
2021-09-15 15:00:03.683,17323,17326,17322,2,-2
2021-09-15 15:00:04.100,17320,17325,17325,1,1
2021-09-15 15:00:04.450,17323,17326,17323,1,-1
2021-09-15 15:00:04.705,17323,17325,17325,2,2
2021-09-15 15:00:05.578,17323,17325,17325,1,1
2021-09-15 15:00:07.041,17324,17325,17325,3,3
2021-09-15 15:00:07.041,17324,17325,17325,1,1
2021-09-15 15:00:09.156,17325,17328,17325,1,-1
2021-09-15 15:00:09.193,17325,17328,17328,1,1
2021-09-15 15:00:09.874,17327,17329,17327,1,-1
2021-09-15 15:00:09.939,17326,17329,17326,1,-1
2021-09-15 15:00:10.587,17326,17328,17328,1,1
2021-09-15 15:00:10.841,17326,17328,17326,2,-2
2021-09-15 15:00:11.490,17325,17328,17328,1,1
2021-09-15 15:00:12.729,17327,17328,17328,2,2
2021-09-15 15:00:12.913,17327,17329,17327,1,-1
2021-09-15 15:00:12.913,17327,17329,17326,1,-1
2021-09-15 15:00:12.913,17327,17329,17325,1,-1
2021-09-15 15:00:12.914,17327,17329,17328,1,1
2021-09-15 15:00:13.561,17327,17328,17328,1,1
2021-09-15 15:00:13.562,17327,17328,17329,1,1
2021-09-15 15:00:13.580,17327,17328,17330,3,3
2021-09-15 15:00:13.580,17327,17328,17331,3,3
2021-09-15 15:00:13.580,17327,17328,17332,3,3
2021-09-15 15:00:13.580,17327,17328,17333,2,2
2021-09-15 15:00:13.580,17327,17328,17334,12,12
2021-09-15 15:00:13.580,17327,17328,17335,3,3
2021-09-15 15:00:13.580,17327,17328,17336,3,3
2021-09-15 15:00:13.580,17327,17328,17337,10,10
2021-09-15 15:00:13.580,17327,17328,17338,11,11
2021-09-15 15:00:13.581,17327,17328,17333,1,1
2021-09-15 15:00:13.583,17327,17328,17333,1,1
2021-09-15 15:00:13.678,17330,17332,17332,1,1
2021-09-15 15:00:13.918,17328,17331,17328,1,-1
2021-09-15 15:00:14.842,17329,17333,17329,1,1
2021-09-15 15:00:15.304,17329,17333,17330,1,1
2021-09-15 15:00:16.652,17329,17332,17329,1,-1
2021-09-15 15:00:17.503,17330,17331,17330,1,1
2021-09-15 15:00:17.705,17328,17331,17328,1,-1
2021-09-15 15:00:18.411,17329,17331,17331,1,1
2021-09-15 15:00:19.417,17329,17332,17329,1,-1
2021-09-15 15:00:19.600,17329,17332,17332,1,1
2021-09-15 15:00:20.871,17332,17333,17333,1,1
2021-09-15 15:00:20.871,17332,17333,17333,1,1
2021-09-15 15:00:21.058,17332,17333,17332,3,-3
2021-09-15 15:00:21.058,17332,17333,17331,1,-1
2021-09-15 15:00:21.058,17332,17333,17330,1,-1
2021-09-15 15:00:21.495,17331,17333,17333,1,1
2021-09-15 15:00:22.273,17332,17334,17334,2,2
2021-09-15 15:00:22.273,17332,17334,17335,2,2
2021-09-15 15:00:22.607,17334,17337,17336,1,1
2021-09-15 15:00:22.773,17332,17336,17332,2,-2
2021-09-15 15:00:23.980,17333,17335,17335,1,1
2021-09-15 15:00:24.026,17333,17334,17333,1,-1
2021-09-15 15:00:24.140,17333,17334,17332,1,-1
2021-09-15 15:00:24.465,17332,17333,17333,1,1
2021-09-15 15:00:24.474,17332,17333,17334,1,1
2021-09-15 15:00:25.635,17332,17333,17330,1,-1
2021-09-15 15:00:25.680,17330,17333,17333,1,1
2021-09-15 15:00:27.438,17330,17332,17332,1,1
2021-09-15 15:00:29.676,17332,17333,17332,1,-1
2021-09-15 15:00:30.985,17331,17333,17333,3,3
2021-09-15 15:00:31.808,17332,17333,17332,1,-1
2021-09-15 15:00:32.041,17332,17333,17332,1,-1
2021-09-15 15:00:32.778,17332,17333,17333,2,2
2021-09-15 15:00:33.358,17332,17334,17332,3,-3
2021-09-15 15:00:33.359,17332,17334,17332,2,-2
2021-09-15 15:00:34.390,17331,17333,17333,2,2
2021-09-15 15:00:34.827,17331,17334,17331,1,-1
2021-09-15 15:00:35.579,17332,17333,17332,1,1
2021-09-15 15:00:36.348,17331,17334,17331,1,-1
2021-09-15 15:00:39.324,17331,17333,17331,1,-1
2021-09-15 15:00:39.764,17331,17333,17333,1,1
2021-09-15 15:00:40.410,17332,17333,17332,1,-1
2021-09-15 15:00:40.431,17332,17333,17332,1,-1
2021-09-15 15:00:41.585,17331,17332,17331,5,-5
2021-09-15 15:00:41.588,17331,17332,17331,1,-1
2021-09-15 15:00:41.588,17331,17332,17332,1,1
2021-09-15 15:00:41.589,17331,17332,17332,1,1
2021-09-15 15:00:42.633,17332,17333,17332,1,-1
2021-09-15 15:00:42.852,17332,17333,17332,1,-1
2021-09-15 15:00:42.853,17332,17333,17332,5,-5
2021-09-15 15:00:44.059,17330,17332,17330,3,-3
2021-09-15 15:00:45.661,17330,17331,17330,1,-1
2021-09-15 15:00:46.344,17329,17332,17329,1,-1
2021-09-15 15:00:46.659,17330,17332,17330,1,1
2021-09-15 15:00:48.183,17329,17330,17329,3,-3
2021-09-15 15:00:49.510,17329,17330,17330,1,1
2021-09-15 15:00:50.122,17329,17330,17330,3,3
2021-09-15 15:00:53.851,17330,17331,17330,1,-1
2021-09-15 15:00:54.088,17329,17331,17329,1,-1
2021-09-15 15:00:54.137,17329,17331,17329,1,-1
2021-09-15 15:00:54.333,17328,17331,17328,1,-1
2021-09-15 15:00:54.338,17328,17331,17328,1,-1
2021-09-15 15:00:56.428,17328,17330,17328,1,-1
2021-09-15 15:00:56.509,17328,17330,17330,3,3
2021-09-15 15:00:56.509,17328,17330,17331,1,1
2021-09-15 15:00:58.067,17330,17331,17330,1,-1
2021-09-15 15:00:59.004,17328,17330,17330,2,2
2021-09-15 15:00:59.463,17329,17330,17329,1,-1
2021-09-15 15:00:59.463,17329,17330,17328,5,-5
2021-09-15 15:01:00.038,17328,17330,17328,1,-1
2021-09-15 15:01:00.038,17328,17330,17327,1,-1
2021-09-15 15:01:00.058,17328,17330,17327,2,-2
2021-09-15 15:01:00.074,17328,17330,17327,2,-2
2021-09-15 15:01:00.090,17328,17330,17327,2,-2
2021-09-15 15:01:00.193,17327,17330,17326,1,-1
2021-09-15 15:01:00.361,17327,17330,17330,1,1
2021-09-15 15:01:00.458,17327,17330,17327,1,-1
2021-09-15 15:01:00.459,17327,17330,17327,2,-2
2021-09-15 15:01:00.914,17326,17329,17326,1,-1
2021-09-15 15:01:01.098,17326,17329,17329,2,2
2021-09-15 15:01:01.152,17327,17329,17329,1,1
2021-09-15 15:01:01.153,17327,17329,17330,1,1
2021-09-15 15:01:01.192,17327,17329,17327,1,-1
2021-09-15 15:01:01.224,17327,17329,17327,2,-2
2021-09-15 15:01:02.164,17327,17330,17330,1,1
2021-09-15 15:01:02.271,17327,17330,17330,1,1
2021-09-15 15:01:02.819,17327,17330,17327,1,-1
2021-09-15 15:01:03.054,17327,17330,17330,1,1
2021-09-15 15:01:03.328,17328,17330,17330,1,1
2021-09-15 15:01:04.251,17329,17330,17330,1,1
2021-09-15 15:01:04.257,17329,17330,17331,1,1
2021-09-15 15:01:04.336,17329,17331,17331,2,2
2021-09-15 15:01:04.485,17329,17331,17329,3,-3
2021-09-15 15:01:04.485,17329,17331,17328,2,-2
2021-09-15 15:01:04.931,17329,17331,17331,1,1
2021-09-15 15:01:05.371,17329,17330,17330,1,1
2021-09-15 15:01:06.243,17329,17330,17330,2,2
2021-09-15 15:01:06.656,17329,17332,17332,1,1
2021-09-15 15:01:07.357,17330,17331,17331,1,1
2021-09-15 15:01:07.357,17330,17331,17332,7,7
2021-09-15 15:01:08.150,17331,17332,17332,1,1
2021-09-15 15:01:08.544,17331,17333,17333,1,1
2021-09-15 15:01:08.619,17331,17333,17333,1,1
2021-09-15 15:01:08.626,17331,17333,17333,1,1
2021-09-15 15:01:08.635,17331,17333,17333,1,1
2021-09-15 15:01:09.158,17331,17333,17333,1,1
2021-09-15 15:01:09.402,17331,17333,17331,1,-1
2021-09-15 15:01:09.402,17331,17333,17333,22,22
2021-09-15 15:01:09.506,17331,17333,17334,2,2
2021-09-15 15:01:09.655,17332,17334,17334,1,1
2021-09-15 15:01:09.765,17332,17334,17334,1,1
2021-09-15 15:01:09.773,17332,17334,17334,1,1
2021-09-15 15:01:09.903,17333,17334,17333,1,-1
2021-09-15 15:01:10.654,17332,17334,17334,1,1
2021-09-15 15:01:10.658,17332,17334,17335,1,1
2021-09-15 15:01:12.461,17332,17335,17332,1,-1
2021-09-15 15:01:12.511,17332,17335,17335,1,1
2021-09-15 15:01:12.772,17333,17335,17334,1,-1
2021-09-15 15:01:13.343,17333,17334,17333,1,-1
2021-09-15 15:01:14.383,17332,17333,17333,1,1
2021-09-15 15:01:15.025,17331,17334,17331,1,-1
2021-09-15 15:01:15.259,17331,17334,17334,1,1
2021-09-15 15:01:15.491,17332,17334,17332,1,-1
2021-09-15 15:01:17.252,17331,17334,17334,2,2
2021-09-15 15:01:17.253,17331,17334,17334,2,2
2021-09-15 15:01:17.276,17331,17335,17335,2,2
2021-09-15 15:01:17.633,17332,17335,17335,1,1
2021-09-15 15:01:17.766,17332,17335,17335,1,1
2021-09-15 15:01:18.687,17332,17335,17332,3,-3
2021-09-15 15:01:18.778,17332,17335,17335,1,1
2021-09-15 15:01:18.778,17332,17335,17335,1,1
2021-09-15 15:01:19.758,17332,17335,17335,1,1
2021-09-15 15:01:19.957,17332,17335,17335,1,1
2021-09-15 15:01:20.658,17333,17334,17334,1,1
2021-09-15 15:01:20.668,17333,17334,17335,2,2
2021-09-15 15:01:20.765,17333,17334,17335,1,1
2021-09-15 15:01:21.131,17333,17335,17335,1,1
2021-09-15 15:01:21.156,17333,17335,17335,1,1
2021-09-15 15:01:21.272,17333,17335,17335,1,1
2021-09-15 15:01:21.272,17333,17335,17335,6,6
2021-09-15 15:01:21.453,17334,17336,17336,1,1
2021-09-15 15:01:21.528,17334,17336,17336,1,1
2021-09-15 15:01:21.668,17334,17336,17336,1,1
2021-09-15 15:01:21.767,17334,17336,17336,1,1
2021-09-15 15:01:22.463,17334,17336,17336,1,1
2021-09-15 15:01:22.767,17334,17336,17336,1,1
2021-09-15 15:01:24.756,17335,17336,17336,1,1
2021-09-15 15:01:24.961,17335,17336,17336,1,1
2021-09-15 15:01:25.095,17335,17336,17335,1,-1
2021-09-15 15:01:25.186,17334,17335,17335,1,1
2021-09-15 15:01:25.464,17334,17335,17335,1,1
2021-09-15 15:01:26.261,17334,17335,17335,1,1
2021-09-15 15:01:26.390,17334,17335,17335,1,1
2021-09-15 15:01:26.961,17335,17336,17336,1,1
2021-09-15 15:01:27.227,17335,17336,17336,1,1
2021-09-15 15:01:27.278,17335,17336,17336,1,1
2021-09-15 15:01:28.024,17335,17336,17335,1,-1
2021-09-15 15:01:28.179,17334,17335,17335,1,1
2021-09-15 15:01:29.270,17334,17335,17335,1,1
2021-09-15 15:01:29.349,17334,17335,17335,1,1
2021-09-15 15:01:29.351,17334,17335,17335,1,1
2021-09-15 15:01:29.445,17334,17335,17335,2,2
2021-09-15 15:01:29.657,17334,17336,17336,1,1
2021-09-15 15:01:29.941,17334,17336,17336,1,1
2021-09-15 15:01:29.964,17334,17336,17336,1,1
2021-09-15 15:01:30.158,17334,17336,17336,1,1
2021-09-15 15:01:30.172,17334,17336,17334,3,-3
2021-09-15 15:01:30.172,17334,17336,17333,7,-7
2021-09-15 15:01:30.172,17334,17336,17332,1,-1
2021-09-15 15:01:30.258,17334,17336,17335,1,1
2021-09-15 15:01:30.923,17332,17335,17335,1,1
2021-09-15 15:01:31.340,17333,17335,17335,2,2
2021-09-15 15:01:31.619,17334,17336,17336,1,1
2021-09-15 15:01:31.948,17333,17336,17333,2,-2
2021-09-15 15:01:32.357,17332,17335,17335,1,1
2021-09-15 15:01:33.635,17333,17335,17335,1,1
2021-09-15 15:01:34.654,17333,17335,17335,1,1
2021-09-15 15:01:34.765,17333,17335,17335,1,1
2021-09-15 15:01:34.766,17333,17335,17336,2,2
2021-09-15 15:01:34.773,17333,17335,17336,1,1
2021-09-15 15:01:34.988,17333,17336,17333,1,-1
2021-09-15 15:01:35.766,17333,17336,17336,1,1
2021-09-15 15:01:36.250,17333,17336,17336,1,1
2021-09-15 15:01:38.150,17333,17335,17335,1,1
2021-09-15 15:01:38.153,17333,17336,17336,1,1
2021-09-15 15:01:38.153,17333,17336,17336,1,1
2021-09-15 15:01:38.153,17333,17336,17336,1,1
2021-09-15 15:01:38.153,17333,17336,17337,1,1
2021-09-15 15:01:38.153,17333,17336,17337,1,1
2021-09-15 15:01:38.688,17334,17337,17337,2,2
2021-09-15 15:01:38.694,17334,17337,17337,2,2
2021-09-15 15:01:39.514,17334,17337,17334,2,-2
2021-09-15 15:01:39.514,17334,17337,17333,2,-2
2021-09-15 15:01:39.931,17334,17336,17336,1,1
2021-09-15 15:01:40.627,17334,17336,17336,1,1
2021-09-15 15:01:40.632,17334,17336,17336,1,1
2021-09-15 15:01:41.262,17334,17336,17334,1,-1
2021-09-15 15:01:41.300,17334,17336,17336,1,1
2021-09-15 15:01:42.657,17334,17336,17336,1,1
2021-09-15 15:01:43.237,17336,17337,17336,1,-1
2021-09-15 15:01:43.963,17334,17337,17334,1,-1
2021-09-15 15:01:44.277,17334,17336,17334,1,-1
2021-09-15 15:01:44.462,17334,17336,17336,1,1
2021-09-15 15:01:44.668,17334,17336,17336,1,1
2021-09-15 15:01:44.668,17334,17336,17337,1,1
2021-09-15 15:01:45.258,17335,17337,17337,1,1
2021-09-15 15:01:46.802,17335,17336,17336,2,2
2021-09-15 15:01:46.957,17335,17336,17336,1,1
2021-09-15 15:01:47.766,17335,17336,17336,1,1
2021-09-15 15:01:47.778,17335,17336,17336,1,1
2021-09-15 15:01:48.545,17335,17336,17335,3,-3
2021-09-15 15:01:48.868,17334,17335,17335,1,1
2021-09-15 15:01:48.960,17334,17336,17336,1,1
2021-09-15 15:01:49.962,17334,17335,17335,1,1
2021-09-15 15:01:50.444,17334,17335,17335,2,2
2021-09-15 15:01:51.130,17334,17335,17335,1,1
2021-09-15 15:01:51.158,17334,17335,17335,1,1
2021-09-15 15:01:51.227,17334,17335,17336,1,1
2021-09-15 15:01:51.261,17334,17335,17336,1,1
2021-09-15 15:01:51.528,17334,17336,17336,1,1
2021-09-15 15:01:52.349,17334,17336,17336,1,1
2021-09-15 15:01:52.364,17334,17336,17334,1,-1
2021-09-15 15:01:52.365,17334,17336,17334,3,-3
2021-09-15 15:01:52.546,17333,17336,17336,1,1
2021-09-15 15:01:53.620,17333,17335,17335,1,1
2021-09-15 15:01:54.893,17333,17336,17336,1,1
2021-09-15 15:01:55.212,17333,17335,17333,1,-1
2021-09-15 15:01:55.346,17333,17335,17335,2,2
2021-09-15 15:01:55.590,17333,17335,17335,1,1
2021-09-15 15:01:55.756,17333,17336,17336,1,1
2021-09-15 15:01:55.759,17333,17336,17336,1,1
2021-09-15 15:01:55.964,17334,17336,17336,1,1
2021-09-15 15:01:56.079,17334,17336,17334,1,-1
2021-09-15 15:01:56.454,17333,17336,17336,1,1
2021-09-15 15:01:57.257,17333,17336,17336,1,1
2021-09-15 15:01:57.336,17333,17336,17336,2,2
2021-09-15 15:01:57.357,17333,17336,17336,1,1
2021-09-15 15:01:58.773,17334,17336,17336,1,1
2021-09-15 15:01:59.654,17334,17336,17336,1,1
2021-09-15 15:01:59.826,17334,17336,17336,1,1
2021-09-15 15:02:00.021,17333,17336,17336,1,1
2021-09-15 15:02:00.135,17333,17336,17336,1,1
2021-09-15 15:02:00.270,17333,17336,17336,1,1
2021-09-15 15:02:00.464,17333,17335,17335,1,1
2021-09-15 15:02:00.824,17333,17335,17335,1,1
2021-09-15 15:02:00.880,17333,17335,17335,1,1
2021-09-15 15:02:00.962,17333,17335,17333,1,-1
2021-09-15 15:02:00.962,17333,17335,17333,9,-9
2021-09-15 15:02:01.005,17333,17335,17332,3,-3
2021-09-15 15:02:01.028,17332,17334,17334,1,1
2021-09-15 15:02:02.632,17332,17335,17335,1,1
2021-09-15 15:02:03.339,17332,17335,17335,3,3
2021-09-15 15:02:03.339,17332,17335,17336,9,9
2021-09-15 15:02:04.215,17332,17335,17332,1,-1
2021-09-15 15:02:05.462,17332,17334,17334,1,1
2021-09-15 15:02:06.226,17332,17334,17332,1,-1
2021-09-15 15:02:06.450,17332,17334,17332,1,-1
2021-09-15 15:02:06.451,17332,17334,17332,3,-3
2021-09-15 15:02:06.757,17331,17334,17333,1,1
2021-09-15 15:02:07.226,17332,17334,17333,1,-1
2021-09-15 15:02:07.251,17332,17334,17334,1,1
2021-09-15 15:02:07.251,17332,17334,17332,3,-3
2021-09-15 15:02:07.277,17332,17334,17334,1,1
2021-09-15 15:02:07.277,17332,17334,17332,1,-1
2021-09-15 15:02:07.278,17332,17334,17331,1,-1
2021-09-15 15:02:07.278,17332,17334,17331,1,-1
2021-09-15 15:02:07.279,17332,17334,17331,9,-9
2021-09-15 15:02:07.281,17332,17334,17330,1,-1
2021-09-15 15:02:09.667,17330,17333,17333,2,2
2021-09-15 15:02:10.756,17331,17333,17333,1,1
2021-09-15 15:02:11.444,17332,17333,17333,2,2
2021-09-15 15:02:13.155,17332,17334,17334,1,1
2021-09-15 15:02:13.157,17332,17334,17334,1,1
2021-09-15 15:02:13.325,17332,17334,17334,1,1
2021-09-15 15:02:13.625,17332,17333,17333,1,1
2021-09-15 15:02:13.627,17332,17333,17332,1,-1
2021-09-15 15:02:14.957,17332,17333,17333,1,1
2021-09-15 15:02:15.259,17332,17334,17334,1,1
2021-09-15 15:02:15.962,17332,17334,17334,1,1
2021-09-15 15:02:16.349,17332,17334,17334,1,1
2021-09-15 15:02:16.620,17332,17335,17335,1,1
2021-09-15 15:02:17.035,17333,17335,17333,1,-1
2021-09-15 15:02:17.047,17333,17335,17332,1,-1
2021-09-15 15:02:17.153,17332,17335,17335,1,1
2021-09-15 15:02:18.206,17332,17333,17333,1,1
2021-09-15 15:02:18.207,17332,17333,17333,1,1
2021-09-15 15:02:21.248,17332,17335,17334,1,1
2021-09-15 15:02:21.508,17332,17334,17332,1,-1
2021-09-15 15:02:21.508,17332,17334,17332,7,-7
2021-09-15 15:02:22.284,17331,17334,17331,1,-1
2021-09-15 15:02:22.528,17331,17334,17334,1,1
2021-09-15 15:02:22.964,17332,17334,17334,1,1
2021-09-15 15:02:23.336,17331,17334,17334,2,2
2021-09-15 15:02:23.357,17331,17334,17334,1,1
2021-09-15 15:02:23.773,17331,17334,17334,1,1
2021-09-15 15:02:24.257,17331,17334,17334,1,1
2021-09-15 15:02:25.632,17332,17334,17334,1,1
2021-09-15 15:02:25.757,17332,17334,17334,1,1
2021-09-15 15:02:26.725,17332,17335,17334,1,-1
2021-09-15 15:02:27.462,17332,17335,17335,1,1
2021-09-15 15:02:27.780,17333,17334,17333,1,-1
2021-09-15 15:02:28.193,17333,17334,17333,1,-1
2021-09-15 15:02:31.759,17332,17334,17334,1,1
2021-09-15 15:02:32.454,17332,17334,17334,1,1
2021-09-15 15:02:32.657,17332,17334,17334,1,1
2021-09-15 15:02:33.445,17333,17335,17335,2,2
2021-09-15 15:02:33.668,17333,17335,17335,2,2
2021-09-15 15:02:34.227,17333,17335,17333,1,-1
2021-09-15 15:02:34.401,17333,17335,17335,2,2
2021-09-15 15:02:34.442,17333,17335,17333,1,-1
2021-09-15 15:02:35.464,17333,17334,17334,1,1
2021-09-15 15:02:35.488,17333,17334,17333,1,-1
2021-09-15 15:02:37.149,17333,17334,17334,1,1
2021-09-15 15:02:39.250,17334,17335,17335,1,1
2021-09-15 15:02:39.350,17334,17335,17335,1,1
2021-09-15 15:02:39.351,17334,17335,17335,1,1
2021-09-15 15:02:41.957,17334,17336,17336,1,1
2021-09-15 15:02:41.961,17334,17336,17336,1,1
2021-09-15 15:02:42.183,17334,17336,17336,1,1
2021-09-15 15:02:42.183,17334,17336,17337,5,5
2021-09-15 15:02:42.195,17334,17336,17335,1,-1
2021-09-15 15:02:44.091,17335,17336,17335,1,-1
2021-09-15 15:02:45.383,17334,17336,17335,1,-1
2021-09-15 15:02:46.258,17334,17336,17336,1,1
2021-09-15 15:02:47.632,17335,17336,17336,1,1
2021-09-15 15:02:48.164,17335,17336,17336,1,1
2021-09-15 15:02:48.462,17335,17337,17337,1,1
2021-09-15 15:02:48.773,17335,17337,17337,1,1
2021-09-15 15:02:48.965,17335,17337,17337,1,1
2021-09-15 15:02:49.992,17335,17336,17336,1,1
2021-09-15 15:02:50.336,17336,17337,17337,2,2
2021-09-15 15:02:50.808,17336,17337,17336,1,-1
2021-09-15 15:02:51.649,17335,17337,17336,1,-1
2021-09-15 15:02:51.810,17335,17337,17335,4,-4
2021-09-15 15:02:51.810,17335,17337,17334,6,-6
2021-09-15 15:02:51.943,17333,17334,17334,1,1
2021-09-15 15:02:52.000,17333,17334,17333,1,-1
2021-09-15 15:02:52.046,17333,17334,17333,1,-1
2021-09-15 15:02:52.528,17333,17334,17334,1,1
2021-09-15 15:02:53.456,17333,17334,17333,1,-1
2021-09-15 15:02:54.445,17332,17334,17334,2,2
2021-09-15 15:02:55.072,17333,17334,17334,1,1
2021-09-15 15:02:56.756,17333,17334,17334,1,1
2021-09-15 15:02:58.667,17333,17334,17334,2,2
2021-09-15 15:03:00.321,17333,17334,17334,20,20
2021-09-15 15:03:00.322,17333,17334,17334,1,1
2021-09-15 15:03:00.322,17333,17334,17334,1,1
2021-09-15 15:03:00.404,17334,17336,17336,1,1
2021-09-15 15:03:00.404,17334,17336,17336,1,1
2021-09-15 15:03:00.404,17334,17336,17336,1,1
2021-09-15 15:03:00.404,17334,17336,17336,1,1
2021-09-15 15:03:00.977,17333,17336,17333,1,-1
2021-09-15 15:03:01.000,17333,17336,17333,1,-1
2021-09-15 15:03:02.039,17334,17335,17334,1,1
2021-09-15 15:03:02.301,17333,17335,17333,1,-1
2021-09-15 15:03:02.311,17333,17335,17333,1,-1
2021-09-15 15:03:02.391,17333,17335,17333,1,-1
2021-09-15 15:03:02.396,17333,17335,17333,1,-1
2021-09-15 15:03:02.446,17333,17335,17333,1,-1
2021-09-15 15:03:03.350,17334,17336,17336,1,1
2021-09-15 15:03:04.083,17334,17336,17334,1,-1
2021-09-15 15:03:04.657,17334,17335,17335,1,1
2021-09-15 15:03:06.961,17334,17336,17336,1,1
2021-09-15 15:03:07.453,17334,17336,17336,1,1
2021-09-15 15:03:07.527,17334,17336,17336,1,1
2021-09-15 15:03:07.527,17334,17336,17336,1,1
2021-09-15 15:03:07.528,17334,17336,17336,1,1
2021-09-15 15:03:07.528,17334,17336,17336,1,1
2021-09-15 15:03:07.528,17334,17336,17336,1,1
2021-09-15 15:03:07.529,17334,17336,17336,1,1
2021-09-15 15:03:07.999,17335,17336,17335,1,-1
2021-09-15 15:03:08.322,17334,17336,17336,1,1
2021-09-15 15:03:08.641,17334,17336,17335,2,-2
2021-09-15 15:03:08.700,17334,17336,17335,1,-1
2021-09-15 15:03:09.463,17334,17335,17335,1,1
2021-09-15 15:03:10.632,17334,17336,17336,1,1
2021-09-15 15:03:12.463,17334,17336,17335,2,-2
2021-09-15 15:03:12.702,17334,17336,17335,1,-1
2021-09-15 15:03:13.773,17334,17336,17336,1,1
2021-09-15 15:03:16.445,17334,17336,17336,2,2
2021-09-15 15:03:17.259,17334,17337,17337,1,1
2021-09-15 15:03:17.278,17334,17337,17337,2,2
2021-09-15 15:03:18.609,17334,17336,17336,1,1
2021-09-15 15:03:20.563,17334,17336,17334,2,-2
2021-09-15 15:03:20.563,17334,17336,17334,4,-4
2021-09-15 15:03:20.564,17334,17336,17334,1,-1
2021-09-15 15:03:21.344,17333,17336,17333,1,-1
2021-09-15 15:03:23.528,17333,17335,17335,1,1
2021-09-15 15:03:23.668,17333,17336,17336,2,2
2021-09-15 15:03:23.675,17333,17336,17336,1,1
2021-09-15 15:03:24.932,17333,17336,17335,2,-2
2021-09-15 15:03:26.315,17333,17336,17333,1,-1
2021-09-15 15:03:27.756,17335,17336,17336,1,1
2021-09-15 15:03:27.777,17335,17336,17336,1,1
2021-09-15 15:03:27.778,17335,17336,17336,1,1
2021-09-15 15:03:28.030,17335,17336,17335,1,-1
2021-09-15 15:03:29.060,17334,17336,17334,1,-1
2021-09-15 15:03:31.462,17335,17336,17336,1,1
2021-09-15 15:03:31.962,17335,17336,17336,1,1
2021-09-15 15:03:31.992,17335,17336,17335,1,-1
2021-09-15 15:03:32.982,17334,17336,17334,1,-1
2021-09-15 15:03:33.632,17334,17336,17336,1,1
2021-09-15 15:03:35.657,17335,17336,17336,1,1
2021-09-15 15:03:37.420,17335,17337,17335,1,-1
2021-09-15 15:03:37.773,17335,17337,17336,1,1
2021-09-15 15:03:38.444,17335,17336,17336,1,1
2021-09-15 15:03:38.444,17335,17336,17337,1,1
2021-09-15 15:03:38.528,17335,17337,17337,1,1
2021-09-15 15:03:41.969,17335,17337,17335,1,-1
2021-09-15 15:03:42.454,17335,17337,17337,1,1
2021-09-15 15:03:42.552,17335,17337,17335,1,-1
2021-09-15 15:03:43.336,17335,17337,17337,2,2
2021-09-15 15:03:45.472,17335,17337,17337,12,12
2021-09-15 15:03:45.473,17335,17337,17337,5,5
2021-09-15 15:03:46.009,17337,17338,17337,2,-2
2021-09-15 15:03:48.667,17337,17338,17338,2,2
2021-09-15 15:03:48.899,17337,17338,17337,3,-3
2021-09-15 15:03:48.900,17337,17338,17338,17,17
2021-09-15 15:03:48.948,17337,17339,17339,6,6
2021-09-15 15:03:51.731,17338,17339,17338,1,-1
2021-09-15 15:03:52.443,17338,17339,17338,1,-1
2021-09-15 15:03:52.463,17338,17339,17339,1,1
2021-09-15 15:03:52.867,17337,17339,17337,1,-1
2021-09-15 15:03:54.528,17337,17339,17339,1,1
2021-09-15 15:03:55.632,17337,17339,17339,1,1
2021-09-15 15:03:57.756,17337,17339,17339,1,1
2021-09-15 15:03:59.538,17337,17339,17339,1,1
2021-09-15 15:03:59.653,17337,17339,17339,2,2
2021-09-15 15:04:00.073,17337,17339,17337,1,-1
2021-09-15 15:04:00.154,17337,17339,17339,1,1
2021-09-15 15:04:00.302,17337,17339,17337,1,-1
2021-09-15 15:04:01.670,17337,17339,17339,2,2
2021-09-15 15:04:02.064,17337,17339,17339,1,1
2021-09-15 15:04:02.165,17337,17339,17339,1,1
2021-09-15 15:04:02.206,17337,17339,17337,1,-1
2021-09-15 15:04:02.215,17337,17339,17337,1,-1
2021-09-15 15:04:02.277,17337,17339,17337,1,-1
2021-09-15 15:04:02.389,17337,17339,17337,1,-1
2021-09-15 15:04:02.815,17336,17338,17338,1,1
2021-09-15 15:04:04.265,17336,17337,17337,2,2
2021-09-15 15:04:04.783,17336,17337,17337,2,2
2021-09-15 15:04:06.286,17336,17337,17336,2,-2
2021-09-15 15:04:07.657,17335,17336,17336,1,1
2021-09-15 15:04:07.778,17335,17337,17337,1,1
2021-09-15 15:04:09.466,17335,17337,17337,2,2
2021-09-15 15:04:10.336,17335,17336,17336,1,1
2021-09-15 15:04:10.336,17335,17336,17337,1,1
2021-09-15 15:04:11.728,17335,17337,17336,1,-1
2021-09-15 15:04:12.668,17335,17337,17337,2,2
2021-09-15 15:04:15.623,17335,17337,17335,14,-14
2021-09-15 15:04:15.761,17334,17336,17336,1,1
2021-09-15 15:04:16.025,17335,17336,17335,1,-1
2021-09-15 15:04:16.424,17334,17336,17336,1,1
2021-09-15 15:04:16.650,17334,17336,17334,7,-7
2021-09-15 15:04:17.632,17334,17336,17336,1,1
2021-09-15 15:04:17.653,17334,17336,17336,1,1
2021-09-15 15:04:17.653,17334,17336,17336,1,1
2021-09-15 15:04:17.653,17334,17336,17336,1,1
2021-09-15 15:04:17.653,17334,17336,17334,8,-8
2021-09-15 15:04:17.654,17334,17336,17334,1,-1
2021-09-15 15:04:17.654,17334,17336,17336,1,1
2021-09-15 15:04:21.444,17334,17335,17335,1,1
2021-09-15 15:04:21.444,17334,17335,17336,1,1
2021-09-15 15:04:23.434,17334,17336,17334,3,-3
2021-09-15 15:04:24.696,17334,17336,17336,3,3
2021-09-15 15:04:25.818,17334,17335,17334,1,-1
2021-09-15 15:04:28.756,17334,17335,17335,1,1
2021-09-15 15:04:30.449,17334,17335,17335,1,1
2021-09-15 15:04:32.325,17334,17335,17335,1,1
2021-09-15 15:04:34.867,17334,17335,17335,1,1
2021-09-15 15:04:37.336,17334,17336,17336,2,2
2021-09-15 15:04:37.667,17334,17336,17336,2,2
2021-09-15 15:04:39.589,17335,17337,17337,1,1
2021-09-15 15:04:39.653,17335,17337,17337,1,1
2021-09-15 15:04:42.445,17335,17337,17337,2,2
2021-09-15 15:04:49.055,17336,17337,17336,2,-2
2021-09-15 15:04:49.485,17335,17337,17335,1,-1
2021-09-15 15:04:50.951,17335,17337,17337,1,1
2021-09-15 15:04:53.453,17335,17336,17336,1,1
2021-09-15 15:04:53.613,17335,17337,17337,1,1
2021-09-15 15:04:53.668,17335,17337,17337,1,1
2021-09-15 15:04:53.738,17335,17337,17337,1,1
2021-09-15 15:04:53.822,17335,17337,17337,1,1
2021-09-15 15:04:53.983,17335,17337,17337,4,4
2021-09-15 15:04:54.070,17335,17337,17337,3,3
2021-09-15 15:04:54.544,17335,17337,17337,1,1
2021-09-15 15:04:55.391,17336,17337,17337,1,1
2021-09-15 15:04:55.943,17336,17338,17338,2,2
2021-09-15 15:04:55.959,17336,17338,17338,2,2
2021-09-15 15:04:56.026,17336,17338,17338,1,1
2021-09-15 15:04:56.150,17336,17338,17338,1,1
2021-09-15 15:04:56.411,17336,17339,17339,1,1
2021-09-15 15:04:56.434,17336,17339,17339,3,3
2021-09-15 15:04:56.471,17336,17339,17339,1,1
2021-09-15 15:04:56.613,17336,17339,17339,2,2
2021-09-15 15:04:58.757,17336,17338,17338,1,1
2021-09-15 15:05:00.678,17336,17338,17336,1,-1
2021-09-15 15:05:00.856,17336,17338,17336,1,-1
2021-09-15 15:05:01.526,17336,17338,17338,1,1
2021-09-15 15:05:02.668,17336,17338,17338,2,2
2021-09-15 15:05:04.445,17336,17338,17338,2,2
2021-09-15 15:05:05.028,17336,17338,17336,1,-1
2021-09-15 15:05:05.032,17336,17338,17336,2,-2
2021-09-15 15:05:05.032,17336,17338,17335,1,-1
2021-09-15 15:05:05.090,17336,17338,17335,1,-1
2021-09-15 15:05:06.433,17335,17337,17335,1,-1
2021-09-15 15:05:06.786,17335,17337,17335,1,-1
2021-09-15 15:05:07.436,17335,17337,17335,1,-1
2021-09-15 15:05:10.529,17335,17336,17336,1,1
2021-09-15 15:05:10.657,17335,17338,17338,1,1
2021-09-15 15:05:11.432,17335,17336,17336,1,1
2021-09-15 15:05:12.197,17336,17338,17336,1,-1
2021-09-15 15:05:14.506,17336,17338,17338,15,15
2021-09-15 15:05:18.348,17338,17339,17338,2,-2
2021-09-15 15:05:23.898,17337,17338,17337,2,-2
2021-09-15 15:05:26.668,17335,17337,17337,2,2
2021-09-15 15:05:27.976,17336,17338,17336,1,-1
2021-09-15 15:05:27.978,17336,17338,17335,5,-5
2021-09-15 15:05:28.102,17334,17336,17336,1,1
2021-09-15 15:05:29.324,17335,17336,17336,1,1
2021-09-15 15:05:29.454,17335,17337,17337,1,1
2021-09-15 15:05:35.463,17337,17338,17338,4,4
2021-09-15 15:05:38.547,17338,17339,17338,1,-1
2021-09-15 15:05:39.052,17337,17339,17337,2,-2
2021-09-15 15:05:40.617,17336,17337,17337,1,1
2021-09-15 15:05:41.657,17336,17338,17338,1,1
2021-09-15 15:05:44.417,17336,17338,17338,1,1
2021-09-15 15:05:57.349,17337,17338,17338,2,2
2021-09-15 15:05:59.156,17338,17339,17339,1,1
2021-09-15 15:06:01.666,17338,17339,17339,13,13
2021-09-15 15:06:02.168,17339,17340,17339,4,-4
2021-09-15 15:06:02.278,17339,17340,17340,1,1
2021-09-15 15:06:02.278,17339,17340,17340,1,1
2021-09-15 15:06:02.278,17339,17340,17340,1,1
2021-09-15 15:06:02.292,17339,17340,17339,1,-1
2021-09-15 15:06:02.342,17339,17340,17338,1,-1
2021-09-15 15:06:02.355,17339,17340,17338,1,-1
2021-09-15 15:06:02.421,17338,17340,17339,1,1
2021-09-15 15:06:02.481,17338,17340,17340,3,3
2021-09-15 15:06:02.632,17338,17340,17338,1,-1
2021-09-15 15:06:03.052,17339,17340,17339,1,1
2021-09-15 15:06:04.454,17337,17339,17339,1,1
2021-09-15 15:06:05.702,17337,17339,17339,1,1
2021-09-15 15:06:06.327,17337,17339,17339,1,1
2021-09-15 15:06:08.164,17338,17339,17339,1,1
2021-09-15 15:06:08.278,17339,17340,17340,1,1
2021-09-15 15:06:08.313,17339,17340,17339,1,-1
2021-09-15 15:06:09.445,17338,17339,17338,1,-1
2021-09-15 15:06:12.287,17338,17339,17338,1,-1
2021-09-15 15:06:12.657,17337,17339,17339,1,1
2021-09-15 15:06:17.397,17337,17339,17339,4,4
2021-09-15 15:06:17.397,17337,17339,17340,1,1
2021-09-15 15:06:18.012,17336,17338,17336,8,-8
2021-09-15 15:06:18.055,17335,17337,17335,1,-1
2021-09-15 15:06:18.116,17335,17337,17335,1,-1
2021-09-15 15:06:18.657,17335,17337,17337,2,2
2021-09-15 15:06:19.192,17335,17337,17337,1,1
2021-09-15 15:06:19.239,17335,17337,17337,5,5
2021-09-15 15:06:19.951,17335,17337,17335,4,-4
2021-09-15 15:06:20.035,17334,17336,17336,1,1
2021-09-15 15:06:20.140,17334,17336,17334,1,-1
2021-09-15 15:06:20.275,17335,17336,17335,1,1
2021-09-15 15:06:20.555,17334,17336,17334,1,-1
2021-09-15 15:06:20.555,17334,17336,17334,5,-5
2021-09-15 15:06:20.555,17334,17336,17334,5,-5
2021-09-15 15:06:21.031,17333,17335,17335,1,1
2021-09-15 15:06:21.869,17333,17336,17333,2,-2
2021-09-15 15:06:23.781,17334,17336,17334,1,1
2021-09-15 15:06:33.305,17335,17337,17335,1,1
2021-09-15 15:06:36.885,17334,17336,17334,17,-17
2021-09-15 15:06:38.061,17334,17336,17334,1,-1
2021-09-15 15:06:38.153,17333,17335,17335,1,1
2021-09-15 15:06:38.153,17333,17335,17335,1,1
2021-09-15 15:06:40.322,17333,17335,17334,1,-1
2021-09-15 15:06:40.453,17333,17335,17335,1,1
2021-09-15 15:06:44.301,17333,17335,17335,1,1
2021-09-15 15:06:44.657,17333,17335,17335,1,1
2021-09-15 15:06:45.723,17334,17335,17334,1,-1
2021-09-15 15:06:53.722,17333,17335,17335,1,1
2021-09-15 15:06:53.835,17334,17335,17335,1,1
2021-09-15 15:06:53.967,17334,17336,17336,1,1
2021-09-15 15:06:56.405,17334,17336,17334,1,-1
2021-09-15 15:06:59.471,17333,17335,17335,3,3
2021-09-15 15:07:01.002,17333,17335,17333,1,-1
2021-09-15 15:07:02.883,17334,17335,17335,5,5
2021-09-15 15:07:05.343,17334,17335,17335,2,2
2021-09-15 15:07:13.309,17335,17336,17335,1,-1
2021-09-15 15:07:15.577,17335,17336,17335,1,-1
2021-09-15 15:07:15.653,17335,17336,17336,1,1
2021-09-15 15:07:15.657,17335,17336,17336,1,1
2021-09-15 15:07:16.791,17335,17336,17336,2,2
2021-09-15 15:07:19.908,17336,17337,17336,1,-1
2021-09-15 15:07:25.207,17335,17336,17335,2,-2
2021-09-15 15:07:25.207,17335,17336,17335,1,-1
2021-09-15 15:07:27.899,17334,17336,17334,1,-1
2021-09-15 15:07:43.944,17335,17336,17336,1,1
2021-09-15 15:07:43.944,17335,17336,17336,3,3
2021-09-15 15:07:43.944,17335,17336,17336,1,1
2021-09-15 15:07:46.086,17336,17337,17336,2,-2
2021-09-15 15:07:51.445,17335,17337,17337,1,1
2021-09-15 15:07:56.680,17336,17337,17337,4,4
2021-09-15 15:07:57.972,17337,17338,17337,3,-3
2021-09-15 15:08:05.814,17337,17338,17337,1,-1
2021-09-15 15:08:23.416,17336,17337,17336,1,-1
2021-09-15 15:08:26.454,17335,17337,17337,1,1
2021-09-15 15:08:27.193,17335,17337,17337,1,1
2021-09-15 15:08:27.427,17335,17337,17337,1,1
2021-09-15 15:08:34.828,17335,17337,17335,3,-3
2021-09-15 15:08:36.278,17335,17337,17337,1,1
2021-09-15 15:08:41.141,17335,17338,17337,1,-1
2021-09-15 15:08:53.143,17335,17336,17335,1,-1
2021-09-15 15:08:55.109,17335,17336,17335,2,-2
2021-09-15 15:09:04.657,17335,17336,17336,1,1
2021-09-15 15:09:07.308,17335,17336,17336,1,1
2021-09-15 15:09:07.309,17335,17336,17336,1,1
2021-09-15 15:09:13.944,17335,17336,17336,3,3
2021-09-15 15:09:13.944,17335,17336,17336,2,2
2021-09-15 15:09:15.255,17336,17337,17336,1,-1
2021-09-15 15:09:15.255,17336,17337,17335,1,-1
2021-09-15 15:09:21.944,17335,17336,17335,10,-10
2021-09-15 15:09:24.980,17334,17336,17334,2,-2
2021-09-15 15:09:31.260,17335,17336,17335,1,1
2021-09-15 15:09:31.261,17335,17336,17335,1,-1
2021-09-15 15:09:34.654,17334,17335,17335,1,1
2021-09-15 15:09:35.185,17335,17336,17335,1,-1
2021-09-15 15:09:35.185,17335,17336,17334,1,-1
2021-09-15 15:09:41.094,17334,17335,17334,1,-1
2021-09-15 15:09:41.665,17334,17335,17334,1,-1
2021-09-15 15:09:42.481,17334,17335,17334,2,-2
2021-09-15 15:09:42.482,17334,17335,17334,3,-3
2021-09-15 15:09:50.309,17334,17336,17336,1,1
2021-09-15 15:09:52.768,17334,17335,17334,1,-1
2021-09-15 15:09:59.595,17334,17335,17334,2,-2
2021-09-15 15:10:02.441,17333,17334,17334,1,1
2021-09-15 15:10:02.530,17333,17334,17334,1,1
2021-09-15 15:10:02.530,17333,17334,17335,1,1
2021-09-15 15:10:02.783,17333,17335,17333,2,-2
2021-09-15 15:10:02.793,17333,17335,17333,1,-1
2021-09-15 15:10:02.909,17333,17335,17333,4,-4
2021-09-15 15:10:03.002,17333,17335,17333,1,-1
2021-09-15 15:10:03.028,17333,17335,17335,1,1
2021-09-15 15:10:05.866,17333,17335,17333,1,-1
2021-09-15 15:10:05.866,17333,17335,17333,3,-3
2021-09-15 15:10:05.866,17333,17335,17333,2,-2
2021-09-15 15:10:07.964,17333,17334,17334,2,2
2021-09-15 15:10:09.534,17333,17335,17335,1,1
2021-09-15 15:10:09.653,17333,17335,17335,1,1
2021-09-15 15:10:09.653,17333,17335,17335,1,1
2021-09-15 15:10:09.984,17333,17335,17335,1,1
2021-09-15 15:10:19.971,17333,17334,17333,2,-2
2021-09-15 15:10:23.477,17333,17334,17333,1,-1
2021-09-15 15:10:24.856,17332,17333,17333,2,2
2021-09-15 15:10:24.856,17332,17333,17334,1,1
2021-09-15 15:10:27.240,17332,17333,17333,1,1
2021-09-15 15:10:27.974,17333,17334,17333,1,-1
2021-09-15 15:10:28.226,17333,17334,17333,1,-1
2021-09-15 15:10:28.278,17333,17334,17334,1,1
2021-09-15 15:10:28.278,17333,17334,17335,1,1
2021-09-15 15:10:28.278,17333,17334,17335,1,1
2021-09-15 15:10:30.837,17333,17334,17333,1,-1
2021-09-15 15:10:32.740,17333,17334,17333,2,-2
2021-09-15 15:10:36.472,17333,17334,17333,1,-1
2021-09-15 15:10:38.271,17332,17334,17334,3,3
2021-09-15 15:10:41.398,17332,17334,17332,1,-1
2021-09-15 15:10:48.243,17332,17334,17334,2,2
2021-09-15 15:10:53.022,17332,17333,17333,1,1
2021-09-15 15:10:57.380,17332,17333,17333,1,1
2021-09-15 15:11:07.374,17332,17333,17333,1,1
2021-09-15 15:11:07.916,17332,17334,17332,2,-2
2021-09-15 15:11:11.077,17333,17334,17333,1,1
2021-09-15 15:11:11.077,17333,17334,17332,4,-4
2021-09-15 15:11:21.328,17332,17333,17332,2,-2
2021-09-15 15:11:21.472,17332,17333,17332,2,-2
2021-09-15 15:11:31.062,17332,17333,17333,1,1
2021-09-15 15:11:40.114,17333,17334,17333,1,-1
2021-09-15 15:11:42.295,17333,17334,17333,1,-1
2021-09-15 15:11:54.547,17333,17334,17333,4,-4
2021-09-15 15:12:03.703,17333,17334,17333,1,-1
2021-09-15 15:12:04.043,17333,17334,17333,1,-1
2021-09-15 15:12:04.043,17333,17334,17332,7,-7
2021-09-15 15:12:04.421,17331,17333,17331,2,-2
2021-09-15 15:12:07.042,17332,17333,17332,1,1
2021-09-15 15:12:07.072,17332,17333,17332,1,-1
2021-09-15 15:12:10.444,17331,17332,17331,1,-1
2021-09-15 15:12:20.023,17331,17332,17331,1,-1
2021-09-15 15:12:23.358,17331,17332,17331,3,-3
2021-09-15 15:12:29.852,17331,17332,17331,1,-1
2021-09-15 15:12:29.959,17331,17332,17331,1,-1
2021-09-15 15:12:32.272,17331,17332,17332,5,5
2021-09-15 15:12:32.391,17331,17332,17331,1,-1
2021-09-15 15:12:32.692,17331,17332,17331,1,-1
2021-09-15 15:12:38.874,17330,17331,17331,1,1
2021-09-15 15:12:39.759,17330,17331,17330,5,-5
2021-09-15 15:12:40.463,17330,17331,17330,1,-1
2021-09-15 15:12:44.507,17330,17331,17330,1,-1
2021-09-15 15:12:45.820,17330,17331,17331,1,1
2021-09-15 15:12:50.370,17330,17331,17331,1,1
2021-09-15 15:12:53.541,17330,17331,17331,1,1
2021-09-15 15:12:53.691,17330,17331,17330,1,-1
2021-09-15 15:12:58.820,17330,17331,17331,1,1
2021-09-15 15:12:59.510,17330,17331,17331,1,1
2021-09-15 15:13:05.711,17330,17331,17330,2,-2
2021-09-15 15:13:06.915,17330,17331,17331,1,1
2021-09-15 15:13:07.134,17330,17331,17331,1,1
2021-09-15 15:13:07.590,17330,17331,17331,1,1
2021-09-15 15:13:09.601,17331,17332,17332,3,3
2021-09-15 15:13:09.601,17331,17332,17332,2,2
2021-09-15 15:13:09.601,17331,17332,17332,1,1
2021-09-15 15:13:09.601,17331,17332,17332,3,3
2021-09-15 15:13:10.851,17332,17333,17333,4,4
2021-09-15 15:13:16.706,17333,17334,17333,1,-1
2021-09-15 15:13:21.004,17333,17334,17333,1,-1
2021-09-15 15:13:25.407,17333,17334,17333,3,-3
2021-09-15 15:13:35.038,17332,17333,17333,1,1
2021-09-15 15:13:39.618,17332,17333,17332,1,-1
2021-09-15 15:13:50.438,17332,17333,17333,1,1
2021-09-15 15:13:53.659,17332,17333,17332,2,-2
2021-09-15 15:13:57.005,17331,17333,17333,1,1
2021-09-15 15:13:59.515,17332,17333,17333,1,1
2021-09-15 15:14:06.503,17332,17333,17333,1,1
2021-09-15 15:14:08.066,17332,17333,17333,1,1
2021-09-15 15:14:11.427,17332,17333,17332,1,-1
2021-09-15 15:14:11.427,17332,17333,17332,1,-1
2021-09-15 15:14:14.586,17331,17332,17332,1,1
2021-09-15 15:14:24.913,17331,17332,17331,2,-2
2021-09-15 15:14:25.536,17331,17332,17331,4,-4
2021-09-15 15:14:25.536,17331,17332,17331,1,-1
2021-09-15 15:14:28.013,17330,17332,17330,1,-1
2021-09-15 15:14:30.305,17330,17332,17332,5,5
2021-09-15 15:14:30.796,17331,17332,17331,1,-1
2021-09-15 15:14:30.796,17331,17332,17330,2,-2
2021-09-15 15:14:32.449,17330,17332,17332,5,5
2021-09-15 15:14:34.497,17331,17332,17332,1,1
2021-09-15 15:14:50.781,17331,17332,17331,1,-1
2021-09-15 15:14:52.599,17331,17332,17332,2,2
2021-09-15 15:14:58.143,17331,17332,17331,2,-2
2021-09-15 15:14:59.320,17331,17332,17332,1,1
2021-09-15 15:15:08.223,17331,17332,17332,1,1
2021-09-15 15:15:08.377,17331,17332,17331,2,-2
2021-09-15 15:15:08.377,17331,17332,17330,15,-15
2021-09-15 15:15:11.001,17330,17331,17331,1,1
2021-09-15 15:15:11.001,17330,17331,17332,2,2
2021-09-15 15:15:13.916,17331,17332,17331,1,-1
2021-09-15 15:15:22.042,17330,17331,17331,1,1
2021-09-15 15:15:29.989,17331,17332,17331,1,-1
2021-09-15 15:15:33.629,17330,17331,17330,7,-7
2021-09-15 15:15:33.629,17330,17331,17329,10,-10
2021-09-15 15:15:33.629,17330,17331,17328,9,-9
2021-09-15 15:15:37.112,17328,17331,17328,1,-1
2021-09-15 15:15:47.066,17328,17329,17328,1,-1
2021-09-15 15:15:47.125,17328,17329,17329,3,3
2021-09-15 15:15:47.125,17328,17329,17330,2,2
2021-09-15 15:15:47.306,17328,17330,17328,1,-1
2021-09-15 15:15:50.753,17328,17330,17328,2,-2
2021-09-15 15:15:57.240,17329,17330,17330,1,1
2021-09-15 15:15:57.240,17329,17330,17331,4,4
2021-09-15 15:16:00.368,17330,17332,17332,5,5
2021-09-15 15:16:00.404,17331,17333,17333,1,1
2021-09-15 15:16:00.405,17331,17333,17333,1,1
2021-09-15 15:16:00.405,17331,17333,17333,1,1
2021-09-15 15:16:00.406,17331,17333,17333,1,1
2021-09-15 15:16:00.693,17331,17333,17331,1,-1
2021-09-15 15:16:05.936,17331,17332,17332,1,1
2021-09-15 15:16:06.027,17332,17333,17333,1,1
2021-09-15 15:16:06.028,17332,17333,17333,1,1
2021-09-15 15:16:06.028,17332,17333,17333,4,4
2021-09-15 15:16:10.576,17332,17334,17332,2,-2
2021-09-15 15:16:10.653,17331,17333,17333,1,1
2021-09-15 15:16:10.654,17331,17333,17333,1,1
2021-09-15 15:16:12.022,17332,17333,17332,2,-2
2021-09-15 15:16:14.073,17332,17333,17332,2,-2
2021-09-15 15:16:14.833,17331,17333,17333,1,1
2021-09-15 15:16:14.841,17331,17333,17333,1,1
2021-09-15 15:16:14.883,17331,17333,17333,22,22
2021-09-15 15:16:14.886,17331,17333,17334,5,5
2021-09-15 15:16:15.150,17334,17335,17335,8,8
2021-09-15 15:16:15.151,17334,17335,17335,6,6
2021-09-15 15:16:15.218,17334,17335,17336,1,1
2021-09-15 15:16:23.984,17333,17335,17333,4,-4
2021-09-15 15:16:30.586,17333,17335,17333,3,-3
2021-09-15 15:16:30.653,17333,17335,17335,1,1
2021-09-15 15:16:30.653,17333,17335,17335,1,1
2021-09-15 15:16:30.653,17333,17335,17335,1,1
2021-09-15 15:16:30.653,17333,17335,17335,1,1
2021-09-15 15:16:30.653,17333,17335,17335,1,1
2021-09-15 15:16:30.653,17333,17335,17336,1,1
2021-09-15 15:16:30.653,17333,17335,17336,1,1
2021-09-15 15:16:30.653,17333,17335,17336,1,1
2021-09-15 15:16:30.653,17333,17335,17336,1,1
2021-09-15 15:16:30.653,17333,17335,17336,1,1
2021-09-15 15:16:30.653,17333,17335,17336,1,1
2021-09-15 15:16:30.654,17333,17335,17336,1,1
2021-09-15 15:16:30.654,17333,17335,17336,1,1
2021-09-15 15:16:30.654,17333,17335,17336,1,1
2021-09-15 15:16:30.654,17333,17335,17336,1,1
2021-09-15 15:16:30.654,17333,17335,17336,1,1
2021-09-15 15:16:30.654,17333,17335,17336,1,1
2021-09-15 15:16:30.654,17333,17335,17336,1,1
2021-09-15 15:16:30.654,17333,17335,17336,1,1
2021-09-15 15:16:30.655,17333,17335,17336,1,1
2021-09-15 15:16:30.655,17333,17335,17336,1,1
2021-09-15 15:16:31.126,17334,17336,17334,3,-3
2021-09-15 15:16:31.153,17334,17336,17336,1,1
2021-09-15 15:16:31.154,17334,17336,17336,1,1
2021-09-15 15:16:31.154,17334,17336,17336,1,1
2021-09-15 15:16:34.176,17335,17337,17337,5,5
2021-09-15 15:16:34.349,17336,17338,17336,2,-2
2021-09-15 15:16:38.809,17337,17338,17338,1,1
2021-09-15 15:16:39.390,17337,17338,17337,1,-1
2021-09-15 15:16:40.544,17337,17338,17337,1,-1
2021-09-15 15:16:43.256,17337,17338,17337,1,-1
2021-09-15 15:16:43.454,17336,17337,17336,2,-2
2021-09-15 15:16:46.471,17335,17336,17336,5,5
2021-09-15 15:16:46.471,17335,17336,17336,5,5
2021-09-15 15:16:46.471,17335,17336,17336,1,1
2021-09-15 15:16:46.472,17335,17336,17336,8,8
2021-09-15 15:16:46.472,17335,17336,17336,5,5
2021-09-15 15:16:46.472,17335,17336,17336,1,1
2021-09-15 15:16:46.474,17335,17336,17336,3,3
2021-09-15 15:16:47.462,17336,17337,17337,4,4
2021-09-15 15:16:49.880,17336,17337,17336,2,-2
2021-09-15 15:17:38.927,17336,17337,17336,1,-1
2021-09-15 15:17:39.429,17336,17337,17337,1,1
2021-09-15 15:17:39.861,17336,17337,17336,1,-1
2021-09-15 15:17:43.602,17336,17337,17336,4,-4
2021-09-15 15:17:55.078,17335,17336,17336,2,2
2021-09-15 15:17:55.078,17335,17336,17337,6,6
2021-09-15 15:17:55.078,17335,17336,17338,2,2
2021-09-15 15:18:02.517,17337,17338,17338,1,1
2021-09-15 15:18:03.001,17337,17338,17337,1,-1
2021-09-15 15:18:03.164,17337,17338,17338,2,2
2021-09-15 15:18:09.178,17337,17338,17338,1,1
2021-09-15 15:18:09.179,17337,17338,17338,14,14
2021-09-15 15:18:09.514,17338,17339,17339,2,2
2021-09-15 15:18:10.266,17338,17339,17338,1,-1
2021-09-15 15:18:13.062,17337,17339,17339,10,10
2021-09-15 15:18:13.309,17338,17339,17339,1,1
2021-09-15 15:18:18.559,17338,17339,17339,1,1
2021-09-15 15:18:18.559,17338,17339,17340,4,4
2021-09-15 15:18:18.666,17338,17340,17340,1,1
2021-09-15 15:18:18.731,17338,17340,17340,3,3
2021-09-15 15:18:19.162,17338,17339,17339,1,1
2021-09-15 15:18:19.417,17338,17340,17340,1,1
2021-09-15 15:18:23.667,17339,17340,17340,33,33
2021-09-15 15:18:23.668,17339,17340,17340,1,1
2021-09-15 15:18:23.668,17339,17340,17340,3,3
2021-09-15 15:18:27.734,17340,17341,17340,1,-1
2021-09-15 15:18:30.834,17340,17341,17341,10,10
2021-09-15 15:18:31.864,17340,17341,17341,1,1
2021-09-15 15:18:33.623,17341,17342,17341,1,-1
2021-09-15 15:18:33.623,17341,17342,17340,1,-1
2021-09-15 15:18:48.289,17340,17341,17340,1,-1
2021-09-15 15:18:48.661,17340,17341,17341,2,2
2021-09-15 15:18:51.903,17340,17341,17340,1,-1
2021-09-15 15:18:54.916,17340,17341,17340,1,-1
2021-09-15 15:18:56.213,17340,17341,17340,1,-1
2021-09-15 15:18:56.382,17340,17341,17341,4,4
2021-09-15 15:18:56.426,17340,17341,17341,1,1
2021-09-15 15:18:59.852,17340,17341,17341,2,2
2021-09-15 15:19:00.944,17340,17341,17341,4,4
2021-09-15 15:19:00.944,17340,17341,17342,1,1
2021-09-15 15:19:04.826,17341,17342,17342,5,5
2021-09-15 15:19:04.827,17341,17342,17342,1,1
2021-09-15 15:19:04.909,17341,17342,17342,5,5
2021-09-15 15:19:04.909,17341,17342,17342,1,1
2021-09-15 15:19:04.909,17341,17342,17342,3,3
2021-09-15 15:19:06.613,17342,17343,17343,1,1
2021-09-15 15:19:06.872,17342,17343,17343,2,2
2021-09-15 15:19:06.929,17342,17343,17343,3,3
2021-09-15 15:19:06.929,17342,17343,17343,8,8
2021-09-15 15:19:09.296,17343,17344,17344,5,5
2021-09-15 15:19:09.430,17343,17344,17344,2,2
2021-09-15 15:19:10.090,17343,17344,17344,1,1
2021-09-15 15:19:10.649,17344,17345,17345,1,1
2021-09-15 15:19:11.331,17344,17345,17345,5,5
2021-09-15 15:19:12.255,17344,17345,17344,3,-3
2021-09-15 15:19:18.037,17343,17344,17344,1,1
2021-09-15 15:19:22.937,17342,17344,17344,1,1
2021-09-15 15:19:23.118,17342,17344,17342,1,-1
2021-09-15 15:19:23.223,17342,17344,17344,2,2
2021-09-15 15:19:23.828,17342,17344,17343,3,-3
2021-09-15 15:19:23.828,17342,17344,17344,1,1
2021-09-15 15:19:27.298,17342,17344,17344,1,1
2021-09-15 15:19:28.641,17343,17344,17343,1,-1
2021-09-15 15:19:32.654,17343,17344,17344,4,4
2021-09-15 15:19:32.654,17343,17344,17344,2,2
2021-09-15 15:19:32.928,17343,17344,17344,3,3
2021-09-15 15:19:32.928,17343,17344,17345,2,2
2021-09-15 15:19:33.946,17343,17344,17343,1,-1
2021-09-15 15:19:34.562,17343,17344,17344,1,1
2021-09-15 15:19:35.456,17343,17345,17343,2,-2
2021-09-15 15:19:37.484,17343,17345,17343,1,-1
2021-09-15 15:19:37.926,17343,17344,17343,2,-2
2021-09-15 15:19:39.179,17342,17343,17343,1,1
2021-09-15 15:19:39.296,17342,17343,17342,1,-1
2021-09-15 15:19:39.487,17342,17343,17343,2,2
2021-09-15 15:19:48.091,17343,17344,17343,2,-2
2021-09-15 15:19:48.187,17343,17344,17343,1,-1
2021-09-15 15:19:51.929,17343,17344,17344,4,4
2021-09-15 15:20:01.201,17343,17344,17344,1,1
2021-09-15 15:20:01.409,17343,17344,17344,1,1
2021-09-15 15:20:01.733,17343,17345,17345,1,1
2021-09-15 15:20:03.121,17343,17345,17343,2,-2
2021-09-15 15:20:03.152,17343,17345,17345,1,1
2021-09-15 15:20:03.153,17343,17345,17345,1,1
2021-09-15 15:20:04.784,17343,17344,17343,1,-1
2021-09-15 15:20:05.213,17343,17344,17344,2,2
2021-09-15 15:20:08.063,17343,17344,17343,4,-4
2021-09-15 15:20:09.487,17342,17344,17342,1,-1
2021-09-15 15:20:09.528,17342,17343,17343,1,1
2021-09-15 15:20:16.770,17342,17343,17343,1,1
2021-09-15 15:20:22.440,17343,17344,17343,1,-1
2021-09-15 15:20:22.529,17343,17344,17344,1,1
2021-09-15 15:20:22.529,17343,17344,17344,1,1
2021-09-15 15:20:23.382,17343,17344,17344,1,1
2021-09-15 15:20:23.645,17343,17344,17343,1,-1
2021-09-15 15:20:23.946,17343,17344,17343,1,-1
2021-09-15 15:20:26.982,17342,17344,17342,2,-2
2021-09-15 15:20:27.757,17342,17344,17344,2,2
2021-09-15 15:20:27.777,17342,17344,17344,1,1
2021-09-15 15:20:27.778,17342,17344,17344,1,1
2021-09-15 15:20:27.778,17342,17344,17344,1,1
2021-09-15 15:20:36.948,17342,17343,17343,1,1
2021-09-15 15:20:40.280,17342,17343,17342,2,-2
2021-09-15 15:20:40.402,17342,17343,17343,1,1
2021-09-15 15:20:40.403,17342,17343,17344,1,1
2021-09-15 15:20:40.909,17342,17344,17343,1,-1
2021-09-15 15:20:41.795,17343,17344,17343,4,-4
2021-09-15 15:20:44.190,17343,17344,17343,2,-2
2021-09-15 15:20:46.628,17343,17344,17343,1,-1
2021-09-15 15:20:51.543,17343,17344,17343,1,-1
2021-09-15 15:20:52.566,17343,17344,17343,1,-1
2021-09-15 15:20:52.634,17343,17344,17343,2,-2
2021-09-15 15:20:57.367,17342,17343,17342,3,-3
2021-09-15 15:20:57.957,17341,17343,17341,8,-8
2021-09-15 15:20:58.528,17340,17342,17340,3,-3
2021-09-15 15:21:04.838,17340,17341,17340,4,-4
2021-09-15 15:21:04.950,17340,17341,17340,1,-1
2021-09-15 15:21:06.756,17340,17341,17341,1,1
2021-09-15 15:21:07.467,17340,17341,17340,2,-2
2021-09-15 15:21:08.586,17340,17341,17340,1,-1
2021-09-15 15:21:08.644,17340,17341,17340,8,-8
2021-09-15 15:21:10.815,17339,17340,17340,1,1
2021-09-15 15:21:11.031,17339,17341,17339,1,-1
2021-09-15 15:21:14.803,17339,17340,17339,1,-1
2021-09-15 15:21:21.082,17339,17340,17339,1,-1
2021-09-15 15:21:34.437,17339,17340,17339,3,-3
2021-09-15 15:21:35.313,17339,17340,17340,2,2
2021-09-15 15:21:37.874,17339,17340,17340,1,1
2021-09-15 15:21:40.613,17339,17340,17339,20,-20
2021-09-15 15:21:40.614,17339,17340,17338,10,-10
2021-09-15 15:21:44.310,17337,17338,17337,1,-1
2021-09-15 15:21:44.374,17337,17338,17336,4,-4
2021-09-15 15:21:46.234,17336,17337,17336,2,-2
2021-09-15 15:21:52.353,17336,17338,17336,2,-2
2021-09-15 15:21:54.526,17336,17337,17337,1,1
2021-09-15 15:22:00.499,17336,17337,17337,1,1
2021-09-15 15:22:00.807,17336,17337,17337,2,2
2021-09-15 15:22:01.002,17336,17337,17337,1,1
2021-09-15 15:22:04.066,17337,17338,17337,1,-1
2021-09-15 15:22:06.246,17338,17339,17338,2,2
2021-09-15 15:22:16.323,17338,17339,17338,4,-4
2021-09-15 15:22:16.324,17338,17339,17338,1,-1
2021-09-15 15:22:18.189,17337,17338,17338,1,1
2021-09-15 15:22:18.309,17337,17338,17338,1,1
2021-09-15 15:22:22.444,17337,17338,17338,1,1
2021-09-15 15:22:22.797,17337,17338,17337,3,-3
2021-09-15 15:22:27.884,17337,17338,17338,2,2
2021-09-15 15:22:38.912,17337,17338,17338,1,1
2021-09-15 15:22:45.298,17337,17338,17337,2,-2
2021-09-15 15:22:51.641,17337,17338,17337,1,-1
2021-09-15 15:23:07.560,17337,17338,17337,2,-2
2021-09-15 15:23:11.084,17336,17337,17336,3,-3
2021-09-15 15:23:11.153,17336,17337,17337,1,1
2021-09-15 15:23:12.132,17336,17337,17337,1,1
2021-09-15 15:23:32.955,17337,17338,17337,1,-1
2021-09-15 15:23:33.248,17336,17338,17338,2,2
2021-09-15 15:23:47.388,17336,17337,17336,2,-2
2021-09-15 15:23:53.988,17335,17336,17336,2,2
2021-09-15 15:23:54.028,17336,17337,17337,1,1
2021-09-15 15:23:54.192,17336,17337,17336,1,-1
2021-09-15 15:24:07.412,17335,17336,17335,1,-1
2021-09-15 15:24:07.412,17335,17336,17335,1,-1
2021-09-15 15:24:07.503,17335,17336,17335,2,-2
2021-09-15 15:24:07.503,17335,17336,17335,1,-1
2021-09-15 15:24:07.503,17335,17336,17335,5,-5
2021-09-15 15:24:08.775,17334,17335,17334,4,-4
2021-09-15 15:24:15.227,17333,17334,17334,1,1
2021-09-15 15:24:15.663,17334,17335,17333,2,-2
2021-09-15 15:24:18.807,17333,17334,17334,1,1
2021-09-15 15:24:39.710,17333,17334,17333,3,-3
2021-09-15 15:24:39.778,17333,17334,17334,1,1
2021-09-15 15:24:41.492,17333,17334,17334,1,1
2021-09-15 15:24:45.097,17333,17334,17333,1,-1
2021-09-15 15:24:46.944,17333,17334,17333,1,-1
2021-09-15 15:24:53.987,17333,17334,17333,1,-1
2021-09-15 15:25:00.425,17333,17334,17333,1,-1
2021-09-15 15:25:00.642,17333,17334,17334,2,2
2021-09-15 15:25:00.702,17333,17334,17333,1,-1
2021-09-15 15:25:01.816,17333,17334,17334,1,1
2021-09-15 15:25:03.930,17334,17335,17334,1,-1
2021-09-15 15:25:08.345,17333,17334,17333,2,-2
2021-09-15 15:25:16.386,17333,17334,17333,1,-1
2021-09-15 15:25:18.276,17333,17334,17333,1,-1
2021-09-15 15:25:18.276,17333,17334,17333,6,-6
2021-09-15 15:25:23.908,17332,17333,17333,1,1
2021-09-15 15:25:31.645,17333,17334,17333,1,-1
2021-09-15 15:25:40.579,17333,17334,17334,1,1
2021-09-15 15:25:53.621,17333,17334,17334,1,1
2021-09-15 15:25:54.865,17333,17334,17334,1,1
2021-09-15 15:25:55.447,17333,17334,17334,1,1
2021-09-15 15:25:56.650,17333,17334,17334,1,1
2021-09-15 15:25:57.440,17334,17335,17334,1,-1
2021-09-15 15:25:58.752,17333,17334,17334,1,1
2021-09-15 15:26:04.864,17333,17334,17334,1,1
2021-09-15 15:26:05.112,17333,17334,17333,4,-4
2021-09-15 15:26:08.371,17333,17334,17333,1,-1
2021-09-15 15:26:12.576,17332,17334,17334,1,1
2021-09-15 15:26:14.642,17332,17334,17334,2,2
2021-09-15 15:26:21.778,17333,17334,17334,1,1
2021-09-15 15:26:23.097,17333,17334,17334,1,1
2021-09-15 15:26:33.987,17333,17334,17334,1,1
2021-09-15 15:26:42.716,17334,17335,17334,1,-1
2021-09-15 15:26:43.700,17333,17334,17334,1,1
2021-09-15 15:26:57.663,17334,17335,17335,2,2
2021-09-15 15:26:58.735,17334,17335,17335,1,1
2021-09-15 15:27:09.737,17334,17335,17335,1,1
2021-09-15 15:27:45.002,17334,17335,17335,1,1
2021-09-15 15:27:45.027,17334,17335,17334,1,-1
2021-09-15 15:27:45.027,17334,17335,17334,1,-1
2021-09-15 15:27:45.028,17334,17335,17334,1,-1
2021-09-15 15:27:45.028,17334,17335,17334,1,-1
2021-09-15 15:27:45.028,17334,17335,17334,1,-1
2021-09-15 15:27:45.028,17334,17335,17333,1,-1
2021-09-15 15:27:45.028,17334,17335,17334,1,1
2021-09-15 15:27:45.028,17334,17335,17333,1,-1
2021-09-15 15:27:45.028,17334,17335,17333,1,-1
2021-09-15 15:27:45.134,17334,17335,17335,1,1
2021-09-15 15:27:52.048,17333,17335,17335,4,4
2021-09-15 15:27:52.152,17335,17336,17335,1,-1
2021-09-15 15:27:52.152,17335,17336,17333,1,-1
2021-09-15 15:27:52.153,17335,17336,17333,2,-2
2021-09-15 15:27:52.153,17335,17336,17333,2,-2
2021-09-15 15:27:52.153,17335,17336,17333,2,-2
2021-09-15 15:27:52.153,17335,17336,17334,1,1
2021-09-15 15:27:52.153,17335,17336,17334,1,-1
2021-09-15 15:27:52.153,17335,17336,17334,1,-1
2021-09-15 15:27:52.153,17335,17336,17334,1,-1
2021-09-15 15:27:52.153,17335,17336,17334,1,-1
2021-09-15 15:27:52.153,17335,17336,17334,1,-1
2021-09-15 15:27:52.153,17335,17336,17334,1,-1
2021-09-15 15:27:52.154,17335,17336,17333,1,-1
2021-09-15 15:27:52.154,17335,17336,17333,1,-1
2021-09-15 15:27:52.154,17335,17336,17333,1,-1
2021-09-15 15:27:52.154,17335,17336,17333,1,-1
2021-09-15 15:27:52.154,17335,17336,17333,1,-1
2021-09-15 15:27:52.155,17335,17336,17333,1,-1
2021-09-15 15:27:52.155,17335,17336,17332,1,-1
2021-09-15 15:27:52.155,17335,17336,17332,1,-1
2021-09-15 15:27:52.155,17335,17336,17332,1,-1
2021-09-15 15:27:52.155,17335,17336,17332,1,-1
2021-09-15 15:27:52.156,17335,17336,17332,1,-1
2021-09-15 15:27:52.156,17335,17336,17332,1,-1
2021-09-15 15:27:52.158,17335,17336,17332,1,-1
2021-09-15 15:28:04.152,17335,17336,17336,1,1
2021-09-15 15:28:04.277,17335,17336,17335,1,-1
2021-09-15 15:28:04.277,17335,17336,17335,1,-1
2021-09-15 15:28:04.277,17335,17336,17335,1,-1
2021-09-15 15:28:04.278,17335,17336,17335,1,-1
2021-09-15 15:28:04.278,17335,17336,17335,1,-1
2021-09-15 15:28:04.278,17335,17336,17334,1,-1
2021-09-15 15:28:04.279,17335,17336,17334,1,-1
2021-09-15 15:28:06.253,17333,17335,17335,1,1
2021-09-15 15:28:13.647,17334,17335,17335,1,1
2021-09-15 15:28:18.501,17335,17336,17336,1,1
2021-09-15 15:28:18.502,17335,17336,17336,6,6
2021-09-15 15:28:32.689,17336,17338,17336,4,-4
2021-09-15 15:28:32.689,17336,17338,17335,4,-4
2021-09-15 15:28:32.690,17336,17338,17335,7,-7
2021-09-15 15:28:32.690,17336,17338,17335,1,-1
2021-09-15 15:28:42.811,17335,17336,17336,1,1
2021-09-15 15:28:48.035,17335,17336,17336,3,3
2021-09-15 15:28:56.283,17335,17336,17336,1,1
2021-09-15 15:29:00.477,17336,17337,17337,1,1
2021-09-15 15:29:00.782,17336,17338,17336,1,-1
2021-09-15 15:29:05.014,17336,17338,17338,2,2
2021-09-15 15:29:05.218,17336,17338,17338,1,1
2021-09-15 15:29:10.004,17336,17338,17338,1,1
2021-09-15 15:29:30.556,17337,17338,17338,1,1
2021-09-15 15:29:31.592,17337,17338,17337,1,-1
2021-09-15 15:29:33.165,17337,17338,17338,1,1
2021-09-15 15:29:40.400,17337,17338,17337,1,-1
2021-09-15 15:29:45.943,17336,17337,17336,13,-13
2021-09-15 15:29:45.943,17336,17337,17335,11,-11
2021-09-15 15:29:45.945,17336,17337,17334,1,-1
2021-09-15 15:29:52.900,17334,17335,17334,1,-1
2021-09-15 15:29:53.525,17334,17335,17334,2,-2
2021-09-15 15:29:56.632,17334,17335,17334,1,-1
2021-09-15 15:29:57.868,17334,17335,17334,1,-1
2021-09-15 15:30:00.581,17333,17334,17333,1,-1
2021-09-15 15:30:00.650,17333,17334,17333,1,-1
2021-09-15 15:30:00.650,17333,17334,17333,2,-2
2021-09-15 15:30:00.650,17333,17334,17333,4,-4
2021-09-15 15:30:00.785,17332,17333,17332,2,-2
2021-09-15 15:30:00.860,17332,17333,17332,2,-2
2021-09-15 15:30:00.944,17332,17333,17332,2,-2
2021-09-15 15:30:00.961,17332,17333,17333,2,2
2021-09-15 15:30:07.920,17333,17334,17333,1,-1
2021-09-15 15:30:07.920,17333,17334,17332,3,-3
2021-09-15 15:30:08.645,17332,17333,17332,3,-3
2021-09-15 15:30:08.982,17331,17332,17331,2,-2
2021-09-15 15:30:09.037,17331,17332,17331,2,-2
2021-09-15 15:30:09.462,17331,17332,17331,6,-6
2021-09-15 15:30:09.486,17331,17332,17332,1,1
2021-09-15 15:30:09.579,17331,17332,17332,1,1
2021-09-15 15:30:09.919,17331,17334,17332,1,-1
2021-09-15 15:30:09.919,17331,17334,17331,3,-3
2021-09-15 15:30:09.957,17331,17334,17331,2,-2
2021-09-15 15:30:12.493,17331,17332,17332,1,1
2021-09-15 15:30:19.147,17331,17332,17332,2,2
2021-09-15 15:30:19.147,17331,17332,17332,1,1
2021-09-15 15:30:21.116,17332,17333,17332,1,-1
2021-09-15 15:30:22.900,17332,17333,17332,1,-1
2021-09-15 15:30:25.768,17332,17333,17332,1,-1
2021-09-15 15:30:26.521,17331,17332,17332,3,3
2021-09-15 15:31:21.477,17333,17334,17333,3,3
2021-09-15 15:31:22.758,17332,17333,17332,1,-1
2021-09-15 15:31:24.952,17332,17333,17333,1,1
2021-09-15 15:31:27.617,17332,17334,17332,53,-53
2021-09-15 15:31:27.617,17332,17334,17331,15,-15
2021-09-15 15:31:27.619,17332,17334,17330,1,-1
2021-09-15 15:31:27.619,17332,17334,17331,1,1
2021-09-15 15:31:27.619,17332,17334,17331,13,-13
2021-09-15 15:31:37.303,17330,17331,17330,1,-1
2021-09-15 15:31:37.403,17330,17331,17331,1,1
2021-09-15 15:31:37.404,17330,17331,17331,1,1
2021-09-15 15:31:37.405,17330,17331,17331,1,1
2021-09-15 15:31:37.573,17330,17331,17331,1,1
2021-09-15 15:31:41.757,17330,17331,17331,2,2
2021-09-15 15:31:44.165,17330,17331,17331,1,1
2021-09-15 15:31:44.165,17330,17331,17331,1,1
2021-09-15 15:31:44.461,17330,17331,17331,1,1
2021-09-15 15:31:44.461,17330,17331,17331,1,1
2021-09-15 15:31:44.461,17330,17331,17331,5,5
2021-09-15 15:31:44.461,17330,17331,17331,1,1
2021-09-15 15:31:44.461,17330,17331,17331,1,1
2021-09-15 15:31:44.461,17330,17331,17331,1,1
2021-09-15 15:31:48.975,17331,17332,17332,2,2
2021-09-15 15:32:15.996,17332,17333,17332,1,-1
2021-09-15 15:32:18.453,17332,17333,17332,1,-1
2021-09-15 15:32:18.553,17331,17332,17331,1,-1
2021-09-15 15:32:19.132,17330,17332,17332,1,1
2021-09-15 15:32:23.919,17330,17332,17332,1,1
2021-09-15 15:32:27.999,17331,17332,17331,1,-1
2021-09-15 15:32:27.999,17331,17332,17330,28,-28
2021-09-15 15:32:28.000,17331,17332,17329,1,-1
2021-09-15 15:32:28.001,17331,17332,17329,3,-3
2021-09-15 15:32:28.026,17329,17330,17329,5,-5
2021-09-15 15:32:28.442,17329,17330,17330,1,1
2021-09-15 15:32:29.134,17329,17330,17330,1,1
2021-09-15 15:32:30.934,17329,17330,17329,8,-8
2021-09-15 15:32:33.328,17329,17330,17329,1,-1
2021-09-15 15:32:33.707,17328,17329,17329,1,1
2021-09-15 15:32:36.571,17328,17329,17328,2,-2
2021-09-15 15:32:36.659,17328,17329,17328,2,-2
2021-09-15 15:32:36.792,17328,17329,17328,2,-2
2021-09-15 15:32:39.868,17328,17329,17328,4,-4
2021-09-15 15:32:40.100,17328,17329,17328,2,-2
2021-09-15 15:32:41.769,17328,17329,17328,2,-2
2021-09-15 15:32:42.215,17328,17329,17328,4,-4
2021-09-15 15:32:42.459,17327,17328,17327,1,-1
2021-09-15 15:32:42.559,17327,17328,17327,1,-1
2021-09-15 15:32:42.626,17327,17328,17327,1,-1
2021-09-15 15:32:44.777,17327,17328,17328,1,1
2021-09-15 15:32:45.429,17328,17329,17328,1,-1
2021-09-15 15:32:50.539,17328,17329,17328,1,-1
2021-09-15 15:32:54.778,17328,17329,17329,1,1
2021-09-15 15:32:55.071,17328,17329,17328,2,-2
2021-09-15 15:32:59.094,17328,17329,17328,1,-1
2021-09-15 15:33:00.554,17328,17329,17328,1,-1
2021-09-15 15:33:01.176,17328,17329,17328,1,-1
2021-09-15 15:33:01.396,17328,17329,17328,1,-1
2021-09-15 15:33:02.005,17328,17329,17328,1,-1
2021-09-15 15:33:03.288,17328,17329,17328,1,-1
2021-09-15 15:33:04.411,17327,17328,17328,1,1
2021-09-15 15:33:05.378,17327,17328,17328,1,1
2021-09-15 15:33:05.378,17327,17328,17329,1,1
2021-09-15 15:33:07.688,17328,17329,17328,2,-2
2021-09-15 15:33:13.689,17328,17329,17329,1,1
2021-09-15 15:33:19.947,17329,17330,17330,1,1
2021-09-15 15:33:27.018,17329,17331,17331,1,1
2021-09-15 15:33:29.731,17329,17331,17331,1,1
2021-09-15 15:34:00.149,17331,17332,17331,2,-2
2021-09-15 15:34:11.788,17331,17332,17332,8,8
2021-09-15 15:34:11.788,17331,17332,17333,15,15
2021-09-15 15:34:17.748,17333,17334,17333,1,-1
2021-09-15 15:34:18.935,17333,17334,17334,1,1
2021-09-15 15:34:21.358,17333,17334,17334,1,1
2021-09-15 15:34:22.130,17333,17334,17334,1,1
2021-09-15 15:34:22.231,17333,17334,17334,1,1
2021-09-15 15:34:22.967,17333,17334,17334,1,1
2021-09-15 15:34:25.327,17333,17334,17334,1,1
2021-09-15 15:34:29.647,17333,17334,17333,6,-6
2021-09-15 15:34:31.370,17333,17334,17334,2,2
2021-09-15 15:34:31.372,17333,17334,17334,2,2
2021-09-15 15:34:31.403,17333,17334,17334,2,2
2021-09-15 15:34:37.779,17333,17334,17333,1,-1
2021-09-15 15:35:06.783,17333,17334,17333,1,-1
2021-09-15 15:35:14.002,17333,17334,17334,4,4
2021-09-15 15:35:23.403,17333,17334,17334,1,1
2021-09-15 15:35:29.001,17333,17334,17334,1,1
2021-09-15 15:35:33.626,17333,17334,17333,3,-3
2021-09-15 15:35:45.769,17333,17334,17333,1,-1
2021-09-15 15:35:48.052,17333,17334,17334,1,1
2021-09-15 15:35:50.229,17333,17334,17334,2,2
2021-09-15 15:35:53.633,17334,17335,17334,1,-1
2021-09-15 15:35:57.458,17334,17335,17334,1,-1
2021-09-15 15:36:01.543,17333,17334,17334,1,1
2021-09-15 15:36:02.267,17333,17334,17333,2,-2
2021-09-15 15:36:03.158,17333,17334,17334,1,1
2021-09-15 15:36:17.041,17333,17334,17334,1,1
2021-09-15 15:36:21.635,17334,17335,17334,1,-1
2021-09-15 15:36:22.325,17333,17334,17334,1,1
2021-09-15 15:36:22.747,17333,17334,17333,3,-3
2021-09-15 15:36:26.434,17333,17334,17333,49,-49
2021-09-15 15:36:26.435,17333,17334,17332,2,-2
2021-09-15 15:36:26.435,17333,17334,17332,5,-5
2021-09-15 15:36:29.569,17331,17332,17331,1,-1
2021-09-15 15:36:33.337,17331,17332,17331,1,-1
2021-09-15 15:36:40.222,17330,17331,17330,1,-1
2021-09-15 15:36:45.345,17330,17331,17330,4,-4
2021-09-15 15:36:49.204,17329,17330,17330,2,2
2021-09-15 15:36:49.715,17329,17330,17329,1,-1
2021-09-15 15:36:55.243,17329,17330,17329,1,-1
2021-09-15 15:36:58.515,17329,17330,17329,1,-1
2021-09-15 15:36:59.214,17329,17330,17329,1,-1
2021-09-15 15:37:03.489,17329,17330,17329,4,-4
2021-09-15 15:37:03.489,17329,17330,17329,1,-1
2021-09-15 15:37:04.589,17328,17329,17329,1,1
2021-09-15 15:37:05.656,17328,17329,17328,1,-1
2021-09-15 15:37:09.477,17328,17329,17328,1,-1
2021-09-15 15:37:09.489,17328,17329,17328,1,-1
2021-09-15 15:37:14.080,17328,17329,17328,1,-1
2021-09-15 15:37:14.118,17328,17329,17329,5,5
2021-09-15 15:37:14.527,17328,17329,17329,5,5
2021-09-15 15:37:21.215,17328,17329,17328,1,-1
2021-09-15 15:37:28.075,17328,17329,17328,1,-1
2021-09-15 15:37:31.286,17328,17329,17329,2,2
2021-09-15 15:37:32.793,17328,17330,17328,1,-1
2021-09-15 15:37:45.138,17328,17330,17328,1,-1
2021-09-15 15:37:47.194,17329,17330,17329,1,1
2021-09-15 15:37:47.195,17329,17330,17329,1,-1
2021-09-15 15:37:57.026,17328,17330,17328,1,-1
2021-09-15 15:37:59.938,17329,17330,17329,1,1
2021-09-15 15:38:00.524,17329,17330,17329,1,-1
2021-09-15 15:38:04.646,17329,17330,17329,1,-1
2021-09-15 15:38:06.765,17329,17330,17329,1,-1
2021-09-15 15:38:08.112,17329,17330,17330,5,5
2021-09-15 15:38:33.836,17330,17331,17330,1,-1
2021-09-15 15:39:06.830,17330,17331,17331,6,6
2021-09-15 15:39:10.081,17330,17332,17332,1,1
2021-09-15 15:39:12.957,17330,17332,17332,1,1
2021-09-15 15:39:28.813,17332,17333,17332,1,-1
2021-09-15 15:39:40.560,17331,17332,17331,2,-2
2021-09-15 15:40:03.462,17330,17331,17330,1,-1
2021-09-15 15:40:03.462,17330,17331,17330,1,-1
2021-09-15 15:40:03.892,17329,17330,17329,1,-1
2021-09-15 15:40:20.450,17328,17329,17329,1,1
2021-09-15 15:40:20.529,17328,17329,17328,1,-1
2021-09-15 15:40:22.485,17328,17329,17328,2,-2
2021-09-15 15:40:23.247,17328,17329,17328,5,-5
2021-09-15 15:40:23.579,17328,17329,17328,5,-5
2021-09-15 15:40:23.999,17328,17329,17328,1,-1
2021-09-15 15:40:25.150,17328,17329,17328,1,-1
2021-09-15 15:40:33.841,17327,17329,17328,1,-1
2021-09-15 15:40:35.651,17327,17328,17327,1,-1
2021-09-15 15:40:36.540,17327,17328,17327,2,-2
2021-09-15 15:40:39.637,17327,17328,17327,4,-4
2021-09-15 15:40:45.095,17327,17328,17327,1,-1
2021-09-15 15:40:45.150,17327,17328,17327,8,-8
2021-09-15 15:40:49.635,17326,17327,17327,1,1
2021-09-15 15:40:51.188,17327,17328,17327,1,-1
2021-09-15 15:40:55.079,17327,17328,17327,1,-1
2021-09-15 15:40:55.779,17327,17328,17327,1,-1
2021-09-15 15:40:56.407,17326,17328,17326,1,-1
2021-09-15 15:41:12.358,17326,17327,17327,1,1
2021-09-15 15:41:16.088,17326,17327,17327,4,4
2021-09-15 15:41:16.921,17326,17327,17327,5,5
2021-09-15 15:41:18.137,17327,17328,17328,1,1
2021-09-15 15:41:18.152,17327,17329,17329,1,1
2021-09-15 15:41:18.153,17327,17329,17329,1,1
2021-09-15 15:41:25.873,17327,17328,17327,2,-2
2021-09-15 15:41:25.873,17327,17328,17326,4,-4
2021-09-15 15:41:26.620,17327,17328,17327,1,1
2021-09-15 15:41:32.382,17327,17328,17327,1,-1
2021-09-15 15:41:38.124,17327,17329,17327,1,-1
2021-09-15 15:41:39.889,17327,17329,17327,1,-1
2021-09-15 15:41:45.816,17327,17329,17327,1,-1
2021-09-15 15:41:49.177,17327,17328,17327,1,-1
2021-09-15 15:41:56.693,17327,17328,17327,1,-1
2021-09-15 15:42:28.475,17327,17328,17328,1,1
2021-09-15 15:42:56.654,17328,17329,17329,3,3
2021-09-15 15:43:34.811,17329,17330,17329,1,-1
2021-09-15 15:43:35.118,17329,17330,17330,4,4
2021-09-15 15:43:36.507,17329,17330,17330,7,7
2021-09-15 15:43:53.783,17330,17331,17331,1,1
2021-09-15 15:43:53.783,17330,17331,17332,4,4
2021-09-15 15:44:08.525,17331,17332,17331,3,-3
2021-09-15 15:44:09.861,17331,17332,17332,1,1
2021-09-15 15:44:17.427,17331,17332,17332,5,5
2021-09-15 15:44:22.261,17331,17332,17331,1,-1
2021-09-15 15:44:22.937,17330,17332,17332,1,1
2021-09-15 15:44:26.475,17330,17332,17330,6,-6
2021-09-15 15:44:34.045,17329,17330,17330,4,4
2021-09-15 15:44:36.228,17330,17331,17330,1,-1
2021-09-15 15:44:40.430,17330,17331,17330,1,-1
2021-09-15 15:44:41.262,17329,17330,17330,1,1
2021-09-15 15:44:55.377,17329,17330,17329,10,-10
2021-09-15 15:44:55.377,17329,17330,17329,1,-1
2021-09-15 15:44:55.378,17329,17330,17329,1,-1
2021-09-15 15:44:55.378,17329,17330,17329,2,-2
2021-09-15 15:44:59.913,17328,17330,17330,2,2
2021-09-15 15:45:04.823,17328,17330,17330,1,1
2021-09-15 15:45:05.468,17328,17330,17328,3,-3
2021-09-15 15:45:16.440,17328,17330,17328,1,-1
2021-09-15 15:45:17.594,17328,17330,17328,1,-1
2021-09-15 15:45:32.163,17328,17330,17328,1,-1
2021-09-15 15:45:40.931,17328,17330,17328,1,-1
2021-09-15 15:46:00.447,17329,17330,17329,1,1
2021-09-15 15:46:31.593,17328,17329,17329,1,1
2021-09-15 15:46:31.653,17328,17330,17330,1,1
2021-09-15 15:46:44.474,17329,17330,17330,2,2
2021-09-15 15:46:44.512,17329,17330,17330,2,2
2021-09-15 15:46:44.528,17329,17332,17332,1,1
2021-09-15 15:46:44.528,17329,17332,17332,1,1
2021-09-15 15:46:44.528,17329,17332,17332,1,1
2021-09-15 15:46:44.528,17329,17332,17332,1,1
2021-09-15 15:46:44.528,17329,17332,17332,1,1
2021-09-15 15:46:44.528,17329,17332,17332,1,1
2021-09-15 15:46:44.529,17329,17332,17332,1,1
2021-09-15 15:46:44.529,17329,17332,17332,1,1
2021-09-15 15:46:44.529,17329,17332,17332,1,1
2021-09-15 15:46:44.529,17329,17332,17332,1,1
2021-09-15 15:46:44.529,17329,17332,17332,1,1
2021-09-15 15:46:44.529,17329,17332,17332,1,1
2021-09-15 15:46:44.529,17329,17332,17332,1,1
2021-09-15 15:46:44.529,17329,17332,17332,1,1
2021-09-15 15:46:44.529,17329,17332,17332,1,1
2021-09-15 15:46:44.529,17329,17332,17332,1,1
2021-09-15 15:46:44.529,17329,17332,17332,1,1
2021-09-15 15:46:44.530,17329,17332,17332,1,1
2021-09-15 15:46:44.530,17329,17332,17332,1,1
2021-09-15 15:46:44.530,17329,17332,17332,1,1
2021-09-15 15:46:44.530,17329,17332,17333,1,1
2021-09-15 15:46:44.530,17329,17332,17333,1,1
2021-09-15 15:46:44.532,17329,17332,17332,1,1
2021-09-15 15:47:12.092,17331,17332,17331,1,-1
2021-09-15 15:47:12.153,17330,17332,17332,1,1
2021-09-15 15:47:12.153,17330,17332,17332,1,1
2021-09-15 15:47:12.154,17330,17332,17332,1,1
2021-09-15 15:47:12.154,17330,17332,17332,1,1
2021-09-15 15:47:15.938,17330,17332,17332,2,2
2021-09-15 15:47:25.727,17330,17331,17331,1,1
2021-09-15 15:47:35.280,17330,17331,17330,4,-4
2021-09-15 15:47:36.215,17329,17330,17330,1,1
2021-09-15 15:47:52.228,17329,17330,17330,1,1
2021-09-15 15:47:52.277,17329,17331,17331,1,1
2021-09-15 15:47:59.113,17329,17330,17330,4,4
2021-09-15 15:48:00.639,17329,17330,17330,1,1
2021-09-15 15:48:00.653,17329,17330,17330,1,1
2021-09-15 15:48:00.654,17329,17330,17330,1,1
2021-09-15 15:48:00.655,17329,17330,17330,1,1
2021-09-15 15:48:00.655,17329,17330,17330,1,1
2021-09-15 15:48:00.655,17329,17330,17330,1,1
2021-09-15 15:48:01.288,17329,17330,17329,1,-1
2021-09-15 15:48:06.542,17329,17330,17330,2,2
2021-09-15 15:48:20.980,17329,17330,17329,1,-1
2021-09-15 15:48:44.470,17329,17330,17329,5,-5
2021-09-15 15:48:44.470,17329,17330,17328,19,-19
2021-09-15 15:48:44.472,17329,17330,17328,1,-1
2021-09-15 15:48:44.528,17327,17328,17328,1,1
2021-09-15 15:48:44.529,17327,17328,17328,1,1
2021-09-15 15:48:46.741,17327,17328,17327,2,-2
2021-09-15 15:48:46.778,17327,17328,17328,1,1
2021-09-15 15:48:46.778,17327,17328,17328,1,1
2021-09-15 15:48:46.778,17327,17328,17328,1,1
2021-09-15 15:48:57.648,17327,17328,17328,1,1
2021-09-15 15:48:57.657,17327,17328,17328,1,1
2021-09-15 15:48:57.658,17327,17328,17328,1,1
2021-09-15 15:48:59.895,17327,17328,17327,2,-2
2021-09-15 15:49:04.606,17327,17328,17328,4,4
2021-09-15 15:49:04.607,17327,17328,17328,8,8
2021-09-15 15:49:04.607,17327,17328,17328,1,1
2021-09-15 15:49:04.607,17327,17328,17328,4,4
2021-09-15 15:49:08.756,17328,17330,17328,1,-1
2021-09-15 15:50:24.567,17327,17328,17328,7,7
2021-09-15 15:50:25.001,17327,17328,17327,1,-1
2021-09-15 15:50:29.596,17327,17328,17327,1,-1
2021-09-15 15:50:30.875,17327,17328,17327,1,-1
2021-09-15 15:50:30.876,17327,17328,17327,2,-2
2021-09-15 15:50:30.876,17327,17328,17327,9,-9
2021-09-15 15:50:36.748,17327,17328,17327,1,-1
2021-09-15 15:50:38.370,17326,17328,17328,1,1
2021-09-15 15:50:57.781,17326,17327,17327,1,1
2021-09-15 15:51:07.287,17326,17327,17326,1,-1
2021-09-15 15:51:09.069,17326,17327,17327,1,1
2021-09-15 15:51:31.895,17326,17327,17327,1,1
2021-09-15 15:51:31.895,17326,17327,17327,4,4
2021-09-15 15:51:31.916,17327,17328,17327,3,-3
2021-09-15 15:52:03.421,17327,17328,17328,1,1
2021-09-15 15:52:04.685,17327,17328,17327,2,-2
2021-09-15 15:52:04.685,17327,17328,17326,4,-4
2021-09-15 15:52:05.541,17326,17328,17326,4,-4
2021-09-15 15:52:28.516,17326,17327,17326,2,-2
2021-09-15 15:53:07.133,17326,17327,17326,1,-1
2021-09-15 15:53:08.776,17326,17327,17327,1,1
2021-09-15 15:53:11.190,17326,17327,17327,2,2
2021-09-15 15:53:15.493,17327,17328,17328,1,1
2021-09-15 15:53:22.374,17326,17328,17326,10,-10
2021-09-15 15:53:31.400,17326,17327,17326,1,-1
2021-09-15 15:53:50.351,17326,17327,17326,2,-2
2021-09-15 15:53:53.936,17326,17327,17326,1,-1
2021-09-15 15:54:02.401,17326,17327,17326,2,-2
2021-09-15 15:54:02.402,17326,17327,17326,1,-1
2021-09-15 15:54:08.276,17326,17327,17326,1,-1
2021-09-15 15:54:11.095,17326,17327,17326,1,-1
2021-09-15 15:54:34.110,17326,17327,17326,1,-1
2021-09-15 15:54:41.400,17326,17327,17326,1,-1
2021-09-15 15:55:10.741,17325,17326,17325,1,-1
2021-09-15 15:55:10.905,17325,17326,17325,1,-1
2021-09-15 15:55:13.885,17325,17326,17326,1,1
2021-09-15 15:55:16.230,17325,17326,17325,1,-1
2021-09-15 15:55:18.623,17325,17326,17325,23,-23
2021-09-15 15:55:18.650,17324,17325,17324,11,-11
2021-09-15 15:55:23.604,17323,17324,17323,1,-1
2021-09-15 15:55:24.566,17323,17324,17323,2,-2
2021-09-15 15:55:28.397,17323,17324,17323,1,-1
2021-09-15 15:55:32.952,17323,17324,17324,1,1
2021-09-15 15:55:33.575,17323,17324,17323,4,-4
2021-09-15 15:55:51.113,17323,17324,17324,3,3
2021-09-15 15:55:59.189,17323,17324,17324,3,3
2021-09-15 15:56:08.579,17323,17324,17324,1,1
2021-09-15 15:56:08.931,17323,17325,17325,1,1
2021-09-15 15:56:09.594,17323,17325,17325,1,1
2021-09-15 15:56:09.652,17323,17325,17323,1,-1
2021-09-15 15:56:09.653,17323,17325,17323,1,-1
2021-09-15 15:56:15.583,17323,17325,17325,1,1
2021-09-15 15:56:15.897,17323,17325,17323,2,-2
2021-09-15 15:56:24.362,17323,17324,17324,1,1
2021-09-15 15:56:24.621,17324,17325,17324,2,-2
2021-09-15 15:56:35.456,17323,17324,17324,1,1
2021-09-15 15:56:39.349,17323,17324,17324,1,1
2021-09-15 15:56:52.651,17324,17325,17325,2,2
2021-09-15 15:56:53.004,17324,17326,17324,2,-2
2021-09-15 15:56:54.367,17324,17325,17325,1,1
2021-09-15 15:57:03.421,17324,17326,17324,1,-1
2021-09-15 15:57:18.290,17325,17326,17325,1,1
2021-09-15 15:57:28.605,17325,17326,17325,1,-1
2021-09-15 15:57:48.491,17325,17326,17325,1,-1
2021-09-15 15:57:48.528,17324,17325,17324,1,-1
2021-09-15 15:57:48.528,17324,17325,17324,1,-1
2021-09-15 15:57:48.529,17324,17325,17323,1,-1
2021-09-15 15:58:11.406,17324,17325,17324,2,2
2021-09-15 15:58:20.432,17323,17324,17323,1,-1
2021-09-15 15:58:21.511,17323,17324,17323,2,-2
2021-09-15 15:58:27.495,17323,17324,17323,1,-1
2021-09-15 15:58:28.690,17323,17324,17323,1,-1
2021-09-15 15:58:30.677,17323,17324,17323,1,-1
2021-09-15 15:58:33.914,17323,17324,17324,1,1
2021-09-15 15:58:43.290,17323,17324,17324,1,1
2021-09-15 15:58:54.176,17323,17324,17324,5,5
2021-09-15 15:58:58.329,17324,17325,17325,1,1
2021-09-15 15:58:58.330,17324,17325,17325,4,4
2021-09-15 15:58:59.403,17325,17326,17326,5,5
2021-09-15 15:59:17.505,17326,17327,17326,2,-2
2021-09-15 15:59:17.758,17326,17327,17326,2,-2
2021-09-15 15:59:36.907,17326,17327,17327,1,1
2021-09-15 15:59:37.087,17326,17327,17327,1,1
2021-09-15 15:59:37.157,17326,17328,17326,1,-1
2021-09-15 15:59:38.523,17326,17328,17328,4,4
2021-09-15 15:59:42.039,17327,17328,17327,1,-1
2021-09-15 15:59:46.078,17327,17328,17328,1,1
2021-09-15 16:00:12.270,17327,17328,17328,5,5
2021-09-15 16:00:12.484,17327,17328,17327,1,-1
2021-09-15 16:00:12.491,17327,17328,17327,1,-1
2021-09-15 16:00:12.491,17327,17328,17326,1,-1
2021-09-15 16:00:12.731,17326,17328,17326,1,-1
2021-09-15 16:00:12.777,17326,17328,17326,1,-1
2021-09-15 16:00:12.810,17326,17328,17325,1,-1
2021-09-15 16:00:12.941,17325,17327,17325,1,-1
2021-09-15 16:00:15.389,17326,17327,17326,3,3
2021-09-15 16:00:19.580,17326,17328,17326,2,-2
2021-09-15 16:00:49.436,17326,17328,17326,1,-1
2021-09-15 16:00:49.528,17326,17328,17326,1,-1
2021-09-15 16:00:49.529,17326,17328,17326,1,-1
2021-09-15 16:00:59.275,17327,17328,17328,8,8
2021-09-15 16:00:59.276,17327,17328,17328,29,29
2021-09-15 16:00:59.403,17328,17329,17328,1,-1
2021-09-15 16:01:01.216,17328,17329,17329,1,1
2021-09-15 16:01:03.058,17329,17330,17329,1,-1
2021-09-15 16:01:03.257,17329,17330,17329,2,-2
2021-09-15 16:01:10.402,17329,17330,17329,1,-1
2021-09-15 16:01:10.803,17328,17330,17328,2,-2
2021-09-15 16:01:31.959,17329,17330,17330,1,1
2021-09-15 16:01:32.256,17329,17330,17329,2,-2
2021-09-15 16:01:40.358,17329,17330,17330,1,1
2021-09-15 16:01:40.722,17329,17330,17329,2,-2
2021-09-15 16:01:40.795,17329,17330,17330,10,10
2021-09-15 16:01:40.849,17329,17330,17330,5,5
2021-09-15 16:01:44.133,17329,17330,17330,1,1
2021-09-15 16:01:48.915,17329,17330,17330,1,1
2021-09-15 16:01:49.169,17329,17330,17330,2,2
2021-09-15 16:01:49.170,17329,17330,17330,5,5
2021-09-15 16:01:49.170,17329,17330,17330,1,1
2021-09-15 16:01:49.170,17329,17330,17330,5,5
2021-09-15 16:01:49.170,17329,17330,17330,1,1
2021-09-15 16:01:49.170,17329,17330,17330,10,10
2021-09-15 16:01:49.170,17329,17330,17330,1,1
2021-09-15 16:01:49.171,17329,17330,17330,4,4
2021-09-15 16:01:56.212,17330,17331,17331,1,1
2021-09-15 16:01:56.305,17330,17332,17332,2,2
2021-09-15 16:01:56.308,17330,17332,17332,2,2
2021-09-15 16:01:56.339,17330,17332,17332,2,2
2021-09-15 16:02:02.559,17331,17333,17331,1,-1
2021-09-15 16:02:07.409,17331,17333,17333,2,2
2021-09-15 16:02:07.648,17331,17333,17331,1,-1
2021-09-15 16:02:07.654,17331,17333,17333,2,2
2021-09-15 16:02:07.723,17331,17333,17333,2,2
2021-09-15 16:02:07.781,17331,17333,17333,1,1
2021-09-15 16:02:18.657,17332,17333,17333,1,1
2021-09-15 16:02:30.011,17332,17333,17333,1,1
2021-09-15 16:02:31.460,17332,17333,17333,2,2
2021-09-15 16:02:34.438,17332,17333,17333,1,1
2021-09-15 16:02:47.568,17332,17333,17333,1,1
2021-09-15 16:02:48.124,17332,17333,17333,2,2
2021-09-15 16:02:49.475,17332,17333,17333,2,2
2021-09-15 16:02:51.862,17332,17333,17333,1,1
2021-09-15 16:02:51.868,17332,17333,17333,1,1
2021-09-15 16:03:09.205,17332,17333,17333,1,1
2021-09-15 16:03:14.406,17332,17333,17333,2,2
2021-09-15 16:03:15.635,17332,17333,17333,2,2
2021-09-15 16:03:17.662,17332,17333,17333,1,1
2021-09-15 16:03:18.695,17332,17333,17333,1,1
2021-09-15 16:03:19.936,17332,17333,17333,2,2
2021-09-15 16:03:21.000,17332,17333,17333,2,2
2021-09-15 16:03:21.036,17332,17333,17333,1,1
2021-09-15 16:03:21.036,17332,17333,17334,1,1
2021-09-15 16:03:21.238,17332,17334,17334,4,4
2021-09-15 16:03:24.002,17333,17334,17333,1,-1
2021-09-15 16:03:26.121,17333,17334,17334,2,2
2021-09-15 16:03:33.407,17333,17334,17334,16,16
2021-09-15 16:03:33.407,17333,17334,17335,23,23
2021-09-15 16:03:33.407,17333,17334,17336,11,11
2021-09-15 16:03:33.894,17334,17336,17336,1,1
2021-09-15 16:03:34.198,17334,17336,17336,1,1
2021-09-15 16:03:34.203,17334,17336,17336,1,1
2021-09-15 16:03:34.210,17334,17336,17336,1,1
2021-09-15 16:03:34.230,17334,17336,17336,1,1
2021-09-15 16:03:35.831,17334,17336,17336,2,2
2021-09-15 16:03:36.456,17334,17336,17336,2,2
2021-09-15 16:03:37.660,17334,17336,17336,2,2
2021-09-15 16:03:38.129,17334,17336,17336,1,1
2021-09-15 16:03:43.452,17334,17336,17336,1,1
2021-09-15 16:03:44.527,17334,17336,17336,4,4
2021-09-15 16:03:44.527,17334,17336,17337,14,14
2021-09-15 16:03:44.527,17334,17336,17338,17,17
2021-09-15 16:03:44.529,17334,17336,17338,15,15
2021-09-15 16:03:44.529,17334,17336,17338,1,1
2021-09-15 16:03:46.794,17336,17338,17338,3,3
2021-09-15 16:03:46.794,17336,17338,17339,2,2
2021-09-15 16:03:46.922,17337,17339,17338,1,-1
2021-09-15 16:03:47.111,17337,17338,17337,1,-1
2021-09-15 16:03:49.882,17337,17338,17337,1,-1
2021-09-15 16:03:54.056,17337,17338,17338,1,1
2021-09-15 16:03:55.128,17337,17338,17338,2,2
2021-09-15 16:03:58.908,17337,17338,17338,1,1
2021-09-15 16:03:59.831,17337,17338,17338,3,3
2021-09-15 16:04:00.878,17337,17339,17337,1,-1
2021-09-15 16:04:01.775,17337,17338,17338,1,1
2021-09-15 16:04:02.447,17337,17338,17338,1,1
2021-09-15 16:04:03.489,17337,17338,17337,1,-1
2021-09-15 16:04:05.771,17337,17338,17338,1,1
2021-09-15 16:04:15.207,17337,17338,17338,1,1
2021-09-15 16:04:17.044,17337,17338,17338,2,2
2021-09-15 16:04:18.022,17338,17339,17338,1,-1
2021-09-15 16:04:22.449,17337,17338,17338,1,1
2021-09-15 16:04:24.807,17337,17338,17337,1,-1
2021-09-15 16:04:26.838,17337,17338,17337,1,-1
2021-09-15 16:04:26.838,17337,17338,17337,8,-8
2021-09-15 16:04:34.008,17336,17337,17337,1,1
2021-09-15 16:04:43.023,17336,17337,17337,1,1
2021-09-15 16:04:47.556,17336,17337,17336,1,-1
2021-09-15 16:04:47.556,17336,17337,17335,1,-1
2021-09-15 16:04:53.295,17335,17337,17337,1,1
2021-09-15 16:05:01.649,17335,17337,17337,1,1
2021-09-15 16:05:02.327,17335,17337,17337,2,2
2021-09-15 16:05:05.296,17335,17336,17336,1,1
2021-09-15 16:05:12.970,17335,17336,17336,1,1
2021-09-15 16:05:29.133,17335,17336,17335,6,-6
2021-09-15 16:05:38.329,17335,17336,17335,3,-3
2021-09-15 16:05:56.198,17334,17335,17334,2,-2
2021-09-15 16:06:01.281,17333,17335,17333,1,-1
2021-09-15 16:06:05.179,17333,17335,17334,2,2
2021-09-15 16:06:30.999,17334,17335,17334,1,-1
2021-09-15 16:06:43.918,17333,17334,17333,1,-1
2021-09-15 16:06:45.442,17333,17334,17333,1,-1
2021-09-15 16:06:49.840,17332,17334,17334,1,1
2021-09-15 16:07:04.234,17333,17334,17334,12,12
2021-09-15 16:07:04.235,17333,17334,17334,2,2
2021-09-15 16:07:04.243,17333,17334,17335,1,1
2021-09-15 16:07:04.276,17334,17335,17335,2,2
2021-09-15 16:07:04.908,17334,17336,17334,1,-1
2021-09-15 16:07:19.454,17334,17335,17335,2,2
2021-09-15 16:07:19.686,17334,17336,17336,2,2
2021-09-15 16:07:20.047,17334,17336,17336,7,7
2021-09-15 16:07:20.047,17334,17336,17337,12,12
2021-09-15 16:07:20.047,17334,17336,17338,33,33
2021-09-15 16:07:20.047,17334,17336,17339,34,34
2021-09-15 16:07:20.049,17334,17336,17339,5,5
2021-09-15 16:07:20.049,17334,17336,17339,9,9
2021-09-15 16:07:20.049,17334,17336,17339,1,1
2021-09-15 16:07:20.050,17334,17336,17339,1,1
2021-09-15 16:07:20.051,17334,17336,17338,1,1
2021-09-15 16:07:27.229,17337,17338,17338,2,2
2021-09-15 16:07:29.305,17337,17338,17338,2,2
2021-09-15 16:07:29.500,17337,17339,17339,3,3
2021-09-15 16:07:31.105,17337,17338,17337,1,-1
2021-09-15 16:07:31.777,17337,17338,17337,1,-1
2021-09-15 16:07:33.184,17337,17338,17337,1,-1
2021-09-15 16:07:33.633,17337,17338,17338,2,2
2021-09-15 16:07:35.267,17337,17338,17338,1,1
2021-09-15 16:07:39.932,17337,17338,17338,1,1
2021-09-15 16:07:42.373,17338,17339,17338,1,-1
2021-09-15 16:07:42.877,17337,17339,17339,12,12
2021-09-15 16:07:45.140,17337,17339,17338,1,-1
2021-09-15 16:07:46.752,17337,17339,17339,1,1
2021-09-15 16:07:47.664,17337,17339,17339,2,2
2021-09-15 16:07:49.240,17337,17339,17339,2,2
2021-09-15 16:07:49.940,17337,17339,17339,2,2
2021-09-15 16:07:53.999,17338,17339,17338,4,-4
2021-09-15 16:08:20.750,17337,17338,17337,4,-4
2021-09-15 16:08:38.075,17336,17338,17338,1,1
2021-09-15 16:08:45.719,17337,17338,17337,1,-1
2021-09-15 16:08:58.085,17337,17338,17338,3,3
2021-09-15 16:09:04.380,17337,17338,17337,1,-1
2021-09-15 16:09:18.604,17337,17338,17337,1,-1
2021-09-15 16:09:22.521,17336,17337,17337,1,1
2021-09-15 16:09:41.574,17337,17338,17337,2,-2
2021-09-15 16:10:15.638,17336,17338,17336,1,-1
2021-09-15 16:10:15.936,17335,17337,17337,2,2
2021-09-15 16:10:15.936,17335,17337,17337,2,2
2021-09-15 16:11:08.981,17336,17337,17336,2,-2
2021-09-15 16:11:09.379,17335,17337,17337,2,2
2021-09-15 16:11:34.388,17336,17337,17337,1,1
2021-09-15 16:11:34.656,17336,17337,17337,2,2
2021-09-15 16:11:36.093,17336,17337,17336,1,-1
2021-09-15 16:12:01.169,17335,17336,17336,1,1
2021-09-15 16:12:01.463,17335,17337,17337,1,1
2021-09-15 16:12:01.530,17336,17337,17337,2,2
2021-09-15 16:12:18.913,17335,17337,17337,3,3
2021-09-15 16:12:34.147,17335,17337,17337,1,1
2021-09-15 16:14:08.597,17335,17336,17336,1,1
2021-09-15 16:14:32.214,17335,17336,17336,2,2
2021-09-15 16:14:32.262,17335,17336,17336,2,2
2021-09-15 16:14:32.312,17335,17336,17336,2,2
2021-09-15 16:14:32.402,17335,17337,17337,2,2
2021-09-15 16:14:32.502,17335,17337,17337,2,2
2021-09-15 16:14:32.552,17335,17337,17337,1,1
2021-09-15 16:14:40.639,17335,17336,17335,1,-1
2021-09-15 16:15:01.994,17335,17336,17335,1,-1
2021-09-15 16:15:02.326,17335,17336,17336,2,2
2021-09-15 16:15:02.961,17335,17337,17335,1,-1
2021-09-15 16:15:08.066,17335,17336,17336,2,2
2021-09-15 16:15:08.459,17335,17336,17335,2,-2
2021-09-15 16:15:17.034,17335,17336,17335,1,-1
2021-09-15 16:15:31.313,17335,17336,17335,1,-1
2021-09-15 16:15:50.455,17335,17336,17335,12,-12
2021-09-15 16:16:00.474,17334,17335,17334,1,-1
2021-09-15 16:16:03.926,17334,17335,17335,1,1
2021-09-15 16:16:04.028,17334,17336,17336,1,1
2021-09-15 16:16:05.651,17334,17336,17336,1,1
2021-09-15 16:16:35.089,17335,17336,17336,1,1
2021-09-15 16:16:36.761,17335,17336,17335,1,-1
2021-09-15 16:16:36.778,17335,17336,17336,1,1
2021-09-15 16:16:36.778,17335,17336,17337,1,1
2021-09-15 16:16:36.778,17335,17336,17337,1,1
2021-09-15 16:16:36.778,17335,17336,17337,1,1
2021-09-15 16:16:36.778,17335,17336,17337,1,1
2021-09-15 16:16:36.778,17335,17336,17337,1,1
2021-09-15 16:16:36.779,17335,17336,17337,1,1
2021-09-15 16:16:53.076,17335,17337,17337,1,1
2021-09-15 16:16:53.153,17335,17337,17337,1,1
2021-09-15 16:16:53.153,17335,17337,17337,1,1
2021-09-15 16:17:05.076,17336,17337,17337,3,3
2021-09-15 16:17:05.076,17336,17337,17337,3,3
2021-09-15 16:17:05.153,17337,17338,17338,1,1
2021-09-15 16:17:15.074,17337,17338,17338,1,1
2021-09-15 16:17:21.085,17337,17338,17338,1,1
2021-09-15 16:17:32.676,17337,17338,17338,8,8
2021-09-15 16:17:45.119,17337,17338,17338,1,1
2021-09-15 16:17:57.917,17337,17338,17338,2,2
2021-09-15 16:18:05.647,17337,17338,17338,2,2
2021-09-15 16:18:14.372,17337,17338,17338,2,2
2021-09-15 16:18:26.701,17337,17338,17338,5,5
2021-09-15 16:18:53.054,17338,17339,17338,1,-1
2021-09-15 16:18:54.211,17338,17339,17338,1,-1
2021-09-15 16:18:58.367,17338,17339,17339,1,1
2021-09-15 16:19:00.082,17337,17339,17339,1,1
2021-09-15 16:19:00.153,17337,17339,17339,1,1
2021-09-15 16:19:11.283,17337,17339,17339,2,2
2021-09-15 16:19:37.255,17338,17339,17339,1,1
2021-09-15 16:19:37.278,17338,17339,17339,1,1
2021-09-15 16:19:37.278,17338,17339,17339,1,1
2021-09-15 16:19:37.278,17338,17339,17339,1,1
2021-09-15 16:19:37.278,17338,17339,17339,1,1
2021-09-15 16:19:37.279,17338,17339,17339,3,3
2021-09-15 16:19:37.279,17338,17339,17339,6,6
2021-09-15 16:19:37.279,17338,17339,17339,1,1
2021-09-15 16:19:37.279,17338,17339,17340,1,1
2021-09-15 16:19:37.280,17338,17339,17340,1,1
2021-09-15 16:19:37.280,17338,17339,17340,1,1
2021-09-15 16:19:37.499,17338,17340,17340,2,2
2021-09-15 16:19:44.884,17338,17340,17340,2,2
2021-09-15 16:19:45.665,17338,17340,17340,2,2
2021-09-15 16:19:48.640,17338,17340,17339,1,-1
2021-09-15 16:19:48.953,17338,17340,17339,2,-2
2021-09-15 16:19:49.786,17338,17340,17339,2,-2
2021-09-15 16:19:52.929,17338,17339,17339,1,1
2021-09-15 16:19:57.158,17338,17340,17340,1,1
2021-09-15 16:19:57.158,17338,17340,17340,2,2
2021-09-15 16:20:08.065,17338,17340,17340,4,4
2021-09-15 16:20:08.153,17338,17340,17340,1,1
2021-09-15 16:20:08.153,17338,17340,17340,1,1
2021-09-15 16:20:08.610,17338,17340,17340,2,2
2021-09-15 16:20:09.032,17338,17340,17340,2,2
2021-09-15 16:20:09.059,17338,17340,17340,2,2
2021-09-15 16:20:09.121,17338,17340,17340,2,2
2021-09-15 16:20:09.172,17338,17340,17340,2,2
2021-09-15 16:20:09.525,17338,17340,17340,6,6
2021-09-15 16:20:09.578,17338,17340,17341,2,2
2021-09-15 16:20:10.106,17339,17341,17341,4,4
2021-09-15 16:20:10.148,17339,17341,17341,4,4
2021-09-15 16:20:10.182,17339,17341,17341,1,1
2021-09-15 16:20:10.182,17339,17341,17342,1,1
2021-09-15 16:20:16.036,17340,17342,17340,1,-1
2021-09-15 16:20:17.628,17339,17342,17342,1,1
2021-09-15 16:20:22.372,17339,17342,17341,1,-1
2021-09-15 16:20:35.174,17341,17342,17341,1,-1
2021-09-15 16:20:35.174,17341,17342,17341,1,-1
2021-09-15 16:20:35.941,17340,17341,17341,1,1
2021-09-15 16:20:36.727,17340,17342,17340,1,-1
2021-09-15 16:20:37.777,17340,17342,17342,2,2
2021-09-15 16:20:37.851,17340,17342,17342,1,1
2021-09-15 16:20:38.409,17340,17342,17342,2,2
2021-09-15 16:20:38.895,17340,17342,17340,1,-1
2021-09-15 16:20:43.460,17341,17342,17341,1,1
2021-09-15 16:20:54.577,17341,17342,17341,1,-1
2021-09-15 16:20:58.511,17341,17342,17341,1,-1
2021-09-15 16:21:18.059,17339,17341,17341,1,1
2021-09-15 16:21:19.090,17339,17341,17341,2,2
2021-09-15 16:21:25.572,17339,17341,17341,2,2
2021-09-15 16:21:26.172,17339,17341,17341,2,2
2021-09-15 16:21:34.804,17339,17340,17340,3,3
2021-09-15 16:21:41.538,17339,17340,17340,3,3
2021-09-15 16:21:42.041,17339,17341,17340,1,-1
2021-09-15 16:22:01.855,17339,17340,17340,1,1
2021-09-15 16:22:13.051,17339,17340,17340,1,1
2021-09-15 16:22:17.445,17339,17340,17339,8,-8
2021-09-15 16:22:20.951,17338,17340,17340,1,1
2021-09-15 16:23:05.415,17338,17340,17340,10,10
2021-09-15 16:23:28.328,17338,17339,17339,1,1
2021-09-15 16:23:46.967,17338,17339,17339,1,1
2021-09-15 16:23:48.630,17338,17340,17338,6,-6
2021-09-15 16:23:57.590,17337,17338,17338,1,1
2021-09-15 16:24:03.717,17337,17338,17338,2,2
2021-09-15 16:24:03.737,17337,17338,17338,2,2
2021-09-15 16:24:20.845,17337,17339,17337,1,-1
2021-09-15 16:24:50.615,17337,17338,17337,1,-1
2021-09-15 16:24:56.108,17337,17338,17337,1,-1
2021-09-15 16:24:58.609,17337,17338,17337,1,-1
2021-09-15 16:24:59.467,17337,17338,17337,5,-5
2021-09-15 16:24:59.467,17337,17338,17337,1,-1
2021-09-15 16:25:15.922,17336,17337,17337,1,1
2021-09-15 16:25:28.863,17336,17337,17336,1,-1
2021-09-15 16:25:45.332,17335,17336,17335,1,-1
2021-09-15 16:25:45.430,17335,17336,17335,1,-1
2021-09-15 16:26:03.839,17335,17336,17335,1,-1
2021-09-15 16:26:04.695,17335,17336,17335,1,-1
2021-09-15 16:26:07.740,17335,17336,17335,2,-2
2021-09-15 16:26:23.572,17335,17336,17335,1,-1
2021-09-15 16:26:53.465,17335,17336,17336,3,3
2021-09-15 16:27:02.890,17336,17337,17337,1,1
2021-09-15 16:27:02.890,17336,17337,17337,2,2
2021-09-15 16:27:02.891,17336,17337,17337,2,2
2021-09-15 16:27:09.787,17336,17338,17338,2,2
2021-09-15 16:27:10.650,17337,17338,17338,2,2
2021-09-15 16:27:17.236,17337,17338,17337,1,-1
2021-09-15 16:27:17.237,17337,17338,17338,1,1
2021-09-15 16:27:27.014,17337,17339,17338,1,-1
2021-09-15 16:27:54.797,17338,17339,17339,1,1
2021-09-15 16:27:55.147,17338,17339,17338,3,-3
2021-09-15 16:28:06.964,17337,17338,17338,1,1
2021-09-15 16:28:22.823,17337,17338,17338,4,4
2021-09-15 16:28:22.823,17337,17338,17338,1,1
2021-09-15 16:28:22.823,17337,17338,17338,1,1
2021-09-15 16:28:35.309,17338,17339,17339,1,1
2021-09-15 16:28:48.018,17338,17339,17338,3,-3
2021-09-15 16:29:07.619,17338,17339,17338,1,-1
2021-09-15 16:29:22.547,17338,17339,17338,1,-1
2021-09-15 16:29:34.692,17338,17339,17339,1,1
2021-09-15 16:29:34.692,17338,17339,17339,1,1
2021-09-15 16:29:34.692,17338,17339,17339,2,2
2021-09-15 16:29:38.773,17339,17340,17340,1,1
2021-09-15 16:29:38.778,17339,17340,17340,5,5
2021-09-15 16:29:56.638,17340,17341,17340,1,-1
2021-09-15 16:29:58.594,17339,17341,17341,2,2
2021-09-15 16:30:09.491,17340,17341,17341,1,1
2021-09-15 16:30:09.491,17340,17341,17341,2,2
2021-09-15 16:30:09.492,17340,17341,17341,2,2
2021-09-15 16:30:14.368,17341,17342,17342,1,1
2021-09-15 16:30:14.369,17341,17342,17342,1,1
2021-09-15 16:30:14.435,17341,17342,17342,1,1
2021-09-15 16:30:14.435,17341,17342,17342,1,1
2021-09-15 16:30:14.694,17341,17342,17342,1,1
2021-09-15 16:30:14.694,17341,17342,17342,1,1
2021-09-15 16:30:23.175,17341,17342,17342,1,1
2021-09-15 16:30:23.936,17341,17342,17342,1,1
2021-09-15 16:30:24.473,17341,17342,17342,1,1
2021-09-15 16:30:24.676,17341,17342,17342,1,1
2021-09-15 16:30:25.171,17341,17342,17342,1,1
2021-09-15 16:30:26.854,17341,17342,17342,1,1
2021-09-15 16:30:32.435,17341,17342,17341,1,-1
2021-09-15 16:30:54.262,17341,17342,17341,2,-2
2021-09-15 16:30:54.304,17341,17342,17341,1,-1
2021-09-15 16:30:54.448,17341,17342,17341,1,-1
2021-09-15 16:30:56.130,17341,17342,17341,1,-1
2021-09-15 16:31:00.199,17340,17342,17341,1,-1
2021-09-15 16:31:04.249,17340,17341,17340,3,-3
2021-09-15 16:31:19.068,17340,17341,17340,1,-1
2021-09-15 16:31:24.308,17340,17341,17340,2,-2
2021-09-15 16:31:45.680,17340,17341,17340,2,-2
2021-09-15 16:32:04.264,17340,17341,17341,3,3
2021-09-15 16:32:04.264,17340,17341,17342,12,12
2021-09-15 16:32:04.264,17340,17341,17343,31,31
2021-09-15 16:32:04.266,17340,17341,17343,4,4
2021-09-15 16:32:04.266,17340,17341,17344,1,1
2021-09-15 16:32:04.267,17340,17341,17344,5,5
2021-09-15 16:32:05.013,17342,17344,17342,1,-1
2021-09-15 16:32:07.792,17342,17344,17344,32,32
2021-09-15 16:32:09.501,17344,17345,17345,1,1
2021-09-15 16:32:09.529,17344,17345,17345,1,1
2021-09-15 16:32:09.553,17344,17345,17345,1,1
2021-09-15 16:32:09.594,17344,17345,17345,2,2
2021-09-15 16:32:09.643,17344,17345,17345,2,2
2021-09-15 16:32:09.859,17344,17345,17345,1,1
2021-09-15 16:32:09.868,17344,17345,17345,2,2
2021-09-15 16:32:09.869,17344,17345,17345,6,6
2021-09-15 16:32:09.869,17344,17345,17345,5,5
2021-09-15 16:32:09.869,17344,17345,17345,1,1
2021-09-15 16:32:09.869,17344,17345,17345,10,10
2021-09-15 16:32:09.870,17344,17345,17345,3,3
2021-09-15 16:32:09.870,17344,17345,17345,5,5
2021-09-15 16:32:09.870,17344,17345,17345,12,12
2021-09-15 16:32:09.870,17344,17345,17345,2,2
2021-09-15 16:32:09.941,17345,17346,17346,1,1
2021-09-15 16:32:10.111,17345,17346,17346,1,1
2021-09-15 16:32:10.112,17345,17346,17346,1,1
2021-09-15 16:32:10.112,17345,17346,17346,5,5
2021-09-15 16:32:10.201,17346,17347,17346,1,-1
2021-09-15 16:32:10.264,17346,17347,17346,1,-1
2021-09-15 16:32:10.265,17346,17347,17346,1,-1
2021-09-15 16:32:10.847,17344,17346,17346,1,1
2021-09-15 16:32:11.395,17345,17347,17345,1,-1
2021-09-15 16:32:11.396,17345,17347,17346,1,1
2021-09-15 16:32:12.095,17345,17347,17347,1,1
2021-09-15 16:32:12.203,17346,17347,17347,1,1
2021-09-15 16:32:12.204,17346,17347,17347,1,1
2021-09-15 16:32:15.032,17346,17347,17347,19,19
2021-09-15 16:32:18.663,17347,17348,17348,2,2
2021-09-15 16:32:18.663,17347,17348,17348,1,1
2021-09-15 16:32:19.226,17347,17348,17348,1,1
2021-09-15 16:32:19.226,17347,17348,17348,1,1
2021-09-15 16:32:19.278,17347,17348,17348,1,1
2021-09-15 16:32:19.759,17347,17348,17348,1,1
2021-09-15 16:32:21.312,17347,17348,17347,3,-3
2021-09-15 16:32:21.312,17347,17348,17347,16,-16
2021-09-15 16:32:21.312,17347,17348,17347,1,-1
2021-09-15 16:32:21.313,17347,17348,17347,11,-11
2021-09-15 16:32:23.390,17345,17347,17347,1,1
2021-09-15 16:32:27.875,17345,17347,17347,1,1
2021-09-15 16:32:35.499,17345,17347,17345,1,-1
2021-09-15 16:32:37.242,17345,17346,17346,1,1
2021-09-15 16:32:41.572,17345,17347,17345,1,-1
2021-09-15 16:32:41.791,17345,17347,17345,1,-1
2021-09-15 16:32:47.365,17345,17346,17345,1,-1
2021-09-15 16:32:48.173,17345,17346,17346,1,1
2021-09-15 16:32:56.401,17345,17346,17345,1,-1
2021-09-15 16:33:00.201,17345,17346,17346,1,1
2021-09-15 16:33:00.279,17345,17346,17346,1,1
2021-09-15 16:33:00.280,17345,17346,17346,1,1
2021-09-15 16:33:00.280,17345,17346,17347,1,1
2021-09-15 16:33:04.367,17345,17347,17347,25,25
2021-09-15 16:33:04.402,17347,17348,17348,1,1
2021-09-15 16:33:04.403,17347,17348,17348,1,1
2021-09-15 16:33:04.403,17347,17348,17348,1,1
2021-09-15 16:33:04.403,17347,17348,17348,1,1
2021-09-15 16:33:04.403,17347,17348,17348,1,1
2021-09-15 16:33:04.403,17347,17348,17348,1,1
2021-09-15 16:33:06.906,17347,17348,17348,1,1
2021-09-15 16:33:07.505,17347,17348,17348,1,1
2021-09-15 16:33:07.527,17347,17348,17348,1,1
2021-09-15 16:33:07.527,17347,17348,17348,1,1
2021-09-15 16:33:07.527,17347,17348,17348,1,1
2021-09-15 16:33:07.528,17347,17348,17348,1,1
2021-09-15 16:33:07.528,17347,17348,17348,1,1
2021-09-15 16:33:07.528,17347,17348,17348,1,1
2021-09-15 16:33:07.528,17347,17348,17348,1,1
2021-09-15 16:33:07.528,17347,17348,17348,1,1
2021-09-15 16:33:07.528,17347,17348,17348,1,1
2021-09-15 16:33:07.528,17347,17348,17348,1,1
2021-09-15 16:33:07.528,17347,17348,17348,1,1
2021-09-15 16:33:07.528,17347,17348,17348,1,1
2021-09-15 16:33:07.528,17347,17348,17348,1,1
2021-09-15 16:33:07.528,17347,17348,17348,1,1
2021-09-15 16:33:07.528,17347,17348,17348,1,1
2021-09-15 16:33:07.528,17347,17348,17348,1,1
2021-09-15 16:33:07.528,17347,17348,17348,1,1
2021-09-15 16:33:07.529,17347,17348,17348,1,1
2021-09-15 16:33:07.529,17347,17348,17348,1,1
2021-09-15 16:33:07.529,17347,17348,17348,1,1
2021-09-15 16:33:07.529,17347,17348,17348,1,1
2021-09-15 16:33:07.529,17347,17348,17349,1,1
2021-09-15 16:33:07.529,17347,17348,17349,1,1
2021-09-15 16:33:08.058,17347,17349,17349,2,2
2021-09-15 16:33:09.428,17347,17349,17347,1,-1
2021-09-15 16:33:10.493,17347,17349,17349,1,1
2021-09-15 16:33:10.718,17347,17349,17349,16,16
2021-09-15 16:33:10.718,17347,17349,17350,34,34
2021-09-15 16:33:10.868,17348,17350,17350,2,2
2021-09-15 16:33:10.934,17348,17350,17348,1,-1
2021-09-15 16:33:11.307,17348,17350,17350,1,1
2021-09-15 16:33:12.600,17349,17350,17349,5,-5
2021-09-15 16:33:13.112,17348,17349,17348,1,-1
2021-09-15 16:33:17.957,17346,17348,17346,1,-1
2021-09-15 16:33:18.124,17346,17348,17347,1,1
2021-09-15 16:33:18.152,17346,17348,17348,1,1
2021-09-15 16:33:18.152,17346,17348,17348,1,1
2021-09-15 16:33:18.152,17346,17348,17348,1,1
2021-09-15 16:33:18.153,17346,17348,17348,1,1
2021-09-15 16:33:18.153,17346,17348,17348,1,1
2021-09-15 16:33:18.153,17346,17348,17348,1,1
2021-09-15 16:33:18.153,17346,17348,17348,1,1
2021-09-15 16:33:18.154,17346,17348,17348,1,1
2021-09-15 16:33:18.154,17346,17348,17348,1,1
2021-09-15 16:33:18.154,17346,17348,17348,1,1
2021-09-15 16:33:18.154,17346,17348,17348,1,1
2021-09-15 16:33:18.743,17346,17348,17348,1,1
2021-09-15 16:33:20.650,17346,17347,17346,5,-5
2021-09-15 16:33:22.025,17346,17347,17346,2,-2
2021-09-15 16:33:28.530,17345,17347,17347,1,1
2021-09-15 16:33:30.775,17346,17347,17346,1,-1
2021-09-15 16:33:30.902,17345,17347,17347,1,1
2021-09-15 16:33:30.902,17345,17347,17347,1,1
2021-09-15 16:33:30.902,17345,17347,17347,1,1
2021-09-15 16:33:30.902,17345,17347,17347,1,1
2021-09-15 16:33:30.902,17345,17347,17347,1,1
2021-09-15 16:33:30.902,17345,17347,17347,1,1
2021-09-15 16:33:30.903,17345,17347,17347,1,1
2021-09-15 16:33:30.903,17345,17347,17347,1,1
2021-09-15 16:33:30.903,17345,17347,17347,1,1
2021-09-15 16:33:30.903,17345,17347,17347,1,1
2021-09-15 16:33:38.542,17346,17347,17346,1,-1
2021-09-15 16:33:40.049,17345,17347,17346,1,-1
2021-09-15 16:33:40.152,17345,17347,17347,1,1
2021-09-15 16:33:40.153,17345,17347,17347,1,1
2021-09-15 16:33:40.153,17345,17347,17347,1,1
2021-09-15 16:33:40.153,17345,17347,17347,1,1
2021-09-15 16:33:40.153,17345,17347,17347,1,1
2021-09-15 16:33:40.154,17345,17347,17347,1,1
2021-09-15 16:33:40.154,17345,17347,17347,1,1
2021-09-15 16:33:40.155,17345,17347,17347,1,1
2021-09-15 16:33:40.155,17345,17347,17348,1,1
2021-09-15 16:33:40.155,17345,17347,17348,1,1
2021-09-15 16:33:40.155,17345,17347,17348,1,1
2021-09-15 16:33:40.155,17345,17347,17348,1,1
2021-09-15 16:33:40.155,17345,17347,17348,1,1
2021-09-15 16:33:43.309,17346,17347,17346,1,-1
2021-09-15 16:33:49.519,17345,17346,17346,1,1
2021-09-15 16:33:50.652,17346,17347,17347,4,4
2021-09-15 16:33:50.964,17346,17348,17348,1,1
2021-09-15 16:33:57.844,17346,17347,17347,1,1
2021-09-15 16:33:59.839,17346,17348,17348,1,1
2021-09-15 16:33:59.903,17346,17348,17348,1,1
2021-09-15 16:34:06.613,17347,17348,17348,6,6
2021-09-15 16:34:12.634,17347,17348,17347,1,-1
2021-09-15 16:34:14.311,17346,17348,17348,2,2
2021-09-15 16:34:27.831,17346,17347,17347,1,1
2021-09-15 16:34:27.831,17346,17347,17348,1,1
2021-09-15 16:34:36.068,17346,17347,17347,1,1
2021-09-15 16:34:39.412,17346,17348,17347,1,-1
2021-09-15 16:34:45.284,17346,17348,17348,2,2
2021-09-15 16:34:45.815,17346,17348,17348,2,2
2021-09-15 16:34:47.679,17346,17347,17347,2,2
2021-09-15 16:34:48.055,17346,17347,17347,2,2
2021-09-15 16:34:48.424,17346,17348,17348,2,2
2021-09-15 16:34:49.704,17346,17348,17347,2,-2
2021-09-15 16:34:50.082,17346,17348,17348,2,2
2021-09-15 16:34:52.201,17347,17348,17348,2,2
2021-09-15 16:34:53.826,17347,17348,17348,2,2
2021-09-15 16:34:56.935,17347,17349,17347,1,-1
2021-09-15 16:34:57.429,17347,17348,17347,1,-1
2021-09-15 16:34:58.147,17346,17348,17347,2,-2
2021-09-15 16:34:58.617,17346,17348,17348,6,6
2021-09-15 16:34:58.654,17346,17349,17348,2,-2
2021-09-15 16:34:59.215,17346,17348,17348,1,1
2021-09-15 16:34:59.217,17346,17348,17348,1,1
2021-09-15 16:34:59.694,17346,17348,17348,2,2
2021-09-15 16:35:00.136,17346,17348,17348,2,2
2021-09-15 16:35:02.187,17347,17349,17349,1,1
2021-09-15 16:35:09.983,17347,17348,17348,1,1
2021-09-15 16:35:13.986,17347,17348,17348,2,2
2021-09-15 16:35:13.986,17347,17348,17349,16,16
2021-09-15 16:35:17.408,17347,17349,17349,1,1
2021-09-15 16:35:18.783,17347,17349,17349,4,4
2021-09-15 16:35:18.783,17347,17349,17350,40,40
2021-09-15 16:35:18.907,17348,17350,17348,1,-1
2021-09-15 16:35:19.948,17348,17350,17348,1,-1
2021-09-15 16:35:20.314,17348,17350,17348,1,-1
2021-09-15 16:35:24.872,17347,17349,17348,1,-1
