2021-06-07 15:00:00.024,17120,17121,17120,111
2021-06-07 15:00:00.248,17115,17117,17117,3
2021-06-07 15:00:00.248,17115,17117,17120,1
2021-06-07 15:00:00.264,17115,17117,17115,1
2021-06-07 15:00:00.264,17115,17117,17114,2
2021-06-07 15:00:00.264,17115,17117,17113,1
2021-06-07 15:00:00.275,17115,17117,17113,2
2021-06-07 15:00:00.275,17115,17117,17112,3
2021-06-07 15:00:00.307,17115,17117,17112,5
2021-06-07 15:00:00.307,17115,17117,17111,5
2021-06-07 15:00:00.372,17111,17121,17112,1
2021-06-07 15:00:00.373,17111,17121,17116,1
2021-06-07 15:00:00.389,17111,17121,17114,1
2021-06-07 15:00:00.429,17111,17121,17117,1
2021-06-07 15:00:00.429,17111,17121,17118,1
2021-06-07 15:00:00.429,17111,17121,17119,1
2021-06-07 15:00:00.429,17111,17121,17120,2
2021-06-07 15:00:00.429,17111,17121,17121,1
2021-06-07 15:00:00.461,17115,17120,17120,1
2021-06-07 15:00:00.536,17115,17120,17115,1
2021-06-07 15:00:00.549,17115,17120,17116,1
2021-06-07 15:00:00.557,17115,17120,17115,1
2021-06-07 15:00:00.604,17114,17117,17116,1
2021-06-07 15:00:00.604,17114,17117,17117,1
2021-06-07 15:00:00.608,17114,17117,17117,2
2021-06-07 15:00:00.608,17114,17117,17118,2
2021-06-07 15:00:00.736,17115,17117,17117,1
2021-06-07 15:00:00.758,17115,17117,17117,1
2021-06-07 15:00:00.789,17115,17117,17117,1
2021-06-07 15:00:00.842,17115,17117,17115,1
2021-06-07 15:00:00.888,17115,17117,17114,1
2021-06-07 15:00:01.004,17113,17116,17113,1
2021-06-07 15:00:01.047,17113,17116,17115,1
2021-06-07 15:00:01.047,17113,17116,17116,1
2021-06-07 15:00:01.047,17113,17116,17117,1
2021-06-07 15:00:01.047,17113,17116,17118,1
2021-06-07 15:00:01.127,17114,17116,17114,1
2021-06-07 15:00:01.170,17114,17116,17113,1
2021-06-07 15:00:01.170,17114,17116,17112,1
2021-06-07 15:00:01.170,17114,17116,17111,6
2021-06-07 15:00:01.170,17114,17116,17110,3
2021-06-07 15:00:01.170,17114,17116,17109,3
2021-06-07 15:00:01.300,17109,17115,17112,1
2021-06-07 15:00:01.339,17112,17114,17112,1
2021-06-07 15:00:01.369,17112,17114,17113,1
2021-06-07 15:00:01.393,17112,17114,17109,2
2021-06-07 15:00:01.543,17109,17112,17109,1
2021-06-07 15:00:01.585,17107,17110,17110,1
2021-06-07 15:00:01.618,17107,17110,17110,1
2021-06-07 15:00:01.709,17109,17111,17111,1
2021-06-07 15:00:01.802,17109,17111,17111,1
2021-06-07 15:00:01.834,17109,17112,17112,1
2021-06-07 15:00:01.842,17109,17112,17112,1
2021-06-07 15:00:01.842,17109,17112,17113,1
2021-06-07 15:00:01.842,17109,17112,17114,2
2021-06-07 15:00:02.085,17111,17112,17112,1
2021-06-07 15:00:02.289,17111,17113,17111,1
2021-06-07 15:00:02.599,17109,17113,17109,1
2021-06-07 15:00:02.813,17107,17113,17108,1
2021-06-07 15:00:02.841,17107,17113,17112,1
2021-06-07 15:00:02.916,17107,17113,17110,1
2021-06-07 15:00:02.959,17109,17112,17112,1
2021-06-07 15:00:03.031,17109,17112,17109,1
2021-06-07 15:00:03.084,17110,17113,17113,4
2021-06-07 15:00:03.209,17111,17114,17114,2
2021-06-07 15:00:03.250,17111,17114,17114,1
2021-06-07 15:00:03.563,17111,17114,17112,1
2021-06-07 15:00:03.563,17111,17114,17111,1
2021-06-07 15:00:03.682,17111,17114,17114,1
2021-06-07 15:00:03.979,17111,17113,17111,1
2021-06-07 15:00:04.132,17111,17112,17112,1
2021-06-07 15:00:04.658,17111,17112,17111,1
2021-06-07 15:00:04.661,17111,17112,17112,3
2021-06-07 15:00:04.986,17110,17111,17111,1
2021-06-07 15:00:05.057,17110,17111,17110,1
2021-06-07 15:00:05.568,17110,17111,17110,1
2021-06-07 15:00:05.801,17108,17109,17108,1
2021-06-07 15:00:06.001,17108,17109,17108,1
2021-06-07 15:00:06.224,17108,17109,17109,1
2021-06-07 15:00:06.226,17108,17109,17109,1
2021-06-07 15:00:06.601,17106,17109,17106,1
2021-06-07 15:00:06.602,17106,17109,17106,3
2021-06-07 15:00:07.264,17104,17107,17107,1
2021-06-07 15:00:07.394,17104,17107,17107,1
2021-06-07 15:00:08.477,17104,17107,17107,1
2021-06-07 15:00:08.507,17104,17107,17107,1
2021-06-07 15:00:08.613,17104,17107,17107,1
2021-06-07 15:00:08.746,17104,17107,17107,1
2021-06-07 15:00:09.024,17105,17107,17105,1
2021-06-07 15:00:09.141,17104,17107,17104,1
2021-06-07 15:00:09.279,17104,17107,17107,1
2021-06-07 15:00:09.279,17104,17107,17108,2
2021-06-07 15:00:10.311,17105,17107,17107,1
2021-06-07 15:00:10.347,17105,17108,17108,1
2021-06-07 15:00:10.497,17106,17108,17106,1
2021-06-07 15:00:11.442,17106,17107,17106,1
2021-06-07 15:00:11.617,17106,17107,17106,1
2021-06-07 15:00:12.001,17105,17106,17106,1
2021-06-07 15:00:12.452,17105,17107,17107,1
2021-06-07 15:00:12.949,17105,17106,17106,1
2021-06-07 15:00:13.441,17105,17107,17105,1
2021-06-07 15:00:13.777,17105,17107,17107,2
2021-06-07 15:00:13.777,17105,17107,17108,3
2021-06-07 15:00:14.069,17106,17108,17106,1
2021-06-07 15:00:14.682,17105,17108,17108,5
2021-06-07 15:00:14.776,17105,17109,17105,2
2021-06-07 15:00:15.459,17107,17108,17107,1
2021-06-07 15:00:15.558,17107,17108,17108,1
2021-06-07 15:00:15.606,17105,17108,17108,1
2021-06-07 15:00:16.464,17106,17108,17108,1
2021-06-07 15:00:16.633,17107,17109,17107,1
2021-06-07 15:00:17.187,17107,17108,17107,1
2021-06-07 15:00:17.496,17105,17108,17105,2
2021-06-07 15:00:17.751,17105,17108,17107,1
2021-06-07 15:00:18.711,17106,17107,17106,2
2021-06-07 15:00:18.837,17105,17108,17108,4
2021-06-07 15:00:19.237,17106,17108,17108,1
2021-06-07 15:00:19.345,17106,17108,17108,2
2021-06-07 15:00:19.459,17107,17108,17107,1
2021-06-07 15:00:19.580,17107,17108,17107,1
2021-06-07 15:00:20.364,17106,17108,17108,1
2021-06-07 15:00:20.472,17107,17108,17108,2
2021-06-07 15:00:20.472,17107,17108,17108,1
2021-06-07 15:00:21.131,17107,17108,17108,3
2021-06-07 15:00:21.132,17107,17108,17108,1
2021-06-07 15:00:21.132,17107,17108,17108,1
2021-06-07 15:00:21.234,17107,17109,17108,1
2021-06-07 15:00:21.331,17107,17109,17108,4
2021-06-07 15:00:21.732,17107,17109,17108,1
2021-06-07 15:00:22.583,17107,17108,17108,1
2021-06-07 15:00:22.645,17107,17109,17109,1
2021-06-07 15:00:22.851,17108,17109,17108,1
2021-06-07 15:00:22.852,17108,17109,17108,1
2021-06-07 15:00:22.852,17108,17109,17108,1
2021-06-07 15:00:23.148,17107,17108,17109,5
2021-06-07 15:00:23.149,17107,17108,17109,1
2021-06-07 15:00:23.183,17107,17108,17108,1
2021-06-07 15:00:23.209,17107,17109,17107,1
2021-06-07 15:00:23.297,17107,17109,17109,5
2021-06-07 15:00:23.691,17107,17109,17107,5
2021-06-07 15:00:23.692,17107,17109,17107,2
2021-06-07 15:00:24.016,17106,17109,17108,1
2021-06-07 15:00:24.499,17106,17108,17108,1
2021-06-07 15:00:24.499,17106,17108,17110,4
2021-06-07 15:00:24.566,17106,17108,17108,1
2021-06-07 15:00:25.293,17107,17109,17107,4
2021-06-07 15:00:25.294,17107,17109,17106,3
2021-06-07 15:00:25.499,17105,17107,17107,1
2021-06-07 15:00:25.829,17106,17109,17107,1
2021-06-07 15:00:25.829,17106,17109,17108,4
2021-06-07 15:00:25.929,17106,17108,17106,1
2021-06-07 15:00:26.040,17106,17108,17108,3
2021-06-07 15:00:26.168,17106,17108,17108,1
2021-06-07 15:00:26.169,17106,17108,17108,1
2021-06-07 15:00:26.271,17106,17108,17108,1
2021-06-07 15:00:27.078,17106,17107,17106,2
2021-06-07 15:00:27.334,17105,17107,17107,4
2021-06-07 15:00:27.334,17105,17107,17108,1
2021-06-07 15:00:28.349,17105,17106,17106,1
2021-06-07 15:00:28.681,17105,17106,17105,1
2021-06-07 15:00:28.682,17105,17106,17105,6
2021-06-07 15:00:28.745,17105,17106,17105,7
2021-06-07 15:00:28.745,17105,17106,17104,5
2021-06-07 15:00:28.758,17105,17106,17105,1
2021-06-07 15:00:29.132,17103,17105,17105,1
2021-06-07 15:00:29.189,17103,17105,17105,3
2021-06-07 15:00:29.189,17103,17105,17106,2
2021-06-07 15:00:29.332,17103,17106,17105,1
2021-06-07 15:00:29.677,17103,17105,17103,1
2021-06-07 15:00:29.984,17102,17104,17104,1
2021-06-07 15:00:29.984,17102,17104,17105,1
2021-06-07 15:00:30.194,17103,17105,17104,1
2021-06-07 15:00:30.349,17103,17106,17103,1
2021-06-07 15:00:30.393,17103,17106,17103,1
2021-06-07 15:00:30.433,17103,17106,17106,1
2021-06-07 15:00:30.725,17103,17104,17104,1
2021-06-07 15:00:31.134,17103,17105,17104,1
2021-06-07 15:00:31.247,17103,17105,17105,1
2021-06-07 15:00:31.523,17103,17105,17103,1
2021-06-07 15:00:32.073,17102,17104,17104,1
2021-06-07 15:00:32.762,17102,17103,17102,2
2021-06-07 15:00:33.370,17102,17103,17102,1
2021-06-07 15:00:33.488,17102,17103,17102,3
2021-06-07 15:00:33.488,17102,17103,17102,1
2021-06-07 15:00:34.354,17101,17102,17102,1
2021-06-07 15:00:34.433,17101,17102,17101,7
2021-06-07 15:00:34.462,17100,17102,17100,1
2021-06-07 15:00:34.873,17100,17102,17102,3
2021-06-07 15:00:35.049,17100,17103,17103,3
2021-06-07 15:00:35.627,17101,17103,17103,1
2021-06-07 15:00:35.664,17101,17103,17102,1
2021-06-07 15:00:36.513,17101,17103,17101,3
2021-06-07 15:00:36.557,17101,17103,17103,1
2021-06-07 15:00:37.290,17101,17103,17101,5
2021-06-07 15:00:37.769,17101,17102,17102,1
2021-06-07 15:00:38.335,17102,17103,17102,1
2021-06-07 15:00:39.088,17100,17103,17103,4
2021-06-07 15:00:40.132,17101,17103,17101,1
2021-06-07 15:00:41.613,17101,17102,17101,1
2021-06-07 15:00:41.613,17101,17102,17101,1
2021-06-07 15:00:41.614,17101,17102,17101,1
2021-06-07 15:00:41.614,17101,17102,17101,3
2021-06-07 15:00:41.884,17100,17101,17101,1
2021-06-07 15:00:42.060,17100,17102,17102,4
2021-06-07 15:00:42.870,17100,17101,17100,1
2021-06-07 15:00:42.885,17100,17101,17100,2
2021-06-07 15:00:42.886,17100,17101,17100,3
2021-06-07 15:00:43.155,17100,17101,17101,1
2021-06-07 15:00:43.801,17100,17101,17101,1
2021-06-07 15:00:44.429,17100,17101,17101,1
2021-06-07 15:00:45.192,17100,17101,17101,1
2021-06-07 15:00:46.381,17100,17101,17101,1
2021-06-07 15:00:46.385,17100,17101,17100,1
2021-06-07 15:00:46.899,17100,17101,17101,1
2021-06-07 15:00:46.965,17100,17101,17101,1
2021-06-07 15:00:46.991,17100,17101,17102,1
2021-06-07 15:00:47.203,17100,17102,17102,2
2021-06-07 15:00:47.236,17101,17102,17101,1
2021-06-07 15:00:47.467,17100,17101,17101,1
2021-06-07 15:00:48.510,17101,17102,17101,2
2021-06-07 15:00:50.469,17101,17102,17102,1
2021-06-07 15:00:50.470,17101,17102,17102,2
2021-06-07 15:00:50.470,17101,17102,17102,7
2021-06-07 15:00:50.748,17102,17103,17103,1
2021-06-07 15:00:50.749,17102,17103,17103,1
2021-06-07 15:00:50.749,17102,17103,17103,3
2021-06-07 15:00:50.749,17102,17103,17103,2
2021-06-07 15:00:50.749,17102,17103,17103,1
2021-06-07 15:00:50.749,17102,17103,17103,1
2021-06-07 15:00:50.749,17102,17103,17103,2
2021-06-07 15:00:51.424,17102,17104,17104,3
2021-06-07 15:00:51.425,17102,17104,17104,2
2021-06-07 15:00:52.657,17104,17105,17105,1
2021-06-07 15:00:52.702,17104,17105,17105,4
2021-06-07 15:00:52.702,17104,17105,17106,6
2021-06-07 15:00:53.143,17106,17107,17107,1
2021-06-07 15:00:56.908,17104,17106,17104,2
2021-06-07 15:00:56.975,17104,17106,17104,1
2021-06-07 15:00:57.082,17104,17106,17103,1
2021-06-07 15:00:57.100,17103,17106,17103,1
2021-06-07 15:00:57.601,17103,17106,17103,1
2021-06-07 15:00:59.711,17104,17107,17107,6
2021-06-07 15:00:59.711,17104,17107,17108,7
2021-06-07 15:00:59.711,17104,17107,17109,5
2021-06-07 15:00:59.711,17104,17107,17110,2
2021-06-07 15:00:59.760,17104,17107,17108,1
2021-06-07 15:00:59.761,17104,17107,17108,1
2021-06-07 15:01:00.159,17107,17109,17109,1
2021-06-07 15:01:00.214,17108,17110,17110,1
2021-06-07 15:01:00.597,17107,17110,17107,1
2021-06-07 15:01:00.702,17107,17110,17106,1
2021-06-07 15:01:00.856,17106,17109,17106,1
2021-06-07 15:01:01.023,17106,17108,17106,1
2021-06-07 15:01:01.033,17106,17108,17105,1
2021-06-07 15:01:01.068,17106,17108,17104,1
2021-06-07 15:01:01.086,17104,17107,17107,1
2021-06-07 15:01:01.086,17104,17107,17107,1
2021-06-07 15:01:01.086,17104,17107,17108,1
2021-06-07 15:01:01.086,17104,17107,17108,1
2021-06-07 15:01:01.086,17104,17107,17108,1
2021-06-07 15:01:01.087,17104,17107,17108,1
2021-06-07 15:01:01.087,17104,17107,17108,1
2021-06-07 15:01:01.087,17104,17107,17108,1
2021-06-07 15:01:01.087,17104,17107,17108,1
2021-06-07 15:01:01.087,17104,17107,17109,1
2021-06-07 15:01:01.088,17104,17107,17109,1
2021-06-07 15:01:01.149,17104,17107,17106,1
2021-06-07 15:01:01.808,17106,17109,17109,1
2021-06-07 15:01:02.736,17107,17108,17107,3
2021-06-07 15:01:02.736,17107,17108,17106,3
2021-06-07 15:01:04.535,17105,17107,17105,2
2021-06-07 15:01:05.120,17104,17107,17107,1
2021-06-07 15:01:05.436,17104,17107,17104,1
2021-06-07 15:01:05.454,17104,17107,17104,1
2021-06-07 15:01:05.489,17104,17107,17104,1
2021-06-07 15:01:06.038,17104,17106,17106,1
2021-06-07 15:01:07.583,17104,17106,17105,1
2021-06-07 15:01:07.586,17104,17106,17106,1
2021-06-07 15:01:07.586,17104,17106,17107,1
2021-06-07 15:01:07.586,17104,17106,17107,1
2021-06-07 15:01:07.587,17104,17106,17107,1
2021-06-07 15:01:07.588,17104,17106,17107,1
2021-06-07 15:01:07.588,17104,17106,17107,1
2021-06-07 15:01:07.588,17104,17106,17107,1
2021-06-07 15:01:07.620,17104,17106,17107,1
2021-06-07 15:01:08.291,17105,17106,17106,1
2021-06-07 15:01:09.334,17105,17106,17105,3
2021-06-07 15:01:09.459,17104,17106,17104,9
2021-06-07 15:01:09.523,17104,17106,17105,1
2021-06-07 15:01:09.720,17105,17106,17105,1
2021-06-07 15:01:11.465,17105,17106,17105,1
2021-06-07 15:01:11.465,17105,17106,17105,1
2021-06-07 15:01:11.904,17104,17106,17104,1
2021-06-07 15:01:12.756,17103,17106,17106,2
2021-06-07 15:01:14.045,17104,17106,17104,1
2021-06-07 15:01:16.652,17104,17105,17104,3
2021-06-07 15:01:18.264,17104,17105,17105,1
2021-06-07 15:01:18.336,17104,17105,17105,1
2021-06-07 15:01:18.336,17104,17105,17105,1
2021-06-07 15:01:18.336,17104,17105,17105,1
2021-06-07 15:01:18.336,17104,17105,17106,1
2021-06-07 15:01:18.336,17104,17105,17106,1
2021-06-07 15:01:18.336,17104,17105,17106,1
2021-06-07 15:01:18.336,17104,17105,17106,1
2021-06-07 15:01:18.337,17104,17105,17106,1
2021-06-07 15:01:18.337,17104,17105,17106,1
2021-06-07 15:01:18.763,17105,17106,17106,1
2021-06-07 15:01:18.763,17105,17106,17107,1
2021-06-07 15:01:19.800,17105,17107,17105,1
2021-06-07 15:01:24.186,17105,17106,17106,1
2021-06-07 15:01:25.024,17105,17107,17107,1
2021-06-07 15:01:26.246,17105,17107,17105,1
2021-06-07 15:01:27.745,17105,17107,17105,1
2021-06-07 15:01:27.825,17105,17107,17104,2
2021-06-07 15:01:27.837,17104,17106,17106,1
2021-06-07 15:01:27.837,17104,17106,17107,1
2021-06-07 15:01:27.837,17104,17106,17107,1
2021-06-07 15:01:27.838,17104,17106,17107,1
2021-06-07 15:01:27.838,17104,17106,17107,1
2021-06-07 15:01:27.839,17104,17106,17107,1
2021-06-07 15:01:27.839,17104,17106,17107,1
2021-06-07 15:01:27.840,17104,17106,17108,1
2021-06-07 15:01:27.840,17104,17106,17108,1
2021-06-07 15:01:29.060,17106,17108,17108,1
2021-06-07 15:01:30.302,17106,17107,17106,1
2021-06-07 15:01:30.663,17105,17107,17107,2
2021-06-07 15:01:34.032,17106,17107,17107,2
2021-06-07 15:01:34.043,17106,17107,17106,1
2021-06-07 15:01:36.605,17105,17107,17107,2
2021-06-07 15:01:36.644,17105,17107,17108,4
2021-06-07 15:01:38.287,17106,17107,17106,1
2021-06-07 15:01:38.337,17105,17107,17107,1
2021-06-07 15:01:38.340,17105,17107,17107,1
2021-06-07 15:01:39.026,17106,17108,17108,5
2021-06-07 15:01:39.130,17106,17108,17106,2
2021-06-07 15:01:39.201,17106,17108,17108,4
2021-06-07 15:01:39.873,17107,17108,17107,1
2021-06-07 15:01:41.903,17106,17107,17106,4
2021-06-07 15:01:48.018,17106,17107,17107,1
2021-06-07 15:01:49.034,17106,17107,17106,2
2021-06-07 15:01:49.086,17105,17107,17107,1
2021-06-07 15:01:50.836,17106,17107,17106,4
2021-06-07 15:01:51.317,17105,17106,17105,1
2021-06-07 15:01:51.318,17105,17106,17105,2
2021-06-07 15:01:51.318,17105,17106,17105,1
2021-06-07 15:01:51.318,17105,17106,17105,8
2021-06-07 15:01:51.495,17104,17105,17105,1
2021-06-07 15:01:51.817,17104,17106,17104,5
2021-06-07 15:01:52.123,17103,17104,17104,1
2021-06-07 15:01:52.328,17103,17104,17103,13
2021-06-07 15:01:52.328,17103,17104,17102,2
2021-06-07 15:01:52.386,17102,17104,17104,5
2021-06-07 15:01:54.416,17103,17104,17104,3
2021-06-07 15:01:55.723,17103,17104,17104,1
2021-06-07 15:01:58.788,17104,17106,17104,1
2021-06-07 15:01:59.122,17104,17106,17106,5
2021-06-07 15:01:59.991,17104,17106,17104,1
2021-06-07 15:02:00.123,17104,17106,17106,1
2021-06-07 15:02:01.203,17105,17106,17105,2
2021-06-07 15:02:01.445,17104,17105,17105,3
2021-06-07 15:02:01.984,17104,17105,17104,1
2021-06-07 15:02:03.891,17104,17105,17104,1
2021-06-07 15:02:04.390,17104,17105,17105,1
2021-06-07 15:02:06.667,17104,17105,17105,3
2021-06-07 15:02:06.951,17104,17105,17105,1
2021-06-07 15:02:06.951,17104,17105,17105,2
2021-06-07 15:02:06.951,17104,17105,17105,2
2021-06-07 15:02:07.082,17105,17106,17106,1
2021-06-07 15:02:07.704,17104,17106,17106,4
2021-06-07 15:02:07.704,17104,17106,17107,1
2021-06-07 15:02:08.621,17105,17107,17106,1
2021-06-07 15:02:10.617,17105,17106,17105,8
2021-06-07 15:02:11.070,17104,17105,17105,1
2021-06-07 15:02:12.521,17104,17105,17105,1
2021-06-07 15:02:14.375,17104,17105,17105,1
2021-06-07 15:02:21.863,17104,17105,17104,1
2021-06-07 15:02:22.460,17104,17105,17104,3
2021-06-07 15:02:22.902,17103,17104,17104,3
2021-06-07 15:02:26.478,17103,17104,17104,1
2021-06-07 15:02:26.938,17103,17104,17104,1
2021-06-07 15:02:30.787,17104,17105,17104,1
2021-06-07 15:02:32.484,17104,17105,17105,1
2021-06-07 15:02:33.316,17104,17105,17105,2
2021-06-07 15:02:36.045,17105,17106,17106,5
2021-06-07 15:02:37.373,17105,17106,17106,1
2021-06-07 15:02:37.374,17105,17106,17106,5
2021-06-07 15:02:37.374,17105,17106,17106,2
2021-06-07 15:02:37.374,17105,17106,17106,1
2021-06-07 15:02:39.038,17106,17107,17106,1
2021-06-07 15:02:40.208,17106,17107,17107,1
2021-06-07 15:02:40.875,17106,17107,17107,10
2021-06-07 15:02:40.951,17106,17107,17108,5
2021-06-07 15:02:40.960,17107,17108,17108,11
2021-06-07 15:02:44.463,17108,17109,17108,1
2021-06-07 15:02:45.915,17108,17109,17108,1
2021-06-07 15:02:46.784,17107,17108,17107,1
2021-06-07 15:02:46.905,17107,17108,17108,2
2021-06-07 15:02:46.905,17107,17108,17109,3
2021-06-07 15:02:47.060,17107,17109,17108,1
2021-06-07 15:02:47.685,17107,17108,17107,2
2021-06-07 15:02:47.686,17107,17108,17107,1
2021-06-07 15:02:48.299,17107,17108,17107,1
2021-06-07 15:02:48.585,17106,17107,17107,1
2021-06-07 15:02:48.904,17106,17108,17108,1
2021-06-07 15:02:50.511,17106,17108,17108,4
2021-06-07 15:02:51.870,17107,17108,17108,1
2021-06-07 15:02:52.647,17107,17108,17107,1
2021-06-07 15:02:53.777,17106,17108,17108,1
2021-06-07 15:02:53.934,17106,17108,17108,4
2021-06-07 15:02:53.934,17106,17108,17109,1
2021-06-07 15:02:54.684,17108,17109,17108,1
2021-06-07 15:02:56.401,17108,17109,17108,1
2021-06-07 15:02:58.475,17107,17108,17107,1
2021-06-07 15:02:58.789,17107,17108,17107,1
2021-06-07 15:02:59.618,17107,17108,17108,1
2021-06-07 15:02:59.978,17107,17108,17107,1
2021-06-07 15:03:06.834,17107,17108,17108,1
2021-06-07 15:03:06.868,17107,17108,17108,1
2021-06-07 15:03:06.869,17107,17108,17108,2
2021-06-07 15:03:07.630,17107,17109,17109,1
2021-06-07 15:03:07.800,17107,17109,17109,5
2021-06-07 15:03:07.801,17107,17109,17109,3
2021-06-07 15:03:10.120,17108,17109,17109,5
2021-06-07 15:03:13.107,17108,17110,17110,1
2021-06-07 15:03:13.393,17108,17110,17110,22
2021-06-07 15:03:13.393,17108,17110,17111,4
2021-06-07 15:03:15.933,17108,17110,17110,1
2021-06-07 15:03:17.386,17108,17110,17110,1
2021-06-07 15:03:17.847,17108,17110,17110,3
2021-06-07 15:03:18.052,17108,17110,17110,5
2021-06-07 15:03:18.754,17109,17111,17111,1
2021-06-07 15:03:20.181,17109,17110,17110,1
2021-06-07 15:03:20.181,17109,17110,17111,2
2021-06-07 15:03:20.517,17109,17111,17111,5
2021-06-07 15:03:21.059,17109,17112,17112,5
2021-06-07 15:03:21.061,17109,17112,17112,2
2021-06-07 15:03:21.061,17109,17112,17112,4
2021-06-07 15:03:22.348,17111,17112,17111,1
2021-06-07 15:03:22.462,17110,17112,17111,1
2021-06-07 15:03:23.544,17111,17112,17112,1
2021-06-07 15:03:24.009,17111,17113,17113,1
2021-06-07 15:03:24.118,17111,17113,17113,2
2021-06-07 15:03:24.584,17111,17113,17113,2
2021-06-07 15:03:25.050,17111,17113,17111,1
2021-06-07 15:03:25.828,17111,17112,17112,1
2021-06-07 15:03:25.828,17111,17112,17113,4
2021-06-07 15:03:25.836,17112,17113,17112,1
2021-06-07 15:03:27.085,17110,17112,17112,1
2021-06-07 15:03:27.724,17111,17112,17111,1
2021-06-07 15:03:32.619,17111,17112,17111,1
2021-06-07 15:03:32.659,17111,17112,17110,6
2021-06-07 15:03:32.711,17109,17111,17111,1
2021-06-07 15:03:33.484,17109,17110,17109,1
2021-06-07 15:03:37.385,17108,17110,17110,1
2021-06-07 15:03:39.545,17108,17110,17110,3
2021-06-07 15:03:39.546,17108,17110,17110,1
2021-06-07 15:03:39.546,17108,17110,17110,1
2021-06-07 15:03:41.031,17109,17110,17110,2
2021-06-07 15:03:43.782,17109,17110,17109,1
2021-06-07 15:03:43.844,17109,17110,17109,1
2021-06-07 15:03:44.938,17108,17109,17109,3
2021-06-07 15:03:44.938,17108,17109,17110,2
2021-06-07 15:03:52.100,17109,17110,17110,1
2021-06-07 15:03:56.952,17109,17110,17109,1
2021-06-07 15:04:00.886,17108,17109,17108,1
2021-06-07 15:04:00.888,17108,17109,17108,3
2021-06-07 15:04:00.888,17108,17109,17108,1
2021-06-07 15:04:00.889,17108,17109,17108,1
2021-06-07 15:04:00.889,17108,17109,17108,1
2021-06-07 15:04:04.423,17108,17109,17109,2
2021-06-07 15:04:05.655,17108,17110,17110,5
2021-06-07 15:04:05.658,17108,17110,17110,3
2021-06-07 15:04:08.407,17110,17111,17110,2
2021-06-07 15:04:09.271,17110,17111,17111,1
2021-06-07 15:04:09.271,17110,17111,17111,3
2021-06-07 15:04:09.271,17110,17111,17111,1
2021-06-07 15:04:10.503,17111,17112,17112,1
2021-06-07 15:04:10.503,17111,17112,17112,1
2021-06-07 15:04:10.503,17111,17112,17112,1
2021-06-07 15:04:10.503,17111,17112,17112,3
2021-06-07 15:04:11.058,17112,17113,17113,3
2021-06-07 15:04:11.061,17112,17113,17113,4
2021-06-07 15:04:13.253,17112,17113,17113,1
2021-06-07 15:04:14.493,17113,17114,17113,4
2021-06-07 15:04:15.568,17113,17114,17114,2
2021-06-07 15:04:15.569,17113,17114,17114,2
2021-06-07 15:04:15.569,17113,17114,17114,3
2021-06-07 15:04:15.569,17113,17114,17114,19
2021-06-07 15:04:16.066,17114,17115,17115,9
2021-06-07 15:04:17.321,17115,17116,17116,1
2021-06-07 15:04:17.608,17115,17116,17116,1
2021-06-07 15:04:17.887,17115,17116,17116,1
2021-06-07 15:04:19.962,17115,17116,17116,1
2021-06-07 15:04:20.669,17115,17116,17116,1
2021-06-07 15:04:23.155,17116,17117,17116,1
2021-06-07 15:04:23.324,17116,17117,17116,1
2021-06-07 15:04:24.030,17115,17116,17115,2
2021-06-07 15:04:24.031,17115,17116,17115,8
2021-06-07 15:04:24.484,17113,17115,17115,1
2021-06-07 15:04:26.006,17113,17114,17114,3
2021-06-07 15:04:26.308,17113,17115,17115,2
2021-06-07 15:04:26.770,17114,17115,17115,2
2021-06-07 15:04:27.476,17114,17116,17114,1
2021-06-07 15:04:27.548,17114,17116,17115,1
2021-06-07 15:04:27.548,17114,17116,17116,1
2021-06-07 15:04:29.095,17113,17115,17115,1
2021-06-07 15:04:32.029,17113,17114,17114,2
2021-06-07 15:04:32.029,17113,17114,17115,1
2021-06-07 15:04:33.560,17113,17114,17114,1
2021-06-07 15:04:34.139,17113,17114,17114,1
2021-06-07 15:04:36.289,17113,17114,17114,1
2021-06-07 15:04:36.738,17113,17114,17114,1
2021-06-07 15:04:37.122,17113,17114,17113,1
2021-06-07 15:04:38.368,17112,17114,17114,1
2021-06-07 15:04:38.888,17112,17114,17114,4
2021-06-07 15:04:38.888,17112,17114,17114,1
2021-06-07 15:04:43.999,17113,17114,17114,1
2021-06-07 15:04:44.774,17113,17114,17114,1
2021-06-07 15:04:45.605,17113,17115,17115,2
2021-06-07 15:04:45.606,17113,17115,17115,2
2021-06-07 15:04:46.200,17115,17116,17115,1
2021-06-07 15:04:47.779,17115,17116,17116,1
2021-06-07 15:04:47.779,17115,17116,17116,2
2021-06-07 15:04:47.780,17115,17116,17116,1
2021-06-07 15:04:47.780,17115,17116,17116,3
2021-06-07 15:04:48.447,17116,17117,17116,1
2021-06-07 15:04:48.716,17115,17117,17115,2
2021-06-07 15:04:53.799,17115,17116,17115,1
2021-06-07 15:04:54.696,17114,17116,17116,2
2021-06-07 15:04:54.924,17114,17116,17116,1
2021-06-07 15:04:56.682,17114,17116,17116,2
2021-06-07 15:04:57.186,17115,17116,17115,1
2021-06-07 15:04:58.956,17115,17116,17115,1
2021-06-07 15:04:59.468,17115,17116,17115,1
2021-06-07 15:04:59.622,17115,17116,17115,1
2021-06-07 15:04:59.933,17114,17115,17115,4
2021-06-07 15:04:59.933,17114,17115,17116,1
2021-06-07 15:04:59.953,17114,17115,17114,1
2021-06-07 15:05:00.113,17114,17115,17115,1
2021-06-07 15:05:00.174,17114,17115,17114,1
2021-06-07 15:05:00.443,17113,17114,17114,1
2021-06-07 15:05:00.443,17113,17114,17115,1
2021-06-07 15:05:00.681,17113,17115,17115,1
2021-06-07 15:05:01.037,17113,17115,17115,1
2021-06-07 15:05:01.151,17113,17115,17115,1
2021-06-07 15:05:01.301,17113,17115,17113,2
2021-06-07 15:05:02.681,17113,17114,17113,2
2021-06-07 15:05:02.711,17112,17114,17114,1
2021-06-07 15:05:05.650,17113,17114,17113,1
2021-06-07 15:05:05.650,17113,17114,17113,1
2021-06-07 15:05:05.696,17113,17114,17112,1
2021-06-07 15:05:06.204,17112,17114,17112,1
2021-06-07 15:05:07.616,17112,17114,17113,1
2021-06-07 15:05:07.642,17112,17114,17113,2
2021-06-07 15:05:07.642,17112,17114,17114,4
2021-06-07 15:05:07.932,17112,17114,17112,1
2021-06-07 15:05:08.659,17112,17114,17112,1
2021-06-07 15:05:09.275,17112,17114,17112,1
2021-06-07 15:05:10.646,17112,17114,17112,1
2021-06-07 15:05:12.428,17112,17114,17112,1
2021-06-07 15:05:12.452,17112,17114,17112,1
2021-06-07 15:05:14.938,17111,17113,17111,5
2021-06-07 15:05:14.939,17111,17113,17111,1
2021-06-07 15:05:15.052,17110,17113,17110,1
2021-06-07 15:05:22.009,17110,17112,17110,1
2021-06-07 15:05:22.087,17110,17112,17110,1
2021-06-07 15:05:22.930,17110,17112,17110,1
2021-06-07 15:05:24.385,17110,17112,17110,1
2021-06-07 15:05:26.740,17110,17112,17110,1
2021-06-07 15:05:28.850,17110,17112,17112,1
2021-06-07 15:05:38.547,17110,17112,17110,3
2021-06-07 15:05:38.625,17109,17111,17109,1
2021-06-07 15:05:38.998,17109,17111,17109,3
2021-06-07 15:05:39.319,17108,17110,17108,1
2021-06-07 15:05:39.967,17107,17110,17110,1
2021-06-07 15:05:44.867,17108,17110,17109,6
2021-06-07 15:05:49.289,17107,17110,17108,1
2021-06-07 15:05:50.131,17108,17110,17108,1
2021-06-07 15:05:54.959,17108,17109,17108,3
2021-06-07 15:05:55.265,17107,17109,17109,1
2021-06-07 15:05:56.299,17107,17109,17109,1
2021-06-07 15:05:56.448,17107,17109,17107,1
2021-06-07 15:05:57.584,17107,17108,17107,9
2021-06-07 15:05:57.585,17107,17108,17107,2
2021-06-07 15:05:59.222,17106,17108,17106,2
2021-06-07 15:06:00.356,17106,17107,17107,1
2021-06-07 15:06:00.463,17106,17107,17107,1
2021-06-07 15:06:00.464,17106,17107,17108,1
2021-06-07 15:06:00.465,17106,17107,17108,1
2021-06-07 15:06:00.465,17106,17107,17108,1
2021-06-07 15:06:00.465,17106,17107,17109,1
2021-06-07 15:06:00.665,17107,17109,17107,1
2021-06-07 15:06:00.798,17107,17109,17109,1
2021-06-07 15:06:00.812,17107,17109,17107,1
2021-06-07 15:06:00.940,17107,17109,17107,1
2021-06-07 15:06:01.008,17107,17109,17107,1
2021-06-07 15:06:01.008,17107,17109,17106,1
2021-06-07 15:06:01.086,17106,17108,17108,1
2021-06-07 15:06:01.086,17106,17108,17108,1
2021-06-07 15:06:01.086,17106,17108,17109,1
2021-06-07 15:06:01.236,17107,17109,17107,1
2021-06-07 15:06:02.654,17107,17108,17107,1
2021-06-07 15:06:03.370,17107,17108,17107,2
2021-06-07 15:06:03.714,17107,17108,17107,1
2021-06-07 15:06:03.714,17107,17108,17106,2
2021-06-07 15:06:05.866,17107,17108,17107,1
2021-06-07 15:06:06.986,17106,17107,17106,3
2021-06-07 15:06:07.431,17106,17107,17106,1
2021-06-07 15:06:07.461,17106,17107,17107,1
2021-06-07 15:06:07.462,17106,17107,17108,1
2021-06-07 15:06:07.614,17106,17108,17106,1
2021-06-07 15:06:08.495,17106,17108,17108,1
2021-06-07 15:06:09.683,17106,17108,17108,1
2021-06-07 15:06:10.681,17106,17108,17106,1
2021-06-07 15:06:12.969,17106,17107,17107,3
2021-06-07 15:06:12.969,17106,17107,17108,1
2021-06-07 15:06:14.288,17106,17107,17106,1
2021-06-07 15:06:14.456,17106,17107,17106,6
2021-06-07 15:06:15.142,17105,17107,17106,1
2021-06-07 15:06:16.454,17105,17106,17105,1
2021-06-07 15:06:17.023,17105,17106,17105,1
2021-06-07 15:06:17.086,17105,17106,17106,1
2021-06-07 15:06:17.088,17105,17106,17106,1
2021-06-07 15:06:20.351,17105,17106,17105,1
2021-06-07 15:06:20.351,17105,17106,17105,1
2021-06-07 15:06:20.351,17105,17106,17105,1
2021-06-07 15:06:20.351,17105,17106,17105,1
2021-06-07 15:06:20.351,17105,17106,17105,1
2021-06-07 15:06:21.470,17105,17106,17105,1
2021-06-07 15:06:24.074,17104,17106,17104,1
2021-06-07 15:06:24.191,17104,17106,17106,3
2021-06-07 15:06:24.191,17104,17106,17107,2
2021-06-07 15:06:24.366,17105,17107,17105,2
2021-06-07 15:06:26.192,17105,17106,17105,3
2021-06-07 15:06:29.726,17105,17106,17105,1
2021-06-07 15:06:29.836,17104,17106,17106,1
2021-06-07 15:06:29.836,17104,17106,17107,1
2021-06-07 15:06:29.836,17104,17106,17107,1
2021-06-07 15:06:29.836,17104,17106,17107,1
2021-06-07 15:06:29.836,17104,17106,17107,1
2021-06-07 15:06:29.837,17104,17106,17108,1
2021-06-07 15:06:29.837,17104,17106,17108,1
2021-06-07 15:06:29.837,17104,17106,17108,1
2021-06-07 15:06:29.837,17104,17106,17108,1
2021-06-07 15:06:29.837,17104,17106,17108,1
2021-06-07 15:06:29.838,17104,17106,17108,1
2021-06-07 15:06:30.846,17106,17108,17108,1
2021-06-07 15:06:31.874,17106,17107,17106,2
2021-06-07 15:06:35.682,17105,17107,17105,1
2021-06-07 15:06:36.688,17105,17106,17105,1
2021-06-07 15:06:37.558,17105,17106,17105,1
2021-06-07 15:06:38.020,17105,17106,17106,1
2021-06-07 15:06:43.459,17105,17106,17105,2
2021-06-07 15:06:46.147,17104,17105,17104,1
2021-06-07 15:06:46.923,17104,17105,17105,1
2021-06-07 15:06:48.773,17104,17105,17104,2
2021-06-07 15:06:49.274,17103,17104,17104,1
2021-06-07 15:06:50.446,17103,17105,17103,1
2021-06-07 15:06:50.665,17103,17105,17103,1
2021-06-07 15:06:51.113,17103,17105,17103,1
2021-06-07 15:06:51.300,17103,17105,17103,1
2021-06-07 15:06:54.065,17103,17104,17103,1
2021-06-07 15:06:54.970,17102,17103,17102,7
2021-06-07 15:06:57.543,17102,17104,17102,1
2021-06-07 15:06:58.301,17102,17103,17102,1
2021-06-07 15:06:59.651,17101,17102,17102,1
2021-06-07 15:06:59.759,17101,17102,17102,1
2021-06-07 15:07:00.385,17101,17102,17102,1
2021-06-07 15:07:00.680,17101,17102,17102,1
2021-06-07 15:07:00.739,17101,17102,17102,1
2021-06-07 15:07:00.739,17101,17102,17101,5
2021-06-07 15:07:00.741,17101,17102,17103,1
2021-06-07 15:07:00.833,17101,17102,17101,8
2021-06-07 15:07:00.833,17101,17102,17101,19
2021-06-07 15:07:00.834,17100,17102,17101,2
2021-06-07 15:07:00.834,17100,17102,17101,1
2021-06-07 15:07:00.835,17100,17102,17101,2
2021-06-07 15:07:00.845,17100,17102,17100,10
2021-06-07 15:07:00.845,17100,17102,17100,1
2021-06-07 15:07:00.845,17100,17102,17100,5
2021-06-07 15:07:00.845,17100,17102,17100,1
2021-06-07 15:07:00.846,17100,17102,17100,5
2021-06-07 15:07:00.846,17100,17102,17100,1
2021-06-07 15:07:00.846,17100,17102,17100,6
2021-06-07 15:07:00.846,17100,17102,17100,13
2021-06-07 15:07:00.861,17100,17102,17100,1
2021-06-07 15:07:00.948,17100,17102,17100,2
2021-06-07 15:07:00.950,17100,17102,17101,1
2021-06-07 15:07:00.950,17100,17102,17102,1
2021-06-07 15:07:01.047,17099,17102,17100,1
2021-06-07 15:07:01.095,17099,17101,17101,1
2021-06-07 15:07:01.260,17099,17101,17099,1
2021-06-07 15:07:01.331,17099,17101,17100,1
2021-06-07 15:07:01.364,17099,17100,17099,1
2021-06-07 15:07:02.190,17098,17099,17098,4
2021-06-07 15:07:03.524,17097,17098,17097,3
2021-06-07 15:07:03.613,17097,17098,17097,1
2021-06-07 15:07:03.613,17097,17098,17096,1
2021-06-07 15:07:03.712,17096,17098,17096,1
2021-06-07 15:07:03.948,17095,17097,17095,1
2021-06-07 15:07:03.976,17095,17097,17095,1
2021-06-07 15:07:04.128,17095,17097,17095,1
2021-06-07 15:07:04.265,17096,17097,17096,1
2021-06-07 15:07:04.479,17095,17097,17095,1
2021-06-07 15:07:04.494,17095,17097,17095,1
2021-06-07 15:07:04.665,17095,17097,17095,1
2021-06-07 15:07:04.915,17095,17097,17095,1
2021-06-07 15:07:04.918,17095,17097,17095,1
2021-06-07 15:07:05.359,17095,17097,17095,1
2021-06-07 15:07:06.120,17095,17096,17095,1
2021-06-07 15:07:07.247,17094,17096,17094,1
2021-06-07 15:07:07.404,17094,17096,17094,2
2021-06-07 15:07:07.499,17094,17096,17094,1
2021-06-07 15:07:09.134,17094,17095,17094,1
2021-06-07 15:07:09.250,17093,17095,17093,1
2021-06-07 15:07:09.356,17093,17095,17093,1
2021-06-07 15:07:09.564,17093,17095,17093,1
2021-06-07 15:07:09.667,17093,17095,17093,2
2021-06-07 15:07:09.667,17093,17095,17092,6
2021-06-07 15:07:09.667,17093,17095,17091,5
2021-06-07 15:07:09.667,17093,17095,17090,7
2021-06-07 15:07:09.793,17091,17094,17094,5
2021-06-07 15:07:09.801,17091,17094,17093,1
2021-06-07 15:07:09.815,17091,17094,17095,1
2021-06-07 15:07:09.826,17091,17094,17093,1
2021-06-07 15:07:09.843,17092,17095,17095,2
2021-06-07 15:07:09.843,17092,17095,17093,1
2021-06-07 15:07:10.009,17094,17096,17094,1
2021-06-07 15:07:10.025,17094,17096,17094,2
2021-06-07 15:07:10.025,17094,17096,17095,3
2021-06-07 15:07:10.181,17093,17095,17094,1
2021-06-07 15:07:10.401,17093,17094,17094,1
2021-06-07 15:07:10.554,17093,17096,17096,4
2021-06-07 15:07:10.554,17093,17096,17097,1
2021-06-07 15:07:11.394,17094,17097,17095,1
2021-06-07 15:07:11.752,17095,17097,17095,2
2021-06-07 15:07:12.089,17094,17097,17095,1
2021-06-07 15:07:12.245,17094,17097,17094,1
2021-06-07 15:07:12.690,17095,17097,17095,1
2021-06-07 15:07:14.090,17095,17097,17096,1
2021-06-07 15:07:14.129,17095,17097,17095,1
2021-06-07 15:07:14.760,17094,17097,17094,2
2021-06-07 15:07:16.513,17094,17095,17094,3
2021-06-07 15:07:16.584,17094,17095,17094,2
2021-06-07 15:07:19.909,17095,17096,17095,1
2021-06-07 15:07:20.064,17094,17096,17094,1
2021-06-07 15:07:20.180,17094,17096,17094,2
2021-06-07 15:07:20.180,17094,17096,17094,1
2021-06-07 15:07:20.180,17094,17096,17094,3
2021-06-07 15:07:21.568,17094,17095,17094,1
2021-06-07 15:07:21.940,17094,17095,17095,1
2021-06-07 15:07:21.940,17094,17095,17096,2
2021-06-07 15:07:24.478,17095,17096,17095,1
2021-06-07 15:07:25.227,17094,17096,17094,1
2021-06-07 15:07:26.115,17095,17096,17096,1
2021-06-07 15:07:26.256,17095,17097,17095,2
2021-06-07 15:07:26.396,17094,17097,17094,1
2021-06-07 15:07:27.880,17095,17097,17095,1
2021-06-07 15:07:29.682,17095,17097,17097,5
2021-06-07 15:07:30.028,17096,17098,17097,1
2021-06-07 15:07:33.115,17097,17098,17097,2
2021-06-07 15:07:34.464,17097,17098,17098,1
2021-06-07 15:07:35.141,17097,17098,17098,1
2021-06-07 15:07:35.142,17097,17098,17098,1
2021-06-07 15:07:35.142,17097,17098,17098,5
2021-06-07 15:07:36.713,17098,17099,17099,1
2021-06-07 15:07:36.713,17098,17099,17099,1
2021-06-07 15:07:36.714,17098,17099,17099,4
2021-06-07 15:07:38.042,17098,17100,17098,1
2021-06-07 15:07:42.470,17098,17099,17098,3
2021-06-07 15:07:42.470,17098,17099,17097,2
2021-06-07 15:07:42.677,17097,17098,17097,1
2021-06-07 15:07:44.163,17096,17098,17096,1
2021-06-07 15:07:46.106,17095,17096,17095,1
2021-06-07 15:07:46.569,17095,17096,17096,1
2021-06-07 15:07:47.645,17095,17097,17096,1
2021-06-07 15:07:48.844,17095,17096,17095,1
2021-06-07 15:07:48.882,17095,17096,17094,1
2021-06-07 15:07:49.828,17094,17096,17094,1
2021-06-07 15:07:49.828,17094,17096,17094,2
2021-06-07 15:07:51.085,17093,17095,17095,1
2021-06-07 15:07:52.241,17093,17094,17093,4
2021-06-07 15:07:52.241,17093,17094,17092,1
2021-06-07 15:07:55.983,17093,17094,17093,2
2021-06-07 15:07:58.534,17093,17094,17094,1
2021-06-07 15:08:02.241,17094,17095,17094,1
2021-06-07 15:08:05.360,17093,17094,17093,1
2021-06-07 15:08:08.218,17093,17094,17093,1
2021-06-07 15:08:08.220,17093,17094,17093,2
2021-06-07 15:08:08.739,17093,17094,17094,1
2021-06-07 15:08:08.740,17093,17094,17094,2
2021-06-07 15:08:08.740,17093,17094,17094,2
2021-06-07 15:08:08.740,17093,17094,17094,6
2021-06-07 15:08:09.121,17094,17095,17094,1
2021-06-07 15:08:10.021,17094,17095,17094,1
2021-06-07 15:08:11.234,17094,17095,17094,1
2021-06-07 15:08:11.234,17094,17095,17093,3
2021-06-07 15:08:12.632,17093,17095,17093,1
2021-06-07 15:08:13.595,17094,17095,17095,7
2021-06-07 15:08:13.923,17095,17096,17095,1
2021-06-07 15:08:14.330,17095,17096,17096,5
2021-06-07 15:08:14.360,17095,17096,17095,1
2021-06-07 15:08:14.749,17095,17096,17095,1
2021-06-07 15:08:15.123,17095,17096,17096,1
2021-06-07 15:08:16.910,17095,17096,17096,1
2021-06-07 15:08:19.426,17095,17097,17097,1
2021-06-07 15:08:19.429,17095,17097,17097,1
2021-06-07 15:08:20.404,17095,17098,17096,1
2021-06-07 15:08:20.511,17095,17097,17097,1
2021-06-07 15:08:22.202,17095,17098,17098,1
2021-06-07 15:08:25.521,17096,17098,17097,1
2021-06-07 15:08:28.342,17096,17098,17097,1
2021-06-07 15:08:32.175,17097,17098,17097,1
2021-06-07 15:08:33.269,17096,17097,17097,1
2021-06-07 15:08:37.368,17096,17098,17096,3
2021-06-07 15:08:37.368,17096,17098,17095,4
2021-06-07 15:08:37.368,17096,17098,17094,9
2021-06-07 15:08:37.368,17096,17098,17093,4
2021-06-07 15:08:38.087,17094,17095,17095,1
2021-06-07 15:08:38.244,17094,17096,17096,1
2021-06-07 15:08:39.308,17094,17096,17094,1
2021-06-07 15:08:39.308,17094,17096,17093,1
2021-06-07 15:08:41.023,17094,17095,17095,1
2021-06-07 15:08:41.023,17094,17095,17096,2
2021-06-07 15:08:41.023,17094,17095,17097,2
2021-06-07 15:08:41.384,17094,17097,17094,2
2021-06-07 15:08:41.569,17094,17096,17096,1
2021-06-07 15:08:44.746,17094,17096,17094,2
2021-06-07 15:08:50.995,17093,17095,17094,1
2021-06-07 15:08:52.102,17093,17094,17093,1
2021-06-07 15:08:52.156,17093,17094,17093,3
2021-06-07 15:08:52.587,17093,17094,17093,1
2021-06-07 15:08:53.267,17092,17093,17093,1
2021-06-07 15:08:56.516,17093,17094,17093,1
2021-06-07 15:08:57.183,17092,17093,17093,4
2021-06-07 15:08:59.245,17092,17093,17092,1
2021-06-07 15:08:59.265,17092,17093,17093,1
2021-06-07 15:08:59.265,17092,17093,17094,4
2021-06-07 15:09:01.857,17092,17095,17092,2
2021-06-07 15:09:01.974,17092,17095,17095,1
2021-06-07 15:09:02.588,17093,17094,17093,1
2021-06-07 15:09:02.588,17093,17094,17093,1
2021-06-07 15:09:02.712,17092,17094,17094,1
2021-06-07 15:09:05.527,17093,17094,17094,2
2021-06-07 15:09:09.549,17093,17094,17094,3
2021-06-07 15:09:09.549,17093,17094,17095,2
2021-06-07 15:09:10.976,17093,17095,17093,1
2021-06-07 15:09:11.086,17093,17095,17095,1
2021-06-07 15:09:11.088,17093,17095,17095,1
2021-06-07 15:09:11.088,17093,17095,17095,1
2021-06-07 15:09:11.088,17093,17095,17095,1
2021-06-07 15:09:12.556,17094,17096,17094,1
2021-06-07 15:09:22.078,17093,17094,17093,1
2021-06-07 15:09:22.418,17093,17094,17094,2
2021-06-07 15:09:22.418,17093,17094,17095,5
2021-06-07 15:09:22.419,17093,17094,17095,1
2021-06-07 15:09:22.419,17093,17094,17095,2
2021-06-07 15:09:22.490,17093,17095,17093,1
2021-06-07 15:09:25.281,17094,17096,17096,5
2021-06-07 15:09:25.336,17094,17096,17096,1
2021-06-07 15:09:25.368,17094,17096,17096,3
2021-06-07 15:09:25.686,17095,17097,17095,1
2021-06-07 15:09:37.375,17094,17096,17094,5
2021-06-07 15:09:37.602,17094,17095,17095,2
2021-06-07 15:09:40.247,17094,17096,17096,3
2021-06-07 15:09:40.336,17095,17097,17097,1
2021-06-07 15:09:40.337,17095,17097,17097,1
2021-06-07 15:09:42.865,17095,17097,17097,1
2021-06-07 15:09:50.349,17095,17097,17097,5
2021-06-07 15:09:50.604,17095,17097,17097,1
2021-06-07 15:09:52.255,17095,17097,17095,4
2021-06-07 15:09:52.255,17095,17097,17094,2
2021-06-07 15:09:52.255,17095,17097,17093,9
2021-06-07 15:09:52.255,17095,17097,17092,5
2021-06-07 15:09:53.045,17093,17095,17095,1
2021-06-07 15:09:54.311,17093,17095,17095,1
2021-06-07 15:09:58.118,17093,17095,17095,1
2021-06-07 15:10:01.730,17093,17094,17094,1
2021-06-07 15:10:02.106,17093,17094,17094,1
2021-06-07 15:10:02.121,17093,17094,17095,1
2021-06-07 15:10:03.810,17093,17095,17093,1
2021-06-07 15:10:06.372,17092,17093,17092,1
2021-06-07 15:10:06.372,17092,17093,17092,3
2021-06-07 15:10:06.373,17092,17093,17092,1
2021-06-07 15:10:08.862,17091,17092,17091,1
2021-06-07 15:10:08.862,17091,17092,17091,5
2021-06-07 15:10:09.023,17090,17091,17090,1
2021-06-07 15:10:09.174,17090,17091,17090,2
2021-06-07 15:10:09.804,17090,17091,17090,1
2021-06-07 15:10:09.941,17090,17091,17090,1
2021-06-07 15:10:09.941,17090,17091,17090,1
2021-06-07 15:10:09.942,17090,17091,17090,5
2021-06-07 15:10:09.942,17090,17091,17090,16
2021-06-07 15:10:09.942,17090,17091,17090,1
2021-06-07 15:10:10.054,17089,17090,17090,3
2021-06-07 15:10:10.213,17089,17090,17089,1
2021-06-07 15:10:10.346,17089,17090,17089,1
2021-06-07 15:10:10.599,17089,17090,17089,1
2021-06-07 15:10:13.252,17089,17090,17089,1
2021-06-07 15:10:14.052,17089,17090,17090,1
2021-06-07 15:10:15.680,17090,17091,17091,1
2021-06-07 15:10:17.251,17090,17092,17090,2
2021-06-07 15:10:17.290,17090,17092,17090,1
2021-06-07 15:10:17.496,17090,17092,17089,1
2021-06-07 15:10:19.006,17089,17090,17090,1
2021-06-07 15:10:19.489,17089,17090,17089,1
2021-06-07 15:10:20.371,17089,17090,17089,1
2021-06-07 15:10:21.820,17089,17090,17089,3
2021-06-07 15:10:23.261,17088,17089,17088,1
2021-06-07 15:10:23.262,17088,17089,17088,1
2021-06-07 15:10:23.265,17088,17089,17088,1
2021-06-07 15:10:23.265,17088,17089,17088,1
2021-06-07 15:10:23.265,17088,17089,17088,1
2021-06-07 15:10:23.297,17088,17089,17088,1
2021-06-07 15:10:23.507,17088,17089,17088,1
2021-06-07 15:10:23.584,17088,17089,17088,1
2021-06-07 15:10:24.017,17088,17089,17088,1
2021-06-07 15:10:24.443,17088,17089,17088,1
2021-06-07 15:10:24.711,17088,17089,17088,1
2021-06-07 15:10:25.591,17088,17089,17088,4
2021-06-07 15:10:25.991,17088,17089,17088,1
2021-06-07 15:10:26.428,17088,17089,17088,1
2021-06-07 15:10:27.893,17088,17089,17088,1
2021-06-07 15:10:28.651,17088,17089,17088,1
2021-06-07 15:10:29.046,17088,17089,17088,1
2021-06-07 15:10:30.376,17088,17089,17089,1
2021-06-07 15:10:33.423,17088,17089,17088,2
2021-06-07 15:10:35.343,17088,17089,17089,2
2021-06-07 15:10:35.852,17088,17089,17089,1
2021-06-07 15:10:35.852,17088,17089,17089,3
2021-06-07 15:10:36.331,17089,17090,17090,5
2021-06-07 15:10:37.155,17089,17091,17089,3
2021-06-07 15:10:38.655,17089,17091,17089,2
2021-06-07 15:10:42.672,17090,17091,17090,1
2021-06-07 15:10:44.921,17090,17091,17090,1
2021-06-07 15:10:44.922,17090,17091,17090,1
2021-06-07 15:10:46.156,17089,17090,17089,3
2021-06-07 15:10:46.156,17089,17090,17089,1
2021-06-07 15:10:46.156,17089,17090,17089,1
2021-06-07 15:10:47.718,17088,17089,17088,1
2021-06-07 15:10:47.718,17088,17089,17088,1
2021-06-07 15:10:47.718,17088,17089,17088,1
2021-06-07 15:10:47.718,17088,17089,17088,1
2021-06-07 15:10:47.719,17088,17089,17088,1
2021-06-07 15:10:47.719,17088,17089,17088,1
2021-06-07 15:10:47.966,17088,17089,17088,1
2021-06-07 15:10:50.365,17087,17088,17088,2
2021-06-07 15:10:50.365,17087,17088,17089,3
2021-06-07 15:10:52.601,17088,17090,17088,1
2021-06-07 15:10:56.235,17088,17090,17088,1
2021-06-07 15:10:56.594,17088,17089,17088,1
2021-06-07 15:10:57.123,17087,17089,17089,1
2021-06-07 15:10:58.803,17087,17089,17087,1
2021-06-07 15:10:58.954,17087,17089,17087,1
2021-06-07 15:10:59.062,17087,17089,17087,1
2021-06-07 15:11:00.024,17087,17089,17089,1
2021-06-07 15:11:00.024,17087,17089,17090,1
2021-06-07 15:11:06.524,17088,17089,17089,1
2021-06-07 15:11:06.872,17088,17090,17088,1
2021-06-07 15:11:10.024,17088,17090,17088,1
2021-06-07 15:11:11.479,17088,17090,17088,1
2021-06-07 15:11:13.119,17088,17089,17088,1
2021-06-07 15:11:13.758,17088,17089,17089,2
2021-06-07 15:11:13.758,17088,17089,17090,5
2021-06-07 15:11:26.347,17088,17089,17088,1
2021-06-07 15:11:26.488,17088,17089,17088,1
2021-06-07 15:11:28.522,17088,17089,17088,1
2021-06-07 15:11:29.587,17087,17088,17088,1
2021-06-07 15:11:31.959,17088,17089,17088,1
2021-06-07 15:11:35.408,17087,17089,17088,1
2021-06-07 15:11:39.313,17088,17089,17088,1
2021-06-07 15:11:39.843,17087,17088,17087,1
2021-06-07 15:11:41.020,17087,17088,17087,1
2021-06-07 15:11:44.541,17087,17088,17087,2
2021-06-07 15:11:44.541,17087,17088,17087,1
2021-06-07 15:11:44.541,17087,17088,17087,1
2021-06-07 15:11:44.541,17087,17088,17087,1
2021-06-07 15:11:45.296,17086,17087,17087,1
2021-06-07 15:11:49.774,17086,17087,17087,1
2021-06-07 15:11:49.791,17086,17087,17086,1
2021-06-07 15:11:50.046,17086,17087,17086,1
2021-06-07 15:11:50.048,17086,17087,17086,3
2021-06-07 15:11:51.696,17085,17086,17086,2
2021-06-07 15:11:51.696,17085,17086,17087,4
2021-06-07 15:11:55.234,17085,17086,17085,5
2021-06-07 15:11:55.395,17085,17086,17085,1
2021-06-07 15:11:55.457,17085,17086,17085,1
2021-06-07 15:11:55.513,17084,17086,17084,3
2021-06-07 15:11:55.542,17084,17086,17084,2
2021-06-07 15:11:55.550,17084,17086,17084,1
2021-06-07 15:11:55.666,17084,17086,17084,1
2021-06-07 15:11:55.688,17084,17086,17083,1
2021-06-07 15:11:55.963,17083,17086,17083,2
2021-06-07 15:11:56.218,17083,17085,17085,1
2021-06-07 15:11:56.229,17083,17085,17083,1
2021-06-07 15:11:56.425,17083,17085,17085,4
2021-06-07 15:11:57.199,17084,17086,17084,1
2021-06-07 15:11:58.259,17084,17086,17084,1
2021-06-07 15:11:59.051,17085,17086,17085,1
2021-06-07 15:11:59.334,17085,17086,17085,1
2021-06-07 15:11:59.484,17084,17086,17085,1
2021-06-07 15:11:59.990,17084,17086,17086,2
2021-06-07 15:12:00.188,17084,17086,17086,2
2021-06-07 15:12:00.478,17085,17086,17085,1
2021-06-07 15:12:02.253,17085,17086,17085,1
2021-06-07 15:12:02.625,17085,17086,17085,1
2021-06-07 15:12:03.690,17084,17085,17084,2
2021-06-07 15:12:03.936,17083,17085,17085,3
2021-06-07 15:12:03.936,17083,17085,17086,3
2021-06-07 15:12:07.525,17084,17086,17084,1
2021-06-07 15:12:08.166,17084,17086,17084,5
2021-06-07 15:12:12.276,17084,17085,17085,1
2021-06-07 15:12:13.497,17084,17086,17085,1
2021-06-07 15:12:14.401,17084,17086,17086,3
2021-06-07 15:12:15.940,17085,17087,17086,1
2021-06-07 15:12:16.038,17086,17087,17087,2
2021-06-07 15:12:16.886,17086,17088,17086,1
2021-06-07 15:12:18.084,17087,17088,17088,6
2021-06-07 15:12:18.209,17087,17089,17089,5
2021-06-07 15:12:19.245,17088,17090,17090,1
2021-06-07 15:12:20.108,17088,17089,17089,1
2021-06-07 15:12:21.072,17088,17089,17089,5
2021-06-07 15:12:22.192,17089,17090,17089,1
2021-06-07 15:12:22.209,17089,17090,17090,1
2021-06-07 15:12:22.557,17089,17090,17090,1
2021-06-07 15:12:22.557,17089,17090,17090,3
2021-06-07 15:12:28.490,17090,17091,17091,3
2021-06-07 15:12:28.533,17090,17091,17092,1
2021-06-07 15:12:30.030,17091,17093,17093,2
2021-06-07 15:12:30.034,17091,17093,17092,3
2021-06-07 15:12:30.252,17092,17093,17093,1
2021-06-07 15:12:34.965,17091,17092,17092,1
2021-06-07 15:12:36.995,17091,17092,17091,1
2021-06-07 15:12:37.520,17091,17092,17091,1
2021-06-07 15:12:38.131,17090,17092,17090,1
2021-06-07 15:12:38.132,17090,17092,17090,1
2021-06-07 15:12:38.132,17090,17092,17090,1
2021-06-07 15:12:39.368,17089,17090,17089,1
2021-06-07 15:12:40.269,17088,17089,17089,1
2021-06-07 15:12:40.372,17089,17090,17090,2
2021-06-07 15:12:41.598,17089,17090,17090,2
2021-06-07 15:12:42.109,17089,17090,17090,1
2021-06-07 15:12:43.837,17089,17090,17089,1
2021-06-07 15:12:43.981,17088,17089,17089,1
2021-06-07 15:12:48.251,17088,17089,17088,1
2021-06-07 15:12:48.907,17086,17088,17088,1
2021-06-07 15:12:50.507,17086,17088,17087,1
2021-06-07 15:12:52.614,17086,17088,17086,1
2021-06-07 15:12:59.928,17086,17087,17086,1
2021-06-07 15:13:01.658,17086,17087,17086,1
2021-06-07 15:13:01.659,17086,17087,17086,1
2021-06-07 15:13:01.659,17086,17087,17086,1
2021-06-07 15:13:03.346,17084,17087,17085,1
2021-06-07 15:13:03.582,17084,17087,17084,2
2021-06-07 15:13:05.526,17085,17086,17085,1
2021-06-07 15:13:07.750,17084,17085,17084,1
2021-06-07 15:13:08.267,17084,17085,17084,1
2021-06-07 15:13:08.826,17084,17085,17084,1
2021-06-07 15:13:08.834,17084,17085,17084,2
2021-06-07 15:13:08.933,17084,17085,17083,3
2021-06-07 15:13:09.223,17083,17085,17083,2
2021-06-07 15:13:09.950,17083,17084,17083,2
2021-06-07 15:13:10.680,17083,17084,17083,1
2021-06-07 15:13:10.753,17083,17084,17083,7
2021-06-07 15:13:10.754,17083,17084,17083,1
2021-06-07 15:13:10.754,17083,17084,17083,1
2021-06-07 15:13:11.490,17082,17083,17082,2
2021-06-07 15:13:11.691,17082,17083,17082,1
2021-06-07 15:13:11.798,17082,17083,17082,1
2021-06-07 15:13:11.959,17082,17083,17082,6
2021-06-07 15:13:12.061,17082,17083,17081,2
2021-06-07 15:13:12.084,17081,17083,17081,6
2021-06-07 15:13:12.088,17081,17083,17081,2
2021-06-07 15:13:12.097,17081,17083,17080,1
2021-06-07 15:13:12.102,17081,17083,17080,1
2021-06-07 15:13:12.107,17081,17083,17080,2
2021-06-07 15:13:12.109,17081,17083,17081,1
2021-06-07 15:13:12.115,17081,17083,17080,2
2021-06-07 15:13:12.209,17080,17082,17080,4
2021-06-07 15:13:12.216,17080,17082,17081,3
2021-06-07 15:13:12.255,17080,17082,17080,1
2021-06-07 15:13:12.323,17080,17082,17080,2
2021-06-07 15:13:12.369,17080,17082,17080,1
2021-06-07 15:13:12.377,17080,17082,17082,1
2021-06-07 15:13:12.579,17080,17082,17080,1
2021-06-07 15:13:12.596,17080,17082,17080,2
2021-06-07 15:13:12.939,17080,17082,17082,1
2021-06-07 15:13:13.869,17080,17081,17081,1
2021-06-07 15:13:14.290,17080,17083,17080,1
2021-06-07 15:13:14.754,17080,17082,17080,1
2021-06-07 15:13:15.249,17080,17082,17080,2
2021-06-07 15:13:15.956,17081,17082,17082,1
2021-06-07 15:13:16.776,17080,17083,17080,1
2021-06-07 15:13:17.714,17081,17083,17083,1
2021-06-07 15:13:17.872,17081,17084,17081,1
2021-06-07 15:13:18.527,17081,17083,17081,1
2021-06-07 15:13:20.090,17081,17082,17082,1
2021-06-07 15:13:20.092,17081,17082,17081,3
2021-06-07 15:13:20.921,17081,17083,17081,1
2021-06-07 15:13:21.334,17082,17083,17083,1
2021-06-07 15:13:21.860,17082,17084,17082,2
2021-06-07 15:13:22.583,17082,17084,17082,2
2021-06-07 15:13:24.398,17082,17084,17083,1
2021-06-07 15:13:25.064,17083,17084,17083,3
2021-06-07 15:13:25.075,17083,17084,17083,1
2021-06-07 15:13:26.352,17082,17084,17082,1
2021-06-07 15:13:26.917,17082,17084,17083,1
2021-06-07 15:13:27.729,17082,17084,17082,1
2021-06-07 15:13:27.942,17082,17084,17082,1
2021-06-07 15:13:28.345,17082,17084,17082,2
2021-06-07 15:13:30.601,17083,17084,17084,3
2021-06-07 15:13:30.608,17083,17084,17085,1
2021-06-07 15:13:31.079,17084,17086,17084,1
2021-06-07 15:13:31.637,17084,17086,17084,3
2021-06-07 15:13:31.637,17084,17086,17084,1
2021-06-07 15:13:32.372,17084,17086,17084,1
2021-06-07 15:13:33.957,17084,17085,17084,1
2021-06-07 15:13:36.029,17083,17085,17085,2
2021-06-07 15:13:36.346,17083,17086,17084,2
2021-06-07 15:13:40.871,17085,17086,17085,3
2021-06-07 15:13:40.871,17085,17086,17084,1
2021-06-07 15:13:41.058,17084,17086,17085,1
2021-06-07 15:13:41.182,17084,17086,17085,1
2021-06-07 15:13:41.562,17084,17086,17085,1
2021-06-07 15:13:41.613,17084,17086,17084,1
2021-06-07 15:13:45.409,17085,17086,17085,1
2021-06-07 15:13:45.756,17085,17086,17085,2
2021-06-07 15:13:46.253,17085,17086,17085,1
2021-06-07 15:13:49.576,17085,17086,17086,6
2021-06-07 15:13:49.578,17085,17086,17087,1
2021-06-07 15:13:49.578,17085,17086,17087,1
2021-06-07 15:13:49.578,17085,17086,17087,1
2021-06-07 15:13:50.108,17087,17088,17087,1
2021-06-07 15:13:50.864,17087,17088,17087,1
2021-06-07 15:13:51.516,17086,17088,17088,1
2021-06-07 15:13:55.760,17087,17088,17087,3
2021-06-07 15:13:58.986,17085,17086,17085,1
2021-06-07 15:13:59.056,17085,17086,17085,1
2021-06-07 15:14:03.166,17084,17085,17085,1
2021-06-07 15:14:03.169,17084,17085,17086,1
2021-06-07 15:14:03.761,17085,17087,17085,2
2021-06-07 15:14:03.937,17085,17087,17087,1
2021-06-07 15:14:04.022,17085,17087,17087,1
2021-06-07 15:14:04.093,17085,17087,17087,5
2021-06-07 15:14:04.093,17085,17087,17088,1
2021-06-07 15:14:04.928,17085,17088,17088,3
2021-06-07 15:14:05.006,17086,17088,17088,2
2021-06-07 15:14:08.686,17087,17088,17087,1
2021-06-07 15:14:09.779,17087,17088,17088,1
2021-06-07 15:14:09.780,17087,17088,17088,1
2021-06-07 15:14:11.535,17087,17088,17087,3
2021-06-07 15:14:19.020,17086,17087,17086,1
2021-06-07 15:14:19.020,17086,17087,17086,1
2021-06-07 15:14:21.338,17085,17087,17085,1
2021-06-07 15:14:21.342,17085,17087,17085,1
2021-06-07 15:14:24.615,17085,17086,17085,1
2021-06-07 15:14:28.146,17084,17085,17084,1
2021-06-07 15:14:32.536,17083,17085,17083,1
2021-06-07 15:14:37.425,17083,17084,17084,1
2021-06-07 15:14:40.006,17083,17084,17084,1
2021-06-07 15:14:42.297,17083,17085,17084,1
2021-06-07 15:14:44.430,17084,17085,17085,2
2021-06-07 15:14:45.127,17084,17086,17086,1
2021-06-07 15:14:47.761,17084,17086,17084,3
2021-06-07 15:14:49.888,17084,17086,17086,4
2021-06-07 15:14:49.888,17084,17086,17087,1
2021-06-07 15:14:50.336,17085,17087,17087,1
2021-06-07 15:14:50.848,17085,17088,17085,1
2021-06-07 15:14:51.440,17086,17088,17086,1
2021-06-07 15:14:51.573,17086,17088,17088,1
2021-06-07 15:14:51.760,17086,17088,17086,1
2021-06-07 15:14:56.315,17086,17088,17088,5
2021-06-07 15:14:59.382,17086,17088,17088,1
2021-06-07 15:14:59.554,17086,17088,17088,2
2021-06-07 15:15:00.124,17086,17088,17086,2
2021-06-07 15:15:00.217,17085,17087,17085,1
2021-06-07 15:15:00.488,17085,17087,17085,3
2021-06-07 15:15:00.492,17085,17087,17085,1
2021-06-07 15:15:00.492,17085,17087,17084,1
2021-06-07 15:15:00.529,17085,17087,17084,3
2021-06-07 15:15:00.895,17084,17086,17086,1
2021-06-07 15:15:00.902,17084,17086,17087,2
2021-06-07 15:15:00.910,17084,17086,17087,2
2021-06-07 15:15:00.964,17085,17087,17087,2
2021-06-07 15:15:01.026,17085,17087,17087,2
2021-06-07 15:15:01.027,17085,17087,17087,3
2021-06-07 15:15:01.027,17085,17087,17088,5
2021-06-07 15:15:01.086,17086,17088,17086,1
2021-06-07 15:15:01.092,17086,17088,17087,2
2021-06-07 15:15:01.172,17086,17088,17087,2
2021-06-07 15:15:01.172,17086,17088,17088,2
2021-06-07 15:15:01.569,17085,17087,17085,1
2021-06-07 15:15:01.585,17085,17087,17085,1
2021-06-07 15:15:01.655,17085,17087,17084,3
2021-06-07 15:15:02.314,17085,17086,17086,1
2021-06-07 15:15:05.977,17085,17087,17087,1
2021-06-07 15:15:06.824,17085,17087,17085,1
2021-06-07 15:15:06.824,17085,17087,17084,4
2021-06-07 15:15:09.831,17084,17085,17085,1
2021-06-07 15:15:09.836,17085,17087,17085,1
2021-06-07 15:15:09.836,17085,17087,17084,1
2021-06-07 15:15:09.997,17084,17087,17087,1
2021-06-07 15:15:12.155,17084,17086,17086,1
2021-06-07 15:15:14.584,17086,17087,17087,3
2021-06-07 15:15:15.871,17086,17088,17086,1
2021-06-07 15:15:26.881,17086,17087,17086,1
2021-06-07 15:15:27.529,17086,17087,17086,1
2021-06-07 15:15:27.586,17085,17087,17085,1
2021-06-07 15:15:27.587,17085,17087,17085,1
2021-06-07 15:15:27.587,17085,17087,17085,1
2021-06-07 15:15:27.588,17085,17087,17084,1
2021-06-07 15:15:27.588,17085,17087,17084,1
2021-06-07 15:15:27.588,17085,17087,17084,1
2021-06-07 15:15:27.588,17085,17087,17084,1
2021-06-07 15:15:27.588,17085,17087,17084,1
2021-06-07 15:15:27.588,17085,17087,17084,1
2021-06-07 15:15:27.588,17085,17087,17084,1
2021-06-07 15:15:27.588,17085,17087,17084,1
2021-06-07 15:15:27.588,17085,17087,17084,1
2021-06-07 15:15:27.588,17085,17087,17083,1
2021-06-07 15:15:27.588,17085,17087,17083,1
2021-06-07 15:15:28.260,17083,17085,17085,2
2021-06-07 15:15:29.433,17085,17086,17085,1
2021-06-07 15:15:29.434,17085,17086,17085,1
2021-06-07 15:15:29.434,17085,17086,17085,1
2021-06-07 15:15:39.317,17085,17086,17085,1
2021-06-07 15:15:39.317,17085,17086,17085,1
2021-06-07 15:15:40.274,17084,17085,17084,1
2021-06-07 15:15:40.336,17083,17085,17083,1
2021-06-07 15:15:40.336,17083,17085,17083,1
2021-06-07 15:15:40.336,17083,17085,17083,1
2021-06-07 15:15:40.337,17083,17085,17083,1
2021-06-07 15:15:47.044,17083,17085,17083,3
2021-06-07 15:15:49.632,17083,17085,17083,1
2021-06-07 15:15:50.522,17083,17085,17083,5
2021-06-07 15:15:51.815,17083,17084,17083,1
2021-06-07 15:15:51.815,17083,17084,17082,1
2021-06-07 15:15:51.943,17082,17084,17082,2
2021-06-07 15:15:54.003,17082,17084,17082,1
2021-06-07 15:15:57.483,17082,17084,17082,1
2021-06-07 15:15:58.611,17083,17084,17083,2
2021-06-07 15:16:00.231,17082,17083,17082,2
2021-06-07 15:16:00.841,17082,17083,17083,6
2021-06-07 15:16:01.113,17082,17084,17084,2
2021-06-07 15:16:01.113,17082,17084,17085,1
2021-06-07 15:16:01.131,17082,17084,17085,1
2021-06-07 15:16:01.206,17082,17084,17085,5
2021-06-07 15:16:01.206,17082,17084,17086,1
2021-06-07 15:16:04.414,17083,17085,17085,1
2021-06-07 15:16:05.418,17084,17086,17085,1
2021-06-07 15:16:06.636,17084,17086,17086,1
2021-06-07 15:16:09.005,17086,17087,17087,2
2021-06-07 15:16:09.005,17086,17087,17087,3
2021-06-07 15:16:09.086,17087,17088,17088,1
2021-06-07 15:16:09.086,17087,17088,17088,1
2021-06-07 15:16:09.087,17087,17088,17088,1
2021-06-07 15:16:09.088,17087,17088,17088,16
2021-06-07 15:16:10.262,17087,17088,17087,2
2021-06-07 15:16:13.278,17086,17088,17088,1
2021-06-07 15:16:14.006,17086,17088,17086,4
2021-06-07 15:16:14.006,17086,17088,17085,1
2021-06-07 15:16:16.426,17086,17088,17087,1
2021-06-07 15:16:17.411,17087,17088,17087,1
2021-06-07 15:16:17.461,17087,17088,17088,1
2021-06-07 15:16:17.461,17087,17088,17088,1
2021-06-07 15:16:17.461,17087,17088,17088,1
2021-06-07 15:16:17.461,17087,17088,17088,1
2021-06-07 15:16:17.462,17087,17088,17089,1
2021-06-07 15:16:17.463,17087,17088,17089,1
2021-06-07 15:16:17.463,17087,17088,17089,1
2021-06-07 15:16:17.463,17087,17088,17089,1
2021-06-07 15:16:17.463,17087,17088,17089,1
2021-06-07 15:16:17.463,17087,17088,17089,1
2021-06-07 15:16:19.078,17087,17089,17089,1
2021-06-07 15:16:19.155,17087,17089,17089,1
2021-06-07 15:16:20.421,17087,17089,17089,4
2021-06-07 15:16:21.913,17089,17090,17090,1
2021-06-07 15:16:22.976,17089,17090,17089,1
2021-06-07 15:16:23.150,17089,17090,17090,3
2021-06-07 15:16:27.034,17089,17090,17090,1
2021-06-07 15:16:27.288,17090,17091,17091,1
2021-06-07 15:16:27.347,17090,17091,17091,1
2021-06-07 15:16:29.683,17090,17091,17091,1
2021-06-07 15:16:29.712,17090,17092,17092,1
2021-06-07 15:16:30.009,17090,17091,17091,1
2021-06-07 15:16:30.318,17090,17091,17091,1
2021-06-07 15:16:32.449,17091,17092,17091,1
2021-06-07 15:16:33.815,17090,17091,17091,2
2021-06-07 15:16:34.183,17090,17091,17091,1
2021-06-07 15:16:34.290,17090,17091,17091,1
2021-06-07 15:16:35.147,17090,17091,17091,2
2021-06-07 15:16:35.791,17090,17091,17091,1
2021-06-07 15:16:36.451,17091,17092,17092,2
2021-06-07 15:16:37.183,17091,17092,17092,2
2021-06-07 15:16:37.705,17091,17092,17091,1
2021-06-07 15:16:38.835,17091,17092,17092,1
2021-06-07 15:16:38.980,17092,17093,17092,1
2021-06-07 15:16:39.557,17091,17092,17092,1
2021-06-07 15:16:39.557,17091,17092,17092,1
2021-06-07 15:16:40.258,17091,17092,17091,3
2021-06-07 15:16:40.727,17090,17091,17091,1
2021-06-07 15:16:42.339,17090,17091,17091,2
2021-06-07 15:16:42.659,17090,17092,17092,1
2021-06-07 15:16:42.660,17090,17092,17092,1
2021-06-07 15:16:48.071,17091,17092,17091,1
2021-06-07 15:16:48.414,17091,17092,17091,1
2021-06-07 15:16:53.347,17090,17092,17090,1
2021-06-07 15:16:53.461,17090,17092,17092,1
2021-06-07 15:16:53.462,17090,17092,17093,1
2021-06-07 15:16:53.462,17090,17092,17093,1
2021-06-07 15:16:53.463,17090,17092,17093,1
2021-06-07 15:16:54.895,17091,17092,17091,1
2021-06-07 15:16:54.895,17091,17092,17090,2
2021-06-07 15:16:55.687,17090,17091,17090,1
2021-06-07 15:16:58.559,17090,17092,17090,1
2021-06-07 15:16:59.047,17091,17092,17091,1
2021-06-07 15:17:00.007,17091,17093,17091,1
2021-06-07 15:17:00.088,17090,17093,17092,1
2021-06-07 15:17:00.088,17090,17093,17093,1
2021-06-07 15:17:00.088,17090,17093,17093,3
2021-06-07 15:17:00.089,17090,17093,17093,1
2021-06-07 15:17:00.090,17090,17093,17094,2
2021-06-07 15:17:00.091,17090,17093,17094,2
2021-06-07 15:17:00.948,17092,17093,17092,1
2021-06-07 15:17:03.810,17090,17092,17092,1
2021-06-07 15:17:03.836,17091,17093,17093,2
2021-06-07 15:17:03.836,17091,17093,17094,1
2021-06-07 15:17:03.836,17091,17093,17094,1
2021-06-07 15:17:03.836,17091,17093,17094,1
2021-06-07 15:17:03.836,17091,17093,17094,1
2021-06-07 15:17:03.836,17091,17093,17094,1
2021-06-07 15:17:03.836,17091,17093,17094,1
2021-06-07 15:17:03.836,17091,17093,17094,1
2021-06-07 15:17:03.837,17091,17093,17094,1
2021-06-07 15:17:03.892,17091,17093,17093,1
2021-06-07 15:17:04.459,17092,17093,17093,1
2021-06-07 15:17:04.461,17093,17094,17093,1
2021-06-07 15:17:05.350,17091,17094,17093,2
2021-06-07 15:17:05.822,17091,17094,17091,2
2021-06-07 15:17:06.035,17091,17093,17093,2
2021-06-07 15:17:07.110,17091,17094,17093,2
2021-06-07 15:17:07.211,17091,17094,17094,2
2021-06-07 15:17:07.211,17091,17094,17095,1
2021-06-07 15:17:07.211,17091,17094,17095,1
2021-06-07 15:17:07.211,17091,17094,17095,1
2021-06-07 15:17:07.211,17091,17094,17095,1
2021-06-07 15:17:07.211,17091,17094,17095,1
2021-06-07 15:17:07.211,17091,17094,17095,1
2021-06-07 15:17:07.212,17091,17094,17095,1
2021-06-07 15:17:07.212,17091,17094,17095,1
2021-06-07 15:17:07.212,17091,17094,17095,1
2021-06-07 15:17:07.212,17091,17094,17095,1
2021-06-07 15:17:07.212,17091,17094,17095,1
2021-06-07 15:17:07.213,17091,17094,17095,1
2021-06-07 15:17:07.213,17091,17094,17095,1
2021-06-07 15:17:07.215,17091,17094,17095,1
2021-06-07 15:17:07.282,17091,17094,17095,3
2021-06-07 15:17:07.335,17093,17094,17094,1
2021-06-07 15:17:07.368,17093,17094,17095,1
2021-06-07 15:17:07.510,17093,17095,17095,1
2021-06-07 15:17:07.513,17093,17095,17094,1
2021-06-07 15:17:08.063,17093,17094,17094,1
2021-06-07 15:17:08.063,17093,17094,17094,1
2021-06-07 15:17:08.509,17093,17095,17095,1
2021-06-07 15:17:08.509,17093,17095,17096,1
2021-06-07 15:17:10.937,17092,17094,17094,2
2021-06-07 15:17:15.899,17092,17093,17093,1
2021-06-07 15:17:17.154,17092,17093,17093,1
2021-06-07 15:17:19.512,17092,17094,17092,1
2021-06-07 15:17:19.586,17092,17094,17094,1
2021-06-07 15:17:19.586,17092,17094,17094,2
2021-06-07 15:17:19.586,17092,17094,17094,1
2021-06-07 15:17:19.586,17092,17094,17095,1
2021-06-07 15:17:19.586,17092,17094,17095,2
2021-06-07 15:17:19.586,17092,17094,17095,1
2021-06-07 15:17:19.586,17092,17094,17095,1
2021-06-07 15:17:19.586,17092,17094,17095,1
2021-06-07 15:17:19.586,17092,17094,17096,1
2021-06-07 15:17:19.588,17092,17094,17095,1
2021-06-07 15:17:19.588,17092,17094,17096,1
2021-06-07 15:17:19.588,17092,17094,17096,1
2021-06-07 15:17:19.589,17092,17094,17096,1
2021-06-07 15:17:19.591,17092,17094,17096,1
2021-06-07 15:17:19.591,17092,17094,17096,1
2021-06-07 15:17:19.591,17092,17094,17096,1
2021-06-07 15:17:19.592,17092,17094,17096,2
2021-06-07 15:17:19.592,17092,17094,17096,1
2021-06-07 15:17:19.592,17092,17094,17096,1
2021-06-07 15:17:19.592,17092,17094,17096,1
2021-06-07 15:17:19.592,17092,17094,17096,1
2021-06-07 15:17:19.592,17092,17094,17095,1
2021-06-07 15:17:19.604,17092,17094,17095,1
2021-06-07 15:17:19.710,17094,17095,17095,2
2021-06-07 15:17:27.744,17095,17096,17096,1
2021-06-07 15:17:28.387,17095,17096,17096,2
2021-06-07 15:17:28.387,17095,17096,17097,3
2021-06-07 15:17:28.461,17095,17097,17097,2
2021-06-07 15:17:28.461,17095,17097,17097,1
2021-06-07 15:17:28.461,17095,17097,17097,1
2021-06-07 15:17:28.461,17095,17097,17097,1
2021-06-07 15:17:28.461,17095,17097,17097,1
2021-06-07 15:17:28.462,17095,17097,17097,1
2021-06-07 15:17:28.462,17095,17097,17097,1
2021-06-07 15:17:28.462,17095,17097,17097,1
2021-06-07 15:17:28.462,17095,17097,17098,1
2021-06-07 15:17:28.462,17095,17097,17098,1
2021-06-07 15:17:28.462,17095,17097,17098,1
2021-06-07 15:17:28.462,17095,17097,17098,1
2021-06-07 15:17:28.462,17095,17097,17098,1
2021-06-07 15:17:28.463,17095,17097,17098,1
2021-06-07 15:17:28.595,17097,17099,17097,1
2021-06-07 15:17:28.625,17097,17099,17099,3
2021-06-07 15:17:28.671,17097,17099,17098,2
2021-06-07 15:17:29.618,17096,17099,17096,1
2021-06-07 15:17:31.080,17096,17097,17097,1
2021-06-07 15:17:32.128,17096,17097,17096,1
2021-06-07 15:17:32.543,17095,17096,17096,1
2021-06-07 15:17:34.219,17095,17096,17096,1
2021-06-07 15:17:34.281,17095,17096,17095,2
2021-06-07 15:17:34.508,17093,17095,17095,1
2021-06-07 15:17:35.864,17093,17096,17096,1
2021-06-07 15:17:36.668,17093,17096,17096,1
2021-06-07 15:17:36.940,17093,17096,17096,2
2021-06-07 15:17:39.476,17093,17096,17096,4
2021-06-07 15:17:39.586,17094,17096,17096,1
2021-06-07 15:17:39.586,17094,17096,17096,1
2021-06-07 15:17:39.586,17094,17096,17096,1
2021-06-07 15:17:39.586,17094,17096,17096,1
2021-06-07 15:17:39.586,17094,17096,17096,1
2021-06-07 15:17:39.587,17094,17096,17097,1
2021-06-07 15:17:39.587,17094,17096,17097,1
2021-06-07 15:17:39.587,17094,17096,17097,1
2021-06-07 15:17:39.588,17094,17096,17098,1
2021-06-07 15:17:39.588,17094,17096,17099,1
2021-06-07 15:17:39.589,17094,17096,17099,1
2021-06-07 15:17:39.589,17094,17096,17099,1
2021-06-07 15:17:39.589,17094,17096,17099,1
2021-06-07 15:17:39.590,17094,17096,17099,1
2021-06-07 15:17:39.745,17097,17098,17098,2
2021-06-07 15:17:39.747,17097,17098,17098,1
2021-06-07 15:17:39.753,17097,17098,17097,1
2021-06-07 15:17:40.024,17097,17098,17097,1
2021-06-07 15:17:42.611,17096,17098,17096,1
2021-06-07 15:17:45.692,17097,17099,17097,2
2021-06-07 15:17:46.545,17096,17098,17096,1
2021-06-07 15:17:48.952,17097,17099,17099,1
2021-06-07 15:17:48.961,17097,17099,17099,1
2021-06-07 15:17:48.962,17097,17099,17099,1
2021-06-07 15:17:49.282,17097,17098,17097,1
2021-06-07 15:17:52.283,17097,17098,17097,1
2021-06-07 15:17:54.958,17097,17098,17098,1
2021-06-07 15:17:55.139,17097,17098,17097,1
2021-06-07 15:17:56.493,17096,17099,17097,1
2021-06-07 15:17:59.671,17097,17099,17097,1
2021-06-07 15:17:59.711,17097,17099,17099,1
2021-06-07 15:18:01.177,17096,17099,17099,1
2021-06-07 15:18:01.212,17096,17099,17099,1
2021-06-07 15:18:01.212,17096,17099,17099,3
2021-06-07 15:18:01.214,17096,17099,17099,1
2021-06-07 15:18:01.215,17096,17099,17099,3
2021-06-07 15:18:01.215,17096,17099,17100,1
2021-06-07 15:18:01.215,17096,17099,17100,1
2021-06-07 15:18:03.294,17097,17098,17098,1
2021-06-07 15:18:03.303,17097,17098,17098,1
2021-06-07 15:18:03.336,17097,17100,17100,1
2021-06-07 15:18:03.336,17097,17100,17100,1
2021-06-07 15:18:03.336,17097,17100,17100,1
2021-06-07 15:18:03.842,17098,17100,17100,1
2021-06-07 15:18:03.843,17098,17100,17100,1
2021-06-07 15:18:03.843,17098,17100,17100,1
2021-06-07 15:18:03.843,17098,17100,17100,1
2021-06-07 15:18:03.843,17098,17100,17100,1
2021-06-07 15:18:05.307,17097,17099,17099,1
2021-06-07 15:18:06.787,17097,17099,17099,1
2021-06-07 15:18:07.954,17098,17099,17099,1
2021-06-07 15:18:07.954,17098,17099,17100,4
2021-06-07 15:18:07.961,17098,17100,17100,1
2021-06-07 15:18:07.961,17098,17100,17100,1
2021-06-07 15:18:07.961,17098,17100,17100,1
2021-06-07 15:18:07.961,17098,17100,17100,1
2021-06-07 15:18:07.961,17098,17100,17100,1
2021-06-07 15:18:07.961,17098,17100,17100,1
2021-06-07 15:18:07.961,17098,17100,17101,1
2021-06-07 15:18:07.962,17098,17100,17101,1
2021-06-07 15:18:07.962,17098,17100,17101,1
2021-06-07 15:18:07.962,17098,17100,17102,1
2021-06-07 15:18:07.963,17098,17100,17102,1
2021-06-07 15:18:07.963,17098,17100,17102,1
2021-06-07 15:18:07.964,17098,17100,17100,1
2021-06-07 15:18:07.964,17098,17100,17102,1
2021-06-07 15:18:08.660,17100,17102,17100,3
2021-06-07 15:18:08.660,17100,17102,17099,2
2021-06-07 15:18:10.468,17099,17101,17099,1
2021-06-07 15:18:10.966,17100,17101,17100,1
2021-06-07 15:18:11.871,17099,17100,17099,2
2021-06-07 15:18:11.871,17099,17100,17098,3
2021-06-07 15:18:13.239,17098,17099,17099,1
2021-06-07 15:18:15.086,17098,17099,17099,1
2021-06-07 15:18:15.404,17098,17099,17099,1
2021-06-07 15:18:16.449,17098,17100,17100,3
2021-06-07 15:18:19.705,17099,17100,17100,3
2021-06-07 15:18:19.705,17099,17100,17101,2
2021-06-07 15:18:19.711,17099,17101,17101,2
2021-06-07 15:18:19.711,17099,17101,17101,1
2021-06-07 15:18:19.711,17099,17101,17101,1
2021-06-07 15:18:19.712,17099,17101,17102,1
2021-06-07 15:18:19.712,17099,17101,17102,1
2021-06-07 15:18:19.712,17099,17101,17102,1
2021-06-07 15:18:19.713,17099,17101,17102,1
2021-06-07 15:18:19.713,17099,17101,17102,1
2021-06-07 15:18:19.713,17099,17101,17102,1
2021-06-07 15:18:19.713,17099,17101,17102,1
2021-06-07 15:18:19.714,17099,17101,17102,1
2021-06-07 15:18:19.716,17099,17101,17101,1
2021-06-07 15:18:21.399,17100,17102,17100,1
2021-06-07 15:18:21.570,17099,17101,17101,1
2021-06-07 15:18:22.280,17100,17101,17100,1
2021-06-07 15:18:22.805,17099,17101,17101,1
2021-06-07 15:18:24.923,17099,17100,17100,1
2021-06-07 15:18:26.271,17099,17101,17099,1
2021-06-07 15:18:28.811,17099,17101,17101,1
2021-06-07 15:18:28.836,17099,17101,17101,1
2021-06-07 15:18:28.836,17099,17101,17101,1
2021-06-07 15:18:28.836,17099,17101,17101,1
2021-06-07 15:18:28.836,17099,17101,17101,1
2021-06-07 15:18:28.836,17099,17101,17102,1
2021-06-07 15:18:28.836,17099,17101,17102,1
2021-06-07 15:18:28.837,17099,17101,17102,1
2021-06-07 15:18:28.837,17099,17101,17102,1
2021-06-07 15:18:28.837,17099,17101,17102,1
2021-06-07 15:18:28.837,17099,17101,17102,1
2021-06-07 15:18:28.837,17099,17101,17102,1
2021-06-07 15:18:28.838,17099,17101,17102,1
2021-06-07 15:18:28.838,17099,17101,17102,1
2021-06-07 15:18:29.027,17100,17102,17100,1
2021-06-07 15:18:31.005,17099,17101,17101,1
2021-06-07 15:18:31.868,17099,17100,17099,2
2021-06-07 15:18:31.959,17098,17100,17098,7
2021-06-07 15:18:31.960,17098,17100,17098,13
2021-06-07 15:18:32.000,17098,17100,17098,1
2021-06-07 15:18:34.883,17097,17098,17098,1
2021-06-07 15:18:34.883,17097,17098,17099,1
2021-06-07 15:18:34.942,17097,17098,17099,1
2021-06-07 15:18:36.460,17098,17099,17098,1
2021-06-07 15:18:41.807,17098,17099,17098,1
2021-06-07 15:18:41.836,17098,17099,17099,1
2021-06-07 15:18:41.836,17098,17099,17099,1
2021-06-07 15:18:41.837,17098,17099,17100,1
2021-06-07 15:18:41.837,17098,17099,17100,1
2021-06-07 15:18:53.975,17098,17099,17099,1
2021-06-07 15:18:55.335,17098,17099,17098,1
2021-06-07 15:18:57.542,17097,17099,17098,1
2021-06-07 15:19:10.968,17098,17099,17098,1
2021-06-07 15:19:17.402,17097,17098,17098,1
2021-06-07 15:19:23.085,17097,17098,17097,4
2021-06-07 15:19:25.324,17096,17097,17096,2
2021-06-07 15:19:29.272,17095,17096,17095,1
2021-06-07 15:19:30.150,17094,17096,17096,2
2021-06-07 15:19:34.587,17095,17096,17096,1
2021-06-07 15:19:35.675,17095,17097,17095,1
2021-06-07 15:19:37.284,17095,17097,17097,1
2021-06-07 15:19:38.118,17097,17098,17098,1
2021-06-07 15:19:38.119,17097,17098,17098,1
2021-06-07 15:19:47.175,17098,17100,17098,1
2021-06-07 15:19:53.270,17098,17099,17098,1
2021-06-07 15:19:55.140,17098,17099,17098,2
2021-06-07 15:19:55.141,17098,17099,17098,1
2021-06-07 15:19:55.141,17098,17099,17098,1
2021-06-07 15:19:55.141,17098,17099,17098,1
2021-06-07 15:20:07.615,17096,17097,17097,1
2021-06-07 15:20:07.992,17096,17098,17098,1
2021-06-07 15:20:08.372,17096,17098,17098,1
2021-06-07 15:20:08.522,17096,17098,17096,1
2021-06-07 15:20:18.225,17095,17096,17095,1
2021-06-07 15:20:19.301,17095,17096,17096,11
2021-06-07 15:20:25.155,17096,17097,17097,2
2021-06-07 15:20:27.360,17097,17099,17099,1
2021-06-07 15:20:31.608,17097,17099,17099,1
2021-06-07 15:20:33.808,17098,17100,17098,1
2021-06-07 15:20:38.501,17099,17100,17099,2
2021-06-07 15:20:39.136,17099,17100,17100,1
2021-06-07 15:20:41.809,17098,17100,17100,2
2021-06-07 15:20:42.132,17098,17100,17098,1
2021-06-07 15:20:59.280,17099,17100,17099,1
2021-06-07 15:21:00.939,17099,17100,17099,1
2021-06-07 15:21:04.773,17098,17100,17100,7
2021-06-07 15:21:04.779,17098,17100,17101,4
2021-06-07 15:21:06.024,17100,17102,17100,1
2021-06-07 15:21:06.615,17100,17102,17100,1
2021-06-07 15:21:06.927,17100,17102,17100,1
2021-06-07 15:21:14.692,17101,17102,17101,1
2021-06-07 15:21:15.406,17101,17102,17101,1
2021-06-07 15:21:16.056,17100,17102,17101,1
2021-06-07 15:21:21.446,17101,17102,17101,1
2021-06-07 15:21:22.611,17101,17102,17101,4
2021-06-07 15:21:23.467,17100,17101,17101,1
2021-06-07 15:21:23.467,17100,17101,17102,1
2021-06-07 15:21:26.576,17100,17102,17102,2
2021-06-07 15:21:30.861,17100,17102,17102,1
2021-06-07 15:21:31.950,17100,17102,17102,1
2021-06-07 15:21:33.233,17100,17102,17102,1
2021-06-07 15:21:34.489,17100,17101,17101,1
2021-06-07 15:21:34.489,17100,17101,17102,2
2021-06-07 15:21:39.065,17101,17102,17102,1
2021-06-07 15:21:39.073,17101,17102,17103,5
2021-06-07 15:21:39.074,17101,17102,17103,1
2021-06-07 15:21:39.240,17102,17104,17104,1
2021-06-07 15:21:39.503,17103,17104,17104,1
2021-06-07 15:21:41.251,17103,17104,17104,1
2021-06-07 15:21:41.772,17103,17104,17104,1
2021-06-07 15:21:41.858,17103,17105,17103,1
2021-06-07 15:21:43.858,17104,17105,17104,1
2021-06-07 15:21:46.331,17103,17105,17103,1
2021-06-07 15:21:51.268,17103,17105,17103,1
2021-06-07 15:21:55.307,17104,17105,17105,1
2021-06-07 15:21:55.369,17104,17105,17105,2
2021-06-07 15:21:55.369,17104,17105,17105,16
2021-06-07 15:21:55.469,17105,17106,17106,1
2021-06-07 15:21:55.595,17105,17106,17106,1
2021-06-07 15:21:55.595,17105,17106,17106,4
2021-06-07 15:21:55.769,17106,17107,17107,1
2021-06-07 15:21:55.992,17106,17107,17107,1
2021-06-07 15:21:56.003,17106,17107,17107,1
2021-06-07 15:21:57.885,17105,17107,17107,1
2021-06-07 15:21:58.131,17105,17107,17107,1
2021-06-07 15:21:58.736,17106,17107,17106,1
2021-06-07 15:21:59.077,17105,17106,17105,3
2021-06-07 15:21:59.340,17103,17106,17106,6
2021-06-07 15:21:59.883,17104,17107,17107,1
2021-06-07 15:22:00.133,17104,17107,17107,1
2021-06-07 15:22:00.215,17105,17107,17107,1
2021-06-07 15:22:00.216,17105,17107,17107,1
2021-06-07 15:22:00.222,17105,17107,17107,1
2021-06-07 15:22:01.894,17106,17107,17107,1
2021-06-07 15:22:01.961,17106,17107,17107,1
2021-06-07 15:22:01.962,17106,17107,17107,1
2021-06-07 15:22:02.607,17106,17107,17106,1
2021-06-07 15:22:03.382,17106,17107,17107,2
2021-06-07 15:22:03.384,17106,17107,17106,1
2021-06-07 15:22:03.686,17106,17108,17108,2
2021-06-07 15:22:03.742,17107,17108,17108,1
2021-06-07 15:22:03.861,17107,17108,17108,1
2021-06-07 15:22:03.886,17107,17108,17108,1
2021-06-07 15:22:03.886,17107,17108,17108,1
2021-06-07 15:22:03.886,17107,17108,17108,1
2021-06-07 15:22:04.488,17107,17108,17108,3
2021-06-07 15:22:04.888,17107,17109,17107,1
2021-06-07 15:22:05.150,17107,17108,17107,1
2021-06-07 15:22:05.424,17106,17108,17108,1
2021-06-07 15:22:06.452,17106,17108,17106,1
2021-06-07 15:22:08.664,17107,17108,17108,1
2021-06-07 15:22:08.711,17107,17108,17108,1
2021-06-07 15:22:08.711,17107,17108,17109,1
2021-06-07 15:22:08.711,17107,17108,17109,1
2021-06-07 15:22:08.711,17107,17108,17109,1
2021-06-07 15:22:08.711,17107,17108,17109,1
2021-06-07 15:22:08.712,17107,17108,17109,1
2021-06-07 15:22:08.712,17107,17108,17109,1
2021-06-07 15:22:08.712,17107,17108,17109,1
2021-06-07 15:22:09.801,17107,17109,17107,1
2021-06-07 15:22:09.868,17107,17109,17109,2
2021-06-07 15:22:12.929,17107,17109,17108,1
2021-06-07 15:22:13.434,17107,17109,17107,1
2021-06-07 15:22:17.248,17107,17108,17107,3
2021-06-07 15:22:20.014,17106,17107,17106,2
2021-06-07 15:22:20.086,17105,17107,17107,1
2021-06-07 15:22:25.264,17105,17106,17106,1
2021-06-07 15:22:27.600,17105,17106,17105,4
2021-06-07 15:22:27.600,17105,17106,17105,1
2021-06-07 15:22:28.694,17104,17106,17106,1
2021-06-07 15:22:28.711,17104,17106,17106,1
2021-06-07 15:22:28.711,17104,17106,17106,1
2021-06-07 15:22:28.711,17104,17106,17106,1
2021-06-07 15:22:28.712,17104,17106,17107,1
2021-06-07 15:22:28.712,17104,17106,17107,1
2021-06-07 15:22:28.713,17104,17106,17107,1
2021-06-07 15:22:28.740,17104,17106,17105,1
2021-06-07 15:22:29.843,17105,17106,17106,1
2021-06-07 15:22:30.525,17106,17107,17106,1
2021-06-07 15:22:30.525,17106,17107,17106,2
2021-06-07 15:22:32.419,17105,17107,17105,1
2021-06-07 15:22:32.457,17105,17107,17107,4
2021-06-07 15:22:32.458,17105,17107,17107,1
2021-06-07 15:22:32.458,17105,17107,17107,1
2021-06-07 15:22:32.458,17105,17107,17107,1
2021-06-07 15:22:32.458,17105,17107,17107,3
2021-06-07 15:22:39.157,17105,17106,17106,1
2021-06-07 15:22:49.457,17105,17106,17106,1
2021-06-07 15:22:49.461,17105,17106,17106,1
2021-06-07 15:22:49.463,17105,17106,17106,1
2021-06-07 15:22:54.482,17106,17107,17106,1
2021-06-07 15:22:57.417,17106,17107,17107,1
2021-06-07 15:22:57.910,17106,17107,17106,1
2021-06-07 15:23:01.933,17106,17107,17106,5
2021-06-07 15:23:09.015,17106,17107,17106,1
2021-06-07 15:23:10.009,17106,17107,17106,6
2021-06-07 15:23:10.086,17105,17106,17106,1
2021-06-07 15:23:10.086,17105,17106,17106,1
2021-06-07 15:23:10.529,17105,17106,17105,2
2021-06-07 15:23:10.529,17105,17106,17105,2
2021-06-07 15:23:10.529,17105,17106,17105,1
2021-06-07 15:23:10.529,17105,17106,17105,1
2021-06-07 15:23:10.529,17105,17106,17105,1
2021-06-07 15:23:10.529,17105,17106,17105,4
2021-06-07 15:23:10.529,17105,17106,17105,1
2021-06-07 15:23:10.529,17105,17106,17105,1
2021-06-07 15:23:11.303,17104,17106,17106,3
2021-06-07 15:23:19.938,17105,17107,17105,1
2021-06-07 15:23:30.074,17104,17105,17105,1
2021-06-07 15:23:33.393,17105,17107,17107,10
2021-06-07 15:23:33.396,17105,17107,17108,1
2021-06-07 15:23:33.399,17105,17107,17108,1
2021-06-07 15:23:33.399,17105,17107,17108,4
2021-06-07 15:23:33.461,17108,17109,17109,1
2021-06-07 15:23:33.930,17107,17109,17107,1
2021-06-07 15:23:37.215,17107,17109,17107,1
2021-06-07 15:23:43.712,17107,17108,17107,1
2021-06-07 15:23:45.860,17105,17107,17107,1
2021-06-07 15:23:48.983,17106,17107,17106,4
2021-06-07 15:23:49.602,17105,17107,17107,1
2021-06-07 15:23:51.302,17106,17107,17106,1
2021-06-07 15:23:53.188,17105,17107,17105,1
2021-06-07 15:23:58.259,17105,17106,17106,1
2021-06-07 15:24:00.345,17106,17107,17107,1
2021-06-07 15:24:00.345,17106,17107,17107,4
2021-06-07 15:24:00.433,17106,17107,17108,1
2021-06-07 15:24:01.311,17108,17109,17109,2
2021-06-07 15:24:01.312,17108,17109,17109,1
2021-06-07 15:24:01.312,17108,17109,17109,1
2021-06-07 15:24:01.312,17108,17109,17109,5
2021-06-07 15:24:02.761,17109,17110,17109,1
2021-06-07 15:24:04.325,17109,17110,17109,1
2021-06-07 15:24:05.508,17109,17110,17110,9
2021-06-07 15:24:05.508,17109,17110,17110,4
2021-06-07 15:24:05.508,17109,17110,17110,1
2021-06-07 15:24:05.508,17109,17110,17110,1
2021-06-07 15:24:05.508,17109,17110,17110,1
2021-06-07 15:24:05.508,17109,17110,17110,1
2021-06-07 15:24:05.508,17109,17110,17110,1
2021-06-07 15:24:05.537,17109,17110,17111,4
2021-06-07 15:24:05.659,17111,17112,17112,1
2021-06-07 15:24:05.659,17111,17112,17112,1
2021-06-07 15:24:05.660,17111,17112,17112,6
2021-06-07 15:24:05.777,17112,17113,17113,1
2021-06-07 15:24:05.876,17112,17113,17113,2
2021-06-07 15:24:05.910,17112,17113,17113,2
2021-06-07 15:24:05.913,17112,17113,17113,6
2021-06-07 15:24:05.913,17112,17113,17113,1
2021-06-07 15:24:05.914,17112,17113,17113,1
2021-06-07 15:24:05.914,17112,17113,17113,1
2021-06-07 15:24:05.914,17112,17113,17113,1
2021-06-07 15:24:05.995,17113,17114,17114,1
2021-06-07 15:24:06.059,17113,17114,17114,1
2021-06-07 15:24:06.061,17113,17114,17114,1
2021-06-07 15:24:06.062,17113,17114,17114,1
2021-06-07 15:24:06.069,17113,17114,17115,2
2021-06-07 15:24:06.071,17113,17114,17115,2
2021-06-07 15:24:06.071,17113,17114,17115,1
2021-06-07 15:24:06.078,17113,17114,17115,1
2021-06-07 15:24:06.085,17113,17115,17115,1
2021-06-07 15:24:06.088,17113,17115,17115,1
2021-06-07 15:24:06.096,17113,17115,17115,1
2021-06-07 15:24:06.098,17113,17115,17115,1
2021-06-07 15:24:06.102,17113,17115,17116,1
2021-06-07 15:24:06.110,17113,17115,17116,1
2021-06-07 15:24:06.128,17113,17115,17116,1
2021-06-07 15:24:06.161,17113,17115,17116,4
2021-06-07 15:24:06.164,17113,17115,17116,1
2021-06-07 15:24:06.297,17115,17116,17116,1
2021-06-07 15:24:06.323,17115,17116,17116,2
2021-06-07 15:24:06.348,17115,17116,17116,1
2021-06-07 15:24:06.418,17115,17116,17115,3
2021-06-07 15:24:06.448,17115,17116,17115,1
2021-06-07 15:24:06.492,17114,17115,17115,1
2021-06-07 15:24:06.503,17114,17115,17115,6
2021-06-07 15:24:06.514,17114,17115,17115,2
2021-06-07 15:24:06.551,17114,17115,17115,2
2021-06-07 15:24:06.555,17114,17115,17115,1
2021-06-07 15:24:06.584,17114,17115,17115,12
2021-06-07 15:24:06.585,17114,17115,17115,3
2021-06-07 15:24:06.585,17114,17115,17115,1
2021-06-07 15:24:06.585,17114,17115,17115,8
2021-06-07 15:24:06.623,17114,17115,17116,1
2021-06-07 15:24:06.761,17114,17116,17116,1
2021-06-07 15:24:06.792,17114,17116,17117,1
2021-06-07 15:24:06.833,17114,17116,17116,1
2021-06-07 15:24:06.862,17114,17117,17117,1
2021-06-07 15:24:07.144,17114,17116,17116,1
2021-06-07 15:24:07.468,17114,17116,17116,1
2021-06-07 15:24:07.751,17114,17116,17116,1
2021-06-07 15:24:08.748,17114,17115,17114,1
2021-06-07 15:24:08.987,17114,17115,17114,2
2021-06-07 15:24:09.044,17114,17115,17115,1
2021-06-07 15:24:09.091,17113,17115,17115,1
2021-06-07 15:24:10.392,17113,17114,17113,1
2021-06-07 15:24:11.342,17113,17114,17113,1
2021-06-07 15:24:11.996,17113,17114,17114,1
2021-06-07 15:24:11.996,17113,17114,17115,4
2021-06-07 15:24:14.681,17114,17115,17114,1
2021-06-07 15:24:15.778,17113,17115,17115,1
2021-06-07 15:24:17.084,17113,17114,17114,2
2021-06-07 15:24:17.606,17113,17115,17113,1
2021-06-07 15:24:18.275,17113,17115,17114,1
2021-06-07 15:24:18.275,17113,17115,17115,1
2021-06-07 15:24:18.336,17113,17115,17115,1
2021-06-07 15:24:18.337,17113,17115,17115,1
2021-06-07 15:24:19.257,17114,17115,17115,1
2021-06-07 15:24:19.257,17114,17115,17116,1
2021-06-07 15:24:23.145,17114,17115,17114,1
2021-06-07 15:24:23.559,17114,17115,17114,1
2021-06-07 15:24:25.089,17114,17115,17115,1
2021-06-07 15:24:26.622,17114,17115,17114,1
2021-06-07 15:24:29.042,17114,17115,17114,4
2021-06-07 15:24:29.086,17113,17115,17115,1
2021-06-07 15:24:29.843,17114,17115,17114,1
2021-06-07 15:24:30.294,17114,17115,17115,1
2021-06-07 15:24:30.294,17114,17115,17116,1
2021-06-07 15:24:31.544,17115,17116,17116,1
2021-06-07 15:24:31.834,17115,17116,17116,1
2021-06-07 15:24:32.764,17115,17116,17116,1
2021-06-07 15:24:34.340,17115,17116,17116,1
2021-06-07 15:24:34.340,17115,17116,17117,1
2021-06-07 15:24:35.901,17115,17116,17116,1
2021-06-07 15:24:36.425,17115,17117,17115,1
2021-06-07 15:24:38.479,17115,17116,17116,1
2021-06-07 15:24:40.529,17116,17117,17116,1
2021-06-07 15:24:40.564,17116,17117,17117,1
2021-06-07 15:24:42.150,17116,17117,17116,1
2021-06-07 15:24:42.158,17116,17117,17117,1
2021-06-07 15:24:42.464,17116,17118,17116,1
2021-06-07 15:24:43.209,17116,17117,17117,1
2021-06-07 15:24:46.460,17116,17117,17117,1
2021-06-07 15:24:47.350,17116,17117,17116,2
2021-06-07 15:24:47.491,17115,17117,17117,1
2021-06-07 15:24:47.491,17115,17117,17117,1
2021-06-07 15:24:48.502,17115,17116,17115,1
2021-06-07 15:24:49.574,17115,17116,17115,5
2021-06-07 15:24:50.959,17114,17115,17115,1
2021-06-07 15:24:51.351,17114,17116,17116,1
2021-06-07 15:24:51.360,17114,17116,17117,1
2021-06-07 15:24:51.768,17115,17117,17117,4
2021-06-07 15:24:54.664,17115,17117,17117,2
2021-06-07 15:24:55.591,17116,17117,17117,1
2021-06-07 15:24:59.231,17116,17117,17117,1
2021-06-07 15:24:59.334,17116,17117,17117,8
2021-06-07 15:25:01.164,17117,17118,17117,1
2021-06-07 15:25:01.595,17117,17118,17118,1
2021-06-07 15:25:01.610,17117,17118,17118,1
2021-06-07 15:25:01.746,17117,17118,17118,2
2021-06-07 15:25:01.746,17117,17118,17118,7
2021-06-07 15:25:02.362,17118,17119,17119,1
2021-06-07 15:25:02.440,17118,17119,17119,1
2021-06-07 15:25:02.461,17118,17119,17119,1
2021-06-07 15:25:02.461,17118,17119,17119,1
2021-06-07 15:25:02.512,17118,17119,17119,1
2021-06-07 15:25:03.008,17118,17119,17119,1
2021-06-07 15:25:03.717,17118,17119,17118,1
2021-06-07 15:25:03.924,17118,17119,17119,1
2021-06-07 15:25:04.199,17118,17119,17118,1
2021-06-07 15:25:04.344,17118,17119,17119,1
2021-06-07 15:25:04.444,17118,17119,17119,4
2021-06-07 15:25:04.555,17118,17119,17119,1
2021-06-07 15:25:04.555,17118,17119,17119,1
2021-06-07 15:25:04.556,17118,17119,17119,5
2021-06-07 15:25:04.558,17118,17119,17120,1
2021-06-07 15:25:04.788,17119,17120,17120,1
2021-06-07 15:25:04.873,17119,17120,17120,1
2021-06-07 15:25:04.889,17119,17120,17120,1
2021-06-07 15:25:04.889,17119,17120,17120,1
2021-06-07 15:25:04.889,17119,17120,17120,1
2021-06-07 15:25:04.889,17119,17120,17120,1
2021-06-07 15:25:04.889,17119,17120,17120,1
2021-06-07 15:25:04.889,17119,17120,17120,1
2021-06-07 15:25:04.889,17119,17120,17120,1
2021-06-07 15:25:04.889,17119,17120,17120,1
2021-06-07 15:25:04.917,17119,17120,17119,1
2021-06-07 15:25:04.957,17119,17120,17120,1
2021-06-07 15:25:04.976,17119,17120,17120,1
2021-06-07 15:25:05.012,17119,17120,17120,1
2021-06-07 15:25:05.012,17119,17120,17120,1
2021-06-07 15:25:05.012,17119,17120,17120,1
2021-06-07 15:25:05.012,17119,17120,17120,1
2021-06-07 15:25:05.012,17119,17120,17120,5
2021-06-07 15:25:05.012,17119,17120,17120,1
2021-06-07 15:25:05.013,17119,17120,17120,1
2021-06-07 15:25:05.013,17119,17120,17120,1
2021-06-07 15:25:05.013,17119,17120,17120,1
2021-06-07 15:25:05.013,17119,17120,17120,5
2021-06-07 15:25:05.105,17120,17121,17121,1
2021-06-07 15:25:05.156,17120,17121,17121,1
2021-06-07 15:25:05.182,17120,17121,17121,1
2021-06-07 15:25:05.230,17120,17121,17121,1
2021-06-07 15:25:05.292,17120,17121,17120,2
2021-06-07 15:25:05.333,17120,17121,17120,1
2021-06-07 15:25:05.418,17119,17120,17120,1
2021-06-07 15:25:05.436,17119,17120,17120,1
2021-06-07 15:25:05.444,17119,17120,17120,3
2021-06-07 15:25:05.447,17119,17120,17120,2
2021-06-07 15:25:05.467,17119,17120,17120,1
2021-06-07 15:25:05.476,17119,17120,17120,6
2021-06-07 15:25:05.477,17119,17120,17120,1
2021-06-07 15:25:05.483,17119,17120,17120,1
2021-06-07 15:25:05.484,17119,17120,17120,2
2021-06-07 15:25:05.484,17119,17120,17120,1
2021-06-07 15:25:05.533,17119,17120,17120,2
2021-06-07 15:25:05.557,17119,17120,17120,1
2021-06-07 15:25:05.662,17119,17121,17121,1
2021-06-07 15:25:05.889,17119,17122,17122,1
2021-06-07 15:25:05.889,17119,17122,17122,1
2021-06-07 15:25:05.973,17120,17122,17122,1
2021-06-07 15:25:05.983,17120,17122,17122,2
2021-06-07 15:25:06.084,17120,17122,17122,2
2021-06-07 15:25:06.097,17120,17122,17122,1
2021-06-07 15:25:06.102,17120,17122,17122,1
2021-06-07 15:25:06.122,17120,17122,17122,1
2021-06-07 15:25:06.169,17120,17122,17122,1
2021-06-07 15:25:06.186,17120,17122,17122,1
2021-06-07 15:25:06.198,17120,17122,17122,3
2021-06-07 15:25:06.200,17120,17122,17122,1
2021-06-07 15:25:06.201,17120,17122,17123,2
2021-06-07 15:25:06.210,17121,17123,17123,1
2021-06-07 15:25:06.261,17121,17123,17123,1
2021-06-07 15:25:06.262,17121,17123,17123,4
2021-06-07 15:25:06.320,17121,17123,17123,1
2021-06-07 15:25:06.326,17121,17123,17123,1
2021-06-07 15:25:06.353,17122,17123,17123,1
2021-06-07 15:25:06.357,17122,17123,17124,1
2021-06-07 15:25:06.528,17122,17124,17124,1
2021-06-07 15:25:06.533,17122,17124,17124,1
2021-06-07 15:25:06.705,17122,17124,17124,2
2021-06-07 15:25:06.966,17122,17124,17124,1
2021-06-07 15:25:07.036,17122,17124,17122,1
2021-06-07 15:25:07.164,17122,17124,17122,1
2021-06-07 15:25:07.520,17121,17123,17122,1
2021-06-07 15:25:07.759,17121,17123,17123,1
2021-06-07 15:25:07.981,17121,17123,17123,1
2021-06-07 15:25:08.069,17121,17123,17123,1
2021-06-07 15:25:08.132,17121,17123,17123,1
2021-06-07 15:25:08.586,17121,17123,17123,1
2021-06-07 15:25:09.626,17121,17123,17123,3
2021-06-07 15:25:09.626,17121,17123,17124,18
2021-06-07 15:25:09.626,17121,17123,17125,7
2021-06-07 15:25:09.778,17123,17125,17125,2
2021-06-07 15:25:09.820,17123,17125,17124,1
2021-06-07 15:25:09.840,17123,17124,17124,2
2021-06-07 15:25:10.010,17123,17124,17124,1
2021-06-07 15:25:10.010,17123,17124,17125,5
2021-06-07 15:25:10.020,17123,17124,17125,2
2021-06-07 15:25:10.040,17123,17124,17125,1
2021-06-07 15:25:10.296,17123,17124,17123,1
2021-06-07 15:25:11.174,17123,17124,17125,1
2021-06-07 15:25:11.175,17123,17124,17123,1
2021-06-07 15:25:11.327,17123,17125,17123,1
2021-06-07 15:25:11.401,17123,17124,17124,1
2021-06-07 15:25:11.481,17123,17124,17123,1
2021-06-07 15:25:11.512,17123,17124,17124,1
2021-06-07 15:25:11.685,17122,17124,17123,1
2021-06-07 15:25:11.793,17122,17124,17123,1
2021-06-07 15:25:13.381,17122,17123,17122,1
2021-06-07 15:25:13.568,17122,17123,17123,1
2021-06-07 15:25:13.614,17122,17123,17122,2
2021-06-07 15:25:13.690,17122,17123,17123,3
2021-06-07 15:25:13.872,17122,17123,17123,1
2021-06-07 15:25:13.947,17122,17123,17123,1
2021-06-07 15:25:14.083,17122,17123,17122,1
2021-06-07 15:25:14.223,17122,17123,17123,2
2021-06-07 15:25:14.393,17122,17123,17122,1
2021-06-07 15:25:14.675,17122,17123,17123,1
2021-06-07 15:25:14.741,17122,17123,17123,1
2021-06-07 15:25:16.196,17122,17123,17122,6
2021-06-07 15:25:16.247,17121,17122,17122,1
2021-06-07 15:25:16.660,17121,17123,17123,12
2021-06-07 15:25:18.498,17122,17123,17122,1
2021-06-07 15:25:18.498,17122,17123,17122,4
2021-06-07 15:25:19.107,17121,17123,17123,1
2021-06-07 15:25:19.576,17121,17123,17121,1
2021-06-07 15:25:19.635,17120,17121,17121,1
2021-06-07 15:25:19.709,17120,17121,17121,1
2021-06-07 15:25:19.779,17120,17121,17122,1
2021-06-07 15:25:23.576,17120,17121,17121,1
2021-06-07 15:25:23.592,17120,17121,17121,1
2021-06-07 15:25:25.126,17120,17121,17121,1
2021-06-07 15:25:25.126,17120,17121,17122,3
2021-06-07 15:25:25.128,17120,17121,17122,2
2021-06-07 15:25:25.647,17120,17122,17122,1
2021-06-07 15:25:28.325,17121,17122,17121,1
2021-06-07 15:25:28.693,17121,17122,17121,1
2021-06-07 15:25:29.460,17121,17122,17121,1
2021-06-07 15:25:29.591,17121,17122,17121,1
2021-06-07 15:25:29.591,17121,17122,17121,1
2021-06-07 15:25:30.084,17120,17121,17121,1
2021-06-07 15:25:30.207,17120,17121,17122,1
2021-06-07 15:25:32.074,17121,17122,17121,9
2021-06-07 15:25:32.477,17120,17121,17120,1
2021-06-07 15:25:32.691,17120,17121,17121,2
2021-06-07 15:25:33.903,17120,17121,17120,1
2021-06-07 15:25:33.903,17120,17121,17120,5
2021-06-07 15:25:33.904,17120,17121,17120,1
2021-06-07 15:25:34.227,17119,17121,17120,1
2021-06-07 15:25:34.877,17119,17121,17121,2
2021-06-07 15:25:35.058,17119,17121,17121,1
2021-06-07 15:25:36.656,17119,17120,17120,3
2021-06-07 15:25:36.854,17120,17121,17120,1
2021-06-07 15:25:38.879,17119,17120,17119,1
2021-06-07 15:25:38.954,17119,17120,17120,3
2021-06-07 15:25:41.395,17119,17120,17119,1
2021-06-07 15:25:41.977,17119,17120,17119,1
2021-06-07 15:25:42.886,17119,17120,17120,1
2021-06-07 15:25:42.909,17119,17120,17120,1
2021-06-07 15:25:43.691,17119,17121,17119,1
2021-06-07 15:25:45.921,17119,17121,17119,5
2021-06-07 15:25:47.279,17119,17120,17119,1
2021-06-07 15:25:49.850,17119,17120,17120,2
2021-06-07 15:25:50.318,17119,17120,17120,3
2021-06-07 15:25:51.506,17119,17121,17119,2
2021-06-07 15:25:51.931,17118,17119,17119,1
2021-06-07 15:25:53.655,17118,17119,17118,5
2021-06-07 15:25:53.734,17118,17119,17119,1
2021-06-07 15:25:55.596,17118,17119,17118,1
2021-06-07 15:25:55.597,17118,17119,17118,2
2021-06-07 15:25:55.597,17118,17119,17118,4
2021-06-07 15:25:55.824,17117,17119,17117,1
2021-06-07 15:25:56.720,17117,17119,17119,1
2021-06-07 15:25:57.684,17117,17119,17119,3
2021-06-07 15:25:57.684,17117,17119,17120,1
2021-06-07 15:25:58.669,17118,17120,17118,1
2021-06-07 15:26:00.084,17118,17119,17119,2
2021-06-07 15:26:02.739,17119,17120,17119,1
2021-06-07 15:26:03.015,17118,17120,17120,1
2021-06-07 15:26:03.687,17118,17120,17118,4
2021-06-07 15:26:05.626,17118,17119,17119,1
2021-06-07 15:26:11.926,17118,17119,17119,1
2021-06-07 15:26:11.926,17118,17119,17119,1
2021-06-07 15:26:11.926,17118,17119,17119,2
2021-06-07 15:26:12.173,17119,17120,17119,1
2021-06-07 15:26:19.582,17118,17119,17118,1
2021-06-07 15:26:20.116,17118,17119,17119,1
2021-06-07 15:26:22.808,17119,17120,17119,1
2021-06-07 15:26:24.286,17118,17119,17118,2
2021-06-07 15:26:24.775,17118,17119,17119,1
2021-06-07 15:26:24.815,17118,17119,17120,1
2021-06-07 15:26:24.816,17118,17119,17120,1
2021-06-07 15:26:24.816,17118,17119,17120,2
2021-06-07 15:26:31.299,17119,17121,17121,1
2021-06-07 15:26:31.299,17119,17121,17121,3
2021-06-07 15:26:32.680,17121,17122,17121,1
2021-06-07 15:26:33.502,17121,17122,17122,7
2021-06-07 15:26:33.502,17121,17122,17122,7
2021-06-07 15:26:34.693,17122,17123,17122,1
2021-06-07 15:26:35.230,17122,17123,17122,2
2021-06-07 15:26:35.744,17122,17123,17122,1
2021-06-07 15:26:35.744,17122,17123,17121,4
2021-06-07 15:26:37.741,17122,17123,17123,16
2021-06-07 15:26:40.302,17123,17124,17124,1
2021-06-07 15:26:40.548,17123,17124,17124,3
2021-06-07 15:26:40.826,17124,17125,17124,1
2021-06-07 15:26:41.439,17123,17125,17123,2
2021-06-07 15:26:41.439,17123,17125,17122,3
2021-06-07 15:26:41.523,17122,17124,17124,1
2021-06-07 15:26:42.332,17122,17125,17125,2
2021-06-07 15:26:43.077,17123,17125,17125,8
2021-06-07 15:26:43.254,17123,17125,17125,1
2021-06-07 15:26:44.015,17123,17125,17125,4
2021-06-07 15:26:44.153,17123,17125,17125,1
2021-06-07 15:26:44.720,17124,17125,17124,2
2021-06-07 15:26:44.720,17124,17125,17123,3
2021-06-07 15:26:45.407,17123,17125,17124,1
2021-06-07 15:26:45.749,17123,17125,17125,1
2021-06-07 15:26:47.225,17123,17124,17124,1
2021-06-07 15:26:47.225,17123,17124,17125,1
2021-06-07 15:26:47.961,17124,17125,17125,3
2021-06-07 15:26:50.675,17124,17125,17124,1
2021-06-07 15:26:55.560,17123,17124,17124,1
2021-06-07 15:26:59.214,17123,17124,17123,1
2021-06-07 15:26:59.215,17123,17124,17123,14
2021-06-07 15:26:59.451,17122,17123,17123,1
2021-06-07 15:26:59.459,17122,17123,17122,1
2021-06-07 15:26:59.510,17122,17123,17123,1
2021-06-07 15:26:59.636,17122,17123,17123,1
2021-06-07 15:27:04.831,17123,17124,17124,1
2021-06-07 15:27:05.143,17123,17124,17124,1
2021-06-07 15:27:05.143,17123,17124,17124,5
2021-06-07 15:27:05.197,17123,17124,17125,1
2021-06-07 15:27:05.214,17123,17125,17125,1
2021-06-07 15:27:05.374,17123,17125,17125,1
2021-06-07 15:27:05.388,17123,17125,17125,1
2021-06-07 15:27:05.394,17123,17125,17125,7
2021-06-07 15:27:05.395,17123,17125,17125,5
2021-06-07 15:27:05.520,17124,17126,17126,1
2021-06-07 15:27:05.967,17125,17126,17125,1
2021-06-07 15:27:06.390,17125,17126,17126,3
2021-06-07 15:27:07.405,17125,17126,17126,2
2021-06-07 15:27:07.462,17125,17126,17126,1
2021-06-07 15:27:09.209,17124,17125,17125,1
2021-06-07 15:27:09.444,17125,17126,17126,1
2021-06-07 15:27:11.296,17124,17126,17126,3
2021-06-07 15:27:11.297,17124,17126,17126,1
2021-06-07 15:27:11.297,17124,17126,17126,5
2021-06-07 15:27:11.297,17124,17126,17126,1
2021-06-07 15:27:11.297,17124,17126,17126,5
2021-06-07 15:27:11.297,17124,17126,17126,1
2021-06-07 15:27:12.652,17126,17127,17126,1
2021-06-07 15:27:13.551,17126,17127,17127,1
2021-06-07 15:27:13.552,17126,17127,17127,1
2021-06-07 15:27:13.552,17126,17127,17127,3
2021-06-07 15:27:13.552,17126,17127,17127,1
2021-06-07 15:27:13.626,17127,17128,17128,1
2021-06-07 15:27:14.337,17127,17128,17128,6
2021-06-07 15:27:14.493,17127,17128,17127,2
2021-06-07 15:27:15.012,17127,17128,17128,1
2021-06-07 15:27:15.013,17127,17128,17128,1
2021-06-07 15:27:15.204,17127,17128,17127,1
2021-06-07 15:27:15.229,17127,17128,17128,2
2021-06-07 15:27:17.557,17126,17128,17128,1
2021-06-07 15:27:17.750,17126,17128,17126,1
2021-06-07 15:27:17.773,17126,17128,17126,1
2021-06-07 15:27:17.776,17126,17128,17128,1
2021-06-07 15:27:19.251,17126,17127,17127,1
2021-06-07 15:27:19.338,17126,17128,17128,1
2021-06-07 15:27:22.383,17127,17128,17128,1
2021-06-07 15:27:23.635,17127,17128,17128,1
2021-06-07 15:27:25.062,17127,17128,17128,1
2021-06-07 15:27:25.370,17127,17128,17127,2
2021-06-07 15:27:25.559,17126,17128,17128,1
2021-06-07 15:27:26.580,17126,17128,17128,6
2021-06-07 15:27:26.742,17127,17128,17128,1
2021-06-07 15:27:26.834,17127,17128,17128,9
2021-06-07 15:27:27.456,17127,17129,17127,2
2021-06-07 15:27:28.993,17128,17129,17129,1
2021-06-07 15:27:29.160,17128,17129,17129,1
2021-06-07 15:27:29.364,17128,17129,17129,2
2021-06-07 15:27:29.953,17128,17129,17128,1
2021-06-07 15:27:29.983,17128,17129,17129,2
2021-06-07 15:27:30.010,17128,17129,17129,1
2021-06-07 15:27:30.551,17128,17129,17128,1
2021-06-07 15:27:31.020,17127,17129,17129,1
2021-06-07 15:27:31.022,17127,17129,17129,1
2021-06-07 15:27:31.247,17127,17129,17129,1
2021-06-07 15:27:35.389,17128,17129,17128,1
2021-06-07 15:27:36.274,17128,17129,17129,4
2021-06-07 15:27:36.293,17128,17129,17129,1
2021-06-07 15:27:36.307,17128,17129,17129,2
2021-06-07 15:27:36.539,17128,17129,17128,1
2021-06-07 15:27:37.616,17128,17129,17128,1
2021-06-07 15:27:37.712,17128,17129,17129,1
2021-06-07 15:27:37.938,17128,17129,17128,9
2021-06-07 15:27:38.803,17127,17128,17127,1
2021-06-07 15:27:39.349,17127,17128,17128,1
2021-06-07 15:27:41.549,17127,17128,17128,1
2021-06-07 15:27:41.576,17127,17128,17128,1
2021-06-07 15:27:41.576,17127,17128,17129,1
2021-06-07 15:27:43.554,17127,17128,17128,1
2021-06-07 15:27:43.609,17127,17129,17129,1
2021-06-07 15:27:44.010,17127,17129,17129,1
2021-06-07 15:27:45.033,17127,17129,17127,1
2021-06-07 15:27:45.421,17127,17128,17128,1
2021-06-07 15:27:45.712,17127,17129,17129,4
2021-06-07 15:27:46.468,17127,17128,17128,1
2021-06-07 15:27:47.749,17128,17129,17128,1
2021-06-07 15:27:52.771,17128,17129,17128,4
2021-06-07 15:27:54.009,17127,17129,17128,1
2021-06-07 15:27:56.319,17127,17128,17128,1
2021-06-07 15:27:58.436,17127,17128,17128,1
2021-06-07 15:27:58.462,17127,17128,17128,1
2021-06-07 15:27:58.463,17127,17128,17128,1
2021-06-07 15:27:58.463,17127,17128,17128,2
2021-06-07 15:27:59.455,17128,17129,17128,3
2021-06-07 15:27:59.607,17127,17129,17129,2
2021-06-07 15:28:00.119,17128,17129,17129,1
2021-06-07 15:28:00.119,17128,17129,17129,1
2021-06-07 15:28:00.119,17128,17129,17129,1
2021-06-07 15:28:00.411,17128,17129,17129,15
2021-06-07 15:28:00.510,17129,17130,17130,30
2021-06-07 15:28:00.511,17129,17130,17130,7
2021-06-07 15:28:00.511,17129,17130,17130,5
2021-06-07 15:28:00.511,17129,17130,17130,1
2021-06-07 15:28:00.511,17129,17130,17131,1
2021-06-07 15:28:00.604,17130,17131,17131,7
2021-06-07 15:28:00.604,17130,17131,17132,1
2021-06-07 15:28:00.609,17130,17131,17132,2
2021-06-07 15:28:00.610,17130,17131,17132,1
2021-06-07 15:28:00.622,17130,17131,17132,1
2021-06-07 15:28:00.628,17130,17131,17132,1
2021-06-07 15:28:00.631,17130,17131,17132,4
2021-06-07 15:28:00.631,17130,17131,17132,5
2021-06-07 15:28:00.631,17130,17131,17132,1
2021-06-07 15:28:00.638,17130,17131,17132,9
2021-06-07 15:28:00.639,17130,17131,17132,1
2021-06-07 15:28:00.639,17130,17131,17132,5
2021-06-07 15:28:00.639,17130,17131,17132,1
2021-06-07 15:28:00.646,17130,17131,17133,4
2021-06-07 15:28:00.649,17130,17131,17133,2
2021-06-07 15:28:00.651,17130,17131,17133,1
2021-06-07 15:28:00.657,17130,17131,17133,3
2021-06-07 15:28:00.657,17130,17131,17134,3
2021-06-07 15:28:00.657,17130,17131,17135,8
2021-06-07 15:28:00.672,17130,17131,17135,1
2021-06-07 15:28:00.679,17130,17131,17135,2
2021-06-07 15:28:00.679,17130,17131,17135,1
2021-06-07 15:28:00.690,17130,17131,17135,1
2021-06-07 15:28:00.714,17133,17135,17135,1
2021-06-07 15:28:00.722,17133,17135,17135,1
2021-06-07 15:28:00.735,17133,17135,17135,1
2021-06-07 15:28:00.750,17133,17135,17136,3
2021-06-07 15:28:00.755,17133,17135,17134,1
2021-06-07 15:28:00.755,17133,17135,17136,1
2021-06-07 15:28:00.759,17133,17135,17136,1
2021-06-07 15:28:00.766,17133,17135,17136,3
2021-06-07 15:28:00.790,17133,17135,17136,1
2021-06-07 15:28:00.809,17133,17135,17136,2
2021-06-07 15:28:00.831,17133,17135,17136,1
2021-06-07 15:28:00.839,17134,17136,17136,1
2021-06-07 15:28:00.846,17134,17136,17136,1
2021-06-07 15:28:00.846,17134,17136,17136,2
2021-06-07 15:28:00.846,17134,17136,17137,3
2021-06-07 15:28:00.859,17134,17136,17137,4
2021-06-07 15:28:00.875,17134,17136,17137,5
2021-06-07 15:28:00.878,17134,17136,17137,1
2021-06-07 15:28:00.911,17134,17136,17138,1
2021-06-07 15:28:00.929,17134,17136,17138,1
2021-06-07 15:28:00.931,17134,17136,17138,1
2021-06-07 15:28:00.933,17134,17136,17138,1
2021-06-07 15:28:00.955,17134,17136,17138,1
2021-06-07 15:28:00.973,17136,17138,17138,1
2021-06-07 15:28:00.992,17136,17138,17138,1
2021-06-07 15:28:00.996,17136,17138,17138,1
2021-06-07 15:28:01.018,17136,17138,17138,1
2021-06-07 15:28:01.021,17136,17138,17136,1
2021-06-07 15:28:01.029,17136,17138,17136,1
2021-06-07 15:28:01.042,17136,17138,17138,2
2021-06-07 15:28:01.043,17136,17138,17138,1
2021-06-07 15:28:01.048,17136,17138,17138,1
2021-06-07 15:28:01.053,17136,17138,17138,1
2021-06-07 15:28:01.063,17136,17138,17138,1
2021-06-07 15:28:01.076,17136,17138,17138,1
2021-06-07 15:28:01.088,17137,17138,17138,1
2021-06-07 15:28:01.091,17137,17138,17138,1
2021-06-07 15:28:01.147,17137,17138,17138,1
2021-06-07 15:28:01.150,17137,17138,17138,1
2021-06-07 15:28:01.168,17137,17138,17137,3
2021-06-07 15:28:01.168,17137,17138,17136,3
2021-06-07 15:28:01.169,17137,17138,17138,1
2021-06-07 15:28:01.179,17137,17138,17138,1
2021-06-07 15:28:01.190,17137,17138,17138,4
2021-06-07 15:28:01.217,17137,17138,17138,3
2021-06-07 15:28:01.241,17137,17138,17139,1
2021-06-07 15:28:01.247,17137,17138,17139,1
2021-06-07 15:28:01.278,17137,17138,17139,3
2021-06-07 15:28:01.319,17137,17138,17139,1
2021-06-07 15:28:01.335,17138,17140,17140,1
2021-06-07 15:28:01.352,17138,17140,17140,2
2021-06-07 15:28:01.467,17139,17140,17139,1
2021-06-07 15:28:01.485,17139,17140,17140,4
2021-06-07 15:28:01.519,17139,17140,17137,1
2021-06-07 15:28:01.538,17139,17140,17139,6
2021-06-07 15:28:01.539,17139,17140,17139,1
2021-06-07 15:28:01.613,17137,17139,17139,1
2021-06-07 15:28:01.639,17137,17139,17140,2
2021-06-07 15:28:01.672,17137,17139,17140,1
2021-06-07 15:28:01.736,17137,17140,17140,7
2021-06-07 15:28:01.772,17137,17140,17140,2
2021-06-07 15:28:01.814,17137,17140,17141,1
2021-06-07 15:28:01.905,17139,17140,17140,1
2021-06-07 15:28:01.979,17139,17141,17141,1
2021-06-07 15:28:02.056,17139,17141,17141,1
2021-06-07 15:28:02.067,17139,17141,17141,1
2021-06-07 15:28:02.067,17139,17141,17141,1
2021-06-07 15:28:02.067,17139,17141,17141,1
2021-06-07 15:28:02.077,17139,17141,17141,1
2021-06-07 15:28:02.079,17139,17141,17141,1
2021-06-07 15:28:02.176,17140,17141,17141,1
2021-06-07 15:28:02.224,17140,17141,17141,1
