2020-05-26 15:00:00.013,11001,11002,11002,41
2020-05-26 15:00:00.014,11001,11002,11001,1
2020-05-26 15:00:00.203,11000,11002,11002,1
2020-05-26 15:00:00.207,11000,11002,11002,1
2020-05-26 15:00:00.240,11000,11002,11002,1
2020-05-26 15:00:00.244,11000,11002,11002,1
2020-05-26 15:00:00.250,11000,11002,11002,1
2020-05-26 15:00:00.256,11000,11002,11000,1
2020-05-26 15:00:00.271,11000,11002,11002,1
2020-05-26 15:00:00.287,11000,11002,11002,1
2020-05-26 15:00:00.386,11000,11002,11002,1
2020-05-26 15:00:00.573,11000,11001,11001,1
2020-05-26 15:00:00.587,11000,11001,11001,1
2020-05-26 15:00:00.611,11000,11001,11000,3
2020-05-26 15:00:00.611,11000,11001,11001,3
2020-05-26 15:00:00.634,11000,11001,11002,2
2020-05-26 15:00:00.672,11000,11001,11002,3
2020-05-26 15:00:00.696,11000,11002,11000,1
2020-05-26 15:00:00.699,11000,11002,11001,1
2020-05-26 15:00:00.711,11000,11002,10999,1
2020-05-26 15:00:00.724,11000,11002,11001,1
2020-05-26 15:00:00.731,11000,11002,11001,2
2020-05-26 15:00:00.740,11000,11002,11002,2
2020-05-26 15:00:00.741,11000,11002,11002,1
2020-05-26 15:00:00.763,11000,11002,10999,1
2020-05-26 15:00:00.766,11000,11002,11002,1
2020-05-26 15:00:00.802,11000,11002,11002,1
2020-05-26 15:00:00.815,10999,11002,11002,3
2020-05-26 15:00:00.904,10999,11002,11002,1
2020-05-26 15:00:00.911,10999,11002,11000,1
2020-05-26 15:00:01.000,11000,11002,11000,1
2020-05-26 15:00:01.007,11000,11002,11000,1
2020-05-26 15:00:01.010,11000,11002,10998,1
2020-05-26 15:00:01.038,11000,11002,10998,2
2020-05-26 15:00:01.099,10998,11000,11000,1
2020-05-26 15:00:01.099,10998,11000,11001,1
2020-05-26 15:00:01.167,10998,11000,10998,2
2020-05-26 15:00:01.177,10998,11000,11000,1
2020-05-26 15:00:01.345,10998,11001,11001,3
2020-05-26 15:00:01.857,10998,11003,10998,1
2020-05-26 15:00:01.857,10998,11003,10997,1
2020-05-26 15:00:02.397,10998,11000,10998,1
2020-05-26 15:00:02.912,10997,10999,10997,2
2020-05-26 15:00:02.955,10996,10998,10996,2
2020-05-26 15:00:03.178,10996,10998,10996,2
2020-05-26 15:00:03.620,10997,10998,10997,1
2020-05-26 15:00:04.282,10997,10999,10998,1
2020-05-26 15:00:04.291,10997,10999,10997,2
2020-05-26 15:00:04.324,10997,10999,10999,1
2020-05-26 15:00:04.743,10997,11000,10997,2
2020-05-26 15:00:05.684,10997,10999,10998,1
2020-05-26 15:00:05.758,10998,10999,10999,1
2020-05-26 15:00:05.759,10998,10999,10999,1
2020-05-26 15:00:05.791,10998,10999,10998,1
2020-05-26 15:00:05.811,10998,10999,11000,1
2020-05-26 15:00:06.618,10999,11001,11001,1
2020-05-26 15:00:07.641,11000,11001,11001,1
2020-05-26 15:00:09.804,10999,11000,11000,1
2020-05-26 15:00:09.841,11000,11001,11000,1
2020-05-26 15:00:10.136,10999,11001,11001,2
2020-05-26 15:00:11.480,10999,11001,11001,1
2020-05-26 15:00:14.293,10999,11000,11000,1
2020-05-26 15:00:14.582,10999,11001,11001,1
2020-05-26 15:00:15.594,10999,11001,10999,1
2020-05-26 15:00:15.667,10999,11001,11001,1
2020-05-26 15:00:15.680,10999,11001,11001,1
2020-05-26 15:00:16.195,10999,11000,10999,1
2020-05-26 15:00:16.959,10999,11000,11000,1
2020-05-26 15:00:16.959,10999,11000,11001,1
2020-05-26 15:00:17.749,10999,11000,11000,1
2020-05-26 15:00:18.157,10999,11000,11000,1
2020-05-26 15:00:18.630,10999,11000,10999,1
2020-05-26 15:00:19.061,10999,11000,10999,1
2020-05-26 15:00:19.161,10999,11000,10999,2
2020-05-26 15:00:19.514,10999,11000,10999,1
2020-05-26 15:00:19.548,10999,11000,10999,2
2020-05-26 15:00:19.548,10999,11000,10999,3
2020-05-26 15:00:19.563,10998,10999,10998,3
2020-05-26 15:00:19.937,10998,10999,10998,1
2020-05-26 15:00:21.187,10997,10998,10997,4
2020-05-26 15:00:21.562,10997,10998,10997,1
2020-05-26 15:00:21.914,10996,10998,10998,1
2020-05-26 15:00:22.062,10996,10997,10996,2
2020-05-26 15:00:22.627,10995,10997,10997,5
2020-05-26 15:00:22.937,10996,10997,10996,4
2020-05-26 15:00:24.062,10995,10996,10995,7
2020-05-26 15:00:24.543,10994,10996,10996,1
2020-05-26 15:00:24.761,10994,10996,10996,3
2020-05-26 15:00:26.752,10996,10997,10997,1
2020-05-26 15:00:27.062,10996,10997,10996,2
2020-05-26 15:00:27.312,10996,10997,10996,1
2020-05-26 15:00:29.057,10995,10997,10995,3
2020-05-26 15:00:29.062,10995,10996,10995,3
2020-05-26 15:00:29.187,10995,10996,10995,1
2020-05-26 15:00:29.312,10995,10996,10995,1
2020-05-26 15:00:29.728,10995,10996,10996,1
2020-05-26 15:00:30.360,10996,10997,10997,1
2020-05-26 15:00:30.583,10996,10997,10996,1
2020-05-26 15:00:31.852,10996,10997,10997,1
2020-05-26 15:00:32.554,10996,10997,10997,1
2020-05-26 15:00:32.863,10996,10997,10996,2
2020-05-26 15:00:32.863,10996,10997,10995,1
2020-05-26 15:00:34.385,10996,10997,10996,1
2020-05-26 15:00:34.937,10995,10996,10995,3
2020-05-26 15:00:35.570,10994,10996,10996,2
2020-05-26 15:00:36.064,10994,10995,10995,1
2020-05-26 15:00:38.187,10995,10996,10995,1
2020-05-26 15:00:38.513,10995,10996,10995,4
2020-05-26 15:00:39.918,10994,10995,10995,2
2020-05-26 15:00:42.103,10994,10995,10995,2
2020-05-26 15:00:44.279,10994,10996,10994,1
2020-05-26 15:00:44.963,10995,10996,10995,1
2020-05-26 15:00:45.602,10994,10996,10996,5
2020-05-26 15:00:46.071,10995,10996,10995,1
2020-05-26 15:00:47.101,10994,10995,10995,2
2020-05-26 15:00:47.101,10994,10995,10995,1
2020-05-26 15:00:47.275,10995,10996,10995,1
2020-05-26 15:00:48.393,10995,10996,10995,1
2020-05-26 15:00:48.804,10995,10996,10996,1
2020-05-26 15:00:49.181,10995,10996,10995,1
2020-05-26 15:00:50.276,10995,10996,10995,1
2020-05-26 15:00:50.966,10995,10996,10996,13
2020-05-26 15:00:50.966,10995,10996,10997,6
2020-05-26 15:00:52.884,10996,10997,10996,1
2020-05-26 15:00:54.492,10996,10997,10997,1
2020-05-26 15:00:58.472,10996,10997,10997,3
2020-05-26 15:00:58.888,10996,10997,10996,1
2020-05-26 15:00:58.941,10996,10997,10997,1
2020-05-26 15:00:58.942,10996,10997,10997,3
2020-05-26 15:01:00.026,10996,10998,10997,1
2020-05-26 15:01:00.026,10996,10998,10998,4
2020-05-26 15:01:00.061,10996,10998,10996,1
2020-05-26 15:01:00.103,10996,10998,10998,1
2020-05-26 15:01:00.115,10996,10998,10996,1
2020-05-26 15:01:02.583,10996,10997,10997,1
2020-05-26 15:01:04.970,10997,10998,10997,1
2020-05-26 15:01:05.782,10996,10997,10997,1
2020-05-26 15:01:06.336,10996,10998,10998,1
2020-05-26 15:01:07.235,10996,10997,10997,1
2020-05-26 15:01:07.962,10996,10997,10997,1
2020-05-26 15:01:08.527,10996,10997,10997,1
2020-05-26 15:01:08.655,10996,10997,10997,1
2020-05-26 15:01:09.573,10996,10997,10997,2
2020-05-26 15:01:09.911,10996,10997,10997,1
2020-05-26 15:01:10.748,10996,10997,10997,2
2020-05-26 15:01:10.787,10996,10997,10997,1
2020-05-26 15:01:11.555,10996,10997,10996,1
2020-05-26 15:01:11.606,10996,10997,10996,3
2020-05-26 15:01:11.606,10996,10997,10996,2
2020-05-26 15:01:11.606,10996,10997,10996,1
2020-05-26 15:01:11.607,10996,10997,10996,1
2020-05-26 15:01:11.607,10996,10997,10996,1
2020-05-26 15:01:11.607,10996,10997,10996,2
2020-05-26 15:01:12.022,10995,10996,10996,1
2020-05-26 15:01:13.127,10995,10996,10996,1
2020-05-26 15:01:13.648,10995,10996,10996,1
2020-05-26 15:01:15.429,10995,10996,10995,3
2020-05-26 15:01:15.454,10995,10996,10996,4
2020-05-26 15:01:15.454,10995,10996,10996,1
2020-05-26 15:01:15.541,10995,10996,10996,1
2020-05-26 15:01:16.424,10995,10996,10995,3
2020-05-26 15:01:18.129,10995,10996,10995,3
2020-05-26 15:01:20.667,10995,10996,10996,1
2020-05-26 15:01:21.138,10995,10996,10996,1
2020-05-26 15:01:21.706,10995,10996,10995,1
2020-05-26 15:01:22.090,10995,10996,10995,2
2020-05-26 15:01:24.177,10995,10996,10996,1
2020-05-26 15:01:24.178,10995,10996,10996,1
2020-05-26 15:01:24.178,10995,10996,10996,1
2020-05-26 15:01:24.178,10995,10996,10996,1
2020-05-26 15:01:24.277,10996,10997,10996,1
2020-05-26 15:01:27.591,10996,10997,10997,1
2020-05-26 15:01:27.591,10996,10997,10997,1
2020-05-26 15:01:28.463,10997,10998,10997,1
2020-05-26 15:01:29.829,10997,10998,10997,1
2020-05-26 15:01:30.297,10997,10998,10997,1
2020-05-26 15:01:30.406,10997,10998,10997,1
2020-05-26 15:01:30.489,10997,10998,10997,1
2020-05-26 15:01:30.621,10997,10998,10997,3
2020-05-26 15:01:31.410,10996,10997,10997,2
2020-05-26 15:01:31.410,10996,10997,10997,2
2020-05-26 15:01:31.411,10996,10997,10997,1
2020-05-26 15:01:31.411,10996,10997,10997,2
2020-05-26 15:01:35.905,10997,10998,10997,1
2020-05-26 15:01:38.430,10997,10998,10998,2
2020-05-26 15:01:39.091,10997,10998,10997,1
2020-05-26 15:01:39.782,10997,10998,10997,1
2020-05-26 15:01:42.556,10997,10998,10997,4
2020-05-26 15:01:45.329,10997,10998,10997,1
2020-05-26 15:01:46.854,10997,10998,10997,1
2020-05-26 15:01:48.720,10997,10998,10997,3
2020-05-26 15:01:48.749,10997,10998,10997,1
2020-05-26 15:01:51.305,10996,10997,10997,4
2020-05-26 15:01:51.414,10997,10998,10997,1
2020-05-26 15:01:52.594,10996,10997,10997,1
2020-05-26 15:01:53.950,10997,10998,10998,4
2020-05-26 15:01:55.525,10997,10998,10997,4
2020-05-26 15:01:56.044,10996,10997,10997,1
2020-05-26 15:01:56.410,10996,10998,10998,1
2020-05-26 15:01:57.297,10996,10997,10997,1
2020-05-26 15:01:58.446,10997,10998,10998,1
2020-05-26 15:01:59.282,10997,10998,10997,3
2020-05-26 15:02:00.768,10996,10997,10997,1
2020-05-26 15:02:01.018,10996,10997,10997,2
2020-05-26 15:02:01.714,10997,10998,10997,3
2020-05-26 15:02:04.241,10996,10997,10997,6
2020-05-26 15:02:04.241,10996,10997,10998,3
2020-05-26 15:02:04.935,10996,10997,10996,1
2020-05-26 15:02:10.504,10996,10997,10996,21
2020-05-26 15:02:10.504,10996,10997,10996,5
2020-05-26 15:02:10.504,10996,10997,10996,4
2020-05-26 15:02:10.504,10996,10997,10996,7
2020-05-26 15:02:10.504,10996,10997,10996,22
2020-05-26 15:02:10.505,10996,10997,10995,1
2020-05-26 15:02:10.516,10996,10997,10995,2
2020-05-26 15:02:10.516,10996,10997,10995,5
2020-05-26 15:02:10.516,10996,10997,10995,2
2020-05-26 15:02:10.524,10996,10997,10995,1
2020-05-26 15:02:10.524,10996,10997,10995,1
2020-05-26 15:02:10.524,10996,10997,10995,2
2020-05-26 15:02:10.525,10996,10997,10995,15
2020-05-26 15:02:10.525,10996,10997,10995,1
2020-05-26 15:02:10.525,10996,10997,10995,5
2020-05-26 15:02:10.525,10996,10997,10995,1
2020-05-26 15:02:10.525,10996,10997,10995,9
2020-05-26 15:02:10.525,10996,10997,10995,10
2020-05-26 15:02:10.563,10994,10995,10994,3
2020-05-26 15:02:14.491,10994,10996,10994,2
2020-05-26 15:02:17.234,10994,10996,10994,1
2020-05-26 15:02:18.255,10994,10996,10994,1
2020-05-26 15:02:18.516,10994,10996,10994,1
2020-05-26 15:02:20.872,10994,10995,10994,3
2020-05-26 15:02:21.135,10994,10995,10994,1
2020-05-26 15:02:21.199,10994,10995,10994,3
2020-05-26 15:02:21.471,10994,10995,10994,3
2020-05-26 15:02:22.493,10994,10995,10994,3
2020-05-26 15:02:22.537,10994,10995,10994,3
2020-05-26 15:02:22.562,10994,10995,10994,3
2020-05-26 15:02:22.747,10994,10995,10994,3
2020-05-26 15:02:23.467,10994,10995,10994,1
2020-05-26 15:02:23.541,10994,10995,10994,3
2020-05-26 15:02:24.948,10994,10995,10995,1
2020-05-26 15:02:25.529,10994,10995,10994,1
2020-05-26 15:02:25.632,10994,10995,10994,1
2020-05-26 15:02:26.651,10994,10995,10994,1
2020-05-26 15:02:27.122,10994,10995,10994,2
2020-05-26 15:02:27.221,10994,10995,10994,2
2020-05-26 15:02:28.982,10994,10995,10994,1
2020-05-26 15:02:32.556,10994,10995,10995,5
2020-05-26 15:02:32.767,10994,10995,10995,5
2020-05-26 15:02:32.918,10994,10996,10994,3
2020-05-26 15:02:33.333,10994,10995,10994,3
2020-05-26 15:02:33.334,10994,10995,10994,18
2020-05-26 15:02:34.487,10993,10995,10993,1
2020-05-26 15:02:34.522,10993,10995,10995,1
2020-05-26 15:02:35.288,10993,10994,10993,1
2020-05-26 15:02:35.313,10993,10994,10993,1
2020-05-26 15:02:35.347,10993,10994,10993,1
2020-05-26 15:02:37.351,10993,10994,10994,2
2020-05-26 15:02:37.351,10993,10994,10994,3
2020-05-26 15:02:37.351,10993,10994,10994,1
2020-05-26 15:02:37.922,10994,10995,10994,1
2020-05-26 15:02:39.627,10994,10995,10994,1
2020-05-26 15:02:39.983,10993,10995,10993,1
2020-05-26 15:02:40.727,10993,10995,10995,1
2020-05-26 15:02:44.566,10993,10995,10993,1
2020-05-26 15:02:47.185,10993,10994,10993,1
2020-05-26 15:02:50.137,10993,10994,10993,1
2020-05-26 15:02:51.653,10993,10995,10993,1
2020-05-26 15:02:55.946,10993,10994,10993,5
2020-05-26 15:02:56.742,10993,10994,10993,1
2020-05-26 15:02:57.037,10993,10994,10993,1
2020-05-26 15:02:58.224,10993,10994,10993,1
2020-05-26 15:03:03.523,10993,10994,10993,1
2020-05-26 15:03:03.802,10993,10994,10993,2
2020-05-26 15:03:03.886,10993,10994,10993,2
2020-05-26 15:03:06.371,10992,10993,10993,1
2020-05-26 15:03:06.899,10992,10993,10993,1
2020-05-26 15:03:07.125,10992,10993,10993,1
2020-05-26 15:03:07.338,10992,10994,10993,1
2020-05-26 15:03:07.338,10992,10994,10993,1
2020-05-26 15:03:08.112,10992,10994,10992,1
2020-05-26 15:03:08.219,10992,10993,10992,1
2020-05-26 15:03:09.107,10992,10993,10992,1
2020-05-26 15:03:09.366,10992,10993,10992,1
2020-05-26 15:03:12.626,10992,10993,10992,1
2020-05-26 15:03:12.883,10992,10993,10992,5
2020-05-26 15:03:13.036,10992,10993,10992,2
2020-05-26 15:03:14.678,10991,10993,10991,1
2020-05-26 15:03:15.652,10992,10993,10992,1
2020-05-26 15:03:16.657,10992,10993,10992,1
2020-05-26 15:03:17.635,10992,10993,10993,5
2020-05-26 15:03:17.761,10992,10993,10993,1
2020-05-26 15:03:17.761,10992,10993,10993,1
2020-05-26 15:03:18.560,10992,10994,10994,1
2020-05-26 15:03:20.077,10992,10994,10992,3
2020-05-26 15:03:20.808,10992,10994,10992,9
2020-05-26 15:03:21.740,10991,10992,10992,1
2020-05-26 15:03:21.884,10991,10992,10991,3
2020-05-26 15:03:25.366,10991,10992,10991,1
2020-05-26 15:03:26.899,10991,10992,10991,1
2020-05-26 15:03:27.811,10991,10992,10991,1
2020-05-26 15:03:27.811,10991,10992,10990,1
2020-05-26 15:03:28.563,10991,10992,10991,1
2020-05-26 15:03:29.680,10991,10992,10992,1
2020-05-26 15:03:29.680,10991,10992,10992,5
2020-05-26 15:03:29.681,10991,10992,10992,1
2020-05-26 15:03:30.046,10992,10993,10992,1
2020-05-26 15:03:30.625,10992,10993,10992,1
2020-05-26 15:03:32.264,10992,10993,10992,1
2020-05-26 15:03:34.420,10992,10993,10993,1
2020-05-26 15:03:35.128,10992,10993,10992,1
2020-05-26 15:03:35.533,10992,10993,10992,1
2020-05-26 15:03:35.918,10992,10993,10992,1
2020-05-26 15:03:36.127,10992,10993,10992,1
2020-05-26 15:03:43.936,10991,10992,10992,1
2020-05-26 15:03:50.305,10991,10992,10992,1
2020-05-26 15:03:54.034,10991,10992,10992,1
2020-05-26 15:03:56.137,10991,10992,10991,4
2020-05-26 15:03:56.138,10991,10992,10991,5
2020-05-26 15:03:56.434,10990,10991,10991,3
2020-05-26 15:03:57.741,10990,10991,10990,1
2020-05-26 15:03:58.578,10990,10991,10991,1
2020-05-26 15:04:03.512,10990,10992,10990,1
2020-05-26 15:04:04.858,10991,10992,10991,1
2020-05-26 15:04:04.858,10991,10992,10990,3
2020-05-26 15:04:07.930,10990,10992,10990,1
2020-05-26 15:04:08.263,10990,10992,10992,3
2020-05-26 15:04:08.601,10991,10993,10991,1
2020-05-26 15:04:11.486,10991,10992,10991,2
2020-05-26 15:04:13.178,10991,10992,10991,1
2020-05-26 15:04:14.454,10991,10993,10991,4
2020-05-26 15:04:14.455,10991,10993,10991,1
2020-05-26 15:04:19.719,10991,10992,10992,1
2020-05-26 15:04:23.586,10991,10992,10992,1
2020-05-26 15:04:26.624,10991,10992,10992,1
2020-05-26 15:04:27.101,10991,10992,10992,4
2020-05-26 15:04:33.357,10991,10992,10992,1
2020-05-26 15:04:35.905,10991,10992,10992,5
2020-05-26 15:04:47.029,10991,10992,10991,1
2020-05-26 15:04:49.013,10991,10992,10992,2
2020-05-26 15:04:50.437,10992,10993,10993,2
2020-05-26 15:04:56.688,10993,10994,10994,2
2020-05-26 15:05:02.229,10992,10994,10994,1
2020-05-26 15:05:03.244,10992,10993,10992,1
2020-05-26 15:05:06.580,10992,10993,10993,1
2020-05-26 15:05:07.041,10992,10993,10992,1
2020-05-26 15:05:07.041,10992,10993,10992,1
2020-05-26 15:05:09.243,10991,10992,10992,1
2020-05-26 15:05:13.863,10991,10992,10991,1
2020-05-26 15:05:14.263,10991,10992,10991,1
2020-05-26 15:05:16.241,10991,10992,10991,1
2020-05-26 15:05:26.004,10991,10992,10992,1
2020-05-26 15:05:31.941,10991,10992,10991,1
2020-05-26 15:05:35.055,10991,10992,10992,1
2020-05-26 15:05:38.820,10991,10992,10992,1
2020-05-26 15:05:42.430,10991,10992,10992,4
2020-05-26 15:05:53.764,10991,10992,10991,1
2020-05-26 15:05:54.718,10991,10992,10992,1
2020-05-26 15:05:54.922,10991,10992,10991,1
2020-05-26 15:05:56.850,10991,10992,10991,1
2020-05-26 15:05:58.131,10991,10992,10991,1
2020-05-26 15:05:59.782,10990,10992,10992,1
2020-05-26 15:06:03.494,10990,10991,10990,1
2020-05-26 15:06:03.495,10990,10991,10990,1
2020-05-26 15:06:03.495,10990,10991,10990,1
2020-05-26 15:06:03.495,10990,10991,10990,2
2020-05-26 15:06:03.495,10990,10991,10990,1
2020-05-26 15:06:03.495,10990,10991,10990,7
2020-05-26 15:06:03.682,10989,10990,10989,4
2020-05-26 15:06:05.243,10989,10991,10989,1
2020-05-26 15:06:08.084,10989,10991,10989,2
2020-05-26 15:06:12.759,10989,10990,10989,2
2020-05-26 15:06:13.059,10989,10990,10989,1
2020-05-26 15:06:13.309,10989,10990,10989,1
2020-05-26 15:06:13.477,10989,10990,10989,3
2020-05-26 15:06:19.474,10989,10990,10990,5
2020-05-26 15:06:20.603,10989,10990,10989,1
2020-05-26 15:06:23.535,10989,10990,10989,1
2020-05-26 15:06:23.845,10989,10990,10989,5
2020-05-26 15:06:27.647,10988,10990,10990,1
2020-05-26 15:06:28.348,10989,10990,10989,2
2020-05-26 15:06:28.637,10988,10989,10989,3
2020-05-26 15:06:33.407,10988,10989,10988,3
2020-05-26 15:06:33.469,10988,10989,10988,2
2020-05-26 15:06:39.925,10988,10990,10988,1
2020-05-26 15:06:43.564,10988,10989,10989,1
2020-05-26 15:06:44.720,10988,10990,10988,1
2020-05-26 15:06:46.380,10988,10989,10988,1
2020-05-26 15:06:47.585,10988,10989,10989,1
2020-05-26 15:06:48.077,10988,10989,10989,1
2020-05-26 15:06:50.891,10989,10990,10989,1
2020-05-26 15:06:52.257,10989,10990,10989,1
2020-05-26 15:07:00.247,10989,10990,10989,1
2020-05-26 15:07:01.187,10989,10990,10989,1
2020-05-26 15:07:01.362,10989,10990,10989,1
2020-05-26 15:07:03.081,10989,10990,10989,1
2020-05-26 15:07:03.085,10989,10990,10989,1
2020-05-26 15:07:03.112,10989,10990,10989,1
2020-05-26 15:07:03.112,10989,10990,10989,1
2020-05-26 15:07:03.123,10989,10990,10989,1
2020-05-26 15:07:03.125,10989,10990,10989,1
2020-05-26 15:07:03.878,10989,10990,10990,4
2020-05-26 15:07:03.879,10989,10990,10990,6
2020-05-26 15:07:03.879,10989,10990,10990,7
2020-05-26 15:07:04.248,10990,10991,10990,1
2020-05-26 15:07:06.809,10990,10991,10990,1
2020-05-26 15:07:07.031,10989,10990,10990,1
2020-05-26 15:07:07.870,10990,10991,10990,3
2020-05-26 15:07:07.984,10989,10990,10990,2
2020-05-26 15:07:08.563,10990,10991,10990,1
2020-05-26 15:07:15.562,10990,10991,10991,6
2020-05-26 15:07:18.127,10991,10992,10992,1
2020-05-26 15:07:18.609,10991,10992,10992,14
2020-05-26 15:07:18.642,10991,10992,10993,1
2020-05-26 15:07:18.643,10991,10992,10993,1
2020-05-26 15:07:19.503,10991,10993,10993,1
2020-05-26 15:07:19.792,10991,10993,10991,1
2020-05-26 15:07:19.998,10991,10993,10991,1
2020-05-26 15:07:21.115,10991,10993,10993,2
2020-05-26 15:07:22.623,10992,10993,10993,1
2020-05-26 15:07:24.302,10992,10993,10993,1
2020-05-26 15:07:26.691,10992,10993,10993,1
2020-05-26 15:07:31.180,10992,10993,10993,1
2020-05-26 15:07:37.276,10992,10993,10993,1
2020-05-26 15:07:38.234,10992,10993,10992,5
2020-05-26 15:07:38.235,10992,10993,10992,1
2020-05-26 15:07:38.556,10991,10992,10992,1
2020-05-26 15:07:39.442,10991,10993,10993,1
2020-05-26 15:07:40.633,10991,10993,10991,1
2020-05-26 15:07:49.854,10991,10993,10993,1
2020-05-26 15:07:54.384,10992,10993,10992,2
2020-05-26 15:08:00.892,10991,10993,10991,1
2020-05-26 15:08:05.092,10992,10993,10992,1
2020-05-26 15:08:06.211,10991,10992,10992,2
2020-05-26 15:08:06.322,10992,10993,10992,1
2020-05-26 15:08:06.325,10992,10993,10992,2
2020-05-26 15:08:06.325,10992,10993,10991,3
2020-05-26 15:08:06.325,10992,10993,10991,1
2020-05-26 15:08:06.327,10992,10993,10992,2
2020-05-26 15:08:06.327,10992,10993,10991,3
2020-05-26 15:08:06.327,10992,10993,10991,2
2020-05-26 15:08:06.329,10992,10993,10991,8
2020-05-26 15:08:06.329,10992,10993,10990,6
2020-05-26 15:08:06.334,10992,10993,10991,1
2020-05-26 15:08:06.336,10992,10993,10991,1
2020-05-26 15:08:06.337,10992,10993,10991,1
2020-05-26 15:08:06.341,10992,10993,10990,3
2020-05-26 15:08:06.345,10992,10993,10990,1
2020-05-26 15:08:06.346,10992,10993,10991,1
2020-05-26 15:08:06.348,10992,10993,10990,2
2020-05-26 15:08:06.361,10992,10993,10990,5
2020-05-26 15:08:06.362,10992,10993,10991,1
2020-05-26 15:08:06.373,10992,10993,10991,1
2020-05-26 15:08:06.438,10990,10992,10990,1
2020-05-26 15:08:06.651,10990,10992,10992,2
2020-05-26 15:08:07.314,10991,10992,10991,1
2020-05-26 15:08:11.358,10990,10992,10990,1
2020-05-26 15:08:17.006,10990,10992,10992,1
2020-05-26 15:08:20.813,10990,10991,10990,2
2020-05-26 15:08:20.865,10990,10991,10990,1
2020-05-26 15:08:21.033,10989,10990,10990,1
2020-05-26 15:08:21.535,10989,10990,10990,1
2020-05-26 15:08:26.855,10989,10990,10990,1
2020-05-26 15:08:27.332,10989,10990,10990,1
2020-05-26 15:08:28.163,10989,10990,10990,1
2020-05-26 15:08:28.688,10989,10990,10990,1
2020-05-26 15:08:43.121,10989,10990,10990,1
2020-05-26 15:08:48.870,10989,10990,10990,1
2020-05-26 15:08:48.870,10989,10990,10990,1
2020-05-26 15:08:59.796,10989,10990,10990,1
2020-05-26 15:09:06.748,10990,10991,10991,2
2020-05-26 15:09:25.945,10991,10992,10991,1
2020-05-26 15:09:40.425,10991,10992,10991,1
2020-05-26 15:09:40.426,10991,10992,10991,2
2020-05-26 15:09:40.426,10991,10992,10991,1
2020-05-26 15:09:43.582,10990,10991,10991,1
2020-05-26 15:09:43.582,10990,10991,10991,1
2020-05-26 15:09:45.654,10990,10991,10991,1
2020-05-26 15:10:02.187,10991,10992,10992,5
2020-05-26 15:10:02.227,10991,10992,10992,3
2020-05-26 15:10:11.865,10991,10992,10992,2
2020-05-26 15:10:23.173,10991,10992,10991,2
2020-05-26 15:10:27.791,10991,10992,10991,1
2020-05-26 15:10:31.053,10991,10992,10991,1
2020-05-26 15:10:43.940,10991,10992,10991,3
2020-05-26 15:10:44.545,10990,10991,10991,1
2020-05-26 15:10:46.637,10990,10991,10991,1
2020-05-26 15:10:49.901,10990,10991,10991,1
2020-05-26 15:10:51.306,10990,10991,10991,1
2020-05-26 15:10:51.481,10990,10992,10992,1
2020-05-26 15:10:55.538,10990,10992,10991,1
2020-05-26 15:10:58.835,10990,10991,10991,1
2020-05-26 15:11:01.321,10990,10991,10990,1
2020-05-26 15:11:08.163,10990,10991,10991,1
2020-05-26 15:11:08.284,10990,10991,10990,1
2020-05-26 15:11:10.113,10990,10991,10990,3
2020-05-26 15:11:10.113,10990,10991,10990,4
2020-05-26 15:11:10.113,10990,10991,10990,1
2020-05-26 15:11:10.113,10990,10991,10990,1
2020-05-26 15:11:10.113,10990,10991,10990,1
2020-05-26 15:11:10.113,10990,10991,10990,1
2020-05-26 15:11:10.113,10990,10991,10990,2
2020-05-26 15:11:10.255,10989,10990,10989,4
2020-05-26 15:11:10.255,10989,10990,10989,8
2020-05-26 15:11:10.256,10989,10990,10989,6
2020-05-26 15:11:10.313,10988,10989,10988,13
2020-05-26 15:11:10.562,10988,10989,10988,1
2020-05-26 15:11:10.896,10987,10988,10988,1
2020-05-26 15:11:11.217,10987,10988,10987,1
2020-05-26 15:11:11.261,10987,10988,10987,5
2020-05-26 15:11:11.261,10987,10988,10986,5
2020-05-26 15:11:11.356,10986,10988,10986,1
2020-05-26 15:11:14.275,10986,10988,10988,1
2020-05-26 15:11:18.904,10987,10988,10988,1
2020-05-26 15:11:21.820,10988,10989,10988,1
2020-05-26 15:11:22.469,10988,10989,10988,1
2020-05-26 15:11:24.844,10988,10989,10989,1
2020-05-26 15:11:24.845,10988,10989,10989,1
2020-05-26 15:11:26.786,10988,10989,10988,1
2020-05-26 15:11:27.921,10988,10989,10989,3
2020-05-26 15:11:30.516,10989,10990,10990,4
2020-05-26 15:11:34.020,10991,10992,10991,1
2020-05-26 15:11:34.315,10991,10992,10991,1
2020-05-26 15:11:39.795,10991,10992,10991,1
2020-05-26 15:11:39.796,10991,10992,10991,1
2020-05-26 15:11:39.796,10991,10992,10991,1
2020-05-26 15:11:42.931,10990,10991,10991,2
2020-05-26 15:11:44.951,10990,10991,10990,1
2020-05-26 15:11:46.444,10990,10991,10991,1
2020-05-26 15:11:49.797,10990,10991,10991,1
2020-05-26 15:11:51.349,10990,10991,10991,1
2020-05-26 15:11:53.571,10990,10991,10991,1
2020-05-26 15:11:55.277,10990,10991,10991,1
2020-05-26 15:12:02.352,10991,10992,10992,2
2020-05-26 15:12:05.291,10991,10992,10992,4
2020-05-26 15:12:05.292,10991,10992,10992,3
2020-05-26 15:12:05.292,10991,10992,10992,2
2020-05-26 15:12:07.789,10992,10993,10992,1
2020-05-26 15:12:09.188,10992,10993,10992,1
2020-05-26 15:12:10.230,10991,10992,10992,1
2020-05-26 15:12:11.562,10991,10992,10992,1
2020-05-26 15:12:13.890,10992,10993,10992,1
2020-05-26 15:12:17.721,10992,10993,10993,1
2020-05-26 15:12:18.312,10992,10993,10993,3
2020-05-26 15:12:26.028,10992,10993,10993,1
2020-05-26 15:12:27.562,10992,10993,10993,4
2020-05-26 15:12:34.985,10993,10994,10994,1
2020-05-26 15:12:36.622,10993,10994,10994,2
2020-05-26 15:12:38.108,10993,10994,10994,1
2020-05-26 15:12:38.707,10993,10994,10994,1
2020-05-26 15:12:46.393,10994,10995,10995,10
2020-05-26 15:12:46.462,10994,10995,10995,1
2020-05-26 15:12:46.618,10994,10995,10995,5
2020-05-26 15:12:48.683,10994,10995,10995,2
2020-05-26 15:12:48.913,10994,10995,10995,3
2020-05-26 15:12:50.689,10994,10995,10995,1
2020-05-26 15:12:55.521,10995,10996,10995,1
2020-05-26 15:12:55.907,10995,10996,10995,4
2020-05-26 15:12:55.909,10995,10996,10995,1
2020-05-26 15:12:57.240,10994,10995,10995,2
2020-05-26 15:12:59.831,10995,10996,10995,1
2020-05-26 15:13:02.887,10995,10996,10995,1
2020-05-26 15:13:03.229,10995,10996,10995,1
2020-05-26 15:13:03.870,10995,10996,10996,1
2020-05-26 15:13:12.688,10995,10996,10995,1
2020-05-26 15:13:13.369,10995,10996,10995,1
2020-05-26 15:13:13.513,10995,10996,10995,2
2020-05-26 15:13:17.062,10994,10995,10994,23
2020-05-26 15:13:17.096,10994,10995,10993,1
2020-05-26 15:13:19.472,10993,10994,10994,1
2020-05-26 15:13:34.186,10993,10994,10994,1
2020-05-26 15:13:40.254,10993,10994,10994,4
2020-05-26 15:13:46.097,10994,10995,10994,1
2020-05-26 15:13:50.363,10994,10995,10994,2
2020-05-26 15:13:52.136,10993,10994,10994,3
2020-05-26 15:13:57.272,10993,10994,10994,2
2020-05-26 15:14:11.565,10993,10995,10993,1
2020-05-26 15:14:12.539,10993,10995,10995,1
2020-05-26 15:14:16.937,10994,10995,10994,1
2020-05-26 15:14:21.811,10994,10995,10994,1
2020-05-26 15:14:23.998,10994,10995,10995,8
2020-05-26 15:14:23.998,10994,10995,10995,3
2020-05-26 15:14:29.801,10995,10996,10995,1
2020-05-26 15:14:33.857,10995,10996,10996,4
2020-05-26 15:14:33.857,10995,10996,10996,24
2020-05-26 15:14:33.857,10995,10996,10996,1
2020-05-26 15:14:33.857,10995,10996,10996,2
2020-05-26 15:14:33.857,10995,10996,10996,1
2020-05-26 15:14:33.857,10995,10996,10996,1
2020-05-26 15:14:33.857,10995,10996,10996,7
2020-05-26 15:14:33.859,10995,10996,10997,4
2020-05-26 15:14:34.066,10995,10997,10997,1
2020-05-26 15:14:37.360,10996,10997,10996,1
2020-05-26 15:14:39.407,10996,10997,10996,2
2020-05-26 15:14:39.486,10995,10996,10996,2
2020-05-26 15:14:40.487,10995,10996,10996,2
2020-05-26 15:14:45.676,10996,10997,10996,1
2020-05-26 15:14:45.676,10996,10997,10996,3
2020-05-26 15:14:48.131,10995,10996,10995,1
2020-05-26 15:14:48.132,10995,10996,10995,1
2020-05-26 15:14:48.132,10995,10996,10995,3
2020-05-26 15:14:48.132,10995,10996,10995,4
2020-05-26 15:14:48.132,10995,10996,10995,3
2020-05-26 15:14:48.132,10995,10996,10995,2
2020-05-26 15:14:50.446,10995,10997,10997,2
2020-05-26 15:14:56.759,10995,10996,10996,1
2020-05-26 15:14:59.946,10995,10996,10996,2
2020-05-26 15:15:00.903,10996,10997,10997,4
2020-05-26 15:15:01.388,10997,10998,10998,1
2020-05-26 15:15:01.585,10997,10998,10998,1
2020-05-26 15:15:01.871,10997,10998,10997,3
2020-05-26 15:15:01.871,10997,10998,10996,1
2020-05-26 15:15:01.920,10997,10998,10998,2
2020-05-26 15:15:01.969,10997,10998,10997,3
2020-05-26 15:15:01.969,10997,10998,10996,1
2020-05-26 15:15:02.193,10996,10998,10996,4
2020-05-26 15:15:02.357,10996,10998,10997,4
2020-05-26 15:15:03.919,10996,10998,10997,1
2020-05-26 15:15:04.777,10996,10997,10996,1
2020-05-26 15:15:08.741,10996,10997,10996,3
2020-05-26 15:15:11.043,10995,10996,10995,1
2020-05-26 15:15:11.043,10995,10996,10995,1
2020-05-26 15:15:11.043,10995,10996,10995,1
2020-05-26 15:15:11.043,10995,10996,10995,1
2020-05-26 15:15:11.044,10995,10996,10995,1
2020-05-26 15:15:11.044,10995,10996,10995,1
2020-05-26 15:15:11.616,10994,10995,10994,2
2020-05-26 15:15:12.054,10994,10995,10994,2
2020-05-26 15:15:13.036,10994,10995,10995,3
2020-05-26 15:15:13.208,10994,10996,10996,10
2020-05-26 15:15:19.341,10995,10996,10995,1
2020-05-26 15:15:29.017,10995,10996,10995,1
2020-05-26 15:15:29.775,10994,10995,10995,1
2020-05-26 15:15:35.403,10994,10995,10995,1
2020-05-26 15:15:37.263,10994,10995,10994,3
2020-05-26 15:15:39.292,10994,10995,10995,1
2020-05-26 15:15:59.770,10994,10995,10994,4
2020-05-26 15:16:10.075,10994,10995,10994,1
2020-05-26 15:16:10.075,10994,10995,10994,1
2020-05-26 15:16:10.075,10994,10995,10994,2
2020-05-26 15:16:10.333,10993,10994,10993,1
2020-05-26 15:16:17.790,10993,10994,10993,1
2020-05-26 15:16:22.615,10993,10994,10994,3
2020-05-26 15:16:22.615,10993,10994,10994,1
2020-05-26 15:16:22.695,10994,10995,10994,1
2020-05-26 15:16:22.698,10994,10995,10994,1
2020-05-26 15:16:22.698,10994,10995,10993,5
2020-05-26 15:16:22.699,10994,10995,10993,1
2020-05-26 15:16:22.699,10994,10995,10993,2
2020-05-26 15:16:22.702,10994,10995,10993,2
2020-05-26 15:16:22.706,10994,10995,10993,1
2020-05-26 15:16:22.708,10994,10995,10993,1
2020-05-26 15:16:22.711,10994,10995,10993,1
2020-05-26 15:16:22.715,10994,10995,10992,1
2020-05-26 15:16:22.718,10994,10995,10992,1
2020-05-26 15:16:22.723,10994,10995,10992,1
2020-05-26 15:16:22.736,10994,10995,10992,2
2020-05-26 15:16:23.071,10992,10994,10992,1
2020-05-26 15:16:25.232,10992,10993,10992,1
2020-05-26 15:16:28.390,10992,10993,10993,1
2020-05-26 15:16:33.296,10992,10993,10992,1
2020-05-26 15:16:40.245,10991,10992,10992,1
2020-05-26 15:16:42.600,10991,10992,10991,5
2020-05-26 15:16:46.419,10991,10992,10992,1
2020-05-26 15:16:46.444,10991,10992,10992,5
2020-05-26 15:16:57.488,10991,10992,10991,1
2020-05-26 15:16:58.338,10990,10991,10991,1
2020-05-26 15:16:58.628,10991,10992,10991,2
2020-05-26 15:16:59.250,10991,10992,10992,14
2020-05-26 15:17:03.697,10990,10992,10992,5
2020-05-26 15:17:19.559,10991,10992,10992,1
2020-05-26 15:17:19.935,10991,10992,10991,2
2020-05-26 15:17:20.437,10991,10992,10991,1
2020-05-26 15:17:24.982,10990,10991,10990,1
2020-05-26 15:17:32.006,10990,10991,10990,1
2020-05-26 15:17:55.049,10990,10991,10991,1
2020-05-26 15:18:01.339,10990,10991,10991,1
2020-05-26 15:18:02.274,10990,10991,10991,1
2020-05-26 15:18:09.188,10990,10991,10991,1
2020-05-26 15:18:10.877,10990,10991,10991,1
2020-05-26 15:18:19.059,10990,10991,10991,1
2020-05-26 15:18:35.972,10990,10991,10991,1
2020-05-26 15:18:42.161,10990,10991,10990,1
2020-05-26 15:18:45.663,10990,10991,10991,4
2020-05-26 15:18:45.663,10990,10991,10991,4
2020-05-26 15:18:54.330,10991,10992,10991,2
2020-05-26 15:19:03.446,10990,10991,10990,2
2020-05-26 15:19:03.755,10990,10991,10991,2
2020-05-26 15:19:16.962,10990,10991,10991,1
2020-05-26 15:19:20.496,10990,10991,10991,1
2020-05-26 15:19:20.727,10990,10991,10991,1
2020-05-26 15:19:20.727,10990,10991,10991,6
2020-05-26 15:19:20.727,10990,10991,10991,2
2020-05-26 15:19:22.369,10991,10992,10991,10
2020-05-26 15:19:36.384,10990,10991,10991,4
2020-05-26 15:19:47.438,10991,10992,10991,2
2020-05-26 15:19:55.164,10991,10992,10992,1
2020-05-26 15:19:56.571,10991,10992,10991,3
2020-05-26 15:19:56.575,10991,10992,10991,2
2020-05-26 15:20:01.022,10991,10992,10992,10
2020-05-26 15:20:02.198,10992,10993,10993,3
2020-05-26 15:20:08.319,10992,10993,10992,1
2020-05-26 15:20:14.011,10991,10992,10991,5
2020-05-26 15:20:14.453,10991,10992,10992,1
2020-05-26 15:20:19.560,10992,10993,10992,1
2020-05-26 15:20:20.102,10991,10992,10992,1
2020-05-26 15:20:29.695,10992,10993,10993,6
2020-05-26 15:20:36.109,10992,10993,10992,5
2020-05-26 15:20:46.553,10992,10993,10993,1
2020-05-26 15:20:48.733,10992,10994,10994,1
2020-05-26 15:21:05.709,10993,10994,10993,1
2020-05-26 15:21:14.632,10993,10994,10993,1
2020-05-26 15:21:17.627,10993,10994,10993,5
2020-05-26 15:21:17.818,10992,10994,10994,3
2020-05-26 15:21:18.742,10993,10994,10994,2
2020-05-26 15:21:18.742,10993,10994,10994,3
2020-05-26 15:21:20.562,10993,10994,10993,1
2020-05-26 15:21:22.799,10992,10993,10993,1
2020-05-26 15:21:51.749,10992,10993,10992,1
2020-05-26 15:21:51.749,10992,10993,10992,1
2020-05-26 15:21:51.749,10992,10993,10992,2
2020-05-26 15:22:02.152,10991,10992,10992,1
2020-05-26 15:22:02.630,10991,10992,10992,3
2020-05-26 15:22:34.888,10992,10993,10993,1
2020-05-26 15:22:41.617,10991,10992,10992,1
2020-05-26 15:22:51.224,10991,10992,10992,1
2020-05-26 15:22:56.926,10991,10992,10991,2
2020-05-26 15:23:02.106,10991,10992,10992,2
2020-05-26 15:23:02.107,10991,10992,10992,3
2020-05-26 15:23:03.819,10991,10993,10993,1
2020-05-26 15:23:06.811,10992,10993,10992,1
2020-05-26 15:23:21.147,10991,10992,10991,6
2020-05-26 15:23:26.818,10991,10992,10991,1
2020-05-26 15:23:27.047,10990,10991,10991,1
2020-05-26 15:23:27.047,10990,10991,10992,1
2020-05-26 15:23:32.965,10990,10991,10991,3
2020-05-26 15:23:34.303,10990,10991,10991,1
2020-05-26 15:23:54.481,10990,10991,10991,4
2020-05-26 15:24:06.505,10990,10991,10991,3
2020-05-26 15:24:27.537,10991,10992,10992,1
2020-05-26 15:24:31.707,10991,10992,10992,1
2020-05-26 15:24:45.273,10991,10992,10992,3
2020-05-26 15:24:52.558,10992,10993,10992,2
2020-05-26 15:25:06.231,10991,10992,10991,4
2020-05-26 15:25:06.231,10991,10992,10991,3
2020-05-26 15:25:19.710,10990,10991,10991,1
2020-05-26 15:25:30.419,10990,10991,10991,1
2020-05-26 15:25:35.449,10990,10991,10991,6
2020-05-26 15:25:49.085,10990,10991,10991,1
2020-05-26 15:25:56.953,10991,10992,10992,1
2020-05-26 15:26:02.264,10991,10992,10992,2
2020-05-26 15:26:07.683,10991,10992,10992,1
2020-05-26 15:26:12.625,10991,10992,10992,1
2020-05-26 15:26:16.677,10991,10992,10991,1
2020-05-26 15:26:18.297,10991,10992,10992,1
2020-05-26 15:26:21.632,10991,10992,10991,1
2020-05-26 15:26:21.632,10991,10992,10991,3
2020-05-26 15:26:21.635,10991,10992,10991,10
2020-05-26 15:26:24.352,10990,10991,10991,2
2020-05-26 15:26:37.400,10990,10991,10990,1
2020-05-26 15:26:37.400,10990,10991,10990,1
2020-05-26 15:26:37.400,10990,10991,10990,2
2020-05-26 15:26:37.400,10990,10991,10990,15
2020-05-26 15:26:42.149,10989,10990,10989,2
2020-05-26 15:26:42.216,10989,10990,10989,1
2020-05-26 15:26:42.310,10989,10990,10989,1
2020-05-26 15:26:46.599,10989,10990,10989,1
2020-05-26 15:26:52.467,10989,10990,10989,2
2020-05-26 15:26:54.002,10989,10990,10989,1
2020-05-26 15:26:58.635,10989,10990,10989,1
2020-05-26 15:27:01.768,10989,10990,10989,1
2020-05-26 15:27:03.899,10989,10990,10990,1
2020-05-26 15:27:03.899,10989,10990,10990,1
2020-05-26 15:27:03.900,10989,10990,10990,3
2020-05-26 15:27:03.900,10989,10990,10990,1
2020-05-26 15:27:09.930,10989,10990,10990,1
2020-05-26 15:27:13.977,10989,10990,10989,4
2020-05-26 15:27:16.607,10988,10989,10988,3
2020-05-26 15:27:16.673,10988,10989,10988,3
2020-05-26 15:27:16.673,10988,10989,10988,1
2020-05-26 15:27:16.750,10988,10989,10988,1
2020-05-26 15:27:19.626,10988,10989,10988,1
2020-05-26 15:27:27.851,10988,10989,10988,1
2020-05-26 15:27:31.622,10988,10989,10989,1
2020-05-26 15:27:33.126,10988,10989,10988,1
2020-05-26 15:27:33.695,10988,10989,10989,1
2020-05-26 15:27:36.681,10988,10989,10988,3
2020-05-26 15:27:37.660,10988,10989,10988,1
2020-05-26 15:27:42.312,10988,10989,10988,1
2020-05-26 15:27:43.528,10988,10989,10988,1
2020-05-26 15:27:46.222,10988,10989,10988,1
2020-05-26 15:27:51.577,10988,10989,10988,2
2020-05-26 15:27:52.137,10988,10989,10989,3
2020-05-26 15:27:52.400,10988,10989,10988,1
2020-05-26 15:27:58.707,10988,10989,10988,2
2020-05-26 15:27:59.270,10988,10989,10988,1
2020-05-26 15:28:00.545,10988,10989,10988,2
2020-05-26 15:28:01.560,10988,10989,10988,1
2020-05-26 15:28:02.144,10988,10989,10988,1
2020-05-26 15:28:02.341,10988,10989,10988,1
2020-05-26 15:28:16.952,10987,10988,10987,2
2020-05-26 15:28:17.437,10987,10988,10988,1
2020-05-26 15:28:18.068,10987,10988,10987,3
2020-05-26 15:28:19.829,10987,10988,10987,5
2020-05-26 15:28:20.509,10987,10988,10987,1
2020-05-26 15:28:22.007,10987,10988,10987,2
2020-05-26 15:28:22.193,10987,10988,10987,2
2020-05-26 15:28:23.529,10987,10988,10987,2
2020-05-26 15:28:25.092,10986,10987,10987,1
2020-05-26 15:28:25.764,10986,10987,10987,1
2020-05-26 15:28:26.745,10986,10987,10986,1
2020-05-26 15:28:26.946,10986,10987,10986,1
2020-05-26 15:28:27.017,10986,10987,10986,1
2020-05-26 15:28:31.079,10986,10987,10986,2
2020-05-26 15:28:35.014,10986,10987,10986,3
2020-05-26 15:28:36.229,10986,10987,10987,1
2020-05-26 15:28:36.229,10986,10987,10987,1
2020-05-26 15:28:36.229,10986,10987,10987,1
2020-05-26 15:28:36.368,10987,10988,10987,1
2020-05-26 15:28:41.724,10987,10988,10987,1
2020-05-26 15:28:44.030,10986,10988,10986,4
2020-05-26 15:28:51.262,10986,10987,10987,2
2020-05-26 15:28:52.671,10986,10987,10986,1
2020-05-26 15:29:03.130,10986,10987,10986,1
2020-05-26 15:29:03.294,10986,10987,10986,1
2020-05-26 15:29:11.998,10986,10987,10986,1
2020-05-26 15:29:12.497,10986,10987,10987,1
2020-05-26 15:29:16.162,10986,10987,10987,1
2020-05-26 15:29:16.663,10986,10987,10987,1
2020-05-26 15:29:16.663,10986,10987,10987,3
2020-05-26 15:29:23.005,10986,10987,10986,10
2020-05-26 15:29:26.120,10986,10987,10986,20
2020-05-26 15:29:28.765,10986,10987,10986,3
2020-05-26 15:29:34.536,10985,10986,10985,2
2020-05-26 15:29:34.574,10985,10986,10985,1
2020-05-26 15:29:34.706,10985,10986,10985,1
2020-05-26 15:29:34.760,10985,10986,10985,1
2020-05-26 15:29:34.781,10985,10986,10985,1
2020-05-26 15:29:35.164,10985,10986,10985,1
2020-05-26 15:29:35.176,10985,10986,10985,1
2020-05-26 15:29:35.229,10985,10986,10985,1
2020-05-26 15:29:35.948,10985,10986,10985,3
2020-05-26 15:29:40.750,10985,10986,10985,4
2020-05-26 15:29:40.750,10985,10986,10985,11
2020-05-26 15:29:40.750,10985,10986,10985,3
2020-05-26 15:29:40.750,10985,10986,10985,2
2020-05-26 15:29:40.819,10984,10985,10984,21
2020-05-26 15:29:40.938,10983,10984,10983,6
2020-05-26 15:29:41.100,10982,10984,10982,1
2020-05-26 15:29:41.143,10982,10984,10983,1
2020-05-26 15:29:41.209,10983,10984,10983,1
2020-05-26 15:29:41.472,10983,10984,10983,2
2020-05-26 15:29:41.695,10982,10983,10982,10
2020-05-26 15:29:41.805,10982,10983,10982,1
2020-05-26 15:29:41.810,10982,10983,10982,1
2020-05-26 15:29:41.827,10982,10983,10982,1
2020-05-26 15:29:41.832,10982,10983,10982,1
2020-05-26 15:29:42.163,10982,10983,10982,1
2020-05-26 15:29:44.822,10982,10983,10982,1
2020-05-26 15:29:45.709,10982,10983,10982,1
2020-05-26 15:29:45.897,10982,10983,10982,1
2020-05-26 15:29:47.430,10982,10983,10982,1
2020-05-26 15:29:48.919,10982,10983,10982,1
2020-05-26 15:29:49.902,10982,10983,10982,1
2020-05-26 15:29:51.528,10982,10983,10983,1
2020-05-26 15:29:52.534,10982,10983,10982,1
2020-05-26 15:29:52.885,10982,10983,10982,17
2020-05-26 15:29:52.885,10982,10983,10981,3
2020-05-26 15:29:54.050,10981,10983,10981,1
2020-05-26 15:29:54.322,10981,10983,10981,1
2020-05-26 15:29:54.327,10981,10983,10981,1
2020-05-26 15:29:54.339,10981,10983,10981,1
2020-05-26 15:29:55.532,10981,10983,10981,3
2020-05-26 15:29:55.734,10981,10983,10981,1
2020-05-26 15:30:00.037,10981,10982,10982,1
2020-05-26 15:30:01.072,10981,10982,10981,1
2020-05-26 15:30:01.072,10981,10982,10981,1
2020-05-26 15:30:01.391,10981,10982,10981,2
2020-05-26 15:30:01.440,10981,10982,10981,1
2020-05-26 15:30:03.466,10981,10982,10981,2
2020-05-26 15:30:03.466,10981,10982,10981,2
2020-05-26 15:30:05.253,10980,10981,10980,1
2020-05-26 15:30:05.335,10980,10981,10980,1
2020-05-26 15:30:05.347,10980,10981,10980,4
2020-05-26 15:30:05.353,10980,10981,10980,1
2020-05-26 15:30:05.372,10980,10981,10981,1
2020-05-26 15:30:05.477,10980,10981,10980,1
2020-05-26 15:30:05.886,10980,10981,10981,1
2020-05-26 15:30:06.315,10980,10981,10980,1
2020-05-26 15:30:09.184,10980,10981,10980,1
2020-05-26 15:30:09.373,10980,10981,10981,2
2020-05-26 15:30:09.382,10980,10981,10980,1
2020-05-26 15:30:10.422,10980,10981,10980,4
2020-05-26 15:30:11.221,10980,10981,10980,1
2020-05-26 15:30:13.187,10980,10981,10980,2
2020-05-26 15:30:14.256,10980,10981,10980,10
2020-05-26 15:30:14.256,10980,10981,10980,5
2020-05-26 15:30:14.704,10980,10981,10980,1
2020-05-26 15:30:16.740,10980,10981,10980,1
2020-05-26 15:30:18.262,10980,10981,10980,5
2020-05-26 15:30:18.295,10980,10981,10980,1
2020-05-26 15:30:18.898,10980,10981,10980,5
2020-05-26 15:30:18.898,10980,10981,10980,2
2020-05-26 15:30:21.011,10979,10980,10979,3
2020-05-26 15:30:21.057,10979,10980,10980,5
2020-05-26 15:30:21.140,10979,10980,10980,4
2020-05-26 15:30:22.596,10979,10980,10980,1
2020-05-26 15:30:23.627,10979,10980,10980,2
2020-05-26 15:30:24.209,10979,10980,10980,1
2020-05-26 15:30:25.278,10979,10980,10979,7
2020-05-26 15:30:26.678,10978,10980,10978,1
2020-05-26 15:30:28.103,10978,10979,10979,1
2020-05-26 15:30:28.551,10978,10980,10978,5
2020-05-26 15:30:28.700,10978,10980,10978,1
2020-05-26 15:30:29.098,10978,10980,10978,1
2020-05-26 15:30:30.043,10978,10980,10978,1
2020-05-26 15:30:30.298,10978,10979,10978,30
2020-05-26 15:30:30.298,10978,10979,10977,23
2020-05-26 15:30:30.298,10978,10979,10976,15
2020-05-26 15:30:30.301,10978,10979,10977,2
2020-05-26 15:30:30.386,10977,10978,10977,3
2020-05-26 15:30:30.386,10977,10978,10976,23
2020-05-26 15:30:30.386,10977,10978,10975,28
2020-05-26 15:30:30.387,10977,10978,10977,1
2020-05-26 15:30:30.493,10976,10978,10976,2
2020-05-26 15:30:30.528,10976,10978,10976,1
2020-05-26 15:30:30.536,10976,10978,10976,3
2020-05-26 15:30:30.546,10976,10978,10976,1
2020-05-26 15:30:30.554,10976,10978,10976,1
2020-05-26 15:30:30.566,10976,10978,10976,1
2020-05-26 15:30:30.574,10976,10978,10978,1
2020-05-26 15:30:30.593,10976,10978,10976,1
2020-05-26 15:30:30.611,10976,10978,10976,1
2020-05-26 15:30:30.612,10976,10978,10976,1
2020-05-26 15:30:30.624,10976,10978,10976,1
2020-05-26 15:30:30.647,10976,10978,10976,1
2020-05-26 15:30:30.648,10976,10978,10976,4
2020-05-26 15:30:30.648,10976,10978,10975,1
2020-05-26 15:30:30.656,10976,10978,10975,1
2020-05-26 15:30:30.670,10976,10978,10975,1
2020-05-26 15:30:30.676,10976,10978,10975,1
2020-05-26 15:30:30.731,10975,10977,10975,2
2020-05-26 15:30:30.733,10975,10977,10975,1
2020-05-26 15:30:30.733,10975,10977,10975,1
2020-05-26 15:30:30.746,10975,10977,10975,1
2020-05-26 15:30:30.759,10975,10977,10975,1
2020-05-26 15:30:30.763,10975,10977,10975,1
2020-05-26 15:30:30.776,10975,10977,10975,1
2020-05-26 15:30:30.779,10975,10977,10975,1
2020-05-26 15:30:30.792,10975,10977,10975,1
2020-05-26 15:30:30.800,10975,10977,10975,1
2020-05-26 15:30:30.807,10975,10977,10975,1
2020-05-26 15:30:30.856,10975,10976,10975,1
2020-05-26 15:30:30.858,10975,10976,10975,1
2020-05-26 15:30:30.875,10975,10976,10975,1
2020-05-26 15:30:30.888,10975,10976,10975,1
2020-05-26 15:30:30.916,10975,10976,10975,1
2020-05-26 15:30:30.950,10975,10976,10975,1
2020-05-26 15:30:30.974,10975,10976,10975,1
2020-05-26 15:30:31.028,10975,10976,10975,2
2020-05-26 15:30:31.046,10975,10976,10975,2
2020-05-26 15:30:31.068,10975,10976,10975,4
2020-05-26 15:30:31.120,10975,10976,10974,1
2020-05-26 15:30:31.145,10975,10976,10976,1
2020-05-26 15:30:31.191,10974,10976,10974,2
2020-05-26 15:30:31.200,10974,10976,10974,1
2020-05-26 15:30:31.228,10974,10976,10974,2
2020-05-26 15:30:31.236,10974,10976,10974,1
2020-05-26 15:30:31.236,10974,10976,10974,2
2020-05-26 15:30:31.299,10974,10976,10974,1
2020-05-26 15:30:31.318,10974,10976,10974,1
2020-05-26 15:30:31.320,10974,10976,10974,1
2020-05-26 15:30:31.329,10974,10976,10976,1
2020-05-26 15:30:31.359,10974,10976,10974,1
2020-05-26 15:30:31.449,10974,10976,10974,1
2020-05-26 15:30:31.450,10974,10976,10974,1
2020-05-26 15:30:31.454,10974,10976,10974,1
2020-05-26 15:30:31.496,10974,10976,10974,1
2020-05-26 15:30:31.503,10974,10976,10974,1
2020-05-26 15:30:31.520,10974,10976,10974,1
2020-05-26 15:30:31.587,10974,10976,10974,3
2020-05-26 15:30:31.663,10974,10976,10974,3
2020-05-26 15:30:31.671,10974,10976,10974,2
2020-05-26 15:30:31.837,10974,10975,10974,3
2020-05-26 15:30:31.877,10974,10975,10974,1
2020-05-26 15:30:31.974,10974,10975,10975,4
2020-05-26 15:30:32.001,10974,10975,10975,1
2020-05-26 15:30:32.024,10974,10975,10975,1
2020-05-26 15:30:32.042,10974,10975,10975,1
2020-05-26 15:30:32.069,10975,10976,10975,1
2020-05-26 15:30:32.082,10975,10976,10975,1
2020-05-26 15:30:32.096,10975,10976,10975,1
2020-05-26 15:30:32.349,10974,10976,10974,1
2020-05-26 15:30:32.405,10974,10976,10974,2
2020-05-26 15:30:32.762,10975,10976,10976,1
2020-05-26 15:30:32.783,10975,10976,10975,1
2020-05-26 15:30:33.303,10975,10976,10976,1
2020-05-26 15:30:33.679,10975,10976,10976,1
2020-05-26 15:30:33.722,10975,10976,10976,1
2020-05-26 15:30:34.652,10975,10976,10975,1
2020-05-26 15:30:34.691,10975,10976,10975,1
2020-05-26 15:30:35.186,10975,10976,10975,1
2020-05-26 15:30:35.484,10975,10976,10975,5
2020-05-26 15:30:35.879,10974,10976,10974,2
2020-05-26 15:30:36.045,10974,10976,10976,1
2020-05-26 15:30:37.452,10975,10976,10976,3
2020-05-26 15:30:37.495,10975,10976,10977,3
2020-05-26 15:30:38.474,10976,10978,10976,1
2020-05-26 15:30:39.391,10976,10978,10976,2
2020-05-26 15:30:39.886,10977,10978,10977,1
2020-05-26 15:30:40.607,10977,10978,10978,1
2020-05-26 15:30:41.026,10977,10978,10978,4
2020-05-26 15:30:41.215,10977,10979,10977,1
2020-05-26 15:30:43.291,10978,10979,10978,1
2020-05-26 15:30:45.842,10978,10979,10978,1
2020-05-26 15:30:45.842,10978,10979,10977,2
2020-05-26 15:30:46.758,10977,10978,10978,1
2020-05-26 15:30:47.371,10977,10978,10978,1
2020-05-26 15:30:47.814,10976,10978,10978,1
2020-05-26 15:30:48.208,10976,10978,10978,1
2020-05-26 15:30:48.485,10977,10978,10977,1
2020-05-26 15:30:49.619,10976,10978,10976,1
2020-05-26 15:30:51.175,10976,10978,10976,1
2020-05-26 15:30:51.622,10976,10978,10978,2
2020-05-26 15:30:54.024,10976,10978,10976,1
2020-05-26 15:30:55.406,10977,10978,10977,1
2020-05-26 15:30:55.559,10977,10978,10978,2
2020-05-26 15:30:56.665,10977,10978,10977,5
2020-05-26 15:30:57.630,10977,10978,10978,1
2020-05-26 15:30:59.314,10977,10978,10977,1
2020-05-26 15:30:59.583,10977,10978,10977,1
2020-05-26 15:31:00.342,10976,10978,10976,1
2020-05-26 15:31:00.385,10976,10978,10977,1
2020-05-26 15:31:04.537,10976,10977,10977,1
2020-05-26 15:31:06.221,10976,10977,10977,1
2020-05-26 15:31:10.470,10976,10977,10977,3
2020-05-26 15:31:16.641,10976,10977,10977,1
2020-05-26 15:31:18.156,10976,10977,10976,1
2020-05-26 15:31:21.209,10976,10977,10977,1
2020-05-26 15:31:31.229,10977,10978,10977,2
2020-05-26 15:31:33.805,10976,10977,10976,3
2020-05-26 15:31:33.805,10976,10977,10976,1
2020-05-26 15:31:33.806,10976,10977,10976,9
2020-05-26 15:31:38.004,10975,10976,10976,2
2020-05-26 15:31:39.773,10975,10976,10976,1
2020-05-26 15:31:40.560,10975,10976,10975,1
2020-05-26 15:31:40.857,10975,10976,10975,9
2020-05-26 15:31:41.041,10974,10975,10975,1
2020-05-26 15:31:41.093,10974,10975,10975,3
2020-05-26 15:31:41.884,10975,10976,10975,1
2020-05-26 15:31:43.722,10975,10976,10976,2
2020-05-26 15:31:45.068,10975,10976,10975,1
2020-05-26 15:31:45.330,10975,10976,10975,1
2020-05-26 15:31:45.543,10975,10976,10975,1
2020-05-26 15:31:46.388,10975,10976,10975,2
2020-05-26 15:31:46.388,10975,10976,10974,1
2020-05-26 15:31:50.597,10975,10976,10975,1
2020-05-26 15:31:52.152,10974,10975,10974,2
2020-05-26 15:31:54.023,10974,10975,10974,1
2020-05-26 15:31:55.601,10974,10975,10975,1
2020-05-26 15:31:58.274,10975,10976,10975,1
2020-05-26 15:31:58.599,10974,10976,10974,2
2020-05-26 15:31:59.918,10974,10975,10974,1
2020-05-26 15:32:00.239,10974,10975,10974,1
2020-05-26 15:32:00.329,10974,10975,10974,2
2020-05-26 15:32:00.417,10974,10975,10974,1
2020-05-26 15:32:00.692,10974,10975,10974,1
2020-05-26 15:32:01.811,10974,10975,10975,21
2020-05-26 15:32:01.813,10974,10976,10976,12
2020-05-26 15:32:01.945,10976,10977,10976,1
2020-05-26 15:32:01.946,10976,10977,10975,1
2020-05-26 15:32:01.947,10976,10977,10975,2
2020-05-26 15:32:01.948,10976,10977,10975,1
2020-05-26 15:32:01.952,10976,10977,10975,1
2020-05-26 15:32:01.957,10976,10977,10975,1
2020-05-26 15:32:04.030,10975,10977,10975,1
2020-05-26 15:32:04.345,10975,10977,10977,1
2020-05-26 15:32:07.367,10976,10977,10976,1
2020-05-26 15:32:07.618,10975,10977,10976,1
2020-05-26 15:32:08.814,10975,10976,10976,1
2020-05-26 15:32:08.817,10975,10976,10975,1
2020-05-26 15:32:08.871,10975,10976,10975,2
2020-05-26 15:32:08.893,10975,10976,10975,3
2020-05-26 15:32:09.676,10974,10975,10975,1
2020-05-26 15:32:09.846,10974,10976,10974,1
2020-05-26 15:32:12.140,10975,10976,10975,2
2020-05-26 15:32:12.955,10975,10976,10975,1
2020-05-26 15:32:18.182,10975,10976,10975,1
2020-05-26 15:32:18.676,10975,10976,10975,1
2020-05-26 15:32:20.223,10975,10976,10975,1
2020-05-26 15:32:21.790,10975,10976,10975,5
2020-05-26 15:32:25.120,10975,10976,10976,1
2020-05-26 15:32:27.832,10975,10976,10975,2
2020-05-26 15:32:28.116,10975,10976,10975,27
2020-05-26 15:32:28.116,10975,10976,10974,23
2020-05-26 15:32:31.492,10974,10975,10975,1
2020-05-26 15:32:32.475,10974,10975,10974,1
2020-05-26 15:32:33.357,10974,10975,10974,9
2020-05-26 15:32:34.768,10974,10975,10974,1
2020-05-26 15:32:35.406,10973,10974,10974,1
2020-05-26 15:32:38.118,10973,10974,10973,10
2020-05-26 15:32:38.274,10972,10974,10972,1
2020-05-26 15:32:38.319,10972,10974,10972,1
2020-05-26 15:32:38.369,10972,10974,10972,1
2020-05-26 15:32:38.434,10972,10974,10972,1
2020-05-26 15:32:38.446,10972,10974,10972,1
2020-05-26 15:32:38.494,10972,10974,10972,1
2020-05-26 15:32:38.498,10972,10974,10972,2
2020-05-26 15:32:38.583,10972,10974,10972,1
2020-05-26 15:32:38.587,10972,10974,10972,2
2020-05-26 15:32:38.593,10972,10974,10972,1
2020-05-26 15:32:38.595,10972,10974,10972,1
2020-05-26 15:32:38.612,10972,10974,10972,1
2020-05-26 15:32:38.634,10972,10974,10972,1
2020-05-26 15:32:38.649,10972,10974,10972,2
2020-05-26 15:32:38.661,10972,10974,10972,1
2020-05-26 15:32:38.671,10972,10974,10972,1
2020-05-26 15:32:38.671,10972,10974,10972,1
2020-05-26 15:32:38.683,10972,10974,10972,1
2020-05-26 15:32:38.709,10972,10973,10972,1
2020-05-26 15:32:38.772,10972,10973,10973,8
2020-05-26 15:32:38.772,10972,10973,10973,1
2020-05-26 15:32:38.772,10972,10973,10973,1
2020-05-26 15:32:38.774,10972,10973,10972,2
2020-05-26 15:32:38.876,10972,10974,10973,1
2020-05-26 15:32:38.878,10972,10974,10973,1
2020-05-26 15:32:39.033,10973,10974,10973,1
2020-05-26 15:32:39.270,10972,10974,10972,1
2020-05-26 15:32:39.293,10972,10974,10972,1
2020-05-26 15:32:39.327,10972,10974,10972,1
2020-05-26 15:32:39.360,10972,10974,10972,1
2020-05-26 15:32:39.362,10972,10974,10972,1
2020-05-26 15:32:39.375,10972,10974,10972,1
2020-05-26 15:32:40.519,10972,10974,10972,1
2020-05-26 15:32:42.303,10973,10975,10973,10
2020-05-26 15:32:44.586,10972,10974,10972,1
2020-05-26 15:32:45.170,10973,10974,10973,1
2020-05-26 15:32:45.182,10973,10974,10972,1
2020-05-26 15:32:47.722,10973,10974,10973,2
2020-05-26 15:32:47.858,10973,10974,10973,4
2020-05-26 15:32:47.858,10973,10974,10972,6
2020-05-26 15:32:49.220,10973,10974,10973,1
2020-05-26 15:32:54.916,10973,10974,10973,1
2020-05-26 15:32:54.917,10973,10974,10973,1
2020-05-26 15:32:56.252,10972,10973,10973,1
2020-05-26 15:32:59.357,10972,10973,10973,1
2020-05-26 15:33:00.638,10972,10973,10973,10
2020-05-26 15:33:00.922,10972,10974,10972,1
2020-05-26 15:33:00.954,10972,10974,10972,1
2020-05-26 15:33:01.290,10972,10974,10972,5
2020-05-26 15:33:01.432,10972,10974,10972,5
2020-05-26 15:33:06.057,10972,10973,10972,2
2020-05-26 15:33:06.265,10972,10973,10972,1
2020-05-26 15:33:06.353,10972,10973,10972,1
2020-05-26 15:33:09.352,10972,10973,10973,1
2020-05-26 15:33:09.376,10972,10973,10973,1
2020-05-26 15:33:09.416,10972,10973,10974,1
2020-05-26 15:33:09.955,10972,10974,10972,2
2020-05-26 15:33:09.994,10972,10974,10972,1
2020-05-26 15:33:12.276,10973,10974,10973,1
2020-05-26 15:33:14.984,10972,10974,10974,1
2020-05-26 15:33:16.016,10973,10974,10973,1
2020-05-26 15:33:18.176,10973,10974,10974,1
2020-05-26 15:33:25.649,10973,10974,10974,1
2020-05-26 15:33:25.650,10973,10974,10974,1
2020-05-26 15:33:26.539,10974,10975,10974,1
2020-05-26 15:33:26.673,10974,10975,10974,1
2020-05-26 15:33:28.852,10974,10975,10974,1
2020-05-26 15:33:29.499,10974,10975,10974,1
2020-05-26 15:33:29.499,10974,10975,10974,1
2020-05-26 15:33:35.844,10974,10975,10974,1
2020-05-26 15:33:39.982,10974,10975,10975,1
2020-05-26 15:33:40.537,10974,10975,10975,1
2020-05-26 15:33:42.841,10974,10975,10975,1
2020-05-26 15:33:50.164,10974,10975,10975,1
2020-05-26 15:33:53.868,10974,10975,10975,2
2020-05-26 15:33:55.076,10974,10975,10975,1
2020-05-26 15:33:55.984,10974,10975,10975,1
2020-05-26 15:33:58.837,10974,10975,10975,1
2020-05-26 15:34:02.022,10975,10976,10975,1
2020-05-26 15:34:02.036,10975,10976,10975,2
2020-05-26 15:34:04.169,10974,10975,10975,1
2020-05-26 15:34:09.418,10975,10976,10976,1
2020-05-26 15:34:09.418,10975,10976,10976,3
2020-05-26 15:34:09.419,10975,10976,10976,3
2020-05-26 15:34:09.419,10975,10976,10976,4
2020-05-26 15:34:09.419,10975,10976,10976,1
2020-05-26 15:34:09.419,10975,10976,10976,1
2020-05-26 15:34:09.419,10975,10976,10976,2
2020-05-26 15:34:09.419,10975,10976,10976,1
2020-05-26 15:34:09.419,10975,10976,10976,1
2020-05-26 15:34:09.419,10975,10976,10976,7
2020-05-26 15:34:09.478,10976,10977,10977,1
2020-05-26 15:34:09.923,10976,10977,10977,1
2020-05-26 15:34:11.197,10976,10977,10977,1
2020-05-26 15:34:11.718,10976,10977,10977,1
2020-05-26 15:34:11.718,10976,10977,10977,3
2020-05-26 15:34:11.719,10976,10977,10977,1
2020-05-26 15:34:11.719,10976,10977,10977,1
2020-05-26 15:34:11.719,10976,10977,10977,2
2020-05-26 15:34:11.719,10976,10977,10977,1
2020-05-26 15:34:11.719,10976,10977,10977,10
2020-05-26 15:34:11.719,10976,10977,10977,1
2020-05-26 15:34:11.719,10976,10977,10977,2
2020-05-26 15:34:11.720,10976,10977,10977,5
2020-05-26 15:34:14.459,10976,10978,10976,1
2020-05-26 15:34:15.684,10976,10978,10978,1
2020-05-26 15:34:15.868,10977,10978,10978,1
2020-05-26 15:34:18.252,10976,10978,10978,1
2020-05-26 15:34:21.632,10977,10978,10978,1
2020-05-26 15:34:22.379,10977,10978,10977,1
2020-05-26 15:34:24.468,10977,10978,10978,2
2020-05-26 15:34:29.318,10977,10978,10978,1
2020-05-26 15:34:31.243,10977,10978,10978,1
2020-05-26 15:34:34.668,10977,10978,10978,3
2020-05-26 15:34:37.153,10977,10978,10978,1
2020-05-26 15:34:37.489,10977,10978,10978,1
2020-05-26 15:34:38.562,10978,10979,10978,1
2020-05-26 15:34:38.588,10978,10979,10978,1
2020-05-26 15:34:40.988,10977,10978,10978,3
2020-05-26 15:34:41.538,10978,10979,10978,1
2020-05-26 15:34:44.221,10978,10979,10978,2
2020-05-26 15:34:44.221,10978,10979,10978,3
2020-05-26 15:34:44.221,10978,10979,10978,4
2020-05-26 15:34:44.221,10978,10979,10978,7
2020-05-26 15:34:45.683,10977,10978,10977,1
2020-05-26 15:34:46.177,10977,10978,10977,2
2020-05-26 15:34:46.177,10977,10978,10977,1
2020-05-26 15:34:46.177,10977,10978,10977,2
2020-05-26 15:34:46.177,10977,10978,10977,4
2020-05-26 15:34:48.681,10976,10977,10977,1
2020-05-26 15:34:49.526,10976,10977,10977,1
2020-05-26 15:34:57.143,10976,10977,10976,1
2020-05-26 15:34:59.372,10976,10977,10976,5
2020-05-26 15:35:00.104,10975,10976,10975,1
2020-05-26 15:35:00.476,10975,10976,10975,1
2020-05-26 15:35:00.552,10975,10976,10975,2
2020-05-26 15:35:00.774,10975,10976,10975,1
2020-05-26 15:35:04.987,10975,10976,10975,1
2020-05-26 15:35:05.449,10975,10976,10975,1
2020-05-26 15:35:09.959,10975,10976,10976,2
2020-05-26 15:35:11.221,10975,10977,10975,1
2020-05-26 15:35:16.489,10975,10976,10975,1
2020-05-26 15:35:16.797,10975,10976,10975,1
2020-05-26 15:35:17.106,10975,10976,10975,1
2020-05-26 15:35:17.195,10975,10976,10975,1
2020-05-26 15:35:17.374,10975,10976,10975,1
2020-05-26 15:35:17.729,10975,10976,10975,1
2020-05-26 15:35:18.015,10975,10976,10975,1
2020-05-26 15:35:18.342,10975,10976,10975,1
2020-05-26 15:35:18.617,10975,10976,10975,1
2020-05-26 15:35:18.933,10975,10976,10975,1
2020-05-26 15:35:19.215,10975,10976,10975,1
2020-05-26 15:35:19.557,10975,10976,10975,1
2020-05-26 15:35:19.865,10975,10976,10975,1
2020-05-26 15:35:20.113,10975,10976,10975,1
2020-05-26 15:35:20.295,10975,10976,10975,1
2020-05-26 15:35:20.727,10974,10976,10974,1
2020-05-26 15:35:21.106,10975,10976,10975,1
2020-05-26 15:35:21.594,10975,10976,10975,1
2020-05-26 15:35:21.870,10974,10976,10974,1
2020-05-26 15:35:22.795,10974,10976,10976,1
2020-05-26 15:35:27.800,10975,10976,10975,1
2020-05-26 15:35:29.603,10975,10976,10976,1
2020-05-26 15:35:31.809,10975,10976,10976,2
2020-05-26 15:35:31.809,10975,10976,10976,1
2020-05-26 15:35:34.872,10976,10977,10977,2
2020-05-26 15:35:34.872,10976,10977,10977,1
2020-05-26 15:35:44.160,10977,10978,10978,3
2020-05-26 15:35:50.341,10976,10978,10978,1
2020-05-26 15:35:55.500,10977,10978,10978,1
2020-05-26 15:35:55.900,10978,10979,10978,1
2020-05-26 15:35:57.541,10978,10979,10978,1
2020-05-26 15:35:59.336,10978,10979,10978,1
2020-05-26 15:36:01.232,10977,10978,10977,1
2020-05-26 15:36:01.620,10976,10978,10976,3
2020-05-26 15:36:01.648,10976,10978,10976,3
2020-05-26 15:36:03.801,10975,10977,10977,1
2020-05-26 15:36:07.284,10976,10977,10977,1
2020-05-26 15:36:08.819,10977,10978,10977,1
2020-05-26 15:36:10.598,10976,10978,10976,1
2020-05-26 15:36:11.927,10977,10978,10978,1
2020-05-26 15:36:17.529,10977,10978,10977,1
2020-05-26 15:36:25.799,10977,10978,10978,1
2020-05-26 15:36:26.360,10977,10978,10978,1
2020-05-26 15:36:26.360,10977,10978,10978,1
2020-05-26 15:36:26.688,10978,10979,10978,1
2020-05-26 15:36:29.459,10977,10978,10978,1
2020-05-26 15:36:36.437,10978,10979,10979,11
2020-05-26 15:36:40.857,10979,10980,10980,1
2020-05-26 15:36:40.981,10979,10980,10980,1
2020-05-26 15:36:44.435,10979,10980,10980,8
2020-05-26 15:36:47.163,10980,10981,10981,1
2020-05-26 15:36:48.553,10980,10981,10981,3
2020-05-26 15:36:52.148,10980,10981,10981,1
2020-05-26 15:36:52.203,10980,10981,10981,1
2020-05-26 15:36:52.223,10980,10981,10981,1
2020-05-26 15:36:54.707,10980,10981,10981,1
2020-05-26 15:36:55.289,10980,10981,10981,2
2020-05-26 15:36:55.589,10980,10981,10981,1
2020-05-26 15:36:56.686,10980,10982,10982,2
2020-05-26 15:37:00.987,10981,10982,10982,9
2020-05-26 15:37:00.987,10981,10982,10983,3
2020-05-26 15:37:01.830,10981,10983,10981,1
2020-05-26 15:37:02.664,10982,10983,10983,1
2020-05-26 15:37:04.538,10982,10983,10982,1
2020-05-26 15:37:05.554,10981,10982,10982,1
2020-05-26 15:37:08.472,10982,10983,10983,2
2020-05-26 15:37:10.025,10982,10983,10983,2
2020-05-26 15:37:10.972,10982,10983,10983,1
2020-05-26 15:37:11.351,10983,10984,10983,1
2020-05-26 15:37:16.116,10983,10984,10983,1
2020-05-26 15:37:16.116,10983,10984,10983,8
2020-05-26 15:37:17.291,10982,10983,10983,3
2020-05-26 15:37:17.663,10982,10983,10983,1
2020-05-26 15:37:17.663,10982,10983,10984,1
2020-05-26 15:37:18.385,10982,10983,10982,3
2020-05-26 15:37:18.740,10982,10983,10983,3
2020-05-26 15:37:19.003,10982,10983,10982,1
2020-05-26 15:37:19.014,10982,10983,10982,1
2020-05-26 15:37:19.014,10982,10983,10983,2
2020-05-26 15:37:22.301,10981,10983,10983,2
2020-05-26 15:37:27.916,10982,10983,10982,1
2020-05-26 15:37:33.373,10981,10982,10982,2
2020-05-26 15:37:34.018,10981,10982,10982,1
2020-05-26 15:37:35.541,10981,10982,10982,1
2020-05-26 15:37:37.227,10981,10982,10982,1
2020-05-26 15:37:37.565,10981,10982,10982,1
2020-05-26 15:37:38.287,10981,10982,10982,2
2020-05-26 15:37:39.812,10981,10982,10982,1
2020-05-26 15:37:40.436,10981,10983,10981,1
2020-05-26 15:37:45.239,10981,10982,10982,1
2020-05-26 15:37:45.399,10981,10982,10981,1
2020-05-26 15:37:45.400,10981,10982,10981,1
2020-05-26 15:37:45.400,10981,10982,10981,1
2020-05-26 15:37:45.400,10981,10982,10981,1
2020-05-26 15:37:45.400,10981,10982,10981,2
2020-05-26 15:37:45.400,10981,10982,10981,4
2020-05-26 15:37:46.254,10980,10981,10981,1
2020-05-26 15:38:00.746,10981,10982,10981,1
2020-05-26 15:38:01.468,10981,10982,10982,1
2020-05-26 15:38:12.146,10981,10982,10982,1
2020-05-26 15:38:16.149,10981,10982,10982,1
2020-05-26 15:38:19.671,10981,10982,10982,1
2020-05-26 15:38:23.602,10981,10982,10982,1
2020-05-26 15:38:24.951,10982,10983,10982,3
2020-05-26 15:38:25.029,10982,10983,10982,1
2020-05-26 15:38:28.220,10981,10982,10982,1
2020-05-26 15:38:29.031,10982,10983,10982,1
2020-05-26 15:38:34.940,10982,10983,10983,1
2020-05-26 15:38:41.044,10982,10983,10982,3
2020-05-26 15:38:41.046,10982,10983,10982,2
2020-05-26 15:38:41.047,10982,10983,10982,6
2020-05-26 15:38:49.995,10981,10983,10982,2
2020-05-26 15:38:55.402,10981,10982,10981,5
2020-05-26 15:38:55.402,10981,10982,10981,1
2020-05-26 15:38:55.643,10980,10982,10982,1
2020-05-26 15:39:04.579,10980,10982,10982,1
2020-05-26 15:39:04.668,10980,10982,10981,2
2020-05-26 15:39:12.039,10981,10982,10981,1
2020-05-26 15:39:14.559,10981,10982,10981,2
2020-05-26 15:39:30.544,10981,10982,10982,5
2020-05-26 15:39:32.131,10981,10982,10981,1
2020-05-26 15:39:32.131,10981,10982,10980,4
2020-05-26 15:39:35.938,10980,10981,10980,5
2020-05-26 15:39:56.160,10980,10981,10981,1
2020-05-26 15:40:09.917,10980,10981,10980,1
2020-05-26 15:40:09.917,10980,10981,10980,4
2020-05-26 15:40:09.917,10980,10981,10980,1
2020-05-26 15:40:10.309,10979,10980,10979,2
2020-05-26 15:40:10.315,10978,10980,10978,1
2020-05-26 15:40:10.507,10978,10980,10980,1
2020-05-26 15:40:24.198,10978,10979,10979,1
2020-05-26 15:40:28.125,10978,10979,10979,4
2020-05-26 15:40:28.437,10979,10980,10979,1
2020-05-26 15:40:30.692,10978,10979,10978,1
2020-05-26 15:40:31.533,10978,10979,10979,5
2020-05-26 15:40:32.816,10978,10979,10979,2
2020-05-26 15:40:33.200,10978,10979,10978,1
2020-05-26 15:40:34.073,10978,10979,10978,2
2020-05-26 15:40:35.148,10978,10979,10978,2
2020-05-26 15:40:37.133,10977,10979,10977,1
2020-05-26 15:40:37.229,10977,10979,10977,1
2020-05-26 15:40:40.087,10978,10979,10978,1
2020-05-26 15:40:43.482,10977,10978,10977,2
2020-05-26 15:40:49.316,10977,10978,10978,2
2020-05-26 15:40:52.342,10977,10978,10977,1
2020-05-26 15:40:54.162,10977,10978,10978,1
2020-05-26 15:40:54.162,10977,10978,10978,7
2020-05-26 15:40:54.264,10978,10979,10978,1
2020-05-26 15:40:59.488,10978,10980,10980,1
2020-05-26 15:40:59.597,10978,10980,10978,4
2020-05-26 15:41:10.051,10979,10980,10980,1
2020-05-26 15:41:10.051,10979,10980,10980,1
2020-05-26 15:41:11.672,10979,10980,10980,1
2020-05-26 15:41:19.034,10980,10981,10980,1
2020-05-26 15:41:29.445,10980,10981,10981,2
2020-05-26 15:41:39.618,10980,10981,10981,1
2020-05-26 15:41:41.571,10980,10981,10981,1
2020-05-26 15:41:45.386,10980,10981,10981,1
2020-05-26 15:41:57.291,10980,10981,10981,1
2020-05-26 15:41:59.947,10980,10981,10981,2
2020-05-26 15:42:05.294,10980,10981,10980,2
2020-05-26 15:42:08.097,10980,10981,10981,5
2020-05-26 15:42:13.313,10981,10982,10981,7
2020-05-26 15:42:13.313,10981,10982,10981,2
2020-05-26 15:42:14.479,10980,10981,10981,1
2020-05-26 15:42:17.682,10980,10981,10981,2
2020-05-26 15:42:18.482,10980,10981,10981,4
2020-05-26 15:42:18.704,10980,10981,10980,4
2020-05-26 15:42:18.704,10980,10981,10980,2
2020-05-26 15:42:18.704,10980,10981,10980,5
2020-05-26 15:42:33.290,10979,10980,10980,1
2020-05-26 15:42:42.362,10980,10981,10980,1
2020-05-26 15:42:47.170,10979,10980,10980,2
2020-05-26 15:42:47.594,10979,10981,10980,1
2020-05-26 15:42:51.184,10980,10981,10980,1
2020-05-26 15:42:51.926,10979,10980,10980,1
2020-05-26 15:42:52.039,10979,10981,10980,1
2020-05-26 15:43:14.338,10980,10981,10980,2
2020-05-26 15:43:21.856,10980,10981,10981,1
2020-05-26 15:43:25.728,10980,10981,10981,1
2020-05-26 15:43:35.893,10980,10981,10981,1
2020-05-26 15:43:36.121,10980,10981,10981,1
2020-05-26 15:43:38.908,10979,10981,10979,1
2020-05-26 15:43:54.204,10980,10981,10980,1
2020-05-26 15:44:00.526,10980,10981,10980,2
2020-05-26 15:44:05.032,10980,10981,10980,1
2020-05-26 15:44:12.176,10980,10981,10980,2
2020-05-26 15:44:45.551,10979,10980,10980,1
2020-05-26 15:44:47.677,10979,10980,10980,1
2020-05-26 15:44:53.410,10979,10980,10979,17
2020-05-26 15:45:00.991,10978,10979,10979,1
2020-05-26 15:45:01.757,10978,10979,10978,3
2020-05-26 15:45:02.186,10978,10979,10978,1
2020-05-26 15:45:02.186,10978,10979,10977,4
2020-05-26 15:45:02.186,10978,10979,10977,5
2020-05-26 15:45:05.027,10977,10978,10977,1
2020-05-26 15:45:05.206,10977,10978,10977,1
2020-05-26 15:45:09.292,10976,10977,10977,2
2020-05-26 15:45:10.735,10976,10977,10976,10
2020-05-26 15:45:10.846,10976,10977,10976,1
2020-05-26 15:45:11.108,10976,10977,10976,1
2020-05-26 15:45:11.235,10976,10977,10976,5
2020-05-26 15:45:14.571,10975,10976,10975,2
2020-05-26 15:45:18.508,10975,10976,10976,1
2020-05-26 15:45:20.862,10975,10976,10975,2
2020-05-26 15:45:20.862,10975,10976,10975,1
2020-05-26 15:45:25.338,10974,10975,10975,1
2020-05-26 15:45:26.382,10975,10976,10975,1
2020-05-26 15:45:27.282,10975,10976,10975,1
2020-05-26 15:45:27.293,10975,10976,10975,2
2020-05-26 15:45:29.541,10975,10976,10975,2
2020-05-26 15:45:29.739,10975,10976,10975,4
2020-05-26 15:45:31.023,10974,10975,10975,11
2020-05-26 15:45:34.367,10975,10976,10975,3
2020-05-26 15:45:34.367,10975,10976,10974,42
2020-05-26 15:45:34.367,10975,10976,10973,19
2020-05-26 15:45:34.608,10973,10974,10973,1
2020-05-26 15:45:34.680,10973,10974,10973,1
2020-05-26 15:45:34.834,10972,10974,10972,1
2020-05-26 15:45:34.957,10972,10974,10972,4
2020-05-26 15:45:34.976,10972,10974,10972,2
2020-05-26 15:45:34.990,10972,10974,10972,2
2020-05-26 15:45:34.990,10972,10974,10972,1
2020-05-26 15:45:34.994,10972,10974,10972,2
2020-05-26 15:45:34.998,10972,10974,10972,1
2020-05-26 15:45:35.005,10972,10974,10972,2
2020-05-26 15:45:35.006,10972,10974,10972,1
2020-05-26 15:45:35.063,10972,10973,10972,3
2020-05-26 15:45:35.145,10972,10973,10971,1
2020-05-26 15:45:35.162,10972,10973,10971,2
2020-05-26 15:45:35.194,10971,10973,10971,1
2020-05-26 15:45:35.237,10971,10973,10971,1
2020-05-26 15:45:35.272,10971,10973,10971,2
2020-05-26 15:45:35.279,10971,10973,10971,1
2020-05-26 15:45:35.305,10971,10973,10971,1
2020-05-26 15:45:35.311,10971,10973,10971,2
2020-05-26 15:45:35.314,10971,10972,10971,1
2020-05-26 15:45:35.500,10971,10972,10971,1
2020-05-26 15:45:35.502,10971,10972,10971,2
2020-05-26 15:45:35.502,10971,10972,10971,2
2020-05-26 15:45:35.502,10971,10972,10971,2
2020-05-26 15:45:35.528,10971,10972,10970,1
2020-05-26 15:45:35.542,10971,10972,10970,4
2020-05-26 15:45:35.546,10971,10972,10970,2
2020-05-26 15:45:35.581,10970,10971,10970,10
2020-05-26 15:45:35.581,10970,10971,10970,7
2020-05-26 15:45:35.601,10970,10971,10970,10
2020-05-26 15:45:35.602,10970,10971,10970,8
2020-05-26 15:45:35.602,10970,10971,10970,11
2020-05-26 15:45:35.602,10970,10971,10970,3
2020-05-26 15:45:35.603,10970,10971,10970,1
2020-05-26 15:45:35.605,10970,10971,10969,10
2020-05-26 15:45:35.610,10970,10971,10969,8
2020-05-26 15:45:35.610,10970,10971,10968,2
2020-05-26 15:45:35.614,10970,10971,10969,4
2020-05-26 15:45:35.614,10970,10971,10968,6
2020-05-26 15:45:35.625,10970,10971,10969,6
2020-05-26 15:45:35.625,10970,10971,10968,4
2020-05-26 15:45:35.630,10970,10971,10968,4
2020-05-26 15:45:35.633,10970,10971,10968,2
2020-05-26 15:45:35.646,10970,10971,10968,1
2020-05-26 15:45:35.736,10968,10969,10969,1
2020-05-26 15:45:35.768,10968,10969,10969,2
2020-05-26 15:45:35.847,10969,10971,10969,1
2020-05-26 15:45:35.853,10969,10971,10969,1
2020-05-26 15:45:35.904,10969,10971,10969,2
2020-05-26 15:45:35.921,10969,10971,10969,1
2020-05-26 15:45:35.921,10969,10971,10968,1
2020-05-26 15:45:35.934,10969,10971,10968,2
2020-05-26 15:45:35.949,10968,10970,10968,1
2020-05-26 15:45:35.966,10968,10970,10968,1
2020-05-26 15:45:36.010,10968,10970,10968,2
2020-05-26 15:45:36.114,10968,10969,10968,1
2020-05-26 15:45:36.116,10968,10969,10968,1
2020-05-26 15:45:36.135,10968,10969,10968,3
2020-05-26 15:45:36.152,10968,10969,10968,4
2020-05-26 15:45:36.152,10968,10969,10967,1
2020-05-26 15:45:36.153,10968,10969,10967,1
2020-05-26 15:45:36.161,10968,10969,10967,1
2020-05-26 15:45:36.167,10968,10969,10967,4
2020-05-26 15:45:36.167,10968,10969,10966,1
2020-05-26 15:45:36.171,10968,10969,10966,1
2020-05-26 15:45:36.171,10968,10969,10966,1
2020-05-26 15:45:36.180,10968,10969,10966,1
2020-05-26 15:45:36.210,10966,10969,10966,1
2020-05-26 15:45:36.233,10966,10969,10966,2
2020-05-26 15:45:36.252,10966,10969,10966,5
2020-05-26 15:45:36.270,10966,10969,10966,2
2020-05-26 15:45:36.270,10966,10969,10966,1
2020-05-26 15:45:36.278,10966,10969,10966,1
2020-05-26 15:45:36.345,10966,10967,10966,2
2020-05-26 15:45:36.391,10966,10967,10966,2
2020-05-26 15:45:36.402,10966,10967,10966,1
2020-05-26 15:45:36.403,10966,10967,10966,4
2020-05-26 15:45:36.403,10966,10967,10966,4
2020-05-26 15:45:36.422,10966,10967,10965,3
2020-05-26 15:45:36.424,10966,10967,10965,1
2020-05-26 15:45:36.441,10965,10967,10965,1
2020-05-26 15:45:36.441,10965,10967,10965,1
2020-05-26 15:45:36.444,10965,10967,10965,2
2020-05-26 15:45:36.510,10965,10967,10965,1
2020-05-26 15:45:36.542,10965,10967,10965,2
2020-05-26 15:45:36.546,10965,10967,10965,1
2020-05-26 15:45:36.554,10965,10967,10965,2
2020-05-26 15:45:36.560,10965,10967,10965,1
2020-05-26 15:45:36.589,10965,10966,10965,2
2020-05-26 15:45:36.618,10965,10966,10965,3
2020-05-26 15:45:36.635,10965,10966,10965,1
2020-05-26 15:45:36.636,10965,10966,10965,1
2020-05-26 15:45:36.683,10965,10966,10965,1
2020-05-26 15:45:36.694,10965,10966,10965,1
2020-05-26 15:45:36.721,10965,10966,10965,2
2020-05-26 15:45:36.758,10965,10966,10965,1
2020-05-26 15:45:36.762,10965,10966,10965,1
2020-05-26 15:45:36.824,10965,10966,10965,2
2020-05-26 15:45:36.825,10965,10966,10965,4
2020-05-26 15:45:36.841,10965,10966,10965,1
2020-05-26 15:45:36.894,10965,10966,10965,1
2020-05-26 15:45:36.907,10965,10966,10965,1
2020-05-26 15:45:36.953,10965,10966,10965,1
2020-05-26 15:45:37.144,10965,10966,10965,1
2020-05-26 15:45:37.164,10965,10966,10965,1
2020-05-26 15:45:37.177,10965,10966,10965,1
2020-05-26 15:45:37.177,10965,10966,10965,4
2020-05-26 15:45:37.190,10964,10966,10964,1
2020-05-26 15:45:37.196,10964,10966,10964,1
2020-05-26 15:45:37.200,10964,10966,10964,2
2020-05-26 15:45:37.203,10964,10966,10964,1
2020-05-26 15:45:37.217,10964,10966,10964,1
2020-05-26 15:45:37.231,10964,10966,10964,1
2020-05-26 15:45:37.318,10964,10966,10966,1
2020-05-26 15:45:37.365,10964,10966,10964,2
2020-05-26 15:45:37.426,10964,10966,10964,6
2020-05-26 15:45:37.463,10964,10966,10964,8
2020-05-26 15:45:37.463,10964,10966,10963,8
2020-05-26 15:45:37.547,10964,10966,10963,1
2020-05-26 15:45:37.569,10963,10965,10963,2
2020-05-26 15:45:37.580,10963,10965,10963,1
2020-05-26 15:45:37.583,10963,10965,10963,1
2020-05-26 15:45:37.585,10963,10965,10963,1
2020-05-26 15:45:37.614,10963,10965,10963,1
2020-05-26 15:45:37.627,10963,10965,10963,4
2020-05-26 15:45:37.657,10963,10965,10962,8
2020-05-26 15:45:37.665,10963,10965,10962,1
2020-05-26 15:45:37.670,10963,10965,10962,2
2020-05-26 15:45:37.688,10962,10963,10962,8
2020-05-26 15:45:37.718,10962,10963,10961,1
2020-05-26 15:45:37.727,10962,10963,10961,1
2020-05-26 15:45:37.762,10962,10963,10961,1
2020-05-26 15:45:37.777,10962,10963,10961,3
2020-05-26 15:45:37.796,10962,10963,10961,2
2020-05-26 15:45:37.899,10961,10962,10961,1
2020-05-26 15:45:37.899,10961,10962,10961,1
2020-05-26 15:45:37.921,10961,10962,10961,2
2020-05-26 15:45:37.940,10961,10962,10961,1
2020-05-26 15:45:37.943,10961,10962,10961,1
2020-05-26 15:45:37.996,10961,10962,10960,2
2020-05-26 15:45:38.002,10961,10962,10960,1
2020-05-26 15:45:38.013,10961,10962,10960,1
2020-05-26 15:45:38.029,10961,10962,10960,3
2020-05-26 15:45:38.029,10961,10962,10960,1
2020-05-26 15:45:38.054,10961,10962,10960,2
2020-05-26 15:45:38.059,10961,10962,10960,1
2020-05-26 15:45:38.062,10960,10962,10960,3
2020-05-26 15:45:38.074,10960,10962,10960,1
2020-05-26 15:45:38.077,10960,10962,10960,1
2020-05-26 15:45:38.077,10960,10962,10960,3
2020-05-26 15:45:38.081,10960,10962,10960,1
2020-05-26 15:45:38.082,10960,10962,10960,1
2020-05-26 15:45:38.082,10960,10962,10960,3
2020-05-26 15:45:38.087,10960,10962,10961,2
2020-05-26 15:45:38.087,10960,10962,10961,2
2020-05-26 15:45:38.088,10960,10962,10961,1
2020-05-26 15:45:38.088,10960,10962,10961,1
2020-05-26 15:45:38.090,10960,10962,10960,3
2020-05-26 15:45:38.105,10960,10962,10960,1
2020-05-26 15:45:38.108,10960,10962,10960,1
2020-05-26 15:45:38.108,10960,10962,10960,4
2020-05-26 15:45:38.119,10960,10962,10960,1
2020-05-26 15:45:38.120,10960,10962,10960,1
2020-05-26 15:45:38.120,10960,10962,10960,9
2020-05-26 15:45:38.120,10960,10962,10960,4
2020-05-26 15:45:38.121,10960,10962,10959,1
2020-05-26 15:45:38.122,10960,10962,10959,1
2020-05-26 15:45:38.122,10960,10962,10960,4
2020-05-26 15:45:38.126,10960,10962,10959,1
2020-05-26 15:45:38.133,10960,10962,10959,1
2020-05-26 15:45:38.133,10960,10962,10958,2
2020-05-26 15:45:38.146,10960,10962,10958,2
2020-05-26 15:45:38.152,10960,10962,10960,1
2020-05-26 15:45:38.152,10960,10962,10958,1
2020-05-26 15:45:38.191,10958,10960,10958,13
2020-05-26 15:45:38.192,10958,10960,10958,1
2020-05-26 15:45:38.193,10958,10960,10959,2
2020-05-26 15:45:38.195,10958,10960,10958,1
2020-05-26 15:45:38.198,10958,10960,10958,2
2020-05-26 15:45:38.220,10958,10960,10959,1
2020-05-26 15:45:38.235,10958,10960,10959,1
2020-05-26 15:45:38.235,10958,10960,10958,1
2020-05-26 15:45:38.260,10958,10960,10958,5
2020-05-26 15:45:38.280,10958,10960,10958,1
2020-05-26 15:45:38.305,10958,10960,10958,1
2020-05-26 15:45:38.322,10958,10960,10958,1
2020-05-26 15:45:38.339,10958,10960,10958,1
2020-05-26 15:45:38.368,10958,10960,10958,1
2020-05-26 15:45:38.378,10958,10960,10958,2
2020-05-26 15:45:38.393,10958,10960,10958,2
2020-05-26 15:45:38.418,10958,10960,10957,1
2020-05-26 15:45:38.432,10958,10960,10957,1
2020-05-26 15:45:38.436,10958,10960,10957,1
2020-05-26 15:45:38.447,10957,10960,10957,1
2020-05-26 15:45:38.451,10957,10960,10957,2
2020-05-26 15:45:38.456,10957,10960,10957,3
2020-05-26 15:45:38.476,10957,10960,10957,1
2020-05-26 15:45:38.483,10957,10960,10957,1
2020-05-26 15:45:38.484,10957,10960,10958,4
2020-05-26 15:45:38.505,10957,10960,10957,2
2020-05-26 15:45:38.507,10957,10960,10957,1
2020-05-26 15:45:38.519,10957,10960,10957,1
2020-05-26 15:45:38.530,10957,10960,10957,1
2020-05-26 15:45:38.558,10957,10960,10957,4
2020-05-26 15:45:38.566,10956,10958,10956,2
2020-05-26 15:45:38.589,10956,10958,10956,1
2020-05-26 15:45:38.595,10956,10958,10956,1
2020-05-26 15:45:38.612,10956,10958,10956,2
2020-05-26 15:45:38.617,10956,10958,10956,3
2020-05-26 15:45:38.656,10956,10958,10956,2
2020-05-26 15:45:38.727,10956,10957,10956,3
2020-05-26 15:45:38.735,10956,10957,10956,1
2020-05-26 15:45:38.735,10956,10957,10955,1
2020-05-26 15:45:38.757,10956,10957,10955,2
2020-05-26 15:45:38.768,10956,10957,10955,1
2020-05-26 15:45:38.814,10955,10957,10957,1
2020-05-26 15:45:38.852,10955,10957,10956,2
2020-05-26 15:45:38.873,10955,10957,10956,2
2020-05-26 15:45:38.887,10955,10957,10956,3
2020-05-26 15:45:38.891,10955,10957,10956,1
2020-05-26 15:45:38.903,10955,10957,10955,1
2020-05-26 15:45:38.957,10955,10957,10957,1
2020-05-26 15:45:38.996,10955,10957,10957,1
2020-05-26 15:45:39.018,10955,10957,10956,1
2020-05-26 15:45:39.021,10955,10957,10956,2
2020-05-26 15:45:39.043,10955,10957,10956,1
2020-05-26 15:45:39.049,10955,10957,10956,1
2020-05-26 15:45:39.077,10956,10958,10957,1
2020-05-26 15:45:39.080,10956,10958,10956,4
2020-05-26 15:45:39.083,10956,10958,10956,1
2020-05-26 15:45:39.090,10956,10958,10956,1
2020-05-26 15:45:39.101,10956,10958,10955,3
2020-05-26 15:45:39.108,10956,10958,10955,5
2020-05-26 15:45:39.116,10956,10958,10955,1
2020-05-26 15:45:39.127,10956,10958,10955,1
2020-05-26 15:45:39.150,10956,10958,10955,1
2020-05-26 15:45:39.173,10956,10958,10956,1
2020-05-26 15:45:39.173,10956,10958,10955,1
2020-05-26 15:45:39.197,10955,10957,10957,2
2020-05-26 15:45:39.197,10955,10957,10957,1
2020-05-26 15:45:39.204,10955,10957,10956,1
2020-05-26 15:45:39.207,10955,10957,10956,3
2020-05-26 15:45:39.223,10955,10957,10956,1
2020-05-26 15:45:39.226,10955,10957,10955,4
2020-05-26 15:45:39.226,10955,10957,10955,4
2020-05-26 15:45:39.226,10955,10957,10954,8
2020-05-26 15:45:39.228,10955,10957,10955,1
2020-05-26 15:45:39.228,10955,10957,10955,1
2020-05-26 15:45:39.228,10955,10957,10955,2
2020-05-26 15:45:39.232,10955,10957,10954,1
2020-05-26 15:45:39.234,10955,10957,10955,1
2020-05-26 15:45:39.254,10955,10957,10954,5
2020-05-26 15:45:39.258,10955,10957,10954,1
2020-05-26 15:45:39.258,10955,10957,10953,2
2020-05-26 15:45:39.267,10955,10957,10953,2
2020-05-26 15:45:39.304,10955,10957,10953,1
2020-05-26 15:45:39.315,10953,10955,10953,1
2020-05-26 15:45:39.316,10953,10955,10953,3
2020-05-26 15:45:39.316,10953,10955,10953,1
2020-05-26 15:45:39.355,10953,10955,10953,2
2020-05-26 15:45:39.364,10953,10955,10953,1
2020-05-26 15:45:39.365,10953,10955,10953,1
2020-05-26 15:45:39.365,10953,10955,10953,2
2020-05-26 15:45:39.367,10953,10955,10954,2
2020-05-26 15:45:39.372,10953,10955,10953,3
2020-05-26 15:45:39.372,10953,10955,10952,1
2020-05-26 15:45:39.399,10953,10955,10952,1
2020-05-26 15:45:39.425,10953,10955,10952,4
2020-05-26 15:45:39.429,10953,10955,10952,3
2020-05-26 15:45:39.448,10952,10954,10954,1
2020-05-26 15:45:39.474,10952,10954,10954,1
2020-05-26 15:45:39.484,10952,10954,10954,4
2020-05-26 15:45:39.485,10952,10954,10953,1
2020-05-26 15:45:39.499,10952,10954,10955,1
2020-05-26 15:45:39.559,10952,10954,10953,2
2020-05-26 15:45:39.559,10952,10954,10952,4
2020-05-26 15:45:39.567,10952,10954,10952,1
2020-05-26 15:45:39.567,10952,10954,10951,2
2020-05-26 15:45:39.576,10952,10954,10951,1
2020-05-26 15:45:39.587,10952,10954,10953,2
2020-05-26 15:45:39.602,10952,10954,10952,1
2020-05-26 15:45:39.602,10952,10954,10951,12
2020-05-26 15:45:39.615,10952,10954,10951,9
2020-05-26 15:45:39.615,10952,10954,10950,3
2020-05-26 15:45:39.634,10952,10954,10950,2
2020-05-26 15:45:39.642,10952,10954,10952,1
2020-05-26 15:45:39.681,10952,10954,10954,4
2020-05-26 15:45:39.681,10952,10954,10954,1
2020-05-26 15:45:39.718,10954,10955,10954,2
2020-05-26 15:45:39.754,10954,10955,10954,2
2020-05-26 15:45:39.766,10954,10955,10954,2
2020-05-26 15:45:39.777,10954,10955,10953,1
2020-05-26 15:45:39.787,10954,10955,10955,1
2020-05-26 15:45:39.798,10954,10955,10955,1
2020-05-26 15:45:39.800,10954,10955,10956,1
2020-05-26 15:45:39.830,10955,10956,10955,1
2020-05-26 15:45:39.860,10955,10956,10955,4
2020-05-26 15:45:39.860,10955,10956,10954,6
2020-05-26 15:45:39.861,10955,10956,10955,1
2020-05-26 15:45:39.882,10955,10956,10955,3
2020-05-26 15:45:39.882,10955,10956,10954,1
2020-05-26 15:45:39.888,10955,10956,10954,4
2020-05-26 15:45:39.889,10955,10956,10954,2
2020-05-26 15:45:39.903,10955,10956,10954,1
2020-05-26 15:45:39.918,10955,10956,10953,1
2020-05-26 15:45:39.928,10955,10956,10953,1
2020-05-26 15:45:39.943,10953,10955,10954,1
2020-05-26 15:45:39.971,10953,10955,10953,5
2020-05-26 15:45:40.005,10953,10955,10955,3
2020-05-26 15:45:40.008,10953,10955,10953,1
2020-05-26 15:45:40.015,10953,10955,10952,1
2020-05-26 15:45:40.035,10953,10955,10952,1
2020-05-26 15:45:40.036,10953,10955,10952,1
2020-05-26 15:45:40.062,10953,10955,10955,3
2020-05-26 15:45:40.062,10953,10955,10956,5
2020-05-26 15:45:40.105,10952,10956,10957,1
2020-05-26 15:45:40.201,10955,10957,10955,1
2020-05-26 15:45:40.207,10955,10957,10956,1
2020-05-26 15:45:40.217,10955,10957,10956,1
2020-05-26 15:45:40.219,10955,10957,10955,1
2020-05-26 15:45:40.231,10955,10957,10955,1
2020-05-26 15:45:40.231,10955,10957,10954,9
2020-05-26 15:45:40.231,10955,10957,10953,11
2020-05-26 15:45:40.231,10955,10957,10952,9
2020-05-26 15:45:40.231,10955,10957,10951,4
2020-05-26 15:45:40.231,10955,10957,10950,6
2020-05-26 15:45:40.248,10955,10957,10951,2
2020-05-26 15:45:40.311,10955,10957,10954,1
2020-05-26 15:45:40.313,10952,10954,10952,1
2020-05-26 15:45:40.313,10952,10954,10951,4
2020-05-26 15:45:40.380,10952,10954,10952,1
2020-05-26 15:45:40.413,10952,10954,10952,1
2020-05-26 15:45:40.429,10952,10954,10951,1
2020-05-26 15:45:40.484,10951,10954,10952,1
2020-05-26 15:45:40.484,10951,10954,10951,1
2020-05-26 15:45:40.488,10951,10954,10951,3
2020-05-26 15:45:40.574,10951,10953,10951,1
2020-05-26 15:45:40.575,10951,10953,10951,1
2020-05-26 15:45:40.684,10951,10953,10950,2
2020-05-26 15:45:40.749,10950,10952,10950,2
2020-05-26 15:45:40.760,10950,10952,10950,2
2020-05-26 15:45:40.885,10950,10952,10952,1
2020-05-26 15:45:40.888,10950,10952,10952,1
2020-05-26 15:45:40.889,10950,10952,10951,1
2020-05-26 15:45:40.929,10950,10952,10951,1
2020-05-26 15:45:40.939,10951,10952,10951,1
2020-05-26 15:45:40.949,10951,10952,10952,2
2020-05-26 15:45:40.964,10951,10952,10951,1
2020-05-26 15:45:40.966,10951,10952,10951,1
2020-05-26 15:45:40.971,10951,10952,10951,1
2020-05-26 15:45:40.972,10951,10952,10951,1
2020-05-26 15:45:40.973,10951,10952,10951,1
2020-05-26 15:45:40.982,10951,10952,10951,1
2020-05-26 15:45:41.004,10951,10952,10952,4
2020-05-26 15:45:41.007,10951,10952,10951,1
2020-05-26 15:45:41.008,10951,10952,10950,1
2020-05-26 15:45:41.008,10951,10952,10950,1
2020-05-26 15:45:41.020,10951,10952,10952,1
2020-05-26 15:45:41.062,10950,10952,10952,5
2020-05-26 15:45:41.085,10950,10952,10950,2
2020-05-26 15:45:41.092,10950,10952,10952,2
2020-05-26 15:45:41.272,10950,10952,10952,5
2020-05-26 15:45:41.279,10950,10952,10952,1
2020-05-26 15:45:41.293,10950,10952,10951,1
2020-05-26 15:45:41.336,10951,10952,10951,1
2020-05-26 15:45:41.338,10951,10952,10951,1
2020-05-26 15:45:41.390,10951,10952,10951,1
2020-05-26 15:45:41.439,10951,10952,10952,2
2020-05-26 15:45:41.440,10951,10952,10952,1
2020-05-26 15:45:41.467,10951,10952,10952,1
2020-05-26 15:45:41.467,10951,10952,10953,1
2020-05-26 15:45:41.467,10951,10952,10952,1
2020-05-26 15:45:41.472,10951,10952,10951,2
2020-05-26 15:45:41.631,10952,10953,10953,1
2020-05-26 15:45:41.632,10952,10953,10953,1
2020-05-26 15:45:41.632,10952,10953,10952,1
2020-05-26 15:45:41.633,10952,10953,10953,1
2020-05-26 15:45:41.841,10954,10955,10954,1
2020-05-26 15:45:41.940,10953,10954,10953,1
2020-05-26 15:45:41.967,10953,10954,10953,2
2020-05-26 15:45:42.192,10953,10954,10953,1
2020-05-26 15:45:42.289,10953,10954,10952,1
2020-05-26 15:45:42.510,10952,10954,10952,5
2020-05-26 15:45:42.622,10952,10954,10952,4
2020-05-26 15:45:42.627,10952,10954,10954,1
2020-05-26 15:45:43.049,10953,10955,10955,1
2020-05-26 15:45:43.126,10954,10956,10954,5
2020-05-26 15:45:43.486,10955,10956,10956,2
2020-05-26 15:45:43.815,10957,10958,10958,1
2020-05-26 15:45:43.816,10957,10958,10958,1
2020-05-26 15:45:44.040,10957,10959,10958,1
2020-05-26 15:45:44.050,10957,10959,10957,4
2020-05-26 15:45:44.098,10956,10958,10958,2
2020-05-26 15:45:44.223,10956,10958,10957,1
2020-05-26 15:45:44.223,10956,10958,10956,4
2020-05-26 15:45:44.553,10957,10958,10958,5
2020-05-26 15:45:44.698,10957,10958,10958,1
2020-05-26 15:45:44.769,10957,10958,10959,1
2020-05-26 15:45:44.841,10958,10959,10958,5
2020-05-26 15:45:45.032,10957,10959,10957,7
2020-05-26 15:45:45.039,10957,10959,10958,2
2020-05-26 15:45:45.092,10956,10958,10956,8
2020-05-26 15:45:45.298,10956,10958,10958,5
2020-05-26 15:45:45.894,10957,10958,10957,5
2020-05-26 15:45:46.058,10957,10958,10957,2
2020-05-26 15:45:46.239,10957,10958,10957,1
2020-05-26 15:45:46.239,10957,10958,10956,4
2020-05-26 15:45:46.619,10956,10957,10957,2
2020-05-26 15:45:46.639,10956,10957,10956,3
2020-05-26 15:45:46.639,10956,10957,10955,2
2020-05-26 15:45:47.007,10955,10957,10956,1
2020-05-26 15:45:47.007,10955,10957,10956,4
2020-05-26 15:45:47.287,10955,10957,10955,5
2020-05-26 15:45:47.571,10955,10956,10956,2
2020-05-26 15:45:47.853,10955,10956,10955,1
2020-05-26 15:45:48.306,10955,10956,10956,7
2020-05-26 15:45:48.306,10955,10956,10957,21
2020-05-26 15:45:48.306,10955,10956,10958,16
2020-05-26 15:45:48.307,10955,10956,10958,1
2020-05-26 15:45:48.308,10955,10956,10958,1
2020-05-26 15:45:48.308,10955,10956,10958,3
2020-05-26 15:45:48.308,10955,10956,10958,5
2020-05-26 15:45:48.308,10955,10956,10958,1
2020-05-26 15:45:48.308,10955,10956,10959,2
2020-05-26 15:45:48.308,10955,10956,10958,1
2020-05-26 15:45:48.308,10955,10956,10958,4
2020-05-26 15:45:48.308,10955,10956,10958,1
2020-05-26 15:45:48.309,10955,10956,10958,2
2020-05-26 15:45:48.620,10958,10960,10958,3
2020-05-26 15:45:48.975,10958,10959,10958,1
2020-05-26 15:45:49.133,10958,10959,10958,3
2020-05-26 15:45:49.290,10958,10959,10958,1
2020-05-26 15:45:50.643,10958,10959,10959,1
2020-05-26 15:45:51.374,10958,10959,10959,2
2020-05-26 15:45:51.374,10958,10959,10959,4
2020-05-26 15:45:51.374,10958,10959,10959,4
2020-05-26 15:45:51.648,10958,10960,10960,5
2020-05-26 15:45:51.649,10958,10960,10960,1
2020-05-26 15:45:51.649,10958,10960,10960,1
2020-05-26 15:45:51.649,10958,10960,10960,3
2020-05-26 15:45:52.167,10959,10960,10959,5
2020-05-26 15:45:52.343,10959,10960,10960,2
2020-05-26 15:45:52.471,10960,10961,10960,3
2020-05-26 15:45:52.471,10960,10961,10959,2
2020-05-26 15:45:52.748,10959,10960,10959,5
2020-05-26 15:45:53.146,10959,10960,10959,4
2020-05-26 15:45:53.146,10959,10960,10958,1
2020-05-26 15:45:53.326,10958,10960,10958,1
2020-05-26 15:45:53.372,10958,10960,10960,6
2020-05-26 15:45:53.372,10958,10960,10960,1
2020-05-26 15:45:53.408,10958,10960,10960,3
2020-05-26 15:45:53.408,10958,10960,10959,2
2020-05-26 15:45:53.672,10959,10960,10959,5
2020-05-26 15:45:53.886,10958,10960,10960,5
2020-05-26 15:45:54.689,10960,10961,10961,12
2020-05-26 15:45:54.689,10960,10961,10961,5
2020-05-26 15:45:54.689,10960,10961,10961,4
2020-05-26 15:45:54.689,10960,10961,10961,2
2020-05-26 15:45:55.372,10961,10962,10962,1
2020-05-26 15:45:55.447,10962,10963,10963,2
2020-05-26 15:45:55.536,10962,10963,10962,1
2020-05-26 15:45:56.014,10961,10963,10961,1
2020-05-26 15:45:56.478,10962,10963,10962,2
2020-05-26 15:45:57.372,10962,10963,10963,10
2020-05-26 15:45:58.442,10963,10964,10963,2
2020-05-26 15:45:58.787,10962,10964,10962,1
2020-05-26 15:45:59.484,10963,10964,10963,2
2020-05-26 15:45:59.485,10963,10964,10963,3
2020-05-26 15:45:59.692,10962,10963,10963,1
2020-05-26 15:45:59.692,10962,10963,10964,1
2020-05-26 15:46:00.260,10962,10964,10964,1
2020-05-26 15:46:00.525,10962,10964,10962,7
2020-05-26 15:46:00.525,10962,10964,10961,8
2020-05-26 15:46:00.525,10962,10964,10962,1
2020-05-26 15:46:00.526,10962,10964,10962,1
2020-05-26 15:46:00.633,10961,10963,10961,5
2020-05-26 15:46:00.656,10961,10963,10962,1
2020-05-26 15:46:00.661,10961,10963,10961,3
2020-05-26 15:46:00.661,10961,10963,10960,2
2020-05-26 15:46:01.605,10962,10963,10962,1
2020-05-26 15:46:01.627,10962,10963,10963,2
2020-05-26 15:46:01.707,10961,10963,10963,1
2020-05-26 15:46:01.822,10961,10963,10961,2
2020-05-26 15:46:01.826,10961,10963,10961,1
2020-05-26 15:46:01.827,10961,10963,10961,3
2020-05-26 15:46:01.828,10961,10963,10961,1
2020-05-26 15:46:01.828,10961,10963,10960,1
2020-05-26 15:46:01.828,10961,10963,10960,1
2020-05-26 15:46:01.836,10961,10963,10960,1
2020-05-26 15:46:01.841,10961,10963,10960,1
2020-05-26 15:46:01.841,10961,10963,10960,1
2020-05-26 15:46:01.842,10961,10963,10960,1
2020-05-26 15:46:01.846,10961,10963,10960,1
2020-05-26 15:46:01.846,10961,10963,10960,1
2020-05-26 15:46:01.846,10961,10963,10960,2
2020-05-26 15:46:01.846,10961,10963,10959,5
2020-05-26 15:46:01.855,10961,10963,10959,2
2020-05-26 15:46:01.890,10961,10963,10958,1
2020-05-26 15:46:01.952,10958,10960,10960,1
2020-05-26 15:46:02.496,10958,10960,10958,1
2020-05-26 15:46:03.032,10958,10959,10959,1
2020-05-26 15:46:03.364,10958,10959,10959,4
2020-05-26 15:46:04.111,10959,10960,10959,1
2020-05-26 15:46:04.399,10958,10959,10959,1
2020-05-26 15:46:05.448,10958,10959,10959,2
2020-05-26 15:46:05.572,10958,10959,10959,1
2020-05-26 15:46:05.984,10958,10960,10958,1
2020-05-26 15:46:09.638,10959,10960,10960,5
2020-05-26 15:46:09.658,10959,10960,10960,1
2020-05-26 15:46:09.690,10960,10961,10960,1
2020-05-26 15:46:10.120,10959,10961,10959,2
2020-05-26 15:46:10.642,10959,10960,10959,1
2020-05-26 15:46:10.648,10959,10960,10959,1
2020-05-26 15:46:10.754,10959,10960,10960,2
2020-05-26 15:46:11.118,10959,10960,10959,1
2020-05-26 15:46:11.420,10959,10960,10959,1
2020-05-26 15:46:11.421,10959,10960,10959,1
2020-05-26 15:46:11.421,10959,10960,10958,1
2020-05-26 15:46:11.646,10958,10960,10958,1
2020-05-26 15:46:11.799,10958,10960,10960,1
2020-05-26 15:46:11.824,10958,10960,10958,1
2020-05-26 15:46:12.025,10958,10960,10958,2
2020-05-26 15:46:12.026,10958,10960,10958,1
2020-05-26 15:46:12.233,10958,10959,10958,1
2020-05-26 15:46:12.431,10958,10959,10958,1
2020-05-26 15:46:12.632,10958,10959,10958,1
2020-05-26 15:46:12.833,10958,10959,10958,1
2020-05-26 15:46:12.883,10958,10959,10959,1
2020-05-26 15:46:13.637,10958,10959,10958,1
2020-05-26 15:46:13.637,10958,10959,10958,1
2020-05-26 15:46:13.851,10958,10959,10958,2
2020-05-26 15:46:13.851,10958,10959,10958,1
2020-05-26 15:46:13.851,10958,10959,10957,1
2020-05-26 15:46:14.365,10957,10959,10957,1
2020-05-26 15:46:14.366,10957,10959,10958,2
2020-05-26 15:46:14.453,10957,10959,10957,4
2020-05-26 15:46:14.596,10957,10958,10958,1
2020-05-26 15:46:14.849,10957,10958,10957,1
2020-05-26 15:46:14.985,10957,10958,10958,1
2020-05-26 15:46:15.054,10957,10958,10957,1
2020-05-26 15:46:15.054,10957,10958,10956,1
2020-05-26 15:46:15.096,10956,10958,10958,11
2020-05-26 15:46:15.130,10956,10958,10958,1
2020-05-26 15:46:15.453,10957,10959,10957,4
2020-05-26 15:46:16.441,10957,10959,10959,1
2020-05-26 15:46:16.586,10957,10959,10957,2
2020-05-26 15:46:16.981,10957,10959,10958,1
2020-05-26 15:46:17.049,10957,10959,10959,2
2020-05-26 15:46:17.094,10958,10959,10959,3
2020-05-26 15:46:17.862,10958,10959,10958,1
2020-05-26 15:46:18.612,10958,10959,10959,1
2020-05-26 15:46:18.860,10958,10960,10958,1
2020-05-26 15:46:19.064,10958,10960,10958,1
2020-05-26 15:46:19.399,10959,10960,10959,1
2020-05-26 15:46:20.164,10959,10960,10959,1
2020-05-26 15:46:20.427,10958,10960,10959,1
2020-05-26 15:46:20.490,10958,10960,10958,1
2020-05-26 15:46:20.608,10958,10960,10960,4
2020-05-26 15:46:20.771,10960,10961,10960,1
2020-05-26 15:46:20.884,10960,10961,10961,8
2020-05-26 15:46:20.885,10960,10961,10961,2
2020-05-26 15:46:22.607,10960,10962,10962,10
2020-05-26 15:46:23.065,10961,10962,10962,1
2020-05-26 15:46:27.763,10961,10963,10963,1
2020-05-26 15:46:28.489,10961,10962,10962,1
2020-05-26 15:46:29.560,10961,10962,10963,1
2020-05-26 15:46:29.712,10961,10963,10963,1
2020-05-26 15:46:30.314,10962,10963,10963,1
2020-05-26 15:46:30.314,10962,10963,10964,4
2020-05-26 15:46:30.753,10963,10964,10964,2
2020-05-26 15:46:30.889,10963,10964,10964,1
2020-05-26 15:46:30.889,10963,10964,10965,1
2020-05-26 15:46:31.607,10963,10965,10963,2
2020-05-26 15:46:33.357,10963,10965,10963,5
2020-05-26 15:46:33.613,10963,10965,10963,5
2020-05-26 15:46:33.852,10963,10964,10963,3
2020-05-26 15:46:33.852,10963,10964,10962,2
2020-05-26 15:46:34.144,10962,10964,10962,5
2020-05-26 15:46:34.418,10962,10964,10962,5
2020-05-26 15:46:34.724,10962,10963,10962,4
2020-05-26 15:46:34.724,10962,10963,10961,1
2020-05-26 15:46:35.136,10961,10963,10963,1
2020-05-26 15:46:35.375,10961,10963,10963,1
2020-05-26 15:46:35.658,10962,10963,10964,3
2020-05-26 15:46:36.351,10962,10963,10962,1
2020-05-26 15:46:36.560,10961,10963,10963,1
2020-05-26 15:46:39.637,10962,10963,10962,1
2020-05-26 15:46:40.759,10962,10963,10963,1
2020-05-26 15:46:41.936,10962,10963,10962,2
2020-05-26 15:46:42.010,10961,10963,10962,1
2020-05-26 15:46:42.301,10962,10963,10963,2
2020-05-26 15:46:43.254,10962,10963,10963,1
2020-05-26 15:46:43.762,10963,10964,10963,1
2020-05-26 15:46:43.996,10962,10963,10963,1
2020-05-26 15:46:44.071,10962,10964,10964,1
2020-05-26 15:46:45.556,10963,10964,10964,1
2020-05-26 15:46:46.748,10962,10964,10963,1
2020-05-26 15:46:47.568,10962,10964,10962,1
2020-05-26 15:46:49.862,10962,10963,10963,1
2020-05-26 15:46:51.466,10963,10964,10964,1
2020-05-26 15:46:52.060,10963,10964,10963,1
2020-05-26 15:46:52.718,10962,10964,10962,1
2020-05-26 15:46:55.964,10962,10963,10963,1
2020-05-26 15:46:57.023,10962,10963,10963,1
2020-05-26 15:46:57.647,10962,10963,10962,1
2020-05-26 15:46:59.319,10962,10963,10962,6
2020-05-26 15:46:59.945,10962,10963,10962,1
2020-05-26 15:46:59.970,10962,10963,10962,2
2020-05-26 15:47:01.001,10962,10963,10962,1
2020-05-26 15:47:01.044,10962,10963,10962,3
2020-05-26 15:47:01.045,10962,10963,10962,4
2020-05-26 15:47:01.045,10962,10963,10962,1
2020-05-26 15:47:03.817,10961,10962,10962,1
2020-05-26 15:47:07.312,10962,10963,10962,1
2020-05-26 15:47:09.110,10962,10963,10962,1
2020-05-26 15:47:09.469,10961,10962,10962,2
2020-05-26 15:47:09.938,10962,10963,10962,1
2020-05-26 15:47:10.018,10962,10963,10962,1
2020-05-26 15:47:10.049,10962,10963,10962,1
2020-05-26 15:47:11.558,10962,10963,10962,1
2020-05-26 15:47:12.162,10961,10963,10963,1
2020-05-26 15:47:12.777,10961,10963,10963,2
2020-05-26 15:47:17.180,10961,10963,10963,1
2020-05-26 15:47:19.223,10962,10963,10962,1
2020-05-26 15:47:19.631,10961,10962,10962,1
2020-05-26 15:47:20.514,10961,10962,10962,1
2020-05-26 15:47:20.686,10961,10962,10962,1
2020-05-26 15:47:21.139,10961,10962,10962,3
2020-05-26 15:47:21.139,10961,10962,10963,17
2020-05-26 15:47:21.140,10961,10962,10963,15
2020-05-26 15:47:21.140,10961,10962,10963,1
2020-05-26 15:47:21.161,10961,10962,10963,1
2020-05-26 15:47:22.883,10962,10964,10964,1
2020-05-26 15:47:24.553,10962,10964,10962,1
2020-05-26 15:47:27.373,10962,10963,10962,1
2020-05-26 15:47:35.316,10962,10963,10963,1
2020-05-26 15:47:36.539,10962,10963,10963,1
2020-05-26 15:47:38.180,10962,10963,10962,1
2020-05-26 15:47:43.009,10962,10963,10963,1
2020-05-26 15:47:43.032,10962,10963,10963,2
2020-05-26 15:47:43.032,10962,10963,10963,3
2020-05-26 15:47:43.114,10963,10964,10963,1
2020-05-26 15:47:45.434,10963,10964,10964,2
2020-05-26 15:47:45.434,10963,10964,10964,20
2020-05-26 15:47:48.968,10964,10965,10964,1
2020-05-26 15:47:52.689,10964,10965,10965,1
2020-05-26 15:47:55.247,10964,10965,10965,1
2020-05-26 15:47:55.893,10964,10965,10965,1
2020-05-26 15:47:55.937,10964,10965,10965,11
2020-05-26 15:47:56.463,10965,10967,10965,3
2020-05-26 15:47:56.464,10965,10967,10966,1
2020-05-26 15:47:57.646,10965,10966,10966,1
2020-05-26 15:47:58.410,10965,10966,10966,1
2020-05-26 15:47:58.949,10965,10966,10966,1
2020-05-26 15:48:03.581,10965,10966,10966,2
2020-05-26 15:48:03.962,10966,10967,10966,1
2020-05-26 15:48:04.000,10966,10967,10966,1
2020-05-26 15:48:04.000,10966,10967,10965,1
2020-05-26 15:48:04.038,10966,10967,10965,2
2020-05-26 15:48:04.049,10966,10967,10965,2
2020-05-26 15:48:05.450,10966,10967,10967,2
2020-05-26 15:48:05.553,10966,10967,10967,1
2020-05-26 15:48:05.957,10967,10968,10968,1
2020-05-26 15:48:06.213,10967,10968,10967,3
2020-05-26 15:48:07.016,10967,10968,10968,5
2020-05-26 15:48:07.256,10967,10968,10968,5
2020-05-26 15:48:07.458,10967,10968,10968,1
2020-05-26 15:48:07.458,10967,10968,10969,4
2020-05-26 15:48:07.670,10967,10969,10969,5
2020-05-26 15:48:07.910,10967,10969,10969,4
2020-05-26 15:48:07.910,10967,10969,10970,1
2020-05-26 15:48:08.099,10969,10970,10969,1
2020-05-26 15:48:08.158,10969,10970,10970,5
2020-05-26 15:48:09.306,10969,10970,10970,1
2020-05-26 15:48:09.590,10969,10970,10970,7
2020-05-26 15:48:11.130,10970,10971,10970,1
2020-05-26 15:48:11.558,10970,10971,10971,2
2020-05-26 15:48:11.636,10970,10971,10971,1
2020-05-26 15:48:12.390,10970,10972,10971,1
2020-05-26 15:48:12.442,10970,10971,10971,1
2020-05-26 15:48:12.869,10970,10971,10970,1
2020-05-26 15:48:14.358,10970,10971,10970,1
2020-05-26 15:48:14.439,10970,10971,10971,1
2020-05-26 15:48:15.127,10970,10972,10972,2
2020-05-26 15:48:16.229,10970,10971,10970,1
2020-05-26 15:48:16.550,10970,10971,10971,2
2020-05-26 15:48:16.550,10970,10971,10972,2
2020-05-26 15:48:18.178,10970,10971,10971,2
2020-05-26 15:48:19.335,10970,10971,10971,1
2020-05-26 15:48:20.990,10970,10971,10971,1
2020-05-26 15:48:20.990,10970,10971,10972,2
2020-05-26 15:48:21.553,10971,10972,10971,1
2020-05-26 15:48:22.839,10971,10972,10971,1
2020-05-26 15:48:22.968,10971,10972,10971,2
2020-05-26 15:48:23.026,10971,10972,10971,1
2020-05-26 15:48:24.236,10970,10971,10971,1
2020-05-26 15:48:25.969,10970,10971,10971,1
2020-05-26 15:48:26.595,10970,10971,10971,1
2020-05-26 15:48:27.068,10970,10971,10971,2
2020-05-26 15:48:29.744,10970,10971,10970,2
2020-05-26 15:48:32.076,10970,10971,10970,1
2020-05-26 15:48:32.076,10970,10971,10970,8
2020-05-26 15:48:32.076,10970,10971,10970,5
2020-05-26 15:48:32.076,10970,10971,10970,1
2020-05-26 15:48:32.076,10970,10971,10970,2
2020-05-26 15:48:32.076,10970,10971,10970,1
2020-05-26 15:48:32.076,10970,10971,10970,5
2020-05-26 15:48:32.076,10970,10971,10970,7
2020-05-26 15:48:33.503,10969,10970,10970,1
2020-05-26 15:48:34.159,10969,10970,10970,1
2020-05-26 15:48:37.305,10969,10970,10969,1
2020-05-26 15:48:41.513,10969,10970,10969,1
2020-05-26 15:48:41.513,10969,10970,10969,13
2020-05-26 15:48:41.513,10969,10970,10969,1
2020-05-26 15:48:41.513,10969,10970,10969,2
2020-05-26 15:48:41.514,10969,10970,10969,3
2020-05-26 15:48:46.051,10968,10969,10968,1
2020-05-26 15:48:46.187,10968,10969,10968,1
2020-05-26 15:48:48.401,10967,10968,10967,5
2020-05-26 15:48:48.401,10967,10968,10967,6
2020-05-26 15:48:48.401,10967,10968,10967,4
2020-05-26 15:48:51.456,10967,10968,10967,1
2020-05-26 15:48:52.658,10967,10968,10966,1
2020-05-26 15:48:53.179,10967,10968,10967,1
2020-05-26 15:48:53.414,10966,10968,10966,2
2020-05-26 15:48:55.108,10966,10967,10966,2
2020-05-26 15:48:55.691,10966,10967,10967,1
2020-05-26 15:48:56.097,10966,10967,10966,2
2020-05-26 15:48:56.959,10965,10966,10966,2
2020-05-26 15:48:56.959,10965,10966,10966,1
2020-05-26 15:48:57.480,10966,10967,10966,1
2020-05-26 15:48:58.030,10966,10967,10967,1
2020-05-26 15:49:00.247,10966,10967,10966,4
2020-05-26 15:49:00.506,10965,10966,10965,1
2020-05-26 15:49:00.643,10965,10966,10965,1
2020-05-26 15:49:00.660,10965,10966,10965,1
2020-05-26 15:49:00.697,10965,10966,10965,1
2020-05-26 15:49:00.699,10965,10966,10964,1
2020-05-26 15:49:01.503,10964,10966,10965,1
2020-05-26 15:49:01.925,10965,10966,10966,1
2020-05-26 15:49:01.938,10966,10967,10966,1
2020-05-26 15:49:03.068,10966,10967,10966,1
2020-05-26 15:49:03.556,10966,10967,10966,1
2020-05-26 15:49:04.146,10966,10967,10966,1
2020-05-26 15:49:04.146,10966,10967,10965,3
2020-05-26 15:49:05.118,10965,10967,10965,1
2020-05-26 15:49:05.810,10966,10967,10966,2
2020-05-26 15:49:06.074,10965,10966,10965,5
2020-05-26 15:49:06.568,10965,10966,10965,1
2020-05-26 15:49:07.864,10965,10966,10965,1
2020-05-26 15:49:09.949,10965,10966,10965,1
2020-05-26 15:49:10.152,10965,10966,10965,1
2020-05-26 15:49:10.523,10965,10966,10965,1
2020-05-26 15:49:11.097,10965,10966,10965,1
2020-05-26 15:49:11.640,10965,10966,10965,1
2020-05-26 15:49:12.371,10965,10966,10965,1
2020-05-26 15:49:13.987,10965,10966,10966,6
2020-05-26 15:49:15.027,10966,10967,10966,3
2020-05-26 15:49:15.027,10966,10967,10965,2
2020-05-26 15:49:18.944,10966,10967,10966,1
2020-05-26 15:49:19.223,10966,10967,10966,1
2020-05-26 15:49:20.172,10966,10967,10967,3
2020-05-26 15:49:21.241,10966,10967,10966,1
2020-05-26 15:49:21.790,10965,10967,10965,3
2020-05-26 15:49:24.239,10966,10967,10966,1
2020-05-26 15:49:24.361,10966,10967,10967,4
2020-05-26 15:49:24.361,10966,10967,10967,1
2020-05-26 15:49:24.362,10966,10967,10967,11
2020-05-26 15:49:24.362,10966,10967,10967,9
2020-05-26 15:49:24.405,10966,10967,10968,2
2020-05-26 15:49:24.510,10967,10968,10967,2
2020-05-26 15:49:24.779,10967,10968,10967,10
2020-05-26 15:49:27.548,10966,10967,10967,2
2020-05-26 15:49:27.563,10966,10967,10967,2
2020-05-26 15:49:28.971,10966,10968,10968,1
2020-05-26 15:49:30.639,10966,10967,10967,1
2020-05-26 15:49:33.537,10966,10968,10968,1
2020-05-26 15:49:35.226,10966,10968,10968,1
2020-05-26 15:49:35.473,10966,10968,10967,1
2020-05-26 15:49:43.967,10966,10967,10967,1
2020-05-26 15:49:44.305,10966,10968,10968,10
2020-05-26 15:49:44.453,10967,10969,10969,1
2020-05-26 15:49:45.478,10967,10969,10967,1
2020-05-26 15:49:48.123,10967,10968,10967,3
2020-05-26 15:49:49.170,10967,10968,10968,1
2020-05-26 15:49:54.719,10967,10968,10967,1
2020-05-26 15:49:54.801,10967,10968,10968,1
2020-05-26 15:49:55.114,10967,10968,10968,2
2020-05-26 15:49:55.115,10967,10968,10968,1
2020-05-26 15:49:55.949,10968,10969,10969,4
2020-05-26 15:49:55.949,10968,10969,10969,4
2020-05-26 15:49:56.269,10969,10970,10969,3
2020-05-26 15:49:56.435,10968,10970,10968,2
2020-05-26 15:49:56.459,10968,10970,10968,2
2020-05-26 15:49:56.496,10968,10970,10968,2
2020-05-26 15:49:56.545,10968,10970,10968,2
2020-05-26 15:49:56.689,10968,10970,10968,2
2020-05-26 15:49:58.975,10967,10968,10967,2
2020-05-26 15:50:04.266,10967,10968,10967,1
2020-05-26 15:50:04.345,10967,10968,10967,1
2020-05-26 15:50:04.510,10966,10967,10967,2
2020-05-26 15:50:04.550,10966,10967,10966,2
2020-05-26 15:50:04.639,10966,10968,10968,4
2020-05-26 15:50:05.586,10966,10968,10966,1
2020-05-26 15:50:06.813,10966,10967,10967,1
2020-05-26 15:50:07.254,10966,10968,10966,1
2020-05-26 15:50:07.758,10966,10968,10968,3
2020-05-26 15:50:09.368,10967,10968,10968,1
2020-05-26 15:50:12.130,10967,10968,10968,2
2020-05-26 15:50:12.130,10967,10968,10968,3
2020-05-26 15:50:16.248,10968,10969,10968,1
