2024-06-13 15:00:00.037,22321,22323,22325,387,387
2024-06-13 15:00:00.282,22325,22328,22325,4,-4
2024-06-13 15:00:00.308,22325,22328,22328,1,1
2024-06-13 15:00:00.320,22325,22328,22328,1,1
2024-06-13 15:00:00.321,22325,22328,22328,1,1
2024-06-13 15:00:00.373,22325,22328,22329,1,1
2024-06-13 15:00:00.480,22326,22329,22326,1,-1
2024-06-13 15:00:00.480,22326,22329,22329,3,3
2024-06-13 15:00:00.589,22326,22329,22330,1,1
2024-06-13 15:00:00.589,22326,22329,22329,1,1
2024-06-13 15:00:00.600,22326,22329,22326,1,-1
2024-06-13 15:00:00.600,22326,22329,22325,1,-1
2024-06-13 15:00:00.601,22326,22329,22329,1,1
2024-06-13 15:00:00.624,22326,22329,22329,2,2
2024-06-13 15:00:00.638,22326,22329,22330,1,1
2024-06-13 15:00:00.658,22326,22329,22328,1,1
2024-06-13 15:00:00.659,22326,22329,22330,1,1
2024-06-13 15:00:00.682,22326,22329,22331,1,1
2024-06-13 15:00:00.693,22329,22331,22331,1,1
2024-06-13 15:00:00.743,22329,22331,22331,1,1
2024-06-13 15:00:00.743,22329,22331,22332,1,1
2024-06-13 15:00:00.743,22329,22331,22333,1,1
2024-06-13 15:00:00.756,22329,22331,22329,2,-2
2024-06-13 15:00:00.778,22329,22331,22331,1,1
2024-06-13 15:00:00.784,22329,22331,22332,1,1
2024-06-13 15:00:00.944,22327,22330,22327,2,-2
2024-06-13 15:00:01.025,22327,22330,22329,1,1
2024-06-13 15:00:01.026,22327,22330,22328,1,-1
2024-06-13 15:00:01.119,22327,22330,22330,1,1
2024-06-13 15:00:01.149,22327,22330,22330,1,1
2024-06-13 15:00:01.153,22327,22330,22330,1,1
2024-06-13 15:00:01.187,22327,22330,22330,1,1
2024-06-13 15:00:01.191,22327,22331,22331,1,1
2024-06-13 15:00:01.208,22327,22331,22331,1,1
2024-06-13 15:00:01.288,22327,22331,22332,1,1
2024-06-13 15:00:01.288,22327,22331,22332,1,1
2024-06-13 15:00:01.323,22330,22332,22332,1,1
2024-06-13 15:00:01.324,22330,22332,22330,1,-1
2024-06-13 15:00:01.328,22330,22332,22332,1,1
2024-06-13 15:00:01.351,22330,22332,22332,1,1
2024-06-13 15:00:01.351,22330,22332,22333,1,1
2024-06-13 15:00:01.353,22330,22332,22333,1,1
2024-06-13 15:00:01.360,22330,22332,22333,1,1
2024-06-13 15:00:01.362,22330,22332,22333,2,2
2024-06-13 15:00:01.368,22330,22332,22333,1,1
2024-06-13 15:00:01.369,22330,22332,22334,2,2
2024-06-13 15:00:01.559,22331,22334,22331,3,-3
2024-06-13 15:00:01.573,22330,22333,22333,2,2
2024-06-13 15:00:01.579,22330,22333,22334,1,1
2024-06-13 15:00:01.669,22330,22333,22331,1,-1
2024-06-13 15:00:01.769,22330,22333,22330,2,-2
2024-06-13 15:00:01.776,22330,22333,22329,1,-1
2024-06-13 15:00:02.363,22328,22332,22329,1,-1
2024-06-13 15:00:02.485,22328,22331,22332,1,1
2024-06-13 15:00:02.485,22328,22331,22331,1,1
2024-06-13 15:00:03.498,22330,22332,22330,2,-2
2024-06-13 15:00:03.576,22329,22332,22329,2,-2
2024-06-13 15:00:03.579,22329,22332,22328,5,-5
2024-06-13 15:00:04.367,22329,22332,22331,1,1
2024-06-13 15:00:04.608,22329,22331,22329,1,-1
2024-06-13 15:00:04.770,22329,22331,22329,1,-1
2024-06-13 15:00:05.926,22328,22330,22328,2,-2
2024-06-13 15:00:05.951,22327,22330,22330,3,3
2024-06-13 15:00:05.952,22327,22330,22329,1,1
2024-06-13 15:00:06.241,22327,22330,22330,1,1
2024-06-13 15:00:06.656,22327,22330,22330,1,1
2024-06-13 15:00:06.656,22327,22330,22331,2,2
2024-06-13 15:00:07.424,22328,22330,22330,1,1
2024-06-13 15:00:08.849,22329,22330,22329,1,-1
2024-06-13 15:00:08.951,22329,22330,22330,2,2
2024-06-13 15:00:08.951,22329,22330,22330,1,1
2024-06-13 15:00:09.113,22329,22331,22330,4,4
2024-06-13 15:00:09.715,22330,22331,22330,1,-1
2024-06-13 15:00:09.951,22329,22331,22331,3,3
2024-06-13 15:00:10.484,22330,22331,22331,1,1
2024-06-13 15:00:10.951,22330,22331,22331,2,2
2024-06-13 15:00:10.952,22330,22331,22331,1,1
2024-06-13 15:00:10.976,22330,22331,22332,1,1
2024-06-13 15:00:11.275,22330,22332,22332,1,1
2024-06-13 15:00:11.842,22331,22332,22331,2,-2
2024-06-13 15:00:12.086,22331,22332,22332,1,1
2024-06-13 15:00:12.475,22331,22332,22331,1,-1
2024-06-13 15:00:12.646,22330,22332,22330,1,-1
2024-06-13 15:00:12.959,22330,22332,22332,1,1
2024-06-13 15:00:13.759,22330,22331,22331,1,1
2024-06-13 15:00:13.834,22330,22332,22332,1,1
2024-06-13 15:00:14.184,22330,22332,22330,1,-1
2024-06-13 15:00:15.515,22330,22332,22330,2,-2
2024-06-13 15:00:15.910,22329,22332,22329,1,-1
2024-06-13 15:00:16.400,22329,22332,22331,1,1
2024-06-13 15:00:16.655,22330,22332,22332,1,1
2024-06-13 15:00:17.261,22330,22331,22330,1,-1
2024-06-13 15:00:17.794,22329,22331,22331,1,1
2024-06-13 15:00:21.288,22330,22331,22331,1,1
2024-06-13 15:00:21.289,22330,22331,22331,1,1
2024-06-13 15:00:22.316,22330,22332,22331,1,1
2024-06-13 15:00:22.479,22330,22332,22330,4,-4
2024-06-13 15:00:22.479,22330,22332,22329,1,-1
2024-06-13 15:00:22.566,22329,22332,22329,2,-2
2024-06-13 15:00:22.622,22329,22332,22329,1,-1
2024-06-13 15:00:22.836,22328,22331,22331,1,1
2024-06-13 15:00:28.338,22328,22330,22330,3,3
2024-06-13 15:00:28.857,22329,22331,22331,1,1
2024-06-13 15:00:29.279,22329,22331,22331,3,3
2024-06-13 15:00:29.390,22330,22332,22330,1,-1
2024-06-13 15:00:29.992,22331,22332,22332,1,1
2024-06-13 15:00:29.992,22331,22332,22332,2,2
2024-06-13 15:00:30.122,22331,22333,22331,1,-1
2024-06-13 15:00:30.146,22331,22333,22331,5,-5
2024-06-13 15:00:30.146,22331,22333,22331,1,-1
2024-06-13 15:00:30.205,22330,22333,22333,1,1
2024-06-13 15:00:32.393,22332,22333,22333,1,1
2024-06-13 15:00:32.394,22332,22333,22333,1,1
2024-06-13 15:00:32.541,22332,22334,22332,1,-1
2024-06-13 15:00:32.541,22332,22334,22331,1,-1
2024-06-13 15:00:32.541,22332,22334,22330,3,-3
2024-06-13 15:00:34.823,22331,22334,22334,4,4
2024-06-13 15:00:34.824,22331,22334,22335,4,4
2024-06-13 15:00:35.313,22333,22336,22334,1,-1
2024-06-13 15:00:35.706,22334,22336,22335,1,-1
2024-06-13 15:00:35.869,22334,22335,22334,1,-1
2024-06-13 15:00:35.962,22333,22335,22335,1,1
2024-06-13 15:00:35.966,22333,22335,22334,1,1
2024-06-13 15:00:35.969,22333,22335,22333,1,-1
2024-06-13 15:00:37.241,22333,22335,22333,5,-5
2024-06-13 15:00:40.426,22332,22333,22332,4,-4
2024-06-13 15:00:40.485,22330,22332,22332,1,1
2024-06-13 15:00:41.631,22331,22333,22330,1,-1
2024-06-13 15:00:41.631,22331,22333,22331,1,-1
2024-06-13 15:00:41.718,22331,22332,22331,1,-1
2024-06-13 15:00:47.324,22330,22331,22331,1,1
2024-06-13 15:00:48.072,22330,22331,22331,1,1
2024-06-13 15:00:49.697,22330,22331,22331,1,1
2024-06-13 15:00:50.292,22330,22331,22331,2,2
2024-06-13 15:00:50.341,22331,22332,22331,1,-1
2024-06-13 15:00:50.560,22330,22332,22332,3,3
2024-06-13 15:00:51.462,22331,22333,22331,1,-1
2024-06-13 15:00:52.701,22332,22333,22333,1,1
2024-06-13 15:00:52.702,22332,22333,22333,2,2
2024-06-13 15:00:52.702,22332,22333,22333,5,5
2024-06-13 15:00:52.704,22332,22333,22334,1,1
2024-06-13 15:00:52.704,22332,22333,22334,2,2
2024-06-13 15:00:53.686,22333,22335,22333,1,-1
2024-06-13 15:00:54.795,22333,22335,22333,1,-1
2024-06-13 15:00:55.690,22333,22335,22333,5,-5
2024-06-13 15:00:56.065,22332,22334,22334,1,1
2024-06-13 15:00:59.302,22333,22335,22335,1,1
2024-06-13 15:00:59.307,22333,22335,22333,2,-2
2024-06-13 15:00:59.951,22333,22336,22333,2,-2
2024-06-13 15:00:59.952,22333,22336,22333,1,-1
2024-06-13 15:00:59.965,22333,22336,22333,1,-1
2024-06-13 15:01:00.226,22333,22336,22333,3,-3
2024-06-13 15:01:00.314,22333,22336,22333,3,-3
2024-06-13 15:01:00.385,22333,22336,22332,1,-1
2024-06-13 15:01:00.395,22333,22336,22332,3,-3
2024-06-13 15:01:00.395,22333,22336,22332,1,-1
2024-06-13 15:01:00.664,22332,22334,22332,2,-2
2024-06-13 15:01:01.271,22332,22334,22334,2,2
2024-06-13 15:01:03.297,22333,22335,22333,2,-2
2024-06-13 15:01:03.387,22332,22334,22332,3,-3
2024-06-13 15:01:03.388,22332,22334,22331,1,-1
2024-06-13 15:01:03.389,22332,22334,22331,3,-3
2024-06-13 15:01:03.389,22332,22334,22331,1,-1
2024-06-13 15:01:03.475,22330,22332,22330,3,-3
2024-06-13 15:01:03.475,22330,22332,22329,1,-1
2024-06-13 15:01:03.476,22330,22332,22328,2,-2
2024-06-13 15:01:03.476,22330,22332,22329,1,-1
2024-06-13 15:01:03.476,22330,22332,22328,2,-2
2024-06-13 15:01:03.537,22330,22332,22329,1,-1
2024-06-13 15:01:03.538,22330,22332,22329,1,-1
2024-06-13 15:01:03.553,22330,22332,22331,1,-1
2024-06-13 15:01:03.607,22329,22331,22329,1,-1
2024-06-13 15:01:03.664,22329,22331,22329,2,-2
2024-06-13 15:01:04.265,22329,22331,22331,1,1
2024-06-13 15:01:06.326,22330,22332,22330,2,-2
2024-06-13 15:01:07.033,22329,22332,22329,5,-5
2024-06-13 15:01:08.203,22328,22331,22328,6,-6
2024-06-13 15:01:08.356,22327,22329,22329,1,1
2024-06-13 15:01:09.088,22328,22331,22331,3,3
2024-06-13 15:01:09.174,22328,22331,22332,6,6
2024-06-13 15:01:09.175,22328,22331,22332,1,1
2024-06-13 15:01:09.234,22331,22333,22331,1,-1
2024-06-13 15:01:09.334,22332,22334,22334,1,1
2024-06-13 15:01:09.356,22332,22334,22335,1,1
2024-06-13 15:01:09.371,22332,22334,22335,2,2
2024-06-13 15:01:09.418,22332,22334,22334,1,1
2024-06-13 15:01:09.681,22333,22335,22333,6,-6
2024-06-13 15:01:12.511,22332,22335,22335,1,1
2024-06-13 15:01:12.587,22332,22335,22332,1,-1
2024-06-13 15:01:12.672,22332,22335,22335,2,2
2024-06-13 15:01:13.599,22333,22335,22333,5,-5
2024-06-13 15:01:17.486,22331,22334,22331,1,-1
2024-06-13 15:01:18.468,22331,22333,22331,1,-1
2024-06-13 15:01:21.351,22332,22333,22333,1,1
2024-06-13 15:01:21.556,22332,22334,22334,2,2
2024-06-13 15:01:21.556,22332,22334,22335,3,3
2024-06-13 15:01:23.666,22332,22335,22335,1,1
2024-06-13 15:01:26.973,22332,22334,22334,1,1
2024-06-13 15:01:28.338,22332,22334,22334,1,1
2024-06-13 15:01:28.610,22332,22334,22334,2,2
2024-06-13 15:01:33.453,22332,22334,22334,1,1
2024-06-13 15:01:35.298,22333,22335,22334,1,1
2024-06-13 15:01:35.356,22333,22335,22334,2,2
2024-06-13 15:01:35.409,22333,22335,22335,1,1
2024-06-13 15:01:36.848,22333,22334,22333,1,-1
2024-06-13 15:01:37.577,22332,22333,22333,3,3
2024-06-13 15:01:37.673,22332,22333,22332,5,-5
2024-06-13 15:01:39.088,22331,22334,22334,1,1
2024-06-13 15:01:40.964,22334,22335,22334,1,-1
2024-06-13 15:01:44.019,22333,22335,22333,1,-1
2024-06-13 15:01:45.013,22333,22335,22333,1,-1
2024-06-13 15:01:45.965,22333,22334,22333,2,-2
2024-06-13 15:01:49.209,22331,22333,22331,1,-1
2024-06-13 15:01:49.209,22331,22333,22330,4,-4
2024-06-13 15:01:49.578,22330,22333,22330,26,-26
2024-06-13 15:01:49.578,22330,22333,22330,2,-2
2024-06-13 15:01:49.604,22330,22333,22328,7,-7
2024-06-13 15:01:49.604,22330,22333,22327,6,-6
2024-06-13 15:01:53.550,22327,22330,22327,1,-1
2024-06-13 15:01:56.781,22328,22330,22328,1,-1
2024-06-13 15:01:59.137,22327,22330,22327,1,-1
2024-06-13 15:02:00.216,22327,22330,22327,1,-1
2024-06-13 15:02:01.036,22327,22329,22327,1,-1
2024-06-13 15:02:01.114,22327,22328,22327,1,-1
2024-06-13 15:02:01.114,22327,22328,22327,1,-1
2024-06-13 15:02:01.709,22326,22328,22328,1,1
2024-06-13 15:02:05.765,22327,22329,22328,1,1
2024-06-13 15:02:06.007,22327,22329,22328,2,2
2024-06-13 15:02:08.266,22327,22330,22328,1,-1
2024-06-13 15:02:10.273,22328,22330,22328,1,-1
2024-06-13 15:02:10.538,22328,22330,22328,1,-1
2024-06-13 15:02:11.632,22328,22330,22330,4,4
2024-06-13 15:02:17.925,22330,22332,22330,1,-1
2024-06-13 15:02:18.385,22328,22331,22331,1,1
2024-06-13 15:02:18.502,22328,22331,22331,1,1
2024-06-13 15:02:20.278,22328,22331,22328,2,-2
2024-06-13 15:02:20.809,22329,22331,22329,2,-2
2024-06-13 15:02:24.367,22327,22330,22327,4,-4
2024-06-13 15:02:24.367,22327,22330,22326,6,-6
2024-06-13 15:02:25.383,22326,22329,22328,1,1
2024-06-13 15:02:28.630,22327,22329,22329,13,13
2024-06-13 15:02:36.879,22328,22330,22330,2,2
2024-06-13 15:02:36.879,22328,22330,22331,7,7
2024-06-13 15:02:36.882,22328,22330,22330,17,17
2024-06-13 15:02:36.882,22328,22330,22330,1,1
2024-06-13 15:02:38.770,22328,22331,22331,1,1
2024-06-13 15:02:40.707,22328,22330,22331,2,2
2024-06-13 15:02:40.707,22328,22330,22331,1,1
2024-06-13 15:02:40.707,22328,22330,22330,1,1
2024-06-13 15:02:41.523,22330,22332,22330,3,-3
2024-06-13 15:02:42.312,22329,22330,22330,2,2
2024-06-13 15:02:45.188,22330,22331,22331,2,2
2024-06-13 15:02:50.252,22331,22332,22331,1,-1
2024-06-13 15:02:50.253,22331,22332,22331,2,-2
2024-06-13 15:02:50.510,22330,22332,22330,1,-1
2024-06-13 15:02:54.687,22329,22330,22330,1,1
2024-06-13 15:02:59.072,22329,22331,22329,5,-5
2024-06-13 15:03:00.062,22329,22331,22331,1,1
2024-06-13 15:03:00.069,22330,22332,22332,3,3
2024-06-13 15:03:00.094,22330,22332,22332,2,2
2024-06-13 15:03:00.095,22330,22332,22333,1,1
2024-06-13 15:03:00.301,22331,22333,22333,3,3
2024-06-13 15:03:00.301,22331,22333,22334,5,5
2024-06-13 15:03:00.343,22332,22334,22334,1,1
2024-06-13 15:03:00.344,22332,22334,22334,1,1
2024-06-13 15:03:00.405,22332,22334,22334,1,1
2024-06-13 15:03:00.498,22333,22335,22335,1,1
2024-06-13 15:03:00.517,22333,22335,22335,1,1
2024-06-13 15:03:03.809,22332,22335,22335,2,2
2024-06-13 15:03:08.373,22332,22334,22332,1,-1
2024-06-13 15:03:11.558,22332,22334,22332,3,-3
2024-06-13 15:03:11.558,22332,22334,22331,2,-2
2024-06-13 15:03:16.336,22330,22333,22330,6,-6
2024-06-13 15:03:35.701,22331,22333,22333,3,3
2024-06-13 15:03:35.701,22331,22333,22334,5,5
2024-06-13 15:03:41.946,22330,22332,22331,1,1
2024-06-13 15:03:41.946,22330,22332,22330,2,-2
2024-06-13 15:03:47.826,22330,22332,22333,14,14
2024-06-13 15:03:47.826,22330,22332,22332,2,2
2024-06-13 15:03:47.826,22330,22332,22333,1,1
2024-06-13 15:03:50.376,22331,22333,22331,1,-1
2024-06-13 15:03:55.411,22330,22332,22332,2,2
2024-06-13 15:03:55.414,22330,22332,22332,20,20
2024-06-13 15:04:01.416,22330,22332,22331,1,1
2024-06-13 15:04:04.240,22331,22332,22331,1,-1
2024-06-13 15:04:04.240,22331,22332,22330,1,-1
2024-06-13 15:04:04.541,22330,22332,22332,1,1
2024-06-13 15:04:05.450,22331,22333,22331,1,-1
2024-06-13 15:04:07.553,22331,22332,22332,1,1
2024-06-13 15:04:14.057,22332,22333,22332,1,-1
2024-06-13 15:04:20.091,22332,22333,22333,1,1
2024-06-13 15:04:20.230,22332,22333,22333,7,7
2024-06-13 15:04:20.230,22332,22333,22333,24,24
2024-06-13 15:04:20.232,22332,22333,22334,2,2
2024-06-13 15:04:22.288,22334,22335,22335,4,4
2024-06-13 15:04:22.289,22334,22335,22335,3,3
2024-06-13 15:04:22.289,22334,22335,22335,2,2
2024-06-13 15:04:22.289,22334,22335,22335,2,2
2024-06-13 15:04:27.245,22334,22336,22334,1,-1
2024-06-13 15:04:28.427,22333,22336,22333,1,-1
2024-06-13 15:04:30.949,22335,22336,22335,1,-1
2024-06-13 15:04:36.746,22333,22335,22335,1,1
2024-06-13 15:04:40.218,22334,22335,22335,2,2
2024-06-13 15:04:40.277,22334,22335,22334,1,-1
2024-06-13 15:04:40.454,22334,22335,22335,1,1
2024-06-13 15:04:41.388,22334,22336,22333,6,-6
2024-06-13 15:04:41.388,22334,22336,22334,4,-4
2024-06-13 15:04:42.175,22333,22335,22335,1,1
2024-06-13 15:04:45.456,22333,22334,22334,1,1
2024-06-13 15:04:49.519,22333,22335,22335,2,2
2024-06-13 15:04:49.519,22333,22335,22336,3,3
2024-06-13 15:04:53.245,22334,22335,22334,1,-1
2024-06-13 15:04:56.177,22334,22335,22335,1,1
2024-06-13 15:05:01.396,22335,22336,22336,19,19
2024-06-13 15:05:01.397,22335,22336,22337,4,4
2024-06-13 15:05:01.397,22335,22336,22337,6,6
2024-06-13 15:05:03.562,22336,22338,22338,3,3
2024-06-13 15:05:03.563,22336,22338,22338,3,3
2024-06-13 15:05:03.673,22336,22338,22339,3,3
2024-06-13 15:05:03.783,22337,22339,22339,1,1
2024-06-13 15:05:04.035,22337,22339,22339,2,2
2024-06-13 15:05:05.239,22337,22338,22338,1,1
2024-06-13 15:05:06.084,22338,22339,22339,1,1
2024-06-13 15:05:06.239,22338,22339,22339,1,1
2024-06-13 15:05:08.581,22338,22339,22339,1,1
2024-06-13 15:05:08.582,22338,22339,22339,1,1
2024-06-13 15:05:09.139,22338,22339,22339,1,1
2024-06-13 15:05:10.489,22338,22339,22339,1,1
2024-06-13 15:05:11.116,22339,22340,22340,1,1
2024-06-13 15:05:11.221,22339,22340,22340,3,3
2024-06-13 15:05:11.221,22339,22340,22340,1,1
2024-06-13 15:05:11.382,22339,22341,22341,2,2
2024-06-13 15:05:11.537,22339,22341,22341,2,2
2024-06-13 15:05:11.855,22339,22341,22341,1,1
2024-06-13 15:05:12.725,22339,22341,22340,1,1
2024-06-13 15:05:13.274,22339,22341,22339,1,-1
2024-06-13 15:05:14.684,22339,22340,22340,1,1
2024-06-13 15:05:15.134,22339,22340,22339,2,-2
2024-06-13 15:05:15.349,22338,22340,22340,1,1
2024-06-13 15:05:15.423,22338,22340,22340,3,3
2024-06-13 15:05:15.704,22340,22341,22340,1,-1
2024-06-13 15:05:15.996,22338,22339,22339,1,1
2024-06-13 15:05:16.562,22338,22339,22339,1,1
2024-06-13 15:05:17.339,22339,22340,22339,1,-1
2024-06-13 15:05:17.938,22338,22339,22339,2,2
2024-06-13 15:05:20.214,22338,22339,22339,3,3
2024-06-13 15:05:21.357,22338,22340,22339,1,1
2024-06-13 15:05:22.473,22338,22340,22338,2,-2
2024-06-13 15:05:22.473,22338,22340,22338,4,-4
2024-06-13 15:05:22.474,22338,22340,22338,5,-5
2024-06-13 15:05:26.502,22336,22337,22336,1,-1
2024-06-13 15:05:28.936,22335,22337,22337,3,3
2024-06-13 15:05:31.723,22336,22338,22336,1,-1
2024-06-13 15:05:36.206,22335,22336,22335,2,-2
2024-06-13 15:05:40.223,22335,22336,22336,1,1
2024-06-13 15:05:40.282,22335,22336,22336,1,1
2024-06-13 15:05:41.116,22335,22337,22337,2,2
2024-06-13 15:05:41.684,22335,22338,22338,1,1
2024-06-13 15:05:50.061,22336,22338,22338,1,1
2024-06-13 15:05:53.748,22336,22338,22338,1,1
2024-06-13 15:06:00.359,22337,22338,22337,1,-1
2024-06-13 15:06:01.419,22337,22338,22338,2,2
2024-06-13 15:06:14.652,22337,22339,22339,1,1
2024-06-13 15:06:16.993,22337,22339,22337,1,-1
2024-06-13 15:06:21.197,22338,22339,22339,2,2
2024-06-13 15:06:21.197,22338,22339,22340,28,28
2024-06-13 15:06:23.991,22339,22340,22340,3,3
2024-06-13 15:06:23.991,22339,22340,22340,2,2
2024-06-13 15:06:23.991,22339,22340,22340,2,2
2024-06-13 15:06:23.991,22339,22340,22340,8,8
2024-06-13 15:06:23.991,22339,22340,22340,2,2
2024-06-13 15:06:24.268,22340,22341,22341,11,11
2024-06-13 15:06:24.625,22341,22342,22342,12,12
2024-06-13 15:06:24.852,22342,22343,22342,1,-1
2024-06-13 15:06:24.890,22342,22343,22343,4,4
2024-06-13 15:06:24.938,22342,22343,22342,3,-3
2024-06-13 15:06:26.374,22341,22343,22341,2,-2
2024-06-13 15:06:27.229,22341,22343,22343,1,1
2024-06-13 15:06:27.422,22341,22343,22343,2,2
2024-06-13 15:06:27.490,22341,22343,22341,2,-2
2024-06-13 15:06:27.491,22341,22343,22341,3,-3
2024-06-13 15:06:28.156,22341,22343,22341,1,-1
2024-06-13 15:06:28.927,22341,22343,22341,3,-3
2024-06-13 15:06:29.650,22340,22343,22343,1,1
2024-06-13 15:06:35.411,22341,22342,22342,1,1
2024-06-13 15:06:35.411,22341,22342,22343,2,2
2024-06-13 15:06:35.646,22342,22344,22344,2,2
2024-06-13 15:06:37.556,22342,22343,22343,1,1
2024-06-13 15:06:39.522,22342,22343,22343,1,1
2024-06-13 15:06:39.578,22342,22343,22343,1,1
2024-06-13 15:06:40.216,22342,22343,22343,4,4
2024-06-13 15:06:40.277,22342,22343,22342,1,-1
2024-06-13 15:06:40.292,22342,22343,22343,1,1
2024-06-13 15:06:40.548,22342,22344,22344,8,8
2024-06-13 15:06:40.548,22342,22344,22345,7,7
2024-06-13 15:06:40.823,22343,22345,22343,1,-1
2024-06-13 15:06:41.039,22343,22345,22343,1,-1
2024-06-13 15:06:42.511,22343,22344,22344,1,1
2024-06-13 15:06:44.753,22343,22345,22344,1,1
2024-06-13 15:06:44.826,22343,22344,22344,1,1
2024-06-13 15:06:45.937,22343,22345,22343,4,-4
2024-06-13 15:06:46.587,22342,22343,22343,2,2
2024-06-13 15:06:46.587,22342,22343,22344,3,3
2024-06-13 15:06:46.626,22342,22343,22344,3,3
2024-06-13 15:06:46.626,22342,22343,22344,1,1
2024-06-13 15:06:47.498,22342,22343,22342,5,-5
2024-06-13 15:06:47.710,22341,22343,22343,1,1
2024-06-13 15:06:50.114,22341,22342,22342,1,1
2024-06-13 15:06:50.390,22341,22342,22342,1,1
2024-06-13 15:06:50.450,22341,22342,22341,1,-1
2024-06-13 15:06:50.502,22341,22342,22341,1,-1
2024-06-13 15:06:51.592,22341,22342,22342,4,4
2024-06-13 15:06:52.302,22341,22342,22342,1,1
2024-06-13 15:06:52.360,22341,22343,22341,1,-1
2024-06-13 15:06:54.150,22342,22344,22343,1,-1
2024-06-13 15:06:54.429,22342,22344,22344,1,1
2024-06-13 15:06:54.814,22343,22344,22343,1,-1
2024-06-13 15:06:55.666,22341,22342,22342,1,1
2024-06-13 15:06:56.763,22341,22342,22342,1,1
2024-06-13 15:07:00.151,22342,22343,22343,3,3
2024-06-13 15:07:00.192,22342,22344,22344,1,1
2024-06-13 15:07:00.217,22342,22344,22345,3,3
2024-06-13 15:07:04.999,22343,22344,22344,1,1
2024-06-13 15:07:04.999,22343,22344,22345,13,13
2024-06-13 15:07:04.999,22343,22344,22346,5,5
2024-06-13 15:07:09.753,22345,22346,22346,1,1
2024-06-13 15:07:09.973,22345,22346,22345,1,-1
2024-06-13 15:07:12.353,22344,22345,22344,1,-1
2024-06-13 15:07:12.441,22344,22345,22345,1,1
2024-06-13 15:07:15.391,22344,22345,22345,1,1
2024-06-13 15:07:15.411,22344,22345,22345,1,1
2024-06-13 15:07:16.176,22344,22346,22346,4,4
2024-06-13 15:07:19.627,22344,22345,22345,2,2
2024-06-13 15:07:20.123,22344,22345,22346,1,1
2024-06-13 15:07:20.123,22344,22345,22345,2,2
2024-06-13 15:07:20.191,22344,22347,22347,1,1
2024-06-13 15:07:21.228,22345,22347,22345,1,-1
2024-06-13 15:07:22.712,22346,22347,22346,1,-1
2024-06-13 15:07:23.640,22345,22347,22347,1,1
2024-06-13 15:07:27.398,22345,22346,22346,1,1
2024-06-13 15:07:29.564,22345,22346,22346,1,1
2024-06-13 15:07:29.564,22345,22346,22347,2,2
2024-06-13 15:07:29.693,22345,22347,22347,1,1
2024-06-13 15:07:32.622,22345,22347,22347,1,1
2024-06-13 15:07:32.964,22345,22347,22347,4,4
2024-06-13 15:07:32.965,22345,22347,22347,3,3
2024-06-13 15:07:33.253,22345,22348,22348,3,3
2024-06-13 15:07:34.285,22346,22347,22347,4,4
2024-06-13 15:07:35.353,22347,22348,22348,1,1
2024-06-13 15:07:35.512,22347,22348,22348,1,1
2024-06-13 15:07:37.126,22347,22348,22348,9,9
2024-06-13 15:07:37.191,22348,22349,22349,1,1
2024-06-13 15:07:37.191,22348,22349,22349,1,1
2024-06-13 15:07:37.281,22348,22349,22348,2,-2
2024-06-13 15:07:37.796,22347,22349,22347,1,-1
2024-06-13 15:07:38.138,22347,22349,22349,4,4
2024-06-13 15:07:40.271,22347,22349,22348,1,1
2024-06-13 15:07:40.529,22348,22349,22348,1,-1
2024-06-13 15:07:41.003,22348,22349,22349,5,5
2024-06-13 15:07:41.333,22348,22349,22349,1,1
2024-06-13 15:07:42.853,22348,22349,22349,2,2
2024-06-13 15:07:44.143,22348,22349,22349,1,1
2024-06-13 15:07:46.357,22348,22349,22348,3,-3
2024-06-13 15:07:46.454,22347,22349,22347,1,-1
2024-06-13 15:07:47.098,22347,22349,22347,1,-1
2024-06-13 15:07:47.908,22347,22349,22349,2,2
2024-06-13 15:07:48.502,22347,22349,22349,2,2
2024-06-13 15:07:48.628,22347,22349,22349,2,2
2024-06-13 15:07:50.245,22347,22348,22347,1,-1
2024-06-13 15:07:51.497,22347,22348,22347,4,-4
2024-06-13 15:07:54.453,22345,22346,22345,8,-8
2024-06-13 15:07:56.498,22344,22345,22344,3,-3
2024-06-13 15:07:57.325,22342,22344,22344,1,1
2024-06-13 15:07:57.325,22342,22344,22345,1,1
2024-06-13 15:07:58.508,22342,22345,22345,1,1
2024-06-13 15:07:59.392,22343,22345,22343,3,-3
2024-06-13 15:07:59.392,22343,22345,22342,9,-9
2024-06-13 15:07:59.393,22343,22345,22342,1,-1
2024-06-13 15:07:59.513,22341,22342,22342,2,2
2024-06-13 15:07:59.755,22341,22342,22341,1,-1
2024-06-13 15:08:00.215,22341,22342,22342,7,7
2024-06-13 15:08:00.218,22341,22342,22342,2,2
2024-06-13 15:08:08.797,22344,22345,22344,1,-1
2024-06-13 15:08:08.816,22343,22345,22345,1,1
2024-06-13 15:08:08.816,22343,22345,22345,1,1
2024-06-13 15:08:08.816,22343,22345,22345,1,1
2024-06-13 15:08:10.549,22343,22345,22345,1,1
2024-06-13 15:08:10.566,22343,22345,22345,1,1
2024-06-13 15:08:10.866,22343,22346,22343,2,-2
2024-06-13 15:08:21.874,22343,22345,22345,1,1
2024-06-13 15:08:22.809,22343,22345,22345,1,1
2024-06-13 15:08:22.816,22343,22345,22345,1,1
2024-06-13 15:08:22.817,22343,22345,22345,1,1
2024-06-13 15:08:23.062,22343,22345,22345,2,2
2024-06-13 15:08:30.286,22343,22345,22343,1,-1
2024-06-13 15:08:31.601,22343,22345,22345,1,1
2024-06-13 15:08:33.420,22343,22345,22345,1,1
2024-06-13 15:08:33.421,22343,22345,22346,6,6
2024-06-13 15:08:33.441,22346,22347,22346,1,-1
2024-06-13 15:08:35.814,22345,22347,22347,4,4
2024-06-13 15:08:38.536,22345,22347,22345,1,-1
2024-06-13 15:08:38.572,22345,22347,22347,1,1
2024-06-13 15:08:40.968,22346,22347,22346,1,-1
2024-06-13 15:08:41.497,22346,22347,22347,1,1
2024-06-13 15:08:41.925,22346,22348,22347,1,1
2024-06-13 15:08:42.790,22347,22348,22347,2,-2
2024-06-13 15:08:44.024,22345,22347,22345,3,-3
2024-06-13 15:08:50.440,22345,22347,22347,9,9
2024-06-13 15:08:50.443,22345,22347,22347,1,1
2024-06-13 15:08:50.551,22345,22347,22347,1,1
2024-06-13 15:08:56.887,22347,22348,22347,18,-18
2024-06-13 15:08:57.332,22345,22347,22347,5,5
2024-06-13 15:09:02.150,22345,22348,22345,1,-1
2024-06-13 15:09:05.789,22346,22348,22346,2,-2
2024-06-13 15:09:11.932,22346,22348,22346,1,-1
2024-06-13 15:09:11.959,22346,22348,22348,1,1
2024-06-13 15:09:12.629,22346,22348,22347,1,1
2024-06-13 15:09:12.637,22346,22348,22346,1,-1
2024-06-13 15:09:15.190,22346,22348,22346,1,-1
2024-06-13 15:09:15.342,22345,22346,22345,1,-1
2024-06-13 15:09:16.636,22345,22346,22345,1,-1
2024-06-13 15:09:16.636,22345,22346,22345,1,-1
2024-06-13 15:09:17.758,22344,22346,22344,1,-1
2024-06-13 15:09:21.181,22344,22345,22344,2,-2
2024-06-13 15:09:21.488,22344,22345,22345,1,1
2024-06-13 15:09:24.158,22344,22345,22344,1,-1
2024-06-13 15:09:27.056,22343,22345,22343,1,-1
2024-06-13 15:09:30.258,22344,22345,22344,1,-1
2024-06-13 15:09:31.039,22344,22345,22344,1,-1
2024-06-13 15:09:31.222,22344,22345,22344,1,-1
2024-06-13 15:09:31.916,22343,22344,22343,1,-1
2024-06-13 15:09:42.244,22344,22346,22346,1,1
2024-06-13 15:09:50.960,22343,22345,22345,1,1
2024-06-13 15:09:53.840,22345,22346,22345,1,-1
2024-06-13 15:09:54.658,22345,22346,22345,1,-1
2024-06-13 15:09:56.207,22345,22346,22345,1,-1
2024-06-13 15:09:56.411,22345,22346,22345,2,-2
2024-06-13 15:09:56.645,22344,22346,22344,1,-1
2024-06-13 15:09:56.818,22344,22346,22344,1,-1
2024-06-13 15:09:57.640,22344,22346,22344,1,-1
2024-06-13 15:10:00.051,22343,22345,22345,2,2
2024-06-13 15:10:00.423,22343,22346,22344,2,-2
2024-06-13 15:10:00.490,22344,22346,22346,1,1
2024-06-13 15:10:00.496,22344,22346,22346,1,1
2024-06-13 15:10:01.647,22344,22346,22344,1,-1
2024-06-13 15:10:02.040,22344,22346,22346,4,4
2024-06-13 15:10:02.328,22344,22346,22344,1,-1
2024-06-13 15:10:04.649,22343,22345,22345,1,1
2024-06-13 15:10:07.585,22343,22345,22345,2,2
2024-06-13 15:10:09.432,22343,22346,22343,1,-1
2024-06-13 15:10:11.025,22343,22345,22345,2,2
2024-06-13 15:10:13.717,22344,22345,22344,1,-1
2024-06-13 15:10:17.166,22344,22345,22345,3,3
2024-06-13 15:10:17.169,22344,22345,22345,3,3
2024-06-13 15:10:17.169,22344,22345,22345,7,7
2024-06-13 15:10:21.025,22344,22345,22345,4,4
2024-06-13 15:10:27.896,22344,22345,22344,1,-1
2024-06-13 15:10:29.977,22344,22345,22344,1,-1
2024-06-13 15:10:29.977,22344,22345,22344,1,-1
2024-06-13 15:10:30.556,22343,22345,22343,1,-1
2024-06-13 15:10:31.942,22343,22344,22343,1,-1
2024-06-13 15:10:32.701,22343,22344,22344,3,3
2024-06-13 15:10:32.935,22343,22345,22343,1,-1
2024-06-13 15:10:32.960,22343,22345,22343,1,-1
2024-06-13 15:10:32.983,22343,22345,22343,1,-1
2024-06-13 15:10:33.006,22343,22345,22343,1,-1
2024-06-13 15:10:33.965,22343,22344,22343,1,-1
2024-06-13 15:10:34.039,22343,22344,22344,1,1
2024-06-13 15:10:36.655,22343,22344,22343,2,-2
2024-06-13 15:10:36.656,22343,22344,22343,8,-8
2024-06-13 15:10:37.492,22343,22344,22343,1,-1
2024-06-13 15:10:37.821,22342,22344,22342,4,-4
2024-06-13 15:10:47.417,22342,22344,22344,1,1
2024-06-13 15:10:47.432,22342,22344,22344,1,1
2024-06-13 15:10:47.523,22342,22345,22343,1,-1
2024-06-13 15:10:50.503,22342,22345,22342,1,-1
2024-06-13 15:10:52.638,22342,22344,22343,1,-1
2024-06-13 15:10:55.371,22343,22344,22344,7,7
2024-06-13 15:10:55.371,22343,22344,22344,1,1
2024-06-13 15:10:55.371,22343,22344,22344,2,2
2024-06-13 15:10:58.958,22344,22345,22344,1,-1
2024-06-13 15:11:06.170,22343,22344,22344,1,1
2024-06-13 15:11:06.452,22343,22344,22344,1,1
2024-06-13 15:11:07.644,22343,22344,22344,1,1
2024-06-13 15:11:10.452,22343,22344,22343,1,-1
2024-06-13 15:11:12.986,22343,22344,22343,2,-2
2024-06-13 15:11:16.893,22342,22343,22343,1,1
2024-06-13 15:11:16.998,22342,22344,22344,6,6
2024-06-13 15:11:28.529,22342,22343,22342,1,-1
2024-06-13 15:11:35.015,22342,22343,22343,1,1
2024-06-13 15:11:43.451,22342,22343,22342,7,-7
2024-06-13 15:11:43.452,22342,22343,22342,6,-6
2024-06-13 15:11:55.219,22341,22342,22341,7,-7
2024-06-13 15:12:00.683,22340,22341,22341,1,1
2024-06-13 15:12:00.829,22340,22341,22341,1,1
2024-06-13 15:12:01.562,22340,22341,22340,1,-1
2024-06-13 15:12:04.795,22340,22341,22340,5,-5
2024-06-13 15:12:06.439,22340,22341,22340,4,-4
2024-06-13 15:12:08.184,22339,22340,22339,2,-2
2024-06-13 15:12:09.409,22338,22339,22339,3,3
2024-06-13 15:12:09.857,22338,22339,22338,3,-3
2024-06-13 15:12:10.959,22337,22339,22339,1,1
2024-06-13 15:12:12.565,22337,22339,22337,1,-1
2024-06-13 15:12:12.997,22337,22339,22338,1,-1
2024-06-13 15:12:14.282,22338,22339,22338,1,-1
2024-06-13 15:12:15.229,22337,22339,22338,1,-1
2024-06-13 15:12:15.962,22338,22339,22338,2,-2
2024-06-13 15:12:15.962,22338,22339,22338,3,-3
2024-06-13 15:12:17.698,22338,22339,22338,1,-1
2024-06-13 15:12:17.698,22338,22339,22337,1,-1
2024-06-13 15:12:17.810,22338,22339,22338,2,-2
2024-06-13 15:12:18.210,22337,22339,22338,1,-1
2024-06-13 15:12:20.150,22338,22339,22339,1,1
2024-06-13 15:12:20.367,22338,22339,22338,2,-2
2024-06-13 15:12:20.368,22338,22339,22338,3,-3
2024-06-13 15:12:20.908,22338,22339,22339,1,1
2024-06-13 15:12:22.608,22337,22339,22337,1,-1
2024-06-13 15:12:27.241,22337,22338,22338,5,5
2024-06-13 15:12:27.330,22338,22339,22340,4,4
2024-06-13 15:12:27.330,22338,22339,22339,2,2
2024-06-13 15:12:27.415,22338,22339,22341,6,6
2024-06-13 15:12:27.847,22339,22342,22339,1,-1
2024-06-13 15:12:28.529,22339,22341,22339,1,-1
2024-06-13 15:12:29.455,22339,22341,22340,1,-1
2024-06-13 15:12:34.456,22339,22340,22340,1,1
2024-06-13 15:12:36.299,22340,22341,22340,3,-3
2024-06-13 15:12:40.801,22339,22340,22339,1,-1
2024-06-13 15:12:42.302,22339,22340,22339,3,-3
2024-06-13 15:12:43.874,22339,22340,22339,2,-2
2024-06-13 15:12:44.455,22338,22340,22338,5,-5
2024-06-13 15:12:45.787,22338,22339,22339,1,1
2024-06-13 15:12:47.643,22339,22340,22339,1,-1
2024-06-13 15:12:48.016,22338,22339,22339,1,1
2024-06-13 15:12:51.344,22338,22339,22338,1,-1
2024-06-13 15:12:55.103,22338,22339,22338,1,-1
2024-06-13 15:13:01.310,22338,22339,22339,1,1
2024-06-13 15:13:03.426,22338,22339,22338,2,-2
2024-06-13 15:13:07.894,22338,22339,22338,1,-1
2024-06-13 15:13:10.228,22338,22339,22338,1,-1
2024-06-13 15:13:10.229,22338,22339,22338,2,-2
2024-06-13 15:13:21.270,22338,22339,22339,1,1
2024-06-13 15:13:22.469,22338,22339,22338,2,-2
2024-06-13 15:13:24.882,22337,22339,22337,5,-5
2024-06-13 15:13:27.153,22337,22339,22337,4,-4
2024-06-13 15:13:29.796,22336,22337,22337,1,1
2024-06-13 15:13:29.796,22336,22337,22337,1,1
2024-06-13 15:13:30.346,22336,22338,22336,5,-5
2024-06-13 15:13:32.397,22337,22339,22339,1,1
2024-06-13 15:13:33.633,22337,22339,22339,1,1
2024-06-13 15:13:34.459,22337,22339,22339,1,1
2024-06-13 15:13:36.663,22338,22339,22338,1,-1
2024-06-13 15:13:40.220,22338,22339,22339,1,1
2024-06-13 15:13:42.212,22339,22340,22339,1,-1
2024-06-13 15:13:42.926,22338,22340,22340,1,1
2024-06-13 15:13:48.755,22338,22339,22339,4,4
2024-06-13 15:13:49.258,22338,22339,22339,2,2
2024-06-13 15:13:50.260,22339,22340,22339,1,-1
2024-06-13 15:13:53.239,22339,22340,22340,1,1
2024-06-13 15:13:54.067,22339,22340,22340,2,2
2024-06-13 15:13:54.068,22339,22340,22340,2,2
2024-06-13 15:13:54.069,22339,22340,22340,1,1
2024-06-13 15:13:54.069,22339,22340,22340,11,11
2024-06-13 15:13:55.165,22340,22341,22341,1,1
2024-06-13 15:13:55.165,22340,22341,22341,1,1
2024-06-13 15:14:01.107,22340,22342,22342,1,1
2024-06-13 15:14:01.107,22340,22342,22342,2,2
2024-06-13 15:14:01.233,22341,22342,22342,1,1
2024-06-13 15:14:01.236,22341,22342,22342,3,3
2024-06-13 15:14:02.815,22342,22343,22343,1,1
2024-06-13 15:14:07.561,22342,22343,22343,1,1
2024-06-13 15:14:13.322,22342,22344,22343,1,1
2024-06-13 15:14:15.894,22343,22344,22343,2,-2
2024-06-13 15:14:18.982,22343,22344,22344,9,9
2024-06-13 15:14:18.983,22343,22344,22345,4,4
2024-06-13 15:14:18.984,22343,22344,22345,1,1
2024-06-13 15:14:18.984,22343,22344,22345,1,1
2024-06-13 15:14:18.987,22343,22344,22345,1,1
2024-06-13 15:14:21.239,22345,22346,22345,1,-1
2024-06-13 15:14:22.044,22345,22346,22346,2,2
2024-06-13 15:14:22.760,22346,22347,22347,1,1
2024-06-13 15:14:26.169,22346,22347,22347,1,1
2024-06-13 15:14:27.394,22346,22347,22346,1,-1
2024-06-13 15:14:32.365,22345,22346,22346,1,1
2024-06-13 15:14:34.800,22346,22347,22346,1,-1
2024-06-13 15:14:35.624,22346,22347,22346,2,-2
2024-06-13 15:14:35.672,22346,22347,22346,1,-1
2024-06-13 15:14:35.672,22346,22347,22347,4,4
2024-06-13 15:14:40.613,22346,22348,22348,1,1
2024-06-13 15:14:41.393,22346,22348,22346,1,-1
2024-06-13 15:14:41.656,22346,22348,22347,1,-1
2024-06-13 15:14:41.942,22347,22348,22348,4,4
2024-06-13 15:14:41.943,22347,22348,22348,1,1
2024-06-13 15:14:43.837,22347,22348,22348,1,1
2024-06-13 15:14:45.449,22348,22349,22349,5,5
2024-06-13 15:14:45.449,22348,22349,22349,11,11
2024-06-13 15:14:45.449,22348,22349,22349,1,1
2024-06-13 15:14:45.450,22348,22349,22350,2,2
2024-06-13 15:14:45.451,22348,22349,22350,1,1
2024-06-13 15:14:45.451,22348,22349,22350,1,1
2024-06-13 15:14:45.451,22348,22349,22350,2,2
2024-06-13 15:14:45.451,22348,22349,22350,2,2
2024-06-13 15:14:45.451,22348,22349,22350,4,4
2024-06-13 15:14:45.451,22348,22349,22350,1,1
2024-06-13 15:14:45.473,22348,22349,22350,1,1
2024-06-13 15:14:45.474,22348,22349,22350,4,4
2024-06-13 15:14:45.474,22348,22349,22350,2,2
2024-06-13 15:14:45.474,22348,22349,22350,2,2
2024-06-13 15:14:45.474,22348,22349,22350,2,2
2024-06-13 15:14:45.474,22348,22349,22350,1,1
2024-06-13 15:14:45.594,22350,22351,22351,1,1
2024-06-13 15:14:45.594,22350,22351,22351,1,1
2024-06-13 15:14:45.655,22350,22351,22351,1,1
2024-06-13 15:14:45.703,22350,22351,22351,1,1
2024-06-13 15:14:45.895,22350,22351,22350,1,-1
2024-06-13 15:14:47.059,22350,22351,22351,1,1
2024-06-13 15:14:48.225,22350,22351,22351,4,4
2024-06-13 15:14:48.227,22350,22351,22351,7,7
2024-06-13 15:14:48.371,22351,22352,22351,3,-3
2024-06-13 15:14:49.102,22351,22352,22352,1,1
2024-06-13 15:14:50.325,22351,22352,22351,1,-1
2024-06-13 15:14:50.558,22351,22352,22351,1,-1
2024-06-13 15:14:51.945,22351,22352,22352,4,4
2024-06-13 15:14:52.219,22351,22352,22352,1,1
2024-06-13 15:14:54.806,22351,22352,22351,1,-1
2024-06-13 15:14:54.866,22351,22352,22352,1,1
2024-06-13 15:14:55.330,22351,22352,22351,1,-1
2024-06-13 15:14:55.728,22351,22352,22352,2,2
2024-06-13 15:14:57.081,22351,22352,22352,4,4
2024-06-13 15:14:57.625,22352,22353,22353,1,1
2024-06-13 15:14:57.732,22352,22353,22353,1,1
2024-06-13 15:14:57.977,22352,22353,22352,1,-1
2024-06-13 15:14:57.977,22352,22353,22352,1,-1
2024-06-13 15:15:00.118,22352,22353,22353,1,1
2024-06-13 15:15:00.427,22353,22354,22353,1,-1
2024-06-13 15:15:00.607,22353,22354,22354,2,2
2024-06-13 15:15:00.719,22353,22354,22353,1,-1
2024-06-13 15:15:00.852,22353,22354,22354,1,1
2024-06-13 15:15:01.841,22353,22354,22354,1,1
2024-06-13 15:15:02.140,22353,22354,22353,1,-1
2024-06-13 15:15:02.317,22352,22354,22352,1,-1
2024-06-13 15:15:02.337,22352,22354,22354,2,2
2024-06-13 15:15:02.460,22352,22354,22354,1,1
2024-06-13 15:15:02.461,22352,22354,22355,1,1
2024-06-13 15:15:02.716,22353,22355,22355,5,5
2024-06-13 15:15:02.737,22353,22355,22355,4,4
2024-06-13 15:15:02.737,22353,22355,22356,1,1
2024-06-13 15:15:02.785,22353,22355,22354,1,1
2024-06-13 15:15:02.825,22353,22355,22355,1,1
2024-06-13 15:15:02.825,22353,22355,22356,4,4
2024-06-13 15:15:02.828,22353,22355,22356,5,5
2024-06-13 15:15:02.832,22353,22355,22356,3,3
2024-06-13 15:15:02.832,22353,22355,22357,2,2
2024-06-13 15:15:02.836,22353,22355,22357,5,5
2024-06-13 15:15:03.216,22354,22356,22356,3,3
2024-06-13 15:15:03.216,22354,22356,22357,1,1
2024-06-13 15:15:03.243,22354,22356,22357,1,1
2024-06-13 15:15:03.766,22354,22356,22356,1,1
2024-06-13 15:15:04.847,22354,22356,22356,1,1
2024-06-13 15:15:04.982,22354,22356,22356,1,1
2024-06-13 15:15:05.027,22354,22356,22354,1,-1
2024-06-13 15:15:05.478,22354,22355,22355,1,1
2024-06-13 15:15:07.328,22355,22356,22355,1,-1
2024-06-13 15:15:07.681,22356,22357,22356,1,-1
2024-06-13 15:15:08.969,22355,22357,22355,1,-1
2024-06-13 15:15:09.066,22355,22357,22357,1,1
2024-06-13 15:15:09.651,22355,22357,22357,1,1
2024-06-13 15:15:11.656,22355,22357,22355,1,-1
2024-06-13 15:15:11.716,22355,22356,22355,1,-1
2024-06-13 15:15:12.297,22354,22356,22355,1,-1
2024-06-13 15:15:12.338,22354,22356,22356,1,1
2024-06-13 15:15:14.603,22355,22356,22356,1,1
2024-06-13 15:15:16.489,22355,22356,22355,3,-3
2024-06-13 15:15:16.922,22354,22355,22354,2,-2
2024-06-13 15:15:16.922,22354,22355,22353,3,-3
2024-06-13 15:15:18.815,22353,22355,22355,2,2
2024-06-13 15:15:19.804,22353,22355,22355,1,1
2024-06-13 15:15:19.816,22353,22355,22355,1,1
2024-06-13 15:15:19.816,22353,22355,22355,1,1
2024-06-13 15:15:19.817,22353,22355,22355,1,1
2024-06-13 15:15:19.817,22353,22355,22356,1,1
2024-06-13 15:15:23.967,22354,22355,22355,1,1
2024-06-13 15:15:24.431,22354,22355,22354,1,-1
2024-06-13 15:15:24.467,22353,22355,22355,2,2
2024-06-13 15:15:24.467,22353,22355,22356,10,10
2024-06-13 15:15:26.830,22353,22356,22356,1,1
2024-06-13 15:15:26.947,22353,22356,22353,1,-1
2024-06-13 15:15:28.297,22353,22355,22355,2,2
2024-06-13 15:15:28.316,22353,22356,22356,1,1
2024-06-13 15:15:28.317,22353,22356,22356,1,1
2024-06-13 15:15:28.578,22353,22354,22354,1,1
2024-06-13 15:15:28.946,22353,22354,22354,1,1
2024-06-13 15:15:29.028,22353,22354,22355,1,1
2024-06-13 15:15:30.673,22353,22355,22353,1,-1
2024-06-13 15:15:32.485,22353,22355,22355,1,1
2024-06-13 15:15:33.274,22353,22356,22355,1,1
2024-06-13 15:15:33.531,22353,22355,22353,1,-1
2024-06-13 15:15:34.280,22353,22355,22353,1,-1
2024-06-13 15:15:40.622,22353,22355,22355,1,1
2024-06-13 15:15:40.894,22353,22355,22355,2,2
2024-06-13 15:15:42.981,22353,22355,22355,2,2
2024-06-13 15:15:47.396,22354,22355,22355,1,1
2024-06-13 15:15:47.708,22355,22356,22355,1,-1
2024-06-13 15:15:53.434,22354,22356,22356,1,1
2024-06-13 15:15:53.796,22354,22356,22356,3,3
2024-06-13 15:15:55.148,22354,22356,22354,1,-1
2024-06-13 15:15:56.429,22353,22355,22355,1,1
2024-06-13 15:15:59.163,22354,22355,22355,1,1
2024-06-13 15:15:59.845,22354,22355,22355,1,1
2024-06-13 15:16:03.354,22355,22356,22355,1,-1
2024-06-13 15:16:03.451,22355,22356,22355,1,-1
2024-06-13 15:16:04.794,22355,22356,22355,1,-1
2024-06-13 15:16:05.787,22354,22355,22355,1,1
2024-06-13 15:16:05.981,22354,22356,22354,1,-1
2024-06-13 15:16:09.079,22354,22356,22355,2,-2
2024-06-13 15:16:09.084,22354,22356,22356,3,3
2024-06-13 15:16:09.328,22355,22356,22356,4,4
2024-06-13 15:16:10.886,22356,22357,22356,1,-1
2024-06-13 15:16:12.455,22356,22357,22356,2,-2
2024-06-13 15:16:12.455,22356,22357,22355,3,-3
2024-06-13 15:16:13.111,22355,22357,22355,1,-1
2024-06-13 15:16:15.515,22354,22357,22356,1,1
2024-06-13 15:16:15.671,22355,22357,22355,1,-1
2024-06-13 15:16:18.138,22355,22356,22355,1,-1
2024-06-13 15:16:18.170,22355,22356,22356,3,3
2024-06-13 15:16:18.400,22353,22355,22355,1,1
2024-06-13 15:16:18.403,22353,22355,22356,2,2
2024-06-13 15:16:21.087,22355,22356,22356,3,3
2024-06-13 15:16:21.091,22355,22356,22357,3,3
2024-06-13 15:16:21.101,22355,22356,22357,3,3
2024-06-13 15:16:21.166,22355,22356,22358,6,6
2024-06-13 15:16:21.167,22355,22356,22358,2,2
2024-06-13 15:16:21.251,22357,22359,22359,1,1
2024-06-13 15:16:21.298,22357,22359,22359,1,1
2024-06-13 15:16:21.298,22357,22359,22359,6,6
2024-06-13 15:16:21.348,22358,22360,22360,2,2
2024-06-13 15:16:21.382,22358,22360,22360,1,1
2024-06-13 15:16:21.386,22358,22360,22360,1,1
2024-06-13 15:16:21.388,22358,22360,22360,2,2
2024-06-13 15:16:21.398,22358,22360,22360,1,1
2024-06-13 15:16:21.411,22358,22360,22360,1,1
2024-06-13 15:16:21.424,22358,22360,22360,1,1
2024-06-13 15:16:21.425,22358,22360,22360,1,1
2024-06-13 15:16:21.454,22358,22360,22360,1,1
2024-06-13 15:16:21.468,22358,22360,22360,1,1
2024-06-13 15:16:21.485,22358,22360,22360,1,1
2024-06-13 15:16:21.498,22358,22360,22360,1,1
2024-06-13 15:16:21.505,22358,22360,22360,1,1
2024-06-13 15:16:21.609,22359,22360,22360,3,3
2024-06-13 15:16:21.612,22359,22360,22360,1,1
2024-06-13 15:16:21.612,22359,22360,22360,2,2
2024-06-13 15:16:21.612,22359,22360,22360,2,2
2024-06-13 15:16:21.613,22359,22360,22360,2,2
2024-06-13 15:16:21.613,22359,22360,22360,5,5
2024-06-13 15:16:21.620,22359,22360,22361,1,1
2024-06-13 15:16:21.636,22359,22360,22361,3,3
2024-06-13 15:16:21.638,22359,22360,22361,1,1
2024-06-13 15:16:21.638,22359,22360,22362,1,1
2024-06-13 15:16:21.653,22359,22360,22362,1,1
2024-06-13 15:16:21.696,22360,22362,22362,1,1
2024-06-13 15:16:21.744,22360,22362,22362,5,5
2024-06-13 15:16:21.859,22361,22362,22362,1,1
2024-06-13 15:16:21.916,22361,22362,22362,2,2
2024-06-13 15:16:25.424,22358,22360,22358,1,-1
2024-06-13 15:16:31.801,22359,22360,22360,1,1
2024-06-13 15:16:32.111,22359,22361,22361,1,1
2024-06-13 15:16:34.739,22359,22360,22359,1,-1
2024-06-13 15:16:36.096,22358,22360,22360,1,1
2024-06-13 15:16:36.117,22358,22360,22360,1,1
2024-06-13 15:16:36.974,22358,22361,22361,2,2
2024-06-13 15:16:39.004,22359,22360,22360,1,1
2024-06-13 15:16:40.220,22359,22360,22360,1,1
2024-06-13 15:16:40.277,22359,22360,22359,1,-1
2024-06-13 15:16:40.477,22358,22360,22360,1,1
2024-06-13 15:16:43.608,22360,22361,22360,1,-1
2024-06-13 15:16:44.352,22360,22361,22361,1,1
2024-06-13 15:16:44.353,22360,22361,22361,1,1
2024-06-13 15:16:44.353,22360,22361,22361,1,1
2024-06-13 15:16:44.355,22360,22361,22361,2,2
2024-06-13 15:16:44.359,22360,22361,22361,3,3
2024-06-13 15:16:45.150,22360,22362,22360,1,-1
2024-06-13 15:16:47.748,22361,22362,22361,5,-5
2024-06-13 15:16:48.993,22361,22362,22362,2,2
2024-06-13 15:16:49.184,22361,22362,22361,1,-1
2024-06-13 15:16:50.424,22360,22362,22361,1,-1
2024-06-13 15:16:51.107,22361,22362,22361,1,-1
2024-06-13 15:16:53.113,22360,22362,22362,3,3
2024-06-13 15:16:53.150,22360,22362,22362,2,2
2024-06-13 15:16:53.668,22361,22363,22363,7,7
2024-06-13 15:16:58.332,22361,22363,22363,1,1
2024-06-13 15:16:58.641,22361,22364,22364,1,1
2024-06-13 15:17:00.121,22361,22363,22361,1,-1
2024-06-13 15:17:00.411,22361,22363,22361,1,-1
2024-06-13 15:17:00.415,22361,22363,22362,1,-1
2024-06-13 15:17:00.472,22361,22362,22362,1,1
2024-06-13 15:17:00.473,22361,22362,22362,2,2
2024-06-13 15:17:00.606,22361,22364,22364,1,1
2024-06-13 15:17:00.765,22361,22364,22364,1,1
2024-06-13 15:17:00.934,22361,22364,22364,1,1
2024-06-13 15:17:01.213,22362,22364,22364,1,1
2024-06-13 15:17:01.426,22362,22364,22364,1,1
2024-06-13 15:17:01.630,22362,22364,22364,1,1
2024-06-13 15:17:01.804,22362,22364,22364,1,1
2024-06-13 15:17:01.958,22362,22364,22364,1,1
2024-06-13 15:17:01.973,22362,22364,22364,1,1
2024-06-13 15:17:02.105,22362,22365,22362,1,-1
2024-06-13 15:17:02.236,22362,22365,22365,1,1
2024-06-13 15:17:02.338,22362,22365,22365,1,1
2024-06-13 15:17:02.353,22362,22365,22363,2,-2
2024-06-13 15:17:02.367,22362,22365,22362,1,-1
2024-06-13 15:17:02.368,22362,22365,22362,1,-1
2024-06-13 15:17:02.389,22362,22365,22364,2,2
2024-06-13 15:17:02.389,22362,22365,22365,8,8
2024-06-13 15:17:02.455,22363,22365,22365,1,1
2024-06-13 15:17:02.636,22363,22365,22365,1,1
2024-06-13 15:17:02.655,22363,22365,22365,1,1
2024-06-13 15:17:02.655,22363,22365,22366,4,4
2024-06-13 15:17:02.656,22363,22365,22365,1,1
2024-06-13 15:17:02.672,22363,22365,22365,1,1
2024-06-13 15:17:02.679,22363,22365,22365,1,1
2024-06-13 15:17:02.685,22363,22365,22366,1,1
2024-06-13 15:17:02.718,22363,22366,22366,2,2
2024-06-13 15:17:02.721,22363,22366,22366,1,1
2024-06-13 15:17:02.722,22363,22366,22366,1,1
2024-06-13 15:17:02.790,22363,22366,22366,2,2
2024-06-13 15:17:02.872,22363,22365,22365,1,1
2024-06-13 15:17:03.115,22364,22366,22366,1,1
2024-06-13 15:17:03.348,22364,22366,22366,1,1
2024-06-13 15:17:03.354,22364,22366,22366,1,1
2024-06-13 15:17:03.474,22364,22366,22366,1,1
2024-06-13 15:17:03.582,22364,22366,22366,1,1
2024-06-13 15:17:03.826,22364,22366,22366,1,1
2024-06-13 15:17:04.054,22364,22366,22366,1,1
2024-06-13 15:17:04.270,22364,22366,22366,1,1
2024-06-13 15:17:04.321,22364,22366,22366,3,3
2024-06-13 15:17:04.448,22364,22367,22367,1,1
2024-06-13 15:17:04.617,22364,22367,22364,1,-1
2024-06-13 15:17:04.681,22364,22367,22367,1,1
2024-06-13 15:17:07.095,22363,22364,22364,1,1
2024-06-13 15:17:07.095,22363,22364,22364,29,29
2024-06-13 15:17:07.096,22363,22364,22364,1,1
2024-06-13 15:17:07.101,22363,22364,22363,2,-2
2024-06-13 15:17:07.202,22362,22364,22364,1,1
2024-06-13 15:17:07.255,22362,22364,22364,1,1
2024-06-13 15:17:07.329,22362,22364,22365,4,4
2024-06-13 15:17:07.329,22362,22364,22364,1,1
2024-06-13 15:17:08.248,22363,22365,22363,1,-1
2024-06-13 15:17:08.563,22363,22365,22363,1,-1
2024-06-13 15:17:09.338,22363,22365,22365,1,1
2024-06-13 15:17:11.236,22363,22365,22365,3,3
2024-06-13 15:17:11.236,22363,22365,22366,11,11
2024-06-13 15:17:11.236,22363,22365,22367,16,16
2024-06-13 15:17:11.651,22366,22368,22366,1,-1
2024-06-13 15:17:13.820,22365,22367,22365,1,-1
2024-06-13 15:17:14.640,22364,22367,22364,1,-1
2024-06-13 15:17:15.349,22363,22365,22365,1,1
2024-06-13 15:17:17.604,22364,22365,22365,1,1
2024-06-13 15:17:19.128,22364,22366,22366,1,1
2024-06-13 15:17:20.298,22363,22366,22365,1,1
2024-06-13 15:17:20.968,22365,22366,22365,3,-3
2024-06-13 15:17:21.274,22363,22366,22365,1,1
2024-06-13 15:17:21.853,22363,22366,22367,2,2
2024-06-13 15:17:21.853,22363,22366,22366,3,3
2024-06-13 15:17:22.160,22364,22366,22365,1,1
2024-06-13 15:17:23.437,22363,22365,22365,1,1
2024-06-13 15:17:23.449,22364,22366,22366,1,1
2024-06-13 15:17:27.211,22364,22366,22366,1,1
2024-06-13 15:17:28.023,22364,22366,22366,1,1
2024-06-13 15:17:28.517,22364,22366,22364,2,-2
2024-06-13 15:17:28.773,22364,22366,22366,4,4
2024-06-13 15:17:29.014,22364,22366,22366,1,1
2024-06-13 15:17:29.348,22364,22366,22365,1,1
2024-06-13 15:17:33.082,22364,22366,22366,2,2
2024-06-13 15:17:33.244,22364,22366,22365,1,1
2024-06-13 15:17:33.813,22364,22366,22366,1,1
2024-06-13 15:17:34.989,22364,22365,22364,2,-2
2024-06-13 15:17:35.632,22363,22365,22365,1,1
2024-06-13 15:17:36.681,22364,22366,22366,1,1
2024-06-13 15:17:38.258,22364,22366,22366,2,2
2024-06-13 15:17:40.287,22364,22366,22365,1,1
2024-06-13 15:17:40.853,22365,22366,22365,4,-4
2024-06-13 15:17:41.898,22365,22366,22365,1,-1
2024-06-13 15:17:45.853,22364,22365,22364,2,-2
2024-06-13 15:17:50.261,22364,22365,22364,1,-1
2024-06-13 15:17:50.261,22364,22365,22363,2,-2
2024-06-13 15:17:52.606,22363,22364,22363,1,-1
2024-06-13 15:17:56.329,22362,22363,22363,1,1
2024-06-13 15:17:56.564,22362,22363,22363,1,1
2024-06-13 15:17:56.565,22362,22363,22363,1,1
2024-06-13 15:17:56.568,22362,22363,22362,7,-7
2024-06-13 15:18:02.532,22362,22363,22364,2,2
2024-06-13 15:18:02.532,22362,22363,22363,3,3
2024-06-13 15:18:02.768,22362,22364,22364,1,1
2024-06-13 15:18:02.900,22362,22364,22364,1,1
2024-06-13 15:18:05.525,22363,22364,22364,1,1
2024-06-13 15:18:06.432,22364,22365,22364,1,-1
2024-06-13 15:18:06.432,22364,22365,22364,1,-1
2024-06-13 15:18:07.105,22363,22365,22363,1,-1
2024-06-13 15:18:08.922,22363,22364,22363,1,-1
2024-06-13 15:18:13.026,22363,22364,22363,1,-1
2024-06-13 15:18:13.379,22362,22363,22364,1,1
2024-06-13 15:18:13.379,22362,22363,22363,1,1
2024-06-13 15:18:15.350,22363,22364,22364,2,2
2024-06-13 15:18:17.275,22363,22364,22363,1,-1
2024-06-13 15:18:17.856,22362,22364,22362,3,-3
2024-06-13 15:18:21.070,22363,22364,22363,1,-1
2024-06-13 15:18:21.070,22363,22364,22362,4,-4
2024-06-13 15:18:23.224,22362,22364,22362,1,-1
2024-06-13 15:18:25.487,22362,22364,22362,1,-1
2024-06-13 15:18:38.295,22363,22364,22363,3,-3
2024-06-13 15:18:38.379,22362,22364,22364,5,5
2024-06-13 15:18:40.235,22362,22363,22363,1,1
2024-06-13 15:18:48.774,22362,22364,22362,2,-2
2024-06-13 15:18:50.984,22362,22364,22363,1,-1
2024-06-13 15:18:52.253,22362,22363,22362,1,-1
2024-06-13 15:18:52.253,22362,22363,22361,1,-1
2024-06-13 15:18:53.041,22361,22363,22363,3,3
2024-06-13 15:18:54.038,22361,22363,22361,2,-2
2024-06-13 15:18:54.104,22361,22363,22363,1,1
2024-06-13 15:18:54.269,22361,22363,22362,1,1
2024-06-13 15:19:00.223,22362,22363,22363,2,2
2024-06-13 15:19:01.754,22362,22363,22362,2,-2
2024-06-13 15:19:02.472,22362,22363,22362,1,-1
2024-06-13 15:19:02.472,22362,22363,22361,1,-1
2024-06-13 15:19:06.677,22361,22363,22361,1,-1
2024-06-13 15:19:11.850,22361,22363,22361,1,-1
2024-06-13 15:19:12.785,22361,22363,22363,1,1
2024-06-13 15:19:18.214,22361,22363,22363,2,2
2024-06-13 15:19:23.628,22361,22363,22363,1,1
2024-06-13 15:19:25.655,22361,22363,22362,1,1
2024-06-13 15:19:25.713,22361,22363,22361,1,-1
2024-06-13 15:19:28.388,22361,22363,22363,5,5
2024-06-13 15:19:28.388,22361,22363,22364,2,2
2024-06-13 15:19:33.563,22362,22364,22364,3,3
2024-06-13 15:19:36.671,22362,22364,22364,8,8
2024-06-13 15:19:36.672,22362,22364,22364,2,2
2024-06-13 15:19:40.216,22363,22364,22364,1,1
2024-06-13 15:19:40.234,22363,22364,22363,1,-1
2024-06-13 15:19:43.476,22363,22364,22364,1,1
2024-06-13 15:19:44.442,22363,22364,22363,2,-2
2024-06-13 15:19:50.038,22363,22364,22364,1,1
2024-06-13 15:19:50.614,22363,22364,22363,1,-1
2024-06-13 15:19:53.065,22363,22364,22363,1,-1
2024-06-13 15:19:56.140,22363,22364,22364,1,1
2024-06-13 15:19:56.140,22363,22364,22365,2,2
2024-06-13 15:20:00.463,22363,22365,22365,1,1
2024-06-13 15:20:01.199,22363,22365,22363,1,-1
2024-06-13 15:20:01.377,22363,22365,22363,1,-1
2024-06-13 15:20:06.481,22362,22364,22362,5,-5
2024-06-13 15:20:10.088,22362,22364,22364,1,1
2024-06-13 15:20:11.515,22362,22364,22362,1,-1
2024-06-13 15:20:16.140,22362,22363,22363,4,4
2024-06-13 15:20:17.877,22362,22363,22363,1,1
2024-06-13 15:20:17.891,22362,22363,22363,1,1
2024-06-13 15:20:17.892,22362,22363,22363,1,1
2024-06-13 15:20:17.892,22362,22363,22363,1,1
2024-06-13 15:20:19.951,22363,22364,22364,1,1
2024-06-13 15:20:20.280,22363,22365,22364,1,1
2024-06-13 15:20:39.670,22364,22365,22364,1,-1
2024-06-13 15:20:39.915,22364,22365,22365,1,1
2024-06-13 15:20:39.915,22364,22365,22365,6,6
2024-06-13 15:20:43.624,22365,22366,22365,2,-2
2024-06-13 15:20:48.645,22365,22366,22366,1,1
2024-06-13 15:20:48.711,22365,22366,22366,1,1
2024-06-13 15:20:49.475,22365,22366,22366,1,1
2024-06-13 15:20:50.200,22365,22366,22365,1,-1
2024-06-13 15:20:50.412,22365,22366,22365,1,-1
2024-06-13 15:20:51.066,22365,22366,22366,1,1
2024-06-13 15:20:51.522,22365,22366,22366,1,1
2024-06-13 15:20:52.002,22365,22366,22366,3,3
2024-06-13 15:20:52.002,22365,22366,22366,11,11
2024-06-13 15:20:56.375,22365,22366,22366,1,1
2024-06-13 15:20:56.566,22365,22367,22367,1,1
2024-06-13 15:20:56.642,22365,22367,22367,3,3
2024-06-13 15:20:56.706,22365,22367,22367,1,1
2024-06-13 15:20:58.616,22365,22366,22366,1,1
2024-06-13 15:20:58.835,22365,22367,22367,1,1
2024-06-13 15:21:00.546,22365,22367,22365,1,-1
2024-06-13 15:21:00.730,22365,22366,22366,1,1
2024-06-13 15:21:00.894,22365,22367,22365,2,-2
2024-06-13 15:21:01.040,22365,22367,22367,1,1
2024-06-13 15:21:03.492,22367,22368,22367,1,-1
2024-06-13 15:21:03.492,22367,22368,22367,1,-1
2024-06-13 15:21:04.344,22366,22368,22368,4,4
2024-06-13 15:21:04.482,22367,22368,22368,2,2
2024-06-13 15:21:04.514,22367,22368,22368,2,2
2024-06-13 15:21:04.514,22367,22368,22368,8,8
2024-06-13 15:21:04.514,22367,22368,22368,2,2
2024-06-13 15:21:05.672,22368,22369,22369,1,1
2024-06-13 15:21:05.710,22367,22369,22369,1,1
2024-06-13 15:21:05.712,22367,22369,22369,1,1
2024-06-13 15:21:05.750,22367,22369,22369,1,1
2024-06-13 15:21:05.797,22367,22369,22369,1,1
2024-06-13 15:21:06.020,22367,22369,22369,1,1
2024-06-13 15:21:06.164,22367,22369,22369,1,1
2024-06-13 15:21:06.462,22368,22369,22369,1,1
2024-06-13 15:21:08.054,22368,22369,22369,1,1
2024-06-13 15:21:08.281,22368,22370,22368,1,-1
2024-06-13 15:21:08.366,22368,22370,22368,1,-1
2024-06-13 15:21:08.631,22368,22370,22370,40,40
2024-06-13 15:21:08.632,22368,22370,22370,2,2
2024-06-13 15:21:08.632,22368,22370,22370,2,2
2024-06-13 15:21:08.632,22368,22370,22370,9,9
2024-06-13 15:21:08.632,22368,22370,22370,2,2
2024-06-13 15:21:08.632,22368,22370,22370,1,1
2024-06-13 15:21:08.632,22368,22370,22370,2,2
2024-06-13 15:21:08.632,22368,22370,22370,4,4
2024-06-13 15:21:08.632,22368,22370,22370,1,1
2024-06-13 15:21:08.632,22368,22370,22370,2,2
2024-06-13 15:21:08.633,22368,22370,22371,1,1
2024-06-13 15:21:08.634,22368,22370,22371,2,2
2024-06-13 15:21:08.634,22368,22370,22371,1,1
2024-06-13 15:21:08.634,22368,22370,22371,1,1
2024-06-13 15:21:08.634,22368,22370,22371,1,1
2024-06-13 15:21:08.707,22370,22371,22371,1,1
2024-06-13 15:21:08.765,22370,22371,22370,2,-2
2024-06-13 15:21:10.332,22371,22372,22371,1,-1
2024-06-13 15:21:10.474,22371,22372,22371,1,-1
2024-06-13 15:21:10.531,22371,22372,22371,1,-1
2024-06-13 15:21:10.760,22370,22372,22370,1,-1
2024-06-13 15:21:16.047,22371,22372,22372,2,2
2024-06-13 15:21:16.050,22371,22372,22372,8,8
2024-06-13 15:21:16.110,22372,22373,22373,4,4
2024-06-13 15:21:16.110,22372,22373,22374,1,1
2024-06-13 15:21:16.211,22372,22374,22374,1,1
2024-06-13 15:21:16.224,22372,22374,22374,1,1
2024-06-13 15:21:16.256,22372,22374,22374,1,1
2024-06-13 15:21:16.307,22372,22374,22374,1,1
2024-06-13 15:21:17.276,22373,22374,22373,1,-1
2024-06-13 15:21:18.180,22373,22374,22374,1,1
2024-06-13 15:21:19.037,22373,22375,22375,2,2
2024-06-13 15:21:19.037,22373,22375,22374,1,1
2024-06-13 15:21:20.491,22373,22374,22374,1,1
2024-06-13 15:21:20.492,22373,22374,22373,1,-1
2024-06-13 15:21:20.637,22373,22375,22373,1,-1
2024-06-13 15:21:21.492,22373,22375,22374,1,-1
2024-06-13 15:21:22.263,22373,22375,22375,2,2
2024-06-13 15:21:23.791,22374,22375,22375,1,1
2024-06-13 15:21:23.985,22374,22375,22375,1,1
2024-06-13 15:21:26.372,22374,22375,22375,4,4
2024-06-13 15:21:26.678,22374,22375,22375,4,4
2024-06-13 15:21:27.656,22375,22376,22375,1,-1
2024-06-13 15:21:28.128,22375,22376,22376,1,1
2024-06-13 15:21:28.152,22375,22376,22376,1,1
2024-06-13 15:21:28.218,22376,22377,22376,1,-1
2024-06-13 15:21:28.492,22376,22377,22376,1,-1
2024-06-13 15:21:29.922,22376,22377,22376,1,-1
2024-06-13 15:21:30.097,22376,22377,22376,1,-1
2024-06-13 15:21:30.624,22376,22377,22376,2,-2
2024-06-13 15:21:30.727,22376,22377,22376,1,-1
2024-06-13 15:21:31.285,22376,22377,22376,1,-1
2024-06-13 15:21:32.139,22376,22377,22377,1,1
2024-06-13 15:21:33.028,22376,22377,22376,1,-1
2024-06-13 15:21:33.595,22376,22377,22377,1,1
2024-06-13 15:21:34.369,22376,22377,22377,1,1
2024-06-13 15:21:34.795,22376,22377,22376,1,-1
2024-06-13 15:21:36.660,22376,22377,22377,1,1
2024-06-13 15:21:36.660,22376,22377,22377,1,1
2024-06-13 15:21:36.699,22376,22377,22377,1,1
2024-06-13 15:21:36.719,22376,22377,22377,2,2
2024-06-13 15:21:38.457,22377,22378,22378,2,2
2024-06-13 15:21:39.100,22377,22378,22378,1,1
2024-06-13 15:21:39.488,22377,22378,22377,4,-4
2024-06-13 15:21:39.950,22376,22377,22377,1,1
2024-06-13 15:21:39.950,22376,22377,22378,3,3
2024-06-13 15:21:40.939,22376,22378,22376,1,-1
2024-06-13 15:21:43.027,22376,22378,22378,2,2
2024-06-13 15:21:43.591,22376,22377,22376,1,-1
2024-06-13 15:21:44.102,22376,22377,22377,1,1
2024-06-13 15:21:44.150,22376,22377,22377,1,1
2024-06-13 15:21:44.453,22376,22378,22378,1,1
2024-06-13 15:21:44.606,22376,22378,22378,1,1
2024-06-13 15:21:45.844,22376,22377,22377,3,3
2024-06-13 15:21:45.844,22376,22377,22378,1,1
2024-06-13 15:21:46.348,22377,22378,22378,2,2
2024-06-13 15:21:46.354,22377,22378,22379,2,2
2024-06-13 15:21:46.592,22377,22379,22379,1,1
2024-06-13 15:21:48.295,22377,22378,22378,2,2
2024-06-13 15:21:48.295,22377,22378,22379,4,4
2024-06-13 15:21:48.295,22377,22378,22379,2,2
2024-06-13 15:21:48.296,22377,22378,22379,1,1
2024-06-13 15:21:48.364,22377,22379,22379,1,1
2024-06-13 15:21:49.986,22377,22380,22380,1,1
2024-06-13 15:21:50.214,22377,22380,22377,1,-1
2024-06-13 15:21:50.366,22378,22380,22380,3,3
2024-06-13 15:21:51.232,22378,22379,22378,1,-1
2024-06-13 15:21:53.644,22378,22379,22379,1,1
2024-06-13 15:21:55.034,22379,22381,22381,1,1
2024-06-13 15:21:55.058,22379,22381,22380,1,1
2024-06-13 15:21:55.159,22379,22381,22381,1,1
2024-06-13 15:21:55.594,22379,22381,22379,1,-1
2024-06-13 15:21:55.714,22379,22380,22379,1,-1
2024-06-13 15:21:55.974,22379,22380,22379,1,-1
2024-06-13 15:21:56.499,22378,22380,22378,4,-4
2024-06-13 15:21:58.216,22377,22379,22378,1,-1
2024-06-13 15:21:58.590,22377,22379,22377,7,-7
2024-06-13 15:21:58.591,22377,22379,22376,5,-5
2024-06-13 15:21:58.789,22375,22377,22377,1,1
2024-06-13 15:21:59.838,22375,22376,22375,4,-4
2024-06-13 15:21:59.841,22375,22376,22374,1,-1
2024-06-13 15:21:59.846,22375,22376,22373,3,-3
2024-06-13 15:21:59.916,22375,22376,22373,2,-2
2024-06-13 15:22:00.008,22372,22375,22375,1,1
2024-06-13 15:22:00.172,22372,22375,22372,1,-1
2024-06-13 15:22:00.401,22372,22375,22372,3,-3
2024-06-13 15:22:00.402,22372,22375,22375,1,1
2024-06-13 15:22:00.792,22372,22375,22375,1,1
2024-06-13 15:22:02.829,22371,22373,22371,1,-1
2024-06-13 15:22:04.653,22370,22372,22372,1,1
2024-06-13 15:22:06.207,22370,22372,22370,3,-3
2024-06-13 15:22:06.896,22370,22372,22372,2,2
2024-06-13 15:22:08.075,22371,22374,22371,1,-1
2024-06-13 15:22:10.418,22373,22375,22373,2,-2
2024-06-13 15:22:11.724,22373,22375,22373,1,-1
2024-06-13 15:22:11.825,22372,22374,22374,1,1
2024-06-13 15:22:13.654,22372,22375,22372,1,-1
2024-06-13 15:22:14.575,22372,22375,22375,1,1
2024-06-13 15:22:14.613,22372,22375,22372,3,-3
2024-06-13 15:22:16.012,22372,22374,22372,3,-3
2024-06-13 15:22:21.407,22372,22374,22372,1,-1
2024-06-13 15:22:23.035,22372,22374,22372,1,-1
2024-06-13 15:22:23.303,22372,22374,22372,1,-1
2024-06-13 15:22:23.303,22372,22374,22371,2,-2
2024-06-13 15:22:24.115,22371,22372,22372,1,1
2024-06-13 15:22:26.899,22371,22372,22372,2,2
2024-06-13 15:22:28.577,22371,22373,22373,1,1
2024-06-13 15:22:29.486,22372,22373,22372,1,-1
2024-06-13 15:22:31.189,22371,22372,22372,1,1
2024-06-13 15:22:31.315,22371,22372,22371,1,-1
2024-06-13 15:22:34.302,22371,22372,22372,1,1
2024-06-13 15:22:34.976,22372,22373,22372,1,-1
2024-06-13 15:22:35.656,22372,22373,22372,1,-1
2024-06-13 15:22:38.704,22372,22373,22373,1,1
2024-06-13 15:22:43.941,22373,22374,22374,1,1
2024-06-13 15:22:49.315,22373,22375,22373,1,-1
2024-06-13 15:22:52.198,22372,22375,22375,1,1
2024-06-13 15:22:54.095,22372,22374,22374,1,1
2024-06-13 15:22:54.215,22373,22375,22373,1,-1
2024-06-13 15:22:55.063,22374,22375,22374,1,-1
2024-06-13 15:22:56.993,22374,22375,22374,1,-1
2024-06-13 15:22:57.923,22373,22375,22375,1,1
2024-06-13 15:23:00.464,22373,22375,22375,1,1
2024-06-13 15:23:01.206,22374,22375,22374,1,-1
2024-06-13 15:23:02.115,22373,22375,22375,1,1
2024-06-13 15:23:03.378,22373,22375,22375,1,1
2024-06-13 15:23:11.204,22373,22375,22373,2,-2
2024-06-13 15:23:12.031,22372,22374,22372,4,-4
2024-06-13 15:23:12.089,22372,22373,22372,1,-1
2024-06-13 15:23:12.121,22372,22373,22372,1,-1
2024-06-13 15:23:12.485,22371,22373,22371,1,-1
2024-06-13 15:23:14.903,22371,22373,22373,1,1
2024-06-13 15:23:17.712,22372,22374,22374,1,1
2024-06-13 15:23:20.220,22373,22374,22374,1,1
2024-06-13 15:23:21.324,22373,22374,22373,1,-1
2024-06-13 15:23:22.536,22372,22374,22374,5,5
2024-06-13 15:23:22.545,22372,22374,22374,1,1
2024-06-13 15:23:24.505,22372,22373,22373,1,1
2024-06-13 15:23:28.494,22372,22374,22372,5,-5
2024-06-13 15:23:38.564,22372,22374,22372,1,-1
2024-06-13 15:23:40.345,22373,22374,22374,1,1
2024-06-13 15:23:40.405,22373,22374,22373,1,-1
2024-06-13 15:23:44.489,22373,22374,22374,5,5
2024-06-13 15:23:44.491,22373,22374,22375,7,7
2024-06-13 15:23:47.439,22374,22376,22376,1,1
2024-06-13 15:23:51.864,22374,22377,22377,3,3
2024-06-13 15:23:52.081,22374,22377,22377,1,1
2024-06-13 15:23:53.059,22373,22375,22375,1,1
2024-06-13 15:23:54.507,22373,22375,22375,1,1
2024-06-13 15:23:56.825,22373,22376,22376,1,1
2024-06-13 15:24:00.641,22375,22377,22375,1,-1
2024-06-13 15:24:00.723,22375,22377,22377,1,1
2024-06-13 15:24:07.385,22375,22377,22377,1,1
2024-06-13 15:24:10.366,22375,22377,22375,1,-1
2024-06-13 15:24:11.992,22375,22377,22377,3,3
2024-06-13 15:24:16.550,22376,22378,22377,1,1
2024-06-13 15:24:16.550,22376,22378,22377,1,1
2024-06-13 15:24:17.473,22376,22378,22376,1,-1
2024-06-13 15:24:20.202,22375,22377,22377,1,1
2024-06-13 15:24:20.878,22375,22377,22375,1,-1
2024-06-13 15:24:20.878,22375,22377,22375,1,-1
2024-06-13 15:24:20.936,22375,22377,22376,2,-2
2024-06-13 15:24:25.162,22374,22376,22374,1,-1
2024-06-13 15:24:28.373,22373,22375,22375,2,2
2024-06-13 15:24:29.119,22373,22375,22373,4,-4
2024-06-13 15:24:30.551,22372,22374,22372,1,-1
2024-06-13 15:24:32.477,22372,22374,22374,2,2
2024-06-13 15:24:32.477,22372,22374,22375,3,3
2024-06-13 15:24:32.972,22372,22375,22372,3,-3
2024-06-13 15:24:34.920,22372,22374,22373,1,-1
2024-06-13 15:24:35.114,22372,22374,22372,1,-1
2024-06-13 15:24:35.899,22372,22374,22372,5,-5
2024-06-13 15:24:35.900,22372,22374,22372,3,-3
2024-06-13 15:24:37.633,22371,22373,22371,1,-1
2024-06-13 15:24:37.633,22371,22373,22371,2,-2
2024-06-13 15:24:39.174,22371,22372,22371,15,-15
2024-06-13 15:24:39.174,22371,22372,22371,3,-3
2024-06-13 15:24:40.758,22370,22371,22370,2,-2
2024-06-13 15:24:40.760,22370,22371,22370,14,-14
2024-06-13 15:24:40.760,22370,22371,22370,1,-1
2024-06-13 15:24:40.780,22370,22371,22369,3,-3
2024-06-13 15:24:41.007,22369,22370,22369,3,-3
2024-06-13 15:24:41.007,22369,22370,22368,7,-7
2024-06-13 15:24:42.524,22368,22370,22368,2,-2
2024-06-13 15:24:42.524,22368,22370,22367,5,-5
2024-06-13 15:24:42.524,22368,22370,22366,10,-10
2024-06-13 15:24:42.524,22368,22370,22365,2,-2
2024-06-13 15:24:42.575,22366,22368,22366,1,-1
2024-06-13 15:24:42.599,22366,22368,22365,1,-1
2024-06-13 15:24:42.608,22366,22368,22365,1,-1
2024-06-13 15:24:42.617,22366,22368,22365,1,-1
2024-06-13 15:24:42.626,22366,22368,22365,1,-1
2024-06-13 15:24:42.634,22366,22368,22365,1,-1
2024-06-13 15:24:42.644,22366,22368,22365,1,-1
2024-06-13 15:24:42.653,22366,22368,22365,1,-1
2024-06-13 15:24:42.663,22366,22368,22365,1,-1
2024-06-13 15:24:42.672,22366,22368,22365,1,-1
2024-06-13 15:24:45.492,22367,22369,22366,6,-6
2024-06-13 15:24:45.492,22367,22369,22367,6,-6
2024-06-13 15:24:48.254,22366,22368,22366,3,-3
2024-06-13 15:24:48.254,22366,22368,22365,2,-2
2024-06-13 15:24:49.839,22366,22368,22366,1,-1
2024-06-13 15:24:51.213,22366,22368,22367,1,-1
2024-06-13 15:24:51.269,22366,22368,22366,1,-1
2024-06-13 15:24:52.057,22366,22368,22368,2,2
2024-06-13 15:24:54.595,22368,22370,22368,1,-1
2024-06-13 15:24:56.090,22368,22369,22369,1,1
2024-06-13 15:24:57.714,22368,22370,22368,4,-4
2024-06-13 15:24:58.949,22367,22370,22367,1,-1
2024-06-13 15:24:59.554,22367,22370,22370,5,5
2024-06-13 15:25:02.579,22369,22372,22370,1,-1
2024-06-13 15:25:02.908,22369,22370,22370,1,1
2024-06-13 15:25:03.364,22369,22370,22370,1,1
2024-06-13 15:25:05.689,22369,22371,22371,1,1
2024-06-13 15:25:07.584,22369,22370,22371,1,1
2024-06-13 15:25:07.584,22369,22370,22370,1,1
2024-06-13 15:25:09.473,22369,22371,22367,6,-6
2024-06-13 15:25:09.473,22369,22371,22369,6,-6
2024-06-13 15:25:09.473,22369,22371,22368,8,-8
2024-06-13 15:25:11.760,22367,22369,22367,1,-1
2024-06-13 15:25:12.267,22367,22368,22368,1,1
2024-06-13 15:25:16.652,22367,22369,22369,1,1
2024-06-13 15:25:17.223,22367,22369,22367,4,-4
2024-06-13 15:25:18.848,22366,22368,22366,1,-1
2024-06-13 15:25:18.942,22366,22368,22368,1,1
2024-06-13 15:25:20.439,22367,22369,22370,1,1
2024-06-13 15:25:20.439,22367,22369,22369,4,4
2024-06-13 15:25:29.471,22368,22370,22368,1,-1
2024-06-13 15:25:30.471,22368,22370,22368,1,-1
2024-06-13 15:25:30.567,22368,22370,22370,1,1
2024-06-13 15:25:37.258,22368,22370,22370,1,1
2024-06-13 15:25:39.777,22368,22369,22369,1,1
2024-06-13 15:25:41.359,22368,22369,22368,1,-1
2024-06-13 15:25:41.360,22368,22369,22368,1,-1
2024-06-13 15:25:41.462,22366,22368,22366,1,-1
2024-06-13 15:25:43.744,22368,22369,22369,1,1
2024-06-13 15:25:44.792,22368,22369,22368,1,-1
2024-06-13 15:25:48.079,22367,22368,22368,1,1
2024-06-13 15:25:50.480,22367,22368,22368,1,1
2024-06-13 15:25:51.875,22367,22368,22368,2,2
2024-06-13 15:25:51.875,22367,22368,22369,3,3
2024-06-13 15:26:01.351,22367,22368,22368,1,1
2024-06-13 15:26:02.047,22367,22368,22368,3,3
2024-06-13 15:26:06.223,22367,22368,22368,1,1
2024-06-13 15:26:08.747,22367,22368,22367,1,-1
2024-06-13 15:26:08.990,22367,22368,22367,1,-1
2024-06-13 15:26:09.889,22367,22368,22367,1,-1
2024-06-13 15:26:11.027,22367,22368,22367,1,-1
2024-06-13 15:26:11.233,22366,22367,22366,1,-1
2024-06-13 15:26:16.983,22366,22367,22366,1,-1
2024-06-13 15:26:17.486,22366,22367,22367,1,1
2024-06-13 15:26:17.779,22366,22368,22366,1,-1
2024-06-13 15:26:17.804,22366,22368,22367,1,-1
2024-06-13 15:26:20.413,22366,22368,22366,7,-7
2024-06-13 15:26:20.413,22366,22368,22367,3,-3
2024-06-13 15:26:24.684,22367,22368,22367,1,-1
2024-06-13 15:26:30.538,22367,22368,22367,1,-1
2024-06-13 15:26:34.969,22366,22367,22366,5,-5
2024-06-13 15:26:36.833,22365,22367,22365,1,-1
2024-06-13 15:26:38.053,22365,22367,22365,1,-1
2024-06-13 15:26:40.209,22365,22367,22365,1,-1
2024-06-13 15:26:41.359,22366,22367,22366,1,-1
2024-06-13 15:26:41.472,22365,22367,22365,1,-1
2024-06-13 15:26:41.634,22365,22367,22365,1,-1
2024-06-13 15:26:50.122,22365,22366,22365,1,-1
2024-06-13 15:26:50.123,22365,22366,22365,1,-1
2024-06-13 15:26:52.107,22364,22365,22364,1,-1
2024-06-13 15:26:52.206,22364,22365,22364,1,-1
2024-06-13 15:26:52.332,22364,22365,22365,1,1
2024-06-13 15:26:52.334,22364,22365,22365,2,2
2024-06-13 15:26:52.335,22364,22365,22366,5,5
2024-06-13 15:26:52.910,22364,22365,22365,1,1
2024-06-13 15:26:54.840,22364,22365,22365,1,1
2024-06-13 15:26:55.668,22364,22365,22365,1,1
2024-06-13 15:26:57.397,22364,22365,22364,2,-2
2024-06-13 15:26:57.783,22364,22365,22364,1,-1
2024-06-13 15:27:00.040,22364,22365,22365,46,46
2024-06-13 15:27:00.041,22364,22365,22365,1,1
2024-06-13 15:27:00.041,22364,22365,22365,1,1
2024-06-13 15:27:00.041,22364,22365,22367,1,1
2024-06-13 15:27:00.041,22364,22365,22367,1,1
2024-06-13 15:27:00.042,22364,22365,22367,1,1
2024-06-13 15:27:00.399,22365,22367,22365,1,-1
2024-06-13 15:27:00.762,22365,22367,22365,2,-2
2024-06-13 15:27:00.762,22365,22367,22364,10,-10
2024-06-13 15:27:03.429,22365,22367,22365,1,-1
2024-06-13 15:27:03.429,22365,22367,22364,1,-1
2024-06-13 15:27:06.833,22364,22366,22364,2,-2
2024-06-13 15:27:07.021,22363,22366,22363,1,-1
2024-06-13 15:27:07.038,22363,22366,22363,1,-1
2024-06-13 15:27:11.926,22363,22366,22363,3,-3
2024-06-13 15:27:17.150,22364,22366,22364,1,-1
2024-06-13 15:27:23.705,22363,22366,22363,2,-2
2024-06-13 15:27:29.089,22364,22365,22364,1,-1
2024-06-13 15:27:34.562,22363,22365,22365,1,1
2024-06-13 15:27:40.049,22363,22365,22365,1,1
2024-06-13 15:27:42.604,22363,22365,22365,6,6
2024-06-13 15:27:45.654,22365,22366,22366,4,4
2024-06-13 15:27:45.661,22365,22366,22367,1,1
2024-06-13 15:27:45.703,22366,22367,22366,2,-2
2024-06-13 15:27:45.859,22366,22367,22367,1,1
2024-06-13 15:27:49.825,22365,22367,22367,1,1
2024-06-13 15:27:53.490,22366,22367,22366,1,-1
2024-06-13 15:27:55.778,22365,22368,22366,2,-2
2024-06-13 15:28:01.954,22366,22368,22368,1,1
2024-06-13 15:28:02.251,22366,22368,22368,1,1
2024-06-13 15:28:02.251,22366,22368,22369,4,4
2024-06-13 15:28:02.256,22366,22368,22370,5,5
2024-06-13 15:28:02.288,22366,22368,22370,5,5
2024-06-13 15:28:02.300,22366,22368,22371,3,3
2024-06-13 15:28:02.300,22366,22368,22372,2,2
2024-06-13 15:28:02.387,22369,22372,22372,1,1
2024-06-13 15:28:02.457,22369,22372,22372,5,5
2024-06-13 15:28:02.473,22369,22372,22372,1,1
2024-06-13 15:28:02.530,22369,22372,22372,1,1
2024-06-13 15:28:02.620,22371,22372,22372,1,1
2024-06-13 15:28:02.620,22371,22372,22373,2,2
2024-06-13 15:28:02.632,22371,22372,22373,3,3
2024-06-13 15:28:11.557,22369,22372,22372,1,1
2024-06-13 15:28:20.251,22370,22372,22370,1,-1
2024-06-13 15:28:21.362,22370,22372,22372,1,1
2024-06-13 15:28:22.353,22370,22372,22372,1,1
2024-06-13 15:28:25.687,22370,22372,22372,3,3
2024-06-13 15:28:26.546,22370,22372,22370,1,-1
2024-06-13 15:28:26.684,22369,22370,22369,1,-1
2024-06-13 15:28:28.965,22368,22369,22368,1,-1
2024-06-13 15:28:29.680,22366,22368,22368,1,1
2024-06-13 15:28:29.962,22366,22368,22368,1,1
2024-06-13 15:28:36.850,22366,22368,22368,1,1
2024-06-13 15:28:41.913,22367,22369,22367,1,-1
2024-06-13 15:28:51.577,22366,22368,22366,1,-1
2024-06-13 15:28:51.873,22366,22368,22366,5,-5
2024-06-13 15:28:53.479,22366,22367,22366,1,-1
2024-06-13 15:29:01.157,22366,22368,22366,2,-2
2024-06-13 15:29:01.158,22366,22368,22366,5,-5
2024-06-13 15:29:16.766,22366,22367,22367,1,1
2024-06-13 15:29:24.973,22366,22367,22367,1,1
2024-06-13 15:29:25.873,22366,22367,22367,1,1
2024-06-13 15:29:27.414,22366,22368,22368,1,1
2024-06-13 15:29:31.592,22368,22369,22369,1,1
2024-06-13 15:29:34.514,22369,22370,22369,2,-2
2024-06-13 15:29:38.519,22368,22369,22369,1,1
2024-06-13 15:29:39.058,22369,22370,22370,1,1
2024-06-13 15:29:44.379,22370,22372,22372,1,1
2024-06-13 15:29:45.231,22370,22372,22370,1,-1
2024-06-13 15:29:45.675,22370,22372,22372,2,2
2024-06-13 15:29:45.676,22370,22372,22372,2,2
2024-06-13 15:29:45.732,22372,22373,22372,1,-1
2024-06-13 15:29:46.918,22372,22373,22372,1,-1
2024-06-13 15:29:46.920,22372,22373,22372,4,-4
2024-06-13 15:29:51.691,22372,22373,22372,1,-1
2024-06-13 15:29:57.088,22371,22372,22372,1,1
2024-06-13 15:30:00.972,22372,22373,22372,3,-3
2024-06-13 15:30:01.085,22371,22373,22373,1,1
2024-06-13 15:30:01.191,22371,22373,22373,1,1
2024-06-13 15:30:01.485,22372,22373,22373,1,1
2024-06-13 15:30:01.672,22372,22373,22373,1,1
2024-06-13 15:30:01.673,22372,22373,22373,3,3
2024-06-13 15:30:01.828,22372,22374,22374,1,1
2024-06-13 15:30:02.000,22372,22374,22374,1,1
2024-06-13 15:30:10.059,22373,22374,22373,1,-1
2024-06-13 15:30:12.404,22372,22374,22372,1,-1
2024-06-13 15:30:12.442,22372,22373,22373,1,1
2024-06-13 15:30:14.646,22372,22373,22373,2,2
2024-06-13 15:30:17.828,22373,22374,22373,1,-1
2024-06-13 15:30:18.392,22373,22374,22373,1,-1
2024-06-13 15:30:18.440,22372,22373,22373,1,1
2024-06-13 15:30:18.441,22372,22373,22373,1,1
2024-06-13 15:30:18.441,22372,22373,22374,1,1
2024-06-13 15:30:18.441,22372,22373,22374,1,1
2024-06-13 15:30:18.441,22372,22373,22374,1,1
2024-06-13 15:30:18.441,22372,22373,22375,1,1
2024-06-13 15:30:18.441,22372,22373,22375,1,1
2024-06-13 15:30:18.441,22372,22373,22375,1,1
2024-06-13 15:30:18.441,22372,22373,22375,1,1
2024-06-13 15:30:18.442,22372,22373,22375,1,1
2024-06-13 15:30:18.442,22372,22373,22375,1,1
2024-06-13 15:30:18.442,22372,22373,22375,1,1
2024-06-13 15:30:18.442,22372,22373,22375,1,1
2024-06-13 15:30:18.443,22372,22373,22376,1,1
2024-06-13 15:30:18.443,22372,22373,22375,1,1
2024-06-13 15:30:18.443,22372,22373,22375,1,1
2024-06-13 15:30:18.443,22372,22373,22376,1,1
2024-06-13 15:30:18.445,22372,22373,22376,1,1
2024-06-13 15:30:18.445,22372,22373,22376,1,1
2024-06-13 15:30:18.446,22372,22373,22376,1,1
2024-06-13 15:30:18.927,22374,22376,22374,1,-1
2024-06-13 15:30:19.495,22374,22376,22374,1,-1
2024-06-13 15:30:19.878,22373,22376,22373,2,-2
2024-06-13 15:30:21.098,22373,22375,22373,1,-1
2024-06-13 15:30:21.178,22373,22375,22373,1,-1
2024-06-13 15:30:22.285,22372,22374,22374,1,1
2024-06-13 15:30:22.852,22373,22375,22373,3,-3
2024-06-13 15:30:22.853,22373,22375,22373,7,-7
2024-06-13 15:30:30.201,22373,22374,22373,1,-1
2024-06-13 15:30:30.383,22372,22374,22373,1,-1
2024-06-13 15:30:32.188,22372,22373,22372,1,-1
2024-06-13 15:30:32.189,22372,22373,22372,4,-4
2024-06-13 15:30:32.189,22372,22373,22372,4,-4
2024-06-13 15:30:32.189,22372,22373,22372,5,-5
2024-06-13 15:30:33.372,22371,22372,22372,1,1
2024-06-13 15:30:38.855,22371,22372,22372,1,1
2024-06-13 15:30:39.024,22371,22372,22372,3,3
2024-06-13 15:30:40.721,22372,22373,22372,1,-1
2024-06-13 15:30:44.759,22371,22372,22371,3,-3
2024-06-13 15:30:45.492,22371,22372,22372,1,1
2024-06-13 15:30:45.492,22371,22372,22372,1,1
2024-06-13 15:30:50.591,22372,22373,22372,1,-1
2024-06-13 15:30:54.289,22372,22373,22372,4,-4
2024-06-13 15:30:54.289,22372,22373,22371,1,-1
2024-06-13 15:30:59.095,22371,22373,22371,7,-7
2024-06-13 15:30:59.095,22371,22373,22371,2,-2
2024-06-13 15:30:59.880,22370,22371,22370,10,-10
2024-06-13 15:31:10.403,22370,22371,22370,1,-1
2024-06-13 15:31:16.408,22369,22371,22371,1,1
2024-06-13 15:31:16.408,22369,22371,22371,1,1
2024-06-13 15:31:16.442,22370,22372,22370,1,-1
2024-06-13 15:31:26.673,22370,22372,22370,1,-1
2024-06-13 15:31:34.406,22369,22370,22370,1,1
2024-06-13 15:31:35.863,22370,22372,22370,2,-2
2024-06-13 15:31:46.972,22369,22370,22369,1,-1
2024-06-13 15:31:49.039,22369,22370,22369,13,-13
2024-06-13 15:31:49.040,22369,22370,22368,2,-2
2024-06-13 15:31:49.040,22369,22370,22368,1,-1
2024-06-13 15:31:49.041,22369,22370,22368,11,-11
2024-06-13 15:31:49.135,22367,22368,22368,3,3
2024-06-13 15:31:49.135,22367,22368,22369,9,9
2024-06-13 15:32:06.854,22367,22368,22367,1,-1
2024-06-13 15:32:11.509,22367,22368,22367,2,-2
2024-06-13 15:32:14.827,22367,22368,22368,2,2
2024-06-13 15:32:15.129,22368,22369,22369,1,1
2024-06-13 15:32:15.597,22368,22370,22368,1,-1
2024-06-13 15:32:22.199,22368,22370,22370,2,2
2024-06-13 15:32:24.172,22369,22371,22371,1,1
2024-06-13 15:32:26.125,22369,22372,22369,1,-1
2024-06-13 15:32:37.701,22369,22371,22369,1,-1
2024-06-13 15:32:38.816,22369,22371,22370,1,-1
2024-06-13 15:32:38.874,22369,22371,22369,1,-1
2024-06-13 15:32:41.620,22369,22371,22370,1,-1
2024-06-13 15:32:47.825,22369,22370,22370,1,1
2024-06-13 15:32:59.784,22369,22370,22370,1,1
2024-06-13 15:33:00.218,22369,22370,22370,1,1
2024-06-13 15:33:04.283,22369,22371,22369,1,-1
2024-06-13 15:33:13.834,22368,22369,22368,1,-1
2024-06-13 15:33:13.834,22368,22369,22368,1,-1
2024-06-13 15:33:14.701,22367,22369,22369,5,5
2024-06-13 15:33:17.202,22367,22369,22369,1,1
2024-06-13 15:33:21.197,22368,22369,22368,1,-1
2024-06-13 15:33:24.276,22368,22369,22368,1,-1
2024-06-13 15:33:27.137,22368,22369,22369,1,1
2024-06-13 15:33:27.864,22368,22370,22368,1,-1
2024-06-13 15:33:32.059,22368,22369,22369,3,3
2024-06-13 15:33:38.441,22368,22369,22368,1,-1
2024-06-13 15:33:39.825,22368,22369,22368,1,-1
2024-06-13 15:33:41.816,22367,22368,22368,1,1
2024-06-13 15:33:41.940,22368,22369,22369,2,2
2024-06-13 15:33:42.010,22368,22369,22370,1,1
2024-06-13 15:33:42.011,22368,22369,22370,1,1
2024-06-13 15:33:43.693,22369,22370,22370,1,1
2024-06-13 15:33:48.805,22369,22371,22369,1,-1
2024-06-13 15:33:57.239,22368,22369,22368,1,-1
2024-06-13 15:34:00.223,22367,22369,22369,1,1
2024-06-13 15:34:12.129,22368,22369,22369,2,2
2024-06-13 15:34:22.589,22368,22369,22368,1,-1
2024-06-13 15:34:24.479,22368,22369,22368,1,-1
2024-06-13 15:34:26.335,22367,22369,22367,1,-1
2024-06-13 15:34:26.336,22367,22369,22367,1,-1
2024-06-13 15:34:39.477,22368,22369,22369,1,1
2024-06-13 15:34:39.596,22368,22369,22368,1,-1
2024-06-13 15:34:40.235,22367,22369,22369,2,2
2024-06-13 15:34:51.436,22367,22368,22367,15,-15
2024-06-13 15:34:51.437,22367,22368,22367,1,-1
2024-06-13 15:34:51.437,22367,22368,22367,4,-4
2024-06-13 15:34:51.437,22367,22368,22367,17,-17
2024-06-13 15:34:51.437,22367,22368,22367,7,-7
2024-06-13 15:34:51.437,22367,22368,22367,2,-2
2024-06-13 15:34:51.438,22367,22368,22366,5,-5
2024-06-13 15:34:53.531,22365,22368,22365,1,-1
2024-06-13 15:34:57.053,22365,22366,22365,1,-1
2024-06-13 15:35:00.215,22365,22366,22366,1,1
2024-06-13 15:35:00.534,22366,22367,22367,1,1
2024-06-13 15:35:00.535,22366,22367,22367,1,1
2024-06-13 15:35:00.535,22366,22367,22367,1,1
2024-06-13 15:35:02.874,22367,22369,22367,1,-1
2024-06-13 15:35:03.279,22367,22369,22368,1,-1
2024-06-13 15:35:06.274,22367,22369,22367,1,-1
2024-06-13 15:35:17.445,22367,22368,22367,1,-1
2024-06-13 15:35:20.982,22366,22367,22366,1,-1
2024-06-13 15:35:31.132,22366,22367,22366,1,-1
2024-06-13 15:35:40.744,22365,22366,22365,1,-1
2024-06-13 15:35:40.745,22365,22366,22365,5,-5
2024-06-13 15:35:40.932,22364,22366,22364,1,-1
2024-06-13 15:35:48.978,22364,22365,22365,1,1
2024-06-13 15:35:51.616,22364,22365,22364,1,-1
2024-06-13 15:35:51.769,22364,22365,22364,1,-1
2024-06-13 15:35:52.307,22364,22365,22364,1,-1
2024-06-13 15:35:53.552,22364,22365,22364,1,-1
2024-06-13 15:35:53.552,22364,22365,22364,2,-2
2024-06-13 15:35:53.552,22364,22365,22364,2,-2
2024-06-13 15:35:53.553,22364,22365,22364,1,-1
2024-06-13 15:35:54.754,22364,22365,22364,4,-4
2024-06-13 15:35:58.470,22364,22365,22364,1,-1
2024-06-13 15:35:59.865,22363,22364,22363,1,-1
2024-06-13 15:35:59.865,22363,22364,22363,1,-1
2024-06-13 15:36:00.025,22363,22364,22363,1,-1
2024-06-13 15:36:00.145,22363,22364,22363,1,-1
2024-06-13 15:36:00.230,22363,22364,22363,1,-1
2024-06-13 15:36:00.703,22363,22364,22363,1,-1
2024-06-13 15:36:00.703,22363,22364,22363,1,-1
2024-06-13 15:36:00.703,22363,22364,22363,1,-1
2024-06-13 15:36:01.846,22362,22363,22362,1,-1
2024-06-13 15:36:02.195,22362,22363,22362,1,-1
2024-06-13 15:36:04.069,22362,22363,22362,1,-1
2024-06-13 15:36:05.769,22362,22363,22362,1,-1
2024-06-13 15:36:08.602,22362,22363,22362,1,-1
2024-06-13 15:36:09.577,22362,22363,22362,2,-2
2024-06-13 15:36:10.485,22361,22362,22362,1,1
2024-06-13 15:36:13.076,22361,22362,22361,2,-2
2024-06-13 15:36:13.211,22361,22362,22361,1,-1
2024-06-13 15:36:14.741,22361,22362,22361,1,-1
2024-06-13 15:36:16.290,22361,22362,22361,1,-1
2024-06-13 15:36:23.050,22361,22362,22360,3,-3
2024-06-13 15:36:23.050,22361,22362,22361,1,-1
2024-06-13 15:36:23.085,22360,22362,22360,2,-2
2024-06-13 15:36:23.482,22360,22361,22360,3,-3
2024-06-13 15:36:26.563,22360,22361,22360,1,-1
2024-06-13 15:36:27.032,22360,22361,22360,2,-2
2024-06-13 15:36:27.129,22360,22361,22360,1,-1
2024-06-13 15:36:27.561,22360,22361,22360,1,-1
2024-06-13 15:36:29.583,22360,22361,22360,3,-3
2024-06-13 15:36:29.584,22360,22361,22360,1,-1
2024-06-13 15:36:29.787,22359,22361,22361,1,1
2024-06-13 15:36:37.101,22359,22360,22360,10,10
2024-06-13 15:36:37.268,22359,22361,22359,1,-1
2024-06-13 15:36:39.092,22359,22361,22359,1,-1
2024-06-13 15:36:39.537,22359,22361,22359,1,-1
2024-06-13 15:36:41.190,22359,22361,22359,3,-3
2024-06-13 15:36:41.773,22359,22361,22359,2,-2
2024-06-13 15:36:41.773,22359,22361,22359,2,-2
2024-06-13 15:36:41.774,22359,22361,22359,4,-4
2024-06-13 15:36:41.776,22359,22361,22358,4,-4
2024-06-13 15:36:44.680,22358,22359,22358,1,-1
2024-06-13 15:36:47.685,22358,22359,22358,1,-1
2024-06-13 15:36:47.806,22358,22359,22359,1,1
2024-06-13 15:36:47.834,22358,22359,22358,1,-1
2024-06-13 15:36:49.522,22358,22359,22358,1,-1
2024-06-13 15:36:51.038,22358,22359,22358,1,-1
2024-06-13 15:36:52.131,22358,22359,22358,3,-3
2024-06-13 15:36:52.131,22358,22359,22358,7,-7
2024-06-13 15:36:53.566,22357,22358,22357,2,-2
2024-06-13 15:36:53.703,22357,22358,22357,2,-2
2024-06-13 15:36:56.928,22357,22358,22357,1,-1
2024-06-13 15:36:57.884,22357,22359,22357,1,-1
2024-06-13 15:36:59.706,22357,22359,22357,4,-4
2024-06-13 15:37:05.652,22357,22358,22357,1,-1
2024-06-13 15:37:07.874,22357,22358,22357,1,-1
2024-06-13 15:37:08.550,22356,22357,22356,1,-1
2024-06-13 15:37:08.550,22356,22357,22356,2,-2
2024-06-13 15:37:08.654,22355,22356,22355,1,-1
2024-06-13 15:37:08.763,22355,22356,22356,1,1
2024-06-13 15:37:09.409,22355,22357,22356,1,1
2024-06-13 15:37:09.412,22355,22357,22355,2,-2
2024-06-13 15:37:11.010,22355,22357,22355,1,-1
2024-06-13 15:37:11.010,22355,22357,22355,1,-1
2024-06-13 15:37:11.010,22355,22357,22355,3,-3
2024-06-13 15:37:11.011,22355,22357,22355,1,-1
2024-06-13 15:37:12.349,22355,22357,22357,1,1
2024-06-13 15:37:16.247,22357,22358,22357,1,-1
2024-06-13 15:37:16.481,22357,22358,22357,2,-2
2024-06-13 15:37:19.540,22356,22357,22357,2,2
2024-06-13 15:37:19.540,22356,22357,22357,1,1
2024-06-13 15:37:22.464,22357,22358,22357,2,-2
2024-06-13 15:37:27.264,22356,22357,22356,1,-1
2024-06-13 15:37:31.361,22356,22357,22356,1,-1
2024-06-13 15:37:36.620,22356,22357,22356,4,-4
2024-06-13 15:37:36.620,22356,22357,22356,1,-1
2024-06-13 15:37:40.602,22355,22357,22357,1,1
2024-06-13 15:37:40.661,22355,22357,22356,1,1
2024-06-13 15:37:41.525,22355,22357,22355,1,-1
2024-06-13 15:37:43.570,22355,22356,22355,1,-1
2024-06-13 15:37:43.607,22355,22356,22355,5,-5
2024-06-13 15:37:45.823,22354,22355,22355,2,2
2024-06-13 15:37:46.191,22354,22355,22354,2,-2
2024-06-13 15:37:46.192,22354,22355,22354,2,-2
2024-06-13 15:37:46.193,22354,22355,22354,1,-1
2024-06-13 15:37:46.228,22354,22355,22353,4,-4
2024-06-13 15:37:46.909,22353,22354,22353,1,-1
2024-06-13 15:37:48.774,22353,22354,22353,1,-1
2024-06-13 15:37:48.775,22353,22354,22353,1,-1
2024-06-13 15:37:48.776,22353,22354,22353,10,-10
2024-06-13 15:37:49.000,22352,22353,22353,1,1
2024-06-13 15:37:49.252,22352,22353,22352,3,-3
2024-06-13 15:37:49.269,22352,22353,22352,2,-2
2024-06-13 15:37:49.801,22351,22352,22351,1,-1
2024-06-13 15:37:49.906,22351,22352,22351,1,-1
2024-06-13 15:37:50.378,22351,22352,22352,2,2
2024-06-13 15:37:50.403,22351,22352,22353,4,4
2024-06-13 15:37:54.175,22351,22353,22352,5,5
2024-06-13 15:37:55.420,22351,22353,22351,12,-12
2024-06-13 15:37:55.420,22351,22353,22350,18,-18
2024-06-13 15:37:56.149,22349,22351,22349,3,-3
2024-06-13 15:37:56.149,22349,22351,22348,1,-1
2024-06-13 15:37:56.206,22348,22351,22349,5,-5
2024-06-13 15:37:57.572,22349,22351,22352,1,1
2024-06-13 15:37:57.572,22349,22351,22351,2,2
2024-06-13 15:37:57.613,22349,22351,22350,2,2
2024-06-13 15:37:57.903,22350,22352,22350,1,-1
2024-06-13 15:38:00.224,22350,22352,22352,3,3
2024-06-13 15:38:00.224,22350,22352,22353,1,1
2024-06-13 15:38:02.125,22350,22352,22351,1,1
2024-06-13 15:38:02.468,22350,22352,22350,1,-1
2024-06-13 15:38:06.913,22350,22352,22352,1,1
2024-06-13 15:38:08.585,22351,22353,22354,4,4
2024-06-13 15:38:08.585,22351,22353,22353,6,6
2024-06-13 15:38:12.422,22353,22354,22354,1,1
2024-06-13 15:38:15.289,22354,22355,22354,1,-1
2024-06-13 15:38:17.856,22354,22355,22354,1,-1
2024-06-13 15:38:18.150,22354,22355,22355,1,1
2024-06-13 15:38:18.150,22354,22355,22355,2,2
2024-06-13 15:38:23.117,22354,22355,22354,1,-1
2024-06-13 15:38:23.210,22352,22355,22355,1,1
2024-06-13 15:38:32.755,22352,22354,22354,2,2
2024-06-13 15:38:33.607,22353,22355,22353,1,-1
2024-06-13 15:38:37.570,22352,22353,22352,1,-1
2024-06-13 15:38:38.904,22351,22352,22352,1,1
2024-06-13 15:38:41.381,22351,22352,22351,3,-3
2024-06-13 15:38:42.361,22350,22352,22351,1,-1
2024-06-13 15:38:42.419,22350,22352,22351,1,-1
2024-06-13 15:38:43.435,22351,22352,22351,1,-1
2024-06-13 15:38:45.947,22351,22352,22351,3,-3
2024-06-13 15:38:45.949,22351,22352,22351,2,-2
2024-06-13 15:38:47.443,22350,22351,22351,1,1
2024-06-13 15:38:51.053,22351,22352,22351,2,-2
2024-06-13 15:38:51.230,22351,22352,22351,1,-1
2024-06-13 15:38:51.257,22351,22352,22352,1,1
2024-06-13 15:38:51.500,22351,22352,22352,1,1
2024-06-13 15:38:52.985,22351,22352,22352,1,1
2024-06-13 15:38:53.883,22351,22352,22352,1,1
2024-06-13 15:38:54.296,22351,22352,22352,1,1
2024-06-13 15:38:58.276,22351,22353,22351,4,-4
2024-06-13 15:39:00.212,22351,22352,22351,2,-2
2024-06-13 15:39:00.542,22350,22352,22350,2,-2
2024-06-13 15:39:02.407,22350,22352,22352,1,1
2024-06-13 15:39:02.407,22350,22352,22352,1,1
2024-06-13 15:39:02.408,22350,22352,22352,38,38
2024-06-13 15:39:02.408,22350,22352,22352,6,6
2024-06-13 15:39:02.408,22350,22352,22352,14,14
2024-06-13 15:39:02.409,22350,22352,22353,1,1
2024-06-13 15:39:02.409,22350,22352,22353,1,1
2024-06-13 15:39:02.649,22352,22354,22352,1,-1
2024-06-13 15:39:07.248,22353,22355,22353,2,-2
2024-06-13 15:39:16.902,22353,22355,22353,4,-4
2024-06-13 15:39:16.918,22353,22355,22353,1,-1
2024-06-13 15:39:26.184,22351,22353,22353,1,1
2024-06-13 15:39:28.232,22351,22353,22353,1,1
2024-06-13 15:39:33.810,22351,22352,22351,4,-4
2024-06-13 15:39:36.035,22350,22351,22350,1,-1
2024-06-13 15:39:40.489,22351,22352,22351,1,-1
2024-06-13 15:39:44.129,22351,22352,22352,1,1
2024-06-13 15:39:45.849,22351,22352,22352,1,1
2024-06-13 15:39:51.100,22351,22353,22353,1,1
2024-06-13 15:39:52.460,22352,22353,22352,1,-1
2024-06-13 15:39:52.499,22352,22353,22352,1,-1
2024-06-13 15:39:55.113,22352,22353,22353,4,4
2024-06-13 15:40:01.286,22352,22353,22353,1,1
2024-06-13 15:40:01.966,22352,22353,22353,1,1
2024-06-13 15:40:06.511,22352,22354,22354,4,4
2024-06-13 15:40:10.935,22354,22355,22355,3,3
2024-06-13 15:40:13.129,22355,22356,22356,1,1
2024-06-13 15:40:14.440,22355,22356,22356,1,1
2024-06-13 15:40:17.259,22355,22356,22355,3,-3
2024-06-13 15:40:17.387,22354,22356,22356,3,3
2024-06-13 15:40:17.722,22354,22356,22356,1,1
2024-06-13 15:40:18.988,22354,22356,22356,1,1
2024-06-13 15:40:25.451,22354,22356,22356,1,1
2024-06-13 15:40:25.839,22354,22356,22354,1,-1
2024-06-13 15:40:32.235,22353,22354,22353,1,-1
2024-06-13 15:40:33.987,22353,22354,22354,2,2
2024-06-13 15:40:41.346,22354,22355,22354,1,-1
2024-06-13 15:40:43.004,22353,22355,22355,1,1
2024-06-13 15:40:45.300,22354,22356,22354,2,-2
2024-06-13 15:40:45.301,22354,22356,22354,1,-1
2024-06-13 15:40:45.303,22354,22356,22355,1,-1
2024-06-13 15:40:47.090,22353,22355,22355,1,1
2024-06-13 15:40:50.187,22353,22355,22355,2,2
2024-06-13 15:40:50.187,22353,22355,22355,2,2
2024-06-13 15:40:52.816,22355,22357,22357,1,1
2024-06-13 15:40:55.206,22355,22357,22356,1,1
2024-06-13 15:40:58.523,22354,22357,22354,1,-1
2024-06-13 15:40:59.163,22354,22357,22354,1,-1
2024-06-13 15:41:12.829,22354,22356,22354,1,-1
2024-06-13 15:41:15.865,22353,22354,22353,3,-3
2024-06-13 15:41:15.865,22353,22354,22352,1,-1
2024-06-13 15:41:16.350,22352,22353,22352,1,-1
2024-06-13 15:41:18.540,22351,22353,22351,1,-1
2024-06-13 15:41:19.315,22351,22352,22351,1,-1
2024-06-13 15:41:19.660,22351,22352,22351,1,-1
2024-06-13 15:41:21.435,22351,22352,22351,1,-1
2024-06-13 15:41:22.206,22350,22351,22351,1,1
2024-06-13 15:41:22.216,22350,22351,22351,1,1
2024-06-13 15:41:25.302,22350,22352,22350,3,-3
2024-06-13 15:41:30.336,22350,22351,22350,1,-1
2024-06-13 15:41:35.544,22350,22351,22351,4,4
2024-06-13 15:41:54.759,22352,22354,22354,1,1
2024-06-13 15:42:09.527,22353,22354,22354,2,2
2024-06-13 15:42:09.527,22353,22354,22354,2,2
2024-06-13 15:42:09.528,22353,22354,22354,1,1
2024-06-13 15:42:09.528,22353,22354,22354,1,1
2024-06-13 15:42:09.528,22353,22354,22354,2,2
2024-06-13 15:42:09.568,22354,22355,22355,1,1
2024-06-13 15:42:09.568,22354,22355,22356,1,1
2024-06-13 15:42:09.569,22354,22355,22356,1,1
2024-06-13 15:42:09.569,22354,22355,22356,1,1
2024-06-13 15:42:09.569,22354,22355,22356,1,1
2024-06-13 15:42:09.570,22354,22355,22356,1,1
2024-06-13 15:42:09.571,22354,22355,22357,1,1
2024-06-13 15:42:13.323,22354,22356,22356,1,1
2024-06-13 15:42:13.442,22354,22356,22356,1,1
2024-06-13 15:42:14.698,22354,22356,22356,2,2
2024-06-13 15:42:17.379,22354,22355,22354,4,-4
2024-06-13 15:42:21.175,22352,22354,22354,1,1
2024-06-13 15:42:21.191,22353,22355,22355,1,1
2024-06-13 15:42:21.192,22353,22355,22355,1,1
2024-06-13 15:42:21.192,22353,22355,22356,1,1
2024-06-13 15:42:32.294,22355,22357,22356,1,1
2024-06-13 15:42:39.509,22356,22357,22357,2,2
2024-06-13 15:42:41.494,22355,22357,22357,3,3
2024-06-13 15:42:41.494,22355,22357,22358,1,1
2024-06-13 15:42:41.495,22355,22357,22359,3,3
2024-06-13 15:42:41.495,22355,22357,22359,5,5
2024-06-13 15:42:41.567,22358,22360,22360,1,1
2024-06-13 15:42:42.159,22358,22360,22360,1,1
2024-06-13 15:42:43.570,22359,22360,22360,1,1
2024-06-13 15:42:43.570,22359,22360,22360,2,2
2024-06-13 15:42:45.230,22360,22361,22361,1,1
2024-06-13 15:42:46.271,22360,22361,22360,1,-1
2024-06-13 15:42:47.228,22360,22361,22360,1,-1
2024-06-13 15:42:54.684,22359,22360,22359,7,-7
2024-06-13 15:42:54.684,22359,22360,22358,3,-3
2024-06-13 15:42:54.706,22358,22360,22360,1,1
2024-06-13 15:42:55.769,22358,22360,22360,1,1
2024-06-13 15:43:06.437,22359,22360,22360,1,1
2024-06-13 15:43:06.438,22359,22360,22360,2,2
2024-06-13 15:43:09.899,22360,22361,22360,1,-1
2024-06-13 15:43:10.228,22360,22361,22360,1,-1
2024-06-13 15:43:15.423,22359,22360,22360,2,2
2024-06-13 15:43:23.534,22359,22360,22360,3,3
2024-06-13 15:43:25.596,22360,22361,22360,1,-1
2024-06-13 15:43:31.260,22359,22361,22361,1,1
2024-06-13 15:43:31.260,22359,22361,22361,1,1
2024-06-13 15:43:31.260,22359,22361,22361,1,1
2024-06-13 15:43:31.260,22359,22361,22361,1,1
2024-06-13 15:43:31.260,22359,22361,22361,1,1
2024-06-13 15:43:31.260,22359,22361,22361,1,1
2024-06-13 15:43:31.261,22359,22361,22361,6,6
2024-06-13 15:43:41.333,22361,22362,22361,1,-1
2024-06-13 15:43:44.191,22361,22362,22362,1,1
2024-06-13 15:43:44.843,22361,22362,22362,1,1
2024-06-13 15:43:44.843,22361,22362,22362,1,1
2024-06-13 15:43:50.014,22362,22363,22363,1,1
2024-06-13 15:43:50.089,22363,22364,22364,2,2
2024-06-13 15:43:50.896,22364,22365,22364,1,-1
2024-06-13 15:43:50.896,22364,22365,22363,2,-2
2024-06-13 15:43:56.224,22364,22365,22365,1,1
2024-06-13 15:43:59.697,22364,22365,22365,2,2
2024-06-13 15:44:00.872,22364,22365,22365,1,1
2024-06-13 15:44:00.993,22364,22365,22365,2,2
2024-06-13 15:44:02.613,22364,22365,22365,1,1
2024-06-13 15:44:03.752,22365,22366,22365,1,-1
2024-06-13 15:44:03.840,22365,22366,22365,1,-1
2024-06-13 15:44:06.541,22365,22366,22366,1,1
2024-06-13 15:44:09.666,22365,22366,22366,1,1
2024-06-13 15:44:09.741,22365,22366,22365,1,-1
2024-06-13 15:44:09.924,22365,22366,22366,3,3
2024-06-13 15:44:09.995,22365,22366,22365,2,-2
2024-06-13 15:44:09.995,22365,22366,22366,1,1
2024-06-13 15:44:11.004,22365,22366,22366,1,1
2024-06-13 15:44:13.221,22365,22366,22366,1,1
2024-06-13 15:44:13.871,22365,22366,22365,1,-1
2024-06-13 15:44:18.937,22365,22366,22365,3,-3
2024-06-13 15:44:18.937,22365,22366,22365,2,-2
2024-06-13 15:44:19.239,22363,22365,22363,3,-3
2024-06-13 15:44:21.443,22363,22364,22363,1,-1
2024-06-13 15:44:21.443,22363,22364,22363,3,-3
2024-06-13 15:44:21.443,22363,22364,22363,1,-1
2024-06-13 15:44:21.443,22363,22364,22363,2,-2
2024-06-13 15:44:21.443,22363,22364,22363,3,-3
2024-06-13 15:44:22.735,22362,22364,22364,1,1
2024-06-13 15:44:24.446,22362,22363,22362,1,-1
2024-06-13 15:44:25.135,22362,22363,22363,1,1
2024-06-13 15:44:26.333,22362,22364,22363,1,1
2024-06-13 15:44:29.171,22362,22364,22364,4,4
2024-06-13 15:44:29.172,22362,22364,22364,2,2
2024-06-13 15:44:29.174,22362,22364,22364,1,1
2024-06-13 15:44:42.266,22362,22364,22362,1,-1
2024-06-13 15:44:43.652,22362,22364,22364,1,1
2024-06-13 15:44:43.710,22363,22364,22363,1,-1
2024-06-13 15:44:53.223,22363,22364,22364,2,2
2024-06-13 15:45:04.340,22363,22364,22364,1,1
2024-06-13 15:45:04.837,22364,22365,22365,2,2
2024-06-13 15:45:09.928,22364,22365,22365,1,1
2024-06-13 15:45:09.941,22364,22365,22365,1,1
2024-06-13 15:45:10.355,22364,22365,22365,1,1
2024-06-13 15:45:10.448,22364,22365,22365,1,1
2024-06-13 15:45:10.596,22364,22366,22364,1,-1
2024-06-13 15:45:10.598,22364,22366,22364,1,-1
2024-06-13 15:45:11.371,22363,22366,22366,5,5
2024-06-13 15:45:11.373,22363,22366,22364,2,-2
2024-06-13 15:45:22.821,22363,22364,22362,4,-4
2024-06-13 15:45:22.821,22363,22364,22363,6,-6
2024-06-13 15:45:23.457,22361,22363,22363,1,1
2024-06-13 15:45:23.567,22361,22364,22364,1,1
2024-06-13 15:45:29.376,22362,22364,22364,1,1
2024-06-13 15:45:35.534,22363,22364,22363,1,-1
2024-06-13 15:45:40.221,22363,22364,22364,4,4
2024-06-13 15:45:40.316,22363,22364,22364,1,1
2024-06-13 15:45:40.316,22363,22364,22364,1,1
2024-06-13 15:45:40.317,22363,22364,22364,1,1
2024-06-13 15:45:40.317,22363,22364,22364,3,3
2024-06-13 15:45:41.826,22364,22365,22364,2,-2
2024-06-13 15:45:58.500,22364,22365,22365,3,3
2024-06-13 15:45:58.500,22364,22365,22365,5,5
2024-06-13 15:45:59.949,22365,22366,22365,5,-5
2024-06-13 15:46:00.220,22364,22366,22366,2,2
2024-06-13 15:46:15.897,22366,22367,22367,1,1
2024-06-13 15:46:18.242,22366,22367,22367,2,2
2024-06-13 15:46:20.237,22367,22368,22368,4,4
2024-06-13 15:46:21.732,22367,22369,22370,2,2
2024-06-13 15:46:21.732,22367,22369,22369,1,1
2024-06-13 15:46:23.348,22367,22370,22370,15,15
2024-06-13 15:46:23.348,22367,22370,22371,5,5
2024-06-13 15:46:29.743,22369,22370,22370,1,1
2024-06-13 15:46:31.205,22369,22370,22370,1,1
2024-06-13 15:46:31.205,22369,22370,22371,2,2
2024-06-13 15:46:31.626,22369,22371,22371,1,1
2024-06-13 15:46:31.626,22369,22371,22372,2,2
2024-06-13 15:46:31.711,22369,22372,22372,1,1
2024-06-13 15:46:33.544,22369,22372,22369,1,-1
2024-06-13 15:46:37.446,22369,22370,22370,1,1
2024-06-13 15:46:38.377,22369,22370,22369,2,-2
2024-06-13 15:46:38.742,22368,22370,22369,2,-2
2024-06-13 15:46:39.389,22368,22369,22369,1,1
2024-06-13 15:46:40.212,22368,22369,22369,2,2
2024-06-13 15:46:40.270,22368,22369,22368,1,-1
2024-06-13 15:46:40.270,22368,22369,22368,1,-1
2024-06-13 15:46:40.541,22367,22369,22366,3,-3
2024-06-13 15:46:40.541,22367,22369,22367,3,-3
2024-06-13 15:46:40.662,22366,22368,22366,3,-3
2024-06-13 15:46:40.662,22366,22368,22365,3,-3
2024-06-13 15:46:40.772,22366,22368,22366,4,-4
2024-06-13 15:46:44.431,22366,22369,22369,2,2
2024-06-13 15:46:46.571,22366,22369,22369,1,1
2024-06-13 15:46:48.698,22366,22369,22369,1,1
2024-06-13 15:46:50.438,22367,22369,22369,2,2
2024-06-13 15:46:50.438,22367,22369,22370,3,3
2024-06-13 15:46:53.106,22368,22371,22371,3,3
2024-06-13 15:46:54.673,22368,22371,22370,1,1
2024-06-13 15:47:09.747,22367,22370,22369,1,1
2024-06-13 15:47:15.616,22367,22369,22367,1,-1
2024-06-13 15:47:30.781,22368,22370,22368,1,-1
2024-06-13 15:47:41.396,22367,22369,22369,3,3
2024-06-13 15:47:44.121,22368,22370,22369,1,1
2024-06-13 15:47:45.465,22368,22370,22370,1,1
2024-06-13 15:47:50.089,22368,22369,22370,12,12
2024-06-13 15:47:50.089,22368,22369,22369,1,1
2024-06-13 15:47:50.090,22368,22369,22371,3,3
2024-06-13 15:47:50.090,22368,22369,22371,5,5
2024-06-13 15:47:51.683,22371,22372,22372,5,5
2024-06-13 15:47:51.683,22371,22372,22372,3,3
2024-06-13 15:47:54.827,22372,22373,22372,3,-3
2024-06-13 15:47:55.040,22372,22373,22373,1,1
2024-06-13 15:48:00.230,22372,22373,22373,2,2
2024-06-13 15:48:00.277,22372,22373,22372,1,-1
2024-06-13 15:48:00.449,22373,22374,22374,1,1
2024-06-13 15:48:03.155,22373,22374,22374,1,1
2024-06-13 15:48:03.291,22373,22374,22374,4,4
2024-06-13 15:48:06.999,22373,22374,22374,1,1
2024-06-13 15:48:12.469,22374,22375,22375,12,12
2024-06-13 15:48:12.470,22374,22375,22376,7,7
2024-06-13 15:48:12.470,22374,22375,22376,1,1
2024-06-13 15:48:12.470,22374,22375,22376,1,1
2024-06-13 15:48:12.471,22374,22375,22377,1,1
2024-06-13 15:48:12.471,22374,22375,22377,1,1
2024-06-13 15:48:12.471,22374,22375,22377,2,2
2024-06-13 15:48:12.670,22376,22378,22377,1,1
2024-06-13 15:48:12.670,22376,22378,22377,1,1
2024-06-13 15:48:12.670,22376,22378,22377,1,1
2024-06-13 15:48:12.691,22376,22378,22376,1,-1
2024-06-13 15:48:12.751,22376,22378,22377,4,-4
2024-06-13 15:48:12.751,22376,22378,22378,1,1
2024-06-13 15:48:12.787,22376,22378,22376,1,-1
2024-06-13 15:48:14.977,22376,22377,22377,4,4
2024-06-13 15:48:14.977,22376,22377,22378,2,2
2024-06-13 15:48:16.986,22376,22378,22378,15,15
2024-06-13 15:48:16.986,22376,22378,22379,5,5
2024-06-13 15:48:17.228,22377,22379,22379,2,2
2024-06-13 15:48:17.548,22377,22379,22379,3,3
2024-06-13 15:48:17.548,22377,22379,22380,7,7
2024-06-13 15:48:17.549,22377,22379,22378,1,1
2024-06-13 15:48:17.587,22378,22380,22380,1,1
2024-06-13 15:48:17.777,22378,22380,22378,1,-1
2024-06-13 15:48:20.595,22378,22380,22378,1,-1
2024-06-13 15:48:20.791,22378,22380,22380,5,5
2024-06-13 15:48:21.054,22378,22380,22380,3,3
2024-06-13 15:48:21.054,22378,22380,22381,3,3
2024-06-13 15:48:21.133,22378,22381,22381,1,1
2024-06-13 15:48:21.164,22378,22381,22381,1,1
2024-06-13 15:48:21.167,22378,22381,22381,1,1
2024-06-13 15:48:21.189,22378,22381,22381,1,1
2024-06-13 15:48:21.209,22378,22381,22381,1,1
2024-06-13 15:48:21.221,22378,22381,22381,1,1
2024-06-13 15:48:21.236,22378,22381,22381,1,1
2024-06-13 15:48:21.248,22378,22381,22381,1,1
2024-06-13 15:48:21.270,22378,22381,22381,1,1
2024-06-13 15:48:21.309,22378,22381,22381,1,1
2024-06-13 15:48:21.522,22379,22381,22381,1,1
2024-06-13 15:48:21.645,22379,22381,22379,1,-1
2024-06-13 15:48:22.582,22379,22381,22381,1,1
2024-06-13 15:48:22.937,22379,22381,22379,1,-1
2024-06-13 15:48:23.793,22378,22380,22378,1,-1
2024-06-13 15:48:24.568,22379,22380,22379,1,-1
2024-06-13 15:48:25.910,22379,22380,22379,3,-3
2024-06-13 15:48:27.461,22378,22380,22378,3,-3
2024-06-13 15:48:28.338,22378,22379,22378,1,-1
2024-06-13 15:48:28.342,22378,22379,22378,1,-1
2024-06-13 15:48:38.828,22377,22378,22377,1,-1
2024-06-13 15:48:42.436,22375,22376,22376,2,2
2024-06-13 15:48:42.436,22375,22376,22376,1,1
2024-06-13 15:48:42.540,22375,22376,22376,1,1
2024-06-13 15:48:48.534,22374,22375,22375,1,1
2024-06-13 15:48:50.615,22374,22376,22376,3,3
2024-06-13 15:48:54.017,22374,22375,22375,2,2
2024-06-13 15:48:54.017,22374,22375,22377,4,4
2024-06-13 15:48:56.412,22375,22377,22376,1,1
2024-06-13 15:49:04.016,22375,22377,22375,1,-1
2024-06-13 15:49:07.387,22375,22376,22376,4,4
2024-06-13 15:49:07.860,22376,22377,22376,1,-1
2024-06-13 15:49:09.195,22376,22377,22376,1,-1
2024-06-13 15:49:09.195,22376,22377,22376,3,-3
2024-06-13 15:49:09.195,22376,22377,22376,2,-2
2024-06-13 15:49:09.195,22376,22377,22375,1,-1
2024-06-13 15:49:10.715,22375,22376,22376,1,1
2024-06-13 15:49:14.821,22375,22376,22375,3,-3
2024-06-13 15:49:18.012,22374,22376,22376,1,1
2024-06-13 15:49:20.018,22374,22376,22374,2,-2
2024-06-13 15:49:26.068,22374,22375,22374,1,-1
2024-06-13 15:49:27.448,22374,22375,22375,2,2
2024-06-13 15:49:27.455,22374,22375,22376,24,24
2024-06-13 15:49:31.534,22376,22377,22377,12,12
2024-06-13 15:49:31.535,22376,22377,22377,1,1
2024-06-13 15:49:34.666,22377,22378,22378,4,4
2024-06-13 15:49:35.300,22378,22379,22378,1,-1
2024-06-13 15:49:36.075,22378,22379,22379,1,1
2024-06-13 15:49:36.075,22378,22379,22379,1,1
2024-06-13 15:49:36.075,22378,22379,22379,1,1
2024-06-13 15:49:36.075,22378,22379,22379,1,1
2024-06-13 15:49:36.796,22379,22380,22380,1,1
2024-06-13 15:49:36.796,22379,22380,22380,3,3
2024-06-13 15:49:36.796,22379,22380,22380,1,1
2024-06-13 15:49:38.412,22380,22381,22380,1,-1
2024-06-13 15:49:38.542,22380,22381,22381,10,10
2024-06-13 15:49:38.543,22380,22381,22381,1,1
2024-06-13 15:49:38.543,22380,22381,22381,12,12
2024-06-13 15:49:38.543,22380,22381,22381,4,4
2024-06-13 15:49:38.745,22381,22382,22382,2,2
2024-06-13 15:49:38.825,22381,22382,22382,1,1
2024-06-13 15:49:38.843,22381,22382,22382,1,1
2024-06-13 15:49:38.915,22381,22382,22382,4,4
2024-06-13 15:49:38.981,22382,22383,22383,1,1
2024-06-13 15:49:39.081,22382,22383,22383,1,1
2024-06-13 15:49:39.148,22382,22383,22383,1,1
2024-06-13 15:49:40.220,22382,22383,22382,1,-1
2024-06-13 15:49:40.226,22382,22383,22383,5,5
2024-06-13 15:49:40.288,22382,22383,22382,1,-1
2024-06-13 15:49:41.157,22382,22384,22383,1,-1
2024-06-13 15:49:42.239,22382,22383,22382,1,-1
2024-06-13 15:49:42.325,22382,22383,22382,1,-1
2024-06-13 15:49:43.956,22382,22383,22383,1,1
2024-06-13 15:49:44.852,22382,22383,22382,1,-1
2024-06-13 15:49:45.183,22381,22383,22383,4,4
2024-06-13 15:49:45.183,22381,22383,22384,9,9
2024-06-13 15:49:45.183,22381,22383,22385,17,17
2024-06-13 15:49:45.230,22381,22383,22385,1,1
2024-06-13 15:49:45.235,22381,22383,22385,3,3
2024-06-13 15:49:45.236,22381,22383,22385,5,5
2024-06-13 15:49:45.340,22383,22386,22385,1,1
2024-06-13 15:49:45.341,22383,22386,22384,1,-1
2024-06-13 15:49:45.374,22383,22386,22385,1,1
2024-06-13 15:49:46.034,22383,22385,22383,1,-1
2024-06-13 15:49:46.078,22382,22384,22384,1,1
2024-06-13 15:49:46.147,22382,22384,22383,1,1
2024-06-13 15:49:46.329,22382,22385,22385,3,3
2024-06-13 15:49:46.330,22382,22385,22383,1,-1
2024-06-13 15:49:46.541,22382,22385,22385,6,6
2024-06-13 15:49:47.258,22382,22384,22383,1,1
2024-06-13 15:49:47.394,22382,22383,22383,1,1
2024-06-13 15:49:47.765,22382,22383,22383,1,1
2024-06-13 15:49:47.765,22382,22383,22384,5,5
2024-06-13 15:49:49.206,22383,22384,22383,2,-2
2024-06-13 15:49:49.317,22383,22384,22383,1,-1
2024-06-13 15:49:49.542,22382,22384,22384,3,3
2024-06-13 15:49:50.217,22383,22384,22384,2,2
2024-06-13 15:49:50.223,22383,22384,22384,1,1
2024-06-13 15:49:50.276,22383,22384,22383,1,-1
2024-06-13 15:49:50.956,22383,22384,22383,1,-1
2024-06-13 15:49:51.267,22382,22384,22384,1,1
2024-06-13 15:49:51.714,22382,22384,22384,3,3
2024-06-13 15:49:51.714,22382,22384,22385,13,13
2024-06-13 15:49:51.715,22382,22384,22385,1,1
2024-06-13 15:49:51.715,22382,22384,22385,23,23
2024-06-13 15:49:51.715,22382,22384,22385,1,1
2024-06-13 15:49:51.913,22383,22386,22383,1,-1
2024-06-13 15:49:52.630,22383,22385,22386,3,3
2024-06-13 15:49:52.630,22383,22385,22385,2,2
2024-06-13 15:49:52.631,22383,22385,22383,4,-4
2024-06-13 15:49:52.680,22383,22385,22383,2,-2
2024-06-13 15:49:52.782,22383,22385,22385,1,1
2024-06-13 15:49:52.790,22383,22385,22385,1,1
2024-06-13 15:49:52.803,22383,22385,22385,1,1
2024-06-13 15:49:55.358,22384,22386,22384,1,-1
2024-06-13 15:49:55.542,22384,22386,22385,2,-2
2024-06-13 15:49:55.542,22384,22386,22386,12,12
2024-06-13 15:49:55.544,22384,22386,22384,1,-1
2024-06-13 15:49:58.726,22383,22385,22385,4,4
2024-06-13 15:49:58.726,22383,22385,22386,9,9
2024-06-13 15:50:00.213,22386,22387,22386,1,-1
2024-06-13 15:50:00.318,22386,22387,22387,1,1
2024-06-13 15:50:00.376,22386,22387,22386,1,-1
2024-06-13 15:50:00.513,22386,22387,22387,1,1
2024-06-13 15:50:00.535,22386,22387,22387,2,2
2024-06-13 15:50:00.535,22386,22387,22387,2,2
2024-06-13 15:50:00.666,22386,22387,22386,1,-1
2024-06-13 15:50:00.831,22386,22387,22387,2,2
2024-06-13 15:50:00.831,22386,22387,22387,4,4
