2024-12-31 15:00:00.007,23025,23030,23023,37,-37
2024-12-31 15:00:00.319,23023,23030,23023,3,-3
2024-12-31 15:00:00.400,23023,23030,23023,1,-1
2024-12-31 15:00:00.428,23023,23030,23023,2,-2
2024-12-31 15:00:00.428,23023,23030,23022,1,-1
2024-12-31 15:00:00.435,23023,23030,23022,1,-1
2024-12-31 15:00:00.450,23023,23030,23022,3,-3
2024-12-31 15:00:00.450,23023,23030,23021,1,-1
2024-12-31 15:00:00.474,23023,23030,23022,1,-1
2024-12-31 15:00:00.474,23023,23030,23021,1,-1
2024-12-31 15:00:00.480,23023,23030,23021,3,-3
2024-12-31 15:00:00.536,23021,23025,23021,3,-3
2024-12-31 15:00:00.536,23021,23025,23020,5,-5
2024-12-31 15:00:00.537,23021,23025,23020,2,-2
2024-12-31 15:00:00.537,23021,23025,23020,7,-7
2024-12-31 15:00:00.542,23021,23025,23017,1,-1
2024-12-31 15:00:00.542,23021,23025,23018,1,-1
2024-12-31 15:00:00.547,23021,23025,23016,2,-2
2024-12-31 15:00:00.547,23021,23025,23015,2,-2
2024-12-31 15:00:00.609,23021,23025,23015,1,-1
2024-12-31 15:00:00.609,23021,23025,23014,2,-2
2024-12-31 15:00:00.631,23021,23025,23017,1,-1
2024-12-31 15:00:00.642,23021,23025,23019,1,-1
2024-12-31 15:00:00.687,23019,23025,23025,1,1
2024-12-31 15:00:00.725,23019,23025,23021,1,-1
2024-12-31 15:00:00.737,23019,23025,23024,1,1
2024-12-31 15:00:00.774,23022,23025,23025,1,1
2024-12-31 15:00:00.774,23022,23025,23026,1,1
2024-12-31 15:00:00.808,23022,23025,23022,1,-1
2024-12-31 15:00:00.808,23022,23025,23021,4,-4
2024-12-31 15:00:00.947,23022,23025,23026,1,1
2024-12-31 15:00:01.133,23026,23027,23027,1,1
2024-12-31 15:00:01.235,23026,23028,23028,1,1
2024-12-31 15:00:01.399,23027,23030,23027,1,-1
2024-12-31 15:00:01.649,23028,23030,23030,2,2
2024-12-31 15:00:01.664,23028,23030,23030,2,2
2024-12-31 15:00:01.847,23028,23031,23028,1,-1
2024-12-31 15:00:02.308,23022,23030,23030,1,1
2024-12-31 15:00:03.541,23022,23029,23022,1,-1
2024-12-31 15:00:03.541,23022,23029,23021,1,-1
2024-12-31 15:00:03.959,23020,23029,23029,3,3
2024-12-31 15:00:04.731,23022,23028,23028,1,1
2024-12-31 15:00:05.224,23024,23028,23027,1,1
2024-12-31 15:00:05.224,23024,23028,23028,1,1
2024-12-31 15:00:05.343,23024,23029,23025,1,-1
2024-12-31 15:00:06.036,23024,23029,23029,2,2
2024-12-31 15:00:06.225,23029,23030,23029,1,-1
2024-12-31 15:00:06.226,23029,23030,23029,1,-1
2024-12-31 15:00:07.265,23027,23028,23028,1,1
2024-12-31 15:00:07.532,23027,23030,23030,1,1
2024-12-31 15:00:10.900,23027,23029,23029,2,2
2024-12-31 15:00:10.900,23027,23029,23030,1,1
2024-12-31 15:00:10.900,23027,23029,23031,2,2
2024-12-31 15:00:10.900,23027,23029,23033,1,1
2024-12-31 15:00:10.900,23027,23029,23034,3,3
2024-12-31 15:00:11.669,23031,23032,23031,1,-1
2024-12-31 15:00:13.528,23030,23032,23030,1,-1
2024-12-31 15:00:13.707,23030,23031,23031,1,1
2024-12-31 15:00:15.810,23030,23032,23030,1,-1
2024-12-31 15:00:15.893,23030,23032,23031,1,-1
2024-12-31 15:00:15.893,23030,23032,23030,1,-1
2024-12-31 15:00:16.814,23030,23031,23031,2,2
2024-12-31 15:00:17.407,23030,23032,23030,1,-1
2024-12-31 15:00:19.550,23030,23031,23030,2,-2
2024-12-31 15:00:21.680,23027,23029,23027,2,-2
2024-12-31 15:00:21.691,23027,23029,23026,1,-1
2024-12-31 15:00:21.808,23025,23028,23028,2,2
2024-12-31 15:00:25.577,23025,23026,23026,1,1
2024-12-31 15:00:26.237,23025,23026,23025,1,-1
2024-12-31 15:00:26.237,23025,23026,23024,2,-2
2024-12-31 15:00:27.817,23023,23025,23023,1,-1
2024-12-31 15:00:27.817,23023,23025,23022,2,-2
2024-12-31 15:00:28.091,23022,23025,23021,2,-2
2024-12-31 15:00:28.091,23022,23025,23020,5,-5
2024-12-31 15:00:28.092,23022,23025,23020,1,-1
2024-12-31 15:00:28.092,23022,23025,23020,3,-3
2024-12-31 15:00:28.092,23022,23025,23020,1,-1
2024-12-31 15:00:28.092,23022,23025,23019,5,-5
2024-12-31 15:00:28.113,23022,23025,23019,1,-1
2024-12-31 15:00:28.531,23015,23019,23019,1,1
2024-12-31 15:00:28.675,23017,23019,23019,9,9
2024-12-31 15:00:30.211,23019,23021,23021,1,1
2024-12-31 15:00:30.561,23020,23023,23023,1,1
2024-12-31 15:00:32.148,23019,23023,23023,1,1
2024-12-31 15:00:35.423,23020,23021,23020,2,-2
2024-12-31 15:00:35.975,23019,23021,23019,1,-1
2024-12-31 15:00:35.975,23019,23021,23018,2,-2
2024-12-31 15:00:36.682,23020,23021,23020,1,-1
2024-12-31 15:00:36.863,23018,23021,23018,1,-1
2024-12-31 15:00:37.210,23017,23020,23020,1,1
2024-12-31 15:00:37.250,23017,23020,23017,1,-1
2024-12-31 15:00:37.571,23017,23020,23017,1,-1
2024-12-31 15:00:37.883,23017,23020,23017,1,-1
2024-12-31 15:00:37.998,23016,23019,23016,1,-1
2024-12-31 15:00:38.334,23016,23019,23016,1,-1
2024-12-31 15:00:38.680,23016,23019,23016,1,-1
2024-12-31 15:00:39.103,23016,23019,23016,1,-1
2024-12-31 15:00:39.247,23016,23018,23015,1,-1
2024-12-31 15:00:41.007,23018,23020,23018,1,-1
2024-12-31 15:00:41.207,23017,23019,23017,2,-2
2024-12-31 15:00:41.207,23017,23019,23015,1,-1
2024-12-31 15:00:41.615,23016,23019,23016,1,-1
2024-12-31 15:00:41.808,23016,23018,23019,1,1
2024-12-31 15:00:43.997,23018,23020,23020,1,1
2024-12-31 15:00:45.027,23019,23021,23019,1,-1
2024-12-31 15:00:45.544,23018,23021,23021,3,3
2024-12-31 15:00:45.544,23018,23021,23022,1,1
2024-12-31 15:00:46.787,23019,23022,23019,2,-2
2024-12-31 15:00:46.787,23019,23022,23018,1,-1
2024-12-31 15:00:47.235,23018,23022,23022,2,2
2024-12-31 15:00:48.024,23019,23021,23019,1,-1
2024-12-31 15:00:51.810,23019,23022,23019,2,-2
2024-12-31 15:00:52.525,23019,23022,23019,2,-2
2024-12-31 15:00:53.077,23020,23022,23020,2,-2
2024-12-31 15:00:54.022,23020,23022,23020,2,-2
2024-12-31 15:00:54.894,23020,23022,23020,2,-2
2024-12-31 15:00:55.589,23019,23022,23019,2,-2
2024-12-31 15:00:56.415,23019,23021,23019,2,-2
2024-12-31 15:00:57.164,23019,23021,23019,1,-1
2024-12-31 15:00:57.164,23019,23021,23018,2,-2
2024-12-31 15:00:59.197,23018,23019,23018,1,-1
2024-12-31 15:00:59.547,23017,23018,23017,2,-2
2024-12-31 15:00:59.591,23017,23018,23017,1,-1
2024-12-31 15:00:59.591,23017,23018,23016,4,-4
2024-12-31 15:00:59.601,23017,23018,23015,1,-1
2024-12-31 15:01:00.222,23015,23017,23015,3,-3
2024-12-31 15:01:00.284,23013,23014,23014,1,1
2024-12-31 15:01:00.295,23013,23014,23013,1,-1
2024-12-31 15:01:00.295,23013,23014,23013,1,-1
2024-12-31 15:01:00.295,23013,23014,23013,1,-1
2024-12-31 15:01:00.296,23013,23014,23013,1,-1
2024-12-31 15:01:00.305,23013,23014,23013,1,-1
2024-12-31 15:01:00.305,23013,23014,23013,1,-1
2024-12-31 15:01:00.697,23012,23015,23015,1,1
2024-12-31 15:01:00.933,23012,23015,23012,1,-1
2024-12-31 15:01:01.060,23012,23015,23012,1,-1
2024-12-31 15:01:01.147,23011,23014,23011,1,-1
2024-12-31 15:01:01.176,23011,23014,23013,1,1
2024-12-31 15:01:01.176,23011,23014,23014,2,2
2024-12-31 15:01:01.301,23013,23017,23013,4,-4
2024-12-31 15:01:01.301,23013,23017,23012,4,-4
2024-12-31 15:01:01.874,23013,23016,23013,1,-1
2024-12-31 15:01:01.874,23013,23016,23012,3,-3
2024-12-31 15:01:01.954,23011,23015,23015,1,1
2024-12-31 15:01:01.977,23011,23015,23012,2,-2
2024-12-31 15:01:02.024,23011,23014,23013,1,1
2024-12-31 15:01:02.430,23010,23013,23013,1,1
2024-12-31 15:01:02.498,23010,23013,23010,5,-5
2024-12-31 15:01:02.942,23009,23012,23009,1,-1
2024-12-31 15:01:02.993,23009,23012,23011,1,1
2024-12-31 15:01:03.347,23009,23012,23012,1,1
2024-12-31 15:01:03.347,23009,23012,23012,2,2
2024-12-31 15:01:03.567,23011,23014,23014,1,1
2024-12-31 15:01:03.700,23012,23016,23012,3,-3
2024-12-31 15:01:04.412,23013,23016,23013,1,-1
2024-12-31 15:01:04.552,23012,23016,23016,1,1
2024-12-31 15:01:05.185,23014,23017,23014,1,-1
2024-12-31 15:01:05.185,23014,23017,23013,2,-2
2024-12-31 15:01:06.141,23011,23014,23012,7,-7
2024-12-31 15:01:07.006,23011,23014,23014,1,1
2024-12-31 15:01:07.022,23011,23014,23011,1,-1
2024-12-31 15:01:07.022,23011,23014,23011,1,-1
2024-12-31 15:01:07.028,23011,23014,23011,1,-1
2024-12-31 15:01:08.379,23010,23013,23010,4,-4
2024-12-31 15:01:08.380,23010,23013,23010,4,-4
2024-12-31 15:01:09.281,23011,23013,23011,1,-1
2024-12-31 15:01:12.059,23010,23013,23013,1,1
2024-12-31 15:01:12.745,23010,23012,23010,1,-1
2024-12-31 15:01:13.122,23009,23012,23012,1,1
2024-12-31 15:01:14.515,23011,23014,23011,3,-3
2024-12-31 15:01:14.521,23011,23013,23011,1,-1
2024-12-31 15:01:14.521,23011,23013,23010,4,-4
2024-12-31 15:01:15.076,23010,23013,23010,2,-2
2024-12-31 15:01:17.498,23011,23013,23011,1,-1
2024-12-31 15:01:19.144,23010,23013,23013,1,1
2024-12-31 15:01:19.272,23010,23013,23010,1,-1
2024-12-31 15:01:19.710,23010,23013,23013,1,1
2024-12-31 15:01:19.753,23010,23013,23010,1,-1
2024-12-31 15:01:22.542,23010,23013,23011,1,-1
2024-12-31 15:01:23.559,23011,23013,23014,5,5
2024-12-31 15:01:23.560,23011,23013,23015,1,1
2024-12-31 15:01:24.086,23014,23016,23013,1,-1
2024-12-31 15:01:24.086,23014,23016,23014,1,-1
2024-12-31 15:01:31.352,23013,23016,23016,1,1
2024-12-31 15:01:32.360,23015,23016,23016,2,2
2024-12-31 15:01:32.360,23015,23016,23016,1,1
2024-12-31 15:01:32.360,23015,23016,23016,1,1
2024-12-31 15:01:32.399,23015,23018,23015,1,-1
2024-12-31 15:01:36.562,23014,23017,23017,3,3
2024-12-31 15:01:36.562,23014,23017,23018,1,1
2024-12-31 15:01:40.076,23015,23018,23015,1,-1
2024-12-31 15:01:40.146,23015,23018,23015,1,-1
2024-12-31 15:01:53.080,23015,23016,23015,4,-4
2024-12-31 15:01:53.934,23014,23015,23014,1,-1
2024-12-31 15:01:55.689,23011,23014,23011,3,-3
2024-12-31 15:01:55.772,23011,23013,23011,1,-1
2024-12-31 15:01:57.227,23011,23013,23011,1,-1
2024-12-31 15:02:00.304,23011,23013,23011,1,-1
2024-12-31 15:02:00.643,23011,23014,23011,1,-1
2024-12-31 15:02:00.675,23011,23014,23011,1,-1
2024-12-31 15:02:01.432,23011,23013,23011,1,-1
2024-12-31 15:02:01.522,23011,23013,23011,1,-1
2024-12-31 15:02:01.524,23011,23013,23010,27,-27
2024-12-31 15:02:01.525,23011,23013,23009,3,-3
2024-12-31 15:02:01.526,23011,23013,23008,7,-7
2024-12-31 15:02:01.528,23011,23013,23007,3,-3
2024-12-31 15:02:01.529,23011,23013,23008,1,-1
2024-12-31 15:02:01.529,23011,23013,23007,1,-1
2024-12-31 15:02:01.530,23011,23013,23007,1,-1
2024-12-31 15:02:01.530,23011,23013,23007,1,-1
2024-12-31 15:02:01.676,23006,23008,23008,1,1
2024-12-31 15:02:01.676,23006,23008,23009,2,2
2024-12-31 15:02:01.677,23006,23008,23010,3,3
2024-12-31 15:02:06.571,23011,23014,23011,1,-1
2024-12-31 15:02:06.805,23010,23011,23011,1,1
2024-12-31 15:02:10.650,23011,23012,23012,1,1
2024-12-31 15:02:11.080,23011,23014,23011,1,-1
2024-12-31 15:02:17.394,23013,23015,23013,1,-1
2024-12-31 15:02:17.394,23013,23015,23012,4,-4
2024-12-31 15:02:17.394,23013,23015,23011,2,-2
2024-12-31 15:02:22.235,23011,23013,23011,5,-5
2024-12-31 15:02:22.272,23010,23011,23010,1,-1
2024-12-31 15:02:24.244,23010,23012,23010,1,-1
2024-12-31 15:02:25.245,23010,23012,23010,1,-1
2024-12-31 15:02:26.549,23010,23012,23010,2,-2
2024-12-31 15:02:27.644,23009,23011,23011,2,2
2024-12-31 15:02:27.772,23009,23012,23009,1,-1
2024-12-31 15:02:30.831,23008,23010,23010,1,1
2024-12-31 15:02:35.677,23009,23012,23009,2,-2
2024-12-31 15:02:38.359,23009,23012,23011,1,1
2024-12-31 15:02:38.397,23011,23013,23011,1,-1
2024-12-31 15:02:42.617,23010,23011,23011,3,3
2024-12-31 15:02:45.388,23011,23014,23011,1,-1
2024-12-31 15:02:48.627,23011,23015,23015,1,1
2024-12-31 15:02:50.124,23012,23015,23015,1,1
2024-12-31 15:02:51.624,23012,23015,23015,1,1
2024-12-31 15:02:54.181,23016,23017,23017,2,2
2024-12-31 15:02:54.181,23016,23017,23017,1,1
2024-12-31 15:02:58.346,23016,23018,23018,1,1
2024-12-31 15:03:00.762,23016,23018,23018,1,1
2024-12-31 15:03:00.763,23016,23018,23018,1,1
2024-12-31 15:03:04.400,23016,23018,23018,1,1
2024-12-31 15:03:04.401,23016,23018,23018,1,1
2024-12-31 15:03:05.157,23017,23019,23019,1,1
2024-12-31 15:03:06.436,23018,23019,23018,1,-1
2024-12-31 15:03:07.129,23018,23019,23019,1,1
2024-12-31 15:03:07.586,23018,23020,23018,2,-2
2024-12-31 15:03:09.130,23018,23020,23019,1,-1
2024-12-31 15:03:10.398,23018,23020,23018,4,-4
2024-12-31 15:03:10.433,23018,23020,23019,1,-1
2024-12-31 15:03:11.590,23018,23020,23020,1,1
2024-12-31 15:03:12.230,23019,23020,23020,1,1
2024-12-31 15:03:14.000,23019,23020,23020,1,1
2024-12-31 15:03:14.731,23019,23021,23021,1,1
2024-12-31 15:03:14.731,23019,23021,23021,5,5
2024-12-31 15:03:17.596,23020,23022,23020,1,-1
2024-12-31 15:03:17.597,23020,23022,23019,1,-1
2024-12-31 15:03:18.448,23018,23020,23020,3,3
2024-12-31 15:03:18.448,23018,23020,23021,2,2
2024-12-31 15:03:19.362,23019,23021,23019,1,-1
2024-12-31 15:03:20.673,23018,23020,23020,1,1
2024-12-31 15:03:20.678,23018,23020,23018,2,-2
2024-12-31 15:03:20.871,23016,23019,23019,1,1
2024-12-31 15:03:21.318,23016,23019,23019,1,1
2024-12-31 15:03:23.374,23016,23017,23016,1,-1
2024-12-31 15:03:24.684,23015,23017,23015,1,-1
2024-12-31 15:03:25.515,23015,23017,23015,1,-1
2024-12-31 15:03:32.291,23015,23016,23015,2,-2
2024-12-31 15:03:36.949,23012,23014,23014,1,1
2024-12-31 15:03:38.072,23012,23015,23015,2,2
2024-12-31 15:03:43.046,23015,23016,23016,2,2
2024-12-31 15:03:44.507,23015,23017,23017,1,1
2024-12-31 15:03:47.595,23017,23019,23019,1,1
2024-12-31 15:03:47.770,23018,23021,23018,2,-2
2024-12-31 15:04:02.303,23019,23020,23019,1,-1
2024-12-31 15:04:02.303,23019,23020,23018,3,-3
2024-12-31 15:04:11.940,23018,23020,23018,2,-2
2024-12-31 15:04:14.682,23017,23020,23020,1,1
2024-12-31 15:04:22.069,23017,23019,23017,3,-3
2024-12-31 15:04:22.432,23017,23019,23019,1,1
2024-12-31 15:04:28.075,23018,23019,23017,12,-12
2024-12-31 15:04:28.075,23018,23019,23018,1,-1
2024-12-31 15:04:28.075,23018,23019,23018,1,-1
2024-12-31 15:04:38.142,23016,23017,23016,2,-2
2024-12-31 15:04:38.661,23015,23017,23017,1,1
2024-12-31 15:04:39.158,23015,23017,23015,1,-1
2024-12-31 15:04:39.159,23015,23017,23015,2,-2
2024-12-31 15:04:54.697,23015,23018,23015,1,-1
2024-12-31 15:05:11.971,23014,23015,23014,2,-2
2024-12-31 15:05:12.250,23013,23015,23013,1,-1
2024-12-31 15:05:12.271,23013,23015,23013,1,-1
2024-12-31 15:05:12.272,23013,23015,23012,1,-1
2024-12-31 15:05:12.436,23011,23013,23013,1,1
2024-12-31 15:05:12.436,23011,23013,23013,1,1
2024-12-31 15:05:17.498,23011,23014,23011,5,-5
2024-12-31 15:05:17.583,23009,23012,23009,1,-1
2024-12-31 15:05:17.729,23009,23012,23012,1,1
2024-12-31 15:05:19.666,23009,23012,23012,1,1
2024-12-31 15:05:19.772,23010,23013,23010,1,-1
2024-12-31 15:05:19.773,23010,23013,23010,1,-1
2024-12-31 15:05:19.773,23010,23013,23010,1,-1
2024-12-31 15:05:27.227,23011,23014,23011,3,-3
2024-12-31 15:05:27.363,23010,23013,23011,1,-1
2024-12-31 15:05:39.925,23012,23015,23012,1,-1
2024-12-31 15:05:42.365,23012,23015,23012,1,-1
2024-12-31 15:05:42.397,23012,23015,23012,1,-1
2024-12-31 15:05:42.397,23012,23015,23012,1,-1
2024-12-31 15:05:42.397,23012,23015,23011,1,-1
2024-12-31 15:05:45.587,23011,23013,23011,1,-1
2024-12-31 15:05:46.069,23011,23013,23013,1,1
2024-12-31 15:05:46.627,23011,23013,23011,1,-1
2024-12-31 15:05:50.839,23010,23011,23011,3,3
2024-12-31 15:05:50.839,23010,23011,23012,1,1
2024-12-31 15:05:57.482,23010,23012,23011,1,1
2024-12-31 15:06:05.876,23011,23012,23012,1,1
2024-12-31 15:06:08.946,23011,23014,23011,1,-1
2024-12-31 15:06:15.084,23011,23013,23011,2,-2
2024-12-31 15:06:19.320,23010,23013,23010,8,-8
2024-12-31 15:06:20.894,23009,23012,23009,1,-1
2024-12-31 15:06:30.552,23010,23012,23010,1,-1
2024-12-31 15:06:30.552,23010,23012,23009,4,-4
2024-12-31 15:06:31.215,23009,23010,23010,1,1
2024-12-31 15:06:34.144,23009,23012,23009,4,-4
2024-12-31 15:06:36.980,23010,23012,23010,1,-1
2024-12-31 15:06:36.983,23010,23012,23009,1,-1
2024-12-31 15:06:45.685,23010,23012,23010,1,-1
2024-12-31 15:06:53.839,23009,23011,23009,2,-2
2024-12-31 15:06:53.840,23009,23011,23008,5,-5
2024-12-31 15:06:53.880,23009,23011,23009,1,-1
2024-12-31 15:06:54.850,23007,23009,23008,1,-1
2024-12-31 15:07:01.058,23008,23010,23008,3,-3
2024-12-31 15:07:01.774,23007,23010,23010,2,2
2024-12-31 15:07:02.223,23007,23010,23010,1,1
2024-12-31 15:07:07.052,23007,23010,23010,2,2
2024-12-31 15:07:10.868,23008,23012,23008,2,-2
2024-12-31 15:07:17.227,23007,23010,23008,1,-1
2024-12-31 15:07:17.359,23007,23010,23010,1,1
2024-12-31 15:07:20.526,23007,23010,23010,5,5
2024-12-31 15:07:22.747,23010,23013,23010,1,-1
2024-12-31 15:07:23.506,23010,23013,23010,2,-2
2024-12-31 15:07:23.905,23009,23012,23009,1,-1
2024-12-31 15:07:26.799,23009,23012,23009,1,-1
2024-12-31 15:07:30.186,23010,23013,23010,3,-3
2024-12-31 15:07:34.429,23010,23013,23010,2,-2
2024-12-31 15:07:36.932,23010,23013,23013,1,1
2024-12-31 15:07:46.883,23010,23013,23013,1,1
2024-12-31 15:07:51.652,23010,23013,23013,1,1
2024-12-31 15:07:52.031,23010,23013,23013,1,1
2024-12-31 15:07:55.066,23011,23014,23014,1,1
2024-12-31 15:08:01.357,23011,23015,23015,1,1
2024-12-31 15:08:10.660,23015,23017,23017,1,1
2024-12-31 15:08:11.422,23016,23019,23019,1,1
2024-12-31 15:08:17.478,23016,23019,23019,2,2
2024-12-31 15:08:29.811,23017,23019,23019,1,1
2024-12-31 15:08:34.586,23017,23020,23017,1,-1
2024-12-31 15:08:42.677,23016,23019,23016,1,-1
2024-12-31 15:08:51.560,23016,23019,23016,2,-2
2024-12-31 15:09:13.796,23017,23018,23018,2,2
2024-12-31 15:09:13.899,23017,23019,23017,1,-1
2024-12-31 15:09:13.952,23017,23019,23017,1,-1
2024-12-31 15:09:20.768,23018,23019,23019,1,1
2024-12-31 15:09:20.772,23018,23020,23018,1,-1
2024-12-31 15:09:23.768,23018,23020,23018,1,-1
2024-12-31 15:09:23.772,23017,23020,23017,1,-1
2024-12-31 15:09:23.775,23017,23020,23017,1,-1
2024-12-31 15:09:30.668,23016,23018,23016,1,-1
2024-12-31 15:09:32.552,23015,23016,23015,2,-2
2024-12-31 15:09:32.553,23015,23016,23014,3,-3
2024-12-31 15:09:32.648,23013,23015,23013,1,-1
2024-12-31 15:09:33.444,23012,23015,23012,5,-5
2024-12-31 15:09:37.063,23011,23014,23011,1,-1
2024-12-31 15:09:38.544,23011,23014,23011,1,-1
2024-12-31 15:09:44.757,23011,23013,23013,1,1
2024-12-31 15:09:45.849,23011,23014,23011,2,-2
2024-12-31 15:09:49.268,23011,23013,23013,2,2
2024-12-31 15:09:49.268,23011,23013,23014,3,3
2024-12-31 15:10:02.514,23011,23013,23013,2,2
2024-12-31 15:10:02.530,23011,23014,23011,1,-1
2024-12-31 15:10:06.088,23010,23012,23012,1,1
2024-12-31 15:10:06.147,23011,23012,23010,1,-1
2024-12-31 15:10:06.147,23011,23012,23011,1,-1
2024-12-31 15:10:06.147,23011,23012,23010,2,-2
2024-12-31 15:10:06.148,23011,23012,23010,8,-8
2024-12-31 15:10:08.334,23009,23011,23010,1,-1
2024-12-31 15:10:08.397,23009,23011,23009,1,-1
2024-12-31 15:10:08.397,23009,23011,23008,1,-1
2024-12-31 15:10:08.593,23008,23010,23010,1,1
2024-12-31 15:10:10.127,23009,23011,23009,1,-1
2024-12-31 15:10:12.199,23008,23010,23008,1,-1
2024-12-31 15:10:12.667,23008,23010,23008,2,-2
2024-12-31 15:10:12.667,23008,23010,23008,6,-6
2024-12-31 15:10:13.294,23007,23009,23009,1,1
2024-12-31 15:10:13.298,23007,23009,23009,1,1
2024-12-31 15:10:18.912,23008,23010,23010,5,5
2024-12-31 15:10:20.426,23010,23013,23010,2,-2
2024-12-31 15:10:20.521,23010,23012,23010,1,-1
2024-12-31 15:10:20.522,23010,23012,23010,1,-1
2024-12-31 15:10:20.523,23010,23012,23009,1,-1
2024-12-31 15:10:20.524,23010,23012,23009,1,-1
2024-12-31 15:10:20.526,23010,23012,23008,1,-1
2024-12-31 15:10:34.229,23008,23009,23008,1,-1
2024-12-31 15:10:34.309,23008,23009,23008,2,-2
2024-12-31 15:10:40.632,23007,23008,23007,1,-1
2024-12-31 15:10:40.647,23007,23008,23007,1,-1
2024-12-31 15:10:40.647,23007,23008,23007,1,-1
2024-12-31 15:10:40.648,23007,23008,23006,1,-1
2024-12-31 15:10:40.781,23006,23008,23006,1,-1
2024-12-31 15:10:40.782,23006,23008,23006,7,-7
2024-12-31 15:10:40.784,23006,23008,23005,2,-2
2024-12-31 15:10:40.785,23006,23008,23005,2,-2
2024-12-31 15:10:40.785,23006,23008,23005,1,-1
2024-12-31 15:10:40.785,23006,23008,23005,7,-7
2024-12-31 15:10:40.786,23006,23008,23005,3,-3
2024-12-31 15:10:40.849,23006,23008,23005,2,-2
2024-12-31 15:10:40.900,23005,23006,23005,5,-5
2024-12-31 15:10:40.931,23005,23006,23005,1,-1
2024-12-31 15:10:40.931,23005,23006,23003,10,-10
2024-12-31 15:10:41.023,23003,23004,23003,1,-1
2024-12-31 15:10:41.023,23003,23004,23002,2,-2
2024-12-31 15:10:41.023,23003,23004,23001,2,-2
2024-12-31 15:10:41.026,23003,23004,23003,1,-1
2024-12-31 15:10:41.027,23003,23004,23003,1,-1
2024-12-31 15:10:41.091,23003,23004,23002,1,-1
2024-12-31 15:10:41.113,23003,23004,23004,1,1
2024-12-31 15:10:41.147,23002,23005,23002,1,-1
2024-12-31 15:10:41.148,23002,23005,23002,1,-1
2024-12-31 15:10:41.182,23002,23005,23005,1,1
2024-12-31 15:10:41.344,23003,23005,23005,1,1
2024-12-31 15:10:41.656,23003,23005,23005,1,1
2024-12-31 15:10:42.568,23003,23006,23006,5,5
2024-12-31 15:10:44.597,23004,23007,23007,1,1
2024-12-31 15:10:48.905,23006,23007,23007,1,1
2024-12-31 15:10:53.236,23006,23007,23007,1,1
2024-12-31 15:10:57.673,23006,23007,23006,1,-1
2024-12-31 15:10:58.535,23005,23006,23005,1,-1
2024-12-31 15:10:58.536,23005,23006,23005,1,-1
2024-12-31 15:11:03.227,23004,23006,23004,1,-1
2024-12-31 15:11:05.925,23003,23005,23005,1,1
2024-12-31 15:11:08.330,23004,23006,23006,1,1
2024-12-31 15:11:08.361,23004,23006,23007,1,1
2024-12-31 15:11:08.447,23006,23008,23008,1,1
2024-12-31 15:11:12.324,23007,23009,23009,2,2
2024-12-31 15:11:12.324,23007,23009,23010,1,1
2024-12-31 15:11:13.314,23009,23012,23012,1,1
2024-12-31 15:11:16.507,23011,23013,23012,1,1
2024-12-31 15:11:16.934,23011,23013,23011,1,-1
2024-12-31 15:11:24.598,23010,23012,23011,1,-1
2024-12-31 15:11:24.731,23010,23012,23010,2,-2
2024-12-31 15:11:27.014,23008,23010,23008,1,-1
2024-12-31 15:11:41.049,23006,23008,23008,2,2
2024-12-31 15:11:43.682,23006,23008,23008,4,4
2024-12-31 15:11:44.192,23008,23009,23009,1,1
2024-12-31 15:11:44.192,23008,23009,23009,3,3
2024-12-31 15:11:46.226,23008,23010,23008,2,-2
2024-12-31 15:11:53.073,23007,23010,23010,1,1
2024-12-31 15:11:53.274,23008,23011,23011,2,2
2024-12-31 15:11:54.073,23008,23011,23011,1,1
2024-12-31 15:11:54.361,23009,23012,23010,1,-1
2024-12-31 15:12:02.635,23006,23008,23008,1,1
2024-12-31 15:12:04.505,23006,23008,23008,1,1
2024-12-31 15:12:07.265,23006,23008,23008,3,3
2024-12-31 15:12:12.053,23008,23010,23010,6,6
2024-12-31 15:12:12.053,23008,23010,23010,1,1
2024-12-31 15:12:12.053,23008,23010,23010,3,3
2024-12-31 15:12:12.053,23008,23010,23010,1,1
2024-12-31 15:12:12.053,23008,23010,23010,1,1
2024-12-31 15:12:12.633,23010,23012,23012,1,1
2024-12-31 15:12:14.215,23010,23012,23012,1,1
2024-12-31 15:12:14.215,23010,23012,23013,1,1
2024-12-31 15:12:14.370,23010,23013,23010,1,-1
2024-12-31 15:12:20.033,23011,23013,23013,3,3
2024-12-31 15:12:23.083,23013,23016,23013,1,-1
2024-12-31 15:12:23.756,23013,23016,23016,3,3
2024-12-31 15:12:29.757,23014,23015,23014,1,-1
2024-12-31 15:12:30.352,23012,23015,23015,1,1
2024-12-31 15:12:38.252,23015,23016,23016,1,1
2024-12-31 15:12:48.576,23016,23017,23016,1,-1
2024-12-31 15:12:48.577,23016,23017,23017,1,1
2024-12-31 15:12:51.778,23016,23017,23016,1,-1
2024-12-31 15:12:52.542,23016,23017,23016,2,-2
2024-12-31 15:12:59.509,23015,23017,23015,1,-1
2024-12-31 15:13:02.236,23015,23017,23017,1,1
2024-12-31 15:13:11.014,23015,23017,23017,2,2
2024-12-31 15:13:11.017,23015,23017,23018,3,3
2024-12-31 15:13:11.300,23017,23019,23017,1,-1
2024-12-31 15:13:12.010,23017,23019,23017,1,-1
2024-12-31 15:13:12.494,23017,23019,23019,1,1
2024-12-31 15:13:21.399,23017,23019,23017,1,-1
2024-12-31 15:13:21.874,23017,23019,23019,1,1
2024-12-31 15:13:24.761,23018,23019,23019,1,1
2024-12-31 15:13:24.761,23018,23019,23019,4,4
2024-12-31 15:13:24.780,23018,23020,23020,10,10
2024-12-31 15:13:24.781,23018,23020,23020,7,7
2024-12-31 15:13:24.782,23018,23020,23021,1,1
2024-12-31 15:13:26.501,23021,23022,23022,3,3
2024-12-31 15:13:26.501,23021,23022,23023,2,2
2024-12-31 15:13:30.221,23022,23023,23023,5,5
2024-12-31 15:13:30.942,23022,23023,23023,1,1
2024-12-31 15:13:35.180,23021,23023,23021,1,-1
2024-12-31 15:13:43.449,23021,23022,23022,1,1
2024-12-31 15:13:43.449,23021,23022,23022,1,1
2024-12-31 15:13:44.144,23022,23023,23022,1,-1
2024-12-31 15:13:48.341,23021,23023,23023,4,4
2024-12-31 15:13:49.392,23023,23024,23023,4,-4
2024-12-31 15:13:51.204,23022,23023,23023,1,1
2024-12-31 15:13:54.275,23023,23024,23023,1,-1
2024-12-31 15:13:55.854,23022,23024,23024,1,1
2024-12-31 15:13:58.114,23023,23024,23024,2,2
2024-12-31 15:13:59.986,23023,23025,23025,1,1
2024-12-31 15:14:00.055,23023,23025,23025,1,1
2024-12-31 15:14:02.215,23022,23025,23022,1,-1
2024-12-31 15:14:03.193,23023,23025,23025,1,1
2024-12-31 15:14:03.194,23023,23025,23025,1,1
2024-12-31 15:14:06.377,23023,23026,23026,1,1
2024-12-31 15:14:07.591,23025,23026,23026,3,3
2024-12-31 15:14:07.647,23025,23027,23027,1,1
2024-12-31 15:14:08.146,23025,23027,23027,1,1
2024-12-31 15:14:08.480,23027,23028,23028,2,2
2024-12-31 15:14:08.579,23027,23029,23029,1,1
2024-12-31 15:14:19.096,23028,23029,23028,1,-1
2024-12-31 15:14:23.590,23025,23026,23026,1,1
2024-12-31 15:14:23.647,23026,23027,23027,1,1
2024-12-31 15:14:24.356,23026,23029,23029,1,1
2024-12-31 15:14:26.930,23028,23029,23028,2,-2
2024-12-31 15:14:26.963,23028,23029,23029,1,1
2024-12-31 15:14:36.698,23027,23029,23029,4,4
2024-12-31 15:14:42.502,23027,23029,23029,1,1
2024-12-31 15:14:43.876,23028,23029,23029,1,1
2024-12-31 15:14:49.416,23028,23029,23029,2,2
2024-12-31 15:14:49.417,23028,23029,23030,3,3
2024-12-31 15:14:49.420,23028,23029,23031,1,1
2024-12-31 15:14:49.444,23028,23029,23031,1,1
2024-12-31 15:14:49.551,23030,23032,23032,1,1
2024-12-31 15:14:49.586,23030,23032,23032,1,1
2024-12-31 15:14:58.980,23031,23032,23032,1,1
2024-12-31 15:15:00.146,23032,23033,23033,2,2
2024-12-31 15:15:01.609,23033,23035,23033,1,-1
2024-12-31 15:15:03.778,23032,23035,23034,1,1
2024-12-31 15:15:04.089,23032,23035,23035,1,1
2024-12-31 15:15:08.521,23032,23034,23032,1,-1
2024-12-31 15:15:08.521,23032,23034,23032,1,-1
2024-12-31 15:15:08.521,23032,23034,23032,1,-1
2024-12-31 15:15:11.935,23030,23032,23030,2,-2
2024-12-31 15:15:12.021,23028,23031,23028,1,-1
2024-12-31 15:15:12.022,23028,23031,23028,1,-1
2024-12-31 15:15:20.534,23027,23029,23027,2,-2
2024-12-31 15:15:22.147,23026,23028,23028,3,3
2024-12-31 15:15:22.723,23026,23028,23028,1,1
2024-12-31 15:15:25.846,23027,23030,23030,3,3
2024-12-31 15:15:29.102,23029,23030,23029,1,-1
2024-12-31 15:15:32.395,23029,23030,23030,2,2
2024-12-31 15:15:34.544,23029,23031,23031,1,1
2024-12-31 15:15:46.209,23031,23032,23031,1,-1
2024-12-31 15:15:46.764,23031,23032,23031,1,-1
2024-12-31 15:16:03.239,23030,23031,23030,1,-1
2024-12-31 15:16:03.271,23029,23031,23029,1,-1
2024-12-31 15:16:09.430,23029,23031,23029,2,-2
2024-12-31 15:16:09.611,23029,23031,23029,1,-1
2024-12-31 15:16:14.048,23028,23029,23029,1,1
2024-12-31 15:16:16.986,23028,23029,23029,1,1
2024-12-31 15:16:18.178,23029,23031,23029,1,-1
2024-12-31 15:16:27.520,23029,23030,23029,1,-1
2024-12-31 15:16:31.455,23028,23030,23030,2,2
2024-12-31 15:16:35.084,23028,23030,23030,2,2
2024-12-31 15:16:35.084,23028,23030,23031,3,3
2024-12-31 15:16:49.052,23029,23031,23031,1,1
2024-12-31 15:17:06.517,23029,23030,23029,4,-4
2024-12-31 15:17:14.497,23028,23030,23028,1,-1
2024-12-31 15:17:15.159,23029,23030,23030,1,1
2024-12-31 15:17:15.168,23029,23030,23029,1,-1
2024-12-31 15:17:16.032,23028,23030,23029,1,-1
2024-12-31 15:17:20.019,23028,23030,23028,5,-5
2024-12-31 15:17:20.019,23028,23030,23027,2,-2
2024-12-31 15:17:22.271,23027,23030,23027,2,-2
2024-12-31 15:17:24.200,23027,23030,23027,1,-1
2024-12-31 15:17:25.516,23026,23028,23026,1,-1
2024-12-31 15:17:27.537,23027,23028,23027,1,-1
2024-12-31 15:17:27.892,23026,23027,23026,1,-1
2024-12-31 15:17:31.448,23025,23026,23025,3,-3
2024-12-31 15:17:33.935,23023,23025,23025,1,1
2024-12-31 15:17:39.033,23025,23027,23025,1,-1
2024-12-31 15:17:45.332,23025,23027,23025,1,-1
2024-12-31 15:17:46.646,23025,23027,23025,1,-1
2024-12-31 15:17:51.094,23023,23024,23024,1,1
2024-12-31 15:17:56.369,23023,23024,23024,1,1
2024-12-31 15:17:58.604,23023,23024,23023,1,-1
2024-12-31 15:17:58.604,23023,23024,23023,1,-1
2024-12-31 15:17:59.113,23023,23024,23024,1,1
2024-12-31 15:18:02.856,23023,23024,23023,2,-2
2024-12-31 15:18:02.858,23023,23024,23022,1,-1
2024-12-31 15:18:04.430,23020,23021,23021,1,1
2024-12-31 15:18:07.527,23022,23025,23022,1,-1
2024-12-31 15:18:12.385,23022,23024,23024,3,3
2024-12-31 15:18:28.372,23020,23023,23020,5,-5
2024-12-31 15:18:39.824,23022,23024,23024,4,4
2024-12-31 15:18:39.825,23022,23024,23025,1,1
2024-12-31 15:18:39.825,23022,23024,23025,1,1
2024-12-31 15:18:45.979,23025,23027,23027,3,3
2024-12-31 15:19:00.069,23025,23028,23025,1,-1
2024-12-31 15:19:03.219,23025,23028,23025,1,-1
2024-12-31 15:19:10.172,23025,23027,23027,1,1
2024-12-31 15:19:10.172,23025,23027,23028,2,2
2024-12-31 15:19:10.979,23027,23029,23027,1,-1
2024-12-31 15:19:13.795,23026,23029,23026,1,-1
2024-12-31 15:19:32.941,23026,23027,23027,1,1
2024-12-31 15:19:33.620,23026,23028,23028,1,1
2024-12-31 15:19:33.621,23026,23028,23029,2,2
2024-12-31 15:19:39.212,23028,23030,23028,2,-2
2024-12-31 15:19:39.762,23027,23029,23027,1,-1
2024-12-31 15:19:45.346,23027,23028,23028,1,1
2024-12-31 15:19:46.554,23027,23030,23028,1,-1
2024-12-31 15:19:55.140,23029,23030,23029,1,-1
2024-12-31 15:19:55.493,23029,23030,23029,1,-1
2024-12-31 15:20:04.170,23028,23030,23030,2,2
2024-12-31 15:20:04.599,23029,23031,23029,1,-1
2024-12-31 15:20:15.453,23028,23030,23030,1,1
2024-12-31 15:20:29.052,23028,23029,23029,2,2
2024-12-31 15:20:38.079,23028,23029,23028,10,-10
2024-12-31 15:20:38.081,23028,23029,23027,1,-1
2024-12-31 15:20:38.476,23025,23028,23026,2,-2
2024-12-31 15:20:39.624,23025,23027,23027,1,1
2024-12-31 15:20:43.969,23025,23027,23027,3,3
2024-12-31 15:21:26.674,23026,23028,23028,1,1
2024-12-31 15:21:35.268,23028,23029,23029,4,4
2024-12-31 15:21:39.419,23028,23029,23029,1,1
2024-12-31 15:21:40.482,23028,23030,23030,1,1
2024-12-31 15:21:50.576,23029,23030,23029,1,-1
2024-12-31 15:22:04.806,23028,23029,23029,1,1
2024-12-31 15:22:14.510,23029,23030,23029,1,-1
2024-12-31 15:22:30.568,23028,23029,23029,1,1
2024-12-31 15:22:31.302,23029,23030,23030,2,2
2024-12-31 15:22:31.302,23029,23030,23030,4,4
2024-12-31 15:22:31.302,23029,23030,23030,1,1
2024-12-31 15:22:31.302,23029,23030,23030,2,2
2024-12-31 15:22:31.302,23029,23030,23030,2,2
2024-12-31 15:22:32.292,23030,23031,23030,1,-1
2024-12-31 15:22:32.787,23030,23031,23031,2,2
2024-12-31 15:22:33.422,23031,23032,23032,1,1
2024-12-31 15:22:33.423,23031,23032,23032,1,1
2024-12-31 15:22:33.423,23031,23032,23032,1,1
2024-12-31 15:22:34.543,23032,23033,23033,2,2
2024-12-31 15:22:34.544,23032,23033,23033,1,1
2024-12-31 15:22:34.544,23032,23033,23033,1,1
2024-12-31 15:22:34.544,23032,23033,23033,1,1
2024-12-31 15:22:41.857,23033,23034,23033,1,-1
2024-12-31 15:22:48.411,23032,23034,23034,2,2
2024-12-31 15:22:48.993,23033,23034,23034,1,1
2024-12-31 15:22:50.184,23033,23034,23034,2,2
2024-12-31 15:22:55.044,23032,23034,23034,1,1
2024-12-31 15:23:04.023,23034,23035,23035,1,1
2024-12-31 15:23:04.360,23034,23035,23034,1,-1
2024-12-31 15:23:07.824,23033,23035,23035,1,1
2024-12-31 15:23:11.073,23033,23035,23035,1,1
2024-12-31 15:23:15.134,23033,23034,23033,1,-1
2024-12-31 15:23:16.575,23033,23034,23034,1,1
2024-12-31 15:23:18.501,23033,23034,23033,1,-1
2024-12-31 15:23:18.505,23033,23034,23032,1,-1
2024-12-31 15:23:40.602,23032,23034,23034,2,2
2024-12-31 15:23:48.203,23034,23035,23034,1,-1
2024-12-31 15:23:48.944,23033,23035,23035,1,1
2024-12-31 15:23:49.713,23034,23035,23034,1,-1
2024-12-31 15:23:57.071,23034,23035,23035,1,1
2024-12-31 15:24:00.998,23034,23035,23035,1,1
2024-12-31 15:24:01.516,23035,23036,23035,1,-1
2024-12-31 15:24:01.516,23035,23036,23035,1,-1
2024-12-31 15:24:01.517,23035,23036,23035,1,-1
2024-12-31 15:24:01.517,23035,23036,23035,1,-1
2024-12-31 15:24:01.517,23035,23036,23035,2,-2
2024-12-31 15:24:12.649,23035,23036,23035,1,-1
2024-12-31 15:24:12.649,23035,23036,23035,1,-1
2024-12-31 15:24:17.041,23034,23035,23035,1,1
2024-12-31 15:24:23.810,23034,23035,23034,1,-1
2024-12-31 15:24:38.490,23034,23035,23035,1,1
2024-12-31 15:24:45.789,23034,23036,23036,1,1
2024-12-31 15:24:46.100,23035,23036,23036,2,2
2024-12-31 15:24:46.880,23035,23036,23035,1,-1
2024-12-31 15:24:47.486,23035,23036,23036,1,1
2024-12-31 15:25:02.866,23036,23037,23037,1,1
2024-12-31 15:25:02.920,23037,23038,23038,1,1
2024-12-31 15:25:03.014,23037,23038,23037,2,-2
2024-12-31 15:25:03.039,23036,23038,23038,2,2
2024-12-31 15:25:03.039,23036,23038,23039,1,1
2024-12-31 15:25:03.868,23037,23039,23037,1,-1
2024-12-31 15:25:06.091,23037,23039,23039,3,3
2024-12-31 15:25:06.365,23037,23040,23040,1,1
2024-12-31 15:25:06.946,23036,23039,23039,1,1
2024-12-31 15:25:09.679,23036,23039,23039,3,3
2024-12-31 15:25:10.755,23036,23039,23039,1,1
2024-12-31 15:25:12.514,23037,23038,23038,1,1
2024-12-31 15:25:14.362,23037,23039,23039,1,1
2024-12-31 15:25:15.780,23037,23038,23038,1,1
2024-12-31 15:25:21.529,23037,23039,23039,1,1
2024-12-31 15:25:22.824,23037,23039,23039,1,1
2024-12-31 15:25:25.103,23037,23039,23039,1,1
2024-12-31 15:25:28.622,23037,23038,23038,1,1
2024-12-31 15:25:33.203,23038,23039,23038,1,-1
2024-12-31 15:25:37.504,23037,23039,23037,3,-3
2024-12-31 15:25:37.505,23037,23039,23036,1,-1
2024-12-31 15:25:44.908,23037,23038,23037,1,-1
2024-12-31 15:25:45.036,23037,23038,23037,1,-1
2024-12-31 15:25:50.192,23036,23038,23036,2,-2
2024-12-31 15:25:51.631,23035,23037,23037,1,1
2024-12-31 15:25:51.631,23035,23037,23038,1,1
2024-12-31 15:26:05.509,23036,23037,23036,1,-1
2024-12-31 15:26:05.509,23036,23037,23036,1,-1
2024-12-31 15:26:15.270,23035,23036,23036,1,1
2024-12-31 15:26:26.454,23037,23038,23038,1,1
2024-12-31 15:26:26.454,23037,23038,23038,1,1
2024-12-31 15:26:49.134,23036,23037,23036,1,-1
2024-12-31 15:26:58.511,23036,23037,23037,1,1
2024-12-31 15:26:59.329,23036,23038,23039,1,1
2024-12-31 15:26:59.329,23036,23038,23038,1,1
2024-12-31 15:26:59.502,23036,23039,23036,1,-1
2024-12-31 15:27:26.129,23037,23038,23037,2,-2
2024-12-31 15:27:36.572,23037,23038,23037,3,-3
2024-12-31 15:27:58.587,23036,23037,23037,1,1
2024-12-31 15:28:05.161,23036,23037,23036,3,-3
2024-12-31 15:28:05.175,23036,23037,23035,5,-5
2024-12-31 15:28:05.176,23036,23037,23035,1,-1
2024-12-31 15:28:05.176,23036,23037,23035,5,-5
2024-12-31 15:28:05.176,23036,23037,23035,1,-1
2024-12-31 15:28:08.992,23034,23036,23034,1,-1
2024-12-31 15:28:12.332,23034,23036,23034,1,-1
2024-12-31 15:28:12.333,23034,23036,23034,2,-2
2024-12-31 15:28:12.546,23033,23034,23033,2,-2
2024-12-31 15:28:18.935,23032,23033,23032,2,-2
2024-12-31 15:28:25.351,23031,23032,23032,1,1
2024-12-31 15:28:26.173,23031,23032,23031,1,-1
2024-12-31 15:28:29.398,23031,23032,23031,1,-1
2024-12-31 15:28:29.596,23030,23031,23031,1,1
2024-12-31 15:28:32.203,23031,23033,23031,1,-1
2024-12-31 15:28:36.426,23031,23033,23033,1,1
2024-12-31 15:28:47.376,23031,23033,23033,1,1
2024-12-31 15:29:13.108,23030,23031,23030,1,-1
2024-12-31 15:29:13.108,23030,23031,23030,1,-1
2024-12-31 15:29:13.108,23030,23031,23030,1,-1
2024-12-31 15:29:13.279,23028,23030,23028,8,-8
2024-12-31 15:29:13.279,23028,23030,23027,3,-3
2024-12-31 15:29:13.469,23027,23029,23027,5,-5
2024-12-31 15:29:13.469,23027,23029,23026,6,-6
2024-12-31 15:29:13.553,23026,23028,23026,1,-1
2024-12-31 15:29:13.553,23026,23028,23026,1,-1
2024-12-31 15:29:16.272,23026,23028,23026,1,-1
2024-12-31 15:29:18.841,23025,23027,23025,1,-1
2024-12-31 15:29:18.841,23025,23027,23025,6,-6
2024-12-31 15:29:23.209,23023,23025,23023,1,-1
2024-12-31 15:29:23.292,23022,23023,23022,1,-1
2024-12-31 15:29:27.828,23020,23021,23021,1,1
2024-12-31 15:29:27.917,23020,23021,23020,1,-1
2024-12-31 15:29:28.402,23020,23021,23020,1,-1
2024-12-31 15:29:29.453,23020,23021,23021,2,2
2024-12-31 15:29:29.453,23020,23021,23021,3,3
2024-12-31 15:29:29.453,23020,23021,23021,5,5
2024-12-31 15:29:29.455,23020,23021,23022,1,1
2024-12-31 15:29:35.702,23022,23024,23022,2,-2
2024-12-31 15:29:41.085,23022,23023,23023,1,1
2024-12-31 15:29:41.772,23022,23025,23022,4,-4
2024-12-31 15:29:41.772,23022,23025,23021,1,-1
2024-12-31 15:29:46.500,23022,23024,23022,1,-1
2024-12-31 15:29:54.489,23020,23022,23020,9,-9
2024-12-31 15:29:54.546,23018,23020,23018,6,-6
2024-12-31 15:29:55.278,23017,23019,23019,1,1
2024-12-31 15:29:55.750,23017,23019,23019,1,1
2024-12-31 15:29:55.951,23017,23019,23017,2,-2
2024-12-31 15:29:55.951,23017,23019,23016,3,-3
2024-12-31 15:30:02.461,23015,23017,23015,3,-3
2024-12-31 15:30:02.547,23013,23016,23013,1,-1
2024-12-31 15:30:02.559,23013,23016,23015,1,1
2024-12-31 15:30:02.573,23013,23016,23015,1,1
2024-12-31 15:30:02.676,23015,23016,23015,1,-1
2024-12-31 15:30:02.676,23015,23016,23014,1,-1
2024-12-31 15:30:02.676,23015,23016,23013,2,-2
2024-12-31 15:30:03.852,23013,23016,23013,1,-1
2024-12-31 15:30:03.898,23013,23015,23013,1,-1
2024-12-31 15:30:04.220,23012,23014,23012,2,-2
2024-12-31 15:30:04.220,23012,23014,23011,8,-8
2024-12-31 15:30:04.589,23012,23013,23013,2,2
2024-12-31 15:30:04.590,23012,23013,23013,3,3
2024-12-31 15:30:04.597,23012,23013,23015,1,1
2024-12-31 15:30:05.119,23012,23015,23012,8,-8
2024-12-31 15:30:05.496,23011,23014,23013,1,1
2024-12-31 15:30:05.650,23012,23014,23012,1,-1
2024-12-31 15:30:05.650,23012,23014,23011,2,-2
2024-12-31 15:30:06.522,23012,23014,23012,1,-1
2024-12-31 15:30:08.567,23011,23013,23011,3,-3
2024-12-31 15:30:12.651,23015,23016,23016,2,2
2024-12-31 15:30:12.775,23016,23017,23017,1,1
2024-12-31 15:30:12.842,23016,23017,23018,1,1
2024-12-31 15:30:13.183,23017,23018,23017,2,-2
2024-12-31 15:30:21.145,23017,23019,23017,1,-1
2024-12-31 15:30:22.033,23015,23018,23015,1,-1
2024-12-31 15:30:33.024,23015,23018,23015,3,-3
2024-12-31 15:30:33.024,23015,23018,23014,2,-2
2024-12-31 15:30:33.507,23014,23017,23014,1,-1
2024-12-31 15:30:33.673,23014,23016,23016,1,1
2024-12-31 15:30:34.768,23015,23017,23015,1,-1
2024-12-31 15:30:42.243,23014,23017,23014,1,-1
2024-12-31 15:30:54.317,23015,23016,23015,1,-1
2024-12-31 15:30:58.826,23014,23015,23014,1,-1
2024-12-31 15:30:59.122,23014,23015,23015,1,1
2024-12-31 15:31:00.739,23014,23015,23014,1,-1
2024-12-31 15:31:00.988,23014,23015,23014,1,-1
2024-12-31 15:31:01.555,23014,23015,23014,1,-1
2024-12-31 15:31:01.562,23014,23015,23013,1,-1
2024-12-31 15:31:03.584,23013,23016,23012,4,-4
2024-12-31 15:31:03.601,23013,23016,23012,1,-1
2024-12-31 15:31:07.989,23012,23014,23012,3,-3
2024-12-31 15:31:11.295,23012,23014,23013,1,-1
2024-12-31 15:31:11.707,23011,23014,23011,1,-1
2024-12-31 15:31:11.774,23011,23013,23011,17,-17
2024-12-31 15:31:11.798,23011,23013,23011,1,-1
2024-12-31 15:31:11.833,23011,23013,23010,3,-3
2024-12-31 15:31:11.977,23010,23011,23010,3,-3
2024-12-31 15:31:12.067,23009,23010,23010,1,1
2024-12-31 15:31:12.999,23009,23010,23010,1,1
2024-12-31 15:31:13.423,23009,23011,23009,3,-3
2024-12-31 15:31:15.083,23008,23010,23008,1,-1
2024-12-31 15:31:16.467,23008,23010,23008,3,-3
2024-12-31 15:31:17.435,23008,23010,23008,1,-1
2024-12-31 15:31:17.654,23008,23010,23009,1,-1
2024-12-31 15:31:17.920,23008,23010,23008,4,-4
2024-12-31 15:31:17.920,23008,23010,23007,1,-1
2024-12-31 15:31:18.113,23007,23010,23007,5,-5
2024-12-31 15:31:18.279,23007,23009,23007,5,-5
2024-12-31 15:31:18.433,23006,23008,23006,1,-1
2024-12-31 15:31:18.433,23006,23008,23006,1,-1
2024-12-31 15:31:18.663,23006,23007,23006,1,-1
2024-12-31 15:31:19.668,23006,23007,23006,1,-1
2024-12-31 15:31:19.668,23006,23007,23006,2,-2
2024-12-31 15:31:19.668,23006,23007,23006,1,-1
2024-12-31 15:31:23.246,23005,23007,23007,1,1
2024-12-31 15:31:23.246,23005,23007,23007,4,4
2024-12-31 15:31:23.246,23005,23007,23007,11,11
2024-12-31 15:31:23.703,23007,23009,23009,1,1
2024-12-31 15:31:23.998,23008,23010,23010,1,1
2024-12-31 15:31:24.080,23008,23010,23008,1,-1
2024-12-31 15:31:24.554,23008,23010,23010,1,1
2024-12-31 15:31:25.172,23008,23010,23010,1,1
2024-12-31 15:31:26.924,23010,23012,23010,1,-1
2024-12-31 15:31:27.118,23010,23012,23010,1,-1
2024-12-31 15:31:30.299,23008,23011,23008,2,-2
2024-12-31 15:31:33.080,23007,23010,23007,1,-1
2024-12-31 15:31:34.706,23005,23007,23007,1,1
2024-12-31 15:31:37.461,23006,23008,23006,1,-1
2024-12-31 15:31:38.534,23006,23008,23006,1,-1
2024-12-31 15:31:38.682,23006,23008,23006,1,-1
2024-12-31 15:31:38.841,23006,23008,23006,1,-1
2024-12-31 15:31:39.011,23005,23008,23005,1,-1
2024-12-31 15:31:39.222,23005,23008,23005,1,-1
2024-12-31 15:31:39.389,23005,23007,23005,1,-1
2024-12-31 15:31:39.568,23005,23007,23005,1,-1
2024-12-31 15:31:39.744,23004,23007,23004,1,-1
2024-12-31 15:31:39.900,23005,23008,23005,1,-1
2024-12-31 15:31:39.937,23005,23008,23005,1,-1
2024-12-31 15:31:40.113,23005,23008,23005,1,-1
2024-12-31 15:31:40.395,23005,23007,23005,1,-1
2024-12-31 15:31:48.261,23005,23008,23005,5,-5
2024-12-31 15:31:49.449,23006,23008,23006,1,-1
2024-12-31 15:31:51.635,23005,23008,23005,1,-1
2024-12-31 15:31:53.369,23004,23007,23005,1,-1
2024-12-31 15:31:53.415,23004,23005,23004,1,-1
2024-12-31 15:31:53.431,23004,23005,23005,1,1
2024-12-31 15:31:55.412,23004,23005,23004,3,-3
2024-12-31 15:31:56.606,23004,23007,23004,3,-3
2024-12-31 15:31:56.606,23004,23007,23003,2,-2
2024-12-31 15:31:56.667,23003,23006,23003,1,-1
2024-12-31 15:31:56.904,23003,23006,23003,1,-1
2024-12-31 15:31:56.939,23003,23006,23003,1,-1
2024-12-31 15:31:57.399,23003,23005,23005,1,1
2024-12-31 15:31:57.849,23003,23004,23003,6,-6
2024-12-31 15:31:57.850,23003,23004,23003,2,-2
2024-12-31 15:31:57.850,23003,23004,23003,1,-1
2024-12-31 15:31:57.851,23003,23004,23002,6,-6
2024-12-31 15:31:57.852,23003,23004,23002,1,-1
2024-12-31 15:31:57.853,23003,23004,23001,5,-5
2024-12-31 15:31:57.853,23003,23004,23001,1,-1
2024-12-31 15:31:57.854,23003,23004,23000,4,-4
2024-12-31 15:31:57.854,23003,23004,23000,6,-6
2024-12-31 15:31:57.854,23003,23004,23000,8,-8
2024-12-31 15:31:57.855,23003,23004,22999,2,-2
2024-12-31 15:31:57.855,23003,23004,22998,1,-1
2024-12-31 15:31:57.855,23003,23004,22998,1,-1
2024-12-31 15:31:57.855,23003,23004,22998,2,-2
2024-12-31 15:31:57.856,23003,23004,22998,1,-1
2024-12-31 15:31:57.856,23003,23004,22998,1,-1
2024-12-31 15:31:57.858,23003,23004,22996,1,-1
2024-12-31 15:31:57.858,23003,23004,22996,5,-5
2024-12-31 15:31:57.859,23003,23004,22996,1,-1
2024-12-31 15:31:57.860,23003,23004,22996,1,-1
2024-12-31 15:31:57.914,22995,22997,22997,1,1
2024-12-31 15:31:57.961,22995,22997,22998,1,1
2024-12-31 15:31:57.969,22995,22997,22997,1,1
2024-12-31 15:31:58.010,22995,22997,22997,2,2
2024-12-31 15:31:58.031,22996,22999,22996,3,-3
2024-12-31 15:31:58.135,22996,22999,22996,1,-1
2024-12-31 15:31:58.237,22996,22998,22996,1,-1
2024-12-31 15:31:58.379,22996,22998,22998,1,1
2024-12-31 15:32:00.007,23000,23002,23000,1,-1
2024-12-31 15:32:00.023,23000,23002,23000,1,-1
2024-12-31 15:32:00.024,23000,23002,22999,1,-1
2024-12-31 15:32:00.107,23000,23002,22998,1,-1
2024-12-31 15:32:00.151,22997,22999,22999,1,1
2024-12-31 15:32:00.349,22997,23000,22997,3,-3
2024-12-31 15:32:00.349,22997,23000,22997,2,-2
2024-12-31 15:32:00.546,22998,23000,23000,2,2
2024-12-31 15:32:01.262,22999,23001,23000,1,1
2024-12-31 15:32:01.271,22999,23001,22999,1,-1
2024-12-31 15:32:03.398,23000,23001,23001,1,1
2024-12-31 15:32:04.715,23001,23003,23003,1,1
2024-12-31 15:32:05.273,23003,23005,23003,1,-1
2024-12-31 15:32:05.646,23003,23005,23005,3,3
2024-12-31 15:32:07.476,23004,23007,23005,1,-1
2024-12-31 15:32:08.072,23004,23007,23007,1,1
2024-12-31 15:32:08.147,23004,23007,23004,1,-1
2024-12-31 15:32:08.147,23004,23007,23004,1,-1
2024-12-31 15:32:10.338,23004,23006,23004,1,-1
2024-12-31 15:32:13.307,23005,23007,23006,1,-1
2024-12-31 15:32:13.662,23005,23007,23007,1,1
2024-12-31 15:32:16.023,23005,23007,23005,1,-1
2024-12-31 15:32:20.843,23005,23007,23007,1,1
2024-12-31 15:32:22.963,23005,23007,23005,1,-1
2024-12-31 15:32:23.022,23005,23007,23005,1,-1
2024-12-31 15:32:23.022,23005,23007,23005,1,-1
2024-12-31 15:32:23.022,23005,23007,23005,1,-1
2024-12-31 15:32:23.022,23005,23007,23005,1,-1
2024-12-31 15:32:23.023,23005,23007,23004,1,-1
2024-12-31 15:32:23.023,23005,23007,23004,1,-1
2024-12-31 15:32:23.023,23005,23007,23004,1,-1
2024-12-31 15:32:23.023,23005,23007,23004,1,-1
2024-12-31 15:32:23.023,23005,23007,23004,1,-1
2024-12-31 15:32:23.024,23005,23007,23004,1,-1
2024-12-31 15:32:31.448,23004,23006,23005,1,-1
2024-12-31 15:32:39.080,23005,23007,23005,1,-1
2024-12-31 15:32:39.147,23005,23007,23005,1,-1
2024-12-31 15:32:39.147,23005,23007,23004,1,-1
2024-12-31 15:32:39.147,23005,23007,23004,1,-1
2024-12-31 15:32:39.147,23005,23007,23004,1,-1
2024-12-31 15:32:46.386,23005,23007,23007,1,1
2024-12-31 15:32:46.397,23005,23007,23005,1,-1
2024-12-31 15:32:55.567,23005,23007,23005,2,-2
2024-12-31 15:33:04.771,23006,23008,23008,1,1
2024-12-31 15:33:04.898,23007,23010,23007,1,-1
2024-12-31 15:33:04.898,23007,23010,23007,1,-1
2024-12-31 15:33:04.899,23007,23010,23006,1,-1
2024-12-31 15:33:05.005,23007,23010,23007,2,-2
2024-12-31 15:33:06.107,23005,23007,23005,2,-2
2024-12-31 15:33:06.108,23005,23007,23005,1,-1
2024-12-31 15:33:14.165,23005,23007,23007,1,1
2024-12-31 15:33:14.272,23006,23009,23006,1,-1
2024-12-31 15:33:20.144,23007,23010,23007,3,-3
2024-12-31 15:33:31.779,23007,23009,23007,1,-1
2024-12-31 15:33:31.897,23006,23009,23006,1,-1
2024-12-31 15:33:31.898,23006,23009,23006,1,-1
2024-12-31 15:33:32.173,23005,23007,23005,4,-4
2024-12-31 15:33:32.236,23005,23007,23005,1,-1
2024-12-31 15:33:35.301,23004,23006,23004,3,-3
2024-12-31 15:33:37.554,23002,23004,23002,1,-1
2024-12-31 15:33:37.647,23001,23004,23001,1,-1
2024-12-31 15:33:37.652,23001,23004,23001,1,-1
2024-12-31 15:33:41.368,23001,23003,23003,1,1
2024-12-31 15:33:50.132,23001,23002,23002,1,1
2024-12-31 15:33:51.208,23001,23003,23002,1,1
2024-12-31 15:33:51.272,23001,23003,23001,1,-1
2024-12-31 15:33:51.534,23001,23002,23002,1,1
2024-12-31 15:33:55.203,23002,23003,23002,1,-1
2024-12-31 15:33:56.190,23001,23003,23001,2,-2
2024-12-31 15:33:56.190,23001,23003,23000,1,-1
2024-12-31 15:33:57.453,23000,23002,23002,1,1
2024-12-31 15:33:58.402,23000,23002,23000,1,-1
2024-12-31 15:33:58.402,23000,23002,23000,3,-3
2024-12-31 15:33:58.402,23000,23002,23000,1,-1
2024-12-31 15:33:58.402,23000,23002,23000,4,-4
2024-12-31 15:33:58.402,23000,23002,23000,5,-5
2024-12-31 15:33:58.403,23000,23002,23000,1,-1
2024-12-31 15:33:58.425,23000,23002,23000,1,-1
2024-12-31 15:34:00.353,22999,23000,22999,1,-1
2024-12-31 15:34:00.675,22997,22999,22997,1,-1
2024-12-31 15:34:00.677,22997,22999,22996,4,-4
2024-12-31 15:34:00.677,22997,22999,22997,1,-1
2024-12-31 15:34:01.276,22995,22997,22995,1,-1
2024-12-31 15:34:01.543,22995,22997,22995,1,-1
2024-12-31 15:34:06.044,22995,22997,22997,3,3
2024-12-31 15:34:06.289,22998,22999,22999,1,1
2024-12-31 15:34:07.570,22998,23000,22998,1,-1
2024-12-31 15:34:09.610,22998,22999,22999,1,1
2024-12-31 15:34:11.645,22997,22998,22998,1,1
2024-12-31 15:34:13.476,22997,22999,22999,1,1
2024-12-31 15:34:14.464,22999,23000,22999,3,-3
2024-12-31 15:34:14.464,22999,23000,22998,1,-1
2024-12-31 15:34:14.464,22999,23000,22997,5,-5
2024-12-31 15:34:22.562,22997,23000,22997,1,-1
2024-12-31 15:34:28.833,22997,22999,22999,1,1
2024-12-31 15:34:28.834,22997,22999,23000,1,1
2024-12-31 15:34:28.834,22997,22999,23000,1,1
2024-12-31 15:34:28.835,22997,22999,23000,6,6
2024-12-31 15:34:28.835,22997,22999,23000,1,1
2024-12-31 15:34:29.539,23000,23002,23002,1,1
2024-12-31 15:34:30.757,23000,23002,23002,1,1
2024-12-31 15:34:31.257,23001,23003,23003,1,1
2024-12-31 15:34:31.257,23001,23003,23003,1,1
2024-12-31 15:34:31.792,23001,23004,23004,1,1
2024-12-31 15:34:32.004,23002,23004,23002,1,-1
2024-12-31 15:34:45.392,23003,23005,23003,3,-3
2024-12-31 15:34:45.392,23003,23005,23002,2,-2
2024-12-31 15:34:57.130,23003,23005,23004,1,-1
2024-12-31 15:34:59.023,23003,23005,23005,2,2
2024-12-31 15:35:01.165,23004,23006,23004,1,-1
2024-12-31 15:35:01.879,23003,23004,23003,2,-2
2024-12-31 15:35:09.913,23003,23004,23004,3,3
2024-12-31 15:35:09.913,23003,23004,23004,1,1
2024-12-31 15:35:11.950,23003,23005,23005,1,1
2024-12-31 15:35:16.744,23003,23006,23006,1,1
2024-12-31 15:35:20.838,23003,23005,23005,1,1
2024-12-31 15:35:33.278,23005,23006,23005,1,-1
2024-12-31 15:35:35.364,23005,23006,23006,1,1
2024-12-31 15:35:35.364,23005,23006,23007,3,3
2024-12-31 15:35:35.364,23005,23006,23008,1,1
2024-12-31 15:35:39.432,23007,23009,23007,1,-1
2024-12-31 15:35:45.268,23007,23009,23009,5,5
2024-12-31 15:35:51.372,23007,23008,23008,1,1
2024-12-31 15:35:53.297,23009,23010,23009,1,-1
2024-12-31 15:36:00.503,23007,23009,23007,1,-1
2024-12-31 15:36:00.503,23007,23009,23007,3,-3
2024-12-31 15:36:00.503,23007,23009,23007,2,-2
2024-12-31 15:36:18.308,23008,23009,23009,1,1
2024-12-31 15:36:18.324,23008,23009,23010,3,3
2024-12-31 15:36:24.539,23010,23011,23011,2,2
2024-12-31 15:36:27.795,23010,23011,23011,1,1
2024-12-31 15:36:28.915,23010,23011,23011,1,1
2024-12-31 15:36:30.688,23010,23012,23012,1,1
2024-12-31 15:36:38.208,23011,23012,23011,6,-6
2024-12-31 15:36:38.208,23011,23012,23010,1,-1
2024-12-31 15:36:38.209,23011,23012,23010,2,-2
2024-12-31 15:36:38.209,23011,23012,23010,3,-3
2024-12-31 15:36:38.209,23011,23012,23010,5,-5
2024-12-31 15:36:42.344,23007,23010,23010,1,1
2024-12-31 15:37:02.016,23011,23012,23012,1,1
2024-12-31 15:37:06.206,23011,23013,23013,2,2
2024-12-31 15:37:07.290,23013,23014,23013,1,-1
2024-12-31 15:37:10.744,23013,23014,23014,1,1
2024-12-31 15:37:10.744,23013,23014,23014,1,1
2024-12-31 15:37:14.463,23013,23015,23015,1,1
2024-12-31 15:37:14.463,23013,23015,23015,2,2
2024-12-31 15:37:14.463,23013,23015,23015,1,1
2024-12-31 15:37:14.612,23014,23016,23016,1,1
2024-12-31 15:37:14.613,23014,23016,23016,12,12
2024-12-31 15:37:14.614,23014,23016,23017,1,1
2024-12-31 15:37:14.984,23018,23019,23019,1,1
2024-12-31 15:37:14.992,23018,23019,23020,2,2
2024-12-31 15:37:22.040,23020,23023,23023,3,3
2024-12-31 15:37:22.207,23021,23023,23023,1,1
2024-12-31 15:37:27.215,23021,23023,23023,2,2
2024-12-31 15:37:27.215,23021,23023,23024,3,3
2024-12-31 15:37:28.740,23022,23023,23023,1,1
2024-12-31 15:37:29.155,23022,23024,23023,2,2
2024-12-31 15:37:29.745,23022,23024,23022,3,-3
2024-12-31 15:37:30.539,23020,23022,23020,1,-1
2024-12-31 15:37:33.379,23018,23020,23018,1,-1
2024-12-31 15:37:36.345,23017,23020,23023,1,1
2024-12-31 15:37:37.514,23020,23023,23020,1,-1
2024-12-31 15:37:47.030,23020,23023,23020,2,-2
2024-12-31 15:37:48.068,23020,23023,23020,3,-3
2024-12-31 15:37:48.068,23020,23023,23019,1,-1
2024-12-31 15:38:00.691,23018,23020,23020,1,1
2024-12-31 15:38:10.825,23019,23020,23019,1,-1
2024-12-31 15:38:19.969,23018,23019,23018,3,-3
2024-12-31 15:38:23.942,23016,23018,23016,1,-1
2024-12-31 15:38:29.127,23019,23020,23020,1,1
2024-12-31 15:38:32.067,23018,23021,23021,5,5
2024-12-31 15:38:48.999,23020,23021,23020,2,-2
2024-12-31 15:38:56.829,23018,23019,23019,1,1
2024-12-31 15:38:57.750,23018,23019,23018,1,-1
2024-12-31 15:39:09.858,23019,23021,23019,3,-3
2024-12-31 15:39:09.858,23019,23021,23018,2,-2
2024-12-31 15:39:16.145,23018,23021,23018,1,-1
2024-12-31 15:40:00.271,23018,23019,23019,1,1
2024-12-31 15:40:03.615,23018,23020,23018,4,-4
2024-12-31 15:40:03.616,23018,23020,23018,2,-2
2024-12-31 15:40:10.353,23018,23020,23020,1,1
2024-12-31 15:40:11.730,23018,23020,23020,2,2
2024-12-31 15:40:11.730,23018,23020,23020,1,1
2024-12-31 15:40:13.078,23020,23021,23021,1,1
2024-12-31 15:40:15.278,23020,23021,23021,2,2
2024-12-31 15:40:29.064,23021,23022,23021,6,-6
2024-12-31 15:40:29.065,23021,23022,23020,2,-2
2024-12-31 15:40:47.152,23019,23021,23021,2,2
2024-12-31 15:40:47.152,23019,23021,23022,1,1
2024-12-31 15:40:52.270,23020,23021,23021,3,3
2024-12-31 15:40:57.382,23020,23021,23021,1,1
2024-12-31 15:41:02.388,23021,23022,23022,5,5
2024-12-31 15:41:02.388,23021,23022,23023,1,1
2024-12-31 15:41:02.389,23021,23022,23023,1,1
2024-12-31 15:41:07.271,23023,23024,23023,1,-1
2024-12-31 15:41:16.342,23023,23024,23024,2,2
2024-12-31 15:41:16.342,23023,23024,23024,1,1
2024-12-31 15:41:16.356,23023,23024,23025,1,1
2024-12-31 15:41:16.356,23023,23024,23025,1,1
2024-12-31 15:41:16.356,23023,23024,23025,1,1
2024-12-31 15:41:18.722,23025,23026,23025,1,-1
2024-12-31 15:41:24.468,23025,23026,23025,1,-1
2024-12-31 15:41:24.615,23025,23026,23025,1,-1
2024-12-31 15:41:26.946,23025,23026,23026,1,1
2024-12-31 15:41:26.946,23025,23026,23026,1,1
2024-12-31 15:41:31.239,23026,23027,23027,2,2
2024-12-31 15:41:31.239,23026,23027,23028,2,2
2024-12-31 15:41:31.239,23026,23027,23029,1,1
2024-12-31 15:41:39.880,23028,23029,23028,2,-2
2024-12-31 15:41:39.944,23027,23029,23029,1,1
2024-12-31 15:41:42.680,23028,23029,23029,2,2
2024-12-31 15:41:43.135,23029,23030,23029,1,-1
2024-12-31 15:41:47.524,23027,23029,23029,1,1
2024-12-31 15:41:51.111,23027,23029,23029,1,1
2024-12-31 15:41:53.504,23027,23029,23029,1,1
2024-12-31 15:41:53.934,23027,23029,23029,4,4
2024-12-31 15:41:54.333,23029,23030,23029,1,-1
2024-12-31 15:41:54.506,23028,23029,23029,1,1
2024-12-31 15:41:55.261,23029,23030,23030,5,5
2024-12-31 15:41:55.262,23029,23030,23030,1,1
2024-12-31 15:41:55.262,23029,23030,23030,1,1
2024-12-31 15:41:55.352,23030,23031,23030,2,-2
2024-12-31 15:41:55.352,23030,23031,23029,4,-4
2024-12-31 15:41:55.560,23029,23031,23031,1,1
2024-12-31 15:41:55.587,23029,23031,23030,1,1
2024-12-31 15:41:55.682,23030,23032,23032,1,1
2024-12-31 15:41:56.142,23030,23032,23030,1,-1
2024-12-31 15:41:58.109,23029,23031,23030,1,-1
2024-12-31 15:41:58.777,23029,23030,23029,2,-2
2024-12-31 15:42:01.367,23027,23029,23027,2,-2
2024-12-31 15:42:03.867,23024,23027,23027,2,2
2024-12-31 15:42:07.828,23024,23027,23027,3,3
2024-12-31 15:42:23.791,23026,23027,23026,1,-1
2024-12-31 15:42:31.607,23025,23027,23027,1,1
2024-12-31 15:42:40.801,23027,23028,23027,1,-1
2024-12-31 15:42:43.809,23025,23027,23025,3,-3
2024-12-31 15:42:48.913,23026,23027,23027,2,2
2024-12-31 15:42:48.913,23026,23027,23028,4,4
2024-12-31 15:42:49.077,23027,23029,23029,1,1
2024-12-31 15:43:01.902,23027,23028,23027,1,-1
2024-12-31 15:43:16.331,23025,23027,23027,1,1
2024-12-31 15:43:22.291,23025,23027,23027,1,1
2024-12-31 15:43:27.041,23026,23028,23028,1,1
2024-12-31 15:43:27.083,23026,23028,23029,1,1
2024-12-31 15:43:27.332,23029,23030,23030,3,3
2024-12-31 15:43:42.114,23028,23030,23030,1,1
2024-12-31 15:43:44.913,23028,23029,23028,1,-1
2024-12-31 15:43:45.045,23027,23029,23029,1,1
2024-12-31 15:43:45.733,23027,23030,23030,5,5
2024-12-31 15:43:49.784,23028,23030,23030,1,1
2024-12-31 15:43:49.784,23028,23030,23031,1,1
2024-12-31 15:43:52.771,23028,23030,23030,1,1
2024-12-31 15:43:53.491,23028,23030,23028,2,-2
2024-12-31 15:44:02.057,23028,23029,23028,1,-1
2024-12-31 15:44:02.703,23027,23028,23028,1,1
2024-12-31 15:44:03.906,23027,23028,23027,2,-2
2024-12-31 15:44:13.293,23026,23027,23026,1,-1
2024-12-31 15:44:13.293,23026,23027,23026,1,-1
2024-12-31 15:44:17.132,23025,23026,23025,2,-2
2024-12-31 15:44:19.752,23024,23025,23024,2,-2
2024-12-31 15:44:21.395,23023,23024,23023,2,-2
2024-12-31 15:44:22.312,23021,23024,23021,1,-1
2024-12-31 15:44:26.127,23022,23024,23022,2,-2
2024-12-31 15:44:32.600,23022,23024,23022,1,-1
2024-12-31 15:44:39.790,23022,23024,23022,5,-5
2024-12-31 15:44:46.345,23023,23024,23024,1,1
2024-12-31 15:44:58.062,23023,23025,23023,1,-1
2024-12-31 15:44:59.737,23022,23024,23022,1,-1
2024-12-31 15:45:18.432,23020,23021,23020,3,-3
2024-12-31 15:45:18.558,23019,23020,23020,1,1
2024-12-31 15:45:22.178,23020,23021,23020,1,-1
2024-12-31 15:45:22.271,23019,23021,23021,1,1
2024-12-31 15:45:22.272,23019,23021,23021,1,1
2024-12-31 15:45:22.276,23019,23021,23022,1,1
2024-12-31 15:45:25.138,23019,23022,23022,1,1
2024-12-31 15:45:25.139,23019,23022,23022,1,1
2024-12-31 15:45:25.139,23019,23022,23022,1,1
2024-12-31 15:45:35.451,23019,23020,23020,2,2
2024-12-31 15:45:45.323,23020,23021,23020,4,-4
2024-12-31 15:45:45.397,23019,23020,23020,1,1
2024-12-31 15:45:45.398,23019,23020,23020,1,1
2024-12-31 15:45:46.953,23019,23021,23019,1,-1
2024-12-31 15:45:50.964,23019,23021,23021,1,1
2024-12-31 15:45:53.435,23019,23021,23020,2,2
2024-12-31 15:45:58.531,23020,23022,23022,3,3
2024-12-31 15:45:58.531,23020,23022,23022,1,1
2024-12-31 15:45:58.531,23020,23022,23022,5,5
2024-12-31 15:45:58.531,23020,23022,23022,1,1
2024-12-31 15:45:58.531,23020,23022,23022,1,1
2024-12-31 15:46:01.513,23022,23024,23022,1,-1
2024-12-31 15:46:01.540,23021,23024,23024,1,1
2024-12-31 15:46:01.540,23021,23024,23024,1,1
2024-12-31 15:46:01.553,23021,23024,23025,1,1
2024-12-31 15:46:01.554,23021,23024,23025,1,1
2024-12-31 15:46:02.405,23023,23024,23024,1,1
2024-12-31 15:46:02.522,23023,23024,23024,1,1
2024-12-31 15:46:02.523,23023,23024,23024,1,1
2024-12-31 15:46:03.178,23023,23025,23023,1,-1
2024-12-31 15:46:03.455,23023,23025,23023,4,-4
2024-12-31 15:46:05.409,23021,23024,23021,1,-1
2024-12-31 15:46:35.219,23023,23025,23023,1,-1
2024-12-31 15:46:35.220,23023,23025,23023,1,-1
2024-12-31 15:46:46.883,23022,23023,23023,1,1
2024-12-31 15:46:46.897,23022,23025,23025,1,1
2024-12-31 15:46:46.897,23022,23025,23025,1,1
2024-12-31 15:46:46.897,23022,23025,23025,1,1
2024-12-31 15:46:46.897,23022,23025,23025,1,1
2024-12-31 15:46:46.897,23022,23025,23025,1,1
2024-12-31 15:46:46.939,23022,23025,23025,2,2
2024-12-31 15:47:12.200,23024,23025,23024,1,-1
2024-12-31 15:47:12.272,23023,23024,23026,1,1
2024-12-31 15:47:12.272,23023,23024,23025,2,2
2024-12-31 15:47:12.272,23023,23024,23024,1,1
2024-12-31 15:47:12.272,23023,23024,23025,1,1
2024-12-31 15:47:12.272,23023,23024,23025,1,1
2024-12-31 15:47:12.273,23023,23024,23026,1,1
2024-12-31 15:47:12.273,23023,23024,23027,1,1
2024-12-31 15:47:12.273,23023,23024,23027,1,1
2024-12-31 15:47:12.274,23023,23024,23027,1,1
2024-12-31 15:47:20.861,23021,23023,23023,1,1
2024-12-31 15:47:46.777,23022,23023,23022,1,-1
2024-12-31 15:47:46.896,23021,23023,23023,1,1
2024-12-31 15:47:46.896,23021,23023,23023,1,1
2024-12-31 15:47:56.063,23021,23023,23023,4,4
2024-12-31 15:47:56.063,23021,23023,23024,4,4
2024-12-31 15:47:56.605,23023,23026,23023,1,-1
2024-12-31 15:48:12.234,23022,23023,23023,2,2
2024-12-31 15:48:21.776,23023,23024,23023,1,-1
2024-12-31 15:48:28.427,23022,23023,23022,1,-1
2024-12-31 15:48:44.545,23021,23023,23021,1,-1
2024-12-31 15:48:57.101,23019,23021,23021,1,1
2024-12-31 15:48:59.313,23020,23022,23020,1,-1
2024-12-31 15:49:00.645,23019,23020,23019,4,-4
2024-12-31 15:49:00.647,23019,23020,23018,3,-3
2024-12-31 15:49:00.648,23019,23020,23018,1,-1
2024-12-31 15:49:00.648,23019,23020,23018,2,-2
2024-12-31 15:49:00.806,23017,23019,23019,1,1
2024-12-31 15:49:08.902,23017,23019,23017,1,-1
2024-12-31 15:49:09.079,23017,23019,23017,1,-1
2024-12-31 15:49:09.079,23017,23019,23016,3,-3
2024-12-31 15:49:12.510,23017,23019,23017,1,-1
2024-12-31 15:49:14.553,23017,23019,23017,1,-1
2024-12-31 15:49:21.158,23016,23018,23016,1,-1
2024-12-31 15:49:25.469,23015,23018,23015,3,-3
2024-12-31 15:49:27.981,23015,23017,23015,1,-1
2024-12-31 15:49:31.595,23013,23015,23014,1,-1
2024-12-31 15:49:33.525,23013,23015,23013,1,-1
2024-12-31 15:49:34.127,23013,23014,23014,1,1
2024-12-31 15:49:41.939,23013,23014,23013,2,-2
2024-12-31 15:49:41.940,23013,23014,23013,1,-1
2024-12-31 15:49:46.831,23013,23015,23015,2,2
2024-12-31 15:49:46.874,23013,23015,23016,1,1
2024-12-31 15:49:53.043,23017,23018,23017,1,-1
2024-12-31 15:49:57.521,23016,23017,23017,1,1
2024-12-31 15:50:08.184,23015,23017,23017,5,5
2024-12-31 15:50:08.294,23017,23018,23018,1,1
2024-12-31 15:50:22.717,23018,23019,23018,1,-1
2024-12-31 15:50:52.429,23018,23019,23019,1,1
2024-12-31 15:50:52.914,23018,23021,23018,1,-1
2024-12-31 15:51:02.342,23017,23019,23017,1,-1
2024-12-31 15:51:17.636,23017,23019,23019,1,1
2024-12-31 15:51:41.527,23016,23019,23016,1,-1
2024-12-31 15:51:49.371,23017,23020,23017,1,-1
2024-12-31 15:52:49.792,23017,23019,23019,1,1
2024-12-31 15:52:57.749,23017,23018,23017,2,-2
2024-12-31 15:53:36.044,23017,23019,23018,1,-1
2024-12-31 15:53:51.609,23017,23018,23017,2,-2
2024-12-31 15:54:03.819,23016,23017,23017,1,1
2024-12-31 15:54:14.263,23016,23018,23016,2,-2
2024-12-31 15:54:17.507,23017,23018,23018,1,1
2024-12-31 15:54:17.525,23018,23020,23020,1,1
2024-12-31 15:54:17.816,23019,23021,23021,1,1
2024-12-31 15:54:19.861,23020,23021,23021,4,4
2024-12-31 15:54:59.438,23020,23021,23020,1,-1
2024-12-31 15:55:17.723,23018,23020,23020,1,1
2024-12-31 15:55:38.130,23019,23020,23019,1,-1
2024-12-31 15:55:42.278,23018,23020,23018,1,-1
2024-12-31 15:55:46.497,23017,23020,23017,1,-1
2024-12-31 15:55:56.275,23016,23018,23016,1,-1
2024-12-31 15:56:03.609,23015,23016,23015,2,-2
2024-12-31 15:56:03.610,23015,23016,23014,7,-7
2024-12-31 15:56:03.770,23013,23014,23013,1,-1
2024-12-31 15:56:03.770,23013,23014,23013,1,-1
2024-12-31 15:56:11.065,23011,23013,23011,2,-2
2024-12-31 15:56:11.065,23011,23013,23010,1,-1
2024-12-31 15:56:14.254,23010,23011,23010,3,-3
2024-12-31 15:56:14.255,23010,23011,23009,3,-3
2024-12-31 15:56:20.738,23008,23010,23008,1,-1
2024-12-31 15:56:21.532,23009,23011,23011,1,1
2024-12-31 15:56:25.521,23010,23013,23011,1,-1
2024-12-31 15:56:44.937,23008,23009,23008,1,-1
2024-12-31 15:56:49.611,23009,23011,23011,2,2
2024-12-31 15:56:50.391,23010,23012,23009,1,-1
2024-12-31 15:56:50.391,23010,23012,23010,1,-1
2024-12-31 15:56:57.201,23009,23012,23010,2,-2
2024-12-31 15:57:07.830,23010,23011,23011,1,1
2024-12-31 15:57:09.872,23010,23011,23010,1,-1
2024-12-31 15:57:14.319,23009,23011,23010,1,-1
2024-12-31 15:57:15.896,23009,23012,23010,1,-1
2024-12-31 15:57:43.511,23009,23010,23010,1,1
2024-12-31 15:57:47.600,23010,23012,23012,3,3
2024-12-31 15:58:33.471,23016,23017,23016,1,-1
2024-12-31 15:58:38.432,23016,23017,23017,1,1
2024-12-31 15:58:38.432,23016,23017,23017,3,3
2024-12-31 15:58:38.647,23018,23019,23018,2,-2
2024-12-31 15:58:38.647,23018,23019,23017,1,-1
2024-12-31 15:58:40.905,23017,23019,23019,1,1
2024-12-31 15:58:40.906,23017,23019,23019,1,1
2024-12-31 15:58:43.423,23017,23019,23017,3,-3
2024-12-31 15:58:47.627,23015,23018,23015,1,-1
2024-12-31 15:59:02.904,23014,23015,23014,1,-1
2024-12-31 15:59:05.931,23013,23016,23013,1,-1
2024-12-31 15:59:16.731,23013,23015,23015,1,1
2024-12-31 15:59:26.335,23013,23015,23013,6,-6
2024-12-31 15:59:30.547,23012,23013,23012,1,-1
2024-12-31 15:59:34.786,23010,23013,23013,1,1
2024-12-31 15:59:48.331,23011,23013,23013,3,3
2024-12-31 15:59:50.741,23013,23015,23013,1,-1
2024-12-31 15:59:51.214,23013,23015,23013,1,-1
2024-12-31 16:00:00.447,23012,23015,23015,1,1
2024-12-31 16:00:00.618,23013,23016,23016,2,2
2024-12-31 16:00:00.622,23013,23016,23018,4,4
2024-12-31 16:00:00.680,23016,23019,23020,1,1
2024-12-31 16:00:00.777,23018,23020,23018,1,-1
2024-12-31 16:00:10.029,23013,23015,23013,1,-1
2024-12-31 16:00:10.885,23011,23013,23011,2,-2
2024-12-31 16:00:11.283,23011,23013,23010,3,-3
2024-12-31 16:00:11.283,23011,23013,23011,1,-1
2024-12-31 16:00:12.516,23009,23011,23011,1,1
2024-12-31 16:00:17.333,23009,23011,23011,3,3
2024-12-31 16:00:19.387,23011,23012,23011,1,-1
2024-12-31 16:00:19.388,23011,23012,23011,1,-1
2024-12-31 16:00:20.491,23010,23011,23011,1,1
2024-12-31 16:00:21.185,23010,23011,23010,2,-2
2024-12-31 16:00:26.267,23008,23009,23009,1,1
2024-12-31 16:00:26.344,23008,23010,23010,1,1
2024-12-31 16:00:27.941,23008,23011,23010,1,1
2024-12-31 16:00:28.096,23009,23011,23009,1,-1
2024-12-31 16:00:28.743,23009,23010,23009,1,-1
2024-12-31 16:00:30.828,23009,23010,23009,1,-1
2024-12-31 16:00:30.890,23009,23010,23010,1,1
2024-12-31 16:00:32.708,23010,23011,23011,1,1
2024-12-31 16:00:34.495,23010,23012,23010,5,-5
2024-12-31 16:00:40.385,23008,23009,23008,1,-1
2024-12-31 16:00:40.386,23008,23009,23008,2,-2
2024-12-31 16:00:40.678,23007,23008,23008,1,1
2024-12-31 16:00:48.971,23007,23009,23009,2,2
2024-12-31 16:00:48.974,23007,23009,23010,1,1
2024-12-31 16:00:49.043,23009,23011,23009,1,-1
2024-12-31 16:00:54.857,23007,23009,23007,4,-4
2024-12-31 16:00:58.095,23006,23007,23006,1,-1
2024-12-31 16:00:58.095,23006,23007,23006,5,-5
2024-12-31 16:00:58.096,23006,23007,23006,2,-2
2024-12-31 16:00:58.097,23006,23007,23005,8,-8
2024-12-31 16:00:58.098,23006,23007,23005,1,-1
2024-12-31 16:00:58.098,23006,23007,23005,4,-4
2024-12-31 16:00:59.194,23004,23006,23006,1,1
2024-12-31 16:01:06.532,23004,23006,23004,1,-1
2024-12-31 16:01:08.793,23004,23006,23006,1,1
2024-12-31 16:01:08.793,23004,23006,23006,1,1
2024-12-31 16:01:12.413,23005,23007,23007,1,1
2024-12-31 16:01:15.963,23006,23008,23008,4,4
2024-12-31 16:01:16.280,23008,23009,23009,1,1
2024-12-31 16:01:43.167,23010,23012,23010,1,-1
2024-12-31 16:01:43.168,23010,23012,23008,5,-5
2024-12-31 16:01:43.230,23010,23012,23009,1,-1
2024-12-31 16:01:43.826,23007,23010,23010,1,1
2024-12-31 16:01:49.745,23009,23012,23009,2,-2
2024-12-31 16:01:53.686,23009,23012,23012,2,2
2024-12-31 16:01:54.145,23009,23012,23012,1,1
2024-12-31 16:01:57.704,23009,23012,23009,2,-2
2024-12-31 16:02:25.158,23010,23011,23010,1,-1
2024-12-31 16:02:25.158,23010,23011,23010,1,-1
2024-12-31 16:02:25.158,23010,23011,23010,1,-1
2024-12-31 16:02:25.170,23010,23011,23009,3,-3
2024-12-31 16:02:25.182,23010,23011,23009,1,-1
2024-12-31 16:02:38.338,23006,23007,23006,1,-1
2024-12-31 16:02:38.338,23006,23007,23005,1,-1
2024-12-31 16:02:39.352,23005,23007,23005,2,-2
2024-12-31 16:02:45.010,23007,23008,23008,1,1
2024-12-31 16:02:47.723,23008,23010,23009,3,3
2024-12-31 16:02:53.541,23008,23010,23008,1,-1
2024-12-31 16:02:59.765,23008,23010,23010,4,4
2024-12-31 16:03:00.726,23008,23010,23010,1,1
2024-12-31 16:03:13.738,23008,23010,23010,1,1
2024-12-31 16:03:13.919,23010,23011,23011,1,1
2024-12-31 16:03:13.919,23010,23011,23011,1,1
2024-12-31 16:03:16.793,23009,23012,23009,1,-1
2024-12-31 16:03:21.745,23009,23011,23009,1,-1
2024-12-31 16:03:43.870,23010,23012,23012,2,2
2024-12-31 16:03:45.072,23011,23013,23013,2,2
2024-12-31 16:03:46.460,23013,23014,23014,1,1
2024-12-31 16:03:47.208,23014,23015,23015,1,1
2024-12-31 16:03:48.790,23013,23015,23013,1,-1
2024-12-31 16:03:58.644,23013,23016,23016,3,3
2024-12-31 16:04:00.430,23013,23016,23013,1,-1
2024-12-31 16:04:00.848,23011,23014,23014,1,1
2024-12-31 16:04:09.316,23012,23014,23014,1,1
2024-12-31 16:04:25.148,23014,23015,23015,1,1
2024-12-31 16:05:00.105,23010,23012,23010,1,-1
2024-12-31 16:05:00.129,23010,23012,23010,1,-1
2024-12-31 16:05:03.650,23007,23009,23009,2,2
2024-12-31 16:05:05.201,23008,23010,23008,3,-3
2024-12-31 16:05:36.723,23008,23010,23008,1,-1
2024-12-31 16:05:36.723,23008,23010,23008,1,-1
2024-12-31 16:05:36.732,23008,23010,23007,2,-2
2024-12-31 16:05:36.746,23008,23010,23008,2,-2
2024-12-31 16:05:37.419,23006,23008,23008,1,1
2024-12-31 16:05:48.293,23005,23007,23007,1,1
2024-12-31 16:05:53.873,23007,23010,23007,5,-5
2024-12-31 16:05:53.897,23005,23008,23008,5,5
2024-12-31 16:05:54.385,23007,23008,23008,1,1
2024-12-31 16:06:02.701,23007,23008,23007,2,-2
2024-12-31 16:06:12.090,23006,23008,23008,1,1
2024-12-31 16:06:12.661,23009,23010,23010,1,1
2024-12-31 16:06:12.661,23009,23010,23010,3,3
2024-12-31 16:06:20.313,23009,23011,23011,1,1
2024-12-31 16:06:20.713,23009,23012,23012,5,5
2024-12-31 16:06:27.085,23010,23012,23010,6,-6
2024-12-31 16:06:36.647,23009,23012,23009,1,-1
2024-12-31 16:06:44.562,23010,23012,23010,1,-1
2024-12-31 16:06:53.196,23007,23009,23007,2,-2
2024-12-31 16:06:56.561,23006,23007,23007,3,3
2024-12-31 16:07:02.482,23006,23008,23006,6,-6
2024-12-31 16:07:02.573,23005,23006,23004,2,-2
2024-12-31 16:07:02.573,23005,23006,23005,2,-2
2024-12-31 16:07:02.962,23004,23006,23004,4,-4
2024-12-31 16:07:02.986,23004,23006,23006,1,1
2024-12-31 16:07:12.718,23005,23007,23007,1,1
2024-12-31 16:07:25.520,23008,23010,23008,1,-1
2024-12-31 16:07:48.473,23009,23012,23009,5,-5
2024-12-31 16:07:48.939,23008,23011,23011,1,1
2024-12-31 16:08:01.081,23011,23012,23012,1,1
2024-12-31 16:08:03.227,23011,23012,23011,1,-1
2024-12-31 16:08:13.994,23009,23012,23012,1,1
2024-12-31 16:08:25.992,23009,23012,23012,1,1
2024-12-31 16:08:34.496,23010,23012,23010,1,-1
2024-12-31 16:08:38.131,23009,23012,23012,1,1
2024-12-31 16:09:10.132,23009,23011,23012,1,1
2024-12-31 16:09:14.934,23012,23014,23012,1,-1
2024-12-31 16:09:18.562,23013,23014,23013,1,-1
2024-12-31 16:09:33.446,23013,23015,23015,4,4
2024-12-31 16:09:41.704,23013,23015,23015,1,1
2024-12-31 16:09:49.378,23013,23015,23015,1,1
2024-12-31 16:09:57.988,23014,23016,23016,2,2
2024-12-31 16:09:59.865,23015,23017,23015,1,-1
2024-12-31 16:10:00.753,23014,23017,23017,1,1
2024-12-31 16:10:04.354,23016,23018,23016,1,-1
2024-12-31 16:10:19.008,23015,23018,23016,1,-1
2024-12-31 16:10:20.846,23015,23016,23015,2,-2
2024-12-31 16:10:30.348,23014,23016,23016,1,1
2024-12-31 16:10:31.051,23014,23016,23014,1,-1
2024-12-31 16:10:35.247,23014,23016,23016,1,1
2024-12-31 16:10:37.563,23014,23015,23014,1,-1
2024-12-31 16:10:37.606,23014,23015,23013,1,-1
2024-12-31 16:10:37.606,23014,23015,23013,1,-1
2024-12-31 16:10:49.557,23012,23013,23013,1,1
2024-12-31 16:11:00.674,23010,23012,23010,2,-2
2024-12-31 16:11:16.293,23013,23014,23014,1,1
2024-12-31 16:11:27.613,23010,23013,23012,1,1
2024-12-31 16:12:02.841,23010,23013,23013,1,1
2024-12-31 16:12:13.459,23010,23012,23012,1,1
2024-12-31 16:12:17.626,23010,23012,23012,1,1
2024-12-31 16:12:18.535,23010,23012,23010,2,-2
2024-12-31 16:12:23.271,23010,23011,23011,1,1
2024-12-31 16:12:24.266,23010,23012,23012,1,1
2024-12-31 16:12:31.879,23011,23012,23011,1,-1
2024-12-31 16:12:36.746,23010,23012,23012,1,1
2024-12-31 16:13:00.329,23012,23014,23012,1,-1
2024-12-31 16:13:35.566,23013,23015,23013,1,-1
2024-12-31 16:13:48.714,23012,23013,23012,2,-2
2024-12-31 16:14:02.211,23011,23013,23011,3,-3
2024-12-31 16:14:06.261,23009,23010,23009,1,-1
2024-12-31 16:14:21.024,23008,23009,23009,1,1
2024-12-31 16:14:22.690,23008,23011,23011,1,1
2024-12-31 16:14:25.597,23009,23011,23009,1,-1
2024-12-31 16:14:32.228,23008,23011,23008,1,-1
2024-12-31 16:14:32.228,23008,23011,23008,1,-1
2024-12-31 16:14:32.229,23008,23011,23008,2,-2
2024-12-31 16:14:32.267,23008,23011,23007,2,-2
2024-12-31 16:14:37.931,23006,23008,23008,1,1
2024-12-31 16:14:42.268,23007,23008,23007,1,-1
2024-12-31 16:14:42.906,23006,23008,23006,2,-2
2024-12-31 16:14:44.855,23006,23007,23006,4,-4
2024-12-31 16:14:44.855,23006,23007,23006,2,-2
2024-12-31 16:14:44.911,23005,23007,23005,1,-1
2024-12-31 16:14:46.972,23005,23007,23005,1,-1
2024-12-31 16:14:46.972,23005,23007,23005,1,-1
2024-12-31 16:14:46.972,23005,23007,23005,1,-1
2024-12-31 16:14:46.972,23005,23007,23005,1,-1
2024-12-31 16:14:46.972,23005,23007,23005,1,-1
2024-12-31 16:14:46.989,23005,23007,23005,1,-1
2024-12-31 16:14:48.632,23004,23005,23005,1,1
2024-12-31 16:14:48.633,23004,23005,23005,1,1
2024-12-31 16:14:50.939,23005,23007,23007,2,2
2024-12-31 16:14:52.513,23006,23009,23006,3,-3
2024-12-31 16:14:53.176,23006,23009,23009,1,1
2024-12-31 16:15:00.792,23006,23007,23007,2,2
2024-12-31 16:15:04.625,23006,23008,23006,2,-2
2024-12-31 16:15:11.431,23006,23008,23006,1,-1
2024-12-31 16:15:21.313,23006,23008,23006,1,-1
2024-12-31 16:15:26.238,23007,23008,23008,1,1
2024-12-31 16:15:36.951,23007,23009,23008,1,1
2024-12-31 16:15:57.187,23007,23009,23007,1,-1
2024-12-31 16:16:01.313,23006,23008,23005,3,-3
2024-12-31 16:16:01.315,23006,23008,23005,1,-1
2024-12-31 16:16:02.005,23004,23006,23004,2,-2
2024-12-31 16:16:03.703,23004,23006,23006,1,1
2024-12-31 16:16:03.954,23004,23006,23004,8,-8
2024-12-31 16:16:16.088,23005,23007,23006,1,-1
2024-12-31 16:16:30.248,23005,23006,23005,1,-1
2024-12-31 16:16:30.253,23005,23006,23004,2,-2
2024-12-31 16:16:30.255,23005,23006,23003,3,-3
2024-12-31 16:16:30.277,23002,23004,23004,1,1
2024-12-31 16:16:30.298,23002,23004,23002,1,-1
2024-12-31 16:16:30.518,23003,23004,23003,1,-1
2024-12-31 16:16:43.187,23002,23004,23002,1,-1
2024-12-31 16:16:43.280,23002,23004,23002,2,-2
2024-12-31 16:16:45.032,23002,23003,23003,1,1
2024-12-31 16:16:46.659,23002,23003,23002,7,-7
2024-12-31 16:16:49.108,23001,23003,23001,1,-1
2024-12-31 16:16:51.250,23001,23002,23001,1,-1
2024-12-31 16:16:51.273,23000,23001,23001,3,3
2024-12-31 16:16:53.785,23001,23002,23001,1,-1
2024-12-31 16:16:54.320,23000,23002,23000,1,-1
2024-12-31 16:16:54.458,23000,23002,23000,1,-1
2024-12-31 16:16:59.428,23000,23001,23000,1,-1
2024-12-31 16:17:01.742,23000,23001,23000,1,-1
2024-12-31 16:17:03.614,23000,23001,23001,1,1
2024-12-31 16:17:03.886,23000,23001,23000,5,-5
2024-12-31 16:17:04.008,23000,23001,23000,14,-14
2024-12-31 16:17:16.044,22999,23000,23000,1,1
2024-12-31 16:17:19.185,23000,23001,23001,1,1
2024-12-31 16:17:22.188,23000,23003,23000,1,-1
2024-12-31 16:17:34.083,23001,23003,23003,1,1
2024-12-31 16:17:34.575,23002,23005,23003,1,-1
2024-12-31 16:17:54.576,23005,23006,23005,9,-9
2024-12-31 16:17:54.576,23005,23006,23004,1,-1
2024-12-31 16:18:01.463,23004,23006,23004,4,-4
2024-12-31 16:18:01.840,23003,23004,23003,1,-1
2024-12-31 16:18:02.174,23002,23003,23002,1,-1
2024-12-31 16:18:06.261,23001,23003,23001,1,-1
2024-12-31 16:18:06.290,23001,23003,23001,1,-1
2024-12-31 16:18:24.118,23001,23002,23001,2,-2
2024-12-31 16:18:31.316,23001,23002,23001,2,-2
2024-12-31 16:18:32.390,23000,23001,23001,2,2
2024-12-31 16:18:35.185,23000,23002,23000,2,-2
2024-12-31 16:18:35.217,23000,23002,23001,1,-1
2024-12-31 16:18:41.666,23000,23001,23001,1,1
2024-12-31 16:18:43.568,23000,23001,23000,2,-2
2024-12-31 16:18:43.579,23000,23001,22999,1,-1
2024-12-31 16:18:43.579,23000,23001,22999,1,-1
2024-12-31 16:18:43.594,23000,23001,22998,2,-2
2024-12-31 16:18:43.804,22997,22998,22998,1,1
2024-12-31 16:18:47.034,22997,22998,22997,3,-3
2024-12-31 16:18:47.034,22997,22998,22997,2,-2
2024-12-31 16:18:47.034,22997,22998,22997,3,-3
2024-12-31 16:18:47.034,22997,22998,22997,2,-2
2024-12-31 16:18:47.034,22997,22998,22997,1,-1
2024-12-31 16:18:47.241,22996,22997,22997,1,1
2024-12-31 16:18:47.684,22996,22998,22996,1,-1
2024-12-31 16:18:49.909,22996,22998,22998,1,1
2024-12-31 16:18:52.793,22997,22999,22997,1,-1
2024-12-31 16:18:53.456,22996,22998,22996,1,-1
2024-12-31 16:18:53.792,22996,22998,22996,2,-2
2024-12-31 16:18:56.709,22995,22997,22995,2,-2
2024-12-31 16:18:56.794,22995,22997,22995,1,-1
2024-12-31 16:18:56.822,22995,22997,22995,4,-4
2024-12-31 16:18:56.832,22995,22997,22995,1,-1
2024-12-31 16:18:56.832,22995,22997,22994,1,-1
2024-12-31 16:18:56.832,22995,22997,22993,2,-2
2024-12-31 16:18:56.858,22995,22997,22993,1,-1
2024-12-31 16:18:56.862,22995,22997,22993,4,-4
2024-12-31 16:18:56.864,22995,22997,22992,2,-2
2024-12-31 16:18:56.864,22995,22997,22992,1,-1
2024-12-31 16:18:56.879,22995,22997,22991,1,-1
2024-12-31 16:18:56.879,22995,22997,22991,1,-1
2024-12-31 16:18:56.879,22995,22997,22991,1,-1
2024-12-31 16:18:56.883,22995,22997,22992,3,-3
2024-12-31 16:18:56.916,22991,22993,22991,1,-1
2024-12-31 16:18:56.957,22991,22993,22991,1,-1
2024-12-31 16:18:56.988,22991,22993,22991,1,-1
2024-12-31 16:18:57.229,22992,22994,22992,1,-1
2024-12-31 16:18:57.253,22992,22994,22992,2,-2
2024-12-31 16:18:57.253,22992,22994,22991,1,-1
2024-12-31 16:18:57.299,22991,22993,22991,1,-1
2024-12-31 16:18:57.437,22991,22993,22993,1,1
2024-12-31 16:18:57.529,22992,22994,22992,4,-4
2024-12-31 16:18:57.529,22992,22994,22991,3,-3
2024-12-31 16:18:58.963,22992,22994,22994,1,1
2024-12-31 16:18:59.080,22992,22994,22994,1,1
2024-12-31 16:18:59.731,22992,22994,22992,2,-2
2024-12-31 16:19:00.858,22991,22993,22993,2,2
2024-12-31 16:19:02.358,22991,22994,22991,1,-1
2024-12-31 16:19:02.603,22991,22994,22991,2,-2
2024-12-31 16:19:02.790,22991,22993,22991,1,-1
2024-12-31 16:19:04.969,22993,22995,22995,1,1
2024-12-31 16:19:04.969,22993,22995,22996,1,1
2024-12-31 16:19:06.110,22994,22997,22997,1,1
2024-12-31 16:19:07.160,22995,22998,22995,2,-2
2024-12-31 16:19:07.272,22994,22997,22994,1,-1
2024-12-31 16:19:07.272,22994,22997,22994,1,-1
2024-12-31 16:19:09.804,22994,22997,22994,2,-2
2024-12-31 16:19:10.383,22994,22997,22994,3,-3
2024-12-31 16:19:10.383,22994,22997,22994,1,-1
2024-12-31 16:19:12.592,22994,22997,22994,2,-2
2024-12-31 16:19:15.278,22994,22996,22994,2,-2
2024-12-31 16:19:18.266,22993,22995,22993,2,-2
2024-12-31 16:19:24.716,22995,22997,22995,1,-1
2024-12-31 16:19:24.772,22995,22997,22994,1,-1
2024-12-31 16:19:24.772,22995,22997,22994,1,-1
2024-12-31 16:19:24.772,22995,22997,22995,1,-1
2024-12-31 16:19:24.772,22995,22997,22994,1,-1
2024-12-31 16:19:29.000,22995,22997,22995,1,-1
2024-12-31 16:19:29.002,22995,22997,22995,1,-1
2024-12-31 16:19:29.061,22993,22996,22996,1,1
2024-12-31 16:19:38.856,22996,22998,22998,1,1
2024-12-31 16:19:38.897,22996,22998,22996,1,-1
2024-12-31 16:19:42.219,22997,22998,22998,2,2
2024-12-31 16:19:42.271,22997,22999,22997,1,-1
2024-12-31 16:19:59.171,22997,22999,22997,1,-1
2024-12-31 16:20:08.304,22997,22999,22997,1,-1
2024-12-31 16:20:09.920,22998,22999,22999,1,1
2024-12-31 16:20:10.022,22998,23000,22998,1,-1
2024-12-31 16:20:10.022,22998,23000,22998,1,-1
2024-12-31 16:20:10.733,22997,22999,22997,1,-1
2024-12-31 16:20:17.011,22997,22999,22997,1,-1
2024-12-31 16:20:24.876,22997,22998,22997,1,-1
2024-12-31 16:20:24.898,22996,22997,22996,1,-1
2024-12-31 16:20:24.898,22996,22997,22996,4,-4
2024-12-31 16:20:25.513,22994,22997,22997,1,1
2024-12-31 16:20:44.954,22996,22997,22996,1,-1
2024-12-31 16:20:56.102,22994,22995,22994,1,-1
2024-12-31 16:20:56.147,22993,22994,22993,1,-1
2024-12-31 16:20:56.148,22993,22994,22993,1,-1
2024-12-31 16:20:56.148,22993,22994,22992,1,-1
2024-12-31 16:20:56.226,22993,22994,22992,1,-1
2024-12-31 16:20:59.631,22992,22994,22994,1,1
2024-12-31 16:21:09.967,22993,22996,22993,2,-2
2024-12-31 16:21:11.188,22993,22995,22993,3,-3
2024-12-31 16:21:11.271,22992,22995,22992,1,-1
2024-12-31 16:21:43.828,22994,22995,22994,2,-2
2024-12-31 16:21:48.937,22993,22995,22995,1,1
2024-12-31 16:22:12.950,22995,22997,22997,3,3
2024-12-31 16:22:14.475,22998,23000,23000,1,1
2024-12-31 16:22:14.634,23000,23002,23000,1,-1
2024-12-31 16:22:29.522,23000,23002,23002,1,1
2024-12-31 16:22:29.673,23000,23002,23000,1,-1
2024-12-31 16:22:29.673,23000,23002,22999,8,-8
2024-12-31 16:22:29.674,23000,23002,22999,1,-1
2024-12-31 16:22:36.787,22998,22999,22999,5,5
2024-12-31 16:22:36.787,22998,22999,23000,1,1
2024-12-31 16:22:36.787,22998,22999,23001,11,11
2024-12-31 16:22:36.787,22998,22999,23002,8,8
2024-12-31 16:22:52.807,23002,23003,23003,2,2
2024-12-31 16:22:52.807,23002,23003,23003,1,1
2024-12-31 16:22:53.193,23003,23006,23006,4,4
2024-12-31 16:22:53.396,23003,23006,23006,1,1
2024-12-31 16:22:56.037,23004,23006,23006,1,1
2024-12-31 16:22:58.147,23004,23006,23006,1,1
2024-12-31 16:23:04.167,23003,23005,23005,2,2
2024-12-31 16:23:07.330,23005,23006,23005,1,-1
2024-12-31 16:23:24.410,23003,23005,23003,2,-2
2024-12-31 16:23:24.543,23002,23005,23002,1,-1
2024-12-31 16:23:40.623,23002,23005,23005,1,1
2024-12-31 16:23:41.208,23003,23005,23003,1,-1
2024-12-31 16:23:50.803,23003,23005,23005,1,1
2024-12-31 16:23:53.919,23005,23006,23005,1,-1
2024-12-31 16:24:01.364,23005,23006,23005,1,-1
2024-12-31 16:24:02.612,23005,23006,23006,1,1
2024-12-31 16:24:02.612,23005,23006,23006,1,1
2024-12-31 16:24:02.612,23005,23006,23006,1,1
2024-12-31 16:24:15.803,23005,23006,23005,1,-1
2024-12-31 16:24:15.943,23005,23006,23005,1,-1
2024-12-31 16:24:31.599,23005,23006,23005,1,-1
2024-12-31 16:24:31.599,23005,23006,23005,1,-1
2024-12-31 16:24:32.129,23003,23005,23005,1,1
2024-12-31 16:24:33.084,23004,23007,23004,1,-1
2024-12-31 16:24:38.952,23004,23007,23004,1,-1
2024-12-31 16:24:46.014,23004,23005,23005,1,1
2024-12-31 16:24:51.814,23004,23006,23004,1,-1
2024-12-31 16:24:55.520,23004,23006,23004,1,-1
2024-12-31 16:24:58.434,23005,23006,23005,1,-1
2024-12-31 16:25:06.074,23004,23006,23006,4,4
2024-12-31 16:25:08.096,23006,23007,23006,4,-4
2024-12-31 16:25:08.096,23006,23007,23006,1,-1
2024-12-31 16:25:08.096,23006,23007,23006,3,-3
2024-12-31 16:25:08.096,23006,23007,23006,1,-1
2024-12-31 16:25:08.096,23006,23007,23006,1,-1
2024-12-31 16:25:08.096,23006,23007,23006,1,-1
2024-12-31 16:25:09.019,23004,23006,23006,1,1
2024-12-31 16:25:20.023,23004,23006,23005,1,1
2024-12-31 16:25:22.426,23004,23006,23004,1,-1
2024-12-31 16:25:24.747,23005,23006,23005,1,-1
2024-12-31 16:25:37.332,23005,23006,23005,1,-1
2024-12-31 16:25:37.332,23005,23006,23005,1,-1
2024-12-31 16:25:37.332,23005,23006,23005,1,-1
2024-12-31 16:25:37.332,23005,23006,23005,1,-1
2024-12-31 16:25:37.332,23005,23006,23005,1,-1
2024-12-31 16:25:57.639,23003,23005,23005,2,2
2024-12-31 16:26:11.902,23004,23005,23005,2,2
2024-12-31 16:26:20.772,23004,23006,23004,1,-1
2024-12-31 16:26:22.851,23003,23006,23003,1,-1
2024-12-31 16:26:41.858,23004,23005,23005,1,1
2024-12-31 16:26:41.858,23004,23005,23005,1,1
2024-12-31 16:26:48.966,23005,23006,23005,1,-1
2024-12-31 16:26:53.657,23004,23005,23004,1,-1
2024-12-31 16:26:56.129,23003,23005,23004,2,-2
2024-12-31 16:27:00.582,23003,23004,23004,1,1
2024-12-31 16:27:03.806,23003,23004,23003,1,-1
2024-12-31 16:27:10.077,23003,23004,23003,1,-1
2024-12-31 16:27:24.970,23003,23004,23003,1,-1
2024-12-31 16:27:28.657,23003,23004,23003,1,-1
2024-12-31 16:27:30.859,23003,23004,23004,1,1
2024-12-31 16:27:37.932,23003,23004,23004,1,1
2024-12-31 16:27:40.228,23003,23004,23003,1,-1
2024-12-31 16:27:42.192,23003,23004,23003,2,-2
2024-12-31 16:27:42.197,23003,23004,23002,1,-1
2024-12-31 16:27:42.198,23003,23004,23002,2,-2
2024-12-31 16:27:42.198,23003,23004,23002,1,-1
2024-12-31 16:27:42.198,23003,23004,23002,1,-1
2024-12-31 16:27:42.202,23003,23004,23002,1,-1
2024-12-31 16:28:31.841,23002,23003,23002,1,-1
2024-12-31 16:28:31.841,23002,23003,23002,1,-1
2024-12-31 16:28:31.883,23002,23003,23001,1,-1
2024-12-31 16:28:31.885,23002,23003,23001,2,-2
2024-12-31 16:28:37.141,23001,23003,23001,2,-2
2024-12-31 16:28:44.700,23002,23003,23003,1,1
2024-12-31 16:28:49.065,23003,23004,23004,1,1
2024-12-31 16:28:50.352,23003,23004,23004,1,1
2024-12-31 16:28:52.033,23003,23005,23003,2,-2
2024-12-31 16:28:57.741,23003,23005,23005,1,1
2024-12-31 16:28:59.827,23003,23005,23005,1,1
2024-12-31 16:28:59.827,23003,23005,23006,1,1
2024-12-31 16:29:05.731,23006,23007,23007,1,1
2024-12-31 16:29:13.603,23006,23008,23008,1,1
2024-12-31 16:29:17.304,23007,23008,23008,1,1
2024-12-31 16:29:17.806,23007,23009,23007,1,-1
2024-12-31 16:29:18.189,23006,23008,23008,1,1
2024-12-31 16:29:21.447,23007,23008,23008,1,1
2024-12-31 16:29:21.984,23007,23009,23009,1,1
2024-12-31 16:29:22.838,23008,23009,23009,1,1
2024-12-31 16:29:26.539,23009,23010,23009,1,-1
2024-12-31 16:29:26.861,23007,23010,23010,4,4
2024-12-31 16:29:27.045,23008,23009,23009,1,1
2024-12-31 16:29:27.084,23008,23009,23010,1,1
2024-12-31 16:29:40.411,23008,23010,23008,1,-1
2024-12-31 16:29:48.235,23008,23010,23008,1,-1
2024-12-31 16:29:49.168,23008,23010,23010,1,1
2024-12-31 16:29:51.340,23008,23009,23009,1,1
2024-12-31 16:29:51.340,23008,23009,23010,1,1
2024-12-31 16:29:54.113,23009,23011,23011,2,2
2024-12-31 16:29:56.436,23011,23012,23011,1,-1
2024-12-31 16:30:06.189,23011,23012,23011,1,-1
2024-12-31 16:30:06.847,23011,23012,23011,1,-1
2024-12-31 16:30:10.496,23011,23012,23011,1,-1
2024-12-31 16:30:10.497,23011,23012,23011,1,-1
2024-12-31 16:30:15.241,23011,23012,23011,1,-1
2024-12-31 16:30:25.979,23011,23012,23011,2,-2
2024-12-31 16:30:26.108,23009,23011,23009,1,-1
2024-12-31 16:30:40.802,23008,23009,23009,1,1
2024-12-31 16:30:55.202,23010,23011,23010,1,-1
2024-12-31 16:30:55.865,23010,23011,23010,1,-1
2024-12-31 16:31:00.397,23009,23010,23010,1,1
2024-12-31 16:31:03.631,23009,23010,23010,1,1
2024-12-31 16:31:11.786,23010,23011,23010,1,-1
2024-12-31 16:31:26.301,23009,23011,23009,1,-1
2024-12-31 16:31:26.301,23009,23011,23009,1,-1
2024-12-31 16:31:27.547,23008,23011,23011,7,7
2024-12-31 16:31:27.577,23008,23011,23012,4,4
2024-12-31 16:31:40.801,23011,23012,23012,2,2
2024-12-31 16:31:57.363,23011,23012,23012,1,1
2024-12-31 16:31:57.364,23011,23012,23012,1,1
2024-12-31 16:31:58.544,23011,23013,23013,1,1
2024-12-31 16:31:58.545,23011,23013,23013,1,1
2024-12-31 16:31:58.545,23011,23013,23013,1,1
2024-12-31 16:31:58.545,23011,23013,23013,1,1
2024-12-31 16:32:03.673,23012,23013,23013,1,1
2024-12-31 16:32:04.225,23012,23013,23013,1,1
2024-12-31 16:32:05.623,23012,23014,23014,3,3
2024-12-31 16:32:06.963,23014,23015,23015,2,2
2024-12-31 16:32:06.964,23014,23015,23015,1,1
2024-12-31 16:32:07.131,23014,23016,23016,1,1
2024-12-31 16:32:08.055,23015,23016,23015,1,-1
2024-12-31 16:32:09.787,23014,23016,23016,2,2
2024-12-31 16:32:10.891,23014,23016,23013,6,-6
2024-12-31 16:32:15.506,23013,23014,23013,1,-1
2024-12-31 16:32:21.637,23012,23013,23013,1,1
2024-12-31 16:32:21.637,23012,23013,23014,1,1
2024-12-31 16:32:27.044,23013,23015,23015,3,3
2024-12-31 16:32:29.904,23013,23015,23015,2,2
2024-12-31 16:32:43.553,23013,23015,23015,1,1
2024-12-31 16:32:54.754,23014,23015,23014,1,-1
2024-12-31 16:32:54.754,23014,23015,23014,1,-1
2024-12-31 16:32:54.755,23014,23015,23014,1,-1
2024-12-31 16:32:54.755,23014,23015,23014,1,-1
2024-12-31 16:32:57.286,23013,23015,23013,1,-1
2024-12-31 16:32:59.316,23012,23014,23014,1,1
2024-12-31 16:33:08.206,23011,23014,23014,1,1
2024-12-31 16:33:15.686,23013,23014,23013,1,-1
2024-12-31 16:33:30.750,23012,23013,23013,1,1
2024-12-31 16:33:31.309,23012,23014,23014,1,1
2024-12-31 16:33:31.309,23012,23014,23014,1,1
2024-12-31 16:33:34.269,23012,23015,23012,1,-1
2024-12-31 16:33:45.464,23012,23014,23014,1,1
2024-12-31 16:33:47.675,23013,23014,23014,1,1
2024-12-31 16:33:48.543,23014,23015,23014,2,-2
2024-12-31 16:34:03.769,23013,23014,23014,1,1
2024-12-31 16:34:04.428,23013,23015,23013,1,-1
2024-12-31 16:34:10.813,23014,23015,23015,1,1
2024-12-31 16:34:10.847,23014,23015,23015,2,2
2024-12-31 16:34:12.515,23015,23016,23015,1,-1
2024-12-31 16:34:12.762,23015,23016,23015,1,-1
2024-12-31 16:34:15.872,23015,23016,23015,1,-1
2024-12-31 16:34:20.039,23014,23016,23016,1,1
2024-12-31 16:34:23.923,23015,23016,23016,2,2
2024-12-31 16:34:23.924,23015,23016,23016,1,1
2024-12-31 16:34:24.496,23016,23017,23017,1,1
2024-12-31 16:34:24.497,23016,23017,23017,2,2
2024-12-31 16:34:24.497,23016,23017,23017,1,1
2024-12-31 16:34:24.497,23016,23017,23017,1,1
2024-12-31 16:34:26.000,23016,23018,23018,1,1
2024-12-31 16:34:26.000,23016,23018,23018,7,7
2024-12-31 16:34:26.000,23016,23018,23018,1,1
2024-12-31 16:34:26.000,23016,23018,23018,2,2
2024-12-31 16:34:26.322,23018,23019,23019,2,2
2024-12-31 16:34:26.325,23018,23019,23019,1,1
2024-12-31 16:34:32.962,23017,23019,23017,1,-1
2024-12-31 16:34:41.773,23016,23018,23018,2,2
2024-12-31 16:34:45.510,23016,23018,23016,4,-4
2024-12-31 16:34:45.510,23016,23018,23016,1,-1
2024-12-31 16:34:49.006,23014,23016,23016,1,1
2024-12-31 16:34:49.845,23014,23016,23016,1,1
2024-12-31 16:34:53.288,23015,23016,23015,1,-1
2024-12-31 16:34:53.288,23015,23016,23015,1,-1
2024-12-31 16:34:53.288,23015,23016,23015,1,-1
2024-12-31 16:34:57.956,23013,23015,23015,1,1
2024-12-31 16:35:08.220,23015,23016,23015,1,-1
2024-12-31 16:35:09.465,23014,23016,23016,1,1
2024-12-31 16:35:12.457,23014,23015,23015,1,1
2024-12-31 16:35:12.755,23014,23015,23014,4,-4
2024-12-31 16:35:12.884,23013,23014,23013,1,-1
2024-12-31 16:35:13.278,23013,23015,23013,1,-1
2024-12-31 16:35:17.655,23013,23014,23014,1,1
2024-12-31 16:35:18.734,23013,23014,23013,2,-2
2024-12-31 16:35:21.748,23011,23014,23014,1,1
2024-12-31 16:35:21.765,23011,23014,23015,2,2
2024-12-31 16:35:24.734,23014,23016,23014,1,-1
2024-12-31 16:35:31.416,23015,23016,23015,1,-1
2024-12-31 16:35:39.519,23014,23016,23014,1,-1
2024-12-31 16:35:42.244,23014,23015,23014,1,-1
2024-12-31 16:35:53.118,23012,23014,23014,2,2
2024-12-31 16:36:00.720,23012,23014,23012,1,-1
2024-12-31 16:36:00.720,23012,23014,23012,1,-1
2024-12-31 16:36:00.721,23012,23014,23012,1,-1
2024-12-31 16:36:00.721,23012,23014,23012,2,-2
2024-12-31 16:36:18.872,23011,23013,23011,1,-1
2024-12-31 16:36:35.063,23012,23014,23012,1,-1
2024-12-31 16:36:39.857,23012,23014,23014,1,1
2024-12-31 16:36:54.097,23013,23014,23013,1,-1
2024-12-31 16:37:20.128,23013,23014,23014,1,1
2024-12-31 16:37:20.645,23014,23015,23015,1,1
2024-12-31 16:37:56.934,23015,23016,23016,1,1
2024-12-31 16:38:03.479,23015,23016,23016,3,3
2024-12-31 16:38:07.765,23015,23016,23016,3,3
2024-12-31 16:38:07.769,23015,23016,23016,1,1
2024-12-31 16:38:08.234,23016,23017,23017,1,1
2024-12-31 16:38:12.055,23016,23017,23017,7,7
2024-12-31 16:38:12.056,23016,23017,23018,4,4
2024-12-31 16:38:17.242,23017,23019,23019,1,1
2024-12-31 16:38:17.243,23017,23019,23019,2,2
2024-12-31 16:38:17.243,23017,23019,23019,4,4
2024-12-31 16:38:17.246,23017,23019,23019,1,1
2024-12-31 16:38:17.248,23017,23019,23019,1,1
2024-12-31 16:38:17.970,23018,23019,23019,2,2
2024-12-31 16:38:17.973,23018,23019,23019,1,1
2024-12-31 16:38:17.975,23018,23019,23020,57,57
2024-12-31 16:38:17.976,23018,23019,23021,6,6
2024-12-31 16:38:17.978,23018,23019,23022,1,1
2024-12-31 16:38:17.978,23018,23019,23022,2,2
2024-12-31 16:38:18.036,23021,23023,23023,1,1
2024-12-31 16:38:18.038,23021,23023,23023,1,1
2024-12-31 16:38:18.040,23021,23023,23024,1,1
2024-12-31 16:38:18.059,23021,23023,23024,2,2
2024-12-31 16:38:18.266,23022,23024,23024,1,1
2024-12-31 16:38:18.294,23022,23024,23024,2,2
2024-12-31 16:38:19.113,23024,23025,23025,2,2
2024-12-31 16:38:19.114,23024,23025,23025,4,4
2024-12-31 16:38:21.900,23026,23027,23027,1,1
2024-12-31 16:38:22.021,23026,23028,23028,6,6
2024-12-31 16:38:22.021,23026,23028,23028,1,1
2024-12-31 16:38:22.023,23026,23028,23029,2,2
2024-12-31 16:38:22.024,23026,23028,23029,1,1
2024-12-31 16:38:22.047,23026,23028,23028,1,1
2024-12-31 16:38:24.065,23029,23030,23029,1,-1
2024-12-31 16:38:24.662,23029,23030,23029,1,-1
2024-12-31 16:38:24.662,23029,23030,23029,2,-2
2024-12-31 16:38:26.985,23028,23029,23028,4,-4
2024-12-31 16:38:27.243,23027,23028,23028,1,1
2024-12-31 16:38:27.243,23027,23028,23028,2,2
2024-12-31 16:38:27.958,23025,23028,23028,1,1
2024-12-31 16:38:28.052,23026,23028,23026,1,-1
2024-12-31 16:38:31.217,23027,23029,23027,1,-1
2024-12-31 16:38:37.145,23027,23028,23028,1,1
2024-12-31 16:38:37.149,23027,23028,23027,1,-1
2024-12-31 16:38:37.759,23025,23028,23028,1,1
2024-12-31 16:38:38.846,23027,23028,23027,1,-1
2024-12-31 16:38:40.076,23027,23028,23027,1,-1
2024-12-31 16:38:40.607,23025,23028,23028,1,1
2024-12-31 16:39:04.239,23024,23026,23026,1,1
2024-12-31 16:39:06.622,23025,23027,23027,1,1
2024-12-31 16:39:06.654,23025,23027,23025,1,-1
2024-12-31 16:39:18.748,23025,23026,23025,1,-1
2024-12-31 16:39:18.748,23025,23026,23025,1,-1
2024-12-31 16:39:36.541,23024,23025,23024,1,-1
2024-12-31 16:39:36.541,23024,23025,23024,1,-1
2024-12-31 16:39:48.507,23023,23025,23025,1,1
2024-12-31 16:39:48.796,23024,23026,23026,5,5
2024-12-31 16:39:49.942,23026,23027,23026,3,-3
2024-12-31 16:39:52.713,23025,23026,23025,1,-1
2024-12-31 16:40:10.553,23024,23025,23024,1,-1
2024-12-31 16:40:10.553,23024,23025,23024,2,-2
2024-12-31 16:40:10.553,23024,23025,23024,3,-3
2024-12-31 16:40:12.011,23022,23024,23024,1,1
2024-12-31 16:40:32.461,23023,23025,23023,1,-1
2024-12-31 16:40:35.629,23023,23025,23025,2,2
2024-12-31 16:40:40.202,23024,23025,23024,1,-1
2024-12-31 16:40:47.336,23024,23025,23024,1,-1
2024-12-31 16:40:54.904,23023,23025,23025,1,1
2024-12-31 16:40:54.904,23023,23025,23026,2,2
2024-12-31 16:40:54.931,23023,23025,23025,1,1
2024-12-31 16:41:02.097,23025,23026,23026,2,2
2024-12-31 16:41:02.097,23025,23026,23027,1,1
2024-12-31 16:41:04.158,23025,23027,23027,1,1
2024-12-31 16:41:04.158,23025,23027,23027,1,1
2024-12-31 16:41:04.158,23025,23027,23027,8,8
2024-12-31 16:41:04.711,23027,23028,23028,7,7
2024-12-31 16:41:11.100,23028,23029,23028,1,-1
2024-12-31 16:41:14.558,23025,23028,23028,1,1
2024-12-31 16:41:35.453,23025,23027,23027,2,2
2024-12-31 16:41:40.465,23025,23027,23025,1,-1
2024-12-31 16:41:40.465,23025,23027,23025,2,-2
2024-12-31 16:41:42.504,23022,23024,23024,1,1
2024-12-31 16:41:48.818,23022,23024,23024,1,1
2024-12-31 16:41:53.110,23022,23023,23022,1,-1
2024-12-31 16:42:01.567,23022,23023,23022,1,-1
2024-12-31 16:42:01.567,23022,23023,23022,1,-1
2024-12-31 16:42:01.567,23022,23023,23022,1,-1
2024-12-31 16:42:01.591,23022,23023,23022,1,-1
2024-12-31 16:42:05.494,23025,23026,23025,1,-1
2024-12-31 16:42:07.990,23024,23026,23024,1,-1
2024-12-31 16:42:13.511,23025,23026,23026,1,1
2024-12-31 16:42:13.511,23025,23026,23026,2,2
2024-12-31 16:42:13.511,23025,23026,23026,1,1
2024-12-31 16:42:13.818,23025,23028,23028,1,1
2024-12-31 16:42:22.204,23025,23026,23025,4,-4
2024-12-31 16:42:22.204,23025,23026,23025,1,-1
2024-12-31 16:42:22.205,23025,23026,23025,1,-1
2024-12-31 16:42:22.205,23025,23026,23025,1,-1
2024-12-31 16:42:57.472,23027,23028,23028,1,1
2024-12-31 16:42:57.472,23027,23028,23028,1,1
2024-12-31 16:43:00.202,23028,23029,23028,1,-1
2024-12-31 16:43:00.624,23027,23029,23029,1,1
2024-12-31 16:43:00.625,23027,23029,23029,1,1
2024-12-31 16:43:00.780,23027,23029,23029,1,1
2024-12-31 16:43:00.928,23027,23029,23029,1,1
2024-12-31 16:43:01.080,23027,23029,23029,1,1
2024-12-31 16:43:01.245,23027,23030,23030,1,1
2024-12-31 16:43:01.290,23027,23030,23027,1,-1
2024-12-31 16:43:01.405,23027,23030,23030,1,1
2024-12-31 16:43:01.553,23027,23030,23030,1,1
2024-12-31 16:43:01.737,23027,23030,23030,1,1
2024-12-31 16:43:01.914,23027,23030,23030,1,1
2024-12-31 16:43:02.069,23027,23030,23030,1,1
2024-12-31 16:43:02.250,23028,23030,23030,1,1
2024-12-31 16:43:02.411,23028,23030,23030,1,1
2024-12-31 16:43:02.576,23028,23030,23030,1,1
2024-12-31 16:43:02.728,23028,23030,23030,1,1
2024-12-31 16:43:02.870,23028,23030,23030,1,1
2024-12-31 16:43:03.011,23028,23030,23030,1,1
2024-12-31 16:43:03.162,23028,23030,23030,1,1
2024-12-31 16:43:03.322,23028,23030,23030,1,1
2024-12-31 16:43:03.478,23028,23030,23030,1,1
2024-12-31 16:43:03.622,23027,23030,23030,1,1
2024-12-31 16:43:05.861,23025,23028,23028,1,1
2024-12-31 16:43:06.780,23025,23028,23025,1,-1
2024-12-31 16:43:16.426,23026,23029,23028,2,2
2024-12-31 16:43:21.654,23026,23028,23028,1,1
2024-12-31 16:43:29.291,23026,23028,23026,1,-1
2024-12-31 16:43:34.760,23026,23027,23027,1,1
2024-12-31 16:44:09.483,23026,23028,23028,3,3
2024-12-31 16:44:20.213,23028,23029,23028,2,-2
2024-12-31 16:44:23.457,23028,23029,23029,1,1
2024-12-31 16:44:23.457,23028,23029,23029,1,1
2024-12-31 16:44:23.458,23028,23029,23029,1,1
2024-12-31 16:44:23.469,23028,23029,23030,2,2
2024-12-31 16:44:26.631,23028,23030,23030,1,1
2024-12-31 16:44:27.213,23029,23031,23029,1,-1
2024-12-31 16:44:34.172,23029,23030,23029,1,-1
2024-12-31 16:44:34.383,23029,23030,23030,2,2
2024-12-31 16:44:36.690,23030,23031,23031,5,5
2024-12-31 16:44:36.967,23030,23031,23031,3,3
2024-12-31 16:44:39.103,23030,23031,23030,1,-1
2024-12-31 16:44:45.295,23029,23030,23030,1,1
2024-12-31 16:44:45.295,23029,23030,23030,1,1
2024-12-31 16:44:46.082,23029,23031,23031,2,2
2024-12-31 16:44:46.410,23029,23031,23029,1,-1
2024-12-31 16:44:51.357,23029,23030,23030,1,1
2024-12-31 16:44:51.357,23029,23030,23030,1,1
2024-12-31 16:44:52.644,23029,23030,23030,2,2
2024-12-31 16:44:52.888,23029,23030,23030,1,1
2024-12-31 16:44:54.946,23029,23030,23030,1,1
2024-12-31 16:44:56.605,23029,23030,23029,2,-2
2024-12-31 16:44:56.605,23029,23030,23029,1,-1
2024-12-31 16:44:56.606,23029,23030,23029,2,-2
2024-12-31 16:45:26.426,23027,23029,23029,4,4
2024-12-31 16:45:42.249,23027,23028,23028,1,1
2024-12-31 16:45:42.480,23027,23028,23027,1,-1
2024-12-31 16:45:49.590,23026,23028,23026,1,-1
2024-12-31 16:46:03.368,23027,23029,23027,1,-1
2024-12-31 16:46:03.469,23026,23029,23026,1,-1
2024-12-31 16:46:10.565,23027,23028,23027,1,-1
2024-12-31 16:46:16.796,23027,23028,23027,1,-1
2024-12-31 16:46:18.568,23026,23028,23026,1,-1
2024-12-31 16:46:20.119,23026,23027,23026,1,-1
2024-12-31 16:46:42.401,23025,23026,23025,1,-1
2024-12-31 16:46:42.402,23025,23026,23025,1,-1
2024-12-31 16:46:42.402,23025,23026,23025,1,-1
2024-12-31 16:46:44.012,23024,23025,23024,1,-1
2024-12-31 16:46:46.167,23022,23023,23022,6,-6
2024-12-31 16:46:47.322,23020,23022,23020,1,-1
2024-12-31 16:46:47.322,23020,23022,23019,4,-4
2024-12-31 16:46:52.453,23019,23020,23019,1,-1
2024-12-31 16:47:02.231,23017,23019,23019,1,1
2024-12-31 16:47:20.607,23016,23019,23016,3,-3
2024-12-31 16:47:22.343,23016,23018,23016,2,-2
2024-12-31 16:47:27.297,23015,23018,23016,1,-1
2024-12-31 16:47:27.312,23015,23018,23015,1,-1
2024-12-31 16:47:29.247,23016,23018,23016,2,-2
2024-12-31 16:47:29.439,23015,23018,23016,2,-2
2024-12-31 16:47:43.922,23016,23018,23015,1,-1
2024-12-31 16:47:43.922,23016,23018,23016,1,-1
2024-12-31 16:47:47.674,23016,23018,23016,1,-1
2024-12-31 16:47:48.940,23016,23018,23016,1,-1
2024-12-31 16:47:53.509,23016,23018,23016,1,-1
2024-12-31 16:47:58.254,23015,23018,23016,1,-1
2024-12-31 16:48:04.550,23015,23016,23015,2,-2
2024-12-31 16:48:04.550,23015,23016,23015,1,-1
2024-12-31 16:48:04.550,23015,23016,23015,1,-1
2024-12-31 16:48:04.551,23015,23016,23015,4,-4
2024-12-31 16:48:07.284,23015,23016,23015,1,-1
2024-12-31 16:48:11.397,23016,23017,23016,1,-1
2024-12-31 16:48:24.227,23016,23017,23017,2,2
2024-12-31 16:48:25.072,23017,23018,23018,1,1
2024-12-31 16:48:25.073,23017,23018,23018,1,1
2024-12-31 16:48:25.073,23017,23018,23018,1,1
2024-12-31 16:48:41.210,23015,23018,23018,1,1
2024-12-31 16:48:49.630,23016,23018,23016,1,-1
2024-12-31 16:48:50.065,23015,23016,23015,5,-5
2024-12-31 16:48:50.065,23015,23016,23014,1,-1
2024-12-31 16:48:50.065,23015,23016,23013,8,-8
2024-12-31 16:48:50.065,23015,23016,23013,1,-1
2024-12-31 16:48:50.065,23015,23016,23013,1,-1
2024-12-31 16:48:50.065,23015,23016,23012,1,-1
2024-12-31 16:48:50.066,23015,23016,23013,1,-1
2024-12-31 16:48:50.067,23015,23016,23011,1,-1
2024-12-31 16:48:50.068,23015,23016,23011,1,-1
2024-12-31 16:48:50.069,23015,23016,23011,3,-3
2024-12-31 16:48:50.188,23010,23011,23010,1,-1
2024-12-31 16:48:51.935,23008,23011,23010,2,2
2024-12-31 16:48:52.246,23009,23011,23011,1,1
2024-12-31 16:48:53.700,23009,23012,23012,1,1
2024-12-31 16:48:58.432,23011,23012,23011,1,-1
2024-12-31 16:48:59.247,23010,23012,23012,1,1
2024-12-31 16:49:01.776,23010,23012,23010,3,-3
2024-12-31 16:49:01.777,23010,23012,23010,2,-2
2024-12-31 16:49:04.435,23010,23012,23010,1,-1
2024-12-31 16:49:05.547,23010,23012,23012,1,1
2024-12-31 16:49:13.822,23010,23013,23010,2,-2
2024-12-31 16:49:21.816,23010,23012,23010,1,-1
2024-12-31 16:49:21.816,23010,23012,23010,1,-1
2024-12-31 16:49:23.012,23008,23011,23008,3,-3
2024-12-31 16:49:23.047,23007,23010,23007,2,-2
2024-12-31 16:49:23.049,23007,23010,23009,1,1
2024-12-31 16:49:34.577,23008,23011,23011,2,2
2024-12-31 16:49:37.597,23009,23011,23009,1,-1
2024-12-31 16:49:37.597,23009,23011,23008,2,-2
2024-12-31 16:49:50.252,23009,23011,23011,1,1
2024-12-31 16:50:38.953,23012,23013,23013,1,1
2024-12-31 16:50:38.953,23012,23013,23013,1,1
2024-12-31 16:50:38.953,23012,23013,23013,5,5
2024-12-31 16:50:40.441,23013,23016,23013,1,-1
2024-12-31 16:51:00.201,23014,23015,23014,2,-2
2024-12-31 16:51:01.944,23014,23015,23015,1,1
2024-12-31 16:51:02.632,23015,23016,23016,1,1
2024-12-31 16:51:05.106,23015,23016,23016,1,1
2024-12-31 16:51:07.475,23016,23017,23016,2,-2
2024-12-31 16:51:10.889,23016,23017,23017,3,3
2024-12-31 16:51:16.221,23016,23019,23019,2,2
2024-12-31 16:51:21.484,23018,23021,23019,1,-1
2024-12-31 16:51:25.108,23020,23021,23021,1,1
2024-12-31 16:51:25.108,23020,23021,23022,2,2
2024-12-31 16:51:25.836,23020,23022,23020,5,-5
2024-12-31 16:51:26.203,23017,23020,23020,3,3
2024-12-31 16:51:28.326,23018,23021,23021,1,1
2024-12-31 16:51:30.952,23018,23022,23020,1,1
2024-12-31 16:51:37.505,23018,23020,23018,1,-1
2024-12-31 16:51:58.501,23019,23021,23021,2,2
2024-12-31 16:52:18.376,23020,23021,23020,1,-1
2024-12-31 16:52:23.319,23019,23021,23019,1,-1
2024-12-31 16:52:31.146,23019,23021,23021,2,2
2024-12-31 16:52:44.857,23021,23022,23022,4,4
2024-12-31 16:52:52.310,23021,23022,23022,1,1
2024-12-31 16:53:02.069,23022,23023,23022,1,-1
2024-12-31 16:53:02.070,23022,23023,23022,1,-1
2024-12-31 16:53:11.472,23022,23023,23022,2,-2
2024-12-31 16:53:11.472,23022,23023,23022,3,-3
2024-12-31 16:53:16.519,23021,23023,23023,1,1
2024-12-31 16:53:16.715,23021,23023,23023,1,1
2024-12-31 16:53:32.522,23021,23022,23022,1,1
2024-12-31 16:53:32.522,23021,23022,23023,2,2
2024-12-31 16:53:41.143,23021,23022,23021,1,-1
2024-12-31 16:53:51.521,23021,23022,23021,1,-1
2024-12-31 16:53:54.647,23020,23021,23021,3,3
2024-12-31 16:54:04.790,23021,23022,23022,1,1
2024-12-31 16:54:08.473,23022,23023,23023,1,1
2024-12-31 16:54:08.474,23022,23023,23023,2,2
2024-12-31 16:54:11.511,23022,23023,23023,1,1
2024-12-31 16:54:18.682,23022,23023,23023,1,1
2024-12-31 16:54:42.707,23022,23023,23022,1,-1
2024-12-31 16:55:00.414,23022,23023,23023,1,1
2024-12-31 16:55:00.612,23022,23024,23022,1,-1
2024-12-31 16:55:12.265,23023,23024,23023,1,-1
2024-12-31 16:55:12.528,23022,23023,23022,1,-1
2024-12-31 16:55:28.849,23019,23022,23022,1,1
2024-12-31 16:56:01.406,23021,23022,23022,1,1
2024-12-31 16:56:28.141,23022,23024,23024,5,5
2024-12-31 16:57:14.182,23021,23023,23021,1,-1
2024-12-31 16:57:14.296,23019,23022,23019,1,-1
2024-12-31 16:57:28.174,23020,23022,23020,1,-1
2024-12-31 16:57:36.779,23019,23021,23021,1,1
2024-12-31 16:57:46.390,23020,23022,23020,2,-2
2024-12-31 16:57:49.711,23020,23022,23020,1,-1
2024-12-31 16:57:50.042,23019,23020,23020,1,1
2024-12-31 16:57:50.042,23019,23020,23021,1,1
2024-12-31 16:57:57.694,23021,23022,23021,1,-1
2024-12-31 16:57:57.694,23021,23022,23021,1,-1
2024-12-31 16:57:57.694,23021,23022,23021,1,-1
2024-12-31 16:57:57.694,23021,23022,23021,5,-5
