2025-01-15 15:00:00.016,22534,22535,22530,61,-61
2025-01-15 15:00:00.029,22525,22530,22525,1,-1
2025-01-15 15:00:00.030,22525,22530,22530,1,1
2025-01-15 15:00:00.034,22525,22530,22525,1,-1
2025-01-15 15:00:00.048,22525,22530,22525,1,-1
2025-01-15 15:00:00.050,22525,22530,22524,1,-1
2025-01-15 15:00:00.050,22525,22530,22524,1,-1
2025-01-15 15:00:00.050,22525,22530,22520,1,-1
2025-01-15 15:00:00.051,22525,22530,22521,1,-1
2025-01-15 15:00:00.106,22520,22530,22520,1,-1
2025-01-15 15:00:00.106,22520,22530,22518,1,-1
2025-01-15 15:00:00.106,22520,22530,22517,1,-1
2025-01-15 15:00:00.106,22520,22530,22516,1,-1
2025-01-15 15:00:00.308,22517,22530,22517,1,-1
2025-01-15 15:00:00.362,22521,22525,22521,1,-1
2025-01-15 15:00:00.412,22521,22525,22525,1,1
2025-01-15 15:00:00.412,22521,22525,22524,1,1
2025-01-15 15:00:00.468,22522,22526,22522,1,-1
2025-01-15 15:00:00.468,22522,22526,22520,1,-1
2025-01-15 15:00:00.468,22522,22526,22519,1,-1
2025-01-15 15:00:00.472,22522,22526,22516,3,-3
2025-01-15 15:00:00.579,22516,22527,22516,1,-1
2025-01-15 15:00:00.603,22516,22527,22516,7,-7
2025-01-15 15:00:00.675,22516,22527,22515,4,-4
2025-01-15 15:00:00.675,22516,22527,22512,1,-1
2025-01-15 15:00:00.708,22512,22527,22527,1,1
2025-01-15 15:00:01.192,22513,22527,22513,1,-1
2025-01-15 15:00:01.192,22513,22527,22512,1,-1
2025-01-15 15:00:01.192,22513,22527,22511,1,-1
2025-01-15 15:00:01.229,22511,22527,22511,2,-2
2025-01-15 15:00:01.497,22516,22520,22520,1,1
2025-01-15 15:00:01.706,22516,22524,22524,1,1
2025-01-15 15:00:01.888,22516,22525,22525,1,1
2025-01-15 15:00:02.006,22516,22527,22520,1,-1
2025-01-15 15:00:03.056,22516,22527,22527,1,1
2025-01-15 15:00:04.454,22516,22526,22516,2,-2
2025-01-15 15:00:04.585,22517,22526,22526,1,1
2025-01-15 15:00:04.965,22517,22526,22517,2,-2
2025-01-15 15:00:05.017,22517,22526,22526,1,1
2025-01-15 15:00:06.029,22519,22525,22519,2,-2
2025-01-15 15:00:07.107,22519,22521,22521,1,1
2025-01-15 15:00:07.380,22519,22523,22520,1,-1
2025-01-15 15:00:07.858,22519,22523,22522,1,1
2025-01-15 15:00:08.584,22519,22523,22523,2,2
2025-01-15 15:00:08.833,22520,22526,22521,1,-1
2025-01-15 15:00:08.833,22520,22526,22526,1,1
2025-01-15 15:00:08.935,22520,22526,22526,1,1
2025-01-15 15:00:10.749,22524,22530,22524,1,-1
2025-01-15 15:00:10.749,22524,22530,22523,2,-2
2025-01-15 15:00:11.085,22523,22529,22528,1,1
2025-01-15 15:00:12.006,22525,22529,22525,2,-2
2025-01-15 15:00:12.830,22525,22529,22529,1,1
2025-01-15 15:00:12.830,22525,22529,22530,2,2
2025-01-15 15:00:13.178,22525,22532,22532,1,1
2025-01-15 15:00:13.430,22525,22532,22532,1,1
2025-01-15 15:00:13.913,22525,22532,22532,1,1
2025-01-15 15:00:16.909,22528,22534,22534,1,1
2025-01-15 15:00:17.620,22529,22533,22533,1,1
2025-01-15 15:00:17.893,22529,22534,22530,1,-1
2025-01-15 15:00:18.112,22529,22534,22529,1,-1
2025-01-15 15:00:18.433,22529,22534,22532,1,1
2025-01-15 15:00:18.434,22529,22534,22534,1,1
2025-01-15 15:00:18.452,22529,22534,22534,4,4
2025-01-15 15:00:18.809,22531,22535,22533,1,1
2025-01-15 15:00:18.856,22531,22535,22533,1,1
2025-01-15 15:00:19.390,22531,22535,22534,1,1
2025-01-15 15:00:19.481,22532,22535,22534,1,1
2025-01-15 15:00:19.771,22530,22534,22533,2,2
2025-01-15 15:00:19.771,22530,22534,22534,1,1
2025-01-15 15:00:19.960,22531,22535,22533,1,1
2025-01-15 15:00:20.144,22531,22533,22533,1,1
2025-01-15 15:00:22.441,22531,22534,22531,1,-1
2025-01-15 15:00:23.360,22529,22533,22533,2,2
2025-01-15 15:00:23.361,22529,22533,22534,1,1
2025-01-15 15:00:24.877,22533,22535,22535,1,1
2025-01-15 15:00:25.021,22533,22535,22535,1,1
2025-01-15 15:00:26.602,22533,22534,22534,1,1
2025-01-15 15:00:27.010,22533,22534,22534,1,1
2025-01-15 15:00:27.010,22533,22534,22535,2,2
2025-01-15 15:00:27.523,22533,22534,22534,1,1
2025-01-15 15:00:27.786,22533,22534,22534,1,1
2025-01-15 15:00:28.197,22533,22534,22528,2,-2
2025-01-15 15:00:28.197,22533,22534,22529,4,-4
2025-01-15 15:00:28.197,22533,22534,22530,3,-3
2025-01-15 15:00:28.197,22533,22534,22531,3,-3
2025-01-15 15:00:28.197,22533,22534,22532,1,-1
2025-01-15 15:00:28.197,22533,22534,22533,3,-3
2025-01-15 15:00:28.198,22533,22534,22528,1,-1
2025-01-15 15:00:28.484,22529,22533,22530,1,-1
2025-01-15 15:00:29.533,22529,22532,22532,1,1
2025-01-15 15:00:29.933,22530,22533,22533,1,1
2025-01-15 15:00:30.933,22531,22534,22533,1,1
2025-01-15 15:00:32.270,22532,22534,22532,2,-2
2025-01-15 15:00:32.270,22532,22534,22531,3,-3
2025-01-15 15:00:32.386,22530,22534,22534,3,3
2025-01-15 15:00:32.386,22530,22534,22535,10,10
2025-01-15 15:00:33.566,22534,22536,22536,1,1
2025-01-15 15:00:33.566,22534,22536,22537,1,1
2025-01-15 15:00:33.616,22534,22537,22537,3,3
2025-01-15 15:00:33.616,22534,22537,22538,1,1
2025-01-15 15:00:33.691,22534,22537,22536,1,1
2025-01-15 15:00:34.501,22534,22537,22534,1,-1
2025-01-15 15:00:34.637,22534,22537,22533,2,-2
2025-01-15 15:00:35.360,22533,22536,22536,1,1
2025-01-15 15:00:35.898,22533,22537,22537,1,1
2025-01-15 15:00:36.670,22535,22537,22535,1,-1
2025-01-15 15:00:36.889,22533,22537,22537,1,1
2025-01-15 15:00:37.036,22533,22537,22533,3,-3
2025-01-15 15:00:37.036,22533,22537,22532,1,-1
2025-01-15 15:00:37.043,22533,22537,22532,1,-1
2025-01-15 15:00:37.043,22533,22537,22532,1,-1
2025-01-15 15:00:37.193,22531,22535,22531,1,-1
2025-01-15 15:00:37.193,22531,22535,22530,1,-1
2025-01-15 15:00:37.411,22530,22534,22530,1,-1
2025-01-15 15:00:38.040,22531,22535,22535,2,2
2025-01-15 15:00:38.906,22531,22534,22531,2,-2
2025-01-15 15:00:38.906,22531,22534,22530,2,-2
2025-01-15 15:00:39.442,22530,22533,22533,1,1
2025-01-15 15:00:40.303,22531,22533,22533,6,6
2025-01-15 15:00:40.304,22531,22533,22534,2,2
2025-01-15 15:00:40.724,22533,22535,22535,1,1
2025-01-15 15:00:41.838,22533,22535,22533,2,-2
2025-01-15 15:00:41.838,22533,22535,22532,1,-1
2025-01-15 15:00:41.838,22533,22535,22531,1,-1
2025-01-15 15:00:42.614,22532,22534,22532,1,-1
2025-01-15 15:00:42.614,22532,22534,22531,2,-2
2025-01-15 15:00:42.614,22532,22534,22530,1,-1
2025-01-15 15:00:42.765,22530,22534,22533,1,1
2025-01-15 15:00:43.021,22530,22534,22534,1,1
2025-01-15 15:00:43.734,22532,22535,22535,1,1
2025-01-15 15:00:47.166,22533,22536,22536,2,2
2025-01-15 15:00:48.015,22533,22536,22536,4,4
2025-01-15 15:00:48.910,22536,22537,22536,2,-2
2025-01-15 15:00:49.654,22535,22537,22535,2,-2
2025-01-15 15:00:50.385,22535,22537,22534,2,-2
2025-01-15 15:00:50.385,22535,22537,22535,2,-2
2025-01-15 15:00:50.536,22534,22537,22537,1,1
2025-01-15 15:00:50.967,22534,22537,22534,3,-3
2025-01-15 15:00:50.967,22534,22537,22533,1,-1
2025-01-15 15:00:52.476,22533,22535,22535,1,1
2025-01-15 15:00:52.933,22534,22536,22536,1,1
2025-01-15 15:00:53.481,22535,22536,22536,1,1
2025-01-15 15:00:54.080,22536,22537,22536,1,-1
2025-01-15 15:00:54.080,22536,22537,22535,1,-1
2025-01-15 15:00:54.216,22535,22537,22537,1,1
2025-01-15 15:00:56.571,22535,22537,22535,1,-1
2025-01-15 15:00:57.333,22535,22537,22536,1,-1
2025-01-15 15:00:59.194,22535,22537,22537,1,1
2025-01-15 15:00:59.194,22535,22537,22537,6,6
2025-01-15 15:01:00.043,22537,22538,22536,2,-2
2025-01-15 15:01:00.043,22537,22538,22537,2,-2
2025-01-15 15:01:00.047,22537,22538,22535,5,-5
2025-01-15 15:01:00.047,22537,22538,22535,1,-1
2025-01-15 15:01:00.049,22537,22538,22535,1,-1
2025-01-15 15:01:00.052,22537,22538,22534,1,-1
2025-01-15 15:01:00.077,22534,22537,22534,1,-1
2025-01-15 15:01:00.087,22534,22537,22534,1,-1
2025-01-15 15:01:00.088,22534,22537,22533,1,-1
2025-01-15 15:01:00.296,22532,22536,22536,2,2
2025-01-15 15:01:00.337,22534,22537,22534,1,-1
2025-01-15 15:01:00.337,22534,22537,22533,5,-5
2025-01-15 15:01:00.337,22534,22537,22532,1,-1
2025-01-15 15:01:00.396,22534,22537,22536,2,2
2025-01-15 15:01:00.413,22534,22537,22536,1,1
2025-01-15 15:01:00.459,22534,22537,22537,2,2
2025-01-15 15:01:00.501,22534,22537,22538,2,2
2025-01-15 15:01:00.602,22534,22538,22538,1,1
2025-01-15 15:01:00.661,22534,22538,22538,1,1
2025-01-15 15:01:00.661,22534,22538,22537,1,1
2025-01-15 15:01:00.670,22534,22538,22539,2,2
2025-01-15 15:01:00.694,22534,22538,22535,5,-5
2025-01-15 15:01:00.694,22534,22538,22534,2,-2
2025-01-15 15:01:00.746,22534,22537,22537,1,1
2025-01-15 15:01:01.694,22534,22537,22537,2,2
2025-01-15 15:01:02.455,22537,22538,22537,1,-1
2025-01-15 15:01:03.121,22535,22538,22538,1,1
2025-01-15 15:01:03.297,22536,22539,22536,1,-1
2025-01-15 15:01:04.339,22535,22536,22536,1,1
2025-01-15 15:01:04.454,22535,22538,22535,1,-1
2025-01-15 15:01:04.663,22535,22538,22535,2,-2
2025-01-15 15:01:04.663,22535,22538,22534,3,-3
2025-01-15 15:01:05.225,22534,22537,22536,1,1
2025-01-15 15:01:07.605,22534,22536,22536,1,1
2025-01-15 15:01:08.283,22534,22536,22536,1,1
2025-01-15 15:01:08.334,22534,22537,22534,1,-1
2025-01-15 15:01:08.674,22535,22537,22537,1,1
2025-01-15 15:01:08.898,22535,22537,22537,4,4
2025-01-15 15:01:08.899,22535,22537,22538,2,2
2025-01-15 15:01:08.900,22535,22537,22538,4,4
2025-01-15 15:01:08.900,22535,22537,22538,1,1
2025-01-15 15:01:08.901,22535,22537,22539,2,2
2025-01-15 15:01:08.972,22538,22540,22539,1,1
2025-01-15 15:01:09.289,22538,22540,22538,1,-1
2025-01-15 15:01:10.486,22538,22540,22540,14,14
2025-01-15 15:01:10.487,22538,22540,22541,3,3
2025-01-15 15:01:10.487,22538,22540,22541,1,1
2025-01-15 15:01:10.603,22540,22542,22542,6,6
2025-01-15 15:01:10.604,22540,22542,22543,1,1
2025-01-15 15:01:10.620,22540,22542,22543,1,1
2025-01-15 15:01:10.642,22540,22542,22542,3,3
2025-01-15 15:01:10.749,22541,22544,22544,1,1
2025-01-15 15:01:11.423,22539,22541,22541,3,3
2025-01-15 15:01:11.423,22539,22541,22542,2,2
2025-01-15 15:01:12.821,22539,22542,22539,5,-5
2025-01-15 15:01:12.824,22539,22542,22539,1,-1
2025-01-15 15:01:12.824,22539,22542,22538,4,-4
2025-01-15 15:01:12.824,22539,22542,22537,3,-3
2025-01-15 15:01:12.873,22539,22542,22539,1,-1
2025-01-15 15:01:12.900,22539,22542,22539,1,-1
2025-01-15 15:01:14.963,22538,22541,22541,2,2
2025-01-15 15:01:15.895,22538,22542,22538,5,-5
2025-01-15 15:01:15.989,22537,22540,22537,2,-2
2025-01-15 15:01:17.330,22535,22539,22535,2,-2
2025-01-15 15:01:17.531,22535,22539,22535,2,-2
2025-01-15 15:01:18.681,22536,22539,22536,1,-1
2025-01-15 15:01:18.705,22535,22539,22535,1,-1
2025-01-15 15:01:19.607,22535,22539,22535,1,-1
2025-01-15 15:01:21.168,22536,22539,22536,1,-1
2025-01-15 15:01:21.466,22535,22539,22539,1,1
2025-01-15 15:01:23.197,22536,22540,22540,1,1
2025-01-15 15:01:25.261,22537,22540,22537,4,-4
2025-01-15 15:01:27.181,22537,22540,22540,1,1
2025-01-15 15:01:27.768,22537,22540,22540,2,2
2025-01-15 15:01:30.570,22538,22542,22540,1,1
2025-01-15 15:01:30.580,22539,22542,22539,1,-1
2025-01-15 15:01:30.608,22539,22542,22542,3,3
2025-01-15 15:01:30.625,22539,22542,22539,1,-1
2025-01-15 15:01:31.476,22539,22542,22539,2,-2
2025-01-15 15:01:32.270,22538,22542,22540,1,-1
2025-01-15 15:01:33.753,22539,22542,22540,1,-1
2025-01-15 15:01:34.593,22539,22542,22539,1,-1
2025-01-15 15:01:35.043,22539,22542,22540,2,-2
2025-01-15 15:01:35.282,22538,22542,22540,1,-1
2025-01-15 15:01:38.385,22540,22542,22540,1,-1
2025-01-15 15:01:43.665,22540,22542,22541,1,-1
2025-01-15 15:01:44.896,22540,22541,22541,1,1
2025-01-15 15:01:45.780,22540,22542,22540,3,-3
2025-01-15 15:01:47.907,22540,22542,22542,6,6
2025-01-15 15:01:50.858,22542,22543,22542,1,-1
2025-01-15 15:01:50.858,22542,22543,22542,2,-2
2025-01-15 15:01:51.179,22540,22542,22542,1,1
2025-01-15 15:01:52.155,22540,22542,22540,2,-2
2025-01-15 15:01:52.155,22540,22542,22540,1,-1
2025-01-15 15:01:52.640,22539,22542,22542,1,1
2025-01-15 15:01:53.891,22539,22542,22542,1,1
2025-01-15 15:02:00.300,22539,22542,22539,1,-1
2025-01-15 15:02:00.392,22538,22541,22540,1,1
2025-01-15 15:02:00.393,22538,22541,22538,3,-3
2025-01-15 15:02:00.668,22537,22539,22539,2,2
2025-01-15 15:02:00.668,22537,22539,22540,2,2
2025-01-15 15:02:00.945,22538,22540,22540,1,1
2025-01-15 15:02:02.470,22538,22540,22540,1,1
2025-01-15 15:02:05.649,22540,22542,22540,1,-1
2025-01-15 15:02:05.845,22539,22542,22542,1,1
2025-01-15 15:02:06.058,22540,22542,22542,1,1
2025-01-15 15:02:06.058,22540,22542,22542,1,1
2025-01-15 15:02:06.549,22540,22543,22543,4,4
2025-01-15 15:02:06.832,22541,22543,22541,3,-3
2025-01-15 15:02:07.163,22540,22543,22543,2,2
2025-01-15 15:02:07.204,22541,22544,22541,1,-1
2025-01-15 15:02:07.204,22541,22544,22541,1,-1
2025-01-15 15:02:08.788,22540,22543,22543,1,1
2025-01-15 15:02:08.788,22540,22543,22544,3,3
2025-01-15 15:02:09.023,22541,22544,22544,1,1
2025-01-15 15:02:11.002,22542,22544,22544,2,2
2025-01-15 15:02:11.320,22542,22545,22542,3,-3
2025-01-15 15:02:15.989,22542,22543,22543,1,1
2025-01-15 15:02:15.989,22542,22543,22543,2,2
2025-01-15 15:02:17.026,22542,22544,22542,4,-4
2025-01-15 15:02:17.149,22541,22544,22541,1,-1
2025-01-15 15:02:17.212,22541,22544,22544,2,2
2025-01-15 15:02:18.904,22541,22544,22541,1,-1
2025-01-15 15:02:19.173,22542,22544,22542,1,-1
2025-01-15 15:02:20.700,22541,22544,22541,2,-2
2025-01-15 15:02:20.700,22541,22544,22540,9,-9
2025-01-15 15:02:20.700,22541,22544,22539,4,-4
2025-01-15 15:02:20.701,22539,22541,22541,1,1
2025-01-15 15:02:20.703,22539,22541,22541,1,1
2025-01-15 15:02:23.158,22539,22542,22542,1,1
2025-01-15 15:02:31.172,22540,22542,22540,1,-1
2025-01-15 15:02:33.445,22540,22542,22542,1,1
2025-01-15 15:02:49.379,22540,22542,22542,1,1
2025-01-15 15:02:49.520,22540,22542,22540,1,-1
2025-01-15 15:02:49.862,22540,22542,22540,1,-1
2025-01-15 15:02:50.766,22540,22542,22540,2,-2
2025-01-15 15:02:50.830,22540,22542,22540,1,-1
2025-01-15 15:02:53.723,22540,22542,22540,6,-6
2025-01-15 15:02:53.723,22540,22542,22539,3,-3
2025-01-15 15:02:53.724,22540,22542,22538,4,-4
2025-01-15 15:02:54.691,22537,22538,22538,3,3
2025-01-15 15:02:54.691,22537,22538,22539,4,4
2025-01-15 15:02:54.691,22537,22538,22540,1,1
2025-01-15 15:03:00.349,22537,22538,22537,1,-1
2025-01-15 15:03:00.460,22537,22538,22537,2,-2
2025-01-15 15:03:00.510,22537,22538,22536,1,-1
2025-01-15 15:03:00.607,22536,22538,22538,1,1
2025-01-15 15:03:00.607,22536,22538,22539,1,1
2025-01-15 15:03:00.674,22536,22538,22540,4,4
2025-01-15 15:03:00.992,22538,22541,22538,1,-1
2025-01-15 15:03:05.809,22538,22540,22540,1,1
2025-01-15 15:03:05.828,22540,22541,22541,1,1
2025-01-15 15:03:05.829,22540,22541,22541,1,1
2025-01-15 15:03:06.784,22540,22542,22540,3,-3
2025-01-15 15:03:06.784,22540,22542,22539,2,-2
2025-01-15 15:03:07.333,22539,22542,22539,2,-2
2025-01-15 15:03:10.197,22539,22542,22542,5,5
2025-01-15 15:03:11.164,22540,22542,22541,1,1
2025-01-15 15:03:11.435,22540,22542,22540,2,-2
2025-01-15 15:03:14.917,22540,22542,22540,1,-1
2025-01-15 15:03:14.918,22540,22542,22540,2,-2
2025-01-15 15:03:15.165,22539,22542,22539,2,-2
2025-01-15 15:03:18.607,22538,22540,22540,2,2
2025-01-15 15:03:18.607,22538,22540,22540,3,3
2025-01-15 15:03:19.613,22540,22542,22542,1,1
2025-01-15 15:03:19.704,22540,22542,22542,1,1
2025-01-15 15:03:19.704,22540,22542,22542,1,1
2025-01-15 15:03:21.440,22540,22542,22542,2,2
2025-01-15 15:03:21.440,22540,22542,22543,3,3
2025-01-15 15:03:23.255,22541,22542,22541,1,-1
2025-01-15 15:03:24.191,22540,22541,22540,1,-1
2025-01-15 15:03:24.192,22540,22541,22540,1,-1
2025-01-15 15:03:26.981,22539,22540,22543,2,2
2025-01-15 15:03:26.981,22539,22540,22542,5,5
2025-01-15 15:03:26.981,22539,22540,22541,4,4
2025-01-15 15:03:26.981,22539,22540,22540,1,1
2025-01-15 15:03:27.978,22540,22542,22540,1,-1
2025-01-15 15:03:29.545,22540,22542,22540,1,-1
2025-01-15 15:03:29.545,22540,22542,22539,4,-4
2025-01-15 15:03:29.813,22538,22541,22540,1,1
2025-01-15 15:03:30.873,22538,22541,22541,2,2
2025-01-15 15:03:30.904,22538,22541,22542,2,2
2025-01-15 15:03:32.475,22540,22542,22542,1,1
2025-01-15 15:03:32.475,22540,22542,22543,1,1
2025-01-15 15:03:32.616,22540,22543,22540,1,-1
2025-01-15 15:03:32.894,22540,22543,22540,1,-1
2025-01-15 15:03:33.087,22540,22543,22543,3,3
2025-01-15 15:03:34.734,22541,22544,22544,2,2
2025-01-15 15:03:35.514,22542,22544,22542,1,-1
2025-01-15 15:03:36.921,22541,22544,22544,1,1
2025-01-15 15:03:36.999,22541,22544,22545,1,1
2025-01-15 15:03:36.999,22541,22544,22544,3,3
2025-01-15 15:03:37.213,22542,22545,22542,1,-1
2025-01-15 15:03:37.764,22541,22544,22544,1,1
2025-01-15 15:03:38.295,22541,22544,22544,1,1
2025-01-15 15:03:38.296,22541,22544,22544,2,2
2025-01-15 15:03:40.480,22541,22544,22541,1,-1
2025-01-15 15:03:40.545,22541,22544,22543,1,1
2025-01-15 15:03:42.599,22541,22543,22541,1,-1
2025-01-15 15:03:46.388,22542,22544,22544,1,1
2025-01-15 15:03:54.438,22541,22542,22542,1,1
2025-01-15 15:03:54.438,22541,22542,22542,4,4
2025-01-15 15:03:57.901,22542,22544,22544,1,1
2025-01-15 15:04:00.678,22543,22544,22544,3,3
2025-01-15 15:04:00.678,22543,22544,22545,1,1
2025-01-15 15:04:00.780,22543,22545,22545,1,1
2025-01-15 15:04:00.781,22543,22545,22545,2,2
2025-01-15 15:04:01.105,22545,22546,22546,1,1
2025-01-15 15:04:01.105,22545,22546,22546,2,2
2025-01-15 15:04:03.123,22545,22546,22545,1,-1
2025-01-15 15:04:03.252,22543,22546,22543,1,-1
2025-01-15 15:04:04.606,22543,22546,22546,1,1
2025-01-15 15:04:07.372,22543,22546,22546,1,1
2025-01-15 15:04:07.393,22543,22546,22546,3,3
2025-01-15 15:04:08.429,22545,22547,22547,1,1
2025-01-15 15:04:08.454,22545,22547,22547,1,1
2025-01-15 15:04:13.248,22545,22546,22546,1,1
2025-01-15 15:04:15.296,22545,22546,22545,5,-5
2025-01-15 15:04:16.081,22545,22546,22546,2,2
2025-01-15 15:04:16.090,22545,22546,22545,1,-1
2025-01-15 15:04:16.919,22545,22547,22546,2,-2
2025-01-15 15:04:17.921,22544,22547,22547,1,1
2025-01-15 15:04:18.843,22544,22547,22547,1,1
2025-01-15 15:04:18.954,22544,22547,22547,1,1
2025-01-15 15:04:18.955,22544,22547,22547,1,1
2025-01-15 15:04:18.960,22544,22547,22547,1,1
2025-01-15 15:04:20.191,22545,22547,22545,1,-1
2025-01-15 15:04:31.272,22545,22546,22546,1,1
2025-01-15 15:04:31.392,22545,22547,22545,2,-2
2025-01-15 15:04:36.055,22545,22547,22547,1,1
2025-01-15 15:04:36.112,22545,22547,22545,1,-1
2025-01-15 15:04:36.274,22545,22547,22547,1,1
2025-01-15 15:04:36.937,22545,22547,22547,1,1
2025-01-15 15:04:37.872,22545,22547,22547,1,1
2025-01-15 15:04:38.864,22545,22546,22545,6,-6
2025-01-15 15:04:38.866,22545,22546,22544,2,-2
2025-01-15 15:04:38.866,22545,22546,22544,6,-6
2025-01-15 15:04:38.866,22545,22546,22544,2,-2
2025-01-15 15:04:38.866,22545,22546,22544,2,-2
2025-01-15 15:04:40.316,22543,22545,22545,1,1
2025-01-15 15:04:40.876,22543,22545,22545,1,1
2025-01-15 15:04:44.258,22543,22545,22545,3,3
2025-01-15 15:04:46.518,22543,22546,22545,5,5
2025-01-15 15:04:47.604,22544,22545,22544,1,-1
2025-01-15 15:04:50.153,22543,22545,22545,1,1
2025-01-15 15:04:50.570,22543,22545,22545,1,1
2025-01-15 15:04:51.088,22543,22545,22544,1,1
2025-01-15 15:04:51.175,22543,22545,22545,2,2
2025-01-15 15:04:52.992,22544,22545,22544,7,-7
2025-01-15 15:04:52.992,22544,22545,22543,4,-4
2025-01-15 15:04:52.993,22544,22545,22542,5,-5
2025-01-15 15:04:52.993,22544,22545,22542,3,-3
2025-01-15 15:04:52.993,22544,22545,22542,4,-4
2025-01-15 15:04:55.279,22542,22543,22542,1,-1
2025-01-15 15:04:55.791,22541,22543,22541,1,-1
2025-01-15 15:04:56.084,22541,22542,22541,1,-1
2025-01-15 15:04:56.084,22541,22542,22541,1,-1
2025-01-15 15:04:57.497,22540,22542,22542,1,1
2025-01-15 15:04:57.857,22541,22543,22541,1,-1
2025-01-15 15:04:58.009,22541,22543,22541,1,-1
2025-01-15 15:05:03.088,22540,22542,22542,1,1
2025-01-15 15:05:09.921,22541,22542,22542,1,1
2025-01-15 15:05:09.921,22541,22542,22542,3,3
2025-01-15 15:05:09.975,22541,22542,22541,1,-1
2025-01-15 15:05:10.287,22541,22542,22541,1,-1
2025-01-15 15:05:14.361,22541,22542,22542,1,1
2025-01-15 15:05:19.553,22542,22544,22542,1,-1
2025-01-15 15:05:25.358,22542,22544,22544,5,5
2025-01-15 15:05:25.359,22542,22544,22545,2,2
2025-01-15 15:05:25.359,22542,22544,22545,2,2
2025-01-15 15:05:25.360,22542,22544,22546,4,4
2025-01-15 15:05:25.492,22545,22547,22547,4,4
2025-01-15 15:05:25.492,22545,22547,22548,1,1
2025-01-15 15:05:25.750,22546,22548,22548,1,1
2025-01-15 15:05:26.794,22546,22548,22546,1,-1
2025-01-15 15:05:27.078,22546,22548,22546,1,-1
2025-01-15 15:05:27.481,22545,22548,22548,4,4
2025-01-15 15:05:31.300,22547,22548,22547,1,-1
2025-01-15 15:05:32.303,22547,22548,22548,1,1
2025-01-15 15:05:34.781,22547,22548,22548,3,3
2025-01-15 15:05:36.054,22548,22549,22549,1,1
2025-01-15 15:05:36.703,22548,22549,22549,1,1
2025-01-15 15:05:39.366,22548,22549,22549,3,3
2025-01-15 15:05:40.892,22548,22549,22549,1,1
2025-01-15 15:05:42.798,22548,22549,22549,1,1
2025-01-15 15:05:42.798,22548,22549,22550,1,1
2025-01-15 15:05:44.375,22548,22550,22549,1,1
2025-01-15 15:05:44.390,22548,22550,22548,5,-5
2025-01-15 15:05:44.848,22546,22548,22548,1,1
2025-01-15 15:05:50.154,22548,22549,22549,1,1
2025-01-15 15:05:51.267,22548,22549,22549,1,1
2025-01-15 15:05:51.557,22548,22550,22550,1,1
2025-01-15 15:05:54.482,22548,22550,22550,1,1
2025-01-15 15:05:58.543,22548,22550,22550,1,1
2025-01-15 15:05:58.734,22548,22550,22549,1,1
2025-01-15 15:05:58.734,22548,22550,22548,4,-4
2025-01-15 15:05:58.734,22548,22550,22547,1,-1
2025-01-15 15:05:58.804,22548,22550,22549,1,-1
2025-01-15 15:05:59.075,22547,22549,22549,1,1
2025-01-15 15:05:59.075,22547,22549,22550,19,19
2025-01-15 15:05:59.175,22548,22551,22548,3,-3
2025-01-15 15:05:59.175,22548,22551,22551,3,3
2025-01-15 15:05:59.238,22548,22551,22548,4,-4
2025-01-15 15:06:07.296,22549,22550,22549,1,-1
2025-01-15 15:06:10.482,22548,22550,22550,6,6
2025-01-15 15:06:11.942,22550,22551,22551,2,2
2025-01-15 15:06:11.942,22550,22551,22552,8,8
2025-01-15 15:06:12.775,22551,22552,22551,2,-2
2025-01-15 15:06:12.775,22551,22552,22550,1,-1
2025-01-15 15:06:14.924,22550,22552,22553,2,2
2025-01-15 15:06:14.924,22550,22552,22552,10,10
2025-01-15 15:06:14.925,22550,22552,22553,4,4
2025-01-15 15:06:15.297,22552,22554,22552,3,-3
2025-01-15 15:06:15.794,22552,22554,22552,4,-4
2025-01-15 15:06:15.794,22552,22554,22551,1,-1
2025-01-15 15:06:20.634,22551,22553,22553,1,1
2025-01-15 15:06:20.634,22551,22553,22554,1,1
2025-01-15 15:06:20.945,22551,22554,22551,1,-1
2025-01-15 15:06:21.485,22552,22554,22552,1,-1
2025-01-15 15:06:22.952,22551,22553,22553,1,1
2025-01-15 15:06:26.601,22551,22553,22553,1,1
2025-01-15 15:06:28.181,22551,22553,22553,1,1
2025-01-15 15:06:30.299,22551,22553,22553,1,1
2025-01-15 15:06:30.406,22551,22553,22553,1,1
2025-01-15 15:06:37.529,22552,22553,22552,1,-1
2025-01-15 15:06:37.674,22551,22553,22553,2,2
2025-01-15 15:06:38.183,22551,22553,22553,1,1
2025-01-15 15:06:39.181,22551,22553,22551,1,-1
2025-01-15 15:06:40.670,22551,22552,22552,2,2
2025-01-15 15:06:44.337,22551,22553,22553,1,1
2025-01-15 15:06:44.337,22551,22553,22553,1,1
2025-01-15 15:06:44.343,22551,22553,22553,4,4
2025-01-15 15:06:44.343,22551,22553,22553,2,2
2025-01-15 15:06:44.343,22551,22553,22553,1,1
2025-01-15 15:06:44.343,22551,22553,22553,1,1
2025-01-15 15:06:44.343,22551,22553,22553,10,10
2025-01-15 15:06:48.219,22551,22552,22552,1,1
2025-01-15 15:06:48.219,22551,22552,22553,4,4
2025-01-15 15:06:48.219,22551,22552,22554,1,1
2025-01-15 15:06:53.180,22552,22553,22553,2,2
2025-01-15 15:06:55.695,22552,22554,22552,2,-2
2025-01-15 15:06:57.603,22552,22553,22553,2,2
2025-01-15 15:06:58.973,22552,22554,22554,1,1
2025-01-15 15:06:59.976,22552,22554,22552,1,-1
2025-01-15 15:07:06.819,22552,22553,22552,1,-1
2025-01-15 15:07:06.868,22552,22553,22553,1,1
2025-01-15 15:07:06.868,22552,22553,22554,2,2
2025-01-15 15:07:09.162,22552,22554,22554,10,10
2025-01-15 15:07:09.163,22552,22554,22554,1,1
2025-01-15 15:07:09.163,22552,22554,22554,1,1
2025-01-15 15:07:09.163,22552,22554,22554,1,1
2025-01-15 15:07:09.164,22552,22554,22555,4,4
2025-01-15 15:07:09.165,22552,22554,22555,2,2
2025-01-15 15:07:13.368,22554,22555,22555,4,4
2025-01-15 15:07:13.368,22554,22555,22555,1,1
2025-01-15 15:07:13.907,22554,22556,22556,2,2
2025-01-15 15:07:13.908,22554,22556,22556,1,1
2025-01-15 15:07:13.971,22555,22556,22556,1,1
2025-01-15 15:07:14.023,22555,22556,22557,1,1
2025-01-15 15:07:14.228,22555,22558,22555,1,-1
2025-01-15 15:07:22.711,22556,22557,22557,2,2
2025-01-15 15:07:22.884,22556,22558,22558,1,1
2025-01-15 15:07:22.887,22556,22558,22559,1,1
2025-01-15 15:07:24.960,22558,22559,22559,2,2
2025-01-15 15:07:25.238,22558,22560,22558,1,-1
2025-01-15 15:07:30.988,22558,22560,22558,1,-1
2025-01-15 15:07:31.517,22558,22560,22560,1,1
2025-01-15 15:07:31.873,22558,22560,22560,10,10
2025-01-15 15:07:31.873,22558,22560,22561,4,4
2025-01-15 15:07:33.731,22560,22562,22561,1,1
2025-01-15 15:07:35.543,22560,22561,22561,1,1
2025-01-15 15:07:37.854,22561,22562,22562,5,5
2025-01-15 15:07:37.854,22561,22562,22562,1,1
2025-01-15 15:07:39.899,22561,22562,22562,1,1
2025-01-15 15:07:40.529,22561,22562,22562,1,1
2025-01-15 15:07:40.529,22561,22562,22563,4,4
2025-01-15 15:07:40.632,22561,22564,22561,1,-1
2025-01-15 15:07:42.746,22561,22562,22562,1,1
2025-01-15 15:07:43.311,22561,22562,22561,1,-1
2025-01-15 15:07:43.312,22561,22562,22561,1,-1
2025-01-15 15:07:43.514,22560,22561,22561,1,1
2025-01-15 15:07:48.116,22561,22562,22562,2,2
2025-01-15 15:07:50.237,22561,22562,22562,2,2
2025-01-15 15:07:50.320,22561,22562,22561,1,-1
2025-01-15 15:07:50.706,22560,22562,22562,1,1
2025-01-15 15:07:51.401,22560,22563,22560,2,-2
2025-01-15 15:07:53.671,22561,22562,22562,1,1
2025-01-15 15:07:53.671,22561,22562,22562,1,1
2025-01-15 15:07:53.682,22561,22562,22563,1,1
2025-01-15 15:07:53.945,22563,22564,22563,1,-1
2025-01-15 15:07:53.945,22563,22564,22562,6,-6
2025-01-15 15:07:53.946,22563,22564,22562,3,-3
2025-01-15 15:07:53.972,22562,22564,22562,1,-1
2025-01-15 15:07:55.316,22561,22564,22562,1,-1
2025-01-15 15:07:56.534,22561,22562,22562,1,1
2025-01-15 15:07:56.996,22561,22562,22562,1,1
2025-01-15 15:07:59.611,22562,22563,22563,1,1
2025-01-15 15:08:00.661,22562,22564,22563,1,1
2025-01-15 15:08:00.906,22562,22564,22564,2,2
2025-01-15 15:08:01.005,22564,22565,22565,3,3
2025-01-15 15:08:01.006,22564,22565,22565,1,1
2025-01-15 15:08:01.006,22564,22565,22565,2,2
2025-01-15 15:08:01.539,22564,22566,22564,1,-1
2025-01-15 15:08:02.338,22564,22566,22564,1,-1
2025-01-15 15:08:02.791,22564,22566,22566,1,1
2025-01-15 15:08:06.013,22564,22565,22564,1,-1
2025-01-15 15:08:06.345,22563,22564,22564,1,1
2025-01-15 15:08:07.492,22563,22564,22563,1,-1
2025-01-15 15:08:08.457,22562,22563,22563,2,2
2025-01-15 15:08:08.457,22562,22563,22564,2,2
2025-01-15 15:08:11.486,22563,22564,22564,1,1
2025-01-15 15:08:14.204,22563,22564,22564,1,1
2025-01-15 15:08:15.488,22563,22564,22564,5,5
2025-01-15 15:08:15.577,22564,22565,22563,1,-1
2025-01-15 15:08:15.577,22564,22565,22564,3,-3
2025-01-15 15:08:16.935,22563,22564,22564,1,1
2025-01-15 15:08:17.078,22563,22564,22563,1,-1
2025-01-15 15:08:17.434,22563,22564,22563,1,-1
2025-01-15 15:08:18.212,22563,22564,22563,1,-1
2025-01-15 15:08:18.746,22563,22564,22563,1,-1
2025-01-15 15:08:20.349,22563,22564,22563,1,-1
2025-01-15 15:08:20.597,22563,22564,22563,1,-1
2025-01-15 15:08:23.479,22563,22564,22564,1,1
2025-01-15 15:08:24.327,22563,22564,22564,2,2
2025-01-15 15:08:24.328,22563,22564,22564,1,1
2025-01-15 15:08:25.258,22563,22565,22563,1,-1
2025-01-15 15:08:27.125,22563,22564,22564,1,1
2025-01-15 15:08:28.425,22563,22564,22563,2,-2
2025-01-15 15:08:28.425,22563,22564,22563,3,-3
2025-01-15 15:08:28.440,22563,22564,22564,2,2
2025-01-15 15:08:29.584,22562,22565,22565,1,1
2025-01-15 15:08:32.064,22562,22564,22564,1,1
2025-01-15 15:08:32.064,22562,22564,22565,2,2
2025-01-15 15:08:34.349,22563,22565,22563,2,-2
2025-01-15 15:08:35.335,22562,22565,22565,1,1
2025-01-15 15:08:35.619,22562,22565,22562,2,-2
2025-01-15 15:08:40.263,22561,22562,22562,1,1
2025-01-15 15:08:41.485,22561,22563,22561,2,-2
2025-01-15 15:08:41.937,22561,22562,22562,1,1
2025-01-15 15:08:43.733,22561,22563,22561,1,-1
2025-01-15 15:08:50.956,22561,22562,22561,1,-1
2025-01-15 15:08:51.681,22561,22562,22561,1,-1
2025-01-15 15:08:58.596,22561,22562,22562,1,1
2025-01-15 15:09:02.531,22561,22562,22561,2,-2
2025-01-15 15:09:03.005,22560,22561,22560,1,-1
2025-01-15 15:09:03.005,22560,22561,22560,6,-6
2025-01-15 15:09:03.006,22560,22561,22560,4,-4
2025-01-15 15:09:03.006,22560,22561,22560,1,-1
2025-01-15 15:09:03.006,22560,22561,22560,1,-1
2025-01-15 15:09:03.006,22560,22561,22560,1,-1
2025-01-15 15:09:03.006,22560,22561,22560,1,-1
2025-01-15 15:09:03.006,22560,22561,22560,3,-3
2025-01-15 15:09:03.006,22560,22561,22560,1,-1
2025-01-15 15:09:03.006,22560,22561,22560,2,-2
2025-01-15 15:09:03.007,22560,22561,22560,1,-1
2025-01-15 15:09:03.138,22560,22561,22561,1,1
2025-01-15 15:09:03.936,22560,22561,22560,1,-1
2025-01-15 15:09:03.936,22560,22561,22559,1,-1
2025-01-15 15:09:05.169,22558,22560,22560,20,20
2025-01-15 15:09:05.197,22558,22560,22559,1,1
2025-01-15 15:09:07.157,22558,22559,22559,1,1
2025-01-15 15:09:07.384,22558,22559,22558,1,-1
2025-01-15 15:09:08.331,22558,22559,22559,1,1
2025-01-15 15:09:11.120,22558,22559,22558,1,-1
2025-01-15 15:09:12.904,22557,22559,22559,1,1
2025-01-15 15:09:15.695,22558,22560,22558,1,-1
2025-01-15 15:09:17.218,22558,22560,22558,1,-1
2025-01-15 15:09:18.869,22558,22560,22558,4,-4
2025-01-15 15:09:18.870,22558,22560,22558,1,-1
2025-01-15 15:09:20.627,22559,22560,22560,1,1
2025-01-15 15:09:20.627,22559,22560,22560,20,20
2025-01-15 15:09:20.628,22559,22560,22560,2,2
2025-01-15 15:09:20.628,22559,22560,22560,4,4
2025-01-15 15:09:20.628,22559,22560,22560,1,1
2025-01-15 15:09:20.628,22559,22560,22560,1,1
2025-01-15 15:09:21.698,22561,22564,22562,1,-1
2025-01-15 15:09:21.698,22561,22564,22562,1,-1
2025-01-15 15:09:21.698,22561,22564,22562,1,-1
2025-01-15 15:09:21.699,22561,22564,22562,1,-1
2025-01-15 15:09:21.699,22561,22564,22562,5,-5
2025-01-15 15:09:22.691,22561,22564,22561,1,-1
2025-01-15 15:09:26.117,22562,22564,22562,6,-6
2025-01-15 15:09:29.171,22561,22562,22562,1,1
2025-01-15 15:09:29.665,22561,22562,22561,1,-1
2025-01-15 15:09:32.884,22561,22562,22562,1,1
2025-01-15 15:09:36.124,22561,22562,22561,1,-1
2025-01-15 15:09:36.128,22561,22562,22562,2,2
2025-01-15 15:09:39.741,22561,22562,22561,1,-1
2025-01-15 15:09:40.164,22561,22562,22562,1,1
2025-01-15 15:09:40.891,22561,22562,22561,1,-1
2025-01-15 15:09:42.768,22561,22562,22561,1,-1
2025-01-15 15:09:42.769,22561,22562,22561,4,-4
2025-01-15 15:09:47.502,22561,22562,22561,2,-2
2025-01-15 15:09:49.658,22560,22561,22560,1,-1
2025-01-15 15:09:50.015,22560,22561,22560,1,-1
2025-01-15 15:09:52.339,22560,22561,22560,1,-1
2025-01-15 15:09:52.993,22560,22561,22560,3,-3
2025-01-15 15:09:52.994,22560,22561,22560,1,-1
2025-01-15 15:09:53.859,22559,22560,22560,1,1
2025-01-15 15:09:55.491,22560,22561,22560,1,-1
2025-01-15 15:09:56.463,22560,22561,22561,2,2
2025-01-15 15:10:01.482,22560,22561,22561,3,3
2025-01-15 15:10:02.812,22561,22562,22561,1,-1
2025-01-15 15:10:03.072,22561,22562,22562,6,6
2025-01-15 15:10:03.073,22561,22562,22562,3,3
2025-01-15 15:10:03.077,22562,22564,22564,4,4
2025-01-15 15:10:03.077,22562,22564,22565,10,10
2025-01-15 15:10:03.479,22563,22565,22563,1,-1
2025-01-15 15:10:09.686,22563,22565,22563,1,-1
2025-01-15 15:10:09.774,22562,22565,22563,1,-1
2025-01-15 15:10:11.879,22562,22565,22563,1,-1
2025-01-15 15:10:14.759,22563,22564,22563,1,-1
2025-01-15 15:10:15.784,22563,22564,22563,1,-1
2025-01-15 15:10:16.161,22563,22564,22563,1,-1
2025-01-15 15:10:16.288,22563,22564,22563,1,-1
2025-01-15 15:10:19.518,22563,22564,22563,4,-4
2025-01-15 15:10:21.330,22562,22563,22562,1,-1
2025-01-15 15:10:24.396,22562,22563,22563,3,3
2025-01-15 15:10:28.395,22563,22564,22563,2,-2
2025-01-15 15:10:28.853,22563,22564,22564,1,1
2025-01-15 15:10:28.999,22564,22565,22565,1,1
2025-01-15 15:10:28.999,22564,22565,22565,7,7
2025-01-15 15:10:31.176,22565,22566,22566,1,1
2025-01-15 15:10:32.577,22565,22566,22565,1,-1
2025-01-15 15:10:35.243,22564,22565,22565,1,1
2025-01-15 15:10:39.215,22564,22565,22564,1,-1
2025-01-15 15:10:39.231,22564,22565,22563,1,-1
2025-01-15 15:10:39.243,22564,22565,22564,1,-1
2025-01-15 15:10:41.442,22563,22564,22564,1,1
2025-01-15 15:10:43.757,22563,22564,22564,1,1
2025-01-15 15:10:45.528,22564,22565,22565,2,2
2025-01-15 15:10:46.098,22564,22565,22565,1,1
2025-01-15 15:10:46.511,22564,22565,22564,1,-1
2025-01-15 15:10:47.691,22564,22565,22564,9,-9
2025-01-15 15:10:50.713,22564,22565,22565,1,1
2025-01-15 15:10:54.034,22565,22566,22565,1,-1
2025-01-15 15:10:56.399,22564,22566,22564,2,-2
2025-01-15 15:11:02.061,22564,22565,22565,1,1
2025-01-15 15:11:02.130,22564,22565,22565,1,1
2025-01-15 15:11:03.547,22564,22565,22564,1,-1
2025-01-15 15:11:03.548,22564,22565,22564,1,-1
2025-01-15 15:11:04.110,22563,22565,22563,2,-2
2025-01-15 15:11:06.020,22562,22563,22563,1,1
2025-01-15 15:11:07.937,22562,22564,22564,2,2
2025-01-15 15:11:07.937,22562,22564,22565,3,3
2025-01-15 15:11:14.969,22563,22565,22565,5,5
2025-01-15 15:11:17.813,22563,22566,22566,1,1
2025-01-15 15:11:25.124,22563,22565,22565,1,1
2025-01-15 15:11:26.310,22563,22565,22566,1,1
2025-01-15 15:11:26.310,22563,22565,22565,1,1
2025-01-15 15:11:31.050,22563,22565,22565,2,2
2025-01-15 15:11:34.157,22563,22566,22566,2,2
2025-01-15 15:11:34.968,22563,22566,22566,2,2
2025-01-15 15:11:44.624,22564,22565,22564,1,-1
2025-01-15 15:11:44.624,22564,22565,22563,1,-1
2025-01-15 15:11:46.724,22563,22565,22565,1,1
2025-01-15 15:11:52.121,22564,22565,22565,1,1
2025-01-15 15:11:52.306,22565,22566,22565,1,-1
2025-01-15 15:11:56.069,22564,22566,22565,2,-2
2025-01-15 15:12:01.698,22565,22566,22566,1,1
2025-01-15 15:12:01.698,22565,22566,22566,4,4
2025-01-15 15:12:02.228,22565,22566,22566,1,1
2025-01-15 15:12:02.229,22565,22566,22566,1,1
2025-01-15 15:12:02.229,22565,22566,22566,1,1
2025-01-15 15:12:02.488,22565,22566,22566,5,5
2025-01-15 15:12:08.552,22566,22567,22566,1,-1
2025-01-15 15:12:10.977,22566,22567,22566,1,-1
2025-01-15 15:12:14.010,22566,22567,22567,1,1
2025-01-15 15:12:17.642,22566,22567,22566,3,-3
2025-01-15 15:12:18.063,22566,22567,22567,3,3
2025-01-15 15:12:18.959,22566,22567,22567,1,1
2025-01-15 15:12:19.283,22566,22567,22567,1,1
2025-01-15 15:12:22.379,22566,22567,22567,1,1
2025-01-15 15:12:22.895,22566,22567,22566,1,-1
2025-01-15 15:12:24.089,22566,22567,22567,1,1
2025-01-15 15:12:24.268,22566,22567,22567,2,2
2025-01-15 15:12:25.979,22566,22567,22567,2,2
2025-01-15 15:12:26.843,22567,22568,22567,1,-1
2025-01-15 15:12:27.130,22566,22567,22566,1,-1
2025-01-15 15:12:27.130,22566,22567,22565,1,-1
2025-01-15 15:12:27.130,22566,22567,22564,1,-1
2025-01-15 15:12:27.503,22564,22567,22567,1,1
2025-01-15 15:12:28.201,22564,22567,22567,2,2
2025-01-15 15:12:28.291,22564,22567,22564,1,-1
2025-01-15 15:12:29.588,22565,22568,22567,3,3
2025-01-15 15:12:30.395,22564,22567,22567,1,1
2025-01-15 15:12:32.956,22564,22566,22564,1,-1
2025-01-15 15:12:32.956,22564,22566,22564,2,-2
2025-01-15 15:12:32.956,22564,22566,22564,13,-13
2025-01-15 15:12:35.030,22563,22564,22564,1,1
2025-01-15 15:12:35.155,22563,22564,22564,1,1
2025-01-15 15:12:42.303,22565,22566,22565,1,-1
2025-01-15 15:12:48.635,22564,22565,22564,2,-2
2025-01-15 15:12:51.332,22563,22564,22564,1,1
2025-01-15 15:12:56.295,22563,22564,22563,2,-2
2025-01-15 15:12:57.890,22562,22564,22564,3,3
2025-01-15 15:13:01.949,22562,22564,22562,2,-2
2025-01-15 15:13:02.022,22562,22564,22562,1,-1
2025-01-15 15:13:11.624,22561,22562,22561,1,-1
2025-01-15 15:13:18.545,22561,22562,22562,1,1
2025-01-15 15:13:20.313,22561,22562,22562,2,2
2025-01-15 15:13:22.624,22561,22562,22561,2,-2
2025-01-15 15:13:23.022,22561,22562,22562,1,1
2025-01-15 15:13:23.031,22561,22562,22562,2,2
2025-01-15 15:13:24.659,22561,22562,22562,2,2
2025-01-15 15:13:30.701,22561,22562,22561,1,-1
2025-01-15 15:13:32.061,22561,22562,22561,1,-1
2025-01-15 15:13:35.293,22561,22562,22562,1,1
2025-01-15 15:13:35.388,22561,22562,22562,2,2
2025-01-15 15:13:36.394,22561,22562,22562,1,1
2025-01-15 15:13:40.146,22561,22562,22562,1,1
2025-01-15 15:13:41.147,22561,22562,22561,1,-1
2025-01-15 15:13:41.251,22561,22562,22562,2,2
2025-01-15 15:13:41.251,22561,22562,22563,8,8
2025-01-15 15:13:41.251,22561,22562,22564,4,4
2025-01-15 15:13:41.251,22561,22562,22564,1,1
2025-01-15 15:13:41.252,22561,22562,22564,1,1
2025-01-15 15:13:47.285,22561,22562,22561,1,-1
2025-01-15 15:13:52.683,22561,22562,22561,1,-1
2025-01-15 15:13:55.493,22561,22562,22561,1,-1
2025-01-15 15:13:59.259,22561,22562,22561,1,-1
2025-01-15 15:13:59.806,22561,22562,22562,3,3
2025-01-15 15:13:59.807,22561,22562,22562,1,1
2025-01-15 15:14:00.219,22562,22565,22565,10,10
2025-01-15 15:14:00.588,22563,22565,22565,10,10
2025-01-15 15:14:00.589,22563,22565,22565,1,1
2025-01-15 15:14:00.589,22563,22565,22565,3,3
2025-01-15 15:14:00.589,22563,22565,22565,1,1
2025-01-15 15:14:00.590,22563,22565,22565,1,1
2025-01-15 15:14:00.590,22563,22565,22565,12,12
2025-01-15 15:14:00.732,22564,22566,22566,1,1
2025-01-15 15:14:02.141,22564,22567,22567,1,1
2025-01-15 15:14:05.139,22565,22567,22565,5,-5
2025-01-15 15:14:05.139,22565,22567,22564,5,-5
2025-01-15 15:14:08.051,22564,22565,22563,3,-3
2025-01-15 15:14:08.051,22564,22565,22564,2,-2
2025-01-15 15:14:08.080,22562,22564,22564,1,1
2025-01-15 15:14:10.163,22562,22565,22562,1,-1
2025-01-15 15:14:10.539,22562,22564,22562,1,-1
2025-01-15 15:14:12.813,22562,22563,22563,1,1
2025-01-15 15:14:18.899,22563,22564,22564,2,2
2025-01-15 15:14:24.244,22563,22565,22565,1,1
2025-01-15 15:14:29.417,22565,22567,22567,1,1
2025-01-15 15:14:34.184,22565,22567,22567,1,1
2025-01-15 15:14:40.253,22564,22566,22566,1,1
2025-01-15 15:14:41.990,22564,22567,22567,1,1
2025-01-15 15:14:45.926,22564,22567,22567,1,1
2025-01-15 15:14:45.926,22564,22567,22568,1,1
2025-01-15 15:14:49.787,22567,22568,22568,1,1
2025-01-15 15:14:49.789,22567,22568,22568,1,1
2025-01-15 15:14:49.789,22567,22568,22568,4,4
2025-01-15 15:14:50.022,22567,22569,22569,1,1
2025-01-15 15:14:50.044,22567,22569,22569,11,11
2025-01-15 15:14:50.044,22567,22569,22569,2,2
2025-01-15 15:14:50.045,22567,22569,22569,1,1
2025-01-15 15:14:50.045,22567,22569,22569,7,7
2025-01-15 15:14:50.168,22569,22570,22570,1,1
2025-01-15 15:14:50.169,22569,22570,22570,1,1
2025-01-15 15:14:50.170,22569,22570,22570,4,4
2025-01-15 15:14:50.203,22569,22570,22570,1,1
2025-01-15 15:14:50.224,22569,22570,22570,1,1
2025-01-15 15:14:50.454,22569,22570,22570,1,1
2025-01-15 15:14:50.454,22569,22570,22571,1,1
2025-01-15 15:14:50.455,22569,22570,22572,1,1
2025-01-15 15:14:50.596,22569,22572,22572,1,1
2025-01-15 15:14:50.646,22569,22572,22572,1,1
2025-01-15 15:14:50.671,22569,22572,22572,1,1
2025-01-15 15:14:50.930,22569,22572,22572,1,1
2025-01-15 15:14:50.977,22569,22572,22572,2,2
2025-01-15 15:14:54.934,22570,22572,22572,1,1
2025-01-15 15:14:55.681,22570,22572,22572,1,1
2025-01-15 15:14:57.212,22571,22572,22572,1,1
2025-01-15 15:14:57.213,22571,22572,22572,3,3
2025-01-15 15:15:00.495,22571,22572,22572,1,1
2025-01-15 15:15:00.495,22571,22572,22572,1,1
2025-01-15 15:15:00.625,22571,22573,22573,1,1
2025-01-15 15:15:01.169,22571,22573,22571,1,-1
2025-01-15 15:15:01.176,22571,22573,22571,1,-1
2025-01-15 15:15:01.191,22571,22573,22573,1,1
2025-01-15 15:15:04.590,22570,22572,22572,1,1
2025-01-15 15:15:07.578,22570,22572,22572,1,1
2025-01-15 15:15:07.710,22571,22572,22572,3,3
2025-01-15 15:15:07.769,22571,22572,22571,1,-1
2025-01-15 15:15:08.361,22571,22573,22571,1,-1
2025-01-15 15:15:08.618,22570,22573,22570,10,-10
2025-01-15 15:15:08.989,22569,22570,22570,1,1
2025-01-15 15:15:09.686,22569,22570,22569,1,-1
2025-01-15 15:15:09.958,22569,22570,22570,1,1
2025-01-15 15:15:10.040,22569,22570,22570,1,1
2025-01-15 15:15:10.170,22569,22571,22569,1,-1
2025-01-15 15:15:10.567,22570,22571,22570,1,-1
2025-01-15 15:15:10.567,22570,22571,22570,1,-1
2025-01-15 15:15:10.988,22568,22571,22568,1,-1
2025-01-15 15:15:11.849,22568,22571,22568,1,-1
2025-01-15 15:15:12.447,22567,22570,22567,1,-1
2025-01-15 15:15:12.655,22567,22570,22567,1,-1
2025-01-15 15:15:12.839,22566,22569,22566,1,-1
2025-01-15 15:15:13.665,22566,22569,22566,1,-1
2025-01-15 15:15:14.896,22566,22569,22569,2,2
2025-01-15 15:15:16.755,22566,22569,22567,1,-1
2025-01-15 15:15:19.031,22566,22569,22566,1,-1
2025-01-15 15:15:19.469,22566,22569,22566,1,-1
2025-01-15 15:15:35.021,22566,22568,22568,1,1
2025-01-15 15:15:39.487,22566,22568,22568,1,1
2025-01-15 15:15:46.994,22566,22568,22568,2,2
2025-01-15 15:15:58.221,22566,22568,22568,2,2
2025-01-15 15:15:58.443,22566,22568,22566,2,-2
2025-01-15 15:16:00.743,22565,22567,22565,1,-1
2025-01-15 15:16:02.474,22564,22566,22564,1,-1
2025-01-15 15:16:02.578,22563,22566,22566,1,1
2025-01-15 15:16:03.260,22564,22567,22564,2,-2
2025-01-15 15:16:04.335,22564,22567,22567,1,1
2025-01-15 15:16:07.109,22565,22567,22567,2,2
2025-01-15 15:16:11.108,22567,22568,22567,1,-1
2025-01-15 15:16:11.197,22567,22568,22567,1,-1
2025-01-15 15:16:13.362,22565,22568,22565,2,-2
2025-01-15 15:16:15.358,22565,22567,22567,1,1
2025-01-15 15:16:20.680,22565,22568,22565,1,-1
2025-01-15 15:16:23.920,22565,22567,22567,3,3
2025-01-15 15:16:30.416,22567,22568,22569,5,5
2025-01-15 15:16:30.416,22567,22568,22568,1,1
2025-01-15 15:16:30.619,22569,22570,22570,3,3
2025-01-15 15:16:31.775,22569,22571,22571,1,1
2025-01-15 15:16:32.130,22569,22572,22572,1,1
2025-01-15 15:16:34.672,22571,22572,22572,5,5
2025-01-15 15:16:36.235,22571,22573,22573,1,1
2025-01-15 15:16:41.933,22572,22573,22572,1,-1
2025-01-15 15:16:41.934,22572,22573,22572,1,-1
2025-01-15 15:16:42.109,22570,22572,22572,1,1
2025-01-15 15:16:48.949,22570,22572,22570,1,-1
2025-01-15 15:16:48.949,22570,22572,22569,1,-1
2025-01-15 15:16:49.015,22568,22571,22570,2,2
2025-01-15 15:16:49.901,22568,22571,22571,5,5
2025-01-15 15:16:49.901,22568,22571,22572,10,10
2025-01-15 15:16:49.901,22568,22571,22573,5,5
2025-01-15 15:16:50.436,22570,22573,22572,1,1
2025-01-15 15:16:51.138,22570,22573,22570,1,-1
2025-01-15 15:16:51.197,22570,22573,22572,2,2
2025-01-15 15:16:54.396,22569,22571,22571,2,2
2025-01-15 15:16:59.445,22570,22571,22571,1,1
2025-01-15 15:16:59.446,22570,22571,22571,7,7
2025-01-15 15:16:59.573,22570,22572,22572,1,1
2025-01-15 15:17:07.567,22570,22571,22571,1,1
2025-01-15 15:17:07.567,22570,22571,22571,1,1
2025-01-15 15:17:15.327,22570,22571,22570,1,-1
2025-01-15 15:17:17.128,22570,22571,22571,1,1
2025-01-15 15:17:22.107,22570,22572,22572,2,2
2025-01-15 15:17:23.594,22571,22572,22572,2,2
2025-01-15 15:17:26.089,22571,22573,22573,5,5
2025-01-15 15:17:26.091,22571,22573,22574,1,1
2025-01-15 15:17:26.998,22573,22574,22574,8,8
2025-01-15 15:17:28.809,22574,22575,22574,1,-1
2025-01-15 15:17:33.360,22574,22575,22575,1,1
2025-01-15 15:17:33.470,22574,22575,22575,4,4
2025-01-15 15:17:33.499,22574,22575,22575,2,2
2025-01-15 15:17:33.589,22574,22575,22575,1,1
2025-01-15 15:17:33.662,22574,22575,22576,2,2
2025-01-15 15:17:34.529,22575,22576,22575,1,-1
2025-01-15 15:17:36.092,22575,22576,22575,1,-1
2025-01-15 15:17:41.801,22573,22576,22574,3,-3
2025-01-15 15:17:42.695,22573,22576,22573,5,-5
2025-01-15 15:17:47.403,22571,22572,22572,1,1
2025-01-15 15:17:58.433,22571,22572,22572,2,2
2025-01-15 15:18:00.029,22571,22573,22572,1,1
2025-01-15 15:18:03.582,22572,22573,22572,1,-1
2025-01-15 15:18:07.976,22572,22573,22572,1,-1
2025-01-15 15:18:11.643,22572,22573,22572,1,-1
2025-01-15 15:18:12.896,22572,22573,22572,3,-3
2025-01-15 15:18:21.707,22572,22573,22572,9,-9
2025-01-15 15:18:25.825,22571,22573,22571,1,-1
2025-01-15 15:18:30.775,22571,22572,22571,1,-1
2025-01-15 15:18:32.023,22571,22572,22570,11,-11
2025-01-15 15:18:32.023,22571,22572,22571,4,-4
2025-01-15 15:18:36.853,22569,22570,22569,22,-22
2025-01-15 15:18:36.854,22569,22570,22569,1,-1
2025-01-15 15:18:36.854,22569,22570,22569,19,-19
2025-01-15 15:18:40.347,22567,22569,22569,6,6
2025-01-15 15:18:40.347,22567,22569,22570,7,7
2025-01-15 15:18:40.348,22567,22569,22571,2,2
2025-01-15 15:18:40.348,22567,22569,22571,1,1
2025-01-15 15:18:44.031,22571,22572,22571,1,-1
2025-01-15 15:18:47.564,22570,22571,22570,1,-1
2025-01-15 15:18:50.094,22570,22571,22570,10,-10
2025-01-15 15:18:54.336,22570,22571,22570,28,-28
2025-01-15 15:18:54.337,22570,22571,22570,1,-1
2025-01-15 15:18:54.337,22570,22571,22570,1,-1
2025-01-15 15:18:55.714,22568,22570,22568,1,-1
2025-01-15 15:19:01.413,22567,22568,22567,1,-1
2025-01-15 15:19:01.457,22567,22568,22568,1,1
2025-01-15 15:19:01.487,22567,22568,22567,1,-1
2025-01-15 15:19:03.144,22568,22569,22568,1,-1
2025-01-15 15:19:03.204,22566,22569,22569,1,1
2025-01-15 15:19:16.266,22567,22569,22567,1,-1
2025-01-15 15:19:16.266,22567,22569,22566,2,-2
2025-01-15 15:19:16.511,22566,22568,22566,2,-2
2025-01-15 15:19:16.511,22566,22568,22565,3,-3
2025-01-15 15:19:28.246,22565,22566,22565,4,-4
2025-01-15 15:19:47.953,22563,22564,22563,1,-1
2025-01-15 15:19:47.979,22563,22564,22563,1,-1
2025-01-15 15:19:48.080,22563,22564,22564,1,1
2025-01-15 15:19:48.085,22563,22564,22564,1,1
2025-01-15 15:19:48.086,22563,22564,22563,1,-1
2025-01-15 15:19:48.086,22563,22564,22562,3,-3
2025-01-15 15:19:48.204,22561,22564,22564,1,1
2025-01-15 15:19:49.443,22563,22564,22564,1,1
2025-01-15 15:19:56.204,22563,22564,22564,1,1
2025-01-15 15:19:57.645,22564,22565,22564,1,-1
2025-01-15 15:19:57.645,22564,22565,22563,3,-3
2025-01-15 15:20:00.997,22564,22565,22565,4,4
2025-01-15 15:20:06.226,22565,22566,22565,1,-1
2025-01-15 15:20:06.226,22565,22566,22564,1,-1
2025-01-15 15:20:13.446,22564,22565,22564,1,-1
2025-01-15 15:20:17.625,22563,22564,22563,1,-1
2025-01-15 15:20:17.625,22563,22564,22563,1,-1
2025-01-15 15:20:17.625,22563,22564,22563,1,-1
2025-01-15 15:20:17.718,22561,22564,22564,1,1
2025-01-15 15:20:24.751,22561,22563,22561,2,-2
2025-01-15 15:20:24.939,22561,22563,22562,1,-1
2025-01-15 15:20:25.141,22562,22563,22562,1,-1
2025-01-15 15:20:25.818,22562,22563,22563,3,3
2025-01-15 15:20:25.855,22562,22563,22562,1,-1
2025-01-15 15:20:25.974,22562,22563,22562,1,-1
2025-01-15 15:20:25.974,22562,22563,22562,1,-1
2025-01-15 15:20:26.380,22561,22563,22561,4,-4
2025-01-15 15:20:30.108,22561,22562,22561,1,-1
2025-01-15 15:20:30.305,22561,22562,22561,13,-13
2025-01-15 15:20:30.305,22561,22562,22560,3,-3
2025-01-15 15:20:30.305,22561,22562,22560,8,-8
2025-01-15 15:20:34.849,22559,22560,22560,2,2
2025-01-15 15:20:36.997,22559,22560,22560,2,2
2025-01-15 15:20:38.772,22559,22560,22559,1,-1
2025-01-15 15:20:38.772,22559,22560,22558,1,-1
2025-01-15 15:20:39.008,22558,22560,22558,4,-4
2025-01-15 15:20:39.030,22558,22560,22558,1,-1
2025-01-15 15:20:39.030,22558,22560,22557,3,-3
2025-01-15 15:20:44.011,22558,22560,22558,1,-1
2025-01-15 15:20:44.025,22558,22560,22558,2,-2
2025-01-15 15:20:44.026,22558,22560,22558,1,-1
2025-01-15 15:20:50.105,22557,22558,22557,1,-1
2025-01-15 15:20:50.106,22557,22558,22557,1,-1
2025-01-15 15:20:50.106,22557,22558,22557,1,-1
2025-01-15 15:21:01.550,22556,22557,22556,1,-1
2025-01-15 15:21:02.869,22556,22557,22557,15,15
2025-01-15 15:21:07.860,22559,22560,22559,1,-1
2025-01-15 15:21:15.758,22558,22559,22559,2,2
2025-01-15 15:21:15.758,22558,22559,22560,1,1
2025-01-15 15:21:21.961,22560,22561,22561,5,5
2025-01-15 15:21:21.961,22560,22561,22562,6,6
2025-01-15 15:21:25.128,22561,22562,22562,1,1
2025-01-15 15:21:25.128,22561,22562,22562,3,3
2025-01-15 15:21:25.128,22561,22562,22562,1,1
2025-01-15 15:21:25.129,22561,22562,22562,12,12
2025-01-15 15:21:25.129,22561,22562,22563,1,1
2025-01-15 15:21:27.830,22563,22564,22564,2,2
2025-01-15 15:21:27.830,22563,22564,22565,1,1
2025-01-15 15:21:28.025,22564,22567,22564,2,-2
2025-01-15 15:21:28.353,22563,22565,22565,2,2
2025-01-15 15:21:33.865,22563,22565,22565,1,1
2025-01-15 15:21:36.204,22565,22567,22565,1,-1
2025-01-15 15:21:36.383,22565,22567,22565,2,-2
2025-01-15 15:21:36.384,22565,22567,22565,4,-4
2025-01-15 15:21:38.428,22562,22566,22566,2,2
2025-01-15 15:21:55.814,22565,22566,22566,1,1
2025-01-15 15:21:58.569,22565,22566,22566,1,1
2025-01-15 15:22:01.968,22566,22567,22567,1,1
2025-01-15 15:22:08.580,22567,22568,22568,2,2
2025-01-15 15:22:08.781,22567,22569,22569,1,1
2025-01-15 15:22:08.781,22567,22569,22570,1,1
2025-01-15 15:22:08.903,22568,22570,22568,1,-1
2025-01-15 15:22:14.992,22567,22570,22570,3,3
2025-01-15 15:22:15.038,22567,22570,22571,1,1
2025-01-15 15:22:15.039,22567,22570,22571,1,1
2025-01-15 15:22:15.291,22570,22572,22570,1,-1
2025-01-15 15:22:17.488,22570,22572,22572,2,2
2025-01-15 15:22:17.488,22570,22572,22572,1,1
2025-01-15 15:22:22.609,22572,22573,22573,1,1
2025-01-15 15:22:22.753,22572,22573,22573,1,1
2025-01-15 15:22:25.143,22572,22573,22573,1,1
2025-01-15 15:22:30.199,22573,22574,22574,1,1
2025-01-15 15:22:38.521,22573,22574,22573,1,-1
2025-01-15 15:22:39.283,22573,22574,22573,1,-1
2025-01-15 15:22:40.131,22573,22574,22574,1,1
2025-01-15 15:22:51.110,22573,22574,22574,1,1
2025-01-15 15:22:51.704,22574,22575,22574,2,-2
2025-01-15 15:22:56.446,22574,22575,22574,1,-1
2025-01-15 15:22:58.212,22574,22575,22574,2,-2
2025-01-15 15:23:05.701,22573,22575,22575,1,1
2025-01-15 15:23:06.116,22573,22575,22575,1,1
2025-01-15 15:23:08.778,22573,22575,22575,1,1
2025-01-15 15:23:09.289,22573,22575,22575,2,2
2025-01-15 15:23:11.879,22573,22575,22575,1,1
2025-01-15 15:23:14.980,22573,22575,22575,1,1
2025-01-15 15:23:15.677,22573,22575,22575,1,1
2025-01-15 15:23:18.082,22573,22575,22575,1,1
2025-01-15 15:23:18.082,22573,22575,22575,1,1
2025-01-15 15:23:21.058,22573,22574,22574,2,2
2025-01-15 15:23:23.189,22573,22576,22576,1,1
2025-01-15 15:23:23.975,22573,22576,22576,1,1
2025-01-15 15:23:27.485,22574,22575,22575,1,1
2025-01-15 15:23:28.526,22574,22576,22576,7,7
2025-01-15 15:23:28.527,22574,22576,22577,1,1
2025-01-15 15:23:28.527,22574,22576,22577,1,1
2025-01-15 15:23:28.527,22574,22576,22577,1,1
2025-01-15 15:23:29.502,22576,22578,22578,8,8
2025-01-15 15:23:29.649,22578,22579,22579,2,2
2025-01-15 15:23:29.722,22578,22579,22579,1,1
2025-01-15 15:23:32.160,22578,22579,22579,1,1
2025-01-15 15:23:32.849,22578,22579,22578,2,-2
2025-01-15 15:23:33.703,22577,22579,22579,1,1
2025-01-15 15:23:35.434,22578,22579,22579,1,1
2025-01-15 15:23:36.786,22578,22579,22578,2,-2
2025-01-15 15:23:36.812,22578,22579,22577,1,-1
2025-01-15 15:23:37.470,22575,22578,22578,1,1
2025-01-15 15:23:38.012,22575,22578,22575,1,-1
2025-01-15 15:23:38.771,22575,22578,22578,1,1
2025-01-15 15:23:38.870,22575,22577,22577,1,1
2025-01-15 15:23:38.870,22575,22577,22578,1,1
2025-01-15 15:23:39.371,22575,22578,22578,1,1
2025-01-15 15:23:44.906,22575,22578,22578,1,1
2025-01-15 15:23:46.294,22575,22578,22578,1,1
2025-01-15 15:23:46.485,22575,22578,22578,1,1
2025-01-15 15:23:50.076,22576,22577,22576,1,-1
2025-01-15 15:23:51.117,22575,22577,22577,1,1
2025-01-15 15:23:57.514,22575,22577,22575,1,-1
2025-01-15 15:23:59.896,22575,22577,22575,1,-1
2025-01-15 15:24:05.925,22575,22577,22575,9,-9
2025-01-15 15:24:05.925,22575,22577,22575,11,-11
2025-01-15 15:24:07.885,22575,22577,22575,1,-1
2025-01-15 15:24:10.209,22575,22577,22576,1,-1
2025-01-15 15:24:11.064,22575,22577,22575,2,-2
2025-01-15 15:24:17.623,22574,22575,22575,5,5
2025-01-15 15:24:18.116,22574,22576,22574,1,-1
2025-01-15 15:24:22.139,22574,22576,22576,1,1
2025-01-15 15:24:27.589,22574,22575,22575,6,6
2025-01-15 15:24:41.757,22575,22577,22575,5,-5
2025-01-15 15:24:48.534,22575,22577,22575,2,-2
2025-01-15 15:24:51.626,22575,22577,22575,11,-11
2025-01-15 15:24:51.626,22575,22577,22574,3,-3
2025-01-15 15:24:53.018,22573,22574,22574,1,1
2025-01-15 15:24:55.282,22573,22575,22575,1,1
2025-01-15 15:25:14.668,22573,22574,22574,1,1
2025-01-15 15:25:16.592,22573,22575,22575,1,1
2025-01-15 15:25:20.226,22573,22575,22574,1,1
2025-01-15 15:25:28.474,22573,22575,22573,1,-1
2025-01-15 15:25:29.247,22573,22574,22573,1,-1
2025-01-15 15:25:32.850,22572,22573,22572,1,-1
2025-01-15 15:25:33.123,22572,22573,22573,3,3
2025-01-15 15:25:36.447,22573,22575,22573,1,-1
2025-01-15 15:25:46.538,22572,22573,22573,1,1
2025-01-15 15:25:53.221,22572,22574,22572,1,-1
2025-01-15 15:26:01.358,22572,22573,22573,1,1
2025-01-15 15:26:04.642,22573,22574,22574,2,2
2025-01-15 15:26:12.964,22573,22574,22573,1,-1
2025-01-15 15:26:15.089,22573,22574,22574,1,1
2025-01-15 15:26:15.465,22574,22575,22575,10,10
2025-01-15 15:26:15.466,22574,22575,22576,1,1
2025-01-15 15:26:15.466,22574,22575,22576,1,1
2025-01-15 15:26:16.852,22575,22577,22575,2,-2
2025-01-15 15:26:27.067,22575,22577,22575,1,-1
2025-01-15 15:26:27.281,22575,22577,22577,1,1
2025-01-15 15:26:27.667,22575,22577,22575,1,-1
2025-01-15 15:26:28.915,22574,22577,22577,5,5
2025-01-15 15:26:31.204,22575,22577,22577,2,2
2025-01-15 15:26:35.267,22576,22578,22576,1,-1
2025-01-15 15:26:38.436,22576,22578,22577,1,-1
2025-01-15 15:26:38.455,22577,22578,22578,1,1
2025-01-15 15:26:39.118,22577,22578,22578,1,1
2025-01-15 15:26:40.787,22577,22578,22577,1,-1
2025-01-15 15:26:43.230,22577,22578,22578,1,1
2025-01-15 15:26:43.230,22577,22578,22578,1,1
2025-01-15 15:26:44.095,22577,22578,22577,1,-1
2025-01-15 15:26:47.000,22577,22578,22577,1,-1
2025-01-15 15:26:50.003,22577,22578,22577,1,-1
2025-01-15 15:26:50.037,22577,22578,22577,1,-1
2025-01-15 15:26:50.848,22577,22578,22578,12,12
2025-01-15 15:26:50.849,22577,22578,22579,3,3
2025-01-15 15:26:52.607,22579,22580,22579,1,-1
2025-01-15 15:26:53.627,22578,22580,22580,12,12
2025-01-15 15:26:53.627,22578,22580,22581,4,4
2025-01-15 15:26:53.627,22578,22580,22582,6,6
2025-01-15 15:26:53.674,22578,22580,22580,2,2
2025-01-15 15:26:53.972,22580,22582,22582,9,9
2025-01-15 15:26:53.972,22580,22582,22583,4,4
2025-01-15 15:26:54.010,22580,22582,22581,1,1
2025-01-15 15:26:54.839,22581,22583,22583,2,2
2025-01-15 15:26:54.839,22581,22583,22584,1,1
2025-01-15 15:26:54.965,22582,22585,22582,2,-2
2025-01-15 15:26:59.934,22581,22582,22582,1,1
2025-01-15 15:27:00.051,22581,22583,22583,1,1
2025-01-15 15:27:00.083,22581,22583,22583,1,1
2025-01-15 15:27:00.848,22581,22582,22582,2,2
2025-01-15 15:27:01.997,22582,22583,22582,1,-1
2025-01-15 15:27:02.078,22582,22583,22584,1,1
2025-01-15 15:27:02.078,22582,22583,22583,1,1
2025-01-15 15:27:02.079,22582,22583,22585,1,1
2025-01-15 15:27:03.016,22582,22585,22585,2,2
2025-01-15 15:27:03.018,22582,22585,22583,2,-2
2025-01-15 15:27:04.139,22584,22585,22584,1,-1
2025-01-15 15:27:04.705,22583,22585,22585,1,1
2025-01-15 15:27:06.491,22583,22584,22584,1,1
2025-01-15 15:27:06.908,22583,22585,22585,1,1
2025-01-15 15:27:09.948,22583,22585,22585,2,2
2025-01-15 15:27:09.953,22583,22585,22585,1,1
2025-01-15 15:27:09.954,22583,22585,22585,1,1
2025-01-15 15:27:09.955,22583,22585,22585,1,1
2025-01-15 15:27:10.184,22583,22586,22583,1,-1
2025-01-15 15:27:10.187,22583,22586,22583,2,-2
2025-01-15 15:27:10.525,22583,22586,22585,1,1
2025-01-15 15:27:11.514,22585,22586,22585,2,-2
2025-01-15 15:27:11.518,22585,22586,22584,1,-1
2025-01-15 15:27:12.634,22582,22585,22585,1,1
2025-01-15 15:27:14.613,22582,22583,22583,1,1
2025-01-15 15:27:15.884,22583,22585,22585,2,2
2025-01-15 15:27:15.884,22583,22585,22586,3,3
2025-01-15 15:27:19.673,22583,22585,22585,1,1
2025-01-15 15:27:20.154,22584,22586,22586,2,2
2025-01-15 15:27:20.154,22584,22586,22587,3,3
2025-01-15 15:27:22.819,22585,22587,22587,2,2
2025-01-15 15:27:23.481,22585,22586,22585,2,-2
2025-01-15 15:27:23.481,22585,22586,22584,1,-1
2025-01-15 15:27:24.245,22584,22586,22586,1,1
2025-01-15 15:27:24.245,22584,22586,22587,3,3
2025-01-15 15:27:26.420,22585,22587,22585,2,-2
2025-01-15 15:27:27.388,22585,22587,22586,1,-1
2025-01-15 15:27:27.388,22585,22587,22586,1,-1
2025-01-15 15:27:27.455,22585,22587,22587,1,1
2025-01-15 15:27:27.977,22585,22587,22585,1,-1
2025-01-15 15:27:31.010,22586,22587,22586,1,-1
2025-01-15 15:27:31.489,22586,22587,22586,4,-4
2025-01-15 15:27:35.372,22584,22585,22585,2,2
2025-01-15 15:27:35.506,22585,22586,22585,1,-1
2025-01-15 15:27:36.876,22584,22586,22584,1,-1
2025-01-15 15:27:36.923,22584,22586,22583,3,-3
2025-01-15 15:27:36.931,22584,22586,22584,1,-1
2025-01-15 15:27:36.954,22582,22584,22584,1,1
2025-01-15 15:27:38.919,22582,22585,22585,1,1
2025-01-15 15:27:47.748,22585,22586,22585,1,-1
2025-01-15 15:27:48.487,22583,22585,22583,1,-1
2025-01-15 15:27:50.779,22583,22585,22584,1,-1
2025-01-15 15:27:55.278,22584,22586,22584,1,-1
2025-01-15 15:28:05.818,22584,22585,22585,1,1
2025-01-15 15:28:06.236,22584,22586,22584,2,-2
2025-01-15 15:28:06.236,22584,22586,22584,1,-1
2025-01-15 15:28:08.392,22584,22586,22583,12,-12
2025-01-15 15:28:08.392,22584,22586,22584,1,-1
2025-01-15 15:28:11.930,22582,22583,22583,1,1
2025-01-15 15:28:12.084,22582,22583,22583,1,1
2025-01-15 15:28:12.203,22582,22584,22582,18,-18
2025-01-15 15:28:12.203,22582,22584,22581,4,-4
2025-01-15 15:28:12.716,22580,22583,22580,4,-4
2025-01-15 15:28:13.301,22580,22582,22582,1,1
2025-01-15 15:28:13.669,22580,22583,22582,2,2
2025-01-15 15:28:13.669,22580,22583,22581,1,-1
2025-01-15 15:28:18.966,22581,22582,22582,2,2
2025-01-15 15:28:19.821,22582,22583,22582,1,-1
2025-01-15 15:28:21.097,22582,22583,22583,1,1
2025-01-15 15:28:23.722,22583,22584,22583,3,-3
2025-01-15 15:28:27.313,22582,22583,22583,1,1
2025-01-15 15:28:27.909,22582,22584,22584,1,1
2025-01-15 15:28:38.510,22583,22584,22584,1,1
2025-01-15 15:28:42.681,22583,22585,22583,1,-1
2025-01-15 15:28:51.027,22582,22584,22582,2,-2
2025-01-15 15:29:07.291,22582,22584,22582,4,-4
2025-01-15 15:29:09.388,22582,22584,22584,2,2
2025-01-15 15:29:09.414,22582,22584,22584,1,1
2025-01-15 15:29:20.720,22583,22585,22584,1,1
2025-01-15 15:29:25.174,22583,22585,22585,3,3
2025-01-15 15:29:28.715,22584,22586,22586,1,1
2025-01-15 15:29:28.716,22584,22586,22586,13,13
2025-01-15 15:29:29.404,22585,22587,22586,1,1
2025-01-15 15:29:29.407,22585,22587,22587,1,1
2025-01-15 15:29:31.646,22585,22587,22587,1,1
2025-01-15 15:29:41.074,22586,22587,22587,1,1
2025-01-15 15:29:42.810,22586,22588,22586,21,-21
2025-01-15 15:29:44.628,22583,22586,22586,1,1
2025-01-15 15:29:47.475,22582,22585,22585,1,1
2025-01-15 15:29:50.525,22582,22585,22585,6,6
2025-01-15 15:29:50.579,22585,22587,22585,3,-3
2025-01-15 15:29:55.559,22585,22587,22585,1,-1
2025-01-15 15:30:00.122,22585,22587,22587,1,1
2025-01-15 15:30:00.407,22585,22587,22587,1,1
2025-01-15 15:30:00.539,22585,22587,22587,1,1
2025-01-15 15:30:00.651,22585,22587,22587,1,1
2025-01-15 15:30:00.658,22585,22587,22587,1,1
2025-01-15 15:30:00.766,22585,22587,22587,1,1
2025-01-15 15:30:00.781,22585,22587,22587,1,1
2025-01-15 15:30:00.782,22585,22587,22587,1,1
2025-01-15 15:30:00.814,22585,22587,22588,1,1
2025-01-15 15:30:00.823,22585,22587,22588,1,1
2025-01-15 15:30:00.865,22586,22588,22588,1,1
2025-01-15 15:30:00.988,22586,22588,22588,1,1
2025-01-15 15:30:01.261,22586,22588,22586,1,-1
2025-01-15 15:30:03.673,22585,22588,22588,1,1
2025-01-15 15:30:08.727,22586,22587,22587,2,2
2025-01-15 15:30:12.782,22586,22588,22587,2,2
2025-01-15 15:30:14.006,22586,22588,22587,1,1
2025-01-15 15:30:17.935,22586,22588,22588,2,2
2025-01-15 15:30:19.195,22587,22588,22587,2,-2
2025-01-15 15:30:20.415,22586,22587,22586,1,-1
2025-01-15 15:30:21.446,22585,22587,22587,4,4
2025-01-15 15:30:21.447,22585,22587,22587,1,1
2025-01-15 15:30:22.026,22586,22588,22588,1,1
2025-01-15 15:30:22.649,22587,22588,22587,1,-1
2025-01-15 15:30:23.199,22587,22588,22587,1,-1
2025-01-15 15:30:24.216,22586,22588,22588,2,2
2025-01-15 15:30:26.347,22587,22588,22587,2,-2
2025-01-15 15:30:26.802,22586,22587,22587,1,1
2025-01-15 15:30:30.137,22586,22588,22588,1,1
2025-01-15 15:30:30.204,22586,22588,22586,1,-1
2025-01-15 15:30:30.754,22586,22588,22586,1,-1
2025-01-15 15:30:35.903,22586,22587,22587,1,1
2025-01-15 15:30:38.605,22586,22588,22588,1,1
2025-01-15 15:30:43.647,22586,22588,22588,3,3
2025-01-15 15:30:46.501,22586,22588,22588,1,1
2025-01-15 15:30:50.632,22586,22587,22587,1,1
2025-01-15 15:30:50.633,22586,22587,22587,2,2
2025-01-15 15:30:56.291,22586,22587,22587,1,1
2025-01-15 15:30:56.292,22586,22587,22587,2,2
2025-01-15 15:30:57.654,22586,22588,22586,3,-3
2025-01-15 15:30:59.673,22586,22587,22587,2,2
2025-01-15 15:31:13.155,22586,22588,22586,21,-21
2025-01-15 15:31:13.156,22586,22588,22585,4,-4
2025-01-15 15:31:13.156,22586,22588,22585,9,-9
2025-01-15 15:31:13.215,22584,22585,22585,1,1
2025-01-15 15:31:17.898,22583,22586,22586,1,1
2025-01-15 15:31:17.954,22583,22586,22586,1,1
2025-01-15 15:31:17.954,22583,22586,22586,1,1
2025-01-15 15:31:17.955,22583,22586,22586,1,1
2025-01-15 15:31:18.348,22584,22587,22584,5,-5
2025-01-15 15:31:21.719,22584,22585,22585,3,3
2025-01-15 15:31:22.007,22584,22586,22586,2,2
2025-01-15 15:31:24.511,22586,22587,22586,1,-1
2025-01-15 15:31:26.364,22586,22587,22587,1,1
2025-01-15 15:31:29.914,22587,22588,22587,1,-1
2025-01-15 15:31:29.954,22587,22588,22588,1,1
2025-01-15 15:31:30.088,22587,22588,22588,9,9
2025-01-15 15:31:30.088,22587,22588,22589,9,9
2025-01-15 15:31:30.088,22587,22588,22590,4,4
2025-01-15 15:31:30.234,22587,22590,22590,4,4
2025-01-15 15:31:30.278,22587,22590,22590,1,1
2025-01-15 15:31:30.415,22588,22590,22590,2,2
2025-01-15 15:31:30.415,22588,22590,22591,2,2
2025-01-15 15:31:30.440,22588,22590,22589,1,1
2025-01-15 15:31:30.474,22588,22591,22591,1,1
2025-01-15 15:31:31.200,22588,22591,22588,1,-1
2025-01-15 15:31:36.167,22587,22590,22588,1,-1
2025-01-15 15:31:37.872,22588,22591,22588,1,-1
2025-01-15 15:31:52.096,22588,22590,22590,2,2
2025-01-15 15:31:57.458,22590,22592,22590,1,-1
2025-01-15 15:31:57.579,22590,22592,22592,1,1
2025-01-15 15:31:57.580,22590,22592,22592,1,1
2025-01-15 15:32:00.808,22590,22592,22592,1,1
2025-01-15 15:32:07.790,22591,22592,22592,1,1
2025-01-15 15:32:08.009,22591,22592,22592,3,3
2025-01-15 15:32:08.009,22591,22592,22593,1,1
2025-01-15 15:32:08.084,22591,22593,22591,2,-2
2025-01-15 15:32:08.139,22591,22593,22593,1,1
2025-01-15 15:32:08.229,22591,22593,22591,2,-2
2025-01-15 15:32:08.858,22591,22593,22592,1,-1
2025-01-15 15:32:11.658,22592,22593,22592,2,-2
2025-01-15 15:32:14.054,22592,22593,22593,1,1
2025-01-15 15:32:15.781,22592,22593,22592,1,-1
2025-01-15 15:32:15.870,22592,22593,22593,1,1
2025-01-15 15:32:16.440,22592,22593,22593,3,3
2025-01-15 15:32:18.655,22593,22594,22593,1,-1
2025-01-15 15:32:19.419,22592,22594,22592,9,-9
2025-01-15 15:32:24.750,22591,22592,22592,1,1
2025-01-15 15:32:25.274,22591,22592,22592,2,2
2025-01-15 15:32:29.874,22592,22593,22592,1,-1
2025-01-15 15:32:29.874,22592,22593,22592,2,-2
2025-01-15 15:32:30.650,22591,22593,22592,1,-1
2025-01-15 15:32:31.425,22592,22593,22593,2,2
2025-01-15 15:32:33.547,22592,22593,22593,4,4
2025-01-15 15:32:36.801,22592,22593,22593,1,1
2025-01-15 15:32:38.299,22593,22594,22594,2,2
2025-01-15 15:32:40.283,22593,22594,22594,2,2
2025-01-15 15:32:40.344,22593,22594,22594,1,1
2025-01-15 15:32:40.823,22591,22593,22592,1,1
2025-01-15 15:32:40.823,22591,22593,22592,4,4
2025-01-15 15:32:40.823,22591,22593,22592,1,1
2025-01-15 15:32:40.823,22591,22593,22592,2,2
2025-01-15 15:32:40.823,22591,22593,22593,15,15
2025-01-15 15:32:40.824,22591,22593,22592,1,1
2025-01-15 15:32:40.824,22591,22593,22592,1,1
2025-01-15 15:32:40.824,22593,22594,22592,1,-1
2025-01-15 15:32:40.875,22591,22593,22591,1,-1
2025-01-15 15:32:41.233,22591,22593,22593,1,1
2025-01-15 15:32:41.309,22591,22593,22594,1,1
2025-01-15 15:32:41.826,22592,22594,22594,1,1
2025-01-15 15:32:43.473,22593,22594,22594,1,1
2025-01-15 15:32:43.911,22593,22595,22595,1,1
2025-01-15 15:32:45.313,22593,22595,22593,1,-1
2025-01-15 15:32:46.328,22592,22594,22594,1,1
2025-01-15 15:32:54.800,22593,22595,22595,1,1
2025-01-15 15:32:54.975,22593,22595,22595,1,1
2025-01-15 15:32:57.013,22593,22595,22595,1,1
2025-01-15 15:32:57.122,22593,22595,22594,1,1
2025-01-15 15:32:57.288,22594,22595,22595,5,5
2025-01-15 15:32:59.416,22594,22595,22595,2,2
2025-01-15 15:33:04.980,22594,22595,22595,1,1
2025-01-15 15:33:04.980,22594,22595,22596,3,3
2025-01-15 15:33:05.095,22594,22596,22596,1,1
2025-01-15 15:33:05.187,22594,22596,22596,1,1
2025-01-15 15:33:05.299,22595,22596,22595,1,-1
2025-01-15 15:33:09.297,22595,22596,22595,1,-1
2025-01-15 15:33:10.060,22595,22596,22596,1,1
2025-01-15 15:33:11.074,22595,22596,22596,1,1
2025-01-15 15:33:11.882,22595,22597,22596,1,1
2025-01-15 15:33:12.889,22596,22597,22596,1,-1
2025-01-15 15:33:13.706,22596,22597,22596,1,-1
2025-01-15 15:33:13.950,22595,22597,22597,1,1
2025-01-15 15:33:14.045,22595,22597,22597,4,4
2025-01-15 15:33:14.048,22595,22597,22597,1,1
2025-01-15 15:33:19.189,22596,22597,22597,2,2
2025-01-15 15:33:19.726,22596,22597,22596,1,-1
2025-01-15 15:33:19.753,22596,22597,22597,1,1
2025-01-15 15:33:21.258,22596,22598,22597,1,1
2025-01-15 15:33:21.928,22596,22598,22596,1,-1
2025-01-15 15:33:21.928,22596,22598,22595,1,-1
2025-01-15 15:33:23.119,22596,22598,22598,3,3
2025-01-15 15:33:23.616,22596,22598,22598,2,2
2025-01-15 15:33:25.973,22596,22598,22596,2,-2
2025-01-15 15:33:26.787,22595,22597,22597,1,1
2025-01-15 15:33:27.036,22595,22598,22595,1,-1
2025-01-15 15:33:27.247,22595,22596,22596,2,2
2025-01-15 15:33:28.417,22595,22597,22597,2,2
2025-01-15 15:33:32.898,22596,22598,22597,1,1
2025-01-15 15:33:34.851,22596,22597,22597,1,1
2025-01-15 15:33:34.887,22596,22597,22596,1,-1
2025-01-15 15:33:35.344,22596,22598,22596,1,-1
2025-01-15 15:33:37.206,22596,22598,22598,3,3
2025-01-15 15:33:37.327,22598,22599,22598,1,-1
2025-01-15 15:33:37.396,22598,22599,22598,1,-1
2025-01-15 15:33:40.889,22597,22598,22598,1,1
2025-01-15 15:33:42.755,22597,22598,22597,1,-1
2025-01-15 15:33:46.597,22597,22598,22598,1,1
2025-01-15 15:33:49.512,22597,22598,22597,8,-8
2025-01-15 15:33:49.986,22596,22597,22596,5,-5
2025-01-15 15:33:49.986,22596,22597,22596,16,-16
2025-01-15 15:33:49.987,22596,22597,22595,3,-3
2025-01-15 15:33:49.987,22596,22597,22595,1,-1
2025-01-15 15:33:49.988,22596,22597,22595,2,-2
2025-01-15 15:33:49.988,22596,22597,22595,1,-1
2025-01-15 15:33:49.988,22596,22597,22595,3,-3
2025-01-15 15:33:49.988,22596,22597,22595,1,-1
2025-01-15 15:33:49.988,22596,22597,22595,1,-1
2025-01-15 15:33:49.988,22596,22597,22595,1,-1
2025-01-15 15:33:49.988,22596,22597,22595,1,-1
2025-01-15 15:33:49.989,22596,22597,22595,3,-3
2025-01-15 15:33:51.374,22594,22596,22594,1,-1
2025-01-15 15:33:54.271,22593,22595,22595,2,2
2025-01-15 15:33:57.656,22593,22595,22593,1,-1
2025-01-15 15:33:57.800,22593,22595,22593,1,-1
2025-01-15 15:34:00.117,22592,22593,22592,1,-1
2025-01-15 15:34:00.205,22592,22593,22593,1,1
2025-01-15 15:34:00.206,22592,22593,22594,1,1
2025-01-15 15:34:00.259,22592,22593,22593,1,1
2025-01-15 15:34:05.092,22592,22593,22593,1,1
2025-01-15 15:34:05.492,22593,22595,22593,1,-1
2025-01-15 15:34:11.118,22592,22593,22592,1,-1
2025-01-15 15:34:11.119,22592,22593,22592,1,-1
2025-01-15 15:34:11.119,22592,22593,22592,1,-1
2025-01-15 15:34:13.503,22591,22592,22591,1,-1
2025-01-15 15:34:13.503,22591,22592,22590,1,-1
2025-01-15 15:34:13.653,22590,22592,22590,1,-1
2025-01-15 15:34:13.746,22590,22592,22592,1,1
2025-01-15 15:34:14.153,22590,22593,22593,1,1
2025-01-15 15:34:14.946,22590,22593,22593,1,1
2025-01-15 15:34:20.905,22590,22592,22590,1,-1
2025-01-15 15:34:22.401,22590,22592,22590,1,-1
2025-01-15 15:34:22.455,22589,22591,22591,1,1
2025-01-15 15:34:22.460,22589,22591,22591,1,1
2025-01-15 15:34:29.545,22589,22590,22589,1,-1
2025-01-15 15:34:30.295,22589,22590,22589,1,-1
2025-01-15 15:34:30.329,22588,22590,22590,1,1
2025-01-15 15:34:30.334,22588,22590,22590,1,1
2025-01-15 15:34:33.409,22588,22590,22588,2,-2
2025-01-15 15:34:33.622,22588,22590,22588,6,-6
2025-01-15 15:34:35.049,22585,22588,22588,3,3
2025-01-15 15:34:35.601,22585,22588,22588,1,1
2025-01-15 15:34:38.442,22585,22588,22588,1,1
2025-01-15 15:34:38.681,22585,22588,22588,1,1
2025-01-15 15:34:41.049,22586,22588,22586,1,-1
2025-01-15 15:34:41.787,22586,22588,22588,2,2
2025-01-15 15:34:42.728,22588,22589,22588,3,-3
2025-01-15 15:34:43.710,22586,22588,22586,2,-2
2025-01-15 15:34:44.535,22586,22588,22586,1,-1
2025-01-15 15:34:45.336,22586,22588,22588,1,1
2025-01-15 15:34:48.530,22587,22588,22587,3,-3
2025-01-15 15:34:51.789,22586,22588,22588,1,1
2025-01-15 15:34:52.374,22586,22588,22586,1,-1
2025-01-15 15:34:56.631,22585,22586,22585,1,-1
2025-01-15 15:34:56.950,22585,22586,22585,1,-1
2025-01-15 15:34:57.587,22585,22586,22586,1,1
2025-01-15 15:34:58.593,22585,22586,22585,2,-2
2025-01-15 15:34:58.594,22585,22586,22585,1,-1
2025-01-15 15:35:00.566,22584,22585,22584,1,-1
2025-01-15 15:35:00.586,22584,22585,22585,1,1
2025-01-15 15:35:00.750,22584,22586,22586,4,4
2025-01-15 15:35:00.750,22584,22586,22586,1,1
2025-01-15 15:35:00.751,22584,22586,22587,3,3
2025-01-15 15:35:01.291,22586,22588,22588,1,1
2025-01-15 15:35:01.350,22587,22588,22588,4,4
2025-01-15 15:35:01.420,22587,22588,22590,5,5
2025-01-15 15:35:01.715,22589,22590,22590,2,2
2025-01-15 15:35:01.716,22589,22590,22590,1,1
2025-01-15 15:35:01.969,22589,22590,22589,1,-1
2025-01-15 15:35:05.045,22589,22590,22590,1,1
2025-01-15 15:35:09.734,22587,22590,22587,1,-1
2025-01-15 15:35:10.879,22586,22589,22589,2,2
2025-01-15 15:35:12.525,22586,22589,22586,2,-2
2025-01-15 15:35:13.457,22586,22587,22587,1,1
2025-01-15 15:35:21.030,22586,22587,22586,1,-1
2025-01-15 15:35:21.226,22585,22588,22585,1,-1
2025-01-15 15:35:25.218,22586,22587,22587,1,1
2025-01-15 15:35:25.328,22586,22587,22587,1,1
2025-01-15 15:35:25.329,22586,22587,22588,1,1
2025-01-15 15:35:25.497,22586,22588,22586,1,-1
2025-01-15 15:35:28.734,22586,22588,22586,1,-1
2025-01-15 15:35:29.448,22586,22588,22588,1,1
2025-01-15 15:35:30.347,22587,22588,22588,1,1
2025-01-15 15:35:30.347,22587,22588,22588,1,1
2025-01-15 15:35:31.491,22588,22589,22588,1,-1
2025-01-15 15:35:40.212,22585,22586,22585,1,-1
2025-01-15 15:35:45.449,22585,22587,22585,1,-1
2025-01-15 15:35:48.811,22584,22586,22584,1,-1
2025-01-15 15:35:59.493,22584,22585,22584,1,-1
2025-01-15 15:36:00.272,22584,22585,22585,1,1
2025-01-15 15:36:03.347,22584,22586,22584,1,-1
2025-01-15 15:36:04.540,22584,22585,22584,1,-1
2025-01-15 15:36:10.325,22584,22586,22584,1,-1
2025-01-15 15:36:18.826,22584,22586,22584,1,-1
2025-01-15 15:36:19.479,22584,22586,22586,2,2
2025-01-15 15:36:20.626,22586,22587,22586,1,-1
2025-01-15 15:36:26.982,22586,22587,22587,2,2
2025-01-15 15:36:35.476,22586,22588,22586,1,-1
2025-01-15 15:36:51.223,22586,22588,22588,1,1
2025-01-15 15:36:51.443,22586,22588,22588,1,1
2025-01-15 15:37:13.623,22586,22588,22588,1,1
2025-01-15 15:37:13.802,22586,22588,22588,1,1
2025-01-15 15:37:15.095,22586,22588,22586,1,-1
2025-01-15 15:37:15.095,22586,22588,22586,1,-1
2025-01-15 15:37:15.095,22586,22588,22586,1,-1
2025-01-15 15:37:15.095,22586,22588,22586,1,-1
2025-01-15 15:37:15.095,22586,22588,22586,1,-1
2025-01-15 15:37:15.156,22586,22588,22586,1,-1
2025-01-15 15:37:22.833,22584,22586,22584,1,-1
2025-01-15 15:37:23.402,22584,22585,22585,1,1
2025-01-15 15:37:24.111,22584,22585,22584,1,-1
2025-01-15 15:37:25.505,22584,22585,22584,2,-2
2025-01-15 15:37:26.581,22584,22585,22584,2,-2
2025-01-15 15:37:29.846,22583,22584,22584,1,1
2025-01-15 15:37:30.628,22583,22584,22583,1,-1
2025-01-15 15:37:31.347,22583,22584,22583,1,-1
2025-01-15 15:37:32.577,22582,22585,22582,1,-1
2025-01-15 15:37:45.135,22582,22584,22582,2,-2
2025-01-15 15:37:46.337,22581,22583,22583,1,1
2025-01-15 15:37:53.366,22581,22583,22581,1,-1
2025-01-15 15:37:53.647,22581,22583,22583,1,1
2025-01-15 15:37:54.332,22584,22585,22585,1,1
2025-01-15 15:37:56.705,22584,22585,22585,1,1
2025-01-15 15:37:58.112,22585,22586,22586,4,4
2025-01-15 15:37:58.305,22586,22588,22586,1,-1
2025-01-15 15:38:03.742,22586,22588,22586,1,-1
2025-01-15 15:38:11.960,22587,22588,22587,3,-3
2025-01-15 15:38:11.960,22587,22588,22586,5,-5
2025-01-15 15:38:12.021,22587,22588,22586,1,-1
2025-01-15 15:38:12.120,22584,22586,22586,1,1
2025-01-15 15:38:16.555,22584,22586,22584,3,-3
2025-01-15 15:38:16.733,22583,22586,22583,1,-1
2025-01-15 15:38:21.106,22584,22587,22584,1,-1
2025-01-15 15:38:29.005,22584,22586,22584,3,-3
2025-01-15 15:38:29.005,22584,22586,22583,9,-9
2025-01-15 15:38:29.005,22584,22586,22582,10,-10
2025-01-15 15:38:29.005,22584,22586,22581,18,-18
2025-01-15 15:38:29.007,22584,22586,22581,20,-20
2025-01-15 15:38:29.007,22584,22586,22581,1,-1
2025-01-15 15:38:29.278,22581,22583,22583,1,1
2025-01-15 15:38:32.978,22582,22583,22582,1,-1
2025-01-15 15:38:38.292,22580,22582,22580,1,-1
2025-01-15 15:38:38.335,22580,22582,22580,1,-1
2025-01-15 15:38:38.335,22580,22582,22580,1,-1
2025-01-15 15:38:38.348,22580,22582,22580,2,-2
2025-01-15 15:38:41.508,22580,22581,22581,1,1
2025-01-15 15:38:41.519,22580,22581,22580,1,-1
2025-01-15 15:38:43.288,22580,22581,22580,5,-5
2025-01-15 15:38:46.072,22580,22581,22580,1,-1
2025-01-15 15:38:50.276,22580,22581,22580,1,-1
2025-01-15 15:38:51.524,22580,22581,22580,3,-3
2025-01-15 15:38:52.745,22580,22581,22580,2,-2
2025-01-15 15:38:53.848,22580,22581,22580,1,-1
2025-01-15 15:38:55.026,22579,22581,22579,1,-1
2025-01-15 15:38:55.096,22579,22581,22579,1,-1
2025-01-15 15:38:57.138,22578,22580,22580,1,1
2025-01-15 15:38:58.794,22578,22581,22578,1,-1
2025-01-15 15:39:01.301,22579,22580,22579,1,-1
2025-01-15 15:39:09.595,22578,22579,22579,2,2
2025-01-15 15:39:12.284,22579,22580,22579,1,-1
2025-01-15 15:39:14.208,22579,22580,22580,1,1
2025-01-15 15:39:15.160,22579,22580,22579,1,-1
2025-01-15 15:39:15.922,22578,22580,22580,1,1
2025-01-15 15:39:24.799,22578,22580,22579,1,1
2025-01-15 15:39:25.338,22578,22580,22578,1,-1
2025-01-15 15:39:25.338,22578,22580,22578,1,-1
2025-01-15 15:39:25.339,22578,22580,22578,3,-3
2025-01-15 15:39:26.531,22577,22579,22577,1,-1
2025-01-15 15:39:26.531,22577,22579,22577,1,-1
2025-01-15 15:39:26.571,22577,22579,22576,3,-3
2025-01-15 15:39:27.275,22576,22577,22576,1,-1
2025-01-15 15:39:27.919,22576,22577,22576,1,-1
2025-01-15 15:39:32.567,22575,22576,22576,1,1
2025-01-15 15:39:32.929,22575,22576,22575,1,-1
2025-01-15 15:39:32.984,22575,22576,22575,1,-1
2025-01-15 15:39:35.169,22575,22576,22575,1,-1
2025-01-15 15:39:35.389,22575,22576,22575,1,-1
2025-01-15 15:39:40.983,22575,22576,22575,2,-2
2025-01-15 15:39:41.942,22575,22576,22575,2,-2
2025-01-15 15:39:44.071,22575,22576,22577,2,2
2025-01-15 15:39:44.071,22575,22576,22576,8,8
2025-01-15 15:39:44.072,22575,22576,22578,1,1
2025-01-15 15:39:45.194,22576,22579,22576,2,-2
2025-01-15 15:39:58.586,22577,22579,22579,6,6
2025-01-15 15:39:58.587,22577,22579,22580,1,1
2025-01-15 15:40:00.070,22578,22581,22578,5,-5
2025-01-15 15:40:16.470,22575,22578,22575,1,-1
2025-01-15 15:40:22.125,22576,22577,22577,1,1
2025-01-15 15:40:22.236,22576,22578,22576,1,-1
2025-01-15 15:40:30.981,22577,22578,22578,1,1
2025-01-15 15:40:36.101,22578,22579,22578,1,-1
2025-01-15 15:40:42.936,22577,22578,22578,1,1
2025-01-15 15:40:45.625,22578,22579,22579,1,1
2025-01-15 15:40:45.653,22578,22579,22579,1,1
2025-01-15 15:40:48.083,22579,22580,22580,1,1
2025-01-15 15:40:54.748,22579,22580,22580,7,7
2025-01-15 15:40:54.750,22579,22580,22581,2,2
2025-01-15 15:40:56.328,22580,22582,22580,5,-5
2025-01-15 15:41:01.011,22578,22581,22581,5,5
2025-01-15 15:41:10.427,22580,22582,22582,1,1
2025-01-15 15:41:10.427,22580,22582,22582,6,6
2025-01-15 15:41:10.453,22582,22583,22583,1,1
2025-01-15 15:41:10.677,22582,22584,22582,1,-1
2025-01-15 15:41:15.084,22582,22584,22584,1,1
2025-01-15 15:41:34.398,22582,22584,22584,1,1
2025-01-15 15:41:34.515,22582,22584,22584,1,1
2025-01-15 15:41:36.921,22582,22584,22582,2,-2
2025-01-15 15:41:36.921,22582,22584,22582,1,-1
2025-01-15 15:41:36.921,22582,22584,22582,1,-1
2025-01-15 15:41:38.540,22580,22582,22582,4,4
2025-01-15 15:41:38.540,22580,22582,22583,8,8
2025-01-15 15:41:42.768,22581,22583,22583,1,1
2025-01-15 15:41:59.707,22582,22583,22582,1,-1
2025-01-15 15:41:59.708,22582,22583,22582,1,-1
2025-01-15 15:42:06.182,22579,22580,22580,1,1
2025-01-15 15:42:08.282,22579,22580,22579,1,-1
2025-01-15 15:42:08.282,22579,22580,22579,1,-1
2025-01-15 15:42:10.485,22576,22578,22578,1,1
2025-01-15 15:42:14.655,22577,22579,22578,1,1
2025-01-15 15:42:14.657,22577,22579,22579,2,2
2025-01-15 15:42:18.863,22579,22582,22579,2,-2
2025-01-15 15:42:21.487,22579,22581,22579,2,-2
2025-01-15 15:42:32.667,22579,22580,22579,1,-1
2025-01-15 15:42:34.363,22579,22580,22579,1,-1
2025-01-15 15:42:34.364,22579,22580,22578,3,-3
2025-01-15 15:42:41.214,22578,22579,22578,1,-1
2025-01-15 15:42:42.763,22577,22579,22577,1,-1
2025-01-15 15:42:46.772,22577,22578,22577,1,-1
2025-01-15 15:42:46.772,22577,22578,22577,1,-1
2025-01-15 15:42:46.773,22577,22578,22576,1,-1
2025-01-15 15:42:52.516,22575,22578,22575,1,-1
2025-01-15 15:42:54.898,22575,22577,22575,2,-2
2025-01-15 15:43:00.636,22574,22576,22574,1,-1
2025-01-15 15:43:02.305,22574,22575,22575,1,1
2025-01-15 15:43:05.344,22574,22575,22575,2,2
2025-01-15 15:43:07.193,22575,22577,22575,1,-1
2025-01-15 15:43:12.896,22575,22577,22575,1,-1
2025-01-15 15:43:15.578,22575,22577,22577,1,1
2025-01-15 15:43:15.578,22575,22577,22577,1,1
2025-01-15 15:43:15.768,22577,22578,22578,1,1
2025-01-15 15:43:36.801,22577,22578,22578,1,1
2025-01-15 15:43:41.237,22577,22579,22579,5,5
2025-01-15 15:43:41.237,22577,22579,22579,1,1
2025-01-15 15:43:41.237,22577,22579,22579,1,1
2025-01-15 15:43:48.937,22579,22580,22580,2,2
2025-01-15 15:43:48.937,22579,22580,22580,1,1
2025-01-15 15:44:01.453,22579,22580,22580,1,1
2025-01-15 15:44:03.371,22579,22581,22579,4,-4
2025-01-15 15:44:03.371,22579,22581,22578,4,-4
2025-01-15 15:44:03.372,22579,22581,22578,1,-1
2025-01-15 15:44:03.373,22579,22581,22578,1,-1
2025-01-15 15:44:03.373,22579,22581,22578,15,-15
2025-01-15 15:44:03.397,22579,22581,22578,1,-1
2025-01-15 15:44:03.397,22579,22581,22577,4,-4
2025-01-15 15:44:06.691,22576,22579,22576,1,-1
2025-01-15 15:44:23.163,22577,22579,22577,1,-1
2025-01-15 15:44:25.361,22577,22578,22578,1,1
2025-01-15 15:44:27.691,22577,22579,22577,1,-1
2025-01-15 15:44:30.535,22576,22578,22576,2,-2
2025-01-15 15:44:33.679,22576,22578,22576,1,-1
2025-01-15 15:44:33.679,22576,22578,22575,6,-6
2025-01-15 15:44:33.679,22576,22578,22574,13,-13
2025-01-15 15:44:33.679,22576,22578,22573,2,-2
2025-01-15 15:44:35.064,22573,22576,22576,1,1
2025-01-15 15:44:36.422,22574,22576,22574,1,-1
2025-01-15 15:44:38.158,22574,22576,22574,1,-1
2025-01-15 15:44:41.514,22573,22575,22573,8,-8
2025-01-15 15:44:41.514,22573,22575,22573,1,-1
2025-01-15 15:44:41.574,22573,22575,22574,1,-1
2025-01-15 15:44:46.436,22573,22575,22575,3,3
2025-01-15 15:44:49.162,22573,22574,22573,1,-1
2025-01-15 15:44:51.536,22573,22574,22574,2,2
2025-01-15 15:44:51.564,22573,22574,22574,1,1
2025-01-15 15:44:54.932,22573,22575,22573,1,-1
2025-01-15 15:45:00.414,22573,22575,22573,10,-10
2025-01-15 15:45:00.493,22573,22574,22574,1,1
2025-01-15 15:45:01.044,22573,22574,22573,1,-1
2025-01-15 15:45:01.065,22573,22574,22573,1,-1
2025-01-15 15:45:01.197,22573,22574,22573,1,-1
2025-01-15 15:45:01.197,22573,22574,22573,2,-2
2025-01-15 15:45:01.197,22573,22574,22573,1,-1
2025-01-15 15:45:01.259,22573,22574,22572,1,-1
2025-01-15 15:45:01.259,22573,22574,22572,1,-1
2025-01-15 15:45:01.272,22573,22574,22572,1,-1
2025-01-15 15:45:01.336,22572,22573,22572,1,-1
2025-01-15 15:45:01.342,22572,22573,22572,1,-1
2025-01-15 15:45:02.074,22571,22573,22573,1,1
2025-01-15 15:45:03.827,22571,22572,22571,8,-8
2025-01-15 15:45:04.012,22570,22571,22571,1,1
2025-01-15 15:45:04.862,22570,22571,22570,2,-2
2025-01-15 15:45:04.862,22570,22571,22569,3,-3
2025-01-15 15:45:05.376,22568,22569,22569,1,1
2025-01-15 15:45:06.226,22568,22569,22569,1,1
2025-01-15 15:45:06.585,22569,22570,22570,1,1
2025-01-15 15:45:11.009,22569,22572,22570,1,-1
2025-01-15 15:45:12.457,22570,22572,22570,1,-1
2025-01-15 15:45:12.860,22571,22572,22572,1,1
2025-01-15 15:45:12.860,22571,22572,22572,6,6
2025-01-15 15:45:12.949,22571,22572,22572,3,3
2025-01-15 15:45:12.949,22571,22572,22571,2,-2
2025-01-15 15:45:21.343,22572,22575,22573,5,-5
2025-01-15 15:45:21.343,22572,22575,22574,2,2
2025-01-15 15:45:28.323,22572,22574,22574,1,1
2025-01-15 15:45:28.329,22572,22574,22574,1,1
2025-01-15 15:45:28.329,22572,22574,22574,1,1
2025-01-15 15:45:28.330,22572,22574,22574,1,1
2025-01-15 15:45:28.672,22573,22574,22574,1,1
2025-01-15 15:45:31.456,22573,22575,22573,1,-1
2025-01-15 15:45:31.579,22572,22573,22573,1,1
2025-01-15 15:45:32.463,22572,22573,22572,1,-1
2025-01-15 15:45:35.799,22572,22573,22572,1,-1
2025-01-15 15:45:38.351,22571,22572,22571,1,-1
2025-01-15 15:45:45.382,22570,22571,22570,3,-3
2025-01-15 15:45:49.694,22570,22571,22571,1,1
2025-01-15 15:45:49.704,22570,22571,22571,1,1
2025-01-15 15:45:49.705,22570,22571,22571,1,1
2025-01-15 15:45:51.340,22570,22571,22570,1,-1
2025-01-15 15:45:55.990,22569,22570,22569,1,-1
2025-01-15 15:45:57.858,22568,22569,22569,1,1
2025-01-15 15:46:00.196,22569,22570,22570,2,2
2025-01-15 15:46:00.257,22569,22570,22570,1,1
2025-01-15 15:46:01.622,22569,22570,22570,1,1
2025-01-15 15:46:01.622,22569,22570,22570,1,1
2025-01-15 15:46:01.622,22569,22570,22570,1,1
2025-01-15 15:46:01.778,22569,22571,22571,8,8
2025-01-15 15:46:01.778,22569,22571,22571,1,1
2025-01-15 15:46:01.778,22569,22571,22571,1,1
2025-01-15 15:46:01.778,22569,22571,22571,1,1
2025-01-15 15:46:08.742,22569,22572,22569,2,-2
2025-01-15 15:46:10.372,22569,22571,22569,1,-1
2025-01-15 15:46:16.288,22569,22571,22571,1,1
2025-01-15 15:46:17.151,22570,22571,22570,1,-1
2025-01-15 15:46:17.564,22570,22571,22571,1,1
2025-01-15 15:46:18.853,22571,22572,22571,1,-1
2025-01-15 15:46:20.021,22571,22572,22571,1,-1
2025-01-15 15:46:20.195,22571,22572,22572,1,1
2025-01-15 15:46:20.196,22571,22572,22572,2,2
2025-01-15 15:46:20.197,22571,22572,22572,1,1
2025-01-15 15:46:20.197,22571,22572,22572,1,1
2025-01-15 15:46:25.798,22571,22573,22571,3,-3
2025-01-15 15:46:30.188,22570,22571,22571,1,1
2025-01-15 15:46:32.071,22570,22571,22570,1,-1
2025-01-15 15:46:32.071,22570,22571,22570,7,-7
2025-01-15 15:46:32.071,22570,22571,22570,1,-1
2025-01-15 15:46:32.071,22570,22571,22570,1,-1
2025-01-15 15:46:32.072,22570,22571,22570,1,-1
2025-01-15 15:46:33.361,22569,22571,22571,1,1
2025-01-15 15:46:50.854,22570,22571,22571,2,2
2025-01-15 15:46:50.854,22570,22571,22571,17,17
2025-01-15 15:46:50.854,22570,22571,22571,2,2
2025-01-15 15:46:50.855,22570,22571,22572,1,1
2025-01-15 15:46:51.839,22572,22573,22572,1,-1
2025-01-15 15:47:00.100,22571,22573,22573,1,1
2025-01-15 15:47:00.100,22571,22573,22573,4,4
2025-01-15 15:47:00.101,22571,22573,22573,1,1
2025-01-15 15:47:11.166,22573,22574,22573,3,-3
2025-01-15 15:47:11.226,22572,22574,22574,1,1
2025-01-15 15:47:43.255,22573,22574,22573,1,-1
2025-01-15 15:47:50.006,22572,22573,22572,1,-1
2025-01-15 15:47:50.006,22572,22573,22572,4,-4
2025-01-15 15:47:51.104,22571,22572,22571,4,-4
2025-01-15 15:47:51.104,22571,22572,22571,4,-4
2025-01-15 15:47:51.104,22571,22572,22571,2,-2
2025-01-15 15:47:51.403,22570,22571,22570,1,-1
2025-01-15 15:47:51.403,22570,22571,22570,1,-1
2025-01-15 15:47:51.403,22570,22571,22570,1,-1
2025-01-15 15:47:55.135,22570,22571,22570,1,-1
2025-01-15 15:47:57.303,22569,22570,22570,1,1
2025-01-15 15:47:58.501,22569,22570,22569,1,-1
2025-01-15 15:48:00.227,22568,22570,22568,8,-8
2025-01-15 15:48:00.286,22568,22570,22568,1,-1
2025-01-15 15:48:00.633,22567,22568,22568,1,1
2025-01-15 15:48:00.883,22567,22569,22567,1,-1
2025-01-15 15:48:00.984,22567,22569,22569,1,1
2025-01-15 15:48:01.948,22567,22569,22567,2,-2
2025-01-15 15:48:03.291,22568,22569,22568,1,-1
2025-01-15 15:48:05.976,22568,22569,22568,1,-1
2025-01-15 15:48:10.012,22567,22568,22567,5,-5
2025-01-15 15:48:10.407,22566,22567,22566,1,-1
2025-01-15 15:48:10.465,22566,22567,22567,1,1
2025-01-15 15:48:18.586,22566,22567,22566,1,-1
2025-01-15 15:48:22.896,22566,22567,22567,1,1
2025-01-15 15:48:22.896,22566,22567,22567,1,1
2025-01-15 15:48:26.084,22567,22568,22568,1,1
2025-01-15 15:48:26.319,22568,22569,22569,1,1
2025-01-15 15:48:26.337,22569,22570,22570,3,3
2025-01-15 15:48:26.356,22569,22570,22571,1,1
2025-01-15 15:48:39.445,22568,22571,22571,1,1
2025-01-15 15:48:41.943,22570,22573,22570,1,-1
2025-01-15 15:48:54.747,22571,22572,22572,3,3
2025-01-15 15:48:56.955,22572,22573,22573,4,4
2025-01-15 15:49:00.192,22573,22574,22574,1,1
2025-01-15 15:49:00.457,22573,22575,22574,1,1
2025-01-15 15:49:02.055,22573,22575,22575,5,5
2025-01-15 15:49:02.055,22573,22575,22575,1,1
2025-01-15 15:49:02.056,22573,22575,22575,1,1
2025-01-15 15:49:02.056,22573,22575,22575,1,1
2025-01-15 15:49:02.056,22573,22575,22575,1,1
2025-01-15 15:49:02.056,22573,22575,22575,1,1
2025-01-15 15:49:02.081,22574,22576,22574,1,-1
2025-01-15 15:49:04.227,22574,22576,22576,1,1
2025-01-15 15:49:04.227,22574,22576,22577,3,3
2025-01-15 15:49:04.271,22574,22576,22577,1,1
2025-01-15 15:49:06.294,22577,22578,22578,1,1
2025-01-15 15:49:07.138,22577,22578,22577,3,-3
2025-01-15 15:49:13.841,22575,22578,22578,1,1
2025-01-15 15:49:14.917,22575,22578,22578,1,1
2025-01-15 15:49:16.390,22575,22578,22578,2,2
2025-01-15 15:49:20.444,22576,22578,22578,1,1
2025-01-15 15:49:20.692,22576,22578,22578,10,10
2025-01-15 15:49:20.842,22578,22580,22580,1,1
2025-01-15 15:49:20.978,22578,22580,22580,1,1
2025-01-15 15:49:23.632,22578,22581,22578,1,-1
2025-01-15 15:49:24.423,22578,22581,22581,1,1
2025-01-15 15:49:24.486,22578,22581,22581,1,1
2025-01-15 15:49:25.538,22579,22581,22580,1,1
2025-01-15 15:49:25.597,22578,22580,22580,1,1
2025-01-15 15:49:31.367,22578,22580,22578,1,-1
2025-01-15 15:49:38.703,22578,22580,22578,2,-2
2025-01-15 15:49:38.703,22578,22580,22578,1,-1
2025-01-15 15:49:39.229,22577,22579,22579,1,1
2025-01-15 15:49:47.355,22579,22580,22579,1,-1
2025-01-15 15:49:47.355,22579,22580,22579,1,-1
2025-01-15 15:49:48.912,22578,22580,22580,3,3
2025-01-15 15:49:54.295,22578,22580,22580,5,5
2025-01-15 15:50:00.453,22578,22580,22580,1,1
2025-01-15 15:50:00.711,22578,22580,22578,1,-1
2025-01-15 15:50:01.898,22579,22580,22579,1,-1
2025-01-15 15:50:04.072,22578,22580,22578,1,-1
2025-01-15 15:50:04.073,22578,22580,22578,1,-1
2025-01-15 15:50:04.073,22578,22580,22578,1,-1
2025-01-15 15:50:04.073,22578,22580,22578,1,-1
2025-01-15 15:50:11.724,22577,22578,22578,1,1
2025-01-15 15:50:17.265,22577,22578,22578,1,1
2025-01-15 15:50:20.307,22577,22578,22578,5,5
2025-01-15 15:50:25.707,22578,22580,22578,2,-2
2025-01-15 15:50:26.985,22577,22579,22579,1,1
2025-01-15 15:50:36.635,22579,22580,22580,1,1
2025-01-15 15:50:36.635,22579,22580,22581,2,2
2025-01-15 15:50:40.608,22580,22582,22580,1,-1
2025-01-15 15:50:47.554,22580,22581,22581,1,1
2025-01-15 15:50:51.691,22580,22581,22581,1,1
2025-01-15 15:50:51.691,22580,22581,22581,1,1
2025-01-15 15:50:53.620,22581,22582,22581,1,-1
2025-01-15 15:51:00.056,22581,22582,22581,1,-1
2025-01-15 15:51:00.057,22581,22582,22581,1,-1
2025-01-15 15:51:00.230,22580,22582,22580,1,-1
2025-01-15 15:51:00.230,22580,22582,22580,1,-1
2025-01-15 15:51:00.230,22580,22582,22580,1,-1
2025-01-15 15:51:00.231,22580,22582,22580,1,-1
2025-01-15 15:51:00.801,22578,22581,22578,1,-1
2025-01-15 15:51:13.071,22578,22580,22578,2,-2
2025-01-15 15:51:14.405,22578,22580,22578,1,-1
2025-01-15 15:51:14.405,22578,22580,22578,4,-4
2025-01-15 15:51:14.405,22578,22580,22578,2,-2
2025-01-15 15:51:14.406,22578,22580,22578,6,-6
2025-01-15 15:51:14.406,22578,22580,22578,1,-1
2025-01-15 15:51:14.406,22578,22580,22578,1,-1
2025-01-15 15:51:16.029,22577,22578,22577,1,-1
2025-01-15 15:51:24.881,22577,22580,22580,1,1
2025-01-15 15:51:26.261,22578,22581,22579,1,-1
2025-01-15 15:51:30.563,22579,22582,22579,5,-5
2025-01-15 15:52:04.707,22580,22581,22581,1,1
2025-01-15 15:52:04.708,22580,22581,22581,1,1
2025-01-15 15:52:05.761,22580,22582,22580,3,-3
2025-01-15 15:52:12.894,22581,22582,22581,1,-1
2025-01-15 15:52:13.534,22580,22582,22582,1,1
2025-01-15 15:52:19.124,22581,22582,22582,1,1
2025-01-15 15:52:20.151,22581,22582,22582,1,1
2025-01-15 15:52:22.170,22581,22582,22582,1,1
2025-01-15 15:52:23.794,22581,22582,22582,1,1
2025-01-15 15:52:26.332,22581,22582,22582,1,1
2025-01-15 15:52:27.174,22581,22582,22581,1,-1
2025-01-15 15:52:32.214,22580,22581,22580,1,-1
2025-01-15 15:52:39.144,22579,22580,22580,1,1
2025-01-15 15:52:43.310,22579,22580,22579,1,-1
2025-01-15 15:52:50.093,22578,22579,22579,1,1
2025-01-15 15:52:58.228,22578,22579,22578,1,-1
2025-01-15 15:52:59.122,22578,22579,22579,2,2
2025-01-15 15:53:07.511,22579,22580,22580,1,1
2025-01-15 15:53:07.690,22580,22581,22581,1,1
2025-01-15 15:53:07.715,22581,22582,22581,1,-1
2025-01-15 15:53:08.449,22581,22582,22582,1,1
2025-01-15 15:53:09.228,22581,22582,22582,1,1
2025-01-15 15:53:12.218,22580,22582,22580,1,-1
2025-01-15 15:53:12.578,22579,22582,22582,1,1
2025-01-15 15:53:29.782,22580,22581,22580,1,-1
2025-01-15 15:53:31.663,22579,22580,22579,1,-1
2025-01-15 15:53:31.703,22578,22580,22580,1,1
2025-01-15 15:53:31.704,22578,22580,22580,1,1
2025-01-15 15:53:31.704,22578,22580,22580,1,1
2025-01-15 15:54:07.142,22579,22580,22579,1,-1
2025-01-15 15:54:12.288,22578,22580,22578,12,-12
2025-01-15 15:54:12.289,22578,22580,22577,1,-1
2025-01-15 15:54:12.345,22577,22578,22578,1,1
2025-01-15 15:54:27.864,22577,22578,22577,1,-1
2025-01-15 15:54:37.146,22577,22578,22577,1,-1
2025-01-15 15:54:37.171,22577,22578,22577,3,-3
2025-01-15 15:54:44.311,22577,22578,22577,1,-1
2025-01-15 15:54:48.828,22577,22578,22577,1,-1
2025-01-15 15:54:49.914,22577,22578,22578,3,3
2025-01-15 15:54:49.914,22577,22578,22578,2,2
2025-01-15 15:54:56.142,22578,22579,22578,1,-1
2025-01-15 15:55:03.910,22577,22579,22579,1,1
2025-01-15 15:55:10.225,22578,22579,22578,1,-1
2025-01-15 15:55:12.461,22578,22579,22578,1,-1
2025-01-15 15:55:23.952,22578,22579,22579,1,1
2025-01-15 15:55:42.947,22578,22579,22579,5,5
2025-01-15 15:55:42.948,22578,22579,22579,2,2
2025-01-15 15:55:42.991,22578,22579,22580,5,5
2025-01-15 15:56:00.406,22580,22581,22581,1,1
2025-01-15 15:56:00.407,22580,22581,22581,1,1
2025-01-15 15:56:00.778,22581,22582,22582,1,1
2025-01-15 15:56:00.778,22581,22582,22582,1,1
2025-01-15 15:56:00.778,22581,22582,22582,2,2
2025-01-15 15:56:04.533,22581,22583,22583,1,1
2025-01-15 15:56:04.533,22581,22583,22583,1,1
2025-01-15 15:56:04.533,22581,22583,22583,1,1
2025-01-15 15:56:04.563,22581,22583,22584,1,1
2025-01-15 15:56:04.655,22583,22584,22584,1,1
2025-01-15 15:56:07.435,22583,22584,22584,2,2
2025-01-15 15:56:08.328,22584,22585,22584,1,-1
2025-01-15 15:56:08.331,22584,22585,22582,1,-1
2025-01-15 15:56:08.358,22584,22585,22584,1,-1
2025-01-15 15:56:09.321,22582,22585,22584,1,1
2025-01-15 15:56:14.315,22583,22584,22583,1,-1
2025-01-15 15:56:14.371,22583,22584,22583,1,-1
2025-01-15 15:56:19.485,22581,22582,22581,2,-2
2025-01-15 15:56:19.485,22581,22582,22581,2,-2
2025-01-15 15:56:19.487,22581,22582,22580,3,-3
2025-01-15 15:56:19.487,22581,22582,22580,1,-1
2025-01-15 15:56:19.487,22581,22582,22580,1,-1
2025-01-15 15:56:19.487,22581,22582,22580,1,-1
2025-01-15 15:56:19.868,22579,22580,22580,1,1
2025-01-15 15:56:29.677,22580,22583,22580,1,-1
2025-01-15 15:56:44.785,22581,22583,22583,1,1
2025-01-15 15:56:49.574,22581,22584,22584,1,1
2025-01-15 15:56:52.565,22582,22584,22582,1,-1
2025-01-15 15:56:59.156,22582,22584,22582,1,-1
2025-01-15 15:57:16.273,22580,22582,22582,2,2
2025-01-15 15:57:21.058,22581,22583,22583,1,1
2025-01-15 15:57:30.753,22582,22583,22582,1,-1
2025-01-15 15:57:41.815,22582,22583,22582,2,-2
2025-01-15 15:58:15.136,22581,22582,22582,1,1
2025-01-15 15:58:18.247,22582,22583,22582,1,-1
2025-01-15 15:58:21.173,22580,22582,22581,1,-1
2025-01-15 15:58:21.173,22580,22582,22581,2,-2
2025-01-15 15:58:28.040,22581,22582,22581,1,-1
2025-01-15 15:58:38.450,22581,22582,22581,1,-1
2025-01-15 15:58:38.451,22581,22582,22581,1,-1
2025-01-15 15:58:38.451,22581,22582,22581,1,-1
2025-01-15 15:58:38.451,22581,22582,22581,1,-1
2025-01-15 15:58:38.765,22580,22581,22580,10,-10
2025-01-15 15:58:38.766,22580,22581,22579,1,-1
2025-01-15 15:58:49.038,22577,22578,22577,3,-3
2025-01-15 15:58:49.038,22577,22578,22576,1,-1
2025-01-15 15:58:51.381,22576,22577,22576,1,-1
2025-01-15 15:58:53.115,22575,22576,22575,2,-2
2025-01-15 15:58:53.116,22575,22576,22574,1,-1
2025-01-15 15:58:53.222,22573,22575,22573,1,-1
2025-01-15 15:58:53.224,22573,22575,22573,1,-1
2025-01-15 15:58:55.630,22573,22574,22574,1,1
2025-01-15 15:58:56.739,22573,22574,22573,2,-2
2025-01-15 15:58:58.658,22573,22574,22574,1,1
2025-01-15 15:58:58.860,22573,22575,22575,2,2
2025-01-15 15:58:59.197,22574,22577,22574,1,-1
2025-01-15 15:58:59.405,22574,22577,22576,1,1
2025-01-15 15:58:59.419,22574,22577,22574,1,-1
2025-01-15 15:59:06.273,22574,22576,22574,1,-1
2025-01-15 15:59:08.644,22574,22576,22576,1,1
2025-01-15 15:59:14.418,22575,22576,22575,1,-1
2025-01-15 15:59:20.222,22575,22576,22575,1,-1
2025-01-15 15:59:23.943,22574,22575,22575,1,1
2025-01-15 15:59:24.310,22575,22576,22576,1,1
2025-01-15 15:59:24.750,22576,22577,22576,2,-2
2025-01-15 15:59:33.990,22576,22577,22577,1,1
2025-01-15 15:59:33.991,22576,22577,22577,2,2
2025-01-15 15:59:38.513,22577,22578,22577,1,-1
2025-01-15 15:59:45.012,22576,22577,22576,1,-1
2025-01-15 15:59:56.263,22576,22577,22577,2,2
2025-01-15 16:00:00.068,22576,22577,22577,1,1
2025-01-15 16:00:00.200,22576,22578,22578,1,1
2025-01-15 16:00:00.252,22577,22578,22578,1,1
2025-01-15 16:00:00.255,22577,22578,22577,1,-1
2025-01-15 16:00:00.320,22577,22578,22578,1,1
2025-01-15 16:00:00.377,22576,22578,22576,1,-1
2025-01-15 16:00:00.605,22577,22578,22578,1,1
2025-01-15 16:00:00.605,22577,22578,22578,1,1
2025-01-15 16:00:00.810,22578,22580,22580,1,1
2025-01-15 16:00:01.717,22577,22578,22577,1,-1
2025-01-15 16:00:01.725,22577,22578,22576,1,-1
2025-01-15 16:00:01.783,22577,22578,22575,1,-1
2025-01-15 16:00:01.783,22577,22578,22576,1,-1
2025-01-15 16:00:01.843,22574,22576,22574,1,-1
2025-01-15 16:00:02.140,22573,22576,22573,2,-2
2025-01-15 16:00:02.328,22572,22574,22574,1,1
2025-01-15 16:00:02.328,22572,22574,22575,1,1
2025-01-15 16:00:02.329,22572,22574,22575,1,1
2025-01-15 16:00:02.903,22571,22574,22574,3,3
2025-01-15 16:00:03.000,22571,22574,22574,3,3
2025-01-15 16:00:03.079,22571,22574,22571,1,-1
2025-01-15 16:00:03.109,22571,22574,22574,3,3
2025-01-15 16:00:08.381,22577,22578,22577,5,-5
2025-01-15 16:00:08.433,22577,22578,22574,1,-1
2025-01-15 16:00:09.497,22573,22574,22573,4,-4
2025-01-15 16:00:12.828,22572,22575,22573,1,-1
2025-01-15 16:00:18.392,22572,22575,22575,1,1
2025-01-15 16:00:18.689,22574,22575,22573,1,-1
2025-01-15 16:00:18.689,22574,22575,22574,1,-1
2025-01-15 16:00:21.194,22571,22574,22574,1,1
2025-01-15 16:00:25.332,22574,22575,22574,1,-1
2025-01-15 16:00:27.502,22574,22575,22574,1,-1
2025-01-15 16:00:28.884,22573,22574,22573,1,-1
2025-01-15 16:00:28.884,22573,22574,22572,1,-1
2025-01-15 16:00:28.884,22573,22574,22571,1,-1
2025-01-15 16:00:31.375,22571,22574,22570,1,-1
2025-01-15 16:00:31.375,22571,22574,22571,1,-1
2025-01-15 16:00:31.490,22570,22573,22570,1,-1
2025-01-15 16:00:35.547,22570,22571,22570,2,-2
2025-01-15 16:00:37.389,22570,22571,22570,1,-1
2025-01-15 16:00:43.344,22569,22570,22570,1,1
2025-01-15 16:00:44.910,22569,22570,22569,1,-1
2025-01-15 16:00:45.041,22569,22570,22569,1,-1
2025-01-15 16:00:48.308,22569,22570,22569,1,-1
2025-01-15 16:00:48.704,22569,22570,22569,1,-1
2025-01-15 16:00:48.705,22569,22570,22569,3,-3
2025-01-15 16:00:53.514,22568,22569,22568,1,-1
2025-01-15 16:00:53.624,22568,22569,22568,1,-1
2025-01-15 16:00:54.471,22568,22569,22568,2,-2
2025-01-15 16:00:56.135,22567,22568,22567,1,-1
2025-01-15 16:00:56.244,22567,22568,22567,1,-1
2025-01-15 16:00:56.273,22567,22568,22567,1,-1
2025-01-15 16:00:56.489,22566,22568,22566,1,-1
2025-01-15 16:00:56.579,22566,22568,22568,5,5
2025-01-15 16:00:56.660,22566,22568,22566,1,-1
2025-01-15 16:00:56.664,22566,22568,22566,1,-1
2025-01-15 16:01:01.992,22566,22568,22566,2,-2
2025-01-15 16:01:03.022,22566,22568,22566,2,-2
2025-01-15 16:01:03.034,22566,22568,22566,1,-1
2025-01-15 16:01:05.373,22566,22569,22566,1,-1
2025-01-15 16:01:08.527,22567,22569,22569,1,1
2025-01-15 16:01:14.712,22568,22569,22569,1,1
2025-01-15 16:01:14.730,22568,22569,22570,1,1
2025-01-15 16:01:15.790,22570,22573,22570,2,-2
2025-01-15 16:01:16.460,22570,22573,22570,2,-2
2025-01-15 16:01:18.378,22569,22571,22569,1,-1
2025-01-15 16:01:22.390,22569,22570,22569,1,-1
2025-01-15 16:01:29.776,22565,22568,22566,1,-1
2025-01-15 16:01:36.278,22566,22568,22568,1,1
2025-01-15 16:01:37.075,22566,22568,22566,1,-1
2025-01-15 16:01:38.486,22566,22568,22568,2,2
2025-01-15 16:01:38.637,22566,22569,22566,1,-1
2025-01-15 16:01:39.219,22566,22569,22566,2,-2
2025-01-15 16:01:42.680,22566,22568,22566,1,-1
2025-01-15 16:01:46.714,22566,22567,22566,3,-3
2025-01-15 16:01:46.761,22566,22567,22565,1,-1
2025-01-15 16:01:46.849,22565,22566,22565,1,-1
2025-01-15 16:01:50.273,22565,22566,22566,1,1
2025-01-15 16:01:56.680,22566,22567,22566,1,-1
2025-01-15 16:01:56.680,22566,22567,22565,7,-7
2025-01-15 16:02:00.221,22565,22566,22565,1,-1
2025-01-15 16:02:00.382,22565,22566,22565,1,-1
2025-01-15 16:02:00.382,22565,22566,22565,1,-1
2025-01-15 16:02:00.382,22565,22566,22565,1,-1
2025-01-15 16:02:00.382,22565,22566,22565,1,-1
2025-01-15 16:02:00.543,22565,22566,22565,3,-3
2025-01-15 16:02:00.544,22565,22566,22565,1,-1
2025-01-15 16:02:00.643,22564,22565,22565,1,1
2025-01-15 16:02:02.067,22564,22566,22564,3,-3
2025-01-15 16:02:03.512,22563,22565,22563,4,-4
2025-01-15 16:02:03.512,22563,22565,22562,1,-1
2025-01-15 16:02:03.979,22563,22564,22564,1,1
2025-01-15 16:02:05.597,22563,22565,22563,1,-1
2025-01-15 16:02:05.991,22563,22565,22563,2,-2
2025-01-15 16:02:05.991,22563,22565,22562,2,-2
2025-01-15 16:02:07.221,22563,22564,22564,1,1
2025-01-15 16:02:08.155,22563,22565,22563,1,-1
2025-01-15 16:02:09.815,22563,22564,22563,1,-1
2025-01-15 16:02:10.022,22562,22563,22562,1,-1
2025-01-15 16:02:13.258,22562,22563,22562,2,-2
2025-01-15 16:02:13.282,22562,22563,22562,1,-1
2025-01-15 16:02:13.399,22562,22563,22562,1,-1
2025-01-15 16:02:13.809,22561,22562,22561,1,-1
2025-01-15 16:02:13.953,22561,22562,22562,1,1
2025-01-15 16:02:14.964,22561,22562,22562,1,1
2025-01-15 16:02:15.774,22561,22562,22561,3,-3
2025-01-15 16:02:16.450,22561,22562,22561,2,-2
2025-01-15 16:02:16.493,22561,22562,22561,1,-1
2025-01-15 16:02:17.865,22560,22562,22560,1,-1
2025-01-15 16:02:17.866,22560,22562,22560,2,-2
2025-01-15 16:02:17.866,22560,22562,22560,2,-2
2025-01-15 16:02:17.866,22560,22562,22560,2,-2
2025-01-15 16:02:17.866,22560,22562,22560,3,-3
2025-01-15 16:02:17.867,22560,22562,22560,8,-8
2025-01-15 16:02:17.867,22560,22562,22560,1,-1
2025-01-15 16:02:17.867,22560,22562,22560,2,-2
2025-01-15 16:02:17.876,22560,22562,22559,1,-1
2025-01-15 16:02:17.965,22559,22560,22559,1,-1
2025-01-15 16:02:18.007,22559,22560,22560,4,4
2025-01-15 16:02:18.023,22559,22560,22559,2,-2
2025-01-15 16:02:18.023,22559,22560,22559,1,-1
2025-01-15 16:02:18.028,22559,22560,22558,3,-3
2025-01-15 16:02:18.163,22558,22560,22558,2,-2
2025-01-15 16:02:18.304,22557,22559,22557,3,-3
2025-01-15 16:02:18.338,22557,22560,22558,1,-1
2025-01-15 16:02:18.344,22557,22560,22558,1,-1
2025-01-15 16:02:18.433,22557,22560,22560,2,2
2025-01-15 16:02:18.434,22557,22560,22558,2,-2
2025-01-15 16:02:19.132,22558,22560,22558,2,-2
2025-01-15 16:02:19.135,22558,22560,22557,2,-2
2025-01-15 16:02:19.397,22557,22560,22557,1,-1
2025-01-15 16:02:19.457,22557,22560,22557,2,-2
2025-01-15 16:02:22.623,22557,22560,22560,2,2
2025-01-15 16:02:22.808,22558,22560,22558,3,-3
2025-01-15 16:02:23.147,22558,22560,22558,1,-1
2025-01-15 16:02:25.505,22558,22559,22559,1,1
2025-01-15 16:02:26.997,22558,22560,22558,3,-3
2025-01-15 16:02:27.427,22557,22560,22558,1,-1
2025-01-15 16:02:29.028,22557,22558,22558,1,1
2025-01-15 16:02:30.618,22557,22558,22558,2,2
2025-01-15 16:02:31.798,22557,22558,22558,1,1
2025-01-15 16:02:35.508,22558,22559,22558,1,-1
2025-01-15 16:02:35.958,22558,22559,22559,1,1
2025-01-15 16:02:36.609,22559,22560,22560,1,1
2025-01-15 16:02:36.609,22559,22560,22560,1,1
2025-01-15 16:02:36.609,22559,22560,22560,1,1
2025-01-15 16:02:39.173,22560,22561,22560,2,-2
2025-01-15 16:02:40.103,22558,22559,22558,1,-1
2025-01-15 16:02:40.549,22558,22559,22559,5,5
2025-01-15 16:02:43.582,22558,22560,22560,1,1
2025-01-15 16:02:44.618,22558,22560,22560,1,1
2025-01-15 16:02:46.235,22559,22562,22559,2,-2
2025-01-15 16:02:57.046,22559,22560,22559,1,-1
2025-01-15 16:02:57.503,22559,22560,22560,1,1
2025-01-15 16:02:57.517,22559,22560,22560,1,1
2025-01-15 16:02:58.817,22560,22561,22560,1,-1
2025-01-15 16:03:04.695,22560,22561,22560,1,-1
2025-01-15 16:03:06.982,22559,22560,22560,1,1
2025-01-15 16:03:08.268,22560,22561,22560,1,-1
2025-01-15 16:03:08.368,22560,22561,22561,5,5
2025-01-15 16:03:08.788,22561,22562,22562,2,2
2025-01-15 16:03:08.797,22561,22562,22563,1,1
2025-01-15 16:03:08.798,22561,22562,22563,1,1
2025-01-15 16:03:08.798,22561,22562,22563,1,1
2025-01-15 16:03:08.798,22561,22562,22563,1,1
2025-01-15 16:03:08.798,22561,22562,22563,1,1
2025-01-15 16:03:09.416,22562,22563,22563,1,1
2025-01-15 16:03:09.416,22562,22563,22563,9,9
2025-01-15 16:03:09.651,22563,22564,22564,1,1
2025-01-15 16:03:09.651,22563,22564,22564,3,3
2025-01-15 16:03:10.162,22564,22566,22566,1,1
2025-01-15 16:03:10.563,22565,22568,22565,1,-1
2025-01-15 16:03:10.772,22565,22569,22565,1,-1
2025-01-15 16:03:13.873,22566,22568,22566,1,-1
2025-01-15 16:03:14.203,22566,22568,22566,1,-1
2025-01-15 16:03:14.847,22567,22568,22568,1,1
2025-01-15 16:03:15.024,22567,22568,22569,1,1
2025-01-15 16:03:15.204,22567,22570,22567,1,-1
2025-01-15 16:03:16.917,22567,22568,22568,1,1
2025-01-15 16:03:19.160,22569,22570,22569,1,-1
2025-01-15 16:03:19.377,22569,22570,22569,2,-2
2025-01-15 16:03:19.778,22568,22570,22570,1,1
