2021-06-10 15:00:00.041,17157,17158,17157,77
2021-06-10 15:00:00.154,17156,17157,17157,4
2021-06-10 15:00:00.154,17156,17157,17156,1
2021-06-10 15:00:00.271,17155,17157,17157,1
2021-06-10 15:00:00.278,17155,17157,17157,1
2021-06-10 15:00:00.286,17155,17157,17157,1
2021-06-10 15:00:00.290,17155,17157,17157,1
2021-06-10 15:00:00.295,17155,17157,17157,1
2021-06-10 15:00:00.300,17155,17157,17157,1
2021-06-10 15:00:00.308,17155,17157,17157,1
2021-06-10 15:00:00.315,17155,17157,17157,1
2021-06-10 15:00:00.401,17155,17157,17156,3
2021-06-10 15:00:00.409,17155,17157,17156,2
2021-06-10 15:00:00.434,17155,17156,17157,1
2021-06-10 15:00:00.479,17155,17156,17157,1
2021-06-10 15:00:00.479,17155,17156,17158,2
2021-06-10 15:00:00.537,17155,17156,17155,1
2021-06-10 15:00:00.567,17155,17158,17155,1
2021-06-10 15:00:00.567,17155,17158,17154,3
2021-06-10 15:00:00.578,17155,17158,17158,2
2021-06-10 15:00:00.601,17155,17158,17155,2
2021-06-10 15:00:00.661,17155,17158,17154,2
2021-06-10 15:00:00.713,17153,17155,17155,3
2021-06-10 15:00:00.719,17153,17155,17155,2
2021-06-10 15:00:00.766,17153,17155,17155,1
2021-06-10 15:00:00.790,17153,17155,17155,1
2021-06-10 15:00:00.803,17153,17155,17155,8
2021-06-10 15:00:00.815,17153,17155,17153,1
2021-06-10 15:00:00.980,17153,17154,17154,2
2021-06-10 15:00:00.992,17153,17154,17156,2
2021-06-10 15:00:00.992,17153,17154,17158,8
2021-06-10 15:00:00.992,17153,17154,17159,8
2021-06-10 15:00:01.027,17153,17154,17155,2
2021-06-10 15:00:01.037,17153,17154,17154,1
2021-06-10 15:00:01.037,17153,17154,17153,3
2021-06-10 15:00:01.048,17152,17155,17155,1
2021-06-10 15:00:01.049,17152,17155,17158,1
2021-06-10 15:00:01.075,17152,17155,17156,1
2021-06-10 15:00:01.109,17152,17155,17153,1
2021-06-10 15:00:01.109,17152,17155,17153,1
2021-06-10 15:00:01.171,17152,17155,17152,1
2021-06-10 15:00:01.214,17150,17153,17154,1
2021-06-10 15:00:01.227,17150,17153,17154,1
2021-06-10 15:00:01.358,17152,17154,17154,2
2021-06-10 15:00:01.363,17152,17154,17152,1
2021-06-10 15:00:01.363,17152,17154,17151,1
2021-06-10 15:00:01.363,17152,17154,17150,3
2021-06-10 15:00:01.375,17152,17154,17150,1
2021-06-10 15:00:01.584,17150,17153,17150,1
2021-06-10 15:00:01.828,17149,17152,17149,4
2021-06-10 15:00:02.054,17149,17151,17149,1
2021-06-10 15:00:02.109,17149,17151,17148,6
2021-06-10 15:00:02.109,17149,17151,17148,1
2021-06-10 15:00:02.109,17149,17151,17148,1
2021-06-10 15:00:02.109,17149,17151,17148,1
2021-06-10 15:00:02.110,17149,17151,17148,5
2021-06-10 15:00:02.110,17149,17151,17148,3
2021-06-10 15:00:02.110,17149,17151,17148,10
2021-06-10 15:00:02.110,17149,17151,17148,10
2021-06-10 15:00:02.254,17147,17148,17148,1
2021-06-10 15:00:02.263,17147,17148,17148,1
2021-06-10 15:00:02.489,17147,17150,17147,2
2021-06-10 15:00:02.497,17147,17150,17149,2
2021-06-10 15:00:02.525,17147,17150,17149,1
2021-06-10 15:00:02.623,17147,17149,17147,1
2021-06-10 15:00:02.850,17146,17149,17148,1
2021-06-10 15:00:03.078,17147,17149,17147,2
2021-06-10 15:00:03.078,17147,17149,17146,1
2021-06-10 15:00:03.552,17146,17149,17149,2
2021-06-10 15:00:04.083,17148,17149,17149,1
2021-06-10 15:00:04.084,17148,17149,17149,1
2021-06-10 15:00:04.118,17148,17149,17148,3
2021-06-10 15:00:04.432,17147,17149,17149,1
2021-06-10 15:00:04.432,17147,17149,17150,1
2021-06-10 15:00:04.527,17147,17149,17147,2
2021-06-10 15:00:04.594,17147,17150,17150,1
2021-06-10 15:00:04.994,17148,17150,17151,2
2021-06-10 15:00:04.998,17148,17150,17148,2
2021-06-10 15:00:05.205,17148,17151,17148,2
2021-06-10 15:00:05.254,17148,17151,17151,1
2021-06-10 15:00:05.377,17148,17152,17148,2
2021-06-10 15:00:05.567,17148,17152,17148,1
2021-06-10 15:00:05.567,17148,17152,17147,4
2021-06-10 15:00:05.869,17148,17150,17150,1
2021-06-10 15:00:06.075,17148,17150,17148,1
2021-06-10 15:00:06.092,17148,17150,17150,1
2021-06-10 15:00:06.092,17148,17150,17151,1
2021-06-10 15:00:06.325,17148,17150,17149,1
2021-06-10 15:00:06.326,17148,17150,17149,1
2021-06-10 15:00:06.438,17149,17150,17149,1
2021-06-10 15:00:06.438,17149,17150,17148,2
2021-06-10 15:00:06.966,17147,17150,17147,1
2021-06-10 15:00:07.179,17147,17150,17147,1
2021-06-10 15:00:07.299,17147,17150,17150,1
2021-06-10 15:00:07.370,17147,17150,17147,1
2021-06-10 15:00:07.393,17147,17150,17147,1
2021-06-10 15:00:07.780,17146,17149,17148,1
2021-06-10 15:00:08.029,17146,17147,17147,1
2021-06-10 15:00:08.060,17146,17147,17146,2
2021-06-10 15:00:08.060,17146,17147,17146,1
2021-06-10 15:00:08.126,17146,17147,17147,1
2021-06-10 15:00:08.127,17146,17147,17146,2
2021-06-10 15:00:08.127,17146,17147,17146,1
2021-06-10 15:00:09.065,17146,17147,17147,1
2021-06-10 15:00:09.098,17146,17147,17146,4
2021-06-10 15:00:09.156,17146,17147,17145,1
2021-06-10 15:00:09.158,17146,17147,17145,1
2021-06-10 15:00:09.184,17145,17146,17146,1
2021-06-10 15:00:09.384,17146,17147,17146,1
2021-06-10 15:00:09.384,17146,17147,17145,2
2021-06-10 15:00:09.384,17146,17147,17144,1
2021-06-10 15:00:09.384,17146,17147,17143,1
2021-06-10 15:00:09.743,17144,17147,17144,1
2021-06-10 15:00:09.792,17144,17147,17147,1
2021-06-10 15:00:09.901,17144,17147,17147,1
2021-06-10 15:00:10.387,17146,17148,17146,3
2021-06-10 15:00:10.843,17145,17148,17145,2
2021-06-10 15:00:11.063,17145,17148,17145,2
2021-06-10 15:00:11.063,17145,17148,17145,3
2021-06-10 15:00:11.468,17144,17148,17145,5
2021-06-10 15:00:12.013,17145,17148,17148,1
2021-06-10 15:00:13.069,17146,17148,17146,1
2021-06-10 15:00:14.147,17145,17148,17145,1
2021-06-10 15:00:14.418,17145,17146,17146,1
2021-06-10 15:00:15.164,17145,17146,17146,4
2021-06-10 15:00:15.818,17146,17148,17148,2
2021-06-10 15:00:15.818,17146,17148,17148,1
2021-06-10 15:00:16.001,17147,17148,17148,1
2021-06-10 15:00:16.001,17147,17148,17148,1
2021-06-10 15:00:16.042,17147,17148,17149,1
2021-06-10 15:00:16.103,17147,17149,17149,1
2021-06-10 15:00:16.111,17147,17149,17148,1
2021-06-10 15:00:16.189,17148,17150,17148,1
2021-06-10 15:00:16.507,17148,17150,17148,1
2021-06-10 15:00:16.507,17148,17150,17147,1
2021-06-10 15:00:16.939,17146,17150,17146,1
2021-06-10 15:00:17.796,17148,17149,17149,1
2021-06-10 15:00:17.923,17148,17150,17150,1
2021-06-10 15:00:17.923,17148,17150,17151,1
2021-06-10 15:00:18.072,17148,17151,17148,1
2021-06-10 15:00:18.124,17148,17151,17148,1
2021-06-10 15:00:18.124,17148,17151,17148,1
2021-06-10 15:00:18.708,17147,17151,17151,1
2021-06-10 15:00:20.357,17149,17151,17150,1
2021-06-10 15:00:20.357,17149,17151,17149,1
2021-06-10 15:00:20.704,17148,17151,17151,4
2021-06-10 15:00:20.704,17148,17151,17152,1
2021-06-10 15:00:21.080,17148,17150,17150,1
2021-06-10 15:00:21.081,17148,17150,17150,1
2021-06-10 15:00:22.754,17149,17152,17149,2
2021-06-10 15:00:24.138,17149,17152,17149,3
2021-06-10 15:00:24.139,17149,17152,17149,2
2021-06-10 15:00:26.005,17150,17151,17150,1
2021-06-10 15:00:26.230,17150,17151,17151,1
2021-06-10 15:00:26.279,17150,17151,17152,1
2021-06-10 15:00:26.704,17150,17152,17151,1
2021-06-10 15:00:26.885,17150,17152,17151,1
2021-06-10 15:00:27.605,17150,17152,17150,1
2021-06-10 15:00:27.673,17150,17152,17152,1
2021-06-10 15:00:27.675,17150,17152,17152,1
2021-06-10 15:00:27.676,17150,17152,17152,1
2021-06-10 15:00:29.220,17151,17153,17153,1
2021-06-10 15:00:29.381,17151,17153,17152,1
2021-06-10 15:00:30.593,17152,17153,17153,1
2021-06-10 15:00:32.085,17152,17154,17154,1
2021-06-10 15:00:33.716,17153,17154,17153,1
2021-06-10 15:00:34.042,17151,17153,17153,1
2021-06-10 15:00:34.042,17151,17153,17154,2
2021-06-10 15:00:34.045,17151,17153,17152,1
2021-06-10 15:00:34.304,17151,17153,17153,1
2021-06-10 15:00:34.304,17151,17153,17154,1
2021-06-10 15:00:34.351,17151,17153,17151,3
2021-06-10 15:00:34.589,17151,17153,17153,2
2021-06-10 15:00:34.751,17151,17154,17153,1
2021-06-10 15:00:38.234,17150,17152,17152,1
2021-06-10 15:00:39.174,17151,17152,17152,1
2021-06-10 15:00:39.299,17151,17152,17152,1
2021-06-10 15:00:39.407,17151,17152,17151,3
2021-06-10 15:00:42.091,17151,17152,17152,6
2021-06-10 15:00:42.092,17151,17152,17152,1
2021-06-10 15:00:42.092,17151,17152,17152,1
2021-06-10 15:00:44.685,17151,17152,17152,1
2021-06-10 15:00:45.518,17151,17152,17151,1
2021-06-10 15:00:45.957,17151,17152,17151,2
2021-06-10 15:00:46.318,17151,17152,17151,1
2021-06-10 15:00:47.415,17151,17152,17151,1
2021-06-10 15:00:47.423,17151,17152,17152,1
2021-06-10 15:00:47.430,17151,17152,17152,1
2021-06-10 15:00:48.310,17151,17152,17151,1
2021-06-10 15:00:48.474,17150,17151,17150,8
2021-06-10 15:00:48.474,17150,17151,17149,2
2021-06-10 15:00:50.751,17149,17150,17150,1
2021-06-10 15:00:50.766,17149,17150,17151,2
2021-06-10 15:00:51.007,17149,17151,17151,1
2021-06-10 15:00:52.324,17149,17150,17149,1
2021-06-10 15:00:52.341,17149,17150,17149,1
2021-06-10 15:00:52.547,17148,17150,17149,1
2021-06-10 15:00:52.748,17148,17150,17149,1
2021-06-10 15:00:52.824,17148,17150,17150,1
2021-06-10 15:00:54.574,17148,17149,17148,5
2021-06-10 15:00:54.574,17148,17149,17147,2
2021-06-10 15:00:54.574,17148,17149,17146,3
2021-06-10 15:00:54.638,17148,17149,17146,2
2021-06-10 15:00:54.638,17148,17149,17145,2
2021-06-10 15:00:54.712,17145,17147,17145,4
2021-06-10 15:00:55.185,17145,17148,17148,1
2021-06-10 15:00:55.353,17146,17149,17149,1
2021-06-10 15:00:56.425,17147,17148,17147,1
2021-06-10 15:00:56.954,17146,17148,17148,1
2021-06-10 15:00:56.987,17146,17148,17148,1
2021-06-10 15:00:58.668,17148,17150,17148,1
2021-06-10 15:00:58.700,17147,17150,17147,1
2021-06-10 15:00:59.495,17148,17149,17149,1
2021-06-10 15:00:59.607,17148,17149,17148,1
2021-06-10 15:00:59.607,17148,17149,17147,3
2021-06-10 15:00:59.607,17148,17149,17146,6
2021-06-10 15:01:00.060,17146,17149,17146,4
2021-06-10 15:01:00.340,17147,17148,17147,1
2021-06-10 15:01:00.340,17147,17148,17146,7
2021-06-10 15:01:00.340,17147,17148,17145,3
2021-06-10 15:01:00.340,17147,17148,17144,7
2021-06-10 15:01:00.538,17145,17147,17147,2
2021-06-10 15:01:00.947,17145,17148,17147,4
2021-06-10 15:01:02.464,17146,17147,17146,1
2021-06-10 15:01:02.496,17146,17147,17144,1
2021-06-10 15:01:03.278,17146,17147,17146,1
2021-06-10 15:01:03.278,17146,17147,17145,3
2021-06-10 15:01:03.278,17146,17147,17144,3
2021-06-10 15:01:03.300,17144,17147,17145,1
2021-06-10 15:01:03.304,17144,17147,17144,1
2021-06-10 15:01:03.796,17144,17145,17145,1
2021-06-10 15:01:03.889,17144,17145,17145,1
2021-06-10 15:01:03.982,17144,17145,17145,1
2021-06-10 15:01:04.134,17144,17145,17144,3
2021-06-10 15:01:05.121,17144,17145,17144,2
2021-06-10 15:01:05.366,17143,17145,17145,1
2021-06-10 15:01:05.379,17143,17145,17144,2
2021-06-10 15:01:05.704,17144,17145,17145,1
2021-06-10 15:01:05.705,17144,17145,17145,4
2021-06-10 15:01:06.527,17145,17147,17145,1
2021-06-10 15:01:06.544,17145,17147,17144,1
2021-06-10 15:01:07.397,17145,17147,17145,1
2021-06-10 15:01:07.423,17145,17147,17145,1
2021-06-10 15:01:07.487,17145,17147,17144,5
2021-06-10 15:01:07.489,17145,17147,17144,5
2021-06-10 15:01:08.015,17144,17147,17147,2
2021-06-10 15:01:08.015,17144,17147,17148,1
2021-06-10 15:01:10.539,17145,17146,17145,4
2021-06-10 15:01:10.539,17145,17146,17144,1
2021-06-10 15:01:10.926,17144,17146,17146,1
2021-06-10 15:01:10.926,17144,17146,17146,1
2021-06-10 15:01:12.091,17144,17145,17145,1
2021-06-10 15:01:12.092,17144,17145,17144,5
2021-06-10 15:01:12.342,17143,17144,17143,1
2021-06-10 15:01:12.356,17143,17144,17143,1
2021-06-10 15:01:12.360,17143,17144,17143,3
2021-06-10 15:01:12.361,17143,17144,17142,3
2021-06-10 15:01:12.361,17143,17144,17142,3
2021-06-10 15:01:12.535,17141,17143,17141,5
2021-06-10 15:01:12.634,17141,17142,17143,1
2021-06-10 15:01:12.634,17141,17142,17144,1
2021-06-10 15:01:12.634,17141,17142,17144,1
2021-06-10 15:01:12.634,17141,17142,17144,2
2021-06-10 15:01:12.665,17141,17142,17142,1
2021-06-10 15:01:13.124,17142,17144,17142,1
2021-06-10 15:01:13.125,17142,17144,17142,1
2021-06-10 15:01:13.296,17141,17143,17141,1
2021-06-10 15:01:13.473,17141,17144,17144,1
2021-06-10 15:01:13.631,17142,17145,17142,1
2021-06-10 15:01:13.998,17142,17145,17142,1
2021-06-10 15:01:14.340,17141,17143,17141,1
2021-06-10 15:01:14.578,17141,17143,17143,1
2021-06-10 15:01:14.696,17141,17143,17141,1
2021-06-10 15:01:14.713,17141,17143,17142,1
2021-06-10 15:01:14.965,17141,17142,17141,1
2021-06-10 15:01:14.966,17141,17142,17141,2
2021-06-10 15:01:15.229,17140,17142,17140,1
2021-06-10 15:01:15.336,17140,17142,17140,1
2021-06-10 15:01:15.655,17140,17142,17140,2
2021-06-10 15:01:15.655,17140,17142,17140,2
2021-06-10 15:01:15.660,17140,17142,17140,2
2021-06-10 15:01:15.660,17140,17142,17140,20
2021-06-10 15:01:15.661,17140,17142,17138,1
2021-06-10 15:01:15.676,17138,17140,17138,1
2021-06-10 15:01:15.690,17138,17140,17138,2
2021-06-10 15:01:15.703,17138,17140,17138,2
2021-06-10 15:01:15.771,17138,17140,17138,3
2021-06-10 15:01:15.793,17138,17140,17138,1
2021-06-10 15:01:16.162,17138,17139,17138,1
2021-06-10 15:01:16.685,17138,17139,17139,1
2021-06-10 15:01:16.757,17138,17139,17138,1
2021-06-10 15:01:16.904,17138,17139,17138,1
2021-06-10 15:01:17.786,17138,17139,17139,2
2021-06-10 15:01:17.798,17138,17140,17138,1
2021-06-10 15:01:17.799,17138,17140,17138,1
2021-06-10 15:01:17.799,17138,17140,17138,1
2021-06-10 15:01:17.799,17138,17140,17138,1
2021-06-10 15:01:17.800,17138,17140,17138,1
2021-06-10 15:01:18.425,17139,17140,17140,1
2021-06-10 15:01:19.785,17139,17140,17139,1
2021-06-10 15:01:19.785,17139,17140,17139,1
2021-06-10 15:01:20.154,17137,17140,17137,1
2021-06-10 15:01:21.069,17137,17140,17139,1
2021-06-10 15:01:21.422,17138,17139,17138,1
2021-06-10 15:01:22.178,17138,17139,17139,1
2021-06-10 15:01:22.178,17138,17139,17139,1
2021-06-10 15:01:23.038,17139,17140,17140,1
2021-06-10 15:01:23.038,17139,17140,17140,1
2021-06-10 15:01:23.389,17139,17141,17139,1
2021-06-10 15:01:23.389,17139,17141,17138,3
2021-06-10 15:01:23.665,17139,17142,17139,1
2021-06-10 15:01:23.665,17139,17142,17138,4
2021-06-10 15:01:23.907,17138,17142,17139,2
2021-06-10 15:01:23.907,17138,17142,17138,8
2021-06-10 15:01:24.192,17137,17140,17137,1
2021-06-10 15:01:24.353,17138,17140,17138,1
2021-06-10 15:01:25.303,17139,17140,17140,2
2021-06-10 15:01:25.303,17139,17140,17141,1
2021-06-10 15:01:25.303,17139,17140,17142,2
2021-06-10 15:01:25.385,17139,17140,17139,1
2021-06-10 15:01:25.547,17139,17140,17139,1
2021-06-10 15:01:25.961,17138,17140,17140,1
2021-06-10 15:01:26.111,17139,17140,17140,1
2021-06-10 15:01:26.777,17138,17140,17140,1
2021-06-10 15:01:27.245,17140,17141,17140,1
2021-06-10 15:01:27.262,17140,17141,17140,1
2021-06-10 15:01:27.298,17138,17140,17138,1
2021-06-10 15:01:27.299,17138,17140,17138,1
2021-06-10 15:01:27.299,17138,17140,17138,1
2021-06-10 15:01:27.596,17138,17140,17138,3
2021-06-10 15:01:27.597,17138,17140,17138,2
2021-06-10 15:01:28.172,17138,17139,17138,1
2021-06-10 15:01:28.469,17138,17139,17139,1
2021-06-10 15:01:30.601,17138,17139,17138,1
2021-06-10 15:01:30.969,17138,17139,17139,1
2021-06-10 15:01:31.638,17138,17139,17139,1
2021-06-10 15:01:31.639,17138,17139,17139,1
2021-06-10 15:01:32.733,17139,17140,17139,1
2021-06-10 15:01:32.986,17138,17140,17140,1
2021-06-10 15:01:32.986,17138,17140,17141,1
2021-06-10 15:01:32.986,17138,17140,17142,3
2021-06-10 15:01:33.514,17139,17141,17140,1
2021-06-10 15:01:35.023,17140,17142,17140,1
2021-06-10 15:01:35.973,17141,17142,17142,1
2021-06-10 15:01:35.974,17141,17142,17142,1
2021-06-10 15:01:35.974,17141,17142,17142,1
2021-06-10 15:01:36.744,17140,17142,17142,1
2021-06-10 15:01:39.301,17141,17143,17142,1
2021-06-10 15:01:39.640,17141,17143,17141,1
2021-06-10 15:01:40.120,17141,17143,17141,1
2021-06-10 15:01:40.560,17141,17143,17143,1
2021-06-10 15:01:41.134,17143,17145,17145,1
2021-06-10 15:01:43.128,17145,17146,17145,1
2021-06-10 15:01:44.005,17144,17146,17145,1
2021-06-10 15:01:44.134,17144,17146,17146,2
2021-06-10 15:01:46.917,17145,17146,17145,2
2021-06-10 15:01:47.512,17143,17145,17143,1
2021-06-10 15:01:47.548,17143,17145,17143,1
2021-06-10 15:01:47.549,17143,17145,17143,1
2021-06-10 15:01:48.090,17142,17145,17142,1
2021-06-10 15:01:48.107,17142,17145,17142,1
2021-06-10 15:01:48.225,17142,17145,17142,3
2021-06-10 15:01:48.225,17142,17145,17141,6
2021-06-10 15:01:48.842,17142,17144,17143,1
2021-06-10 15:01:48.997,17142,17144,17142,1
2021-06-10 15:01:49.893,17141,17143,17143,2
2021-06-10 15:01:54.354,17143,17144,17143,1
2021-06-10 15:01:54.390,17143,17144,17142,1
2021-06-10 15:01:55.238,17142,17144,17142,1
2021-06-10 15:01:55.238,17142,17144,17141,4
2021-06-10 15:01:56.722,17142,17144,17142,1
2021-06-10 15:01:56.722,17142,17144,17141,3
2021-06-10 15:01:59.060,17141,17144,17141,1
2021-06-10 15:02:00.041,17142,17144,17142,1
2021-06-10 15:02:01.838,17141,17144,17142,2
2021-06-10 15:02:01.887,17141,17144,17142,1
2021-06-10 15:02:01.887,17141,17144,17141,1
2021-06-10 15:02:01.906,17141,17144,17141,2
2021-06-10 15:02:02.258,17141,17144,17141,1
2021-06-10 15:02:02.258,17141,17144,17140,6
2021-06-10 15:02:02.459,17141,17143,17141,1
2021-06-10 15:02:02.480,17141,17143,17140,1
2021-06-10 15:02:02.839,17140,17143,17140,1
2021-06-10 15:02:03.258,17140,17143,17140,3
2021-06-10 15:02:04.276,17140,17142,17140,2
2021-06-10 15:02:04.635,17140,17142,17140,1
2021-06-10 15:02:05.383,17140,17142,17142,1
2021-06-10 15:02:06.872,17142,17143,17142,1
2021-06-10 15:02:08.072,17142,17143,17143,1
2021-06-10 15:02:11.431,17142,17144,17143,1
2021-06-10 15:02:12.559,17142,17144,17142,2
2021-06-10 15:02:14.441,17142,17144,17143,1
2021-06-10 15:02:14.452,17142,17144,17144,1
2021-06-10 15:02:16.829,17142,17144,17144,1
2021-06-10 15:02:19.268,17143,17144,17144,1
2021-06-10 15:02:20.304,17143,17145,17145,1
2021-06-10 15:02:21.895,17143,17144,17144,1
2021-06-10 15:02:22.439,17143,17144,17143,3
2021-06-10 15:02:22.820,17142,17143,17143,2
2021-06-10 15:02:22.999,17142,17143,17142,1
2021-06-10 15:02:26.969,17141,17143,17141,5
2021-06-10 15:02:27.233,17140,17142,17140,5
2021-06-10 15:02:27.649,17140,17142,17140,2
2021-06-10 15:02:30.339,17141,17142,17141,1
2021-06-10 15:02:30.339,17141,17142,17140,4
2021-06-10 15:02:32.198,17140,17142,17140,3
2021-06-10 15:02:32.843,17140,17142,17140,2
2021-06-10 15:02:33.813,17141,17142,17141,1
2021-06-10 15:02:34.564,17140,17142,17142,1
2021-06-10 15:02:35.768,17141,17143,17141,3
2021-06-10 15:02:35.768,17141,17143,17140,1
2021-06-10 15:02:37.760,17142,17143,17142,1
2021-06-10 15:02:37.825,17142,17143,17142,1
2021-06-10 15:02:38.727,17142,17143,17143,1
2021-06-10 15:02:41.337,17142,17143,17142,3
2021-06-10 15:02:41.337,17142,17143,17140,2
2021-06-10 15:02:42.378,17141,17143,17141,1
2021-06-10 15:02:44.091,17141,17142,17142,1
2021-06-10 15:02:44.816,17141,17143,17143,2
2021-06-10 15:02:45.870,17142,17144,17142,1
2021-06-10 15:02:51.820,17142,17143,17143,1
2021-06-10 15:02:53.020,17142,17143,17143,1
2021-06-10 15:02:53.101,17142,17144,17144,1
2021-06-10 15:02:59.155,17142,17144,17142,1
2021-06-10 15:03:00.069,17142,17144,17142,1
2021-06-10 15:03:10.407,17142,17143,17142,1
2021-06-10 15:03:10.683,17142,17143,17142,1
2021-06-10 15:03:16.604,17142,17143,17143,1
2021-06-10 15:03:16.604,17142,17143,17143,1
2021-06-10 15:03:16.730,17142,17144,17142,1
2021-06-10 15:03:16.967,17142,17144,17142,1
2021-06-10 15:03:30.216,17142,17143,17142,1
2021-06-10 15:03:30.570,17142,17143,17142,2
2021-06-10 15:03:36.821,17142,17143,17143,1
2021-06-10 15:03:36.822,17142,17143,17143,4
2021-06-10 15:03:36.822,17142,17143,17143,1
2021-06-10 15:03:39.855,17142,17144,17144,6
2021-06-10 15:03:43.457,17143,17144,17144,1
2021-06-10 15:03:46.987,17143,17144,17144,1
2021-06-10 15:03:46.987,17143,17144,17144,7
2021-06-10 15:03:46.988,17143,17144,17144,1
2021-06-10 15:03:46.988,17143,17144,17144,3
2021-06-10 15:03:46.988,17143,17144,17144,4
2021-06-10 15:03:47.363,17143,17145,17145,2
2021-06-10 15:03:50.657,17143,17145,17145,11
2021-06-10 15:04:00.236,17145,17146,17146,1
2021-06-10 15:04:00.635,17145,17146,17146,2
2021-06-10 15:04:03.279,17145,17146,17146,1
2021-06-10 15:04:06.944,17145,17146,17146,1
2021-06-10 15:04:08.505,17145,17146,17145,1
2021-06-10 15:04:10.616,17145,17146,17145,6
2021-06-10 15:04:11.075,17144,17145,17144,1
2021-06-10 15:04:12.946,17143,17144,17144,1
2021-06-10 15:04:15.125,17143,17145,17143,1
2021-06-10 15:04:18.284,17144,17145,17145,2
2021-06-10 15:04:19.887,17144,17146,17144,1
2021-06-10 15:04:20.009,17144,17146,17146,1
2021-06-10 15:04:22.387,17144,17146,17146,2
2021-06-10 15:04:22.433,17145,17147,17145,5
2021-06-10 15:04:22.433,17145,17147,17144,3
2021-06-10 15:04:30.415,17145,17146,17145,1
2021-06-10 15:04:41.277,17144,17146,17146,4
2021-06-10 15:04:41.979,17145,17147,17145,2
2021-06-10 15:04:42.371,17145,17147,17145,1
2021-06-10 15:04:44.780,17145,17146,17146,2
2021-06-10 15:04:45.315,17145,17147,17145,2
2021-06-10 15:04:52.327,17145,17146,17146,1
2021-06-10 15:04:55.693,17146,17147,17146,1
2021-06-10 15:05:01.497,17146,17147,17146,1
2021-06-10 15:05:02.017,17146,17147,17146,1
2021-06-10 15:05:02.032,17146,17147,17146,1
2021-06-10 15:05:04.472,17145,17147,17147,8
2021-06-10 15:05:04.586,17147,17148,17148,4
2021-06-10 15:05:04.589,17147,17148,17148,1
2021-06-10 15:05:05.422,17148,17149,17149,7
2021-06-10 15:05:05.613,17148,17150,17150,1
2021-06-10 15:05:07.996,17149,17150,17149,1
2021-06-10 15:05:17.947,17148,17149,17149,1
2021-06-10 15:05:20.924,17148,17149,17149,1
2021-06-10 15:05:21.592,17148,17149,17149,1
2021-06-10 15:05:21.949,17148,17149,17149,3
2021-06-10 15:05:23.215,17148,17149,17149,1
2021-06-10 15:05:23.368,17148,17149,17148,4
2021-06-10 15:05:23.368,17148,17149,17148,3
2021-06-10 15:05:23.369,17148,17149,17148,5
2021-06-10 15:05:23.369,17148,17149,17148,2
2021-06-10 15:05:23.369,17148,17149,17148,1
2021-06-10 15:05:23.369,17148,17149,17148,1
2021-06-10 15:05:23.370,17148,17149,17148,2
2021-06-10 15:05:23.758,17147,17148,17147,1
2021-06-10 15:05:28.725,17145,17147,17147,2
2021-06-10 15:05:29.926,17146,17147,17147,1
2021-06-10 15:05:31.722,17146,17147,17147,2
2021-06-10 15:05:34.190,17146,17147,17146,6
2021-06-10 15:05:38.452,17145,17146,17146,1
2021-06-10 15:05:40.734,17145,17146,17145,1
2021-06-10 15:05:42.380,17145,17146,17145,2
2021-06-10 15:05:42.381,17145,17146,17145,2
2021-06-10 15:05:42.381,17145,17146,17145,2
2021-06-10 15:05:42.381,17145,17146,17145,2
2021-06-10 15:05:42.382,17145,17146,17145,1
2021-06-10 15:05:45.886,17145,17146,17145,1
2021-06-10 15:05:47.648,17144,17146,17146,1
2021-06-10 15:05:49.855,17145,17146,17146,1
2021-06-10 15:05:50.559,17146,17147,17147,1
2021-06-10 15:05:50.559,17146,17147,17147,2
2021-06-10 15:05:50.559,17146,17147,17147,1
2021-06-10 15:05:56.143,17147,17148,17147,1
2021-06-10 15:06:00.072,17147,17148,17147,1
2021-06-10 15:06:00.073,17147,17148,17146,1
2021-06-10 15:06:00.096,17147,17148,17146,1
2021-06-10 15:06:01.984,17146,17148,17147,1
2021-06-10 15:06:01.984,17146,17148,17147,1
2021-06-10 15:06:02.097,17146,17148,17146,1
2021-06-10 15:06:23.054,17146,17147,17147,1
2021-06-10 15:06:23.406,17146,17148,17146,1
2021-06-10 15:06:25.099,17147,17148,17148,3
2021-06-10 15:06:32.535,17147,17148,17148,1
2021-06-10 15:06:41.687,17147,17148,17147,1
2021-06-10 15:06:44.509,17147,17148,17147,1
2021-06-10 15:06:44.637,17146,17148,17146,1
2021-06-10 15:06:47.362,17146,17147,17146,1
2021-06-10 15:06:49.993,17145,17147,17147,3
2021-06-10 15:06:51.178,17146,17148,17146,2
2021-06-10 15:06:52.176,17146,17147,17147,1
2021-06-10 15:06:57.231,17147,17148,17147,1
2021-06-10 15:06:57.396,17146,17148,17148,1
2021-06-10 15:06:59.577,17146,17148,17148,1
2021-06-10 15:07:05.301,17147,17148,17147,1
2021-06-10 15:07:13.881,17147,17148,17148,2
2021-06-10 15:07:13.882,17147,17148,17148,4
2021-06-10 15:07:16.359,17147,17149,17147,1
2021-06-10 15:07:22.125,17147,17148,17148,3
2021-06-10 15:07:22.125,17147,17148,17149,2
2021-06-10 15:07:23.751,17147,17149,17148,1
2021-06-10 15:07:24.678,17147,17148,17148,1
2021-06-10 15:07:26.699,17147,17148,17148,1
2021-06-10 15:07:29.264,17147,17148,17148,1
2021-06-10 15:07:31.070,17147,17148,17147,1
2021-06-10 15:07:31.070,17147,17148,17147,2
2021-06-10 15:07:31.216,17146,17147,17146,2
2021-06-10 15:07:31.216,17146,17147,17146,3
2021-06-10 15:07:31.216,17146,17147,17146,8
2021-06-10 15:07:32.140,17145,17146,17146,1
2021-06-10 15:07:35.887,17145,17146,17146,1
2021-06-10 15:07:49.081,17145,17146,17146,1
2021-06-10 15:07:51.109,17145,17146,17145,1
2021-06-10 15:07:54.764,17145,17146,17145,3
2021-06-10 15:07:56.153,17145,17146,17145,1
2021-06-10 15:07:56.293,17144,17145,17144,3
2021-06-10 15:07:57.836,17143,17145,17145,1
2021-06-10 15:08:00.275,17144,17145,17144,1
2021-06-10 15:08:03.405,17143,17145,17143,1
2021-06-10 15:08:05.194,17143,17144,17143,1
2021-06-10 15:08:06.193,17143,17144,17143,3
2021-06-10 15:08:13.300,17143,17144,17143,1
2021-06-10 15:08:15.897,17143,17144,17143,3
2021-06-10 15:08:16.552,17143,17144,17144,1
2021-06-10 15:08:25.628,17143,17144,17144,1
2021-06-10 15:08:29.113,17143,17144,17144,1
2021-06-10 15:08:29.114,17143,17144,17144,1
2021-06-10 15:08:38.087,17143,17144,17143,1
2021-06-10 15:08:38.087,17143,17144,17143,3
2021-06-10 15:08:40.061,17142,17143,17143,1
2021-06-10 15:08:43.568,17143,17144,17143,1
2021-06-10 15:08:54.688,17143,17144,17143,1
2021-06-10 15:09:00.005,17143,17144,17143,1
2021-06-10 15:09:15.985,17143,17144,17143,4
2021-06-10 15:09:15.985,17143,17144,17143,1
2021-06-10 15:09:15.985,17143,17144,17143,1
2021-06-10 15:09:16.126,17142,17143,17143,2
2021-06-10 15:09:17.940,17143,17144,17143,1
2021-06-10 15:09:19.950,17143,17144,17143,1
2021-06-10 15:09:24.082,17143,17144,17143,1
2021-06-10 15:09:37.416,17143,17144,17143,1
2021-06-10 15:09:46.252,17143,17144,17143,1
2021-06-10 15:09:51.122,17143,17144,17143,1
2021-06-10 15:09:55.482,17143,17144,17144,1
2021-06-10 15:09:57.763,17143,17144,17144,1
2021-06-10 15:10:01.424,17143,17144,17143,1
2021-06-10 15:10:07.704,17143,17144,17143,6
2021-06-10 15:10:07.704,17143,17144,17142,2
2021-06-10 15:10:08.985,17142,17144,17142,1
2021-06-10 15:10:09.588,17142,17143,17143,1
2021-06-10 15:10:12.502,17142,17143,17142,1
2021-06-10 15:10:13.792,17142,17143,17142,1
2021-06-10 15:10:13.904,17142,17143,17142,2
2021-06-10 15:10:16.466,17142,17143,17142,5
2021-06-10 15:10:16.547,17142,17143,17142,4
2021-06-10 15:10:17.077,17141,17143,17141,4
2021-06-10 15:10:17.415,17141,17143,17141,1
2021-06-10 15:10:25.144,17141,17143,17143,1
2021-06-10 15:10:36.200,17142,17143,17143,1
2021-06-10 15:10:37.120,17142,17143,17142,3
2021-06-10 15:10:42.470,17141,17142,17141,1
2021-06-10 15:10:44.339,17141,17142,17141,1
2021-06-10 15:10:45.489,17141,17142,17141,6
2021-06-10 15:10:45.489,17141,17142,17141,1
2021-06-10 15:10:45.489,17141,17142,17141,1
2021-06-10 15:10:45.490,17141,17142,17141,1
2021-06-10 15:10:45.490,17141,17142,17141,1
2021-06-10 15:10:45.490,17141,17142,17141,1
2021-06-10 15:10:45.490,17141,17142,17141,1
2021-06-10 15:10:45.547,17140,17141,17140,8
2021-06-10 15:10:45.547,17140,17141,17140,6
2021-06-10 15:10:45.548,17140,17141,17140,1
2021-06-10 15:10:45.548,17140,17141,17140,1
2021-06-10 15:10:45.548,17140,17141,17140,2
2021-06-10 15:10:45.751,17140,17141,17140,2
2021-06-10 15:10:45.752,17140,17141,17140,1
2021-06-10 15:10:45.752,17140,17141,17140,1
2021-06-10 15:10:46.116,17140,17141,17140,1
2021-06-10 15:10:46.892,17140,17141,17140,2
2021-06-10 15:10:49.253,17140,17141,17140,1
2021-06-10 15:10:49.564,17140,17141,17141,1
2021-06-10 15:10:50.712,17140,17141,17140,7
2021-06-10 15:10:50.919,17139,17140,17139,2
2021-06-10 15:10:52.037,17139,17140,17139,1
2021-06-10 15:10:52.182,17139,17140,17139,1
2021-06-10 15:10:53.124,17139,17140,17140,1
2021-06-10 15:10:54.386,17140,17141,17140,1
2021-06-10 15:10:55.155,17140,17141,17140,2
2021-06-10 15:10:55.197,17140,17141,17140,1
2021-06-10 15:10:55.502,17140,17141,17140,1
2021-06-10 15:10:58.207,17140,17141,17140,1
2021-06-10 15:10:59.652,17139,17140,17140,1
2021-06-10 15:11:04.062,17139,17140,17140,1
2021-06-10 15:11:04.379,17139,17140,17139,3
2021-06-10 15:11:05.483,17139,17140,17139,11
2021-06-10 15:11:06.506,17138,17139,17138,1
2021-06-10 15:11:06.506,17138,17139,17138,1
2021-06-10 15:11:06.506,17138,17139,17138,2
2021-06-10 15:11:06.507,17138,17139,17138,1
2021-06-10 15:11:06.507,17138,17139,17138,1
2021-06-10 15:11:06.667,17137,17138,17137,1
2021-06-10 15:11:06.782,17137,17138,17137,1
2021-06-10 15:11:06.782,17137,17138,17137,1
2021-06-10 15:11:06.807,17137,17138,17137,1
2021-06-10 15:11:06.831,17137,17138,17137,1
2021-06-10 15:11:06.982,17137,17138,17137,1
2021-06-10 15:11:06.983,17137,17138,17137,1
2021-06-10 15:11:06.983,17137,17138,17137,1
2021-06-10 15:11:06.983,17137,17138,17137,1
2021-06-10 15:11:07.068,17137,17138,17137,1
2021-06-10 15:11:07.273,17137,17138,17137,2
2021-06-10 15:11:07.273,17137,17138,17136,11
2021-06-10 15:11:07.349,17136,17137,17136,1
2021-06-10 15:11:07.575,17136,17137,17136,7
2021-06-10 15:11:07.611,17136,17137,17135,7
2021-06-10 15:11:07.760,17135,17137,17135,1
2021-06-10 15:11:07.900,17135,17136,17135,1
2021-06-10 15:11:08.165,17135,17137,17135,1
2021-06-10 15:11:08.631,17135,17137,17136,1
2021-06-10 15:11:09.297,17136,17137,17137,1
2021-06-10 15:11:09.600,17136,17138,17136,1
2021-06-10 15:11:09.716,17136,17138,17136,1
2021-06-10 15:11:10.011,17136,17138,17136,1
2021-06-10 15:11:11.172,17135,17136,17136,1
2021-06-10 15:11:11.352,17135,17138,17135,1
2021-06-10 15:11:12.073,17137,17138,17137,1
2021-06-10 15:11:14.664,17135,17137,17137,1
2021-06-10 15:11:15.422,17136,17138,17138,2
2021-06-10 15:11:15.956,17137,17139,17139,1
2021-06-10 15:11:16.052,17137,17139,17137,4
2021-06-10 15:11:16.232,17137,17138,17137,1
2021-06-10 15:11:16.232,17137,17138,17136,2
2021-06-10 15:11:18.047,17137,17139,17139,1
2021-06-10 15:11:20.172,17137,17139,17139,2
2021-06-10 15:11:22.422,17137,17139,17139,2
2021-06-10 15:11:22.888,17137,17140,17137,1
2021-06-10 15:11:24.797,17138,17140,17140,3
2021-06-10 15:11:25.234,17138,17140,17139,2
2021-06-10 15:11:31.562,17138,17139,17139,2
2021-06-10 15:11:31.562,17138,17139,17139,2
2021-06-10 15:11:32.066,17138,17139,17139,1
2021-06-10 15:11:33.665,17138,17139,17138,1
2021-06-10 15:11:36.117,17138,17139,17138,1
2021-06-10 15:11:36.396,17137,17139,17137,3
2021-06-10 15:11:45.305,17138,17139,17138,4
2021-06-10 15:11:45.306,17138,17139,17138,6
2021-06-10 15:11:47.399,17137,17139,17137,1
2021-06-10 15:11:53.839,17137,17138,17137,1
2021-06-10 15:12:03.541,17137,17138,17137,4
2021-06-10 15:12:03.623,17136,17137,17137,1
2021-06-10 15:12:03.623,17136,17137,17138,2
2021-06-10 15:12:03.628,17136,17137,17138,2
2021-06-10 15:12:03.669,17136,17137,17138,3
2021-06-10 15:12:09.181,17136,17137,17136,1
2021-06-10 15:12:09.182,17136,17137,17136,1
2021-06-10 15:12:09.182,17136,17137,17136,1
2021-06-10 15:12:09.182,17136,17137,17136,1
2021-06-10 15:12:09.182,17136,17137,17136,1
2021-06-10 15:12:09.182,17136,17137,17136,1
2021-06-10 15:12:12.112,17135,17136,17136,1
2021-06-10 15:12:13.853,17135,17136,17136,1
2021-06-10 15:12:14.355,17135,17137,17137,1
2021-06-10 15:12:16.920,17136,17137,17136,1
2021-06-10 15:12:22.735,17135,17136,17135,1
2021-06-10 15:12:23.816,17135,17136,17136,1
2021-06-10 15:12:23.839,17135,17136,17136,1
2021-06-10 15:12:25.562,17135,17136,17135,1
2021-06-10 15:12:26.005,17135,17136,17135,1
2021-06-10 15:12:26.177,17135,17136,17135,3
2021-06-10 15:12:27.099,17134,17135,17135,1
2021-06-10 15:12:27.115,17134,17135,17135,1
2021-06-10 15:12:28.930,17134,17135,17135,1
2021-06-10 15:12:29.356,17134,17135,17134,2
2021-06-10 15:12:29.495,17134,17135,17134,6
2021-06-10 15:12:29.528,17134,17135,17135,1
2021-06-10 15:12:30.308,17134,17135,17135,1
2021-06-10 15:12:30.542,17134,17135,17135,1
2021-06-10 15:12:33.609,17134,17135,17134,2
2021-06-10 15:12:34.699,17133,17134,17133,25
2021-06-10 15:12:34.699,17133,17134,17132,19
2021-06-10 15:12:34.699,17133,17134,17131,42
2021-06-10 15:12:34.699,17133,17134,17130,14
2021-06-10 15:12:34.702,17133,17134,17130,1
2021-06-10 15:12:34.712,17133,17134,17130,2
2021-06-10 15:12:34.712,17133,17134,17130,1
2021-06-10 15:12:34.712,17133,17134,17130,3
2021-06-10 15:12:34.712,17133,17134,17130,1
2021-06-10 15:12:34.712,17133,17134,17130,1
2021-06-10 15:12:34.712,17133,17134,17130,1
2021-06-10 15:12:34.713,17133,17134,17129,1
2021-06-10 15:12:34.713,17133,17134,17129,1
2021-06-10 15:12:34.743,17133,17134,17129,1
2021-06-10 15:12:34.814,17128,17130,17128,1
2021-06-10 15:12:34.865,17128,17130,17129,3
2021-06-10 15:12:34.880,17128,17130,17130,1
2021-06-10 15:12:34.880,17128,17130,17130,1
2021-06-10 15:12:34.917,17128,17130,17128,1
2021-06-10 15:12:34.941,17128,17130,17130,1
2021-06-10 15:12:34.963,17128,17130,17128,2
2021-06-10 15:12:34.979,17128,17130,17130,1
2021-06-10 15:12:35.053,17128,17131,17128,1
2021-06-10 15:12:35.056,17128,17131,17128,1
2021-06-10 15:12:35.106,17128,17131,17128,1
2021-06-10 15:12:35.118,17128,17131,17128,1
2021-06-10 15:12:35.166,17128,17131,17128,1
2021-06-10 15:12:35.179,17128,17130,17128,3
2021-06-10 15:12:35.190,17128,17130,17128,2
2021-06-10 15:12:35.221,17128,17130,17128,2
2021-06-10 15:12:35.225,17128,17130,17127,2
2021-06-10 15:12:35.265,17128,17130,17127,1
2021-06-10 15:12:35.293,17128,17130,17127,1
2021-06-10 15:12:35.334,17127,17129,17127,1
2021-06-10 15:12:35.358,17127,17129,17127,4
2021-06-10 15:12:35.390,17127,17129,17127,3
2021-06-10 15:12:35.390,17127,17129,17126,3
2021-06-10 15:12:35.398,17127,17129,17126,1
2021-06-10 15:12:35.447,17126,17128,17126,1
2021-06-10 15:12:35.569,17126,17128,17126,1
2021-06-10 15:12:35.576,17126,17128,17126,1
2021-06-10 15:12:35.593,17126,17128,17126,3
2021-06-10 15:12:35.593,17126,17128,17125,1
2021-06-10 15:12:35.597,17126,17128,17126,1
2021-06-10 15:12:35.625,17126,17128,17126,1
2021-06-10 15:12:35.626,17126,17128,17125,1
2021-06-10 15:12:35.636,17126,17128,17125,1
2021-06-10 15:12:35.636,17126,17128,17125,1
2021-06-10 15:12:35.655,17126,17128,17125,1
2021-06-10 15:12:35.673,17125,17127,17125,1
2021-06-10 15:12:35.687,17125,17127,17126,1
2021-06-10 15:12:35.688,17125,17127,17126,1
2021-06-10 15:12:35.690,17125,17127,17125,1
2021-06-10 15:12:35.690,17125,17127,17125,3
2021-06-10 15:12:35.693,17125,17127,17125,1
2021-06-10 15:12:35.702,17125,17127,17125,1
2021-06-10 15:12:35.702,17125,17127,17124,1
2021-06-10 15:12:35.706,17125,17127,17124,2
2021-06-10 15:12:35.715,17125,17127,17124,2
2021-06-10 15:12:35.718,17125,17127,17124,1
2021-06-10 15:12:35.726,17125,17127,17124,4
2021-06-10 15:12:35.729,17125,17127,17125,1
2021-06-10 15:12:35.729,17125,17127,17124,1
2021-06-10 15:12:35.734,17125,17127,17123,1
2021-06-10 15:12:35.746,17125,17127,17124,1
2021-06-10 15:12:35.748,17125,17127,17124,1
2021-06-10 15:12:35.759,17125,17127,17123,1
2021-06-10 15:12:35.764,17125,17127,17123,1
2021-06-10 15:12:35.788,17125,17127,17123,1
2021-06-10 15:12:35.788,17125,17127,17123,1
2021-06-10 15:12:35.788,17125,17127,17125,1
2021-06-10 15:12:35.794,17125,17127,17123,1
2021-06-10 15:12:35.802,17122,17125,17122,1
2021-06-10 15:12:35.805,17122,17125,17122,1
2021-06-10 15:12:35.816,17122,17125,17122,1
2021-06-10 15:12:35.818,17122,17125,17122,1
2021-06-10 15:12:35.867,17122,17125,17122,1
2021-06-10 15:12:35.867,17122,17125,17122,4
2021-06-10 15:12:35.918,17122,17125,17122,1
2021-06-10 15:12:35.929,17122,17124,17122,1
2021-06-10 15:12:35.980,17122,17124,17121,1
2021-06-10 15:12:35.987,17122,17124,17121,1
2021-06-10 15:12:35.995,17122,17124,17121,1
2021-06-10 15:12:36.007,17122,17124,17121,2
2021-06-10 15:12:36.009,17122,17124,17121,1
2021-06-10 15:12:36.020,17122,17124,17121,1
2021-06-10 15:12:36.037,17122,17124,17121,1
2021-06-10 15:12:36.062,17121,17124,17121,1
2021-06-10 15:12:36.072,17121,17124,17121,1
2021-06-10 15:12:36.082,17121,17124,17120,1
2021-06-10 15:12:36.093,17121,17124,17120,1
2021-06-10 15:12:36.107,17121,17124,17120,1
2021-06-10 15:12:36.114,17121,17124,17120,1
2021-06-10 15:12:36.131,17121,17124,17120,1
2021-06-10 15:12:36.143,17121,17124,17120,1
2021-06-10 15:12:36.179,17120,17123,17120,1
2021-06-10 15:12:36.222,17120,17123,17121,1
2021-06-10 15:12:36.251,17120,17123,17120,1
2021-06-10 15:12:36.281,17120,17123,17120,2
2021-06-10 15:12:36.282,17120,17123,17120,1
2021-06-10 15:12:36.309,17120,17122,17120,6
2021-06-10 15:12:36.318,17120,17122,17120,1
2021-06-10 15:12:36.345,17120,17122,17120,1
2021-06-10 15:12:36.396,17120,17122,17120,1
2021-06-10 15:12:36.405,17120,17122,17120,4
2021-06-10 15:12:36.477,17120,17122,17121,1
2021-06-10 15:12:36.496,17120,17122,17120,1
2021-06-10 15:12:36.497,17120,17122,17121,1
2021-06-10 15:12:36.505,17120,17122,17120,1
2021-06-10 15:12:36.531,17120,17122,17120,1
2021-06-10 15:12:36.552,17120,17122,17120,1
2021-06-10 15:12:36.566,17120,17122,17122,2
2021-06-10 15:12:36.575,17120,17122,17122,2
2021-06-10 15:12:36.604,17120,17122,17121,1
2021-06-10 15:12:36.606,17120,17122,17121,1
2021-06-10 15:12:36.629,17120,17122,17121,1
2021-06-10 15:12:36.732,17121,17123,17121,1
2021-06-10 15:12:36.813,17122,17123,17122,1
2021-06-10 15:12:36.813,17122,17123,17122,1
2021-06-10 15:12:36.845,17122,17123,17121,1
2021-06-10 15:12:36.875,17122,17123,17121,1
2021-06-10 15:12:36.875,17122,17123,17120,3
2021-06-10 15:12:37.114,17121,17123,17121,1
2021-06-10 15:12:37.173,17121,17123,17121,1
2021-06-10 15:12:37.173,17121,17123,17120,1
2021-06-10 15:12:37.173,17121,17123,17120,1
2021-06-10 15:12:37.173,17121,17123,17120,1
2021-06-10 15:12:37.174,17121,17123,17120,1
2021-06-10 15:12:37.175,17121,17123,17120,1
2021-06-10 15:12:37.251,17121,17123,17120,1
2021-06-10 15:12:37.386,17120,17122,17122,1
2021-06-10 15:12:37.501,17121,17123,17121,1
2021-06-10 15:12:37.518,17121,17123,17121,1
2021-06-10 15:12:37.629,17121,17123,17122,1
2021-06-10 15:12:37.639,17121,17123,17121,1
2021-06-10 15:12:37.995,17121,17123,17121,2
2021-06-10 15:12:38.061,17120,17122,17121,2
2021-06-10 15:12:38.084,17120,17122,17120,1
2021-06-10 15:12:38.092,17120,17122,17120,1
2021-06-10 15:12:38.224,17120,17123,17120,1
2021-06-10 15:12:38.478,17122,17124,17122,1
2021-06-10 15:12:39.136,17121,17124,17121,1
2021-06-10 15:12:39.584,17121,17123,17124,1
2021-06-10 15:12:39.666,17121,17123,17122,1
2021-06-10 15:12:39.883,17122,17124,17123,1
2021-06-10 15:12:40.291,17122,17124,17122,1
2021-06-10 15:12:40.528,17121,17124,17121,1
2021-06-10 15:12:40.734,17122,17124,17122,1
2021-06-10 15:12:41.123,17122,17124,17124,1
2021-06-10 15:12:42.599,17122,17125,17122,1
2021-06-10 15:12:42.757,17122,17124,17124,1
2021-06-10 15:12:42.982,17122,17124,17124,1
2021-06-10 15:12:43.172,17123,17125,17123,4
2021-06-10 15:12:43.735,17122,17125,17125,1
2021-06-10 15:12:43.797,17124,17126,17124,3
2021-06-10 15:12:43.869,17124,17126,17124,1
2021-06-10 15:12:44.035,17123,17126,17126,1
2021-06-10 15:12:44.047,17124,17126,17124,1
2021-06-10 15:12:44.297,17123,17124,17123,2
2021-06-10 15:12:44.539,17122,17123,17123,1
2021-06-10 15:12:44.539,17122,17123,17124,2
2021-06-10 15:12:44.928,17123,17124,17124,1
2021-06-10 15:12:45.047,17124,17125,17124,1
2021-06-10 15:12:45.172,17124,17125,17124,1
2021-06-10 15:12:45.347,17124,17125,17125,1
2021-06-10 15:12:45.425,17125,17127,17125,1
2021-06-10 15:12:45.758,17125,17127,17125,1
2021-06-10 15:12:46.153,17125,17127,17125,1
2021-06-10 15:12:47.360,17125,17127,17125,2
2021-06-10 15:12:47.423,17125,17127,17125,1
2021-06-10 15:12:47.423,17125,17127,17125,1
2021-06-10 15:12:47.424,17125,17127,17125,1
2021-06-10 15:12:47.424,17125,17127,17125,1
2021-06-10 15:12:47.425,17125,17127,17125,1
2021-06-10 15:12:47.425,17125,17127,17125,1
2021-06-10 15:12:47.425,17125,17127,17125,1
2021-06-10 15:12:47.425,17125,17127,17125,1
2021-06-10 15:12:47.426,17125,17127,17125,1
2021-06-10 15:12:47.426,17125,17127,17125,1
2021-06-10 15:12:47.428,17125,17127,17125,1
2021-06-10 15:12:47.428,17125,17127,17125,1
2021-06-10 15:12:47.433,17125,17127,17126,1
2021-06-10 15:12:48.794,17125,17127,17127,1
2021-06-10 15:12:49.368,17127,17129,17127,1
2021-06-10 15:12:50.098,17127,17129,17127,2
2021-06-10 15:12:54.124,17129,17130,17130,1
2021-06-10 15:12:54.365,17129,17131,17131,2
2021-06-10 15:12:54.394,17129,17131,17129,1
2021-06-10 15:12:55.376,17129,17131,17129,2
2021-06-10 15:12:55.635,17129,17131,17129,1
2021-06-10 15:12:56.026,17128,17130,17128,1
2021-06-10 15:12:58.247,17129,17130,17129,1
2021-06-10 15:12:58.564,17129,17130,17129,1
2021-06-10 15:13:00.870,17127,17129,17128,1
2021-06-10 15:13:00.927,17127,17129,17127,1
2021-06-10 15:13:01.259,17127,17128,17127,1
2021-06-10 15:13:01.272,17127,17128,17127,1
2021-06-10 15:13:01.298,17126,17128,17126,1
2021-06-10 15:13:01.299,17126,17128,17126,1
2021-06-10 15:13:01.299,17126,17128,17126,1
2021-06-10 15:13:02.203,17126,17128,17126,1
2021-06-10 15:13:02.203,17126,17128,17125,1
2021-06-10 15:13:02.466,17125,17127,17127,2
2021-06-10 15:13:04.034,17126,17127,17126,2
2021-06-10 15:13:04.622,17125,17127,17125,2
2021-06-10 15:13:04.892,17125,17127,17125,2
2021-06-10 15:13:04.926,17125,17127,17125,2
2021-06-10 15:13:06.641,17125,17127,17126,3
2021-06-10 15:13:07.523,17126,17127,17126,1
2021-06-10 15:13:07.548,17125,17127,17125,1
2021-06-10 15:13:07.548,17125,17127,17125,1
2021-06-10 15:13:07.549,17125,17127,17125,1
2021-06-10 15:13:07.549,17125,17127,17125,1
2021-06-10 15:13:07.549,17125,17127,17125,1
2021-06-10 15:13:07.554,17125,17127,17125,1
2021-06-10 15:13:07.555,17125,17127,17125,1
2021-06-10 15:13:07.555,17125,17127,17125,1
2021-06-10 15:13:07.655,17125,17127,17126,1
2021-06-10 15:13:07.757,17125,17126,17126,3
2021-06-10 15:13:08.196,17125,17126,17125,1
2021-06-10 15:13:08.340,17125,17126,17126,1
2021-06-10 15:13:08.988,17126,17127,17127,1
2021-06-10 15:13:09.630,17126,17128,17126,2
2021-06-10 15:13:10.106,17126,17128,17126,4
2021-06-10 15:13:10.713,17126,17128,17126,3
2021-06-10 15:13:10.714,17126,17128,17126,1
2021-06-10 15:13:10.714,17126,17128,17126,1
2021-06-10 15:13:11.644,17125,17126,17126,1
2021-06-10 15:13:12.436,17126,17127,17126,2
2021-06-10 15:13:14.082,17125,17126,17126,1
2021-06-10 15:13:15.289,17126,17127,17126,1
2021-06-10 15:13:15.694,17125,17127,17127,1
2021-06-10 15:13:15.844,17125,17127,17125,2
2021-06-10 15:13:16.663,17125,17127,17125,1
2021-06-10 15:13:17.456,17126,17127,17126,5
2021-06-10 15:13:17.548,17125,17127,17125,1
2021-06-10 15:13:17.549,17125,17127,17125,1
2021-06-10 15:13:17.549,17125,17127,17125,1
2021-06-10 15:13:17.549,17125,17127,17125,1
2021-06-10 15:13:17.549,17125,17127,17125,1
2021-06-10 15:13:17.550,17125,17127,17125,1
2021-06-10 15:13:17.550,17125,17127,17125,1
2021-06-10 15:13:17.550,17125,17127,17125,1
2021-06-10 15:13:17.550,17125,17127,17125,1
2021-06-10 15:13:17.553,17125,17127,17125,1
2021-06-10 15:13:17.553,17125,17127,17125,1
2021-06-10 15:13:17.554,17125,17127,17125,1
2021-06-10 15:13:17.770,17125,17126,17126,1
2021-06-10 15:13:20.017,17126,17127,17126,1
2021-06-10 15:13:20.691,17126,17127,17127,2
2021-06-10 15:13:20.753,17126,17127,17127,1
2021-06-10 15:13:20.815,17126,17128,17126,2
2021-06-10 15:13:20.917,17126,17128,17126,1
2021-06-10 15:13:20.917,17126,17128,17125,3
2021-06-10 15:13:20.996,17125,17127,17125,2
2021-06-10 15:13:21.779,17125,17126,17125,2
2021-06-10 15:13:22.338,17125,17126,17125,1
2021-06-10 15:13:23.764,17125,17126,17125,2
2021-06-10 15:13:24.065,17125,17126,17126,1
2021-06-10 15:13:25.274,17126,17127,17127,1
2021-06-10 15:13:25.274,17126,17127,17127,1
2021-06-10 15:13:25.440,17126,17128,17128,1
2021-06-10 15:13:25.700,17126,17128,17126,1
2021-06-10 15:13:28.734,17126,17128,17126,2
2021-06-10 15:13:28.734,17126,17128,17126,1
2021-06-10 15:13:28.735,17126,17128,17126,2
2021-06-10 15:13:30.126,17127,17128,17127,1
2021-06-10 15:13:30.126,17127,17128,17126,1
2021-06-10 15:13:30.126,17127,17128,17125,1
2021-06-10 15:13:30.174,17125,17127,17125,1
2021-06-10 15:13:30.176,17125,17127,17125,1
2021-06-10 15:13:30.176,17125,17127,17125,1
2021-06-10 15:13:30.176,17125,17127,17125,1
2021-06-10 15:13:30.176,17125,17127,17125,1
2021-06-10 15:13:30.177,17125,17127,17125,1
2021-06-10 15:13:30.177,17125,17127,17125,1
2021-06-10 15:13:30.177,17125,17127,17125,1
2021-06-10 15:13:30.177,17125,17127,17125,2
2021-06-10 15:13:30.180,17125,17127,17125,1
2021-06-10 15:13:30.180,17125,17127,17125,1
2021-06-10 15:13:30.529,17124,17126,17126,1
2021-06-10 15:13:31.176,17124,17126,17124,2
2021-06-10 15:13:31.215,17124,17126,17124,1
2021-06-10 15:13:31.386,17123,17125,17123,1
2021-06-10 15:13:32.534,17123,17125,17123,4
2021-06-10 15:13:33.438,17123,17124,17124,1
2021-06-10 15:13:34.110,17123,17125,17123,1
2021-06-10 15:13:34.496,17122,17124,17122,1
2021-06-10 15:13:34.696,17122,17123,17122,1
2021-06-10 15:13:34.696,17122,17123,17122,1
2021-06-10 15:13:34.697,17122,17123,17122,2
2021-06-10 15:13:34.701,17122,17123,17121,8
2021-06-10 15:13:34.793,17122,17123,17121,1
2021-06-10 15:13:35.215,17121,17122,17121,1
2021-06-10 15:13:35.215,17121,17122,17120,1
2021-06-10 15:13:35.240,17121,17122,17122,1
2021-06-10 15:13:35.389,17121,17123,17121,1
2021-06-10 15:13:36.037,17121,17123,17121,4
2021-06-10 15:13:36.352,17120,17123,17120,4
2021-06-10 15:13:37.238,17120,17122,17121,1
2021-06-10 15:13:37.238,17120,17122,17121,9
2021-06-10 15:13:37.299,17121,17122,17121,1
2021-06-10 15:13:37.299,17121,17122,17121,1
2021-06-10 15:13:37.535,17121,17122,17121,2
2021-06-10 15:13:37.568,17120,17122,17120,1
2021-06-10 15:13:38.359,17120,17121,17120,4
2021-06-10 15:13:38.361,17120,17121,17120,2
2021-06-10 15:13:38.719,17119,17120,17120,1
2021-06-10 15:13:39.502,17119,17120,17119,6
2021-06-10 15:13:39.517,17119,17120,17119,1
2021-06-10 15:13:39.518,17119,17120,17119,3
2021-06-10 15:13:39.797,17119,17120,17120,6
2021-06-10 15:13:39.922,17120,17121,17121,6
2021-06-10 15:13:39.926,17120,17121,17121,1
2021-06-10 15:13:39.926,17120,17121,17121,1
2021-06-10 15:13:39.926,17120,17121,17121,1
2021-06-10 15:13:39.926,17120,17121,17121,1
2021-06-10 15:13:39.976,17120,17121,17120,1
2021-06-10 15:13:41.128,17120,17122,17120,1
2021-06-10 15:13:42.691,17120,17122,17121,1
2021-06-10 15:13:43.973,17120,17122,17120,1
2021-06-10 15:13:44.209,17121,17122,17121,1
2021-06-10 15:13:44.542,17121,17122,17121,1
2021-06-10 15:13:44.943,17120,17122,17120,1
2021-06-10 15:13:45.891,17120,17122,17120,1
2021-06-10 15:13:46.673,17121,17122,17122,3
2021-06-10 15:13:47.107,17121,17123,17121,1
2021-06-10 15:13:47.860,17121,17123,17123,1
2021-06-10 15:13:48.366,17121,17123,17122,1
2021-06-10 15:13:48.985,17121,17123,17123,1
2021-06-10 15:13:49.566,17122,17123,17122,5
2021-06-10 15:13:52.041,17121,17123,17121,2
2021-06-10 15:13:53.428,17121,17123,17122,1
2021-06-10 15:13:55.319,17121,17123,17123,1
2021-06-10 15:13:55.319,17121,17123,17123,1
2021-06-10 15:13:56.329,17122,17124,17122,2
2021-06-10 15:13:56.329,17122,17124,17122,1
2021-06-10 15:13:56.420,17122,17124,17121,2
2021-06-10 15:13:57.143,17121,17123,17121,1
2021-06-10 15:13:58.252,17121,17123,17121,2
2021-06-10 15:13:58.966,17120,17123,17120,2
2021-06-10 15:13:59.293,17120,17123,17123,1
2021-06-10 15:13:59.825,17121,17123,17121,2
2021-06-10 15:14:00.021,17120,17122,17120,1
2021-06-10 15:14:00.524,17120,17122,17120,2
2021-06-10 15:14:00.553,17120,17122,17121,1
2021-06-10 15:14:00.569,17120,17122,17120,2
2021-06-10 15:14:00.599,17120,17122,17120,5
2021-06-10 15:14:00.599,17120,17122,17120,2
2021-06-10 15:14:00.848,17120,17122,17120,1
2021-06-10 15:14:01.843,17121,17122,17122,1
2021-06-10 15:14:02.423,17121,17122,17121,1
2021-06-10 15:14:05.555,17121,17122,17122,4
2021-06-10 15:14:05.707,17121,17123,17121,1
2021-06-10 15:14:05.720,17121,17123,17121,2
2021-06-10 15:14:05.895,17121,17123,17121,2
2021-06-10 15:14:07.424,17120,17123,17123,4
2021-06-10 15:14:07.517,17120,17123,17123,3
2021-06-10 15:14:07.517,17120,17123,17124,1
2021-06-10 15:14:07.643,17121,17124,17124,2
2021-06-10 15:14:07.953,17122,17124,17122,1
2021-06-10 15:14:07.953,17122,17124,17121,1
2021-06-10 15:14:10.510,17121,17123,17121,1
2021-06-10 15:14:10.731,17120,17123,17120,3
2021-06-10 15:14:10.734,17120,17123,17121,1
2021-06-10 15:14:10.954,17120,17122,17122,1
2021-06-10 15:14:11.162,17120,17122,17122,1
2021-06-10 15:14:12.136,17121,17123,17121,1
2021-06-10 15:14:14.376,17121,17123,17121,1
2021-06-10 15:14:14.696,17120,17123,17120,2
2021-06-10 15:14:14.938,17120,17122,17120,2
2021-06-10 15:14:14.958,17120,17122,17121,1
2021-06-10 15:14:15.347,17120,17121,17121,2
2021-06-10 15:14:15.735,17121,17122,17122,3
2021-06-10 15:14:15.778,17121,17122,17123,1
2021-06-10 15:14:16.768,17121,17123,17123,2
2021-06-10 15:14:17.252,17121,17123,17122,1
2021-06-10 15:14:17.448,17121,17123,17121,2
2021-06-10 15:14:19.136,17121,17123,17121,1
2021-06-10 15:14:20.562,17121,17123,17122,1
2021-06-10 15:14:21.154,17121,17123,17122,1
2021-06-10 15:14:21.662,17121,17123,17123,1
2021-06-10 15:14:24.121,17122,17123,17122,1
2021-06-10 15:14:24.535,17121,17123,17122,1
2021-06-10 15:14:24.747,17121,17124,17122,1
2021-06-10 15:14:26.156,17122,17123,17123,4
2021-06-10 15:14:26.685,17122,17124,17123,1
2021-06-10 15:14:27.284,17123,17124,17124,1
2021-06-10 15:14:27.285,17123,17124,17124,3
2021-06-10 15:14:27.285,17123,17124,17124,3
2021-06-10 15:14:27.285,17123,17124,17124,18
2021-06-10 15:14:27.706,17124,17125,17125,1
2021-06-10 15:14:27.706,17124,17125,17125,1
2021-06-10 15:14:27.706,17124,17125,17125,1
2021-06-10 15:14:27.707,17124,17125,17125,1
2021-06-10 15:14:27.707,17124,17125,17125,1
2021-06-10 15:14:27.707,17124,17125,17125,1
2021-06-10 15:14:27.707,17124,17125,17125,1
2021-06-10 15:14:27.707,17124,17125,17125,11
2021-06-10 15:14:27.712,17124,17125,17126,1
2021-06-10 15:14:27.716,17124,17125,17125,1
2021-06-10 15:14:28.593,17124,17126,17126,1
2021-06-10 15:14:29.691,17124,17126,17125,1
2021-06-10 15:14:31.370,17124,17126,17126,1
2021-06-10 15:14:32.415,17124,17126,17126,1
2021-06-10 15:14:33.042,17126,17127,17126,1
2021-06-10 15:14:33.400,17125,17127,17127,8
2021-06-10 15:14:33.432,17127,17128,17128,1
2021-06-10 15:14:33.819,17127,17128,17127,1
2021-06-10 15:14:34.193,17127,17128,17127,1
2021-06-10 15:14:34.193,17127,17128,17126,1
2021-06-10 15:14:34.193,17127,17128,17125,8
2021-06-10 15:14:34.194,17127,17128,17125,5
2021-06-10 15:14:34.876,17126,17127,17126,1
2021-06-10 15:14:35.211,17125,17127,17125,1
2021-06-10 15:14:35.786,17125,17126,17126,1
2021-06-10 15:14:36.544,17126,17127,17126,1
2021-06-10 15:14:37.207,17126,17127,17126,1
2021-06-10 15:14:37.850,17126,17127,17126,1
2021-06-10 15:14:38.129,17125,17126,17126,1
2021-06-10 15:14:38.874,17125,17126,17126,1
2021-06-10 15:14:38.899,17125,17126,17126,2
2021-06-10 15:14:38.958,17125,17127,17127,1
2021-06-10 15:14:39.655,17125,17126,17125,1
2021-06-10 15:14:40.954,17125,17126,17126,1
2021-06-10 15:14:42.638,17125,17126,17126,1
2021-06-10 15:14:43.046,17125,17126,17126,1
2021-06-10 15:14:43.059,17125,17126,17125,1
2021-06-10 15:14:44.814,17125,17126,17125,2
2021-06-10 15:14:47.332,17125,17126,17125,6
2021-06-10 15:14:47.332,17125,17126,17124,2
2021-06-10 15:14:47.333,17125,17126,17124,1
2021-06-10 15:14:47.333,17125,17126,17124,1
2021-06-10 15:14:47.333,17125,17126,17123,2
2021-06-10 15:14:47.334,17125,17126,17124,2
2021-06-10 15:14:47.334,17125,17126,17123,1
2021-06-10 15:14:47.335,17125,17126,17123,1
2021-06-10 15:14:47.508,17123,17124,17123,1
2021-06-10 15:14:47.515,17123,17124,17123,1
2021-06-10 15:14:47.535,17123,17124,17123,1
2021-06-10 15:14:47.535,17123,17124,17122,1
2021-06-10 15:14:47.540,17123,17124,17122,1
2021-06-10 15:14:47.877,17123,17125,17123,5
2021-06-10 15:14:47.877,17123,17125,17122,1
2021-06-10 15:14:47.990,17122,17125,17123,3
2021-06-10 15:14:47.990,17122,17125,17122,1
2021-06-10 15:14:48.980,17123,17125,17124,1
2021-06-10 15:14:49.457,17124,17126,17126,3
2021-06-10 15:14:55.193,17124,17125,17125,3
2021-06-10 15:14:56.706,17124,17126,17124,1
2021-06-10 15:14:57.002,17124,17125,17124,3
2021-06-10 15:14:57.455,17123,17125,17123,2
2021-06-10 15:14:57.751,17123,17125,17123,2
2021-06-10 15:14:58.029,17122,17125,17123,1
2021-06-10 15:14:58.207,17122,17124,17122,2
2021-06-10 15:15:00.818,17122,17124,17122,1
2021-06-10 15:15:01.060,17122,17124,17122,1
2021-06-10 15:15:01.175,17122,17124,17122,1
2021-06-10 15:15:01.175,17122,17124,17121,1
2021-06-10 15:15:01.191,17122,17124,17121,2
2021-06-10 15:15:01.233,17122,17124,17121,2
2021-06-10 15:15:01.501,17121,17123,17123,1
2021-06-10 15:15:01.513,17121,17123,17122,1
2021-06-10 15:15:01.783,17121,17124,17121,4
2021-06-10 15:15:02.101,17121,17123,17121,1
2021-06-10 15:15:02.471,17121,17123,17121,1
2021-06-10 15:15:02.591,17121,17123,17121,1
2021-06-10 15:15:03.406,17121,17123,17121,1
2021-06-10 15:15:03.406,17121,17123,17121,1
2021-06-10 15:15:03.407,17121,17123,17121,2
2021-06-10 15:15:03.407,17121,17123,17121,8
2021-06-10 15:15:03.407,17121,17123,17121,2
2021-06-10 15:15:03.505,17120,17121,17120,2
2021-06-10 15:15:03.915,17120,17121,17121,2
2021-06-10 15:15:04.350,17121,17122,17121,1
2021-06-10 15:15:04.569,17120,17121,17121,1
2021-06-10 15:15:06.516,17120,17121,17121,1
2021-06-10 15:15:07.036,17120,17122,17122,1
2021-06-10 15:15:07.296,17120,17122,17120,6
2021-06-10 15:15:07.622,17120,17122,17120,4
2021-06-10 15:15:08.307,17121,17122,17122,1
2021-06-10 15:15:08.389,17121,17122,17121,1
2021-06-10 15:15:08.625,17120,17123,17123,1
2021-06-10 15:15:09.160,17120,17123,17120,1
2021-06-10 15:15:10.227,17120,17122,17120,2
2021-06-10 15:15:10.742,17120,17122,17122,1
2021-06-10 15:15:14.164,17120,17122,17122,1
2021-06-10 15:15:14.423,17122,17123,17123,1
2021-06-10 15:15:15.089,17121,17123,17122,1
2021-06-10 15:15:17.909,17122,17123,17123,3
2021-06-10 15:15:18.954,17122,17123,17122,1
2021-06-10 15:15:21.051,17120,17122,17122,1
2021-06-10 15:15:22.817,17120,17122,17122,8
2021-06-10 15:15:22.817,17120,17122,17122,3
2021-06-10 15:15:22.818,17120,17122,17122,2
2021-06-10 15:15:22.818,17120,17122,17122,20
2021-06-10 15:15:25.656,17121,17123,17122,1
2021-06-10 15:15:26.798,17121,17123,17123,1
2021-06-10 15:15:26.823,17121,17123,17123,15
2021-06-10 15:15:26.823,17121,17123,17123,2
2021-06-10 15:15:31.632,17123,17124,17123,1
2021-06-10 15:15:31.762,17122,17124,17122,1
2021-06-10 15:15:34.003,17123,17124,17124,1
2021-06-10 15:15:39.018,17124,17125,17123,1
2021-06-10 15:15:39.115,17123,17124,17123,1
2021-06-10 15:15:39.135,17123,17124,17122,1
2021-06-10 15:15:39.208,17122,17124,17122,1
2021-06-10 15:15:39.482,17122,17124,17123,1
2021-06-10 15:15:39.750,17122,17124,17122,3
2021-06-10 15:15:40.518,17122,17124,17123,1
2021-06-10 15:15:41.458,17122,17124,17122,1
2021-06-10 15:15:41.512,17122,17124,17122,1
2021-06-10 15:15:41.542,17122,17124,17124,1
2021-06-10 15:15:42.022,17122,17124,17122,2
2021-06-10 15:15:43.158,17122,17125,17125,1
2021-06-10 15:15:43.557,17123,17124,17124,1
2021-06-10 15:15:43.557,17123,17124,17125,1
2021-06-10 15:15:44.543,17122,17125,17122,1
2021-06-10 15:15:47.338,17123,17124,17124,1
2021-06-10 15:15:49.511,17123,17125,17125,1
2021-06-10 15:15:49.970,17124,17126,17126,1
2021-06-10 15:15:50.510,17123,17125,17125,1
2021-06-10 15:15:50.604,17123,17125,17125,1
2021-06-10 15:15:50.775,17123,17126,17123,1
2021-06-10 15:15:54.538,17124,17125,17125,1
2021-06-10 15:15:55.191,17124,17125,17124,1
2021-06-10 15:15:57.720,17123,17124,17124,1
2021-06-10 15:15:57.720,17123,17124,17125,1
2021-06-10 15:15:57.871,17123,17125,17125,1
2021-06-10 15:15:58.580,17123,17125,17123,6
2021-06-10 15:15:58.637,17123,17125,17122,1
2021-06-10 15:15:58.961,17122,17125,17122,1
2021-06-10 15:15:58.975,17122,17125,17122,1
2021-06-10 15:15:59.809,17123,17125,17125,3
2021-06-10 15:16:00.553,17123,17125,17124,1
2021-06-10 15:16:01.405,17123,17125,17123,1
2021-06-10 15:16:01.423,17123,17125,17123,1
2021-06-10 15:16:01.428,17123,17125,17123,1
2021-06-10 15:16:04.572,17123,17125,17123,1
2021-06-10 15:16:04.587,17123,17125,17122,1
2021-06-10 15:16:05.412,17122,17124,17122,6
2021-06-10 15:16:05.471,17122,17123,17122,2
2021-06-10 15:16:05.471,17122,17123,17121,6
2021-06-10 15:16:05.516,17122,17123,17121,8
2021-06-10 15:16:05.900,17121,17123,17121,1
2021-06-10 15:16:05.900,17121,17123,17120,15
2021-06-10 15:16:05.900,17121,17123,17119,15
2021-06-10 15:16:05.900,17121,17123,17118,1
2021-06-10 15:16:05.985,17118,17120,17118,5
2021-06-10 15:16:05.990,17118,17120,17118,1
2021-06-10 15:16:06.114,17118,17120,17118,1
2021-06-10 15:16:06.149,17118,17120,17118,2
2021-06-10 15:16:06.155,17118,17120,17118,1
2021-06-10 15:16:06.186,17118,17120,17118,1
2021-06-10 15:16:06.186,17118,17120,17117,2
2021-06-10 15:16:06.219,17118,17120,17118,1
2021-06-10 15:16:06.223,17118,17120,17117,1
2021-06-10 15:16:06.224,17118,17120,17117,1
2021-06-10 15:16:06.228,17118,17120,17117,1
2021-06-10 15:16:06.239,17118,17120,17117,1
2021-06-10 15:16:06.335,17117,17119,17120,1
2021-06-10 15:16:06.351,17117,17119,17118,3
2021-06-10 15:16:06.415,17117,17119,17120,1
2021-06-10 15:16:06.553,17118,17120,17120,2
2021-06-10 15:16:06.553,17118,17120,17121,3
2021-06-10 15:16:06.569,17118,17120,17119,1
2021-06-10 15:16:06.595,17118,17120,17118,1
2021-06-10 15:16:06.604,17118,17120,17118,1
2021-06-10 15:16:06.624,17118,17120,17118,1
2021-06-10 15:16:06.987,17119,17121,17119,1
2021-06-10 15:16:06.989,17119,17121,17118,1
2021-06-10 15:16:06.994,17119,17121,17118,1
2021-06-10 15:16:08.923,17121,17122,17122,1
2021-06-10 15:16:09.048,17121,17122,17121,1
2021-06-10 15:16:09.048,17121,17122,17121,1
2021-06-10 15:16:09.049,17121,17122,17120,1
2021-06-10 15:16:12.073,17120,17121,17121,1
2021-06-10 15:16:12.451,17120,17123,17120,1
2021-06-10 15:16:12.651,17120,17123,17120,1
2021-06-10 15:16:13.896,17122,17124,17123,3
2021-06-10 15:16:14.906,17122,17124,17123,1
2021-06-10 15:16:15.020,17122,17124,17124,1
2021-06-10 15:16:15.020,17122,17124,17124,1
2021-06-10 15:16:15.020,17122,17124,17124,3
2021-06-10 15:16:15.259,17124,17125,17125,1
2021-06-10 15:16:15.400,17124,17126,17124,1
2021-06-10 15:16:15.400,17124,17126,17123,2
2021-06-10 15:16:17.493,17123,17125,17123,8
2021-06-10 15:16:17.493,17123,17125,17122,2
2021-06-10 15:16:17.884,17123,17125,17123,1
2021-06-10 15:16:20.964,17123,17124,17124,1
2021-06-10 15:16:21.049,17123,17124,17123,1
2021-06-10 15:16:21.049,17123,17124,17122,1
2021-06-10 15:16:22.732,17123,17124,17123,1
2021-06-10 15:16:22.734,17123,17124,17123,1
2021-06-10 15:16:23.837,17123,17124,17124,1
2021-06-10 15:16:24.650,17123,17125,17125,1
2021-06-10 15:16:25.351,17123,17125,17125,1
2021-06-10 15:16:25.771,17123,17125,17123,2
2021-06-10 15:16:26.177,17123,17125,17125,1
2021-06-10 15:16:27.894,17123,17124,17124,1
2021-06-10 15:16:27.924,17123,17125,17123,1
2021-06-10 15:16:27.928,17123,17125,17123,1
2021-06-10 15:16:30.269,17123,17125,17125,1
2021-06-10 15:16:31.644,17123,17124,17124,1
2021-06-10 15:16:33.645,17124,17125,17124,1
2021-06-10 15:16:34.377,17123,17124,17124,1
2021-06-10 15:16:34.555,17123,17125,17124,1
2021-06-10 15:16:36.800,17123,17124,17124,1
2021-06-10 15:16:38.699,17124,17125,17124,2
2021-06-10 15:16:39.402,17124,17125,17124,1
2021-06-10 15:16:39.873,17123,17124,17124,1
2021-06-10 15:16:41.310,17123,17124,17123,1
2021-06-10 15:16:41.777,17123,17124,17124,1
2021-06-10 15:16:41.995,17123,17124,17124,1
2021-06-10 15:16:43.024,17124,17125,17124,1
2021-06-10 15:16:45.518,17123,17124,17124,1
2021-06-10 15:16:46.177,17123,17124,17123,1
2021-06-10 15:16:46.177,17123,17124,17123,1
2021-06-10 15:16:46.178,17123,17124,17123,1
2021-06-10 15:16:46.178,17123,17124,17123,2
2021-06-10 15:16:46.178,17123,17124,17123,4
2021-06-10 15:16:46.178,17123,17124,17123,6
2021-06-10 15:16:46.178,17123,17124,17123,3
2021-06-10 15:16:46.179,17123,17124,17123,1
2021-06-10 15:16:46.179,17123,17124,17123,1
2021-06-10 15:16:46.179,17123,17124,17123,1
2021-06-10 15:16:46.445,17122,17124,17122,1
2021-06-10 15:16:47.725,17122,17124,17124,4
2021-06-10 15:16:47.798,17123,17125,17123,1
2021-06-10 15:16:47.799,17123,17125,17123,1
2021-06-10 15:16:48.118,17123,17125,17123,1
2021-06-10 15:16:48.685,17122,17124,17124,1
2021-06-10 15:16:48.713,17122,17124,17123,2
2021-06-10 15:16:50.711,17122,17123,17123,1
2021-06-10 15:16:50.924,17123,17124,17123,1
2021-06-10 15:16:51.712,17123,17124,17124,1
2021-06-10 15:16:51.727,17123,17124,17124,1
2021-06-10 15:16:52.597,17123,17124,17123,1
2021-06-10 15:16:52.714,17123,17124,17124,1
2021-06-10 15:16:52.771,17123,17124,17124,1
2021-06-10 15:16:54.771,17123,17124,17124,1
2021-06-10 15:16:55.771,17123,17124,17124,2
2021-06-10 15:16:56.634,17123,17124,17123,5
2021-06-10 15:16:56.771,17122,17124,17124,3
2021-06-10 15:16:56.959,17123,17125,17123,3
2021-06-10 15:16:58.472,17122,17124,17123,1
2021-06-10 15:17:02.629,17123,17125,17124,1
2021-06-10 15:17:02.914,17123,17125,17123,6
2021-06-10 15:17:03.629,17123,17124,17123,1
2021-06-10 15:17:05.339,17123,17124,17124,1
2021-06-10 15:17:05.479,17123,17125,17123,1
2021-06-10 15:17:05.479,17123,17125,17123,1
2021-06-10 15:17:06.673,17122,17124,17122,1
2021-06-10 15:17:11.525,17122,17123,17123,1
2021-06-10 15:17:12.105,17122,17123,17123,1
2021-06-10 15:17:13.489,17122,17123,17122,1
2021-06-10 15:17:14.499,17122,17123,17122,2
2021-06-10 15:17:14.752,17122,17123,17122,1
2021-06-10 15:17:17.735,17122,17123,17122,2
2021-06-10 15:17:18.927,17122,17123,17122,2
2021-06-10 15:17:19.564,17122,17123,17123,1
2021-06-10 15:17:19.564,17122,17123,17123,2
2021-06-10 15:17:21.311,17123,17124,17123,1
2021-06-10 15:17:21.311,17123,17124,17123,1
2021-06-10 15:17:22.428,17122,17123,17123,1
2021-06-10 15:17:24.266,17122,17124,17122,1
2021-06-10 15:17:25.753,17122,17123,17123,1
2021-06-10 15:17:25.756,17122,17123,17123,1
2021-06-10 15:17:25.756,17122,17123,17123,1
2021-06-10 15:17:26.079,17122,17123,17122,2
2021-06-10 15:17:26.783,17122,17123,17123,2
2021-06-10 15:17:26.947,17122,17124,17122,2
2021-06-10 15:17:27.382,17122,17124,17123,1
2021-06-10 15:17:28.816,17122,17123,17123,1
2021-06-10 15:17:29.095,17122,17123,17122,1
2021-06-10 15:17:29.523,17122,17123,17122,2
2021-06-10 15:17:30.399,17122,17123,17122,2
2021-06-10 15:17:31.442,17122,17123,17122,2
2021-06-10 15:17:32.440,17122,17123,17122,2
2021-06-10 15:17:34.422,17122,17123,17122,1
2021-06-10 15:17:38.399,17121,17122,17121,2
2021-06-10 15:17:39.641,17121,17122,17121,2
2021-06-10 15:17:39.732,17121,17122,17122,2
2021-06-10 15:17:39.903,17121,17122,17121,1
2021-06-10 15:17:40.760,17121,17122,17121,1
2021-06-10 15:17:41.434,17121,17122,17121,1
2021-06-10 15:17:41.462,17121,17122,17121,1
2021-06-10 15:17:41.462,17121,17122,17121,5
2021-06-10 15:17:45.686,17120,17121,17120,2
2021-06-10 15:17:46.418,17120,17121,17121,1
2021-06-10 15:17:46.467,17120,17121,17121,2
2021-06-10 15:17:50.547,17121,17122,17121,5
2021-06-10 15:17:52.310,17120,17121,17121,1
2021-06-10 15:17:52.310,17120,17121,17121,1
2021-06-10 15:17:52.310,17120,17121,17121,2
2021-06-10 15:17:54.468,17120,17122,17122,5
2021-06-10 15:17:54.796,17122,17124,17122,1
2021-06-10 15:17:56.019,17122,17123,17123,1
2021-06-10 15:17:59.589,17122,17123,17122,1
2021-06-10 15:18:00.774,17122,17123,17123,1
2021-06-10 15:18:01.554,17122,17123,17122,4
2021-06-10 15:18:01.740,17122,17123,17122,4
2021-06-10 15:18:01.740,17122,17123,17121,1
2021-06-10 15:18:02.436,17121,17122,17122,1
2021-06-10 15:18:02.436,17121,17122,17123,1
2021-06-10 15:18:02.601,17121,17123,17123,1
2021-06-10 15:18:02.847,17121,17123,17121,2
2021-06-10 15:18:04.423,17122,17123,17122,2
2021-06-10 15:18:05.967,17121,17122,17121,1
2021-06-10 15:18:06.663,17121,17122,17122,1
2021-06-10 15:18:07.879,17122,17123,17122,1
2021-06-10 15:18:08.346,17122,17123,17123,1
2021-06-10 15:18:09.400,17123,17124,17123,1
2021-06-10 15:18:11.599,17122,17123,17122,2
2021-06-10 15:18:12.903,17122,17123,17122,1
2021-06-10 15:18:14.380,17121,17122,17121,1
2021-06-10 15:18:15.210,17121,17122,17122,1
2021-06-10 15:18:16.803,17121,17122,17121,2
2021-06-10 15:18:17.399,17121,17122,17122,1
2021-06-10 15:18:18.957,17121,17122,17122,1
2021-06-10 15:18:19.300,17121,17123,17121,2
2021-06-10 15:18:20.019,17121,17122,17121,2
2021-06-10 15:18:21.087,17120,17121,17120,2
2021-06-10 15:18:21.877,17120,17121,17121,1
2021-06-10 15:18:21.927,17120,17121,17121,1
2021-06-10 15:18:22.947,17120,17121,17120,2
2021-06-10 15:18:23.011,17120,17121,17121,1
2021-06-10 15:18:25.840,17121,17122,17121,1
2021-06-10 15:18:27.007,17121,17122,17122,1
2021-06-10 15:18:31.439,17121,17122,17121,2
2021-06-10 15:18:34.091,17121,17122,17121,1
2021-06-10 15:18:36.552,17121,17122,17122,1
2021-06-10 15:18:38.612,17121,17122,17122,3
2021-06-10 15:18:41.227,17122,17123,17122,1
2021-06-10 15:18:47.322,17122,17123,17122,1
2021-06-10 15:18:48.287,17121,17123,17121,1
2021-06-10 15:18:49.348,17121,17123,17122,1
2021-06-10 15:18:49.418,17121,17123,17123,1
2021-06-10 15:18:55.195,17122,17123,17123,3
2021-06-10 15:18:55.989,17122,17124,17123,1
2021-06-10 15:18:57.465,17122,17124,17124,1
2021-06-10 15:18:58.580,17123,17124,17123,1
2021-06-10 15:19:00.479,17123,17124,17124,1
2021-06-10 15:19:01.446,17123,17125,17125,2
2021-06-10 15:19:03.034,17124,17125,17125,3
2021-06-10 15:19:04.460,17124,17126,17124,1
2021-06-10 15:19:06.481,17124,17126,17126,3
2021-06-10 15:19:07.672,17125,17126,17125,2
2021-06-10 15:19:08.237,17124,17125,17124,1
2021-06-10 15:19:08.237,17124,17125,17124,2
2021-06-10 15:19:08.238,17124,17125,17124,4
2021-06-10 15:19:13.898,17124,17125,17125,1
2021-06-10 15:19:14.098,17124,17126,17124,3
2021-06-10 15:19:14.608,17124,17125,17125,1
2021-06-10 15:19:15.136,17124,17126,17124,1
2021-06-10 15:19:18.918,17125,17127,17127,2
2021-06-10 15:19:21.996,17125,17127,17126,1
2021-06-10 15:19:30.019,17126,17127,17126,1
2021-06-10 15:19:34.538,17125,17127,17127,6
2021-06-10 15:19:37.925,17127,17128,17128,1
2021-06-10 15:19:38.642,17127,17128,17128,1
2021-06-10 15:19:38.642,17127,17128,17128,1
2021-06-10 15:19:38.642,17127,17128,17128,5
2021-06-10 15:19:38.735,17128,17129,17128,1
2021-06-10 15:19:39.353,17127,17129,17128,1
2021-06-10 15:19:43.393,17128,17129,17128,1
2021-06-10 15:19:45.625,17128,17129,17128,1
2021-06-10 15:19:45.625,17128,17129,17128,1
2021-06-10 15:19:45.625,17128,17129,17128,1
2021-06-10 15:19:46.932,17127,17128,17128,1
2021-06-10 15:19:47.460,17127,17128,17128,1
2021-06-10 15:19:48.692,17127,17128,17128,1
2021-06-10 15:19:50.287,17127,17128,17128,3
2021-06-10 15:19:50.770,17127,17129,17128,1
2021-06-10 15:19:53.778,17127,17128,17128,1
2021-06-10 15:19:54.801,17127,17128,17127,4
2021-06-10 15:19:55.336,17127,17128,17128,1
2021-06-10 15:19:58.012,17127,17128,17127,1
2021-06-10 15:19:58.075,17127,17128,17128,1
2021-06-10 15:19:59.498,17127,17128,17127,1
2021-06-10 15:19:59.617,17127,17128,17128,1
2021-06-10 15:20:02.966,17128,17129,17129,1
2021-06-10 15:20:03.327,17128,17129,17129,1
2021-06-10 15:20:03.551,17128,17129,17129,3
2021-06-10 15:20:03.644,17128,17129,17129,2
2021-06-10 15:20:03.644,17128,17129,17130,1
2021-06-10 15:20:05.642,17128,17129,17128,2
2021-06-10 15:20:06.835,17127,17128,17128,1
2021-06-10 15:20:07.296,17127,17129,17129,1
2021-06-10 15:20:07.307,17127,17129,17129,1
2021-06-10 15:20:07.318,17127,17129,17129,1
2021-06-10 15:20:09.402,17128,17129,17129,1
2021-06-10 15:20:09.529,17128,17129,17129,2
2021-06-10 15:20:10.305,17128,17129,17129,1
2021-06-10 15:20:10.612,17128,17129,17129,1
2021-06-10 15:20:15.130,17128,17129,17128,10
2021-06-10 15:20:15.197,17127,17128,17128,1
2021-06-10 15:20:15.621,17127,17128,17128,1
2021-06-10 15:20:17.035,17127,17128,17128,1
2021-06-10 15:20:19.974,17128,17129,17128,1
2021-06-10 15:20:20.396,17127,17129,17129,1
2021-06-10 15:20:20.396,17127,17129,17129,2
2021-06-10 15:20:20.401,17127,17129,17130,1
2021-06-10 15:20:20.971,17128,17130,17129,1
2021-06-10 15:20:25.355,17128,17129,17128,5
2021-06-10 15:20:27.051,17127,17129,17129,5
2021-06-10 15:20:27.053,17127,17129,17129,10
2021-06-10 15:20:31.835,17127,17129,17129,1
2021-06-10 15:20:35.831,17129,17130,17130,2
2021-06-10 15:20:35.831,17129,17130,17130,4
2021-06-10 15:20:35.832,17129,17130,17130,4
2021-06-10 15:20:37.109,17130,17131,17130,1
2021-06-10 15:20:40.837,17129,17131,17131,1
2021-06-10 15:20:42.250,17130,17131,17130,1
2021-06-10 15:20:43.690,17130,17131,17131,1
2021-06-10 15:20:43.911,17130,17131,17131,1
2021-06-10 15:20:44.465,17130,17131,17131,1
2021-06-10 15:20:44.465,17130,17131,17132,3
2021-06-10 15:20:44.531,17130,17131,17131,1
2021-06-10 15:20:44.540,17130,17131,17131,1
2021-06-10 15:20:45.172,17130,17131,17130,4
2021-06-10 15:20:46.663,17129,17130,17130,1
2021-06-10 15:20:47.760,17130,17131,17131,1
2021-06-10 15:20:48.585,17130,17131,17131,1
2021-06-10 15:20:48.585,17130,17131,17132,7
2021-06-10 15:20:48.585,17130,17131,17133,16
2021-06-10 15:20:48.587,17130,17131,17133,1
2021-06-10 15:20:48.587,17130,17131,17133,5
2021-06-10 15:20:48.587,17130,17131,17133,1
2021-06-10 15:20:48.587,17130,17131,17133,1
2021-06-10 15:20:48.587,17130,17131,17133,1
2021-06-10 15:20:48.587,17130,17131,17133,1
2021-06-10 15:20:48.589,17130,17131,17132,1
2021-06-10 15:20:48.764,17131,17133,17131,2
2021-06-10 15:20:49.061,17130,17132,17131,1
2021-06-10 15:20:49.375,17130,17132,17131,1
2021-06-10 15:20:49.380,17130,17132,17132,1
2021-06-10 15:20:50.491,17131,17132,17131,2
2021-06-10 15:20:53.951,17130,17131,17131,1
2021-06-10 15:20:56.044,17130,17131,17131,3
2021-06-10 15:20:56.781,17130,17131,17131,2
2021-06-10 15:20:56.783,17130,17131,17131,3
2021-06-10 15:20:57.353,17130,17131,17131,1
2021-06-10 15:21:02.015,17130,17132,17131,1
2021-06-10 15:21:02.245,17130,17131,17131,1
2021-06-10 15:21:02.291,17130,17131,17130,3
2021-06-10 15:21:02.611,17130,17131,17131,1
2021-06-10 15:21:02.691,17130,17131,17130,1
2021-06-10 15:21:02.797,17130,17131,17130,8
2021-06-10 15:21:02.797,17130,17131,17130,11
2021-06-10 15:21:05.603,17129,17130,17129,7
2021-06-10 15:21:05.694,17128,17129,17129,1
2021-06-10 15:21:06.086,17128,17130,17129,1
2021-06-10 15:21:06.279,17128,17130,17129,1
2021-06-10 15:21:06.713,17128,17130,17129,1
2021-06-10 15:21:07.994,17128,17130,17130,3
2021-06-10 15:21:07.995,17128,17130,17130,1
2021-06-10 15:21:07.996,17128,17130,17130,8
2021-06-10 15:21:15.494,17129,17130,17130,2
2021-06-10 15:21:17.724,17130,17131,17131,1
2021-06-10 15:21:18.058,17130,17132,17132,1
2021-06-10 15:21:18.605,17130,17132,17130,1
2021-06-10 15:21:21.119,17131,17132,17131,1
2021-06-10 15:21:22.152,17130,17131,17130,1
2021-06-10 15:21:22.471,17130,17131,17131,2
2021-06-10 15:21:23.241,17131,17132,17131,1
2021-06-10 15:21:27.050,17130,17131,17131,1
2021-06-10 15:21:30.265,17130,17131,17131,1
2021-06-10 15:21:30.955,17130,17131,17131,2
2021-06-10 15:21:35.351,17131,17132,17131,1
2021-06-10 15:21:42.826,17131,17132,17132,1
2021-06-10 15:21:42.827,17131,17132,17132,1
2021-06-10 15:21:42.827,17131,17132,17132,2
2021-06-10 15:21:42.830,17131,17132,17133,1
2021-06-10 15:21:42.831,17131,17132,17133,1
2021-06-10 15:21:42.892,17131,17132,17134,1
2021-06-10 15:21:42.892,17131,17132,17134,2
2021-06-10 15:21:42.892,17131,17132,17134,1
2021-06-10 15:21:42.892,17131,17132,17134,4
2021-06-10 15:21:43.721,17134,17135,17134,1
2021-06-10 15:21:44.121,17133,17135,17133,1
2021-06-10 15:21:46.428,17133,17135,17135,1
2021-06-10 15:21:46.484,17133,17135,17135,2
2021-06-10 15:21:46.591,17133,17135,17135,1
2021-06-10 15:21:46.595,17133,17135,17135,1
2021-06-10 15:21:47.795,17133,17135,17135,2
2021-06-10 15:21:48.185,17133,17135,17135,1
2021-06-10 15:21:49.060,17133,17135,17135,1
2021-06-10 15:21:49.081,17133,17135,17135,1
2021-06-10 15:21:50.877,17134,17135,17135,2
2021-06-10 15:21:50.945,17134,17135,17135,1
2021-06-10 15:21:50.945,17134,17135,17135,1
2021-06-10 15:21:50.945,17134,17135,17135,1
2021-06-10 15:21:51.558,17135,17136,17136,1
2021-06-10 15:21:51.624,17135,17136,17136,5
2021-06-10 15:21:51.624,17135,17136,17136,1
2021-06-10 15:21:52.359,17135,17137,17137,1
2021-06-10 15:21:52.798,17135,17137,17137,2
2021-06-10 15:21:52.894,17135,17137,17135,2
2021-06-10 15:21:54.803,17135,17136,17136,1
2021-06-10 15:21:55.707,17135,17137,17135,5
2021-06-10 15:21:56.245,17135,17136,17135,1
2021-06-10 15:21:58.726,17135,17136,17135,2
2021-06-10 15:21:59.125,17135,17136,17135,1
2021-06-10 15:21:59.438,17134,17136,17135,1
2021-06-10 15:21:59.622,17134,17136,17134,1
2021-06-10 15:22:00.529,17134,17135,17135,1
2021-06-10 15:22:00.679,17134,17135,17135,1
2021-06-10 15:22:01.678,17134,17135,17135,1
2021-06-10 15:22:01.997,17134,17135,17134,1
2021-06-10 15:22:02.942,17134,17135,17135,1
2021-06-10 15:22:03.193,17134,17135,17135,1
2021-06-10 15:22:04.719,17134,17136,17136,4
2021-06-10 15:22:04.720,17134,17136,17136,3
2021-06-10 15:22:05.840,17135,17136,17135,1
2021-06-10 15:22:05.841,17135,17136,17135,1
2021-06-10 15:22:07.090,17134,17136,17136,1
2021-06-10 15:22:07.825,17134,17136,17136,1
2021-06-10 15:22:08.780,17134,17136,17135,1
2021-06-10 15:22:09.528,17135,17136,17135,1
2021-06-10 15:22:09.629,17134,17135,17135,1
2021-06-10 15:22:10.428,17134,17136,17134,1
2021-06-10 15:22:11.219,17134,17135,17134,1
2021-06-10 15:22:11.286,17134,17135,17135,1
2021-06-10 15:22:11.287,17134,17135,17134,1
2021-06-10 15:22:14.618,17134,17135,17134,1
2021-06-10 15:22:16.645,17133,17134,17134,1
2021-06-10 15:22:17.294,17134,17135,17135,1
2021-06-10 15:22:17.851,17134,17135,17134,1
2021-06-10 15:22:17.958,17133,17135,17134,1
2021-06-10 15:22:22.044,17133,17134,17134,1
2021-06-10 15:22:23.809,17133,17134,17133,5
2021-06-10 15:22:23.810,17133,17134,17133,3
2021-06-10 15:22:28.360,17132,17134,17132,1
2021-06-10 15:22:30.036,17133,17134,17133,1
2021-06-10 15:22:32.038,17133,17134,17133,1
2021-06-10 15:22:33.571,17133,17134,17133,1
2021-06-10 15:22:35.010,17133,17134,17134,1
2021-06-10 15:22:35.247,17133,17134,17134,1
2021-06-10 15:22:36.440,17133,17134,17133,1
2021-06-10 15:22:41.600,17133,17134,17133,1
2021-06-10 15:22:43.695,17133,17134,17133,2
2021-06-10 15:22:51.164,17132,17133,17132,1
2021-06-10 15:22:53.794,17132,17133,17133,4
2021-06-10 15:22:54.084,17133,17134,17133,1
2021-06-10 15:23:00.728,17132,17133,17132,1
2021-06-10 15:23:00.886,17132,17133,17133,1
2021-06-10 15:23:00.886,17132,17133,17133,1
2021-06-10 15:23:00.886,17132,17133,17133,1
2021-06-10 15:23:06.858,17132,17133,17132,2
2021-06-10 15:23:08.015,17132,17133,17132,2
2021-06-10 15:23:08.848,17132,17133,17133,1
2021-06-10 15:23:10.294,17132,17133,17132,1
2021-06-10 15:23:10.295,17132,17133,17132,27
2021-06-10 15:23:10.295,17132,17133,17132,7
2021-06-10 15:23:10.295,17132,17133,17132,4
2021-06-10 15:23:10.295,17132,17133,17132,1
2021-06-10 15:23:10.296,17132,17133,17131,1
2021-06-10 15:23:10.296,17131,17132,17131,1
2021-06-10 15:23:10.296,17131,17132,17131,1
2021-06-10 15:23:10.616,17130,17131,17130,1
2021-06-10 15:23:11.093,17130,17131,17130,2
2021-06-10 15:23:11.612,17130,17131,17130,1
2021-06-10 15:23:12.631,17131,17132,17131,1
2021-06-10 15:23:17.335,17131,17132,17131,1
2021-06-10 15:23:17.335,17131,17132,17130,1
2021-06-10 15:23:18.228,17130,17132,17130,5
2021-06-10 15:23:19.512,17130,17131,17130,3
2021-06-10 15:23:19.859,17129,17130,17129,1
2021-06-10 15:23:20.021,17129,17130,17130,1
2021-06-10 15:23:20.031,17129,17130,17130,1
2021-06-10 15:23:21.131,17129,17130,17130,2
2021-06-10 15:23:22.055,17130,17131,17130,1
2021-06-10 15:23:28.701,17129,17130,17130,2
2021-06-10 15:23:34.183,17129,17130,17130,3
2021-06-10 15:23:34.254,17129,17130,17130,1
2021-06-10 15:23:34.456,17130,17131,17130,3
2021-06-10 15:23:34.517,17130,17131,17130,1
2021-06-10 15:23:38.693,17129,17130,17129,1
2021-06-10 15:23:39.403,17129,17130,17130,1
2021-06-10 15:23:40.253,17129,17131,17129,1
2021-06-10 15:23:43.750,17129,17130,17130,1
2021-06-10 15:23:43.761,17129,17130,17129,1
2021-06-10 15:23:48.323,17130,17131,17130,1
2021-06-10 15:23:51.737,17130,17131,17130,1
2021-06-10 15:23:55.204,17130,17131,17131,2
2021-06-10 15:23:58.108,17130,17131,17131,1
2021-06-10 15:23:58.172,17130,17131,17131,4
2021-06-10 15:23:58.500,17130,17132,17130,1
2021-06-10 15:23:58.951,17130,17132,17130,1
2021-06-10 15:24:00.671,17130,17131,17130,1
2021-06-10 15:24:00.672,17130,17131,17130,4
2021-06-10 15:24:05.640,17129,17130,17130,2
2021-06-10 15:24:14.818,17129,17130,17129,1
2021-06-10 15:24:14.819,17129,17130,17129,1
2021-06-10 15:24:14.819,17129,17130,17129,2
2021-06-10 15:24:15.996,17128,17130,17128,3
2021-06-10 15:24:17.202,17128,17129,17129,1
2021-06-10 15:24:17.365,17128,17129,17129,1
2021-06-10 15:24:21.062,17129,17130,17129,1
2021-06-10 15:24:24.819,17128,17129,17129,1
2021-06-10 15:24:26.392,17128,17129,17129,1
2021-06-10 15:24:28.367,17129,17130,17129,1
2021-06-10 15:24:29.923,17129,17130,17130,1
2021-06-10 15:24:29.923,17129,17130,17130,1
2021-06-10 15:24:29.923,17129,17130,17130,3
2021-06-10 15:24:31.975,17130,17131,17130,1
2021-06-10 15:24:32.172,17129,17130,17130,1
2021-06-10 15:24:34.033,17129,17130,17129,2
2021-06-10 15:24:34.884,17128,17130,17130,2
2021-06-10 15:24:38.507,17128,17129,17129,1
2021-06-10 15:24:38.647,17128,17129,17128,2
2021-06-10 15:24:41.596,17128,17129,17128,2
2021-06-10 15:24:42.811,17128,17129,17128,2
2021-06-10 15:24:45.355,17128,17129,17128,2
2021-06-10 15:24:47.234,17128,17129,17128,1
2021-06-10 15:24:53.707,17128,17129,17128,1
2021-06-10 15:24:55.522,17128,17129,17128,3
2021-06-10 15:24:55.522,17128,17129,17128,5
2021-06-10 15:24:55.522,17128,17129,17128,1
2021-06-10 15:24:59.608,17127,17129,17127,2
2021-06-10 15:25:04.891,17127,17129,17127,1
2021-06-10 15:25:06.520,17126,17127,17127,2
2021-06-10 15:25:07.544,17127,17128,17127,2
2021-06-10 15:25:09.366,17127,17128,17128,1
2021-06-10 15:25:09.366,17127,17128,17128,1
2021-06-10 15:25:09.367,17127,17128,17128,1
2021-06-10 15:25:10.425,17128,17129,17128,2
2021-06-10 15:25:12.385,17127,17130,17127,1
2021-06-10 15:25:15.850,17128,17130,17128,2
2021-06-10 15:25:17.172,17128,17129,17129,1
2021-06-10 15:25:17.594,17129,17130,17130,1
2021-06-10 15:25:17.594,17129,17130,17130,1
2021-06-10 15:25:17.594,17129,17130,17130,1
2021-06-10 15:25:17.594,17129,17130,17130,2
2021-06-10 15:25:17.594,17129,17130,17130,3
2021-06-10 15:25:22.220,17130,17131,17130,1
2021-06-10 15:25:23.172,17130,17131,17131,1
2021-06-10 15:25:25.120,17130,17132,17130,2
2021-06-10 15:25:39.805,17130,17131,17130,1
2021-06-10 15:25:39.806,17130,17131,17130,1
2021-06-10 15:25:41.967,17129,17130,17129,1
2021-06-10 15:25:41.967,17129,17130,17129,1
2021-06-10 15:25:41.967,17129,17130,17129,1
2021-06-10 15:25:42.293,17128,17129,17128,3
2021-06-10 15:25:43.379,17127,17129,17129,1
2021-06-10 15:25:45.199,17128,17130,17128,1
2021-06-10 15:25:46.292,17128,17130,17130,1
2021-06-10 15:25:48.947,17128,17130,17128,1
2021-06-10 15:25:50.840,17129,17130,17129,1
2021-06-10 15:25:54.712,17128,17129,17129,1
2021-06-10 15:25:59.927,17128,17129,17129,2
2021-06-10 15:26:13.059,17129,17130,17129,1
2021-06-10 15:26:15.283,17129,17130,17129,1
2021-06-10 15:26:24.368,17129,17130,17130,1
2021-06-10 15:26:24.592,17129,17130,17130,1
2021-06-10 15:26:26.365,17129,17130,17130,9
2021-06-10 15:26:26.916,17129,17131,17129,1
2021-06-10 15:26:41.423,17130,17131,17131,1
2021-06-10 15:26:44.797,17131,17132,17132,5
2021-06-10 15:26:44.797,17131,17132,17132,2
2021-06-10 15:26:45.917,17131,17133,17131,1
2021-06-10 15:26:46.013,17131,17133,17131,2
2021-06-10 15:26:46.128,17130,17132,17130,2
2021-06-10 15:26:46.192,17130,17132,17130,2
2021-06-10 15:26:46.353,17130,17132,17130,1
2021-06-10 15:26:46.478,17130,17132,17130,1
2021-06-10 15:26:46.514,17130,17132,17130,1
2021-06-10 15:26:47.072,17129,17131,17129,5
2021-06-10 15:26:47.185,17129,17130,17129,1
2021-06-10 15:26:47.298,17129,17131,17129,2
2021-06-10 15:26:48.375,17129,17130,17129,1
2021-06-10 15:26:48.979,17128,17130,17129,1
2021-06-10 15:26:50.661,17128,17129,17129,1
2021-06-10 15:27:01.946,17129,17130,17129,7
2021-06-10 15:27:01.946,17129,17130,17129,2
2021-06-10 15:27:01.946,17129,17130,17129,2
2021-06-10 15:27:01.946,17129,17130,17129,1
2021-06-10 15:27:01.946,17129,17130,17129,1
2021-06-10 15:27:01.948,17129,17130,17128,1
2021-06-10 15:27:01.948,17129,17130,17128,1
2021-06-10 15:27:01.948,17129,17130,17128,3
2021-06-10 15:27:01.948,17129,17130,17128,1
2021-06-10 15:27:01.948,17129,17130,17128,1
2021-06-10 15:27:01.949,17129,17130,17127,1
2021-06-10 15:27:01.949,17129,17130,17127,1
2021-06-10 15:27:02.042,17129,17130,17128,1
2021-06-10 15:27:02.042,17129,17130,17127,1
2021-06-10 15:27:02.043,17129,17130,17127,1
2021-06-10 15:27:02.064,17126,17129,17126,1
2021-06-10 15:27:02.118,17126,17129,17126,1
2021-06-10 15:27:02.189,17126,17128,17128,1
2021-06-10 15:27:02.223,17126,17128,17127,1
2021-06-10 15:27:02.396,17127,17129,17129,2
2021-06-10 15:27:02.396,17127,17129,17129,1
2021-06-10 15:27:02.397,17127,17129,17129,1
2021-06-10 15:27:02.397,17127,17129,17129,1
2021-06-10 15:27:02.441,17128,17130,17128,4
2021-06-10 15:27:02.441,17128,17130,17127,4
2021-06-10 15:27:02.571,17127,17128,17128,1
2021-06-10 15:27:02.623,17127,17128,17127,2
2021-06-10 15:27:02.735,17127,17128,17127,2
2021-06-10 15:27:02.776,17127,17128,17128,1
2021-06-10 15:27:03.251,17127,17128,17128,7
2021-06-10 15:27:03.296,17127,17128,17128,1
2021-06-10 15:27:03.425,17128,17130,17130,1
2021-06-10 15:27:11.284,17129,17130,17130,2
2021-06-10 15:27:11.285,17129,17130,17130,2
2021-06-10 15:27:19.618,17130,17131,17130,1
2021-06-10 15:27:24.957,17130,17131,17130,1
2021-06-10 15:27:25.127,17128,17130,17128,2
2021-06-10 15:27:25.143,17128,17130,17128,1
2021-06-10 15:27:25.622,17128,17130,17130,1
2021-06-10 15:27:25.777,17128,17130,17129,1
2021-06-10 15:27:33.502,17129,17131,17129,1
2021-06-10 15:27:35.766,17129,17131,17130,1
2021-06-10 15:27:41.103,17129,17131,17129,1
2021-06-10 15:27:41.347,17129,17131,17129,1
2021-06-10 15:27:51.656,17130,17131,17130,1
2021-06-10 15:27:51.808,17130,17131,17130,1
2021-06-10 15:28:04.024,17130,17131,17130,1
2021-06-10 15:28:04.044,17130,17131,17130,2
2021-06-10 15:28:04.572,17130,17131,17130,1
2021-06-10 15:28:08.116,17130,17131,17131,2
2021-06-10 15:28:14.028,17131,17132,17131,1
2021-06-10 15:28:16.726,17131,17132,17132,5
2021-06-10 15:28:18.134,17132,17133,17132,1
2021-06-10 15:28:23.782,17132,17133,17133,3
2021-06-10 15:28:23.782,17132,17133,17133,1
2021-06-10 15:28:26.634,17133,17134,17134,1
2021-06-10 15:28:27.925,17133,17135,17135,1
2021-06-10 15:28:30.243,17134,17135,17134,1
2021-06-10 15:28:31.185,17133,17135,17135,1
2021-06-10 15:28:31.241,17133,17135,17135,1
2021-06-10 15:28:34.750,17133,17135,17133,1
2021-06-10 15:28:35.693,17133,17135,17134,1
2021-06-10 15:28:41.138,17133,17134,17133,4
2021-06-10 15:28:41.551,17132,17133,17132,1
2021-06-10 15:28:41.903,17131,17133,17133,3
2021-06-10 15:28:41.904,17131,17133,17133,1
2021-06-10 15:28:43.808,17131,17132,17132,1
2021-06-10 15:28:46.243,17131,17132,17131,6
2021-06-10 15:28:48.735,17130,17132,17132,1
2021-06-10 15:28:52.001,17130,17131,17131,1
2021-06-10 15:28:52.002,17130,17131,17131,4
2021-06-10 15:28:52.833,17130,17131,17131,1
2021-06-10 15:28:53.905,17130,17131,17130,3
2021-06-10 15:28:53.905,17130,17131,17130,3
2021-06-10 15:28:53.906,17130,17131,17129,1
2021-06-10 15:28:53.923,17129,17130,17129,1
2021-06-10 15:28:53.923,17129,17130,17129,1
2021-06-10 15:28:53.923,17129,17130,17129,4
2021-06-10 15:28:53.924,17129,17130,17129,1
2021-06-10 15:28:53.924,17129,17130,17128,1
2021-06-10 15:28:54.014,17129,17130,17130,2
2021-06-10 15:28:54.129,17128,17130,17128,1
2021-06-10 15:28:54.167,17128,17130,17128,2
2021-06-10 15:28:54.425,17128,17130,17128,4
2021-06-10 15:28:54.511,17128,17130,17127,1
2021-06-10 15:28:54.593,17127,17129,17127,1
2021-06-10 15:28:54.875,17127,17129,17127,2
2021-06-10 15:28:57.049,17128,17129,17129,1
2021-06-10 15:28:57.069,17128,17129,17131,1
2021-06-10 15:28:57.374,17129,17131,17129,1
2021-06-10 15:28:58.421,17129,17130,17130,1
2021-06-10 15:29:00.498,17129,17131,17129,2
2021-06-10 15:29:00.950,17128,17130,17128,2
2021-06-10 15:29:10.120,17128,17130,17130,1
2021-06-10 15:29:12.713,17128,17130,17130,1
2021-06-10 15:29:17.430,17129,17131,17129,2
2021-06-10 15:29:22.539,17129,17130,17129,1
2021-06-10 15:29:22.694,17129,17130,17130,1
2021-06-10 15:29:23.195,17129,17131,17129,2
2021-06-10 15:29:25.103,17128,17131,17128,1
2021-06-10 15:29:25.204,17129,17131,17129,1
2021-06-10 15:29:28.230,17128,17129,17129,1
2021-06-10 15:29:34.960,17129,17130,17130,1
2021-06-10 15:29:45.689,17130,17131,17130,1
2021-06-10 15:29:45.974,17129,17131,17129,2
2021-06-10 15:29:45.974,17129,17131,17128,1
2021-06-10 15:29:50.214,17128,17129,17129,1
2021-06-10 15:29:59.175,17128,17130,17128,1
2021-06-10 15:30:01.067,17128,17129,17128,1
2021-06-10 15:30:01.489,17128,17129,17129,1
2021-06-10 15:30:01.489,17128,17129,17130,1
2021-06-10 15:30:01.490,17128,17129,17130,1
2021-06-10 15:30:01.490,17128,17129,17130,2
2021-06-10 15:30:01.492,17128,17129,17130,1
2021-06-10 15:30:01.492,17128,17129,17131,1
2021-06-10 15:30:01.544,17128,17129,17131,2
2021-06-10 15:30:01.553,17129,17131,17129,2
2021-06-10 15:30:01.630,17129,17131,17131,1
2021-06-10 15:30:01.637,17129,17131,17129,2
2021-06-10 15:30:01.688,17128,17131,17131,2
2021-06-10 15:30:01.693,17128,17131,17131,2
2021-06-10 15:30:01.876,17129,17131,17131,1
2021-06-10 15:30:06.260,17129,17130,17129,1
2021-06-10 15:30:09.094,17128,17130,17130,1
2021-06-10 15:30:09.094,17128,17130,17131,1
2021-06-10 15:30:09.575,17129,17130,17130,1
2021-06-10 15:30:09.808,17130,17131,17130,1
2021-06-10 15:30:09.838,17130,17131,17129,1
2021-06-10 15:30:11.608,17129,17131,17129,2
2021-06-10 15:30:15.543,17129,17130,17130,1
2021-06-10 15:30:19.502,17129,17130,17129,2
2021-06-10 15:30:20.701,17128,17130,17128,1
2021-06-10 15:30:20.766,17128,17130,17128,4
2021-06-10 15:30:20.766,17128,17130,17128,4
2021-06-10 15:30:20.823,17127,17129,17127,1
2021-06-10 15:30:20.867,17127,17129,17127,1
2021-06-10 15:30:21.117,17127,17129,17129,4
2021-06-10 15:30:22.370,17127,17129,17129,1
2021-06-10 15:30:25.392,17128,17129,17128,2
2021-06-10 15:30:29.884,17128,17129,17128,2
2021-06-10 15:30:29.962,17127,17129,17129,3
2021-06-10 15:30:30.096,17127,17129,17127,3
2021-06-10 15:30:34.422,17127,17129,17127,2
2021-06-10 15:30:35.069,17127,17129,17129,1
2021-06-10 15:30:39.409,17127,17129,17127,1
2021-06-10 15:30:51.451,17127,17128,17127,2
2021-06-10 15:30:52.160,17127,17128,17127,1
2021-06-10 15:31:01.047,17127,17128,17127,5
2021-06-10 15:31:01.068,17127,17128,17126,1
2021-06-10 15:31:03.867,17126,17128,17128,1
2021-06-10 15:31:03.867,17126,17128,17128,1
2021-06-10 15:31:03.867,17126,17128,17128,1
2021-06-10 15:31:03.870,17126,17128,17129,1
2021-06-10 15:31:03.871,17126,17128,17129,1
2021-06-10 15:31:04.056,17128,17129,17128,2
2021-06-10 15:31:05.243,17127,17128,17128,1
2021-06-10 15:31:06.210,17128,17129,17129,1
2021-06-10 15:31:07.955,17129,17130,17130,1
2021-06-10 15:31:09.715,17130,17131,17131,2
2021-06-10 15:31:11.011,17130,17131,17131,1
2021-06-10 15:31:11.012,17130,17131,17131,3
2021-06-10 15:31:11.012,17130,17131,17131,1
2021-06-10 15:31:11.163,17131,17132,17131,2
2021-06-10 15:31:11.380,17131,17132,17131,1
2021-06-10 15:31:11.789,17130,17132,17130,5
2021-06-10 15:31:13.123,17129,17131,17129,1
2021-06-10 15:31:13.333,17128,17131,17128,1
2021-06-10 15:31:13.745,17128,17130,17128,1
2021-06-10 15:31:14.156,17128,17130,17128,3
2021-06-10 15:31:16.213,17127,17129,17129,1
2021-06-10 15:31:17.309,17128,17130,17130,4
2021-06-10 15:31:17.310,17128,17130,17130,1
2021-06-10 15:31:24.441,17129,17131,17131,1
2021-06-10 15:31:30.597,17131,17132,17131,1
2021-06-10 15:31:30.983,17130,17132,17130,1
2021-06-10 15:31:33.734,17129,17131,17129,1
2021-06-10 15:31:35.378,17130,17131,17130,1
2021-06-10 15:31:48.279,17130,17131,17130,1
2021-06-10 15:31:48.513,17129,17131,17129,3
2021-06-10 15:31:59.349,17129,17130,17130,2
2021-06-10 15:31:59.349,17129,17130,17130,2
2021-06-10 15:32:02.357,17130,17132,17132,1
2021-06-10 15:32:02.358,17130,17132,17132,6
2021-06-10 15:32:02.422,17131,17133,17133,5
2021-06-10 15:32:02.580,17132,17134,17132,1
2021-06-10 15:32:03.021,17131,17133,17133,1
2021-06-10 15:32:03.896,17131,17133,17131,1
2021-06-10 15:32:08.867,17132,17133,17133,1
2021-06-10 15:32:09.174,17132,17133,17132,2
2021-06-10 15:32:12.011,17131,17133,17131,1
2021-06-10 15:32:13.367,17132,17133,17132,1
2021-06-10 15:32:13.882,17132,17133,17133,1
2021-06-10 15:32:13.882,17132,17133,17133,1
2021-06-10 15:32:14.444,17132,17134,17132,2
2021-06-10 15:32:15.431,17132,17134,17132,1
2021-06-10 15:32:15.606,17131,17132,17132,1
2021-06-10 15:32:15.922,17131,17132,17131,1
2021-06-10 15:32:16.861,17131,17132,17132,1
2021-06-10 15:32:17.514,17131,17132,17132,1
2021-06-10 15:32:20.566,17131,17133,17133,1
2021-06-10 15:32:20.584,17131,17133,17133,1
2021-06-10 15:32:21.875,17132,17133,17132,1
2021-06-10 15:32:23.136,17132,17133,17133,2
2021-06-10 15:32:23.375,17132,17134,17132,3
2021-06-10 15:32:30.486,17131,17133,17133,2
2021-06-10 15:32:40.623,17133,17134,17134,1
2021-06-10 15:32:40.624,17133,17134,17134,3
2021-06-10 15:32:47.384,17133,17134,17134,1
2021-06-10 15:32:49.977,17133,17134,17133,1
2021-06-10 15:32:49.977,17133,17134,17133,6
2021-06-10 15:32:49.977,17133,17134,17133,1
2021-06-10 15:32:49.977,17133,17134,17133,1
2021-06-10 15:32:49.977,17133,17134,17133,3
2021-06-10 15:32:50.111,17132,17133,17133,1
2021-06-10 15:32:50.242,17132,17133,17132,1
2021-06-10 15:32:56.771,17132,17134,17133,1
2021-06-10 15:32:58.177,17132,17133,17132,1
2021-06-10 15:32:58.386,17132,17133,17132,1
2021-06-10 15:33:00.705,17132,17133,17132,4
2021-06-10 15:33:03.016,17131,17132,17132,1
2021-06-10 15:33:08.426,17131,17132,17131,1
2021-06-10 15:33:10.948,17130,17131,17130,1
2021-06-10 15:33:14.387,17130,17131,17131,1
2021-06-10 15:33:15.113,17131,17133,17133,2
2021-06-10 15:33:16.172,17131,17133,17133,1
2021-06-10 15:33:16.250,17131,17133,17131,1
2021-06-10 15:33:18.380,17130,17132,17130,1
2021-06-10 15:33:18.744,17130,17132,17130,1
2021-06-10 15:33:19.501,17130,17132,17130,1
2021-06-10 15:33:41.190,17131,17132,17131,1
2021-06-10 15:33:55.220,17131,17132,17132,1
2021-06-10 15:34:07.030,17130,17131,17130,8
2021-06-10 15:34:11.203,17129,17130,17129,1
2021-06-10 15:34:11.653,17128,17130,17128,7
2021-06-10 15:34:12.804,17127,17129,17129,5
2021-06-10 15:34:13.101,17128,17130,17128,3
2021-06-10 15:34:13.102,17128,17130,17128,2
2021-06-10 15:34:20.641,17128,17130,17128,2
2021-06-10 15:34:21.592,17127,17130,17130,1
2021-06-10 15:34:22.317,17128,17130,17130,2
2021-06-10 15:34:25.434,17128,17130,17128,4
2021-06-10 15:34:35.609,17128,17129,17128,1
2021-06-10 15:34:35.707,17128,17129,17128,1
2021-06-10 15:34:35.708,17128,17129,17127,3
2021-06-10 15:34:35.797,17127,17128,17127,8
2021-06-10 15:34:46.365,17127,17128,17128,1
2021-06-10 15:34:46.366,17127,17128,17128,3
2021-06-10 15:34:46.366,17127,17128,17128,2
2021-06-10 15:34:52.157,17127,17129,17129,1
2021-06-10 15:34:57.600,17128,17129,17128,1
2021-06-10 15:34:59.518,17128,17129,17128,1
2021-06-10 15:34:59.519,17128,17129,17128,1
2021-06-10 15:35:00.203,17128,17129,17128,1
2021-06-10 15:35:00.336,17127,17128,17127,1
2021-06-10 15:35:02.005,17126,17127,17126,5
2021-06-10 15:35:02.105,17126,17127,17126,3
2021-06-10 15:35:02.105,17126,17127,17125,1
2021-06-10 15:35:02.450,17125,17127,17125,1
2021-06-10 15:35:03.726,17125,17127,17125,1
2021-06-10 15:35:09.189,17126,17127,17127,1
2021-06-10 15:35:16.572,17126,17127,17127,1
2021-06-10 15:35:17.408,17126,17128,17126,1
2021-06-10 15:35:27.486,17126,17128,17126,8
2021-06-10 15:35:34.008,17125,17126,17125,2
2021-06-10 15:35:34.173,17125,17126,17125,2
2021-06-10 15:35:34.225,17125,17126,17125,3
2021-06-10 15:35:39.831,17125,17126,17126,1
2021-06-10 15:35:42.488,17125,17126,17126,1
2021-06-10 15:35:46.084,17126,17127,17126,2
2021-06-10 15:35:47.240,17125,17127,17125,1
2021-06-10 15:35:47.889,17125,17127,17127,1
2021-06-10 15:35:56.633,17127,17128,17127,6
2021-06-10 15:36:09.266,17126,17127,17127,1
2021-06-10 15:36:09.481,17127,17128,17128,8
2021-06-10 15:36:09.481,17127,17128,17129,2
2021-06-10 15:36:09.487,17127,17128,17129,7
2021-06-10 15:36:09.487,17127,17128,17130,1
2021-06-10 15:36:09.502,17127,17128,17130,6
2021-06-10 15:36:09.761,17128,17130,17130,1
2021-06-10 15:36:09.775,17128,17130,17130,1
2021-06-10 15:36:11.376,17128,17130,17130,1
2021-06-10 15:36:13.671,17128,17130,17130,6
2021-06-10 15:36:13.671,17128,17130,17131,10
2021-06-10 15:36:13.673,17128,17130,17131,11
2021-06-10 15:36:13.673,17128,17130,17131,1
2021-06-10 15:36:13.673,17128,17130,17131,1
2021-06-10 15:36:13.673,17128,17130,17131,1
2021-06-10 15:36:13.673,17128,17130,17131,1
2021-06-10 15:36:17.763,17129,17131,17130,1
2021-06-10 15:36:25.770,17129,17130,17129,5
2021-06-10 15:36:42.579,17128,17129,17129,1
2021-06-10 15:36:49.819,17128,17129,17128,2
2021-06-10 15:37:01.789,17128,17129,17128,1
2021-06-10 15:37:03.534,17128,17129,17129,1
2021-06-10 15:37:04.290,17128,17130,17130,2
2021-06-10 15:37:06.478,17129,17131,17129,2
2021-06-10 15:37:09.672,17129,17130,17130,2
2021-06-10 15:37:10.536,17130,17131,17131,1
2021-06-10 15:37:10.568,17130,17131,17131,1
2021-06-10 15:37:10.568,17130,17131,17131,3
2021-06-10 15:37:13.427,17129,17131,17131,1
2021-06-10 15:37:13.678,17129,17132,17132,5
2021-06-10 15:37:34.259,17130,17132,17131,1
2021-06-10 15:37:39.605,17131,17132,17131,1
2021-06-10 15:37:57.616,17130,17131,17131,1
2021-06-10 15:38:13.161,17129,17130,17130,3
2021-06-10 15:38:13.331,17129,17131,17131,1
2021-06-10 15:38:27.309,17129,17131,17131,1
2021-06-10 15:38:40.363,17129,17131,17131,1
2021-06-10 15:38:49.663,17129,17131,17131,1
2021-06-10 15:39:00.565,17130,17131,17131,2
2021-06-10 15:39:00.565,17130,17131,17131,1
2021-06-10 15:39:02.166,17130,17132,17131,1
2021-06-10 15:39:14.054,17130,17132,17132,6
2021-06-10 15:39:19.832,17131,17132,17132,1
2021-06-10 15:39:27.982,17132,17133,17133,1
2021-06-10 15:39:27.982,17132,17133,17133,12
2021-06-10 15:39:27.984,17132,17133,17134,2
2021-06-10 15:39:28.117,17134,17135,17135,1
2021-06-10 15:39:29.697,17133,17135,17134,1
2021-06-10 15:39:38.216,17132,17133,17133,1
2021-06-10 15:39:43.942,17133,17134,17133,1
2021-06-10 15:39:44.798,17133,17134,17133,1
2021-06-10 15:39:44.976,17132,17134,17134,2
2021-06-10 15:39:47.106,17132,17133,17133,1
2021-06-10 15:39:47.106,17132,17133,17134,1
2021-06-10 15:39:58.493,17132,17134,17134,2
2021-06-10 15:40:05.189,17133,17134,17134,10
2021-06-10 15:40:05.572,17134,17135,17134,1
2021-06-10 15:40:05.583,17134,17135,17134,1
2021-06-10 15:40:05.604,17134,17135,17134,1
2021-06-10 15:40:05.604,17134,17135,17134,1
2021-06-10 15:40:05.604,17134,17135,17134,1
2021-06-10 15:40:05.604,17134,17135,17134,1
2021-06-10 15:40:05.604,17134,17135,17134,1
2021-06-10 15:40:05.605,17134,17135,17134,14
2021-06-10 15:40:07.186,17133,17134,17134,1
2021-06-10 15:40:07.188,17133,17134,17134,1
2021-06-10 15:40:07.297,17133,17134,17134,1
2021-06-10 15:40:14.297,17133,17134,17134,1
2021-06-10 15:40:21.876,17134,17135,17135,1
2021-06-10 15:40:25.547,17134,17135,17135,6
2021-06-10 15:40:25.547,17134,17135,17135,10
2021-06-10 15:40:25.711,17135,17136,17136,5
2021-06-10 15:40:25.842,17135,17136,17135,3
2021-06-10 15:40:26.244,17134,17136,17134,1
2021-06-10 15:40:28.005,17134,17135,17135,1
2021-06-10 15:40:28.257,17134,17136,17136,3
2021-06-10 15:40:28.257,17134,17136,17137,2
2021-06-10 15:40:31.254,17135,17137,17137,6
2021-06-10 15:40:31.594,17135,17138,17138,2
2021-06-10 15:40:32.032,17135,17138,17138,1
2021-06-10 15:40:32.300,17136,17137,17136,1
2021-06-10 15:40:32.352,17136,17137,17137,1
2021-06-10 15:40:33.782,17136,17138,17137,1
2021-06-10 15:40:33.785,17136,17138,17138,1
2021-06-10 15:40:36.173,17137,17138,17137,1
2021-06-10 15:40:37.870,17136,17138,17137,1
2021-06-10 15:40:38.209,17136,17138,17136,5
2021-06-10 15:40:39.083,17135,17137,17135,1
2021-06-10 15:40:40.185,17136,17137,17137,2
2021-06-10 15:40:40.185,17136,17137,17138,3
2021-06-10 15:40:48.650,17136,17137,17137,1
2021-06-10 15:40:48.848,17136,17137,17137,2
2021-06-10 15:40:48.849,17136,17137,17137,1
2021-06-10 15:40:49.375,17137,17138,17137,3
2021-06-10 15:40:53.763,17136,17137,17136,1
2021-06-10 15:40:53.785,17136,17137,17137,2
2021-06-10 15:40:53.786,17136,17137,17137,1
2021-06-10 15:40:57.294,17135,17137,17137,1
2021-06-10 15:41:01.740,17135,17137,17137,1
2021-06-10 15:41:01.911,17135,17137,17137,2
2021-06-10 15:41:06.938,17137,17138,17138,4
2021-06-10 15:41:06.938,17137,17138,17139,1
2021-06-10 15:41:07.233,17137,17138,17138,1
2021-06-10 15:41:09.107,17137,17138,17138,1
2021-06-10 15:41:15.404,17137,17138,17138,2
2021-06-10 15:41:18.083,17138,17139,17138,1
2021-06-10 15:41:21.273,17138,17139,17138,1
2021-06-10 15:41:22.672,17138,17139,17138,1
2021-06-10 15:41:26.275,17138,17139,17138,2
2021-06-10 15:41:28.932,17138,17139,17138,1
2021-06-10 15:41:31.276,17138,17139,17138,2
2021-06-10 15:41:32.874,17137,17138,17137,1
2021-06-10 15:41:33.496,17137,17138,17137,1
2021-06-10 15:41:33.496,17137,17138,17137,1
2021-06-10 15:41:33.496,17137,17138,17137,4
2021-06-10 15:41:33.496,17137,17138,17137,2
2021-06-10 15:41:33.496,17137,17138,17137,3
2021-06-10 15:41:33.496,17137,17138,17137,3
2021-06-10 15:41:33.496,17137,17138,17137,2
2021-06-10 15:41:33.496,17137,17138,17137,1
2021-06-10 15:41:33.496,17137,17138,17137,1
2021-06-10 15:41:33.496,17137,17138,17137,14
2021-06-10 15:41:33.835,17135,17137,17137,1
2021-06-10 15:41:36.438,17135,17137,17137,2
2021-06-10 15:41:42.144,17136,17137,17137,2
2021-06-10 15:41:46.393,17137,17138,17138,1
2021-06-10 15:41:46.393,17137,17138,17138,1
2021-06-10 15:41:52.111,17138,17139,17138,3
2021-06-10 15:41:53.795,17137,17138,17137,1
2021-06-10 15:41:54.172,17136,17138,17136,1
2021-06-10 15:41:54.177,17136,17138,17138,1
2021-06-10 15:41:54.726,17135,17137,17137,1
2021-06-10 15:41:55.504,17136,17137,17137,1
2021-06-10 15:42:01.172,17137,17138,17138,1
2021-06-10 15:42:01.576,17138,17139,17138,1
2021-06-10 15:42:01.726,17138,17139,17139,1
2021-06-10 15:42:01.819,17138,17139,17139,1
2021-06-10 15:42:03.474,17138,17139,17139,1
2021-06-10 15:42:03.703,17138,17139,17139,8
2021-06-10 15:42:05.314,17139,17140,17139,2
2021-06-10 15:42:08.207,17139,17140,17139,1
2021-06-10 15:42:14.649,17139,17140,17140,1
2021-06-10 15:42:16.256,17139,17140,17140,1
2021-06-10 15:42:17.886,17139,17140,17140,1
2021-06-10 15:42:18.463,17139,17140,17140,2
2021-06-10 15:42:19.390,17139,17140,17139,4
2021-06-10 15:42:21.145,17138,17140,17140,2
2021-06-10 15:42:28.375,17138,17140,17140,2
2021-06-10 15:42:29.609,17138,17140,17139,1
2021-06-10 15:42:38.950,17139,17140,17139,4
2021-06-10 15:42:42.580,17138,17140,17139,1
2021-06-10 15:42:42.747,17138,17139,17139,1
2021-06-10 15:42:49.692,17138,17139,17139,1
2021-06-10 15:43:00.157,17138,17139,17138,1
2021-06-10 15:43:03.989,17138,17139,17139,2
2021-06-10 15:43:03.989,17138,17139,17139,3
2021-06-10 15:43:11.587,17139,17140,17139,2
2021-06-10 15:43:12.091,17138,17139,17139,2
2021-06-10 15:43:16.474,17139,17140,17139,1
2021-06-10 15:43:19.568,17139,17140,17140,1
2021-06-10 15:43:33.106,17139,17140,17140,2
2021-06-10 15:43:35.518,17139,17140,17139,2
2021-06-10 15:43:35.518,17139,17140,17139,1
2021-06-10 15:43:35.518,17139,17140,17139,1
2021-06-10 15:43:35.518,17139,17140,17139,1
2021-06-10 15:43:40.755,17138,17139,17139,1
2021-06-10 15:43:44.206,17138,17139,17139,1
2021-06-10 15:43:46.331,17138,17139,17139,1
2021-06-10 15:43:54.170,17138,17139,17138,1
2021-06-10 15:43:54.170,17138,17139,17138,1
2021-06-10 15:43:54.170,17138,17139,17138,1
2021-06-10 15:43:54.170,17138,17139,17138,1
2021-06-10 15:43:55.152,17137,17139,17138,4
2021-06-10 15:43:55.225,17137,17138,17137,2
2021-06-10 15:43:56.621,17136,17137,17136,1
2021-06-10 15:44:03.864,17136,17137,17136,1
2021-06-10 15:44:08.922,17135,17136,17136,1
2021-06-10 15:44:18.320,17136,17137,17136,1
2021-06-10 15:44:18.800,17136,17137,17136,4
2021-06-10 15:44:20.963,17135,17136,17136,1
2021-06-10 15:44:22.928,17136,17137,17136,1
2021-06-10 15:44:31.867,17136,17137,17137,1
2021-06-10 15:44:31.868,17136,17137,17137,2
2021-06-10 15:44:31.868,17136,17137,17137,2
2021-06-10 15:44:32.042,17137,17138,17137,1
2021-06-10 15:44:51.546,17137,17138,17137,1
2021-06-10 15:44:52.259,17137,17138,17138,1
2021-06-10 15:44:54.954,17137,17138,17138,1
2021-06-10 15:44:54.955,17137,17138,17138,1
2021-06-10 15:44:59.151,17138,17140,17140,1
2021-06-10 15:45:05.560,17138,17139,17139,1
2021-06-10 15:45:06.051,17138,17139,17139,2
2021-06-10 15:45:06.051,17138,17139,17140,2
2021-06-10 15:45:06.223,17138,17140,17140,1
2021-06-10 15:45:06.871,17139,17140,17139,1
2021-06-10 15:45:07.004,17138,17139,17139,1
2021-06-10 15:45:07.663,17138,17140,17140,1
2021-06-10 15:45:09.667,17138,17140,17139,1
2021-06-10 15:45:10.259,17138,17139,17138,7
2021-06-10 15:45:10.260,17138,17139,17138,1
2021-06-10 15:45:21.728,17137,17138,17138,1
2021-06-10 15:45:21.893,17137,17138,17138,1
2021-06-10 15:45:21.893,17137,17138,17138,1
2021-06-10 15:45:25.034,17138,17139,17139,1
2021-06-10 15:45:25.035,17138,17139,17139,2
2021-06-10 15:45:25.035,17138,17139,17139,1
2021-06-10 15:45:25.035,17138,17139,17139,1
2021-06-10 15:45:25.035,17138,17139,17139,1
2021-06-10 15:45:25.035,17138,17139,17139,1
2021-06-10 15:45:25.035,17138,17139,17139,3
2021-06-10 15:45:31.922,17138,17139,17138,1
2021-06-10 15:45:34.922,17138,17139,17138,1
2021-06-10 15:45:48.530,17137,17138,17137,1
