2021-09-14 15:00:00.060,17419,17421,17411,251,-251
2021-09-14 15:00:00.062,17411,17412,17412,1,1
2021-09-14 15:00:00.062,17411,17412,17413,2,2
2021-09-14 15:00:00.062,17411,17412,17414,4,4
2021-09-14 15:00:00.062,17411,17412,17415,3,3
2021-09-14 15:00:00.062,17411,17412,17411,4,-4
2021-09-14 15:00:00.063,17411,17412,17415,2,2
2021-09-14 15:00:00.069,17411,17412,17415,1,1
2021-09-14 15:00:00.075,17411,17412,17410,1,-1
2021-09-14 15:00:00.083,17413,17416,17416,3,3
2021-09-14 15:00:00.083,17413,17416,17418,1,1
2021-09-14 15:00:00.103,17414,17418,17418,1,1
2021-09-14 15:00:00.155,17414,17419,17419,1,1
2021-09-14 15:00:00.155,17414,17419,17420,1,1
2021-09-14 15:00:00.169,17414,17419,17420,1,1
2021-09-14 15:00:00.173,17414,17419,17416,1,-1
2021-09-14 15:00:00.179,17414,17419,17415,1,-1
2021-09-14 15:00:00.181,17414,17419,17415,3,-3
2021-09-14 15:00:00.189,17414,17419,17415,1,-1
2021-09-14 15:00:00.191,17414,17419,17415,7,-7
2021-09-14 15:00:00.191,17414,17419,17414,8,-8
2021-09-14 15:00:00.200,17414,17419,17414,3,-3
2021-09-14 15:00:00.208,17414,17419,17414,2,-2
2021-09-14 15:00:00.243,17414,17419,17414,2,-2
2021-09-14 15:00:00.243,17414,17419,17414,2,-2
2021-09-14 15:00:00.244,17414,17419,17414,1,-1
2021-09-14 15:00:00.268,17414,17420,17415,1,1
2021-09-14 15:00:00.270,17414,17420,17414,1,-1
2021-09-14 15:00:00.272,17414,17420,17419,1,1
2021-09-14 15:00:00.287,17414,17420,17415,1,-1
2021-09-14 15:00:00.289,17414,17420,17414,2,-2
2021-09-14 15:00:00.324,17414,17420,17412,3,-3
2021-09-14 15:00:00.324,17414,17420,17411,1,-1
2021-09-14 15:00:00.343,17414,17420,17412,1,1
2021-09-14 15:00:00.352,17414,17420,17412,1,-1
2021-09-14 15:00:00.352,17414,17420,17411,3,-3
2021-09-14 15:00:00.377,17411,17413,17411,2,-2
2021-09-14 15:00:00.379,17411,17413,17414,1,1
2021-09-14 15:00:00.411,17411,17413,17413,2,2
2021-09-14 15:00:00.411,17411,17413,17412,2,-2
2021-09-14 15:00:00.412,17411,17413,17412,1,-1
2021-09-14 15:00:00.435,17411,17413,17412,1,-1
2021-09-14 15:00:00.436,17411,17413,17413,1,1
2021-09-14 15:00:00.437,17411,17413,17412,1,-1
2021-09-14 15:00:00.437,17411,17413,17411,1,-1
2021-09-14 15:00:00.449,17411,17413,17410,1,-1
2021-09-14 15:00:00.473,17411,17413,17410,1,-1
2021-09-14 15:00:00.480,17411,17413,17409,1,-1
2021-09-14 15:00:00.480,17411,17413,17409,2,-2
2021-09-14 15:00:00.480,17411,17413,17408,2,-2
2021-09-14 15:00:00.481,17411,17413,17408,1,-1
2021-09-14 15:00:00.481,17411,17413,17407,1,-1
2021-09-14 15:00:00.492,17411,17413,17407,1,-1
2021-09-14 15:00:00.495,17411,17413,17407,1,-1
2021-09-14 15:00:00.498,17411,17413,17407,1,-1
2021-09-14 15:00:00.506,17406,17410,17406,1,-1
2021-09-14 15:00:00.509,17406,17410,17406,2,-2
2021-09-14 15:00:00.550,17406,17410,17406,1,-1
2021-09-14 15:00:00.562,17406,17410,17410,1,1
2021-09-14 15:00:00.566,17406,17410,17406,4,-4
2021-09-14 15:00:00.587,17406,17410,17406,1,-1
2021-09-14 15:00:00.588,17406,17410,17405,1,-1
2021-09-14 15:00:00.589,17406,17410,17405,1,-1
2021-09-14 15:00:00.589,17406,17410,17405,1,-1
2021-09-14 15:00:00.602,17406,17410,17405,1,-1
2021-09-14 15:00:00.618,17406,17410,17411,6,6
2021-09-14 15:00:00.622,17406,17410,17412,1,1
2021-09-14 15:00:00.628,17405,17412,17405,1,-1
2021-09-14 15:00:00.629,17405,17412,17405,2,-2
2021-09-14 15:00:00.630,17405,17412,17405,1,-1
2021-09-14 15:00:00.642,17405,17412,17405,1,-1
2021-09-14 15:00:00.642,17405,17412,17404,1,-1
2021-09-14 15:00:00.643,17405,17412,17404,1,-1
2021-09-14 15:00:00.657,17405,17412,17407,1,1
2021-09-14 15:00:00.663,17405,17412,17404,1,-1
2021-09-14 15:00:00.666,17405,17412,17404,1,-1
2021-09-14 15:00:00.683,17405,17412,17404,1,-1
2021-09-14 15:00:00.685,17405,17412,17404,1,-1
2021-09-14 15:00:00.685,17405,17412,17404,2,-2
2021-09-14 15:00:00.685,17405,17412,17403,3,-3
2021-09-14 15:00:00.685,17405,17412,17403,1,-1
2021-09-14 15:00:00.686,17405,17412,17403,2,-2
2021-09-14 15:00:00.686,17405,17412,17402,1,-1
2021-09-14 15:00:00.687,17405,17412,17403,1,1
2021-09-14 15:00:00.689,17405,17412,17406,1,1
2021-09-14 15:00:00.702,17405,17412,17402,1,-1
2021-09-14 15:00:00.715,17405,17412,17411,1,1
2021-09-14 15:00:00.715,17405,17412,17412,3,3
2021-09-14 15:00:00.722,17405,17412,17402,1,-1
2021-09-14 15:00:00.738,17405,17412,17404,1,1
2021-09-14 15:00:00.751,17401,17411,17402,1,-1
2021-09-14 15:00:00.751,17401,17411,17401,1,-1
2021-09-14 15:00:00.753,17401,17411,17401,1,-1
2021-09-14 15:00:00.774,17401,17411,17401,4,-4
2021-09-14 15:00:00.797,17401,17411,17401,1,-1
2021-09-14 15:00:00.798,17401,17411,17400,1,-1
2021-09-14 15:00:00.815,17401,17411,17400,1,-1
2021-09-14 15:00:00.825,17401,17411,17400,1,-1
2021-09-14 15:00:00.829,17401,17411,17400,1,-1
2021-09-14 15:00:00.854,17401,17411,17400,1,-1
2021-09-14 15:00:00.860,17401,17411,17400,1,-1
2021-09-14 15:00:00.861,17401,17411,17400,1,-1
2021-09-14 15:00:00.865,17401,17411,17400,1,-1
2021-09-14 15:00:00.870,17401,17411,17400,1,-1
2021-09-14 15:00:00.886,17400,17411,17405,2,2
2021-09-14 15:00:00.887,17400,17411,17405,2,-2
2021-09-14 15:00:00.894,17400,17411,17405,1,-1
2021-09-14 15:00:00.894,17400,17411,17400,1,-1
2021-09-14 15:00:00.896,17400,17411,17411,1,1
2021-09-14 15:00:00.931,17400,17411,17400,1,-1
2021-09-14 15:00:01.009,17400,17410,17400,1,-1
2021-09-14 15:00:01.012,17400,17410,17400,2,-2
2021-09-14 15:00:01.013,17400,17410,17400,1,-1
2021-09-14 15:00:01.036,17400,17410,17400,1,-1
2021-09-14 15:00:01.060,17400,17410,17410,1,1
2021-09-14 15:00:01.060,17400,17410,17411,1,1
2021-09-14 15:00:01.060,17400,17410,17400,1,-1
2021-09-14 15:00:01.063,17400,17410,17401,1,1
2021-09-14 15:00:01.064,17400,17410,17410,1,1
2021-09-14 15:00:01.064,17400,17410,17411,3,3
2021-09-14 15:00:01.064,17400,17410,17412,2,2
2021-09-14 15:00:01.074,17400,17410,17401,1,-1
2021-09-14 15:00:01.113,17400,17410,17401,1,-1
2021-09-14 15:00:01.118,17400,17410,17400,1,-1
2021-09-14 15:00:01.152,17400,17412,17404,1,1
2021-09-14 15:00:01.160,17400,17412,17405,2,2
2021-09-14 15:00:01.160,17400,17412,17400,1,-1
2021-09-14 15:00:01.160,17400,17412,17399,1,-1
2021-09-14 15:00:01.170,17400,17412,17402,1,1
2021-09-14 15:00:01.177,17400,17412,17399,4,-4
2021-09-14 15:00:01.214,17400,17412,17407,3,3
2021-09-14 15:00:01.218,17400,17412,17403,1,-1
2021-09-14 15:00:01.218,17400,17412,17399,3,-3
2021-09-14 15:00:01.223,17400,17412,17402,1,1
2021-09-14 15:00:01.230,17400,17412,17403,1,1
2021-09-14 15:00:01.230,17400,17412,17404,1,1
2021-09-14 15:00:01.234,17400,17412,17401,1,-1
2021-09-14 15:00:01.244,17400,17412,17407,1,1
2021-09-14 15:00:01.248,17400,17412,17403,2,-2
2021-09-14 15:00:01.249,17400,17412,17400,1,-1
2021-09-14 15:00:01.280,17399,17407,17404,1,1
2021-09-14 15:00:01.286,17399,17407,17403,1,-1
2021-09-14 15:00:01.301,17399,17407,17405,4,4
2021-09-14 15:00:01.304,17399,17407,17405,2,-2
2021-09-14 15:00:01.313,17399,17407,17403,1,-1
2021-09-14 15:00:01.321,17399,17407,17403,1,-1
2021-09-14 15:00:01.325,17399,17407,17406,1,1
2021-09-14 15:00:01.325,17399,17407,17407,1,1
2021-09-14 15:00:01.334,17399,17407,17406,1,-1
2021-09-14 15:00:01.373,17399,17407,17403,2,-2
2021-09-14 15:00:01.397,17403,17407,17404,1,1
2021-09-14 15:00:01.397,17403,17407,17403,1,-1
2021-09-14 15:00:01.416,17403,17407,17403,1,-1
2021-09-14 15:00:01.422,17403,17407,17403,1,-1
2021-09-14 15:00:01.433,17403,17407,17403,1,-1
2021-09-14 15:00:01.435,17403,17407,17405,1,1
2021-09-14 15:00:01.456,17403,17407,17406,1,1
2021-09-14 15:00:01.484,17403,17407,17405,1,-1
2021-09-14 15:00:01.488,17403,17407,17403,1,-1
2021-09-14 15:00:01.499,17403,17407,17406,1,1
2021-09-14 15:00:01.501,17402,17406,17406,2,2
2021-09-14 15:00:01.501,17402,17406,17407,1,1
2021-09-14 15:00:01.501,17402,17406,17403,1,-1
2021-09-14 15:00:01.522,17402,17406,17402,5,-5
2021-09-14 15:00:01.524,17402,17406,17404,1,1
2021-09-14 15:00:01.559,17402,17406,17403,1,-1
2021-09-14 15:00:01.559,17402,17406,17402,3,-3
2021-09-14 15:00:01.561,17402,17406,17404,1,1
2021-09-14 15:00:01.561,17402,17406,17402,1,-1
2021-09-14 15:00:01.564,17402,17406,17406,3,3
2021-09-14 15:00:01.597,17402,17406,17402,1,-1
2021-09-14 15:00:01.600,17402,17406,17406,1,1
2021-09-14 15:00:01.616,17402,17406,17404,1,-1
2021-09-14 15:00:01.616,17402,17406,17402,2,-2
2021-09-14 15:00:01.616,17402,17406,17400,1,-1
2021-09-14 15:00:01.632,17401,17408,17401,1,1
2021-09-14 15:00:01.641,17401,17408,17399,1,-1
2021-09-14 15:00:01.663,17401,17408,17408,1,1
2021-09-14 15:00:01.701,17401,17408,17399,1,-1
2021-09-14 15:00:01.713,17401,17408,17400,1,1
2021-09-14 15:00:01.714,17401,17408,17399,1,-1
2021-09-14 15:00:01.722,17401,17408,17401,1,1
2021-09-14 15:00:01.722,17401,17408,17399,4,-4
2021-09-14 15:00:01.724,17401,17408,17399,3,-3
2021-09-14 15:00:01.727,17401,17408,17399,1,-1
2021-09-14 15:00:01.755,17400,17408,17400,1,1
2021-09-14 15:00:01.755,17400,17408,17399,1,-1
2021-09-14 15:00:01.796,17400,17408,17399,1,-1
2021-09-14 15:00:01.861,17400,17408,17407,1,1
2021-09-14 15:00:01.905,17399,17407,17399,1,-1
2021-09-14 15:00:01.918,17399,17407,17399,1,-1
2021-09-14 15:00:01.966,17399,17407,17402,1,1
2021-09-14 15:00:01.987,17399,17407,17399,2,-2
2021-09-14 15:00:01.989,17399,17407,17399,1,-1
2021-09-14 15:00:02.071,17399,17407,17400,1,1
2021-09-14 15:00:02.076,17399,17407,17399,1,-1
2021-09-14 15:00:02.093,17399,17407,17399,1,-1
2021-09-14 15:00:02.103,17399,17407,17399,1,-1
2021-09-14 15:00:02.251,17400,17405,17405,2,2
2021-09-14 15:00:02.266,17400,17405,17405,1,1
2021-09-14 15:00:02.270,17400,17405,17400,1,-1
2021-09-14 15:00:02.270,17400,17405,17406,2,2
2021-09-14 15:00:02.328,17400,17405,17403,1,-1
2021-09-14 15:00:02.328,17400,17405,17401,1,-1
2021-09-14 15:00:02.328,17400,17405,17400,12,-12
2021-09-14 15:00:02.329,17400,17405,17400,1,-1
2021-09-14 15:00:02.329,17400,17405,17400,15,-15
2021-09-14 15:00:02.345,17400,17405,17399,1,-1
2021-09-14 15:00:02.376,17400,17403,17403,1,1
2021-09-14 15:00:02.481,17400,17403,17402,1,-1
2021-09-14 15:00:02.481,17400,17403,17401,1,-1
2021-09-14 15:00:02.487,17400,17403,17401,2,-2
2021-09-14 15:00:02.498,17400,17403,17401,1,-1
2021-09-14 15:00:02.501,17400,17403,17403,1,1
2021-09-14 15:00:02.526,17400,17403,17400,1,-1
2021-09-14 15:00:02.543,17400,17403,17399,2,-2
2021-09-14 15:00:02.580,17400,17403,17399,2,-2
2021-09-14 15:00:02.596,17400,17403,17403,1,1
2021-09-14 15:00:02.612,17400,17403,17400,1,-1
2021-09-14 15:00:02.731,17399,17403,17400,1,-1
2021-09-14 15:00:02.731,17399,17403,17399,1,-1
2021-09-14 15:00:02.740,17399,17403,17402,1,1
2021-09-14 15:00:02.779,17399,17402,17402,1,1
2021-09-14 15:00:02.792,17399,17402,17403,1,1
2021-09-14 15:00:02.877,17400,17404,17400,4,-4
2021-09-14 15:00:03.013,17401,17404,17404,2,2
2021-09-14 15:00:03.018,17401,17404,17401,1,-1
2021-09-14 15:00:03.018,17401,17404,17400,1,-1
2021-09-14 15:00:03.085,17401,17404,17400,1,-1
2021-09-14 15:00:03.238,17401,17404,17404,2,2
2021-09-14 15:00:03.238,17401,17404,17405,1,1
2021-09-14 15:00:03.249,17401,17404,17403,1,-1
2021-09-14 15:00:03.349,17403,17406,17402,4,-4
2021-09-14 15:00:03.358,17403,17406,17401,3,-3
2021-09-14 15:00:03.435,17400,17406,17405,1,1
2021-09-14 15:00:03.437,17400,17406,17406,2,2
2021-09-14 15:00:03.539,17404,17407,17407,1,1
2021-09-14 15:00:03.590,17404,17407,17408,1,1
2021-09-14 15:00:03.654,17407,17411,17409,1,1
2021-09-14 15:00:03.770,17408,17411,17408,1,-1
2021-09-14 15:00:03.770,17408,17411,17407,1,-1
2021-09-14 15:00:03.770,17408,17411,17407,1,-1
2021-09-14 15:00:03.873,17408,17411,17407,2,-2
2021-09-14 15:00:04.158,17406,17408,17408,1,1
2021-09-14 15:00:04.196,17406,17408,17409,1,1
2021-09-14 15:00:04.261,17406,17408,17406,1,-1
2021-09-14 15:00:04.261,17406,17408,17405,1,-1
2021-09-14 15:00:04.688,17405,17408,17405,1,-1
2021-09-14 15:00:05.119,17404,17406,17406,1,1
2021-09-14 15:00:05.342,17405,17407,17404,2,-2
2021-09-14 15:00:05.342,17405,17407,17403,2,-2
2021-09-14 15:00:05.342,17405,17407,17402,3,-3
2021-09-14 15:00:05.342,17405,17407,17401,3,-3
2021-09-14 15:00:05.342,17405,17407,17400,4,-4
2021-09-14 15:00:05.376,17401,17406,17406,1,1
2021-09-14 15:00:05.434,17401,17406,17404,1,-1
2021-09-14 15:00:05.469,17401,17406,17405,1,1
2021-09-14 15:00:05.487,17401,17406,17404,1,-1
2021-09-14 15:00:05.516,17404,17405,17405,1,1
2021-09-14 15:00:05.722,17404,17405,17405,1,1
2021-09-14 15:00:06.412,17404,17406,17406,5,5
2021-09-14 15:00:06.412,17404,17406,17406,1,1
2021-09-14 15:00:06.493,17404,17406,17407,1,1
2021-09-14 15:00:06.594,17405,17407,17407,1,1
2021-09-14 15:00:06.595,17405,17407,17407,3,3
2021-09-14 15:00:07.001,17407,17408,17408,1,1
2021-09-14 15:00:07.038,17407,17408,17408,1,1
2021-09-14 15:00:07.523,17407,17408,17407,1,-1
2021-09-14 15:00:07.524,17407,17408,17408,3,3
2021-09-14 15:00:07.953,17407,17409,17409,1,1
2021-09-14 15:00:08.064,17407,17409,17408,1,-1
2021-09-14 15:00:08.333,17408,17409,17409,1,1
2021-09-14 15:00:08.334,17408,17409,17409,7,7
2021-09-14 15:00:08.382,17408,17410,17410,5,5
2021-09-14 15:00:08.421,17408,17410,17408,2,-2
2021-09-14 15:00:08.421,17408,17410,17410,1,1
2021-09-14 15:00:09.068,17410,17411,17410,3,-3
2021-09-14 15:00:09.068,17410,17411,17408,1,-1
2021-09-14 15:00:09.068,17410,17411,17407,5,-5
2021-09-14 15:00:09.068,17410,17411,17406,5,-5
2021-09-14 15:00:09.068,17410,17411,17405,6,-6
2021-09-14 15:00:09.068,17410,17411,17404,13,-13
2021-09-14 15:00:09.068,17410,17411,17403,30,-30
2021-09-14 15:00:09.069,17410,17411,17403,20,-20
2021-09-14 15:00:09.085,17410,17411,17403,1,-1
2021-09-14 15:00:09.225,17402,17403,17403,1,1
2021-09-14 15:00:09.493,17402,17403,17403,1,1
2021-09-14 15:00:09.523,17402,17403,17403,2,2
2021-09-14 15:00:10.183,17402,17403,17403,1,1
2021-09-14 15:00:10.286,17402,17403,17403,1,1
2021-09-14 15:00:10.367,17402,17403,17403,1,1
2021-09-14 15:00:10.407,17402,17403,17403,1,1
2021-09-14 15:00:10.622,17402,17403,17403,1,1
2021-09-14 15:00:10.798,17402,17403,17403,1,1
2021-09-14 15:00:11.001,17402,17403,17403,5,5
2021-09-14 15:00:11.045,17402,17403,17404,5,5
2021-09-14 15:00:11.786,17404,17406,17406,1,1
2021-09-14 15:00:12.043,17404,17406,17404,3,-3
2021-09-14 15:00:13.461,17405,17406,17406,1,1
2021-09-14 15:00:13.602,17406,17408,17407,1,1
2021-09-14 15:00:14.102,17405,17407,17407,1,1
2021-09-14 15:00:14.261,17405,17408,17408,1,1
2021-09-14 15:00:14.688,17406,17407,17407,1,1
2021-09-14 15:00:15.294,17406,17407,17406,1,-1
2021-09-14 15:00:15.746,17406,17407,17406,2,-2
2021-09-14 15:00:15.746,17406,17407,17406,3,-3
2021-09-14 15:00:15.759,17405,17407,17405,1,-1
2021-09-14 15:00:15.775,17405,17407,17405,1,-1
2021-09-14 15:00:15.779,17405,17407,17405,2,-2
2021-09-14 15:00:15.784,17405,17407,17407,2,2
2021-09-14 15:00:15.784,17405,17407,17408,2,2
2021-09-14 15:00:15.784,17405,17407,17409,1,1
2021-09-14 15:00:15.795,17405,17407,17405,1,-1
2021-09-14 15:00:15.817,17405,17407,17405,1,-1
2021-09-14 15:00:16.053,17405,17409,17405,2,-2
2021-09-14 15:00:16.381,17406,17407,17406,1,1
2021-09-14 15:00:16.381,17406,17407,17405,1,-1
2021-09-14 15:00:16.432,17406,17407,17405,1,-1
2021-09-14 15:00:16.478,17406,17407,17405,1,-1
2021-09-14 15:00:16.802,17405,17407,17405,3,-3
2021-09-14 15:00:16.802,17405,17407,17404,28,-28
2021-09-14 15:00:16.802,17405,17407,17403,7,-7
2021-09-14 15:00:16.802,17405,17407,17402,11,-11
2021-09-14 15:00:16.891,17401,17402,17402,1,1
2021-09-14 15:00:16.970,17401,17402,17403,10,10
2021-09-14 15:00:16.970,17401,17402,17402,1,1
2021-09-14 15:00:16.971,17401,17402,17402,1,1
2021-09-14 15:00:17.127,17401,17403,17401,7,-7
2021-09-14 15:00:17.251,17400,17401,17400,8,-8
2021-09-14 15:00:17.251,17400,17401,17400,4,-4
2021-09-14 15:00:17.251,17400,17401,17400,1,-1
2021-09-14 15:00:17.251,17400,17401,17400,2,-2
2021-09-14 15:00:17.506,17399,17400,17400,1,1
2021-09-14 15:00:17.589,17399,17400,17398,1,-1
2021-09-14 15:00:17.654,17398,17400,17399,1,1
2021-09-14 15:00:17.664,17398,17400,17400,3,3
2021-09-14 15:00:17.675,17398,17400,17399,1,-1
2021-09-14 15:00:17.688,17398,17400,17399,2,-2
2021-09-14 15:00:17.694,17398,17400,17398,2,-2
2021-09-14 15:00:17.695,17398,17400,17400,1,1
2021-09-14 15:00:17.708,17398,17400,17398,1,-1
2021-09-14 15:00:17.790,17398,17401,17398,2,-2
2021-09-14 15:00:17.857,17398,17401,17399,1,1
2021-09-14 15:00:17.857,17398,17401,17400,1,1
2021-09-14 15:00:17.857,17398,17401,17401,4,4
2021-09-14 15:00:17.857,17398,17401,17402,3,3
2021-09-14 15:00:17.857,17398,17401,17403,1,1
2021-09-14 15:00:17.858,17398,17401,17400,1,-1
2021-09-14 15:00:17.876,17400,17402,17400,1,-1
2021-09-14 15:00:17.877,17400,17402,17400,2,-2
2021-09-14 15:00:17.878,17400,17402,17399,3,-3
2021-09-14 15:00:17.878,17400,17402,17399,1,-1
2021-09-14 15:00:17.878,17400,17402,17399,1,-1
2021-09-14 15:00:17.899,17400,17402,17398,1,-1
2021-09-14 15:00:17.899,17400,17402,17398,1,-1
2021-09-14 15:00:17.899,17400,17402,17397,1,-1
2021-09-14 15:00:17.900,17400,17402,17397,1,-1
2021-09-14 15:00:17.900,17400,17402,17398,1,1
2021-09-14 15:00:17.927,17400,17402,17399,5,5
2021-09-14 15:00:17.931,17400,17402,17397,2,-2
2021-09-14 15:00:17.931,17400,17402,17396,1,-1
2021-09-14 15:00:17.954,17400,17402,17396,3,-3
2021-09-14 15:00:17.958,17400,17402,17396,2,-2
2021-09-14 15:00:18.006,17395,17398,17395,1,-1
2021-09-14 15:00:18.026,17395,17398,17396,1,1
2021-09-14 15:00:18.261,17396,17398,17396,2,-2
2021-09-14 15:00:18.262,17396,17398,17396,2,-2
2021-09-14 15:00:18.432,17394,17395,17394,2,-2
2021-09-14 15:00:18.432,17394,17395,17394,3,-3
2021-09-14 15:00:18.490,17394,17395,17393,2,-2
2021-09-14 15:00:18.490,17394,17395,17393,1,-1
2021-09-14 15:00:18.490,17394,17395,17393,1,-1
2021-09-14 15:00:18.533,17392,17394,17392,2,-2
2021-09-14 15:00:18.533,17392,17394,17392,1,-1
2021-09-14 15:00:18.544,17392,17394,17391,1,-1
2021-09-14 15:00:18.552,17392,17394,17390,1,-1
2021-09-14 15:00:18.567,17392,17394,17392,1,1
2021-09-14 15:00:18.602,17392,17394,17390,4,-4
2021-09-14 15:00:18.602,17392,17394,17390,1,-1
2021-09-14 15:00:18.629,17389,17393,17393,1,1
2021-09-14 15:00:18.682,17389,17393,17389,1,-1
2021-09-14 15:00:18.720,17389,17393,17389,1,-1
2021-09-14 15:00:18.732,17389,17393,17389,1,-1
2021-09-14 15:00:18.736,17389,17393,17389,2,-2
2021-09-14 15:00:18.736,17389,17393,17388,2,-2
2021-09-14 15:00:18.751,17388,17391,17388,1,-1
2021-09-14 15:00:18.752,17388,17391,17391,1,1
2021-09-14 15:00:18.757,17388,17391,17392,3,3
2021-09-14 15:00:18.757,17388,17391,17394,1,1
2021-09-14 15:00:18.764,17388,17391,17390,1,-1
2021-09-14 15:00:18.764,17388,17391,17389,2,-2
2021-09-14 15:00:18.764,17388,17391,17388,1,-1
2021-09-14 15:00:18.915,17388,17391,17388,1,-1
2021-09-14 15:00:18.916,17388,17391,17388,1,-1
2021-09-14 15:00:19.322,17388,17391,17390,4,4
2021-09-14 15:00:19.322,17388,17391,17389,1,-1
2021-09-14 15:00:19.798,17389,17390,17389,2,-2
2021-09-14 15:00:19.799,17389,17390,17389,1,-1
2021-09-14 15:00:19.802,17389,17390,17388,1,-1
2021-09-14 15:00:19.803,17389,17390,17387,1,-1
2021-09-14 15:00:19.828,17389,17390,17386,1,-1
2021-09-14 15:00:19.828,17389,17390,17386,1,-1
2021-09-14 15:00:19.896,17384,17387,17384,2,-2
2021-09-14 15:00:20.001,17388,17390,17390,1,1
2021-09-14 15:00:20.001,17388,17390,17388,6,-6
2021-09-14 15:00:20.001,17388,17390,17387,5,-5
2021-09-14 15:00:20.248,17389,17392,17389,1,1
2021-09-14 15:00:20.310,17389,17391,17391,1,1
2021-09-14 15:00:20.659,17390,17393,17393,1,1
2021-09-14 15:00:20.992,17391,17394,17394,1,1
2021-09-14 15:00:21.126,17392,17394,17394,1,1
2021-09-14 15:00:21.297,17392,17395,17395,2,2
2021-09-14 15:00:21.537,17394,17397,17394,2,-2
2021-09-14 15:00:21.591,17394,17397,17395,1,1
2021-09-14 15:00:21.638,17395,17397,17395,1,-1
2021-09-14 15:00:21.814,17396,17398,17396,1,1
2021-09-14 15:00:22.379,17396,17398,17396,1,-1
2021-09-14 15:00:22.379,17396,17398,17395,1,-1
2021-09-14 15:00:22.447,17396,17398,17395,1,-1
2021-09-14 15:00:22.743,17394,17397,17397,1,1
2021-09-14 15:00:22.800,17395,17397,17397,2,2
2021-09-14 15:00:23.004,17396,17398,17398,2,2
2021-09-14 15:00:23.034,17396,17398,17396,1,-1
2021-09-14 15:00:23.325,17396,17398,17398,1,1
2021-09-14 15:00:23.763,17396,17399,17398,1,-1
2021-09-14 15:00:23.976,17396,17398,17396,1,-1
2021-09-14 15:00:24.243,17396,17398,17398,1,1
2021-09-14 15:00:24.427,17396,17399,17399,1,1
2021-09-14 15:00:24.743,17396,17398,17398,1,1
2021-09-14 15:00:24.814,17396,17399,17399,2,2
2021-09-14 15:00:25.286,17398,17400,17400,1,1
2021-09-14 15:00:25.463,17398,17400,17400,2,2
2021-09-14 15:00:25.463,17398,17400,17401,3,3
2021-09-14 15:00:25.780,17400,17401,17400,1,-1
2021-09-14 15:00:25.960,17399,17401,17401,2,2
2021-09-14 15:00:25.976,17399,17401,17400,5,-5
2021-09-14 15:00:25.976,17399,17401,17401,5,5
2021-09-14 15:00:26.339,17400,17403,17400,1,-1
2021-09-14 15:00:26.803,17400,17403,17403,1,1
2021-09-14 15:00:26.820,17400,17403,17402,1,-1
2021-09-14 15:00:26.820,17400,17403,17401,1,-1
2021-09-14 15:00:26.820,17400,17403,17400,3,-3
2021-09-14 15:00:26.986,17400,17403,17403,3,3
2021-09-14 15:00:27.172,17401,17403,17403,1,1
2021-09-14 15:00:27.832,17400,17403,17401,1,-1
2021-09-14 15:00:28.471,17402,17403,17403,1,1
2021-09-14 15:00:29.971,17402,17403,17402,1,-1
2021-09-14 15:00:30.131,17401,17403,17403,1,1
2021-09-14 15:00:30.139,17401,17403,17403,1,1
2021-09-14 15:00:30.226,17401,17403,17403,1,1
2021-09-14 15:00:31.196,17401,17403,17403,1,1
2021-09-14 15:00:31.483,17402,17403,17402,1,-1
2021-09-14 15:00:31.487,17402,17403,17403,1,1
2021-09-14 15:00:31.610,17401,17403,17401,1,-1
2021-09-14 15:00:31.610,17401,17403,17401,1,-1
2021-09-14 15:00:31.672,17401,17403,17401,2,-2
2021-09-14 15:00:31.896,17400,17402,17400,1,-1
2021-09-14 15:00:31.974,17400,17402,17402,1,1
2021-09-14 15:00:32.118,17400,17402,17400,1,-1
2021-09-14 15:00:32.238,17400,17402,17400,1,-1
2021-09-14 15:00:32.319,17400,17402,17402,1,1
2021-09-14 15:00:32.409,17401,17403,17401,1,-1
2021-09-14 15:00:32.483,17401,17403,17401,1,-1
2021-09-14 15:00:34.083,17400,17401,17401,1,1
2021-09-14 15:00:34.110,17400,17401,17401,1,1
2021-09-14 15:00:34.202,17400,17401,17400,3,-3
2021-09-14 15:00:34.202,17400,17401,17400,2,-2
2021-09-14 15:00:34.235,17400,17401,17400,4,-4
2021-09-14 15:00:34.296,17399,17401,17401,1,1
2021-09-14 15:00:34.330,17399,17401,17399,13,-13
2021-09-14 15:00:34.330,17399,17401,17398,8,-8
2021-09-14 15:00:34.331,17399,17401,17397,4,-4
2021-09-14 15:00:34.420,17396,17397,17397,2,2
2021-09-14 15:00:34.443,17396,17397,17397,1,1
2021-09-14 15:00:34.639,17396,17397,17397,1,1
2021-09-14 15:00:34.639,17396,17397,17396,2,-2
2021-09-14 15:00:34.805,17395,17396,17396,1,1
2021-09-14 15:00:35.492,17396,17397,17396,1,-1
2021-09-14 15:00:35.492,17396,17397,17396,3,-3
2021-09-14 15:00:35.781,17395,17396,17395,4,-4
2021-09-14 15:00:35.862,17395,17396,17395,1,-1
2021-09-14 15:00:35.885,17393,17395,17394,1,-1
2021-09-14 15:00:35.929,17393,17395,17394,1,-1
2021-09-14 15:00:36.067,17393,17394,17394,1,1
2021-09-14 15:00:36.648,17393,17395,17395,1,1
2021-09-14 15:00:36.751,17393,17395,17393,2,-2
2021-09-14 15:00:36.892,17393,17395,17395,3,3
2021-09-14 15:00:36.892,17393,17395,17396,2,2
2021-09-14 15:00:36.906,17393,17395,17394,1,-1
2021-09-14 15:00:36.956,17393,17395,17394,1,-1
2021-09-14 15:00:37.398,17394,17396,17396,1,1
2021-09-14 15:00:37.409,17394,17396,17396,1,1
2021-09-14 15:00:38.205,17394,17396,17394,1,-1
2021-09-14 15:00:38.585,17394,17395,17394,1,-1
2021-09-14 15:00:38.976,17393,17394,17393,2,-2
2021-09-14 15:00:39.163,17392,17394,17394,4,4
2021-09-14 15:00:39.404,17393,17394,17394,2,2
2021-09-14 15:00:39.726,17393,17394,17393,3,-3
2021-09-14 15:00:40.611,17393,17394,17394,1,1
2021-09-14 15:00:40.871,17393,17394,17394,1,1
2021-09-14 15:00:41.266,17393,17394,17394,2,2
2021-09-14 15:00:41.900,17394,17395,17394,1,-1
2021-09-14 15:00:42.052,17394,17395,17394,1,-1
2021-09-14 15:00:42.052,17394,17395,17393,4,-4
2021-09-14 15:00:42.124,17394,17395,17395,1,1
2021-09-14 15:00:42.228,17393,17395,17395,2,2
2021-09-14 15:00:42.228,17393,17395,17396,6,6
2021-09-14 15:00:42.641,17396,17397,17396,1,-1
2021-09-14 15:00:42.751,17396,17397,17397,5,5
2021-09-14 15:00:44.436,17397,17398,17398,1,1
2021-09-14 15:00:45.414,17396,17398,17398,1,1
2021-09-14 15:00:45.505,17396,17398,17398,1,1
2021-09-14 15:00:45.693,17396,17398,17398,1,1
2021-09-14 15:00:45.792,17396,17398,17396,4,-4
2021-09-14 15:00:46.255,17396,17398,17398,1,1
2021-09-14 15:00:46.599,17396,17397,17397,1,1
2021-09-14 15:00:47.116,17396,17397,17397,1,1
2021-09-14 15:00:47.394,17396,17397,17397,5,5
2021-09-14 15:00:47.394,17396,17397,17398,45,45
2021-09-14 15:00:47.395,17396,17397,17398,29,29
2021-09-14 15:00:47.458,17396,17397,17399,2,2
2021-09-14 15:00:47.537,17399,17400,17399,2,-2
2021-09-14 15:00:47.591,17399,17400,17398,1,-1
2021-09-14 15:00:48.347,17398,17400,17398,1,-1
2021-09-14 15:00:48.868,17397,17399,17399,1,1
2021-09-14 15:00:49.252,17398,17399,17399,1,1
2021-09-14 15:00:49.482,17398,17399,17398,1,-1
2021-09-14 15:00:49.482,17398,17399,17397,1,-1
2021-09-14 15:00:49.517,17397,17399,17397,2,-2
2021-09-14 15:00:49.691,17398,17399,17398,1,1
2021-09-14 15:00:49.691,17398,17399,17397,1,-1
2021-09-14 15:00:49.928,17397,17399,17399,1,1
2021-09-14 15:00:49.974,17397,17399,17399,1,1
2021-09-14 15:00:50.533,17398,17399,17398,1,-1
2021-09-14 15:00:50.652,17397,17399,17399,1,1
2021-09-14 15:00:50.923,17398,17399,17399,1,1
2021-09-14 15:00:51.193,17398,17399,17399,4,4
2021-09-14 15:00:51.193,17398,17399,17400,1,1
2021-09-14 15:00:51.197,17398,17399,17400,1,1
2021-09-14 15:00:51.205,17398,17399,17398,1,-1
2021-09-14 15:00:51.316,17398,17400,17399,1,1
2021-09-14 15:00:52.008,17398,17400,17400,2,2
2021-09-14 15:00:52.195,17400,17401,17401,1,1
2021-09-14 15:00:52.195,17400,17401,17401,3,3
2021-09-14 15:00:52.251,17400,17402,17402,1,1
2021-09-14 15:00:52.524,17400,17403,17403,1,1
2021-09-14 15:00:52.804,17400,17403,17403,1,1
2021-09-14 15:00:52.937,17400,17403,17403,1,1
2021-09-14 15:00:53.358,17401,17402,17401,1,-1
2021-09-14 15:00:53.493,17400,17402,17402,5,5
2021-09-14 15:00:53.596,17401,17402,17402,4,4
2021-09-14 15:00:53.596,17401,17402,17403,1,1
2021-09-14 15:00:53.997,17401,17403,17401,1,-1
2021-09-14 15:00:53.997,17401,17403,17401,1,-1
2021-09-14 15:00:54.032,17400,17402,17400,2,-2
2021-09-14 15:00:54.112,17400,17402,17400,1,-1
2021-09-14 15:00:54.112,17400,17402,17400,1,-1
2021-09-14 15:00:54.116,17400,17402,17399,1,-1
2021-09-14 15:00:54.138,17399,17401,17399,1,-1
2021-09-14 15:00:54.164,17399,17401,17399,1,-1
2021-09-14 15:00:54.224,17399,17401,17399,1,-1
2021-09-14 15:00:54.283,17399,17401,17399,1,-1
2021-09-14 15:00:54.294,17399,17401,17399,1,-1
2021-09-14 15:00:54.294,17399,17401,17399,1,-1
2021-09-14 15:00:54.313,17399,17401,17399,1,-1
2021-09-14 15:00:55.324,17399,17400,17399,2,-2
2021-09-14 15:00:55.324,17399,17400,17399,1,-1
2021-09-14 15:00:55.963,17398,17400,17398,8,-8
2021-09-14 15:00:55.963,17398,17400,17397,7,-7
2021-09-14 15:00:55.964,17398,17400,17396,13,-13
2021-09-14 15:00:55.965,17398,17400,17397,3,3
2021-09-14 15:00:55.967,17398,17400,17396,1,-1
2021-09-14 15:00:56.001,17395,17396,17395,8,-8
2021-09-14 15:00:56.001,17395,17396,17395,6,-6
2021-09-14 15:00:56.002,17395,17396,17395,3,-3
2021-09-14 15:00:56.220,17394,17395,17395,1,1
2021-09-14 15:00:56.221,17394,17395,17395,2,2
2021-09-14 15:00:56.848,17394,17396,17394,1,-1
2021-09-14 15:00:57.013,17394,17396,17394,1,-1
2021-09-14 15:00:57.029,17394,17396,17395,1,1
2021-09-14 15:00:57.036,17394,17396,17396,4,4
2021-09-14 15:00:57.236,17394,17396,17397,1,1
2021-09-14 15:00:57.284,17394,17397,17394,3,-3
2021-09-14 15:00:57.376,17394,17396,17396,1,1
2021-09-14 15:00:57.376,17394,17396,17396,1,1
2021-09-14 15:00:57.437,17394,17396,17396,1,1
2021-09-14 15:00:57.458,17394,17396,17397,1,1
2021-09-14 15:00:57.796,17395,17397,17397,1,1
2021-09-14 15:00:57.796,17395,17397,17397,1,1
2021-09-14 15:00:57.796,17395,17397,17397,2,2
2021-09-14 15:00:57.796,17395,17397,17397,1,1
2021-09-14 15:00:57.796,17395,17397,17397,1,1
2021-09-14 15:00:57.796,17395,17397,17397,2,2
2021-09-14 15:00:57.796,17395,17397,17397,1,1
2021-09-14 15:00:57.796,17395,17397,17397,1,1
2021-09-14 15:00:57.991,17396,17397,17396,5,-5
2021-09-14 15:00:57.991,17396,17397,17396,1,-1
2021-09-14 15:00:58.117,17396,17397,17397,1,1
2021-09-14 15:00:58.150,17396,17397,17397,1,1
2021-09-14 15:00:58.171,17396,17397,17396,2,-2
2021-09-14 15:00:58.917,17395,17397,17397,1,1
2021-09-14 15:00:59.028,17395,17397,17397,1,1
2021-09-14 15:00:59.226,17395,17397,17397,1,1
2021-09-14 15:00:59.332,17395,17397,17397,1,1
2021-09-14 15:00:59.364,17395,17397,17395,2,-2
2021-09-14 15:00:59.365,17395,17397,17395,1,-1
2021-09-14 15:00:59.365,17395,17397,17396,1,1
2021-09-14 15:00:59.626,17395,17396,17396,1,1
2021-09-14 15:00:59.771,17395,17396,17395,1,-1
2021-09-14 15:00:59.809,17395,17396,17394,1,-1
2021-09-14 15:01:00.004,17394,17396,17395,1,1
2021-09-14 15:01:00.033,17394,17396,17394,1,-1
2021-09-14 15:01:00.034,17394,17396,17394,3,-3
2021-09-14 15:01:00.034,17394,17396,17394,2,-2
2021-09-14 15:01:00.034,17394,17396,17394,1,-1
2021-09-14 15:01:00.039,17394,17396,17393,1,-1
2021-09-14 15:01:00.039,17394,17396,17393,1,-1
2021-09-14 15:01:00.040,17394,17396,17394,1,1
2021-09-14 15:01:00.053,17394,17396,17393,3,-3
2021-09-14 15:01:00.054,17394,17396,17393,3,-3
2021-09-14 15:01:00.054,17394,17396,17392,1,-1
2021-09-14 15:01:00.055,17394,17396,17392,3,-3
2021-09-14 15:01:00.058,17394,17396,17392,2,-2
2021-09-14 15:01:00.059,17394,17396,17392,2,-2
2021-09-14 15:01:00.059,17394,17396,17392,3,-3
2021-09-14 15:01:00.091,17394,17396,17391,1,-1
2021-09-14 15:01:00.091,17394,17396,17391,2,-2
2021-09-14 15:01:00.092,17394,17396,17392,1,1
2021-09-14 15:01:00.113,17394,17396,17391,1,-1
2021-09-14 15:01:00.114,17394,17396,17391,1,-1
2021-09-14 15:01:00.115,17394,17396,17391,1,-1
2021-09-14 15:01:00.115,17394,17396,17391,3,-3
2021-09-14 15:01:00.119,17394,17396,17390,1,-1
2021-09-14 15:01:00.122,17394,17396,17390,1,-1
2021-09-14 15:01:00.124,17394,17396,17390,2,-2
2021-09-14 15:01:00.130,17390,17392,17390,2,-2
2021-09-14 15:01:00.130,17390,17392,17390,2,-2
2021-09-14 15:01:00.130,17390,17392,17390,5,-5
2021-09-14 15:01:00.130,17390,17392,17390,1,-1
2021-09-14 15:01:00.131,17390,17392,17389,1,-1
2021-09-14 15:01:00.131,17390,17392,17389,1,-1
2021-09-14 15:01:00.131,17390,17392,17389,1,-1
2021-09-14 15:01:00.131,17390,17392,17389,2,-2
2021-09-14 15:01:00.133,17390,17392,17389,1,-1
2021-09-14 15:01:00.134,17390,17392,17389,1,-1
2021-09-14 15:01:00.136,17390,17392,17388,1,-1
2021-09-14 15:01:00.137,17390,17392,17388,1,-1
2021-09-14 15:01:00.293,17388,17390,17388,4,-4
2021-09-14 15:01:00.293,17388,17390,17387,6,-6
2021-09-14 15:01:00.293,17388,17390,17386,2,-2
2021-09-14 15:01:00.307,17388,17390,17386,1,-1
2021-09-14 15:01:00.339,17388,17390,17388,1,1
2021-09-14 15:01:00.389,17387,17389,17387,1,-1
2021-09-14 15:01:00.389,17387,17389,17386,2,-2
2021-09-14 15:01:00.392,17387,17389,17386,6,-6
2021-09-14 15:01:00.402,17387,17389,17388,1,1
2021-09-14 15:01:00.414,17387,17389,17386,1,-1
2021-09-14 15:01:00.455,17387,17389,17386,2,-2
2021-09-14 15:01:00.596,17387,17389,17390,5,5
2021-09-14 15:01:00.815,17389,17391,17389,1,-1
2021-09-14 15:01:00.999,17389,17391,17391,1,1
2021-09-14 15:01:01.005,17390,17391,17391,1,1
2021-09-14 15:01:01.013,17390,17391,17392,1,1
2021-09-14 15:01:01.114,17390,17391,17392,1,1
2021-09-14 15:01:01.115,17390,17391,17392,1,1
2021-09-14 15:01:01.115,17390,17391,17392,2,2
2021-09-14 15:01:01.128,17391,17393,17391,1,-1
2021-09-14 15:01:01.128,17391,17393,17391,2,-2
2021-09-14 15:01:01.128,17391,17393,17391,1,-1
2021-09-14 15:01:01.128,17391,17393,17391,1,-1
2021-09-14 15:01:01.128,17391,17393,17391,1,-1
2021-09-14 15:01:01.128,17391,17393,17391,1,-1
2021-09-14 15:01:01.128,17391,17393,17391,1,-1
2021-09-14 15:01:01.129,17391,17393,17390,2,-2
2021-09-14 15:01:01.129,17391,17393,17390,1,-1
2021-09-14 15:01:01.129,17391,17393,17390,1,-1
2021-09-14 15:01:01.130,17391,17393,17390,1,-1
2021-09-14 15:01:01.131,17391,17393,17390,1,-1
2021-09-14 15:01:01.131,17391,17393,17389,1,-1
2021-09-14 15:01:01.131,17391,17393,17389,1,-1
2021-09-14 15:01:01.131,17391,17393,17389,1,-1
2021-09-14 15:01:01.131,17391,17393,17389,2,-2
2021-09-14 15:01:01.131,17391,17393,17389,1,-1
2021-09-14 15:01:01.132,17391,17393,17389,1,-1
2021-09-14 15:01:01.132,17391,17393,17389,1,-1
2021-09-14 15:01:01.176,17391,17393,17390,1,1
2021-09-14 15:01:01.284,17389,17391,17391,1,1
2021-09-14 15:01:01.511,17389,17391,17391,3,3
2021-09-14 15:01:01.561,17389,17391,17391,1,1
2021-09-14 15:01:01.626,17391,17392,17392,1,1
2021-09-14 15:01:01.751,17391,17393,17393,1,1
2021-09-14 15:01:02.251,17392,17393,17393,2,2
2021-09-14 15:01:02.376,17393,17395,17395,1,1
2021-09-14 15:01:02.378,17393,17395,17396,1,1
2021-09-14 15:01:02.501,17393,17396,17396,1,1
2021-09-14 15:01:02.582,17393,17396,17394,1,-1
2021-09-14 15:01:02.626,17393,17396,17396,2,2
2021-09-14 15:01:02.628,17393,17396,17394,1,-1
2021-09-14 15:01:02.636,17393,17396,17394,1,-1
2021-09-14 15:01:02.894,17395,17396,17395,1,1
2021-09-14 15:01:02.894,17395,17396,17394,5,-5
2021-09-14 15:01:03.049,17394,17395,17394,1,-1
2021-09-14 15:01:03.050,17394,17395,17394,3,-3
2021-09-14 15:01:03.144,17393,17395,17395,5,5
2021-09-14 15:01:03.439,17393,17395,17395,1,1
2021-09-14 15:01:04.326,17393,17395,17395,4,4
2021-09-14 15:01:04.329,17393,17395,17396,1,1
2021-09-14 15:01:04.329,17393,17395,17396,1,1
2021-09-14 15:01:04.433,17396,17397,17396,1,-1
2021-09-14 15:01:04.434,17396,17397,17396,1,-1
2021-09-14 15:01:04.828,17395,17397,17396,1,-1
2021-09-14 15:01:05.074,17395,17397,17395,2,-2
2021-09-14 15:01:05.083,17395,17397,17396,1,1
2021-09-14 15:01:05.531,17395,17397,17397,1,1
2021-09-14 15:01:05.601,17395,17397,17395,1,-1
2021-09-14 15:01:06.281,17395,17397,17395,1,-1
2021-09-14 15:01:06.657,17395,17397,17397,1,1
2021-09-14 15:01:07.097,17395,17397,17397,6,6
2021-09-14 15:01:07.128,17396,17397,17396,1,-1
2021-09-14 15:01:07.128,17396,17397,17396,1,-1
2021-09-14 15:01:07.128,17396,17397,17396,1,-1
2021-09-14 15:01:07.128,17396,17397,17395,3,-3
2021-09-14 15:01:07.128,17396,17397,17395,2,-2
2021-09-14 15:01:07.128,17396,17397,17395,1,-1
2021-09-14 15:01:07.128,17396,17397,17395,2,-2
2021-09-14 15:01:07.128,17396,17397,17395,1,-1
2021-09-14 15:01:07.128,17396,17397,17395,2,-2
2021-09-14 15:01:07.128,17396,17397,17395,2,-2
2021-09-14 15:01:07.128,17396,17397,17395,1,-1
2021-09-14 15:01:07.128,17396,17397,17395,1,-1
2021-09-14 15:01:07.128,17396,17397,17395,3,-3
2021-09-14 15:01:07.128,17396,17397,17395,1,-1
2021-09-14 15:01:07.128,17396,17397,17395,1,-1
2021-09-14 15:01:07.128,17396,17397,17395,1,-1
2021-09-14 15:01:07.129,17396,17397,17395,1,-1
2021-09-14 15:01:07.129,17396,17397,17395,1,-1
2021-09-14 15:01:07.129,17396,17397,17395,1,-1
2021-09-14 15:01:07.129,17396,17397,17395,1,-1
2021-09-14 15:01:07.129,17396,17397,17395,1,-1
2021-09-14 15:01:07.129,17396,17397,17395,1,-1
2021-09-14 15:01:07.134,17396,17397,17396,1,1
2021-09-14 15:01:07.386,17395,17397,17395,5,-5
2021-09-14 15:01:07.427,17395,17397,17397,6,6
2021-09-14 15:01:07.766,17395,17397,17397,6,6
2021-09-14 15:01:08.273,17395,17397,17395,1,-1
2021-09-14 15:01:08.397,17395,17397,17395,1,-1
2021-09-14 15:01:09.924,17395,17396,17396,1,1
2021-09-14 15:01:09.925,17395,17396,17395,1,-1
2021-09-14 15:01:10.085,17395,17396,17395,1,-1
2021-09-14 15:01:10.085,17395,17396,17395,1,-1
2021-09-14 15:01:10.200,17395,17396,17395,10,-10
2021-09-14 15:01:10.772,17393,17395,17395,4,4
2021-09-14 15:01:11.327,17393,17395,17395,1,1
2021-09-14 15:01:11.940,17393,17395,17395,1,1
2021-09-14 15:01:12.120,17393,17395,17395,5,5
2021-09-14 15:01:14.136,17394,17396,17394,5,-5
2021-09-14 15:01:14.157,17394,17396,17395,2,2
2021-09-14 15:01:14.158,17394,17396,17395,2,-2
2021-09-14 15:01:14.229,17394,17396,17395,6,-6
2021-09-14 15:01:14.280,17393,17395,17394,1,-1
2021-09-14 15:01:16.320,17394,17395,17395,1,1
2021-09-14 15:01:16.364,17394,17395,17395,1,1
2021-09-14 15:01:16.364,17394,17395,17395,1,1
2021-09-14 15:01:16.364,17394,17395,17395,2,2
2021-09-14 15:01:17.099,17395,17396,17396,1,1
2021-09-14 15:01:17.127,17395,17396,17395,3,-3
2021-09-14 15:01:17.127,17395,17396,17395,1,-1
2021-09-14 15:01:17.127,17395,17396,17395,1,-1
2021-09-14 15:01:17.128,17395,17396,17395,1,-1
2021-09-14 15:01:17.128,17395,17396,17394,1,-1
2021-09-14 15:01:17.128,17395,17396,17394,1,-1
2021-09-14 15:01:17.128,17395,17396,17394,3,-3
2021-09-14 15:01:17.128,17395,17396,17394,1,-1
2021-09-14 15:01:17.128,17395,17396,17394,3,-3
2021-09-14 15:01:17.128,17395,17396,17396,3,3
2021-09-14 15:01:17.128,17395,17396,17394,1,-1
2021-09-14 15:01:17.128,17395,17396,17395,1,1
2021-09-14 15:01:17.128,17395,17396,17394,1,-1
2021-09-14 15:01:17.129,17395,17396,17395,1,1
2021-09-14 15:01:17.129,17395,17396,17395,1,-1
2021-09-14 15:01:17.129,17395,17396,17395,1,-1
2021-09-14 15:01:17.129,17395,17396,17395,1,-1
2021-09-14 15:01:17.129,17395,17396,17395,1,-1
2021-09-14 15:01:17.129,17395,17396,17394,1,-1
2021-09-14 15:01:17.130,17395,17396,17394,1,-1
2021-09-14 15:01:17.130,17395,17396,17394,1,-1
2021-09-14 15:01:17.130,17395,17396,17394,1,-1
2021-09-14 15:01:17.130,17395,17396,17394,1,-1
2021-09-14 15:01:17.131,17395,17396,17394,1,-1
2021-09-14 15:01:17.131,17395,17396,17394,1,-1
2021-09-14 15:01:17.131,17395,17396,17394,1,-1
2021-09-14 15:01:17.131,17395,17396,17394,1,-1
2021-09-14 15:01:17.131,17395,17396,17394,1,-1
2021-09-14 15:01:17.132,17395,17396,17394,2,-2
2021-09-14 15:01:17.133,17395,17396,17394,1,-1
2021-09-14 15:01:17.985,17394,17396,17394,29,-29
2021-09-14 15:01:17.985,17394,17396,17393,15,-15
2021-09-14 15:01:17.986,17394,17396,17392,4,-4
2021-09-14 15:01:17.987,17394,17396,17392,1,-1
2021-09-14 15:01:17.987,17394,17396,17392,1,-1
2021-09-14 15:01:17.987,17394,17396,17392,3,-3
2021-09-14 15:01:18.003,17391,17392,17392,1,1
2021-09-14 15:01:18.126,17391,17392,17391,2,-2
2021-09-14 15:01:18.221,17391,17392,17392,1,1
2021-09-14 15:01:18.256,17390,17392,17392,4,4
2021-09-14 15:01:19.033,17390,17392,17391,1,-1
2021-09-14 15:01:19.034,17390,17392,17392,1,1
2021-09-14 15:01:19.310,17391,17392,17391,1,-1
2021-09-14 15:01:19.478,17391,17392,17391,1,-1
2021-09-14 15:01:19.501,17391,17392,17391,1,-1
2021-09-14 15:01:19.626,17391,17393,17391,1,-1
2021-09-14 15:01:19.646,17391,17393,17391,1,-1
2021-09-14 15:01:20.351,17391,17393,17393,1,1
2021-09-14 15:01:20.679,17391,17393,17392,1,-1
2021-09-14 15:01:20.985,17392,17393,17393,1,1
2021-09-14 15:01:21.265,17392,17393,17393,1,1
2021-09-14 15:01:21.350,17392,17393,17392,1,-1
2021-09-14 15:01:21.350,17392,17393,17392,1,-1
2021-09-14 15:01:21.819,17392,17393,17393,1,1
2021-09-14 15:01:21.878,17392,17393,17392,4,-4
2021-09-14 15:01:22.426,17391,17393,17392,1,-1
2021-09-14 15:01:22.668,17392,17393,17393,1,1
2021-09-14 15:01:22.668,17392,17393,17392,1,-1
2021-09-14 15:01:22.751,17392,17393,17393,4,4
2021-09-14 15:01:22.751,17392,17393,17393,24,24
2021-09-14 15:01:22.752,17392,17393,17393,6,6
2021-09-14 15:01:22.752,17392,17393,17393,1,1
2021-09-14 15:01:22.752,17392,17393,17393,3,3
2021-09-14 15:01:22.752,17392,17393,17393,1,1
2021-09-14 15:01:22.752,17392,17393,17393,12,12
2021-09-14 15:01:22.752,17392,17393,17394,1,1
2021-09-14 15:01:22.811,17392,17393,17395,1,1
2021-09-14 15:01:23.278,17395,17396,17396,1,1
2021-09-14 15:01:24.676,17395,17396,17395,1,-1
2021-09-14 15:01:25.686,17395,17396,17395,1,-1
2021-09-14 15:01:25.982,17393,17396,17396,8,8
2021-09-14 15:01:26.395,17396,17397,17396,1,-1
2021-09-14 15:01:27.383,17396,17397,17396,4,-4
2021-09-14 15:01:27.502,17395,17397,17395,2,-2
2021-09-14 15:01:27.502,17395,17397,17394,1,-1
2021-09-14 15:01:27.502,17395,17397,17394,2,-2
2021-09-14 15:01:27.502,17395,17397,17394,1,-1
2021-09-14 15:01:27.503,17395,17397,17394,1,-1
2021-09-14 15:01:27.503,17395,17397,17394,1,-1
2021-09-14 15:01:27.503,17395,17397,17394,1,-1
2021-09-14 15:01:27.503,17395,17397,17394,2,-2
2021-09-14 15:01:27.503,17395,17397,17394,1,-1
2021-09-14 15:01:27.503,17395,17397,17393,1,-1
2021-09-14 15:01:27.503,17395,17397,17393,2,-2
2021-09-14 15:01:27.503,17395,17397,17393,1,-1
2021-09-14 15:01:27.503,17395,17397,17393,1,-1
2021-09-14 15:01:27.503,17395,17397,17393,1,-1
2021-09-14 15:01:27.504,17395,17397,17393,1,-1
2021-09-14 15:01:27.504,17395,17397,17393,1,-1
2021-09-14 15:01:27.504,17395,17397,17393,1,-1
2021-09-14 15:01:27.504,17395,17397,17393,1,-1
2021-09-14 15:01:27.504,17395,17397,17393,1,-1
2021-09-14 15:01:27.504,17395,17397,17392,1,-1
2021-09-14 15:01:27.505,17395,17397,17392,2,-2
2021-09-14 15:01:27.505,17395,17397,17392,1,-1
2021-09-14 15:01:27.505,17395,17397,17392,1,-1
2021-09-14 15:01:27.505,17395,17397,17392,1,-1
2021-09-14 15:01:27.505,17395,17397,17392,1,-1
2021-09-14 15:01:27.811,17391,17392,17392,1,1
2021-09-14 15:01:28.134,17392,17394,17394,1,1
2021-09-14 15:01:28.570,17393,17395,17395,2,2
2021-09-14 15:01:28.610,17393,17395,17395,1,1
2021-09-14 15:01:29.090,17394,17396,17396,8,8
2021-09-14 15:01:29.090,17394,17396,17397,13,13
2021-09-14 15:01:29.126,17397,17398,17398,1,1
2021-09-14 15:01:29.368,17397,17398,17397,1,-1
2021-09-14 15:01:29.404,17397,17398,17398,1,1
2021-09-14 15:01:29.460,17397,17398,17398,1,1
2021-09-14 15:01:29.597,17398,17399,17398,1,-1
2021-09-14 15:01:32.110,17398,17399,17399,5,5
2021-09-14 15:01:32.445,17399,17400,17399,1,-1
2021-09-14 15:01:32.891,17399,17400,17399,1,-1
2021-09-14 15:01:32.892,17399,17400,17399,1,-1
2021-09-14 15:01:33.041,17399,17400,17399,1,-1
2021-09-14 15:01:33.042,17399,17400,17399,1,-1
2021-09-14 15:01:33.042,17399,17400,17399,1,-1
2021-09-14 15:01:33.436,17398,17400,17398,1,-1
2021-09-14 15:01:34.148,17397,17399,17397,1,-1
2021-09-14 15:01:34.184,17397,17399,17398,1,1
2021-09-14 15:01:34.860,17398,17400,17399,1,1
2021-09-14 15:01:34.860,17398,17400,17400,3,3
2021-09-14 15:01:35.337,17398,17400,17400,1,1
2021-09-14 15:01:36.093,17398,17399,17399,1,1
2021-09-14 15:01:36.594,17398,17400,17398,1,-1
2021-09-14 15:01:36.770,17398,17400,17398,1,-1
2021-09-14 15:01:36.770,17398,17400,17397,30,-30
2021-09-14 15:01:36.770,17398,17400,17396,3,-3
2021-09-14 15:01:36.772,17398,17400,17395,4,-4
2021-09-14 15:01:36.772,17398,17400,17396,3,3
2021-09-14 15:01:36.772,17398,17400,17395,1,-1
2021-09-14 15:01:36.772,17398,17400,17396,2,2
2021-09-14 15:01:36.773,17398,17400,17395,1,-1
2021-09-14 15:01:36.776,17398,17400,17394,4,-4
2021-09-14 15:01:36.797,17398,17400,17394,1,-1
2021-09-14 15:01:37.165,17393,17395,17395,1,1
2021-09-14 15:01:37.252,17393,17395,17393,2,-2
2021-09-14 15:01:37.252,17393,17395,17393,1,-1
2021-09-14 15:01:37.252,17393,17395,17393,1,-1
2021-09-14 15:01:37.253,17393,17395,17392,2,-2
2021-09-14 15:01:37.253,17393,17395,17392,1,-1
2021-09-14 15:01:37.253,17393,17395,17392,1,-1
2021-09-14 15:01:37.253,17393,17395,17392,1,-1
2021-09-14 15:01:37.253,17393,17395,17392,1,-1
2021-09-14 15:01:37.253,17393,17395,17392,1,-1
2021-09-14 15:01:37.253,17393,17395,17392,1,-1
2021-09-14 15:01:37.254,17393,17395,17391,1,-1
2021-09-14 15:01:37.254,17393,17395,17391,1,-1
2021-09-14 15:01:37.255,17393,17395,17391,1,-1
2021-09-14 15:01:37.328,17393,17395,17393,1,1
2021-09-14 15:01:37.706,17391,17393,17393,4,4
2021-09-14 15:01:37.706,17391,17393,17394,6,6
2021-09-14 15:01:38.092,17392,17394,17394,2,2
2021-09-14 15:01:38.092,17392,17394,17395,7,7
2021-09-14 15:01:38.092,17392,17394,17396,41,41
2021-09-14 15:01:38.094,17392,17394,17396,18,18
2021-09-14 15:01:38.094,17392,17394,17396,1,1
2021-09-14 15:01:38.094,17392,17394,17396,1,1
2021-09-14 15:01:38.174,17395,17397,17397,1,1
2021-09-14 15:01:38.176,17395,17397,17397,1,1
2021-09-14 15:01:38.308,17396,17398,17398,1,1
2021-09-14 15:01:38.627,17396,17399,17399,1,1
2021-09-14 15:01:40.183,17396,17399,17396,2,-2
2021-09-14 15:01:40.477,17395,17397,17397,1,1
2021-09-14 15:01:40.913,17395,17397,17397,4,4
2021-09-14 15:01:40.913,17395,17397,17398,9,9
2021-09-14 15:01:40.913,17395,17397,17399,9,9
2021-09-14 15:01:40.913,17395,17397,17400,17,17
2021-09-14 15:01:40.913,17395,17397,17401,6,6
2021-09-14 15:01:40.913,17395,17397,17402,5,5
2021-09-14 15:01:40.918,17395,17397,17402,1,1
2021-09-14 15:01:40.918,17395,17397,17402,1,1
2021-09-14 15:01:40.918,17395,17397,17402,1,1
2021-09-14 15:01:40.919,17395,17397,17402,1,1
2021-09-14 15:01:40.920,17395,17397,17401,10,10
2021-09-14 15:01:40.935,17395,17397,17401,1,1
2021-09-14 15:01:40.959,17395,17397,17402,1,1
2021-09-14 15:01:40.969,17395,17397,17400,1,1
2021-09-14 15:01:41.137,17401,17403,17401,1,1
2021-09-14 15:01:41.137,17401,17403,17400,2,-2
2021-09-14 15:01:43.359,17400,17402,17397,1,-1
2021-09-14 15:01:43.359,17400,17402,17397,1,-1
2021-09-14 15:01:43.359,17400,17402,17396,4,-4
2021-09-14 15:01:43.359,17400,17402,17396,4,-4
2021-09-14 15:01:43.360,17400,17402,17396,2,-2
2021-09-14 15:01:43.360,17400,17402,17396,1,-1
2021-09-14 15:01:43.360,17400,17402,17397,1,1
2021-09-14 15:01:43.361,17400,17402,17396,1,-1
2021-09-14 15:01:43.361,17400,17402,17396,1,-1
2021-09-14 15:01:43.361,17400,17402,17396,1,-1
2021-09-14 15:01:43.361,17400,17402,17396,1,-1
2021-09-14 15:01:43.369,17400,17402,17395,1,-1
2021-09-14 15:01:43.371,17400,17402,17395,4,-4
2021-09-14 15:01:43.373,17400,17402,17395,1,-1
2021-09-14 15:01:43.451,17395,17396,17396,1,1
2021-09-14 15:01:43.918,17395,17396,17396,1,1
2021-09-14 15:01:44.293,17395,17396,17396,8,8
2021-09-14 15:01:46.714,17396,17397,17396,1,-1
2021-09-14 15:01:46.843,17395,17397,17396,1,-1
2021-09-14 15:01:47.858,17395,17397,17395,1,-1
2021-09-14 15:01:47.878,17395,17397,17395,1,-1
2021-09-14 15:01:47.878,17395,17397,17395,1,-1
2021-09-14 15:01:47.878,17395,17397,17395,1,-1
2021-09-14 15:01:47.878,17395,17397,17395,1,-1
2021-09-14 15:01:47.879,17395,17397,17395,1,-1
2021-09-14 15:01:47.879,17395,17397,17394,1,-1
2021-09-14 15:01:48.415,17394,17397,17396,1,1
2021-09-14 15:01:48.695,17394,17397,17394,2,-2
2021-09-14 15:01:49.551,17394,17395,17395,1,1
2021-09-14 15:01:49.712,17394,17396,17396,2,2
2021-09-14 15:01:49.713,17394,17396,17396,8,8
2021-09-14 15:01:50.682,17395,17397,17395,2,-2
2021-09-14 15:01:51.231,17394,17396,17395,2,-2
2021-09-14 15:01:51.266,17395,17396,17396,1,1
2021-09-14 15:01:51.334,17395,17396,17396,1,1
2021-09-14 15:01:51.334,17395,17396,17397,4,4
2021-09-14 15:01:51.796,17395,17397,17397,1,1
2021-09-14 15:01:53.527,17396,17397,17396,1,-1
2021-09-14 15:01:55.196,17395,17396,17395,1,-1
2021-09-14 15:01:55.196,17395,17396,17395,2,-2
2021-09-14 15:01:55.321,17395,17396,17396,1,1
2021-09-14 15:01:55.603,17395,17396,17395,1,-1
2021-09-14 15:01:55.603,17395,17396,17395,2,-2
2021-09-14 15:01:56.196,17395,17396,17396,2,2
2021-09-14 15:01:57.039,17395,17396,17396,1,1
2021-09-14 15:01:57.207,17395,17396,17395,1,-1
2021-09-14 15:01:57.207,17395,17396,17395,2,-2
2021-09-14 15:01:57.742,17396,17398,17396,1,1
2021-09-14 15:01:59.857,17396,17398,17396,1,-1
2021-09-14 15:02:00.034,17396,17398,17396,1,-1
2021-09-14 15:02:00.141,17396,17398,17396,2,-2
2021-09-14 15:02:00.245,17396,17398,17396,3,-3
2021-09-14 15:02:00.245,17396,17398,17396,2,-2
2021-09-14 15:02:00.246,17396,17398,17396,7,-7
2021-09-14 15:02:00.278,17395,17396,17395,2,-2
2021-09-14 15:02:00.280,17395,17396,17395,1,-1
2021-09-14 15:02:00.313,17395,17396,17394,1,-1
2021-09-14 15:02:00.313,17395,17396,17394,1,-1
2021-09-14 15:02:00.345,17395,17396,17394,1,-1
2021-09-14 15:02:00.376,17394,17396,17394,2,-2
2021-09-14 15:02:00.376,17394,17396,17394,1,-1
2021-09-14 15:02:00.388,17394,17396,17394,2,-2
2021-09-14 15:02:00.388,17394,17396,17394,11,-11
2021-09-14 15:02:00.388,17394,17396,17394,1,-1
2021-09-14 15:02:00.388,17394,17396,17394,3,-3
2021-09-14 15:02:00.389,17394,17396,17394,1,-1
2021-09-14 15:02:00.408,17394,17396,17393,1,-1
2021-09-14 15:02:00.415,17394,17396,17393,1,-1
2021-09-14 15:02:00.457,17394,17396,17393,3,-3
2021-09-14 15:02:00.457,17394,17396,17392,1,-1
2021-09-14 15:02:00.458,17394,17396,17393,1,1
2021-09-14 15:02:00.490,17394,17396,17392,4,-4
2021-09-14 15:02:00.490,17394,17396,17391,2,-2
2021-09-14 15:02:00.493,17394,17396,17392,2,2
2021-09-14 15:02:00.747,17391,17393,17393,1,1
2021-09-14 15:02:00.930,17391,17393,17393,2,2
2021-09-14 15:02:00.966,17391,17393,17391,3,-3
2021-09-14 15:02:00.977,17391,17393,17391,1,-1
2021-09-14 15:02:01.002,17391,17394,17391,4,-4
2021-09-14 15:02:01.022,17391,17394,17391,2,-2
2021-09-14 15:02:01.023,17391,17394,17391,1,-1
2021-09-14 15:02:01.024,17391,17394,17392,1,1
2021-09-14 15:02:01.028,17391,17394,17393,1,1
2021-09-14 15:02:01.097,17391,17394,17391,1,-1
2021-09-14 15:02:01.102,17391,17394,17392,1,1
2021-09-14 15:02:01.113,17391,17394,17391,1,-1
2021-09-14 15:02:01.128,17391,17392,17391,1,-1
2021-09-14 15:02:01.136,17391,17392,17391,1,-1
2021-09-14 15:02:01.324,17391,17392,17392,1,1
2021-09-14 15:02:01.420,17391,17393,17391,2,-2
2021-09-14 15:02:01.573,17391,17393,17393,1,1
2021-09-14 15:02:01.673,17391,17393,17393,1,1
2021-09-14 15:02:01.953,17391,17393,17393,1,1
2021-09-14 15:02:02.229,17392,17394,17393,1,-1
2021-09-14 15:02:02.820,17391,17393,17393,1,1
2021-09-14 15:02:02.869,17391,17393,17393,1,1
2021-09-14 15:02:03.991,17391,17393,17393,5,5
2021-09-14 15:02:05.111,17392,17394,17392,5,-5
2021-09-14 15:02:05.111,17392,17394,17392,1,-1
2021-09-14 15:02:06.040,17392,17394,17393,1,1
2021-09-14 15:02:06.094,17392,17394,17394,1,1
2021-09-14 15:02:06.113,17392,17394,17393,1,-1
2021-09-14 15:02:07.376,17392,17394,17394,1,1
2021-09-14 15:02:07.503,17392,17394,17392,1,-1
2021-09-14 15:02:07.503,17392,17394,17392,1,-1
2021-09-14 15:02:09.312,17393,17394,17393,1,1
2021-09-14 15:02:09.313,17393,17394,17393,1,-1
2021-09-14 15:02:09.458,17393,17394,17393,8,-8
2021-09-14 15:02:10.312,17392,17394,17392,1,-1
2021-09-14 15:02:10.665,17392,17394,17394,1,1
2021-09-14 15:02:10.900,17392,17394,17394,1,1
2021-09-14 15:02:11.451,17392,17394,17393,1,-1
2021-09-14 15:02:11.611,17392,17394,17392,1,-1
2021-09-14 15:02:11.738,17392,17394,17392,1,-1
2021-09-14 15:02:11.738,17392,17394,17392,1,-1
2021-09-14 15:02:12.514,17392,17394,17394,1,1
2021-09-14 15:02:15.231,17392,17394,17393,1,-1
2021-09-14 15:02:17.202,17392,17394,17392,1,-1
2021-09-14 15:02:17.203,17392,17394,17392,4,-4
2021-09-14 15:02:17.277,17391,17393,17393,1,1
2021-09-14 15:02:17.680,17391,17393,17392,1,-1
2021-09-14 15:02:17.992,17391,17393,17392,1,-1
2021-09-14 15:02:18.144,17391,17393,17393,2,2
2021-09-14 15:02:18.246,17391,17393,17393,2,2
2021-09-14 15:02:18.253,17391,17393,17391,1,-1
2021-09-14 15:02:18.857,17391,17393,17391,1,-1
2021-09-14 15:02:19.090,17391,17393,17391,6,-6
2021-09-14 15:02:19.090,17391,17393,17391,1,-1
2021-09-14 15:02:20.852,17391,17393,17392,1,1
2021-09-14 15:02:20.930,17392,17393,17393,1,1
2021-09-14 15:02:22.619,17392,17393,17393,1,1
2021-09-14 15:02:22.862,17392,17394,17393,1,-1
2021-09-14 15:02:22.904,17392,17394,17394,3,3
2021-09-14 15:02:22.904,17392,17394,17395,13,13
2021-09-14 15:02:22.904,17392,17394,17396,13,13
2021-09-14 15:02:22.904,17392,17394,17397,7,7
2021-09-14 15:02:22.907,17392,17394,17396,1,1
2021-09-14 15:02:22.907,17392,17394,17396,1,1
2021-09-14 15:02:22.908,17392,17394,17396,1,1
2021-09-14 15:02:22.908,17392,17394,17396,4,4
2021-09-14 15:02:22.908,17392,17394,17396,1,1
2021-09-14 15:02:22.908,17392,17394,17396,1,1
2021-09-14 15:02:22.920,17392,17394,17396,1,1
2021-09-14 15:02:23.316,17395,17397,17395,2,-2
2021-09-14 15:02:23.929,17395,17397,17395,1,-1
2021-09-14 15:02:24.558,17395,17396,17395,1,-1
2021-09-14 15:02:24.559,17395,17396,17395,1,-1
2021-09-14 15:02:24.707,17395,17396,17395,1,-1
2021-09-14 15:02:24.707,17395,17396,17396,1,1
2021-09-14 15:02:24.708,17395,17396,17395,1,-1
2021-09-14 15:02:25.098,17395,17397,17396,1,1
2021-09-14 15:02:26.346,17395,17397,17395,1,-1
2021-09-14 15:02:26.981,17395,17396,17395,1,-1
2021-09-14 15:02:26.981,17395,17396,17395,1,-1
2021-09-14 15:02:27.889,17395,17396,17396,1,1
2021-09-14 15:02:28.051,17395,17396,17395,4,-4
2021-09-14 15:02:28.317,17393,17395,17393,1,-1
2021-09-14 15:02:28.317,17393,17395,17393,1,-1
2021-09-14 15:02:28.789,17393,17395,17393,1,-1
2021-09-14 15:02:29.304,17393,17394,17394,1,1
2021-09-14 15:02:29.681,17393,17395,17393,1,-1
2021-09-14 15:02:30.037,17393,17395,17394,1,1
2021-09-14 15:02:30.088,17393,17395,17395,1,1
2021-09-14 15:02:31.843,17393,17395,17394,1,-1
2021-09-14 15:02:32.380,17394,17395,17394,1,-1
2021-09-14 15:02:32.381,17394,17395,17394,1,-1
2021-09-14 15:02:32.616,17394,17395,17394,1,-1
2021-09-14 15:02:32.616,17394,17395,17394,1,-1
2021-09-14 15:02:32.885,17394,17395,17395,1,1
2021-09-14 15:02:32.885,17394,17395,17395,1,1
2021-09-14 15:02:32.885,17394,17395,17395,3,3
2021-09-14 15:02:32.885,17394,17395,17395,2,2
2021-09-14 15:02:34.651,17395,17396,17396,1,1
2021-09-14 15:02:35.171,17395,17397,17395,1,-1
2021-09-14 15:02:36.328,17394,17396,17396,3,3
2021-09-14 15:02:36.715,17396,17397,17396,1,-1
2021-09-14 15:02:36.715,17396,17397,17396,1,-1
2021-09-14 15:02:37.386,17396,17397,17396,1,-1
2021-09-14 15:02:37.503,17396,17397,17396,1,-1
2021-09-14 15:02:37.505,17396,17397,17396,1,-1
2021-09-14 15:02:37.505,17396,17397,17396,1,-1
2021-09-14 15:02:37.505,17396,17397,17396,1,-1
2021-09-14 15:02:38.350,17396,17397,17396,3,-3
2021-09-14 15:02:38.638,17396,17397,17397,1,1
2021-09-14 15:02:38.638,17396,17397,17397,1,1
2021-09-14 15:02:38.638,17396,17397,17397,2,2
2021-09-14 15:02:39.835,17397,17398,17398,1,1
2021-09-14 15:02:39.876,17397,17398,17398,1,1
2021-09-14 15:02:40.448,17397,17398,17398,2,2
2021-09-14 15:02:40.448,17397,17398,17399,3,3
2021-09-14 15:02:41.329,17398,17399,17398,1,-1
2021-09-14 15:02:44.687,17397,17399,17399,1,1
2021-09-14 15:02:46.194,17398,17399,17398,1,-1
2021-09-14 15:02:46.436,17398,17399,17398,1,-1
2021-09-14 15:02:46.501,17398,17399,17399,1,1
2021-09-14 15:02:46.972,17398,17399,17398,1,-1
2021-09-14 15:02:47.076,17398,17399,17399,2,2
2021-09-14 15:02:47.077,17398,17399,17399,1,1
2021-09-14 15:02:48.938,17399,17400,17399,1,-1
2021-09-14 15:02:49.419,17398,17400,17399,1,-1
2021-09-14 15:02:50.314,17398,17400,17400,1,1
2021-09-14 15:02:50.834,17398,17400,17400,18,18
2021-09-14 15:02:51.048,17400,17401,17400,1,-1
2021-09-14 15:02:51.543,17400,17401,17400,1,-1
2021-09-14 15:02:52.530,17400,17401,17401,1,1
2021-09-14 15:02:52.701,17400,17402,17400,1,-1
2021-09-14 15:02:54.354,17400,17402,17400,1,-1
2021-09-14 15:02:54.852,17400,17402,17402,1,1
2021-09-14 15:02:55.041,17400,17402,17402,7,7
2021-09-14 15:02:55.571,17401,17402,17402,1,1
2021-09-14 15:02:57.749,17401,17402,17401,1,-1
2021-09-14 15:02:58.023,17401,17402,17402,1,1
2021-09-14 15:02:58.023,17401,17402,17402,1,1
2021-09-14 15:02:58.692,17402,17403,17402,1,-1
2021-09-14 15:02:59.227,17402,17403,17403,4,4
2021-09-14 15:02:59.227,17402,17403,17404,1,1
2021-09-14 15:02:59.561,17402,17404,17404,1,1
2021-09-14 15:03:00.050,17402,17404,17402,1,-1
2021-09-14 15:03:00.053,17402,17404,17402,2,-2
2021-09-14 15:03:00.065,17402,17404,17402,2,-2
2021-09-14 15:03:00.069,17402,17404,17402,3,-3
2021-09-14 15:03:00.073,17402,17404,17402,1,-1
2021-09-14 15:03:00.073,17402,17404,17401,3,-3
2021-09-14 15:03:00.074,17402,17404,17401,1,-1
2021-09-14 15:03:00.078,17402,17404,17401,1,-1
2021-09-14 15:03:00.078,17402,17404,17400,3,-3
2021-09-14 15:03:00.087,17402,17404,17400,2,-2
2021-09-14 15:03:00.088,17402,17404,17400,1,-1
2021-09-14 15:03:00.088,17402,17404,17400,1,-1
2021-09-14 15:03:00.088,17402,17404,17400,2,-2
2021-09-14 15:03:00.088,17402,17404,17400,2,-2
2021-09-14 15:03:00.097,17402,17404,17400,1,-1
2021-09-14 15:03:00.097,17402,17404,17399,2,-2
2021-09-14 15:03:00.128,17399,17400,17399,1,-1
2021-09-14 15:03:00.129,17399,17400,17399,1,-1
2021-09-14 15:03:00.130,17399,17400,17399,1,-1
2021-09-14 15:03:00.149,17399,17400,17400,1,1
2021-09-14 15:03:00.161,17399,17400,17399,2,-2
2021-09-14 15:03:00.275,17399,17401,17401,4,4
2021-09-14 15:03:01.007,17400,17401,17401,3,3
2021-09-14 15:03:01.007,17400,17401,17402,2,2
2021-09-14 15:03:01.127,17401,17402,17401,1,-1
2021-09-14 15:03:01.127,17401,17402,17401,1,-1
2021-09-14 15:03:01.128,17401,17402,17401,1,-1
2021-09-14 15:03:01.128,17401,17402,17401,1,-1
2021-09-14 15:03:01.128,17401,17402,17400,1,-1
2021-09-14 15:03:01.128,17401,17402,17400,1,-1
2021-09-14 15:03:01.129,17401,17402,17400,1,-1
2021-09-14 15:03:01.129,17401,17402,17399,1,-1
2021-09-14 15:03:01.129,17401,17402,17399,1,-1
2021-09-14 15:03:01.130,17401,17402,17399,1,-1
2021-09-14 15:03:01.522,17400,17402,17400,1,1
2021-09-14 15:03:01.523,17400,17402,17400,1,-1
2021-09-14 15:03:01.523,17400,17402,17399,1,-1
2021-09-14 15:03:01.722,17399,17402,17400,1,1
2021-09-14 15:03:02.542,17400,17401,17401,1,1
2021-09-14 15:03:03.101,17400,17402,17402,1,1
2021-09-14 15:03:04.040,17400,17401,17401,1,1
2021-09-14 15:03:05.148,17400,17401,17401,1,1
2021-09-14 15:03:06.774,17400,17401,17401,6,6
2021-09-14 15:03:06.919,17401,17402,17402,1,1
2021-09-14 15:03:08.514,17401,17402,17401,2,-2
2021-09-14 15:03:08.627,17401,17402,17401,1,-1
2021-09-14 15:03:08.628,17401,17402,17401,1,-1
2021-09-14 15:03:08.628,17401,17402,17401,1,-1
2021-09-14 15:03:08.628,17401,17402,17401,1,-1
2021-09-14 15:03:08.628,17401,17402,17401,1,-1
2021-09-14 15:03:08.628,17401,17402,17401,1,-1
2021-09-14 15:03:08.629,17401,17402,17401,1,-1
2021-09-14 15:03:08.629,17401,17402,17401,1,-1
2021-09-14 15:03:08.629,17401,17402,17400,1,-1
2021-09-14 15:03:08.629,17401,17402,17400,1,-1
2021-09-14 15:03:08.631,17401,17402,17400,1,-1
2021-09-14 15:03:09.504,17400,17401,17401,1,1
2021-09-14 15:03:10.379,17401,17402,17401,1,-1
2021-09-14 15:03:10.821,17401,17402,17402,1,1
2021-09-14 15:03:11.570,17401,17402,17402,10,10
2021-09-14 15:03:11.570,17401,17402,17402,1,1
2021-09-14 15:03:11.571,17401,17402,17402,1,1
2021-09-14 15:03:11.906,17401,17403,17403,9,9
2021-09-14 15:03:11.906,17401,17403,17404,11,11
2021-09-14 15:03:12.212,17403,17405,17403,9,-9
2021-09-14 15:03:12.898,17401,17402,17402,1,1
2021-09-14 15:03:13.033,17401,17402,17402,1,1
2021-09-14 15:03:13.111,17401,17402,17402,1,1
2021-09-14 15:03:13.399,17401,17402,17402,1,1
2021-09-14 15:03:13.711,17401,17402,17402,1,1
2021-09-14 15:03:14.661,17401,17402,17401,1,-1
2021-09-14 15:03:14.661,17401,17402,17401,1,-1
2021-09-14 15:03:14.772,17400,17401,17400,1,-1
2021-09-14 15:03:14.772,17400,17401,17400,1,-1
2021-09-14 15:03:14.772,17400,17401,17400,1,-1
2021-09-14 15:03:14.773,17400,17401,17400,1,-1
2021-09-14 15:03:14.773,17400,17401,17400,4,-4
2021-09-14 15:03:14.773,17400,17401,17400,9,-9
2021-09-14 15:03:14.773,17400,17401,17400,2,-2
2021-09-14 15:03:14.989,17399,17400,17400,1,1
2021-09-14 15:03:15.645,17399,17401,17401,1,1
2021-09-14 15:03:16.767,17399,17401,17401,10,10
2021-09-14 15:03:17.134,17400,17401,17400,5,-5
2021-09-14 15:03:17.134,17400,17401,17399,28,-28
2021-09-14 15:03:17.135,17400,17401,17399,6,-6
2021-09-14 15:03:17.136,17400,17401,17399,1,-1
2021-09-14 15:03:17.254,17398,17400,17398,1,-1
2021-09-14 15:03:17.717,17398,17399,17398,11,-11
2021-09-14 15:03:18.991,17397,17399,17399,1,1
2021-09-14 15:03:21.200,17397,17399,17399,1,1
2021-09-14 15:03:21.261,17398,17399,17399,1,1
2021-09-14 15:03:21.261,17398,17399,17399,3,3
2021-09-14 15:03:21.442,17399,17400,17399,1,-1
2021-09-14 15:03:22.255,17399,17400,17400,1,1
2021-09-14 15:03:22.608,17399,17400,17399,1,-1
2021-09-14 15:03:22.608,17399,17400,17399,1,-1
2021-09-14 15:03:22.722,17399,17400,17400,1,1
2021-09-14 15:03:22.723,17399,17400,17399,1,-1
2021-09-14 15:03:22.914,17398,17400,17398,1,-1
2021-09-14 15:03:23.687,17398,17400,17399,1,1
2021-09-14 15:03:24.319,17398,17400,17400,2,2
2021-09-14 15:03:25.449,17398,17400,17400,1,1
2021-09-14 15:03:26.097,17399,17400,17400,3,3
2021-09-14 15:03:26.438,17399,17400,17400,1,1
2021-09-14 15:03:26.527,17399,17400,17399,1,-1
2021-09-14 15:03:26.554,17399,17400,17399,4,-4
2021-09-14 15:03:28.275,17398,17400,17398,1,-1
2021-09-14 15:03:28.275,17398,17400,17399,1,1
2021-09-14 15:03:28.377,17398,17400,17398,1,-1
2021-09-14 15:03:28.378,17398,17400,17398,1,-1
2021-09-14 15:03:28.378,17398,17400,17397,1,-1
2021-09-14 15:03:28.378,17398,17400,17397,1,-1
2021-09-14 15:03:28.540,17397,17399,17397,1,-1
2021-09-14 15:03:30.375,17397,17399,17399,1,1
2021-09-14 15:03:31.868,17397,17399,17397,1,-1
2021-09-14 15:03:32.331,17397,17399,17398,1,1
2021-09-14 15:03:32.521,17397,17399,17398,1,-1
2021-09-14 15:03:32.673,17397,17399,17398,1,-1
2021-09-14 15:03:32.963,17397,17399,17397,1,-1
2021-09-14 15:03:32.963,17397,17399,17398,1,1
2021-09-14 15:03:32.963,17397,17399,17397,2,-2
2021-09-14 15:03:33.070,17396,17398,17397,1,-1
2021-09-14 15:03:33.071,17396,17398,17397,2,-2
2021-09-14 15:03:33.973,17396,17398,17397,1,-1
2021-09-14 15:03:36.896,17396,17398,17397,1,-1
2021-09-14 15:03:37.050,17396,17397,17397,1,1
2021-09-14 15:03:37.128,17396,17398,17396,1,-1
2021-09-14 15:03:37.128,17396,17398,17396,1,-1
2021-09-14 15:03:37.128,17396,17398,17396,1,-1
2021-09-14 15:03:37.128,17396,17398,17396,1,-1
2021-09-14 15:03:37.129,17396,17398,17396,2,-2
2021-09-14 15:03:37.162,17396,17398,17395,1,-1
2021-09-14 15:03:37.198,17396,17398,17397,1,1
2021-09-14 15:03:38.048,17397,17398,17397,1,-1
2021-09-14 15:03:39.546,17397,17398,17398,1,1
2021-09-14 15:03:39.612,17397,17398,17398,2,2
2021-09-14 15:03:40.812,17398,17399,17398,1,-1
2021-09-14 15:03:40.821,17398,17399,17397,3,-3
2021-09-14 15:03:40.821,17398,17399,17397,3,-3
2021-09-14 15:03:41.249,17396,17398,17396,1,-1
2021-09-14 15:03:43.337,17396,17397,17396,3,-3
2021-09-14 15:03:43.338,17396,17397,17396,1,-1
2021-09-14 15:03:43.680,17396,17397,17397,5,5
2021-09-14 15:03:43.681,17396,17397,17397,1,1
2021-09-14 15:03:46.505,17396,17397,17397,1,1
2021-09-14 15:03:49.204,17397,17398,17398,1,1
2021-09-14 15:03:49.359,17397,17398,17398,1,1
2021-09-14 15:03:49.594,17397,17398,17398,3,3
2021-09-14 15:03:51.772,17397,17398,17397,1,-1
2021-09-14 15:03:54.039,17397,17398,17398,1,1
2021-09-14 15:03:54.039,17397,17398,17398,2,2
2021-09-14 15:03:54.039,17397,17398,17398,1,1
2021-09-14 15:03:54.039,17397,17398,17398,1,1
2021-09-14 15:03:54.039,17397,17398,17398,4,4
2021-09-14 15:03:56.122,17398,17399,17398,1,-1
2021-09-14 15:03:56.317,17397,17399,17399,1,1
2021-09-14 15:03:57.077,17397,17399,17399,2,2
2021-09-14 15:03:57.978,17397,17398,17398,1,1
2021-09-14 15:03:58.735,17397,17399,17397,3,-3
2021-09-14 15:03:59.935,17398,17399,17398,2,2
2021-09-14 15:04:00.063,17398,17399,17398,1,-1
2021-09-14 15:04:00.084,17398,17399,17398,1,-1
2021-09-14 15:04:00.086,17398,17399,17397,1,-1
2021-09-14 15:04:00.087,17398,17399,17397,1,-1
2021-09-14 15:04:00.087,17398,17399,17397,2,-2
2021-09-14 15:04:00.087,17398,17399,17397,1,-1
2021-09-14 15:04:00.087,17398,17399,17397,1,-1
2021-09-14 15:04:00.098,17398,17399,17396,1,-1
2021-09-14 15:04:00.099,17398,17399,17397,1,1
2021-09-14 15:04:00.206,17396,17398,17396,1,-1
2021-09-14 15:04:00.277,17396,17398,17396,2,-2
2021-09-14 15:04:00.905,17396,17397,17396,2,-2
2021-09-14 15:04:01.021,17396,17397,17396,1,-1
2021-09-14 15:04:01.094,17396,17397,17397,1,1
2021-09-14 15:04:02.276,17396,17398,17396,2,-2
2021-09-14 15:04:02.287,17396,17398,17396,1,-1
2021-09-14 15:04:02.390,17397,17398,17397,1,1
2021-09-14 15:04:02.463,17397,17398,17397,1,-1
2021-09-14 15:04:03.448,17396,17397,17396,3,-3
2021-09-14 15:04:03.448,17396,17397,17396,2,-2
2021-09-14 15:04:03.596,17395,17396,17395,10,-10
2021-09-14 15:04:03.601,17395,17396,17395,1,-1
2021-09-14 15:04:03.601,17395,17396,17395,1,-1
2021-09-14 15:04:03.623,17395,17396,17395,1,-1
2021-09-14 15:04:03.623,17395,17396,17395,1,-1
2021-09-14 15:04:03.776,17394,17396,17394,1,-1
2021-09-14 15:04:03.821,17394,17396,17394,1,-1
2021-09-14 15:04:03.898,17394,17396,17394,1,-1
2021-09-14 15:04:03.927,17394,17396,17394,1,-1
2021-09-14 15:04:04.082,17393,17396,17394,1,-1
2021-09-14 15:04:04.093,17393,17396,17394,1,-1
2021-09-14 15:04:04.190,17394,17396,17395,1,1
2021-09-14 15:04:04.200,17394,17396,17395,6,-6
2021-09-14 15:04:04.275,17396,17398,17396,1,1
2021-09-14 15:04:04.504,17396,17398,17396,5,-5
2021-09-14 15:04:04.504,17396,17398,17395,7,-7
2021-09-14 15:04:04.525,17396,17398,17395,1,-1
2021-09-14 15:04:04.535,17396,17398,17394,1,-1
2021-09-14 15:04:04.588,17396,17398,17394,1,-1
2021-09-14 15:04:04.619,17396,17398,17394,1,-1
2021-09-14 15:04:04.652,17394,17396,17394,1,-1
2021-09-14 15:04:04.672,17394,17396,17394,1,-1
2021-09-14 15:04:04.736,17394,17396,17394,1,-1
2021-09-14 15:04:05.249,17393,17396,17393,5,-5
2021-09-14 15:04:05.287,17393,17395,17394,1,1
2021-09-14 15:04:05.335,17393,17395,17393,1,-1
2021-09-14 15:04:07.805,17395,17397,17396,2,2
2021-09-14 15:04:07.806,17395,17397,17396,1,-1
2021-09-14 15:04:07.973,17395,17397,17395,1,-1
2021-09-14 15:04:09.153,17395,17397,17396,1,1
2021-09-14 15:04:13.216,17396,17397,17396,1,-1
2021-09-14 15:04:13.496,17395,17396,17396,1,1
2021-09-14 15:04:13.825,17395,17396,17396,1,1
2021-09-14 15:04:15.709,17395,17396,17396,1,1
2021-09-14 15:04:15.810,17395,17396,17396,1,1
2021-09-14 15:04:15.811,17395,17396,17396,5,5
2021-09-14 15:04:17.462,17397,17398,17398,1,1
2021-09-14 15:04:18.018,17397,17398,17398,1,1
2021-09-14 15:04:18.977,17397,17399,17397,3,-3
2021-09-14 15:04:21.760,17398,17399,17399,1,1
2021-09-14 15:04:23.294,17398,17399,17399,1,1
2021-09-14 15:04:24.050,17398,17399,17399,1,1
2021-09-14 15:04:24.050,17398,17399,17399,8,8
2021-09-14 15:04:24.868,17398,17399,17399,1,1
2021-09-14 15:04:25.685,17399,17400,17399,1,-1
2021-09-14 15:04:26.245,17398,17400,17400,1,1
2021-09-14 15:04:26.792,17398,17400,17400,1,1
2021-09-14 15:04:27.639,17398,17399,17399,1,1
2021-09-14 15:04:27.707,17398,17399,17399,1,1
2021-09-14 15:04:28.514,17398,17400,17400,1,1
2021-09-14 15:04:29.144,17398,17399,17399,1,1
2021-09-14 15:04:29.965,17398,17400,17400,1,1
2021-09-14 15:04:33.193,17398,17399,17399,1,1
2021-09-14 15:04:34.495,17398,17399,17399,1,1
2021-09-14 15:04:34.796,17399,17400,17400,5,5
2021-09-14 15:04:34.797,17399,17400,17400,13,13
2021-09-14 15:04:34.797,17399,17400,17400,1,1
2021-09-14 15:04:35.580,17400,17401,17401,1,1
2021-09-14 15:04:36.039,17400,17401,17401,4,4
2021-09-14 15:04:36.039,17400,17401,17401,6,6
2021-09-14 15:04:36.081,17400,17401,17401,1,1
2021-09-14 15:04:36.081,17400,17401,17400,1,-1
2021-09-14 15:04:36.758,17400,17402,17402,1,1
2021-09-14 15:04:37.079,17400,17402,17402,3,3
2021-09-14 15:04:37.081,17400,17402,17402,1,1
2021-09-14 15:04:37.108,17400,17402,17402,1,1
2021-09-14 15:04:37.132,17400,17402,17402,1,1
2021-09-14 15:04:37.140,17400,17402,17402,1,1
2021-09-14 15:04:37.145,17400,17402,17402,1,1
2021-09-14 15:04:37.154,17400,17402,17402,1,1
2021-09-14 15:04:37.154,17400,17402,17402,1,1
2021-09-14 15:04:37.155,17400,17402,17402,4,4
2021-09-14 15:04:37.161,17400,17402,17402,1,1
2021-09-14 15:04:37.174,17400,17402,17403,1,1
2021-09-14 15:04:37.175,17400,17402,17403,1,1
2021-09-14 15:04:37.197,17400,17402,17403,1,1
2021-09-14 15:04:37.286,17401,17403,17403,4,4
2021-09-14 15:04:37.292,17401,17403,17403,2,2
2021-09-14 15:04:37.338,17401,17403,17403,1,1
2021-09-14 15:04:37.744,17401,17403,17402,1,-1
2021-09-14 15:04:37.780,17401,17403,17403,1,1
2021-09-14 15:04:37.913,17401,17403,17401,1,-1
2021-09-14 15:04:37.923,17401,17403,17403,1,1
2021-09-14 15:04:39.170,17400,17403,17403,1,1
2021-09-14 15:04:40.995,17400,17403,17400,2,-2
2021-09-14 15:04:41.578,17400,17402,17402,1,1
2021-09-14 15:04:41.740,17401,17403,17402,1,-1
2021-09-14 15:04:41.740,17401,17403,17403,3,3
2021-09-14 15:04:44.134,17402,17403,17403,1,1
2021-09-14 15:04:44.271,17402,17403,17403,1,1
2021-09-14 15:04:44.331,17402,17403,17404,1,1
2021-09-14 15:04:45.302,17403,17404,17403,1,-1
2021-09-14 15:04:47.550,17402,17403,17403,1,1
2021-09-14 15:04:47.677,17402,17403,17403,1,1
2021-09-14 15:04:47.803,17402,17403,17403,1,1
2021-09-14 15:04:48.290,17402,17403,17403,1,1
2021-09-14 15:04:49.062,17402,17403,17403,7,7
2021-09-14 15:04:49.062,17402,17403,17404,3,3
2021-09-14 15:04:49.586,17402,17404,17404,1,1
2021-09-14 15:04:50.040,17402,17404,17404,1,1
2021-09-14 15:04:50.637,17402,17404,17404,5,5
2021-09-14 15:04:51.537,17404,17405,17405,1,1
2021-09-14 15:04:54.646,17404,17405,17404,2,-2
2021-09-14 15:04:54.874,17404,17405,17405,1,1
2021-09-14 15:04:54.943,17404,17405,17405,2,2
2021-09-14 15:04:54.943,17404,17405,17405,4,4
2021-09-14 15:04:54.944,17404,17405,17405,1,1
2021-09-14 15:04:55.717,17404,17405,17405,1,1
2021-09-14 15:04:56.850,17405,17406,17406,5,5
2021-09-14 15:04:57.101,17405,17406,17405,2,-2
2021-09-14 15:04:57.279,17404,17405,17405,1,1
2021-09-14 15:04:57.410,17404,17405,17405,1,1
2021-09-14 15:04:58.126,17404,17405,17404,1,-1
2021-09-14 15:04:58.538,17404,17405,17405,1,1
2021-09-14 15:04:58.710,17404,17405,17405,5,5
2021-09-14 15:04:59.670,17404,17405,17405,1,1
2021-09-14 15:05:00.120,17404,17405,17404,2,-2
2021-09-14 15:05:00.121,17404,17405,17404,4,-4
2021-09-14 15:05:00.995,17402,17403,17403,2,2
2021-09-14 15:05:01.020,17402,17404,17404,14,14
2021-09-14 15:05:01.020,17402,17404,17405,21,21
2021-09-14 15:05:01.022,17402,17404,17405,1,1
2021-09-14 15:05:01.023,17402,17404,17404,1,1
2021-09-14 15:05:01.563,17405,17407,17405,1,1
2021-09-14 15:05:01.635,17405,17407,17405,2,-2
2021-09-14 15:05:01.644,17405,17407,17405,1,-1
2021-09-14 15:05:01.644,17405,17407,17404,1,-1
2021-09-14 15:05:02.011,17404,17407,17404,1,-1
2021-09-14 15:05:03.475,17405,17407,17405,1,1
2021-09-14 15:05:04.554,17405,17407,17405,4,-4
2021-09-14 15:05:04.554,17405,17407,17405,7,-7
2021-09-14 15:05:04.555,17405,17407,17405,1,-1
2021-09-14 15:05:04.555,17405,17407,17405,2,-2
2021-09-14 15:05:04.996,17404,17405,17405,2,2
2021-09-14 15:05:06.158,17404,17405,17405,1,1
2021-09-14 15:05:06.158,17404,17405,17405,1,1
2021-09-14 15:05:06.159,17404,17405,17405,2,2
2021-09-14 15:05:06.324,17404,17407,17407,4,4
2021-09-14 15:05:07.241,17405,17407,17404,1,-1
2021-09-14 15:05:07.253,17404,17406,17404,1,-1
2021-09-14 15:05:07.254,17404,17406,17404,1,-1
2021-09-14 15:05:07.254,17404,17406,17404,1,-1
2021-09-14 15:05:12.436,17406,17408,17406,1,1
2021-09-14 15:05:12.569,17406,17408,17407,1,1
2021-09-14 15:05:13.653,17406,17407,17407,1,1
2021-09-14 15:05:14.404,17406,17407,17407,1,1
2021-09-14 15:05:16.432,17407,17408,17408,1,1
2021-09-14 15:05:16.861,17407,17408,17407,1,-1
2021-09-14 15:05:17.536,17407,17408,17407,1,-1
2021-09-14 15:05:17.628,17407,17408,17407,1,-1
2021-09-14 15:05:17.628,17407,17408,17407,1,-1
2021-09-14 15:05:17.628,17407,17408,17406,1,-1
2021-09-14 15:05:18.402,17406,17407,17407,2,2
2021-09-14 15:05:22.440,17407,17408,17408,2,2
2021-09-14 15:05:22.675,17407,17408,17407,1,-1
2021-09-14 15:05:22.872,17407,17408,17408,3,3
2021-09-14 15:05:24.049,17408,17409,17408,2,-2
2021-09-14 15:05:24.163,17407,17408,17408,1,1
2021-09-14 15:05:25.177,17407,17408,17408,1,1
2021-09-14 15:05:25.523,17407,17408,17408,6,6
2021-09-14 15:05:25.605,17407,17408,17409,4,4
2021-09-14 15:05:25.605,17407,17408,17410,5,5
2021-09-14 15:05:25.639,17408,17410,17408,1,-1
2021-09-14 15:05:27.552,17408,17409,17409,1,1
2021-09-14 15:05:29.577,17408,17409,17409,3,3
2021-09-14 15:05:29.628,17409,17410,17409,1,-1
2021-09-14 15:05:29.628,17409,17410,17409,1,-1
2021-09-14 15:05:29.628,17409,17410,17409,1,-1
2021-09-14 15:05:29.628,17409,17410,17409,1,-1
2021-09-14 15:05:31.220,17409,17410,17409,4,-4
2021-09-14 15:05:31.346,17408,17410,17408,1,-1
2021-09-14 15:05:31.802,17408,17410,17409,5,5
2021-09-14 15:05:32.052,17408,17410,17409,1,-1
2021-09-14 15:05:34.211,17408,17409,17409,1,1
2021-09-14 15:05:36.649,17408,17409,17408,1,-1
2021-09-14 15:05:38.442,17408,17409,17409,2,2
2021-09-14 15:05:40.105,17408,17409,17409,3,3
2021-09-14 15:05:40.818,17409,17410,17409,1,-1
2021-09-14 15:05:41.471,17408,17409,17409,1,1
2021-09-14 15:05:41.521,17409,17410,17410,10,10
2021-09-14 15:05:42.734,17409,17411,17411,1,1
2021-09-14 15:05:43.506,17410,17411,17410,1,-1
2021-09-14 15:05:44.333,17410,17411,17411,1,1
2021-09-14 15:05:44.638,17410,17411,17411,1,1
2021-09-14 15:05:46.209,17410,17411,17411,2,2
2021-09-14 15:05:46.316,17410,17411,17411,1,1
2021-09-14 15:05:46.573,17410,17411,17411,2,2
2021-09-14 15:05:46.985,17411,17412,17412,1,1
2021-09-14 15:05:47.798,17411,17413,17411,1,-1
2021-09-14 15:05:47.825,17411,17413,17412,1,1
2021-09-14 15:05:48.168,17411,17413,17412,1,-1
2021-09-14 15:05:48.168,17411,17413,17413,7,7
2021-09-14 15:05:48.680,17411,17412,17411,1,-1
2021-09-14 15:05:48.915,17410,17412,17410,10,-10
2021-09-14 15:05:49.153,17410,17411,17411,1,1
2021-09-14 15:05:49.847,17410,17412,17412,5,5
2021-09-14 15:05:50.287,17410,17412,17410,1,-1
2021-09-14 15:05:51.126,17410,17411,17410,4,-4
2021-09-14 15:05:51.290,17409,17411,17411,1,1
2021-09-14 15:05:52.156,17409,17411,17411,1,1
2021-09-14 15:05:53.745,17409,17411,17411,2,2
2021-09-14 15:05:53.745,17409,17411,17412,2,2
2021-09-14 15:05:54.159,17410,17412,17410,1,-1
2021-09-14 15:05:54.635,17409,17411,17411,3,3
2021-09-14 15:05:56.378,17411,17412,17411,1,-1
2021-09-14 15:05:59.162,17411,17412,17411,2,-2
2021-09-14 15:06:00.636,17411,17412,17412,1,1
2021-09-14 15:06:01.189,17411,17412,17412,1,1
2021-09-14 15:06:01.781,17412,17413,17413,2,2
2021-09-14 15:06:02.058,17412,17413,17412,1,-1
2021-09-14 15:06:03.416,17411,17412,17412,3,3
2021-09-14 15:06:04.743,17411,17412,17411,3,-3
2021-09-14 15:06:04.988,17410,17412,17412,1,1
2021-09-14 15:06:05.329,17410,17412,17412,7,7
2021-09-14 15:06:05.329,17410,17412,17413,4,4
2021-09-14 15:06:06.229,17412,17413,17413,3,3
2021-09-14 15:06:06.630,17412,17413,17413,1,1
2021-09-14 15:06:08.415,17412,17413,17413,1,1
2021-09-14 15:06:08.652,17412,17413,17412,1,-1
2021-09-14 15:06:08.971,17412,17413,17413,1,1
2021-09-14 15:06:09.114,17412,17413,17413,1,1
2021-09-14 15:06:09.570,17412,17413,17413,1,1
2021-09-14 15:06:09.695,17412,17414,17413,1,-1
2021-09-14 15:06:10.028,17412,17414,17413,1,-1
2021-09-14 15:06:10.034,17412,17414,17413,1,-1
2021-09-14 15:06:11.126,17413,17414,17414,1,1
2021-09-14 15:06:11.246,17413,17414,17413,5,-5
2021-09-14 15:06:13.895,17413,17414,17414,4,4
2021-09-14 15:06:14.057,17413,17414,17413,6,-6
2021-09-14 15:06:14.059,17413,17414,17413,6,-6
2021-09-14 15:06:15.087,17412,17414,17414,1,1
2021-09-14 15:06:15.556,17412,17414,17412,2,-2
2021-09-14 15:06:15.560,17412,17414,17412,1,-1
2021-09-14 15:06:16.204,17412,17414,17414,2,2
2021-09-14 15:06:17.280,17412,17414,17413,1,-1
2021-09-14 15:06:18.973,17412,17413,17413,1,1
2021-09-14 15:06:19.683,17412,17413,17412,10,-10
2021-09-14 15:06:19.915,17411,17413,17413,1,1
2021-09-14 15:06:20.223,17411,17414,17414,1,1
2021-09-14 15:06:20.276,17411,17414,17411,1,-1
2021-09-14 15:06:21.575,17412,17414,17413,1,1
2021-09-14 15:06:21.894,17412,17414,17414,1,1
2021-09-14 15:06:22.640,17412,17413,17413,1,1
2021-09-14 15:06:23.277,17412,17413,17413,1,1
2021-09-14 15:06:24.288,17412,17413,17413,1,1
2021-09-14 15:06:24.685,17412,17413,17412,3,-3
2021-09-14 15:06:24.932,17411,17413,17412,1,-1
2021-09-14 15:06:25.230,17411,17413,17413,1,1
2021-09-14 15:06:29.243,17411,17413,17413,2,2
2021-09-14 15:06:29.686,17412,17413,17412,2,-2
2021-09-14 15:06:31.964,17411,17413,17413,1,1
2021-09-14 15:06:33.227,17411,17413,17411,1,-1
2021-09-14 15:06:34.566,17411,17413,17413,1,1
2021-09-14 15:06:36.431,17412,17413,17412,1,-1
2021-09-14 15:06:38.075,17412,17413,17412,5,-5
2021-09-14 15:06:38.158,17412,17413,17412,5,-5
2021-09-14 15:06:38.439,17412,17413,17412,1,-1
2021-09-14 15:06:38.726,17411,17413,17413,2,2
2021-09-14 15:06:38.827,17411,17413,17411,24,-24
2021-09-14 15:06:38.828,17411,17413,17410,1,-1
2021-09-14 15:06:38.829,17411,17413,17410,1,-1
2021-09-14 15:06:38.829,17411,17413,17410,8,-8
2021-09-14 15:06:38.830,17411,17413,17410,3,-3
2021-09-14 15:06:38.831,17411,17413,17410,1,-1
2021-09-14 15:06:40.467,17409,17411,17409,1,-1
2021-09-14 15:06:41.122,17409,17411,17409,1,-1
2021-09-14 15:06:41.122,17409,17411,17409,1,-1
2021-09-14 15:06:41.122,17409,17411,17409,1,-1
2021-09-14 15:06:41.122,17409,17411,17409,2,-2
2021-09-14 15:06:41.124,17409,17411,17409,8,-8
2021-09-14 15:06:43.651,17408,17410,17409,1,-1
2021-09-14 15:06:45.100,17408,17409,17409,1,1
2021-09-14 15:06:45.277,17408,17409,17408,1,-1
2021-09-14 15:06:45.277,17408,17409,17408,1,-1
2021-09-14 15:06:45.278,17408,17409,17408,1,-1
2021-09-14 15:06:46.107,17407,17409,17409,1,1
2021-09-14 15:06:48.126,17409,17410,17410,1,1
2021-09-14 15:06:50.680,17409,17410,17410,1,1
2021-09-14 15:06:51.870,17409,17410,17410,1,1
2021-09-14 15:06:51.871,17409,17410,17410,3,3
2021-09-14 15:06:51.871,17409,17410,17410,1,1
2021-09-14 15:06:52.315,17410,17412,17410,1,-1
2021-09-14 15:06:54.247,17410,17411,17410,1,-1
2021-09-14 15:06:55.299,17409,17411,17410,1,-1
2021-09-14 15:06:56.127,17408,17410,17410,1,1
2021-09-14 15:06:56.804,17408,17409,17409,1,1
2021-09-14 15:06:58.553,17409,17410,17409,1,-1
2021-09-14 15:07:02.200,17409,17410,17409,1,-1
2021-09-14 15:07:02.585,17409,17410,17410,1,1
2021-09-14 15:07:02.815,17409,17410,17409,1,-1
2021-09-14 15:07:03.874,17408,17410,17409,1,-1
2021-09-14 15:07:06.374,17409,17410,17409,5,-5
2021-09-14 15:07:07.337,17408,17409,17409,1,1
2021-09-14 15:07:07.561,17408,17409,17408,1,-1
2021-09-14 15:07:08.573,17408,17409,17409,1,1
2021-09-14 15:07:08.876,17408,17409,17408,1,-1
2021-09-14 15:07:10.432,17407,17409,17407,1,-1
2021-09-14 15:07:11.734,17408,17409,17409,4,4
2021-09-14 15:07:11.739,17408,17409,17409,2,2
2021-09-14 15:07:13.938,17408,17409,17409,1,1
2021-09-14 15:07:14.850,17408,17409,17408,3,-3
2021-09-14 15:07:16.492,17408,17409,17408,1,-1
2021-09-14 15:07:18.793,17408,17409,17408,1,-1
2021-09-14 15:07:19.758,17408,17409,17408,1,-1
2021-09-14 15:07:19.758,17408,17409,17408,1,-1
2021-09-14 15:07:24.490,17407,17408,17407,6,-6
2021-09-14 15:07:25.257,17407,17409,17409,5,5
2021-09-14 15:07:28.897,17407,17408,17408,1,1
2021-09-14 15:07:29.825,17407,17409,17407,1,-1
2021-09-14 15:07:32.251,17408,17409,17409,1,1
2021-09-14 15:07:32.278,17408,17409,17408,1,-1
2021-09-14 15:07:33.912,17408,17410,17410,6,6
2021-09-14 15:07:34.045,17409,17411,17409,1,-1
2021-09-14 15:07:36.429,17409,17411,17411,3,3
2021-09-14 15:07:38.626,17410,17411,17411,1,1
2021-09-14 15:07:39.648,17410,17411,17411,1,1
2021-09-14 15:07:39.649,17410,17411,17411,1,1
2021-09-14 15:07:39.649,17410,17411,17411,1,1
2021-09-14 15:07:41.757,17410,17412,17412,1,1
2021-09-14 15:07:45.730,17411,17412,17412,1,1
2021-09-14 15:07:48.068,17411,17412,17411,1,-1
2021-09-14 15:07:49.990,17411,17412,17412,1,1
2021-09-14 15:07:51.131,17411,17412,17411,1,-1
2021-09-14 15:07:53.603,17411,17412,17412,3,3
2021-09-14 15:07:53.604,17411,17412,17412,1,1
2021-09-14 15:07:53.604,17411,17412,17412,9,9
2021-09-14 15:07:53.703,17411,17413,17413,4,4
2021-09-14 15:07:55.884,17413,17414,17413,1,-1
2021-09-14 15:07:57.177,17411,17413,17411,1,-1
2021-09-14 15:07:57.777,17411,17413,17413,1,1
2021-09-14 15:07:58.909,17411,17412,17412,2,2
2021-09-14 15:07:58.909,17411,17412,17413,8,8
2021-09-14 15:07:59.908,17411,17413,17413,2,2
2021-09-14 15:08:00.047,17411,17413,17411,3,-3
2021-09-14 15:08:00.051,17411,17413,17411,1,-1
2021-09-14 15:08:00.069,17411,17413,17410,2,-2
2021-09-14 15:08:00.087,17411,17413,17410,2,-2
2021-09-14 15:08:00.439,17410,17413,17413,1,1
2021-09-14 15:08:13.005,17411,17412,17412,1,1
2021-09-14 15:08:20.507,17412,17413,17412,1,-1
2021-09-14 15:08:21.603,17411,17413,17411,14,-14
2021-09-14 15:08:21.603,17411,17413,17410,22,-22
2021-09-14 15:08:21.606,17411,17413,17410,2,-2
2021-09-14 15:08:30.921,17410,17411,17410,1,-1
2021-09-14 15:08:35.244,17410,17411,17410,1,-1
2021-09-14 15:08:35.244,17410,17411,17410,7,-7
2021-09-14 15:08:35.455,17409,17411,17411,1,1
2021-09-14 15:08:39.271,17411,17412,17411,1,-1
2021-09-14 15:08:42.760,17410,17412,17410,1,-1
2021-09-14 15:08:49.794,17411,17412,17411,1,1
2021-09-14 15:08:50.150,17411,17412,17412,3,3
2021-09-14 15:08:50.151,17411,17412,17412,1,1
2021-09-14 15:08:50.151,17411,17412,17412,1,1
2021-09-14 15:08:50.151,17411,17412,17412,1,1
2021-09-14 15:08:50.304,17412,17413,17413,5,5
2021-09-14 15:08:53.935,17413,17414,17414,4,4
2021-09-14 15:09:00.031,17414,17415,17414,2,-2
2021-09-14 15:09:00.039,17414,17415,17414,2,-2
2021-09-14 15:09:00.462,17414,17415,17415,1,1
2021-09-14 15:09:00.548,17414,17415,17415,1,1
2021-09-14 15:09:00.624,17414,17415,17415,1,1
2021-09-14 15:09:00.657,17414,17415,17415,1,1
2021-09-14 15:09:03.899,17414,17415,17414,2,-2
2021-09-14 15:09:04.718,17414,17415,17415,2,2
2021-09-14 15:09:05.732,17414,17415,17415,1,1
2021-09-14 15:09:06.733,17414,17415,17415,1,1
2021-09-14 15:09:08.277,17414,17415,17415,1,1
2021-09-14 15:09:10.576,17414,17415,17415,9,9
2021-09-14 15:09:11.076,17415,17416,17415,1,-1
2021-09-14 15:09:14.436,17415,17416,17415,1,-1
2021-09-14 15:09:14.635,17415,17416,17415,1,-1
2021-09-14 15:09:14.635,17415,17416,17415,1,-1
2021-09-14 15:09:16.242,17414,17415,17415,1,1
2021-09-14 15:09:16.644,17414,17415,17415,1,1
2021-09-14 15:09:16.644,17414,17415,17416,1,1
2021-09-14 15:09:16.961,17414,17416,17416,2,2
2021-09-14 15:09:17.008,17414,17416,17416,3,3
2021-09-14 15:09:17.012,17414,17416,17416,1,1
2021-09-14 15:09:17.014,17414,17416,17416,1,1
2021-09-14 15:09:17.021,17414,17416,17416,1,1
2021-09-14 15:09:17.021,17414,17416,17416,1,1
2021-09-14 15:09:17.037,17414,17416,17416,1,1
2021-09-14 15:09:17.052,17414,17416,17416,1,1
2021-09-14 15:09:17.059,17414,17416,17416,1,1
2021-09-14 15:09:17.187,17415,17417,17417,6,6
2021-09-14 15:09:17.189,17415,17417,17417,3,3
2021-09-14 15:09:17.299,17415,17417,17417,1,1
2021-09-14 15:09:17.332,17415,17417,17417,1,1
2021-09-14 15:09:17.494,17415,17417,17417,1,1
2021-09-14 15:09:18.082,17415,17417,17415,1,-1
2021-09-14 15:09:18.878,17414,17416,17416,5,5
2021-09-14 15:09:18.997,17414,17416,17415,1,-1
2021-09-14 15:09:27.592,17415,17416,17416,1,1
2021-09-14 15:09:29.287,17415,17416,17416,5,5
2021-09-14 15:09:29.287,17415,17416,17416,1,1
2021-09-14 15:09:29.287,17415,17416,17416,2,2
2021-09-14 15:09:29.289,17415,17416,17416,2,2
2021-09-14 15:09:29.851,17416,17417,17417,1,1
2021-09-14 15:09:31.829,17415,17416,17416,1,1
2021-09-14 15:09:31.829,17415,17416,17417,4,4
2021-09-14 15:09:32.701,17416,17417,17416,1,-1
2021-09-14 15:09:33.544,17415,17417,17417,1,1
2021-09-14 15:09:34.307,17415,17417,17417,5,5
2021-09-14 15:09:36.165,17415,17417,17417,1,1
2021-09-14 15:09:36.719,17416,17417,17417,5,5
2021-09-14 15:09:37.702,17416,17417,17416,1,-1
2021-09-14 15:09:39.148,17415,17417,17417,3,3
2021-09-14 15:09:39.148,17415,17417,17418,2,2
2021-09-14 15:09:40.485,17415,17418,17418,1,1
2021-09-14 15:09:41.269,17416,17418,17418,5,5
2021-09-14 15:09:43.682,17416,17418,17418,5,5
2021-09-14 15:09:45.968,17416,17418,17418,1,1
2021-09-14 15:09:45.968,17416,17418,17419,1,1
2021-09-14 15:09:47.388,17416,17418,17418,2,2
2021-09-14 15:09:52.105,17418,17419,17418,1,-1
2021-09-14 15:09:54.148,17418,17419,17419,2,2
2021-09-14 15:09:56.136,17418,17419,17419,4,4
2021-09-14 15:09:56.136,17418,17419,17420,1,1
2021-09-14 15:09:56.280,17418,17420,17420,1,1
2021-09-14 15:09:56.352,17418,17420,17420,3,3
2021-09-14 15:09:56.391,17418,17420,17420,2,2
2021-09-14 15:09:56.418,17418,17420,17420,1,1
2021-09-14 15:09:56.590,17418,17420,17420,2,2
2021-09-14 15:09:57.338,17418,17420,17420,1,1
2021-09-14 15:09:58.966,17418,17420,17420,2,2
2021-09-14 15:09:59.493,17418,17420,17420,1,1
2021-09-14 15:10:00.074,17418,17420,17418,1,-1
2021-09-14 15:10:00.083,17418,17420,17418,2,-2
2021-09-14 15:10:00.088,17418,17420,17418,1,-1
2021-09-14 15:10:00.092,17418,17420,17418,1,-1
2021-09-14 15:10:00.101,17418,17420,17417,1,-1
2021-09-14 15:10:00.105,17418,17420,17417,1,-1
2021-09-14 15:10:00.149,17417,17419,17419,1,1
2021-09-14 15:10:00.418,17417,17419,17419,6,6
2021-09-14 15:10:00.418,17417,17419,17420,6,6
2021-09-14 15:10:00.475,17417,17419,17418,1,-1
2021-09-14 15:10:00.526,17418,17420,17418,1,-1
2021-09-14 15:10:00.576,17418,17420,17418,1,-1
2021-09-14 15:10:02.363,17418,17419,17419,1,1
2021-09-14 15:10:04.136,17419,17420,17420,8,8
2021-09-14 15:10:04.137,17419,17420,17420,2,2
2021-09-14 15:10:04.319,17419,17421,17421,3,3
2021-09-14 15:10:04.438,17419,17421,17421,3,3
2021-09-14 15:10:04.484,17419,17421,17421,2,2
2021-09-14 15:10:04.852,17419,17421,17419,1,-1
2021-09-14 15:10:04.883,17419,17421,17421,5,5
2021-09-14 15:10:04.883,17419,17421,17422,15,15
2021-09-14 15:10:09.689,17420,17421,17421,1,1
2021-09-14 15:10:10.414,17420,17421,17420,2,-2
2021-09-14 15:10:10.517,17419,17421,17421,1,1
2021-09-14 15:10:11.163,17419,17421,17421,1,1
2021-09-14 15:10:11.553,17420,17421,17420,1,-1
2021-09-14 15:10:11.910,17419,17421,17419,1,-1
2021-09-14 15:10:12.276,17419,17421,17419,2,-2
2021-09-14 15:10:12.514,17419,17421,17419,6,-6
2021-09-14 15:10:12.514,17419,17421,17419,1,-1
2021-09-14 15:10:12.807,17418,17420,17420,1,1
2021-09-14 15:10:13.078,17418,17420,17420,1,1
2021-09-14 15:10:14.227,17418,17420,17420,5,5
2021-09-14 15:10:16.238,17418,17420,17418,5,-5
2021-09-14 15:10:16.272,17417,17419,17418,3,-3
2021-09-14 15:10:16.539,17417,17419,17419,5,5
2021-09-14 15:10:16.577,17417,17419,17419,1,1
2021-09-14 15:10:16.609,17417,17419,17417,1,-1
2021-09-14 15:10:16.932,17417,17419,17419,1,1
2021-09-14 15:10:17.062,17417,17419,17419,1,1
2021-09-14 15:10:17.951,17418,17419,17418,1,-1
2021-09-14 15:10:18.535,17417,17419,17419,1,1
2021-09-14 15:10:18.800,17417,17419,17419,1,1
2021-09-14 15:10:18.938,17417,17419,17419,1,1
2021-09-14 15:10:21.240,17418,17419,17418,1,-1
2021-09-14 15:10:28.741,17417,17419,17417,2,-2
2021-09-14 15:10:29.520,17417,17419,17418,1,1
2021-09-14 15:10:36.570,17417,17418,17418,1,1
2021-09-14 15:10:41.526,17417,17418,17418,1,1
2021-09-14 15:10:43.207,17417,17418,17418,1,1
2021-09-14 15:10:43.272,17417,17419,17419,1,1
2021-09-14 15:10:43.858,17417,17419,17418,1,-1
2021-09-14 15:10:47.265,17417,17418,17418,1,1
2021-09-14 15:10:51.726,17418,17419,17418,1,-1
2021-09-14 15:10:54.113,17418,17419,17418,2,-2
2021-09-14 15:10:54.113,17418,17419,17418,1,-1
2021-09-14 15:10:57.174,17417,17418,17417,7,-7
2021-09-14 15:10:57.435,17416,17418,17417,1,-1
2021-09-14 15:10:57.691,17416,17418,17418,3,3
2021-09-14 15:10:57.692,17416,17418,17417,1,-1
2021-09-14 15:11:00.015,17416,17418,17416,1,-1
2021-09-14 15:11:00.015,17416,17418,17416,5,-5
2021-09-14 15:11:00.022,17416,17418,17415,1,-1
2021-09-14 15:11:00.050,17416,17418,17415,2,-2
2021-09-14 15:11:00.584,17415,17417,17415,1,-1
2021-09-14 15:11:02.391,17416,17417,17416,1,1
2021-09-14 15:11:03.047,17416,17417,17416,2,-2
2021-09-14 15:11:04.062,17416,17417,17416,1,-1
2021-09-14 15:11:04.842,17415,17417,17415,2,-2
2021-09-14 15:11:05.046,17415,17416,17415,1,-1
2021-09-14 15:11:05.061,17415,17416,17415,1,-1
2021-09-14 15:11:05.405,17415,17416,17416,1,1
2021-09-14 15:11:05.808,17415,17417,17415,1,-1
2021-09-14 15:11:06.244,17415,17417,17415,1,-1
2021-09-14 15:11:07.291,17415,17417,17415,5,-5
2021-09-14 15:11:08.809,17415,17416,17415,1,-1
2021-09-14 15:11:09.402,17415,17416,17415,3,-3
2021-09-14 15:11:09.918,17415,17416,17415,4,-4
2021-09-14 15:11:09.918,17415,17416,17414,2,-2
2021-09-14 15:11:11.959,17414,17415,17415,1,1
2021-09-14 15:11:12.065,17414,17415,17414,1,-1
2021-09-14 15:11:12.122,17414,17415,17415,1,1
2021-09-14 15:11:12.913,17414,17415,17415,2,2
2021-09-14 15:11:14.378,17415,17417,17415,2,-2
2021-09-14 15:11:15.120,17415,17417,17415,3,-3
2021-09-14 15:11:15.120,17415,17417,17414,1,-1
2021-09-14 15:11:18.340,17415,17417,17415,2,2
2021-09-14 15:11:23.297,17415,17417,17415,4,-4
2021-09-14 15:11:24.807,17415,17417,17415,1,-1
2021-09-14 15:11:25.454,17414,17416,17414,1,-1
2021-09-14 15:11:26.938,17414,17415,17415,1,1
2021-09-14 15:11:27.793,17414,17415,17415,1,1
2021-09-14 15:11:29.128,17415,17416,17415,1,-1
2021-09-14 15:11:29.812,17414,17416,17414,5,-5
2021-09-14 15:11:30.023,17414,17416,17414,1,-1
2021-09-14 15:11:35.580,17415,17417,17417,1,1
2021-09-14 15:11:40.803,17415,17417,17415,1,-1
2021-09-14 15:11:43.732,17415,17417,17417,1,1
2021-09-14 15:11:46.798,17415,17416,17415,6,-6
2021-09-14 15:11:48.756,17414,17415,17415,1,1
2021-09-14 15:11:50.488,17414,17415,17414,1,-1
2021-09-14 15:11:51.368,17414,17415,17414,2,-2
2021-09-14 15:11:54.354,17413,17414,17413,5,-5
2021-09-14 15:11:54.452,17412,17413,17413,1,1
2021-09-14 15:11:56.655,17413,17414,17413,1,-1
2021-09-14 15:11:58.395,17412,17413,17412,2,-2
2021-09-14 15:11:59.899,17411,17413,17411,4,-4
2021-09-14 15:12:00.104,17410,17412,17410,2,-2
2021-09-14 15:12:00.387,17410,17412,17410,1,-1
2021-09-14 15:12:00.542,17410,17412,17412,1,1
2021-09-14 15:12:00.751,17411,17413,17411,1,-1
2021-09-14 15:12:01.178,17411,17413,17411,3,-3
2021-09-14 15:12:02.961,17410,17412,17410,1,-1
2021-09-14 15:12:03.775,17410,17412,17410,1,-1
2021-09-14 15:12:05.622,17410,17412,17410,4,-4
2021-09-14 15:12:05.913,17410,17412,17410,2,-2
2021-09-14 15:12:06.832,17410,17412,17410,8,-8
2021-09-14 15:12:06.841,17410,17412,17410,1,-1
2021-09-14 15:12:07.239,17409,17410,17410,1,1
2021-09-14 15:12:07.239,17409,17410,17411,4,4
2021-09-14 15:12:07.842,17410,17411,17410,1,-1
2021-09-14 15:12:08.265,17410,17411,17410,3,-3
2021-09-14 15:12:09.646,17410,17411,17410,1,-1
2021-09-14 15:12:10.762,17410,17411,17410,2,-2
2021-09-14 15:12:11.228,17410,17411,17410,3,-3
2021-09-14 15:12:11.894,17410,17411,17410,1,-1
2021-09-14 15:12:12.256,17410,17411,17411,1,1
2021-09-14 15:12:12.795,17411,17413,17411,1,-1
2021-09-14 15:12:19.727,17411,17413,17411,6,-6
2021-09-14 15:12:19.727,17411,17413,17410,4,-4
2021-09-14 15:12:23.774,17411,17412,17411,1,1
2021-09-14 15:12:23.796,17411,17412,17412,1,1
2021-09-14 15:12:23.796,17411,17412,17413,10,10
2021-09-14 15:12:23.871,17411,17412,17413,1,1
2021-09-14 15:12:26.512,17413,17414,17413,4,-4
2021-09-14 15:12:26.512,17413,17414,17413,1,-1
2021-09-14 15:12:26.513,17413,17414,17413,1,-1
2021-09-14 15:12:26.513,17413,17414,17413,1,-1
2021-09-14 15:12:32.240,17413,17414,17414,5,5
2021-09-14 15:12:32.779,17414,17415,17415,1,1
2021-09-14 15:12:33.103,17414,17415,17414,2,-2
2021-09-14 15:12:35.677,17414,17415,17415,2,2
2021-09-14 15:12:36.341,17415,17416,17416,1,1
2021-09-14 15:12:44.605,17415,17416,17416,1,1
2021-09-14 15:12:48.221,17415,17416,17415,1,-1
2021-09-14 15:12:48.240,17415,17416,17415,3,-3
2021-09-14 15:12:51.402,17414,17415,17414,3,-3
2021-09-14 15:12:52.473,17414,17415,17415,1,1
2021-09-14 15:12:54.628,17414,17415,17415,1,1
2021-09-14 15:12:57.335,17414,17415,17415,1,1
2021-09-14 15:12:58.872,17414,17415,17415,1,1
2021-09-14 15:13:03.959,17414,17415,17414,14,-14
2021-09-14 15:13:03.961,17414,17415,17413,1,-1
2021-09-14 15:13:06.652,17412,17413,17412,1,-1
2021-09-14 15:13:06.821,17411,17412,17412,1,1
2021-09-14 15:13:08.275,17411,17412,17411,3,-3
2021-09-14 15:13:09.436,17410,17412,17412,1,1
2021-09-14 15:13:09.976,17410,17412,17410,1,-1
2021-09-14 15:13:12.062,17410,17412,17410,5,-5
2021-09-14 15:13:15.282,17411,17412,17411,3,3
2021-09-14 15:13:15.341,17411,17412,17411,1,-1
2021-09-14 15:13:15.864,17410,17411,17410,1,-1
2021-09-14 15:13:17.266,17410,17411,17410,1,-1
2021-09-14 15:13:18.941,17410,17411,17410,1,-1
2021-09-14 15:13:18.941,17410,17411,17410,1,-1
2021-09-14 15:13:19.624,17409,17410,17410,1,1
2021-09-14 15:13:20.897,17409,17410,17410,1,1
2021-09-14 15:13:21.516,17409,17410,17410,1,1
2021-09-14 15:13:21.880,17409,17410,17409,1,-1
2021-09-14 15:13:23.578,17409,17410,17409,1,-1
2021-09-14 15:13:24.080,17409,17410,17409,5,-5
2021-09-14 15:13:28.502,17408,17409,17408,10,-10
2021-09-14 15:13:29.381,17408,17409,17408,1,-1
2021-09-14 15:13:29.520,17408,17409,17408,1,-1
2021-09-14 15:13:33.312,17408,17409,17408,1,-1
2021-09-14 15:13:33.362,17408,17409,17408,4,-4
2021-09-14 15:13:33.363,17408,17409,17408,1,-1
2021-09-14 15:13:36.568,17408,17409,17409,1,1
2021-09-14 15:13:36.568,17408,17409,17409,3,3
2021-09-14 15:13:36.568,17408,17409,17409,2,2
2021-09-14 15:13:39.924,17409,17410,17409,1,-1
2021-09-14 15:13:40.980,17409,17410,17410,1,1
2021-09-14 15:13:44.566,17409,17411,17411,1,1
2021-09-14 15:13:46.159,17408,17410,17410,1,1
2021-09-14 15:13:48.187,17408,17410,17410,1,1
2021-09-14 15:13:58.666,17409,17410,17409,2,-2
2021-09-14 15:13:58.666,17409,17410,17408,1,-1
2021-09-14 15:14:01.874,17408,17409,17408,7,-7
2021-09-14 15:14:02.376,17407,17408,17407,6,-6
2021-09-14 15:14:02.376,17407,17408,17406,7,-7
2021-09-14 15:14:02.827,17406,17407,17406,1,-1
2021-09-14 15:14:03.017,17406,17407,17406,1,-1
2021-09-14 15:14:03.495,17406,17407,17408,1,1
2021-09-14 15:14:04.000,17406,17408,17406,2,-2
2021-09-14 15:14:08.234,17406,17407,17406,1,-1
2021-09-14 15:14:09.373,17405,17406,17405,2,-2
2021-09-14 15:14:10.135,17405,17406,17405,1,-1
2021-09-14 15:14:11.216,17405,17406,17406,4,4
2021-09-14 15:14:13.560,17406,17407,17406,2,-2
2021-09-14 15:14:14.945,17406,17407,17406,1,-1
2021-09-14 15:14:17.116,17406,17407,17406,1,-1
2021-09-14 15:14:18.730,17406,17407,17406,1,-1
2021-09-14 15:14:21.653,17406,17407,17407,1,1
2021-09-14 15:14:21.970,17406,17407,17407,2,2
2021-09-14 15:14:22.353,17406,17407,17407,11,11
2021-09-14 15:14:24.114,17407,17409,17407,2,-2
2021-09-14 15:14:26.657,17407,17409,17409,1,1
2021-09-14 15:14:26.954,17408,17409,17408,2,-2
2021-09-14 15:14:26.954,17408,17409,17407,13,-13
2021-09-14 15:14:26.954,17408,17409,17406,5,-5
2021-09-14 15:14:27.347,17407,17408,17407,1,1
2021-09-14 15:14:27.347,17407,17408,17406,1,-1
2021-09-14 15:14:29.733,17406,17408,17407,1,1
2021-09-14 15:14:36.320,17407,17409,17408,1,1
2021-09-14 15:14:37.539,17406,17408,17407,1,-1
2021-09-14 15:14:38.086,17407,17408,17407,1,-1
2021-09-14 15:14:38.733,17407,17408,17407,1,-1
2021-09-14 15:14:38.926,17406,17407,17406,2,-2
2021-09-14 15:14:39.100,17405,17406,17405,2,-2
2021-09-14 15:14:39.100,17405,17406,17405,1,-1
2021-09-14 15:14:39.100,17405,17406,17405,4,-4
2021-09-14 15:14:39.100,17405,17406,17405,2,-2
2021-09-14 15:14:39.100,17405,17406,17405,1,-1
2021-09-14 15:14:43.950,17404,17405,17405,1,1
2021-09-14 15:14:45.996,17404,17405,17404,8,-8
2021-09-14 15:14:46.488,17403,17405,17405,5,5
2021-09-14 15:14:46.618,17403,17405,17403,1,-1
2021-09-14 15:14:46.718,17403,17405,17403,2,-2
2021-09-14 15:14:46.987,17403,17405,17403,3,-3
2021-09-14 15:14:49.025,17403,17404,17403,1,-1
2021-09-14 15:14:49.647,17403,17404,17403,1,-1
2021-09-14 15:14:49.870,17403,17404,17404,1,1
2021-09-14 15:14:50.109,17403,17404,17403,1,-1
2021-09-14 15:14:50.196,17403,17404,17403,1,-1
2021-09-14 15:14:50.332,17403,17404,17403,1,-1
2021-09-14 15:14:50.661,17403,17404,17403,1,-1
2021-09-14 15:14:51.558,17403,17404,17403,1,-1
2021-09-14 15:14:53.351,17403,17404,17403,1,-1
2021-09-14 15:14:53.351,17403,17404,17402,1,-1
2021-09-14 15:14:53.404,17402,17404,17402,1,-1
2021-09-14 15:14:53.454,17402,17404,17402,1,-1
2021-09-14 15:14:54.777,17403,17404,17403,1,1
2021-09-14 15:14:54.990,17403,17404,17403,1,-1
2021-09-14 15:14:55.553,17403,17404,17403,2,-2
2021-09-14 15:14:56.454,17402,17404,17402,1,-1
2021-09-14 15:14:57.528,17403,17404,17403,1,1
2021-09-14 15:14:58.892,17403,17405,17403,5,-5
2021-09-14 15:15:00.123,17403,17404,17403,1,-1
2021-09-14 15:15:00.170,17403,17405,17402,1,-1
2021-09-14 15:15:00.463,17402,17404,17402,10,-10
2021-09-14 15:15:00.881,17403,17404,17403,1,1
2021-09-14 15:15:01.050,17403,17404,17403,2,-2
2021-09-14 15:15:01.128,17403,17405,17405,1,1
2021-09-14 15:15:01.694,17403,17405,17403,2,-2
2021-09-14 15:15:01.746,17403,17405,17403,3,-3
2021-09-14 15:15:01.747,17403,17405,17403,5,-5
2021-09-14 15:15:02.641,17403,17404,17403,1,-1
2021-09-14 15:15:03.040,17403,17405,17405,1,1
2021-09-14 15:15:03.040,17403,17405,17405,1,1
2021-09-14 15:15:06.483,17403,17405,17405,1,1
2021-09-14 15:15:09.800,17404,17405,17405,1,1
2021-09-14 15:15:09.878,17404,17405,17405,1,1
2021-09-14 15:15:09.878,17404,17405,17405,1,1
2021-09-14 15:15:09.878,17404,17405,17405,1,1
2021-09-14 15:15:09.879,17404,17405,17405,1,1
2021-09-14 15:15:10.471,17404,17405,17404,2,-2
2021-09-14 15:15:14.002,17403,17404,17403,4,-4
2021-09-14 15:15:16.052,17402,17403,17403,1,1
2021-09-14 15:15:16.818,17402,17404,17402,1,-1
2021-09-14 15:15:17.872,17402,17404,17402,2,-2
2021-09-14 15:15:17.878,17402,17404,17404,1,1
2021-09-14 15:15:17.878,17402,17404,17404,1,1
2021-09-14 15:15:18.247,17402,17404,17402,2,-2
2021-09-14 15:15:21.423,17403,17405,17403,2,2
2021-09-14 15:15:23.186,17403,17404,17404,2,2
2021-09-14 15:15:28.251,17402,17403,17403,1,1
2021-09-14 15:15:28.816,17402,17403,17403,3,3
2021-09-14 15:15:30.736,17402,17404,17402,1,-1
2021-09-14 15:15:30.753,17402,17404,17404,1,1
2021-09-14 15:15:31.668,17402,17403,17403,1,1
2021-09-14 15:15:32.378,17402,17404,17402,5,-5
2021-09-14 15:15:33.296,17402,17404,17402,8,-8
2021-09-14 15:15:33.296,17402,17404,17401,2,-2
2021-09-14 15:15:33.411,17401,17404,17401,1,-1
2021-09-14 15:15:33.763,17402,17404,17402,1,1
2021-09-14 15:15:37.664,17403,17404,17404,11,11
2021-09-14 15:15:47.928,17403,17404,17403,1,-1
2021-09-14 15:15:48.004,17403,17404,17404,1,1
2021-09-14 15:15:48.004,17403,17404,17404,1,1
2021-09-14 15:15:48.888,17403,17404,17404,1,1
2021-09-14 15:15:50.744,17403,17404,17403,1,-1
2021-09-14 15:15:53.413,17403,17404,17404,5,5
2021-09-14 15:15:56.866,17404,17405,17405,1,1
2021-09-14 15:15:56.867,17404,17405,17405,11,11
2021-09-14 15:16:01.942,17405,17406,17405,2,-2
2021-09-14 15:16:02.191,17404,17405,17405,1,1
2021-09-14 15:16:02.253,17404,17406,17406,1,1
2021-09-14 15:16:02.253,17404,17406,17406,1,1
2021-09-14 15:16:02.254,17404,17406,17406,1,1
2021-09-14 15:16:03.308,17404,17406,17404,1,-1
2021-09-14 15:16:04.550,17404,17406,17406,3,3
2021-09-14 15:16:04.751,17404,17405,17405,1,1
2021-09-14 15:16:09.108,17405,17406,17405,4,-4
2021-09-14 15:16:09.309,17404,17405,17405,2,2
2021-09-14 15:16:10.534,17405,17406,17406,2,2
2021-09-14 15:16:10.627,17405,17407,17407,1,1
2021-09-14 15:16:10.628,17405,17407,17407,1,1
2021-09-14 15:16:10.628,17405,17407,17407,1,1
2021-09-14 15:16:11.120,17405,17408,17405,1,-1
2021-09-14 15:16:11.139,17405,17407,17407,2,2
2021-09-14 15:16:12.841,17407,17408,17408,2,2
2021-09-14 15:16:13.513,17407,17408,17408,2,2
2021-09-14 15:16:13.638,17407,17408,17408,1,1
2021-09-14 15:16:14.418,17407,17408,17408,1,1
2021-09-14 15:16:14.703,17407,17408,17408,2,2
2021-09-14 15:16:15.325,17407,17408,17408,2,2
2021-09-14 15:16:15.325,17407,17408,17408,7,7
2021-09-14 15:16:18.069,17408,17409,17408,1,-1
2021-09-14 15:16:18.073,17408,17409,17408,1,-1
2021-09-14 15:16:20.106,17407,17408,17408,1,1
2021-09-14 15:16:20.128,17407,17408,17408,1,1
2021-09-14 15:16:20.128,17407,17408,17408,1,1
2021-09-14 15:16:20.128,17407,17408,17409,1,1
2021-09-14 15:16:20.129,17407,17408,17409,1,1
2021-09-14 15:16:20.129,17407,17408,17409,1,1
2021-09-14 15:16:20.130,17407,17408,17409,1,1
2021-09-14 15:16:25.252,17407,17408,17408,1,1
2021-09-14 15:16:28.273,17408,17409,17409,1,1
2021-09-14 15:16:28.417,17408,17409,17409,2,2
2021-09-14 15:16:29.569,17408,17410,17408,1,-1
2021-09-14 15:16:29.627,17408,17410,17410,1,1
2021-09-14 15:16:29.628,17408,17410,17410,1,1
2021-09-14 15:16:29.628,17408,17410,17410,1,1
2021-09-14 15:16:29.628,17408,17410,17410,1,1
2021-09-14 15:16:29.628,17408,17410,17410,1,1
2021-09-14 15:16:29.628,17408,17410,17410,1,1
2021-09-14 15:16:29.628,17408,17410,17410,1,1
2021-09-14 15:16:29.628,17408,17410,17410,1,1
2021-09-14 15:16:29.628,17408,17410,17410,1,1
2021-09-14 15:16:29.628,17408,17410,17410,1,1
2021-09-14 15:16:29.628,17408,17410,17410,1,1
2021-09-14 15:16:29.629,17408,17410,17410,1,1
2021-09-14 15:16:29.629,17408,17410,17411,1,1
2021-09-14 15:16:29.629,17408,17410,17411,1,1
2021-09-14 15:16:29.629,17408,17410,17411,1,1
2021-09-14 15:16:29.631,17408,17410,17411,1,1
2021-09-14 15:16:29.741,17408,17410,17409,1,-1
2021-09-14 15:16:30.617,17409,17411,17410,2,2
2021-09-14 15:16:31.257,17409,17410,17410,1,1
2021-09-14 15:16:32.515,17410,17411,17411,2,2
2021-09-14 15:16:33.382,17410,17411,17410,1,-1
2021-09-14 15:16:33.474,17410,17411,17410,2,-2
2021-09-14 15:16:33.972,17409,17410,17410,1,1
2021-09-14 15:16:36.933,17409,17411,17409,1,-1
2021-09-14 15:16:37.695,17409,17410,17409,1,-1
2021-09-14 15:16:37.754,17409,17410,17410,1,1
2021-09-14 15:16:37.754,17409,17410,17410,1,1
2021-09-14 15:16:39.496,17410,17411,17410,1,-1
2021-09-14 15:16:41.753,17409,17410,17410,2,2
2021-09-14 15:16:43.986,17410,17411,17411,2,2
2021-09-14 15:16:44.324,17411,17412,17412,1,1
2021-09-14 15:16:44.689,17411,17412,17412,2,2
2021-09-14 15:16:45.087,17411,17412,17412,1,1
2021-09-14 15:16:45.502,17411,17412,17411,1,-1
2021-09-14 15:16:45.962,17411,17412,17412,2,2
2021-09-14 15:16:47.487,17412,17413,17412,2,-2
2021-09-14 15:16:47.658,17411,17412,17412,1,1
2021-09-14 15:16:48.345,17411,17412,17412,1,1
2021-09-14 15:16:48.959,17411,17412,17412,1,1
2021-09-14 15:16:50.978,17411,17412,17412,2,2
2021-09-14 15:16:55.433,17411,17412,17412,1,1
2021-09-14 15:16:56.841,17411,17412,17412,1,1
2021-09-14 15:16:57.284,17411,17412,17412,1,1
2021-09-14 15:16:58.038,17411,17412,17411,1,-1
2021-09-14 15:17:01.169,17411,17412,17411,2,-2
2021-09-14 15:17:06.202,17410,17411,17410,3,-3
2021-09-14 15:17:10.076,17410,17411,17411,1,1
2021-09-14 15:17:10.495,17410,17411,17411,1,1
2021-09-14 15:17:11.373,17410,17411,17411,1,1
