2020-09-07,15:00:00.017000,12566,12567,12561,110
2020-09-07,15:00:00.018000,12561,12562,12562,1
2020-09-07,15:00:00.021000,12561,12562,12562,1
2020-09-07,15:00:00.022000,12561,12562,12563,1
2020-09-07,15:00:00.107000,12561,12563,12562,1
2020-09-07,15:00:00.187000,12561,12563,12563,1
2020-09-07,15:00:00.285000,12562,12563,12562,1
2020-09-07,15:00:00.285000,12562,12563,12561,2
2020-09-07,15:00:00.356000,12562,12563,12562,1
2020-09-07,15:00:00.381000,12562,12563,12561,2
2020-09-07,15:00:00.427000,12561,12562,12561,1
2020-09-07,15:00:00.538000,12561,12562,12561,1
2020-09-07,15:00:00.543000,12561,12562,12562,1
2020-09-07,15:00:00.547000,12561,12562,12562,1
2020-09-07,15:00:00.606000,12561,12562,12560,8
2020-09-07,15:00:00.721000,12560,12562,12560,2
2020-09-07,15:00:00.722000,12560,12562,12560,1
2020-09-07,15:00:00.724000,12560,12562,12561,2
2020-09-07,15:00:00.750000,12560,12562,12559,1
2020-09-07,15:00:00.758000,12560,12562,12562,2
2020-09-07,15:00:00.760000,12560,12562,12559,1
2020-09-07,15:00:00.760000,12560,12562,12558,1
2020-09-07,15:00:00.837000,12558,12562,12558,1
2020-09-07,15:00:00.843000,12558,12562,12558,1
2020-09-07,15:00:00.845000,12558,12562,12558,2
2020-09-07,15:00:00.845000,12558,12562,12557,3
2020-09-07,15:00:00.847000,12558,12562,12557,5
2020-09-07,15:00:00.853000,12558,12562,12557,3
2020-09-07,15:00:00.853000,12558,12562,12557,2
2020-09-07,15:00:00.866000,12558,12562,12556,3
2020-09-07,15:00:00.866000,12558,12562,12555,2
2020-09-07,15:00:00.866000,12558,12562,12555,2
2020-09-07,15:00:00.866000,12558,12562,12555,5
2020-09-07,15:00:00.892000,12558,12562,12555,1
2020-09-07,15:00:00.900000,12558,12562,12555,5
2020-09-07,15:00:00.900000,12558,12562,12555,13
2020-09-07,15:00:00.908000,12554,12555,12554,1
2020-09-07,15:00:00.926000,12554,12555,12554,1
2020-09-07,15:00:00.946000,12554,12555,12554,1
2020-09-07,15:00:00.947000,12554,12555,12555,1
2020-09-07,15:00:00.955000,12554,12555,12554,1
2020-09-07,15:00:01.029000,12554,12555,12554,1
2020-09-07,15:00:01.058000,12554,12555,12554,1
2020-09-07,15:00:01.084000,12554,12555,12554,2
2020-09-07,15:00:01.085000,12554,12555,12554,3
2020-09-07,15:00:01.161000,12553,12555,12553,1
2020-09-07,15:00:01.185000,12553,12555,12553,1
2020-09-07,15:00:01.190000,12553,12555,12553,1
2020-09-07,15:00:01.194000,12553,12555,12553,1
2020-09-07,15:00:01.250000,12553,12555,12553,1
2020-09-07,15:00:01.277000,12553,12555,12553,1
2020-09-07,15:00:01.292000,12552,12555,12552,1
2020-09-07,15:00:01.316000,12552,12555,12552,1
2020-09-07,15:00:01.321000,12552,12555,12552,2
2020-09-07,15:00:01.337000,12552,12555,12552,1
2020-09-07,15:00:01.339000,12552,12555,12552,1
2020-09-07,15:00:01.339000,12552,12555,12551,1
2020-09-07,15:00:01.365000,12552,12555,12551,4
2020-09-07,15:00:01.421000,12551,12553,12551,12
2020-09-07,15:00:01.505000,12551,12553,12551,2
2020-09-07,15:00:01.505000,12551,12553,12550,4
2020-09-07,15:00:01.513000,12551,12553,12552,1
2020-09-07,15:00:01.543000,12552,12553,12552,4
2020-09-07,15:00:01.555000,12552,12553,12550,1
2020-09-07,15:00:01.562000,12552,12553,12550,1
2020-09-07,15:00:01.583000,12552,12553,12550,1
2020-09-07,15:00:01.636000,12552,12553,12550,5
2020-09-07,15:00:01.719000,12550,12553,12550,1
2020-09-07,15:00:01.719000,12550,12553,12550,2
2020-09-07,15:00:01.720000,12550,12553,12550,1
2020-09-07,15:00:01.723000,12550,12553,12549,2
2020-09-07,15:00:01.749000,12550,12553,12549,2
2020-09-07,15:00:01.789000,12549,12553,12549,2
2020-09-07,15:00:01.827000,12549,12553,12548,2
2020-09-07,15:00:01.832000,12549,12553,12548,1
2020-09-07,15:00:01.832000,12549,12553,12547,1
2020-09-07,15:00:01.832000,12549,12553,12546,2
2020-09-07,15:00:01.860000,12549,12553,12546,1
2020-09-07,15:00:01.860000,12549,12553,12545,1
2020-09-07,15:00:01.877000,12549,12553,12545,2
2020-09-07,15:00:01.877000,12549,12553,12544,2
2020-09-07,15:00:01.877000,12549,12553,12543,4
2020-09-07,15:00:01.878000,12549,12553,12543,1
2020-09-07,15:00:01.921000,12543,12549,12543,1
2020-09-07,15:00:01.921000,12543,12549,12542,2
2020-09-07,15:00:01.947000,12543,12549,12541,1
2020-09-07,15:00:01.965000,12543,12549,12543,1
2020-09-07,15:00:01.965000,12543,12549,12541,1
2020-09-07,15:00:02.022000,12543,12549,12543,1
2020-09-07,15:00:02.023000,12543,12549,12541,1
2020-09-07,15:00:02.036000,12541,12549,12549,4
2020-09-07,15:00:02.039000,12541,12549,12550,1
2020-09-07,15:00:02.039000,12541,12549,12551,3
2020-09-07,15:00:02.045000,12541,12549,12551,1
2020-09-07,15:00:02.045000,12541,12549,12552,1
2020-09-07,15:00:02.045000,12541,12549,12553,2
2020-09-07,15:00:02.059000,12541,12549,12553,3
2020-09-07,15:00:02.059000,12541,12549,12554,1
2020-09-07,15:00:02.068000,12541,12549,12554,1
2020-09-07,15:00:02.068000,12541,12549,12555,1
2020-09-07,15:00:02.075000,12541,12549,12555,2
2020-09-07,15:00:02.075000,12541,12549,12556,1
2020-09-07,15:00:02.099000,12541,12549,12556,4
2020-09-07,15:00:02.101000,12541,12549,12541,3
2020-09-07,15:00:02.101000,12541,12549,12556,1
2020-09-07,15:00:02.104000,12541,12549,12541,1
2020-09-07,15:00:02.108000,12541,12549,12556,1
2020-09-07,15:00:02.125000,12541,12549,12543,3
2020-09-07,15:00:02.126000,12541,12549,12543,1
2020-09-07,15:00:02.126000,12541,12549,12543,1
2020-09-07,15:00:02.147000,12541,12549,12548,1
2020-09-07,15:00:02.161000,12541,12553,12541,1
2020-09-07,15:00:02.216000,12541,12553,12541,1
2020-09-07,15:00:02.223000,12541,12553,12551,5
2020-09-07,15:00:02.227000,12541,12553,12541,5
2020-09-07,15:00:02.252000,12541,12553,12540,2
2020-09-07,15:00:02.253000,12541,12553,12540,1
2020-09-07,15:00:02.325000,12540,12552,12540,1
2020-09-07,15:00:02.325000,12540,12552,12540,1
2020-09-07,15:00:02.326000,12540,12552,12539,1
2020-09-07,15:00:02.326000,12540,12552,12538,1
2020-09-07,15:00:02.335000,12540,12552,12538,2
2020-09-07,15:00:02.344000,12540,12552,12538,2
2020-09-07,15:00:02.349000,12540,12552,12538,1
2020-09-07,15:00:02.365000,12540,12552,12538,2
2020-09-07,15:00:02.373000,12540,12552,12539,1
2020-09-07,15:00:02.373000,12540,12552,12538,3
2020-09-07,15:00:02.406000,12537,12547,12538,1
2020-09-07,15:00:02.425000,12537,12547,12538,1
2020-09-07,15:00:02.427000,12537,12547,12538,1
2020-09-07,15:00:02.428000,12537,12547,12538,2
2020-09-07,15:00:02.431000,12537,12547,12538,1
2020-09-07,15:00:02.529000,12537,12547,12539,1
2020-09-07,15:00:02.543000,12537,12546,12538,1
2020-09-07,15:00:02.543000,12537,12546,12538,1
2020-09-07,15:00:02.551000,12537,12546,12537,1
2020-09-07,15:00:02.627000,12537,12546,12537,1
2020-09-07,15:00:02.671000,12538,12545,12538,1
2020-09-07,15:00:02.729000,12538,12545,12539,1
2020-09-07,15:00:02.730000,12538,12545,12539,1
2020-09-07,15:00:02.762000,12538,12545,12538,3
2020-09-07,15:00:02.829000,12538,12544,12538,1
2020-09-07,15:00:02.834000,12538,12544,12538,1
2020-09-07,15:00:02.893000,12538,12544,12537,4
2020-09-07,15:00:02.971000,12538,12544,12538,1
2020-09-07,15:00:03.009000,12538,12544,12537,1
2020-09-07,15:00:03.031000,12537,12544,12537,1
2020-09-07,15:00:03.036000,12537,12544,12537,1
2020-09-07,15:00:03.156000,12542,12544,12542,3
2020-09-07,15:00:03.368000,12537,12544,12544,1
2020-09-07,15:00:03.369000,12537,12544,12545,3
2020-09-07,15:00:03.370000,12537,12544,12546,1
2020-09-07,15:00:03.370000,12537,12544,12547,1
2020-09-07,15:00:03.371000,12537,12544,12548,1
2020-09-07,15:00:03.530000,12546,12555,12547,1
2020-09-07,15:00:03.692000,12547,12555,12547,1
2020-09-07,15:00:03.746000,12547,12555,12549,1
2020-09-07,15:00:03.774000,12547,12555,12547,1
2020-09-07,15:00:03.774000,12547,12555,12546,1
2020-09-07,15:00:03.828000,12546,12550,12546,1
2020-09-07,15:00:03.832000,12546,12550,12545,1
2020-09-07,15:00:03.854000,12546,12550,12545,1
2020-09-07,15:00:04.037000,12542,12548,12542,1
2020-09-07,15:00:04.037000,12542,12548,12541,2
2020-09-07,15:00:04.049000,12542,12548,12546,1
2020-09-07,15:00:04.214000,12541,12546,12541,1
2020-09-07,15:00:04.285000,12540,12544,12540,1
2020-09-07,15:00:04.308000,12540,12544,12540,1
2020-09-07,15:00:04.325000,12540,12544,12541,2
2020-09-07,15:00:04.330000,12540,12544,12541,2
2020-09-07,15:00:04.330000,12540,12544,12540,1
2020-09-07,15:00:04.350000,12540,12544,12546,1
2020-09-07,15:00:04.412000,12541,12547,12541,1
2020-09-07,15:00:04.541000,12541,12545,12541,1
2020-09-07,15:00:04.591000,12541,12545,12545,1
2020-09-07,15:00:04.613000,12541,12545,12546,1
2020-09-07,15:00:04.756000,12544,12548,12544,1
2020-09-07,15:00:04.904000,12543,12548,12549,1
2020-09-07,15:00:04.905000,12543,12548,12550,3
2020-09-07,15:00:04.905000,12548,12551,12551,3
2020-09-07,15:00:05.247000,12550,12551,12550,1
2020-09-07,15:00:05.374000,12547,12549,12549,1
2020-09-07,15:00:05.445000,12547,12549,12547,1
2020-09-07,15:00:05.556000,12547,12550,12549,1
2020-09-07,15:00:05.556000,12547,12550,12550,2
2020-09-07,15:00:05.556000,12547,12550,12551,5
2020-09-07,15:00:05.556000,12547,12550,12552,2
2020-09-07,15:00:05.556000,12547,12550,12552,5
2020-09-07,15:00:05.648000,12547,12550,12548,1
2020-09-07,15:00:05.744000,12548,12553,12552,2
2020-09-07,15:00:05.838000,12549,12553,12552,13
2020-09-07,15:00:05.838000,12549,12553,12552,2
2020-09-07,15:00:05.893000,12549,12553,12548,2
2020-09-07,15:00:06.052000,12548,12551,12551,1
2020-09-07,15:00:06.250000,12549,12551,12550,1
2020-09-07,15:00:06.279000,12549,12551,12552,2
2020-09-07,15:00:06.331000,12550,12552,12552,2
2020-09-07,15:00:06.394000,12550,12552,12552,2
2020-09-07,15:00:06.651000,12550,12555,12551,1
2020-09-07,15:00:07.054000,12553,12554,12553,1
2020-09-07,15:00:07.356000,12553,12554,12553,1
2020-09-07,15:00:07.558000,12553,12554,12553,3
2020-09-07,15:00:07.628000,12553,12554,12552,1
2020-09-07,15:00:07.656000,12552,12554,12552,1
2020-09-07,15:00:07.727000,12552,12554,12550,1
2020-09-07,15:00:07.789000,12550,12553,12553,5
2020-09-07,15:00:07.803000,12550,12553,12552,1
2020-09-07,15:00:07.831000,12550,12553,12553,1
2020-09-07,15:00:07.839000,12550,12553,12552,1
2020-09-07,15:00:07.842000,12550,12553,12553,2
2020-09-07,15:00:07.843000,12550,12553,12553,1
2020-09-07,15:00:07.980000,12552,12554,12554,4
2020-09-07,15:00:07.980000,12552,12554,12555,4
2020-09-07,15:00:07.980000,12552,12554,12557,5
2020-09-07,15:00:07.980000,12552,12554,12558,2
2020-09-07,15:00:08.260000,12553,12557,12553,1
2020-09-07,15:00:08.281000,12552,12554,12552,5
2020-09-07,15:00:08.290000,12552,12554,12552,1
2020-09-07,15:00:08.560000,12551,12553,12551,1
2020-09-07,15:00:08.560000,12551,12553,12550,12
2020-09-07,15:00:08.560000,12551,12553,12549,6
2020-09-07,15:00:08.560000,12551,12553,12548,2
2020-09-07,15:00:08.561000,12551,12553,12548,3
2020-09-07,15:00:08.568000,12551,12553,12548,1
2020-09-07,15:00:08.864000,12548,12554,12548,1
2020-09-07,15:00:08.925000,12548,12554,12554,1
2020-09-07,15:00:09.148000,12549,12555,12551,1
2020-09-07,15:00:09.178000,12551,12553,12551,1
2020-09-07,15:00:09.387000,12548,12553,12551,1
2020-09-07,15:00:09.776000,12548,12551,12548,1
2020-09-07,15:00:09.916000,12548,12551,12548,1
2020-09-07,15:00:09.978000,12548,12551,12550,1
2020-09-07,15:00:10.074000,12548,12550,12550,1
2020-09-07,15:00:10.683000,12548,12550,12550,1
2020-09-07,15:00:11.390000,12548,12551,12549,1
2020-09-07,15:00:11.858000,12548,12550,12550,1
2020-09-07,15:00:12.036000,12549,12551,12551,1
2020-09-07,15:00:12.480000,12549,12551,12551,4
2020-09-07,15:00:12.583000,12550,12552,12552,1
2020-09-07,15:00:12.740000,12550,12552,12550,1
2020-09-07,15:00:13.107000,12550,12551,12551,1
2020-09-07,15:00:13.328000,12550,12551,12551,1
2020-09-07,15:00:13.330000,12550,12551,12551,4
2020-09-07,15:00:13.821000,12551,12552,12552,3
2020-09-07,15:00:13.821000,12551,12552,12553,6
2020-09-07,15:00:13.821000,12551,12552,12554,1
2020-09-07,15:00:13.923000,12551,12553,12551,1
2020-09-07,15:00:13.923000,12551,12553,12550,2
2020-09-07,15:00:13.923000,12551,12553,12549,2
2020-09-07,15:00:13.923000,12551,12553,12548,2
2020-09-07,15:00:13.961000,12551,12553,12551,1
2020-09-07,15:00:13.961000,12551,12553,12552,5
2020-09-07,15:00:13.961000,12551,12553,12553,4
2020-09-07,15:00:14.172000,12550,12553,12553,4
2020-09-07,15:00:14.172000,12550,12553,12554,6
2020-09-07,15:00:14.280000,12551,12555,12555,8
2020-09-07,15:00:14.280000,12551,12555,12556,2
2020-09-07,15:00:14.436000,12552,12557,12557,7
2020-09-07,15:00:14.436000,12552,12557,12558,3
2020-09-07,15:00:14.772000,12551,12553,12553,1
2020-09-07,15:00:15.189000,12551,12553,12553,3
2020-09-07,15:00:15.190000,12551,12553,12553,1
2020-09-07,15:00:15.203000,12551,12553,12555,1
2020-09-07,15:00:15.293000,12553,12557,12553,1
2020-09-07,15:00:15.311000,12553,12557,12553,1
2020-09-07,15:00:15.336000,12553,12557,12553,1
2020-09-07,15:00:15.391000,12553,12557,12552,1
2020-09-07,15:00:15.402000,12553,12557,12552,1
2020-09-07,15:00:15.618000,12552,12556,12552,1
2020-09-07,15:00:15.723000,12552,12556,12553,1
2020-09-07,15:00:16.190000,12553,12554,12553,1
2020-09-07,15:00:16.575000,12552,12555,12552,1
2020-09-07,15:00:16.575000,12552,12555,12551,1
2020-09-07,15:00:16.614000,12552,12555,12551,1
2020-09-07,15:00:16.618000,12552,12555,12551,1
2020-09-07,15:00:16.791000,12550,12552,12550,4
2020-09-07,15:00:16.792000,12550,12552,12549,2
2020-09-07,15:00:16.963000,12548,12550,12549,1
2020-09-07,15:00:16.963000,12548,12550,12548,1
2020-09-07,15:00:17.028000,12548,12550,12548,1
2020-09-07,15:00:17.043000,12548,12550,12548,1
2020-09-07,15:00:17.116000,12548,12550,12548,4
2020-09-07,15:00:17.117000,12548,12550,12548,4
2020-09-07,15:00:17.192000,12546,12548,12546,1
2020-09-07,15:00:17.248000,12546,12548,12548,1
2020-09-07,15:00:17.248000,12546,12548,12549,4
2020-09-07,15:00:17.346000,12548,12550,12548,1
2020-09-07,15:00:17.364000,12548,12550,12548,1
2020-09-07,15:00:17.376000,12548,12550,12548,1
2020-09-07,15:00:17.412000,12547,12549,12547,2
2020-09-07,15:00:17.481000,12547,12549,12549,1
2020-09-07,15:00:17.481000,12547,12549,12550,1
2020-09-07,15:00:18.733000,12548,12549,12549,1
2020-09-07,15:00:18.938000,12548,12549,12549,1
2020-09-07,15:00:19.240000,12548,12550,12548,4
2020-09-07,15:00:19.240000,12548,12550,12547,1
2020-09-07,15:00:19.241000,12548,12550,12547,5
2020-09-07,15:00:19.262000,12548,12550,12548,1
2020-09-07,15:00:19.481000,12546,12549,12546,1
2020-09-07,15:00:19.710000,12546,12549,12549,5
2020-09-07,15:00:19.710000,12546,12549,12550,5
2020-09-07,15:00:19.905000,12547,12550,12549,4
2020-09-07,15:00:19.905000,12547,12550,12550,5
2020-09-07,15:00:19.905000,12547,12550,12551,1
2020-09-07,15:00:20.096000,12549,12551,12551,6
2020-09-07,15:00:20.096000,12549,12551,12552,2
2020-09-07,15:00:20.096000,12549,12551,12553,2
2020-09-07,15:00:20.315000,12549,12551,12549,1
2020-09-07,15:00:20.316000,12549,12551,12551,5
2020-09-07,15:00:20.316000,12549,12551,12552,5
2020-09-07,15:00:20.443000,12548,12550,12550,5
2020-09-07,15:00:20.443000,12548,12550,12552,5
2020-09-07,15:00:20.561000,12549,12553,12549,1
2020-09-07,15:00:20.635000,12549,12553,12551,1
2020-09-07,15:00:20.635000,12549,12553,12552,2
2020-09-07,15:00:20.635000,12549,12553,12553,7
2020-09-07,15:00:21.283000,12550,12553,12550,1
2020-09-07,15:00:21.927000,12549,12551,12549,1
2020-09-07,15:00:21.975000,12549,12551,12551,1
2020-09-07,15:00:22.106000,12549,12551,12549,1
2020-09-07,15:00:22.501000,12548,12550,12550,1
2020-09-07,15:00:22.505000,12548,12550,12550,4
2020-09-07,15:00:22.505000,12548,12550,12551,2
2020-09-07,15:00:23.302000,12550,12551,12550,2
2020-09-07,15:00:24.317000,12550,12551,12550,1
2020-09-07,15:00:24.317000,12550,12551,12550,1
2020-09-07,15:00:24.617000,12549,12551,12549,1
2020-09-07,15:00:24.818000,12548,12551,12548,1
2020-09-07,15:00:25.298000,12548,12551,12551,1
2020-09-07,15:00:25.557000,12550,12551,12550,1
2020-09-07,15:00:25.625000,12550,12551,12550,2
2020-09-07,15:00:25.812000,12548,12551,12548,1
2020-09-07,15:00:25.987000,12548,12551,12550,1
2020-09-07,15:00:26.105000,12548,12551,12550,1
2020-09-07,15:00:26.241000,12548,12551,12551,1
2020-09-07,15:00:26.648000,12550,12551,12551,1
2020-09-07,15:00:27.100000,12551,12552,12551,1
2020-09-07,15:00:27.140000,12551,12552,12551,1
2020-09-07,15:00:27.171000,12551,12552,12551,1
2020-09-07,15:00:27.691000,12551,12552,12551,3
2020-09-07,15:00:28.035000,12551,12552,12552,1
2020-09-07,15:00:28.611000,12551,12553,12551,1
2020-09-07,15:00:29.303000,12551,12553,12553,5
2020-09-07,15:00:29.303000,12551,12553,12553,7
2020-09-07,15:00:30.745000,12551,12554,12554,1
2020-09-07,15:00:30.945000,12553,12554,12553,1
2020-09-07,15:00:30.945000,12553,12554,12551,3
2020-09-07,15:00:30.962000,12553,12554,12552,1
2020-09-07,15:00:31.072000,12552,12554,12552,3
2020-09-07,15:00:31.072000,12552,12554,12551,1
2020-09-07,15:00:31.171000,12552,12554,12552,2
2020-09-07,15:00:31.211000,12552,12554,12552,2
2020-09-07,15:00:31.211000,12552,12554,12551,2
2020-09-07,15:00:31.261000,12552,12554,12552,2
2020-09-07,15:00:31.351000,12552,12554,12552,5
2020-09-07,15:00:31.351000,12552,12554,12551,2
2020-09-07,15:00:31.375000,12552,12554,12552,1
2020-09-07,15:00:31.379000,12552,12554,12552,2
2020-09-07,15:00:31.432000,12552,12554,12552,1
2020-09-07,15:00:31.454000,12552,12554,12552,1
2020-09-07,15:00:31.552000,12553,12554,12553,2
2020-09-07,15:00:32.064000,12553,12554,12554,1
2020-09-07,15:00:33.227000,12554,12555,12555,3
2020-09-07,15:00:33.377000,12555,12556,12555,4
2020-09-07,15:00:33.377000,12555,12556,12554,1
2020-09-07,15:00:33.778000,12553,12556,12553,1
2020-09-07,15:00:34.030000,12555,12556,12555,2
2020-09-07,15:00:36.822000,12553,12555,12555,1
2020-09-07,15:00:37.590000,12553,12554,12554,2
2020-09-07,15:00:37.749000,12554,12555,12555,1
2020-09-07,15:00:37.749000,12554,12555,12555,14
2020-09-07,15:00:37.750000,12554,12555,12556,3
2020-09-07,15:00:37.875000,12555,12556,12556,2
2020-09-07,15:00:37.876000,12555,12556,12556,6
2020-09-07,15:00:38.387000,12556,12557,12556,1
2020-09-07,15:00:38.593000,12556,12557,12557,1
2020-09-07,15:00:38.873000,12557,12558,12557,1
2020-09-07,15:00:40.509000,12555,12556,12556,7
2020-09-07,15:00:40.867000,12555,12557,12555,1
2020-09-07,15:00:41.029000,12555,12557,12557,1
2020-09-07,15:00:43.066000,12556,12557,12557,9
2020-09-07,15:00:43.066000,12556,12557,12558,9
2020-09-07,15:00:43.600000,12557,12558,12557,1
2020-09-07,15:00:43.804000,12557,12558,12557,5
2020-09-07,15:00:44.317000,12557,12558,12558,1
2020-09-07,15:00:44.711000,12557,12558,12558,5
2020-09-07,15:00:44.711000,12557,12558,12559,3
2020-09-07,15:00:44.711000,12557,12558,12560,2
2020-09-07,15:00:44.852000,12558,12560,12560,6
2020-09-07,15:00:44.852000,12558,12560,12561,3
2020-09-07,15:00:44.852000,12558,12560,12562,1
2020-09-07,15:00:44.921000,12559,12561,12559,1
2020-09-07,15:00:45.126000,12557,12559,12558,4
2020-09-07,15:00:45.126000,12557,12559,12559,6
2020-09-07,15:00:45.253000,12557,12559,12558,1
2020-09-07,15:00:45.276000,12557,12559,12558,1
2020-09-07,15:00:45.498000,12558,12559,12558,2
2020-09-07,15:00:45.996000,12558,12559,12561,1
2020-09-07,15:00:46.115000,12559,12561,12561,1
2020-09-07,15:00:46.526000,12559,12561,12559,1
2020-09-07,15:00:46.750000,12559,12561,12559,1
2020-09-07,15:00:47.153000,12559,12561,12561,1
2020-09-07,15:00:47.711000,12560,12561,12561,5
2020-09-07,15:00:48.643000,12561,12562,12560,1
2020-09-07,15:00:48.867000,12559,12560,12560,4
2020-09-07,15:00:48.867000,12559,12560,12561,1
2020-09-07,15:00:51.002000,12560,12562,12562,1
2020-09-07,15:00:51.045000,12560,12562,12560,2
2020-09-07,15:00:51.178000,12559,12561,12561,1
2020-09-07,15:00:52.129000,12559,12560,12560,1
2020-09-07,15:00:52.589000,12560,12561,12560,1
2020-09-07,15:00:53.003000,12559,12561,12560,1
2020-09-07,15:00:53.076000,12559,12561,12561,1
2020-09-07,15:00:54.105000,12559,12561,12561,1
2020-09-07,15:00:54.110000,12559,12561,12561,1
2020-09-07,15:00:54.948000,12560,12561,12561,2
2020-09-07,15:00:55.159000,12561,12562,12561,1
2020-09-07,15:00:55.656000,12561,12562,12561,1
2020-09-07,15:00:56.156000,12561,12562,12561,1
2020-09-07,15:00:56.411000,12560,12561,12561,1
2020-09-07,15:00:56.674000,12560,12562,12560,1
2020-09-07,15:00:56.781000,12560,12561,12560,1
2020-09-07,15:00:57.127000,12559,12561,12559,1
2020-09-07,15:00:57.443000,12559,12561,12561,1
2020-09-07,15:00:57.906000,12559,12561,12559,1
2020-09-07,15:00:57.942000,12559,12561,12558,1
2020-09-07,15:00:58.014000,12559,12561,12559,3
2020-09-07,15:00:58.265000,12558,12560,12558,5
2020-09-07,15:00:58.265000,12558,12560,12557,5
2020-09-07,15:00:58.265000,12558,12560,12556,5
2020-09-07,15:00:58.265000,12558,12560,12555,9
2020-09-07,15:00:58.429000,12556,12558,12556,2
2020-09-07,15:00:58.531000,12555,12556,12555,4
2020-09-07,15:00:58.534000,12555,12556,12554,1
2020-09-07,15:00:58.534000,12555,12556,12553,3
2020-09-07,15:00:58.538000,12555,12556,12553,1
2020-09-07,15:00:58.603000,12555,12556,12553,2
2020-09-07,15:00:58.606000,12555,12556,12552,3
2020-09-07,15:00:58.606000,12555,12556,12551,2
2020-09-07,15:00:58.606000,12555,12556,12550,2
2020-09-07,15:00:58.608000,12555,12556,12552,1
2020-09-07,15:00:58.622000,12555,12556,12551,4
2020-09-07,15:00:58.685000,12551,12553,12553,1
2020-09-07,15:00:58.699000,12551,12553,12551,4
2020-09-07,15:00:58.699000,12551,12553,12550,2
2020-09-07,15:00:58.781000,12550,12551,12550,28
2020-09-07,15:00:58.781000,12550,12551,12550,4
2020-09-07,15:00:58.781000,12550,12551,12550,11
2020-09-07,15:00:58.804000,12550,12551,12550,1
2020-09-07,15:00:58.880000,12550,12551,12551,1
2020-09-07,15:00:59.232000,12551,12553,12553,1
2020-09-07,15:01:00.018000,12552,12554,12552,1
2020-09-07,15:01:00.027000,12552,12554,12552,1
2020-09-07,15:01:00.069000,12551,12553,12550,1
2020-09-07,15:01:00.076000,12551,12553,12550,1
2020-09-07,15:01:00.077000,12551,12553,12549,1
2020-09-07,15:01:00.097000,12551,12553,12550,1
2020-09-07,15:01:00.101000,12551,12553,12549,1
2020-09-07,15:01:00.116000,12551,12553,12549,3
2020-09-07,15:01:00.120000,12551,12553,12548,1
2020-09-07,15:01:00.150000,12551,12553,12548,1
2020-09-07,15:01:00.155000,12551,12553,12548,3
2020-09-07,15:01:00.160000,12548,12550,12548,1
2020-09-07,15:01:00.241000,12548,12550,12547,2
2020-09-07,15:01:00.271000,12548,12550,12547,2
2020-09-07,15:01:00.433000,12547,12548,12548,1
2020-09-07,15:01:00.439000,12547,12548,12547,2
2020-09-07,15:01:00.476000,12547,12548,12547,1
2020-09-07,15:01:00.509000,12547,12548,12547,1
2020-09-07,15:01:00.685000,12547,12549,12547,1
2020-09-07,15:01:00.709000,12547,12549,12547,1
2020-09-07,15:01:01.093000,12547,12549,12549,1
2020-09-07,15:01:01.170000,12547,12550,12550,1
2020-09-07,15:01:01.443000,12548,12550,12548,1
2020-09-07,15:01:01.552000,12547,12550,12547,1
2020-09-07,15:01:01.604000,12547,12550,12550,1
2020-09-07,15:01:01.614000,12547,12550,12548,1
2020-09-07,15:01:01.615000,12547,12550,12547,1
2020-09-07,15:01:01.627000,12547,12550,12548,1
2020-09-07,15:01:01.676000,12547,12550,12547,1
2020-09-07,15:01:01.680000,12547,12550,12547,1
2020-09-07,15:01:03.433000,12549,12551,12549,1
2020-09-07,15:01:03.898000,12549,12551,12549,1
2020-09-07,15:01:04.226000,12548,12550,12550,1
2020-09-07,15:01:04.558000,12549,12551,12551,1
2020-09-07,15:01:05.298000,12548,12550,12548,1
2020-09-07,15:01:05.298000,12548,12550,12547,9
2020-09-07,15:01:05.955000,12547,12549,12549,1
2020-09-07,15:01:06.531000,12549,12550,12550,2
2020-09-07,15:01:06.692000,12549,12551,12551,1
2020-09-07,15:01:06.845000,12550,12552,12552,1
2020-09-07,15:01:07.753000,12551,12553,12551,1
2020-09-07,15:01:08.351000,12551,12553,12553,1
2020-09-07,15:01:08.706000,12551,12553,12551,1
2020-09-07,15:01:08.722000,12551,12553,12553,1
2020-09-07,15:01:10.515000,12551,12553,12553,1
2020-09-07,15:01:11.681000,12551,12553,12552,1
2020-09-07,15:01:12.923000,12551,12553,12553,1
2020-09-07,15:01:13.045000,12552,12553,12552,4
2020-09-07,15:01:13.047000,12552,12553,12552,1
2020-09-07,15:01:13.586000,12551,12553,12552,1
2020-09-07,15:01:13.954000,12551,12553,12551,1
2020-09-07,15:01:14.905000,12551,12553,12551,1
2020-09-07,15:01:15.437000,12551,12553,12551,1
2020-09-07,15:01:15.507000,12551,12553,12552,4
2020-09-07,15:01:15.989000,12552,12553,12553,1
2020-09-07,15:01:16.038000,12552,12553,12552,2
2020-09-07,15:01:16.163000,12551,12553,12552,4
2020-09-07,15:01:16.406000,12552,12553,12553,5
2020-09-07,15:01:16.471000,12552,12553,12554,1
2020-09-07,15:01:16.820000,12552,12554,12554,1
2020-09-07,15:01:17.377000,12553,12555,12555,1
2020-09-07,15:01:18.906000,12555,12556,12556,2
2020-09-07,15:01:19.411000,12556,12558,12558,1
2020-09-07,15:01:20.548000,12556,12558,12558,1
2020-09-07,15:01:21.301000,12557,12559,12559,1
2020-09-07,15:01:21.576000,12558,12560,12558,1
2020-09-07,15:01:21.822000,12557,12558,12558,1
2020-09-07,15:01:22.592000,12557,12559,12558,1
2020-09-07,15:01:24.475000,12557,12559,12557,1
2020-09-07,15:01:26.153000,12557,12558,12557,1
2020-09-07,15:01:26.582000,12557,12558,12558,1
2020-09-07,15:01:26.686000,12557,12558,12558,4
2020-09-07,15:01:29.436000,12557,12559,12558,1
2020-09-07,15:01:29.534000,12557,12559,12557,1
2020-09-07,15:01:29.535000,12557,12559,12557,1
2020-09-07,15:01:29.535000,12557,12559,12556,1
2020-09-07,15:01:29.536000,12557,12559,12556,1
2020-09-07,15:01:29.536000,12557,12559,12556,4
2020-09-07,15:01:29.542000,12557,12559,12555,1
2020-09-07,15:01:29.542000,12557,12559,12555,1
2020-09-07,15:01:29.542000,12557,12559,12555,1
2020-09-07,15:01:29.542000,12557,12559,12555,4
2020-09-07,15:01:29.544000,12557,12559,12554,1
2020-09-07,15:01:29.544000,12557,12559,12555,4
2020-09-07,15:01:29.545000,12557,12559,12555,1
2020-09-07,15:01:29.545000,12557,12559,12554,1
2020-09-07,15:01:29.546000,12557,12559,12555,4
2020-09-07,15:01:29.677000,12554,12556,12556,1
2020-09-07,15:01:29.951000,12554,12556,12556,1
2020-09-07,15:01:31.586000,12556,12557,12557,1
2020-09-07,15:01:34.387000,12556,12557,12557,1
2020-09-07,15:01:34.615000,12556,12557,12557,2
2020-09-07,15:01:35.694000,12556,12557,12557,8
2020-09-07,15:01:35.777000,12556,12557,12557,1
2020-09-07,15:01:35.872000,12557,12558,12557,1
2020-09-07,15:01:37.411000,12557,12558,12557,1
2020-09-07,15:01:38.210000,12557,12558,12558,1
2020-09-07,15:01:39.943000,12558,12559,12558,1
2020-09-07,15:01:42.509000,12557,12558,12557,6
2020-09-07,15:01:42.511000,12557,12558,12557,4
2020-09-07,15:01:42.549000,12556,12558,12556,1
2020-09-07,15:01:42.806000,12556,12558,12556,1
2020-09-07,15:01:44.203000,12556,12558,12558,1
2020-09-07,15:01:44.538000,12556,12558,12556,3
2020-09-07,15:01:44.540000,12556,12558,12556,4
2020-09-07,15:01:44.602000,12556,12558,12557,1
2020-09-07,15:01:45.718000,12556,12557,12556,2
2020-09-07,15:01:45.718000,12556,12557,12555,3
2020-09-07,15:01:45.736000,12556,12557,12555,1
2020-09-07,15:01:45.787000,12555,12556,12555,1
2020-09-07,15:01:45.795000,12555,12556,12554,1
2020-09-07,15:01:45.826000,12555,12556,12554,1
2020-09-07,15:01:45.840000,12555,12556,12554,1
2020-09-07,15:01:45.853000,12555,12556,12554,2
2020-09-07,15:01:45.871000,12555,12556,12554,1
2020-09-07,15:01:45.905000,12554,12556,12554,2
2020-09-07,15:01:46.179000,12553,12555,12555,1
2020-09-07,15:01:46.623000,12553,12555,12555,1
2020-09-07,15:01:47.421000,12554,12555,12555,1
2020-09-07,15:01:48.717000,12554,12556,12555,1
2020-09-07,15:01:48.935000,12555,12556,12555,1
2020-09-07,15:01:49.631000,12554,12555,12555,2
2020-09-07,15:01:49.631000,12554,12555,12555,2
2020-09-07,15:01:50.332000,12555,12556,12555,1
2020-09-07,15:01:51.177000,12555,12556,12556,1
2020-09-07,15:01:52.750000,12555,12556,12556,2
2020-09-07,15:01:52.750000,12555,12556,12556,6
2020-09-07,15:01:56.403000,12556,12557,12556,1
2020-09-07,15:01:56.607000,12556,12557,12556,2
2020-09-07,15:01:56.623000,12556,12557,12557,1
2020-09-07,15:01:57.231000,12556,12557,12557,1
2020-09-07,15:01:57.432000,12557,12558,12557,1
2020-09-07,15:01:57.724000,12556,12558,12556,1
2020-09-07,15:01:58.636000,12555,12556,12556,6
2020-09-07,15:01:59.729000,12556,12558,12558,1
2020-09-07,15:02:00.458000,12556,12558,12556,2
2020-09-07,15:02:01.160000,12556,12557,12556,3
2020-09-07,15:02:01.618000,12555,12557,12556,1
2020-09-07,15:02:01.627000,12555,12557,12557,1
2020-09-07,15:02:01.761000,12556,12557,12556,1
2020-09-07,15:02:02.487000,12556,12557,12557,1
2020-09-07,15:02:02.522000,12556,12557,12556,1
2020-09-07,15:02:02.584000,12556,12557,12556,5
2020-09-07,15:02:02.667000,12555,12557,12555,1
2020-09-07,15:02:06.695000,12555,12556,12555,4
2020-09-07,15:02:06.696000,12555,12556,12554,7
2020-09-07,15:02:06.696000,12555,12556,12554,1
2020-09-07,15:02:06.730000,12555,12556,12554,2
2020-09-07,15:02:07.430000,12554,12555,12554,1
2020-09-07,15:02:08.178000,12554,12555,12555,1
2020-09-07,15:02:08.616000,12554,12555,12555,1
2020-09-07,15:02:10.479000,12554,12555,12555,2
2020-09-07,15:02:10.479000,12554,12555,12556,2
2020-09-07,15:02:10.479000,12554,12555,12556,8
2020-09-07,15:02:10.489000,12554,12555,12557,1
2020-09-07,15:02:12.331000,12556,12558,12558,1
2020-09-07,15:02:12.664000,12557,12558,12557,1
2020-09-07,15:02:16.009000,12556,12558,12558,1
2020-09-07,15:02:17.884000,12557,12558,12557,1
2020-09-07,15:02:18.793000,12557,12558,12558,2
2020-09-07,15:02:19.287000,12557,12558,12557,2
2020-09-07,15:02:20.540000,12556,12557,12557,8
2020-09-07,15:02:21.932000,12557,12558,12557,1
2020-09-07,15:02:22.966000,12557,12558,12558,1
2020-09-07,15:02:22.966000,12557,12558,12558,1
2020-09-07,15:02:22.966000,12557,12558,12558,7
2020-09-07,15:02:24.831000,12558,12559,12559,4
2020-09-07,15:02:24.831000,12558,12559,12559,7
2020-09-07,15:02:28.931000,12559,12560,12560,1
2020-09-07,15:02:28.931000,12559,12560,12560,2
2020-09-07,15:02:28.931000,12559,12560,12560,2
2020-09-07,15:02:28.931000,12559,12560,12560,5
2020-09-07,15:02:29.090000,12560,12561,12561,1
2020-09-07,15:02:29.428000,12560,12561,12560,4
2020-09-07,15:02:29.469000,12560,12561,12560,1
2020-09-07,15:02:30.032000,12559,12560,12560,2
2020-09-07,15:02:32.415000,12560,12561,12560,1
2020-09-07,15:02:32.837000,12560,12561,12561,1
2020-09-07,15:02:33.196000,12560,12561,12560,3
2020-09-07,15:02:34.411000,12560,12561,12560,1
2020-09-07,15:02:34.649000,12559,12561,12561,6
2020-09-07,15:02:37.093000,12560,12561,12561,2
2020-09-07,15:02:37.093000,12560,12561,12561,1
2020-09-07,15:02:37.093000,12560,12561,12561,5
2020-09-07,15:02:37.895000,12560,12562,12560,1
2020-09-07,15:02:43.889000,12561,12562,12561,2
2020-09-07,15:02:44.274000,12561,12562,12561,1
2020-09-07,15:02:44.787000,12560,12561,12561,1
2020-09-07,15:02:46.586000,12560,12562,12562,1
2020-09-07,15:02:48.984000,12561,12562,12561,7
2020-09-07,15:02:49.542000,12560,12561,12560,7
2020-09-07,15:02:51.060000,12558,12560,12560,1
2020-09-07,15:02:53.169000,12558,12560,12559,1
2020-09-07,15:02:53.322000,12558,12559,12559,2
2020-09-07,15:02:54.242000,12559,12560,12560,2
2020-09-07,15:02:54.742000,12559,12560,12560,4
2020-09-07,15:02:54.744000,12559,12560,12560,2
2020-09-07,15:02:55.140000,12559,12560,12560,1
2020-09-07,15:02:56.076000,12559,12560,12560,1
2020-09-07,15:02:56.564000,12559,12560,12559,2
2020-09-07,15:02:56.564000,12559,12560,12559,2
2020-09-07,15:02:56.564000,12559,12560,12558,5
2020-09-07,15:02:56.614000,12559,12560,12558,2
2020-09-07,15:02:56.657000,12557,12558,12558,2
2020-09-07,15:02:56.707000,12557,12558,12558,2
2020-09-07,15:02:57.033000,12558,12560,12558,3
2020-09-07,15:02:57.033000,12558,12560,12558,1
2020-09-07,15:02:57.033000,12558,12560,12558,2
2020-09-07,15:02:57.084000,12558,12560,12558,2
2020-09-07,15:02:57.084000,12558,12560,12558,2
2020-09-07,15:03:00.042000,12558,12560,12558,4
2020-09-07,15:03:00.210000,12557,12559,12559,1
2020-09-07,15:03:00.651000,12558,12560,12558,1
2020-09-07,15:03:00.846000,12558,12560,12558,2
2020-09-07,15:03:01.546000,12557,12558,12558,1
2020-09-07,15:03:02.511000,12557,12558,12557,1
2020-09-07,15:03:02.976000,12557,12558,12558,1
2020-09-07,15:03:03.840000,12557,12558,12558,1
2020-09-07,15:03:04.037000,12557,12558,12558,1
2020-09-07,15:03:04.134000,12557,12558,12558,2
2020-09-07,15:03:04.637000,12557,12558,12557,1
2020-09-07,15:03:06.160000,12557,12558,12557,1
2020-09-07,15:03:06.178000,12557,12558,12557,1
2020-09-07,15:03:08.421000,12557,12558,12558,2
2020-09-07,15:03:08.421000,12557,12558,12559,3
2020-09-07,15:03:09.995000,12558,12560,12560,1
2020-09-07,15:03:10.837000,12559,12560,12560,2
2020-09-07,15:03:10.837000,12559,12560,12560,4
2020-09-07,15:03:10.838000,12559,12560,12560,3
2020-09-07,15:03:10.906000,12560,12561,12561,1
2020-09-07,15:03:11.034000,12560,12562,12562,1
2020-09-07,15:03:11.406000,12561,12562,12562,17
2020-09-07,15:03:11.705000,12562,12563,12562,4
2020-09-07,15:03:12.786000,12561,12562,12561,20
2020-09-07,15:03:12.788000,12561,12562,12560,2
2020-09-07,15:03:12.788000,12561,12562,12560,3
2020-09-07,15:03:13.032000,12558,12560,12560,1
2020-09-07,15:03:13.054000,12558,12560,12560,3
2020-09-07,15:03:13.054000,12558,12560,12561,2
2020-09-07,15:03:13.092000,12558,12560,12561,1
2020-09-07,15:03:13.145000,12558,12560,12561,1
2020-09-07,15:03:14.524000,12560,12561,12561,1
2020-09-07,15:03:14.839000,12560,12561,12561,1
2020-09-07,15:03:15.165000,12560,12561,12561,1
2020-09-07,15:03:15.485000,12560,12561,12561,1
2020-09-07,15:03:19.974000,12560,12561,12561,1
2020-09-07,15:03:23.304000,12560,12561,12561,1
2020-09-07,15:03:26.632000,12560,12561,12561,1
2020-09-07,15:03:26.854000,12560,12561,12560,1
2020-09-07,15:03:26.995000,12559,12560,12560,1
2020-09-07,15:03:27.052000,12559,12560,12559,1
2020-09-07,15:03:31.777000,12559,12560,12560,1
2020-09-07,15:03:32.142000,12559,12561,12560,1
2020-09-07,15:03:32.536000,12559,12561,12559,1
2020-09-07,15:03:33.129000,12559,12560,12559,1
2020-09-07,15:03:37.586000,12559,12560,12560,1
2020-09-07,15:03:42.749000,12560,12561,12561,1
2020-09-07,15:03:42.749000,12560,12561,12561,1
2020-09-07,15:03:42.749000,12560,12561,12561,3
2020-09-07,15:03:42.749000,12560,12561,12562,4
2020-09-07,15:03:42.750000,12560,12561,12562,2
2020-09-07,15:03:43.034000,12562,12563,12562,1
2020-09-07,15:03:43.307000,12560,12562,12563,2
2020-09-07,15:03:43.341000,12560,12562,12563,1
2020-09-07,15:03:43.416000,12562,12563,12563,2
2020-09-07,15:03:43.765000,12562,12563,12562,4
2020-09-07,15:03:44.254000,12560,12562,12562,1
2020-09-07,15:03:44.965000,12560,12562,12560,1
2020-09-07,15:03:45.815000,12561,12562,12562,1
2020-09-07,15:03:45.832000,12561,12562,12563,3
2020-09-07,15:03:46.670000,12562,12563,12563,3
2020-09-07,15:03:47.188000,12562,12563,12563,1
2020-09-07,15:03:47.515000,12562,12563,12562,4
2020-09-07,15:03:47.726000,12561,12562,12561,2
2020-09-07,15:03:48.200000,12560,12561,12560,1
2020-09-07,15:03:48.565000,12560,12561,12560,5
2020-09-07,15:03:48.747000,12560,12561,12560,4
2020-09-07,15:03:49.444000,12559,12560,12560,1
2020-09-07,15:03:50.369000,12560,12561,12561,3
2020-09-07,15:03:50.754000,12560,12562,12562,1
2020-09-07,15:03:51.779000,12561,12563,12563,1
2020-09-07,15:03:56.161000,12561,12562,12562,4
2020-09-07,15:03:57.914000,12562,12563,12562,2
2020-09-07,15:04:00.186000,12562,12563,12563,2
2020-09-07,15:04:00.619000,12562,12563,12562,1
2020-09-07,15:04:02.370000,12562,12563,12563,5
2020-09-07,15:04:02.370000,12562,12563,12563,2
2020-09-07,15:04:02.406000,12563,12564,12564,1
2020-09-07,15:04:02.607000,12563,12564,12564,1
2020-09-07,15:04:02.633000,12563,12564,12564,4
2020-09-07,15:04:02.633000,12563,12564,12564,6
2020-09-07,15:04:02.646000,12563,12564,12565,1
2020-09-07,15:04:02.766000,12563,12565,12565,1
2020-09-07,15:04:04.439000,12563,12564,12564,1
2020-09-07,15:04:04.439000,12563,12564,12564,1
2020-09-07,15:04:07.438000,12563,12564,12564,1
2020-09-07,15:04:07.689000,12564,12565,12565,1
2020-09-07,15:04:08.474000,12564,12565,12564,2
2020-09-07,15:04:08.806000,12564,12565,12564,1
2020-09-07,15:04:08.830000,12564,12565,12564,1
2020-09-07,15:04:09.588000,12563,12565,12565,1
2020-09-07,15:04:09.893000,12564,12565,12565,1
2020-09-07,15:04:09.908000,12564,12565,12565,1
2020-09-07,15:04:10.758000,12564,12565,12565,1
2020-09-07,15:04:10.962000,12564,12565,12565,1
2020-09-07,15:04:11.606000,12564,12565,12565,1
2020-09-07,15:04:11.923000,12564,12565,12565,1
2020-09-07,15:04:12.139000,12564,12565,12565,2
2020-09-07,15:04:12.244000,12564,12565,12565,1
2020-09-07,15:04:12.254000,12564,12565,12565,1
2020-09-07,15:04:12.470000,12564,12565,12565,1
2020-09-07,15:04:12.571000,12564,12565,12565,1
2020-09-07,15:04:12.571000,12564,12565,12565,5
2020-09-07,15:04:12.672000,12565,12566,12566,2
2020-09-07,15:04:12.672000,12565,12566,12567,1
2020-09-07,15:04:12.805000,12565,12567,12567,1
2020-09-07,15:04:12.815000,12565,12567,12567,1
2020-09-07,15:04:12.823000,12565,12567,12567,1
2020-09-07,15:04:12.855000,12565,12567,12567,1
2020-09-07,15:04:12.940000,12565,12567,12567,1
2020-09-07,15:04:13.398000,12565,12567,12565,1
2020-09-07,15:04:14.627000,12565,12566,12566,2
2020-09-07,15:04:16.039000,12565,12567,12567,1
2020-09-07,15:04:17.134000,12565,12567,12566,1
2020-09-07,15:04:18.296000,12566,12567,12566,1
2020-09-07,15:04:18.394000,12566,12567,12567,1
2020-09-07,15:04:18.577000,12565,12567,12567,1
2020-09-07,15:04:19.973000,12565,12567,12566,1
2020-09-07,15:04:20.252000,12565,12567,12567,1
2020-09-07,15:04:21.498000,12565,12567,12566,1
2020-09-07,15:04:22.808000,12565,12567,12567,1
2020-09-07,15:04:23.006000,12565,12567,12567,1
2020-09-07,15:04:23.121000,12565,12567,12567,1
2020-09-07,15:04:23.327000,12565,12567,12567,1
2020-09-07,15:04:23.435000,12565,12567,12567,1
2020-09-07,15:04:23.639000,12566,12567,12567,1
2020-09-07,15:04:23.664000,12566,12568,12568,4
2020-09-07,15:04:24.160000,12566,12568,12566,5
2020-09-07,15:04:24.576000,12566,12568,12568,1
2020-09-07,15:04:25.397000,12566,12567,12567,1
2020-09-07,15:04:25.538000,12566,12567,12567,1
2020-09-07,15:04:26.746000,12566,12567,12567,3
2020-09-07,15:04:26.746000,12566,12567,12568,6
2020-09-07,15:04:26.747000,12566,12567,12568,1
2020-09-07,15:04:27.356000,12566,12567,12567,1
2020-09-07,15:04:27.570000,12566,12567,12566,1
2020-09-07,15:04:27.570000,12566,12567,12565,4
2020-09-07,15:04:27.570000,12566,12567,12564,5
2020-09-07,15:04:29.431000,12564,12566,12566,1
2020-09-07,15:04:29.777000,12564,12566,12564,1
2020-09-07,15:04:33.793000,12564,12566,12566,1
2020-09-07,15:04:37.045000,12565,12566,12566,3
2020-09-07,15:04:37.276000,12565,12566,12566,1
2020-09-07,15:04:37.276000,12565,12566,12567,2
2020-09-07,15:04:37.725000,12565,12566,12566,1
2020-09-07,15:04:38.683000,12565,12566,12565,5
2020-09-07,15:04:39.361000,12564,12565,12564,3
2020-09-07,15:04:39.526000,12563,12564,12564,2
2020-09-07,15:04:41.038000,12563,12564,12564,1
2020-09-07,15:04:41.890000,12563,12564,12563,15
2020-09-07,15:04:41.922000,12562,12563,12562,1
2020-09-07,15:04:41.922000,12562,12563,12561,3
2020-09-07,15:04:42.167000,12561,12563,12563,1
2020-09-07,15:04:42.448000,12562,12563,12563,1
2020-09-07,15:04:43.316000,12562,12563,12563,1
2020-09-07,15:04:44.283000,12562,12563,12563,2
2020-09-07,15:04:44.398000,12562,12563,12564,1
2020-09-07,15:04:44.562000,12562,12564,12562,1
2020-09-07,15:04:44.821000,12562,12564,12564,2
2020-09-07,15:04:45.967000,12563,12564,12563,1
2020-09-07,15:04:48.626000,12561,12563,12563,2
2020-09-07,15:04:49.144000,12562,12564,12564,1
2020-09-07,15:04:53.840000,12563,12564,12564,1
2020-09-07,15:04:54.072000,12563,12564,12564,1
2020-09-07,15:04:54.744000,12563,12564,12563,1
2020-09-07,15:04:56.167000,12563,12564,12564,8
2020-09-07,15:04:56.217000,12563,12564,12564,1
2020-09-07,15:04:57.215000,12563,12565,12563,1
2020-09-07,15:04:59.258000,12564,12565,12565,1
2020-09-07,15:04:59.258000,12564,12565,12565,1
2020-09-07,15:05:01.818000,12564,12566,12565,1
2020-09-07,15:05:02.251000,12564,12566,12565,3
2020-09-07,15:05:02.361000,12564,12566,12564,1
2020-09-07,15:05:02.528000,12564,12566,12566,1
2020-09-07,15:05:05.192000,12564,12565,12565,1
2020-09-07,15:05:05.397000,12564,12565,12564,1
2020-09-07,15:05:08.864000,12563,12564,12564,1
2020-09-07,15:05:09.494000,12563,12564,12564,1
2020-09-07,15:05:12.931000,12565,12566,12565,1
2020-09-07,15:05:13.192000,12564,12566,12566,1
2020-09-07,15:05:15.410000,12565,12566,12565,1
2020-09-07,15:05:18.809000,12565,12566,12566,1
2020-09-07,15:05:20.099000,12565,12566,12566,1
2020-09-07,15:05:20.099000,12565,12566,12566,1
2020-09-07,15:05:20.100000,12565,12566,12566,3
2020-09-07,15:05:20.100000,12565,12566,12566,1
2020-09-07,15:05:22.008000,12565,12567,12565,1
2020-09-07,15:05:23.355000,12565,12567,12567,1
2020-09-07,15:05:30.224000,12566,12567,12567,2
2020-09-07,15:05:30.739000,12566,12567,12567,1
2020-09-07,15:05:32.251000,12566,12567,12566,1
2020-09-07,15:05:35.421000,12566,12567,12566,1
2020-09-07,15:05:36.326000,12565,12566,12566,1
2020-09-07,15:05:37.564000,12565,12566,12566,3
2020-09-07,15:05:37.564000,12565,12566,12567,1
2020-09-07,15:05:38.365000,12566,12567,12567,1
2020-09-07,15:05:42.841000,12566,12567,12567,1
2020-09-07,15:05:42.845000,12566,12567,12567,1
2020-09-07,15:05:42.846000,12566,12567,12567,4
2020-09-07,15:05:42.847000,12566,12567,12567,3
2020-09-07,15:05:44.187000,12567,12568,12567,1
2020-09-07,15:05:46.379000,12566,12567,12567,1
2020-09-07,15:05:46.448000,12566,12567,12567,1
2020-09-07,15:05:46.635000,12567,12568,12568,1
2020-09-07,15:05:46.737000,12567,12568,12568,1
2020-09-07,15:05:46.946000,12567,12568,12568,1
2020-09-07,15:05:47.369000,12567,12569,12569,1
2020-09-07,15:05:47.587000,12567,12569,12567,1
2020-09-07,15:05:47.908000,12567,12569,12567,1
2020-09-07,15:05:49.997000,12567,12568,12568,1
2020-09-07,15:05:51.498000,12567,12568,12568,1
2020-09-07,15:05:53.188000,12567,12568,12568,1
2020-09-07,15:05:53.554000,12567,12568,12567,1
2020-09-07,15:05:53.816000,12567,12568,12568,1
2020-09-07,15:05:53.816000,12567,12568,12569,1
2020-09-07,15:05:55.752000,12568,12569,12569,1
2020-09-07,15:05:55.911000,12568,12569,12568,1
2020-09-07,15:05:56.135000,12567,12568,12568,1
2020-09-07,15:05:56.469000,12567,12569,12569,1
2020-09-07,15:05:56.543000,12568,12569,12569,1
2020-09-07,15:06:00.026000,12568,12569,12568,1
2020-09-07,15:06:00.037000,12568,12569,12568,1
2020-09-07,15:06:00.042000,12568,12569,12567,1
2020-09-07,15:06:00.163000,12567,12569,12569,1
2020-09-07,15:06:00.163000,12567,12569,12570,1
2020-09-07,15:06:00.446000,12568,12570,12570,6
2020-09-07,15:06:00.990000,12568,12569,12569,1
2020-09-07,15:06:01.892000,12568,12570,12569,1
2020-09-07,15:06:02.269000,12568,12570,12569,2
2020-09-07,15:06:02.271000,12568,12570,12569,2
2020-09-07,15:06:02.287000,12568,12570,12570,2
2020-09-07,15:06:02.987000,12568,12570,12570,2
2020-09-07,15:06:03.405000,12568,12570,12568,1
2020-09-07,15:06:03.923000,12568,12570,12570,1
2020-09-07,15:06:04.708000,12568,12569,12569,1
2020-09-07,15:06:06.639000,12569,12570,12570,1
2020-09-07,15:06:07.253000,12570,12571,12570,3
2020-09-07,15:06:08.069000,12570,12571,12571,1
2020-09-07,15:06:08.470000,12570,12571,12571,2
2020-09-07,15:06:08.471000,12570,12571,12571,4
2020-09-07,15:06:08.471000,12570,12571,12571,3
2020-09-07,15:06:08.472000,12570,12571,12571,3
2020-09-07,15:06:09.829000,12571,12572,12571,1
2020-09-07,15:06:11.959000,12571,12572,12572,1
2020-09-07,15:06:12.627000,12571,12572,12571,1
2020-09-07,15:06:13.251000,12571,12572,12572,1
2020-09-07,15:06:13.585000,12571,12572,12572,1
2020-09-07,15:06:15.221000,12571,12572,12572,3
2020-09-07,15:06:15.221000,12571,12572,12573,1
2020-09-07,15:06:16.214000,12571,12573,12573,1
2020-09-07,15:06:17.108000,12572,12573,12573,1
2020-09-07,15:06:17.296000,12572,12573,12572,1
2020-09-07,15:06:18.949000,12571,12573,12571,1
2020-09-07,15:06:21.675000,12572,12573,12572,1
2020-09-07,15:06:22.035000,12572,12573,12573,4
2020-09-07,15:06:23.522000,12572,12573,12573,1
2020-09-07,15:06:24.457000,12572,12573,12573,1
2020-09-07,15:06:24.465000,12572,12573,12573,3
2020-09-07,15:06:25.813000,12573,12574,12574,1
2020-09-07,15:06:26.407000,12573,12574,12573,2
2020-09-07,15:06:26.566000,12573,12574,12574,1
2020-09-07,15:06:27.157000,12573,12574,12574,3
2020-09-07,15:06:28.167000,12574,12575,12575,1
2020-09-07,15:06:28.321000,12574,12575,12575,1
2020-09-07,15:06:28.624000,12574,12575,12575,5
2020-09-07,15:06:28.625000,12574,12575,12575,2
2020-09-07,15:06:28.660000,12575,12576,12576,1
2020-09-07,15:06:30.056000,12576,12577,12576,2
2020-09-07,15:06:30.173000,12575,12577,12577,4
2020-09-07,15:06:31.832000,12575,12576,12576,1
2020-09-07,15:06:32.061000,12575,12576,12575,1
2020-09-07,15:06:33.519000,12575,12577,12576,1
2020-09-07,15:06:33.531000,12575,12576,12575,1
2020-09-07,15:06:34.059000,12575,12576,12575,1
2020-09-07,15:06:34.156000,12574,12575,12574,1
2020-09-07,15:06:34.987000,12573,12575,12575,1
2020-09-07,15:06:36.656000,12574,12575,12575,5
2020-09-07,15:06:36.676000,12574,12575,12575,1
2020-09-07,15:06:38.175000,12575,12576,12576,2
2020-09-07,15:06:38.976000,12576,12577,12577,1
2020-09-07,15:06:39.432000,12576,12577,12577,1
2020-09-07,15:06:39.743000,12576,12577,12576,1
2020-09-07,15:06:39.765000,12576,12577,12576,1
2020-09-07,15:06:39.983000,12576,12577,12576,1
2020-09-07,15:06:40.886000,12575,12577,12576,1
2020-09-07,15:06:41.223000,12575,12576,12575,1
2020-09-07,15:06:41.275000,12575,12576,12576,1
2020-09-07,15:06:42.572000,12574,12576,12576,1
2020-09-07,15:06:42.945000,12574,12576,12574,1
2020-09-07,15:06:43.185000,12574,12575,12575,1
2020-09-07,15:06:43.391000,12574,12575,12576,1
2020-09-07,15:06:43.481000,12574,12576,12574,1
2020-09-07,15:06:44.141000,12574,12576,12575,1
2020-09-07,15:06:46.091000,12575,12576,12575,1
2020-09-07,15:06:46.448000,12575,12576,12576,1
2020-09-07,15:06:46.812000,12575,12576,12576,2
2020-09-07,15:06:49.204000,12575,12576,12576,1
2020-09-07,15:06:49.790000,12575,12576,12576,1
2020-09-07,15:06:49.791000,12575,12576,12576,1
2020-09-07,15:06:52.342000,12576,12577,12576,1
2020-09-07,15:06:52.857000,12575,12576,12576,4
2020-09-07,15:06:54.505000,12575,12577,12576,1
2020-09-07,15:06:55.457000,12575,12576,12576,1
2020-09-07,15:06:57.178000,12575,12576,12575,1
2020-09-07,15:06:57.240000,12575,12576,12575,1
2020-09-07,15:06:57.510000,12573,12575,12575,1
2020-09-07,15:06:57.818000,12574,12575,12575,1
2020-09-07,15:07:00.930000,12574,12575,12575,1
2020-09-07,15:07:01.865000,12574,12575,12574,1
2020-09-07,15:07:02.400000,12573,12575,12573,1
2020-09-07,15:07:02.471000,12573,12575,12573,2
2020-09-07,15:07:02.473000,12573,12575,12573,1
2020-09-07,15:07:02.475000,12573,12575,12573,1
2020-09-07,15:07:02.606000,12573,12574,12573,1
2020-09-07,15:07:03.248000,12573,12574,12574,1
2020-09-07,15:07:05.154000,12573,12574,12574,3
2020-09-07,15:07:05.157000,12574,12575,12574,2
2020-09-07,15:07:07.746000,12573,12574,12573,1
2020-09-07,15:07:08.422000,12573,12574,12573,2
2020-09-07,15:07:08.499000,12573,12574,12574,1
2020-09-07,15:07:11.730000,12573,12574,12573,2
2020-09-07,15:07:13.453000,12572,12573,12572,28
2020-09-07,15:07:16.011000,12571,12572,12571,4
2020-09-07,15:07:16.204000,12570,12571,12570,1
2020-09-07,15:07:16.393000,12570,12571,12571,1
2020-09-07,15:07:19.389000,12570,12571,12571,1
2020-09-07,15:07:22.764000,12570,12572,12572,1
2020-09-07,15:07:22.858000,12571,12572,12571,1
2020-09-07,15:07:25.441000,12571,12572,12571,1
2020-09-07,15:07:30.186000,12570,12571,12571,1
2020-09-07,15:07:40.998000,12571,12572,12571,1
2020-09-07,15:07:42.449000,12571,12572,12571,1
2020-09-07,15:07:42.645000,12570,12571,12571,3
2020-09-07,15:07:50.574000,12570,12571,12571,3
2020-09-07,15:07:50.650000,12570,12571,12571,2
2020-09-07,15:07:51.943000,12571,12572,12572,2
2020-09-07,15:07:57.769000,12571,12573,12572,1
2020-09-07,15:07:58.556000,12572,12573,12572,2
2020-09-07,15:07:58.604000,12572,12573,12573,3
2020-09-07,15:07:58.964000,12573,12574,12573,1
2020-09-07,15:08:00.490000,12573,12574,12573,1
2020-09-07,15:08:02.217000,12573,12574,12574,3
2020-09-07,15:08:02.541000,12573,12575,12573,3
2020-09-07,15:08:07.340000,12572,12574,12574,1
2020-09-07,15:08:07.918000,12573,12574,12574,1
2020-09-07,15:08:07.991000,12573,12574,12573,1
2020-09-07,15:08:10.806000,12573,12574,12574,1
2020-09-07,15:08:13.902000,12573,12574,12574,1
2020-09-07,15:08:13.947000,12573,12574,12574,1
2020-09-07,15:08:19.496000,12573,12574,12573,3
2020-09-07,15:08:19.987000,12572,12573,12573,1
2020-09-07,15:08:20.694000,12572,12573,12573,3
2020-09-07,15:08:25.432000,12572,12573,12572,1
2020-09-07,15:08:26.529000,12572,12573,12573,1
2020-09-07,15:08:26.529000,12572,12573,12573,1
2020-09-07,15:08:27.619000,12573,12574,12574,2
2020-09-07,15:08:27.619000,12573,12574,12574,1
2020-09-07,15:08:32.593000,12573,12574,12574,1
2020-09-07,15:08:36.718000,12574,12575,12575,1
2020-09-07,15:08:36.719000,12574,12575,12575,3
2020-09-07,15:08:45.689000,12575,12576,12576,1
2020-09-07,15:08:46.898000,12575,12576,12576,2
2020-09-07,15:08:48.672000,12576,12577,12576,1
2020-09-07,15:08:52.119000,12576,12577,12576,4
2020-09-07,15:08:53.902000,12575,12576,12575,1
2020-09-07,15:08:54.246000,12574,12575,12575,1
2020-09-07,15:08:55.283000,12574,12575,12574,1
2020-09-07,15:08:59.653000,12573,12574,12574,1
2020-09-07,15:09:03.255000,12574,12575,12575,1
2020-09-07,15:09:03.868000,12574,12575,12574,1
2020-09-07,15:09:03.881000,12574,12575,12574,1
2020-09-07,15:09:07.005000,12574,12575,12575,2
2020-09-07,15:09:08.312000,12574,12575,12575,1
2020-09-07,15:09:10.567000,12574,12575,12574,3
2020-09-07,15:09:13.390000,12573,12575,12575,3
2020-09-07,15:09:15.058000,12573,12574,12573,10
2020-09-07,15:09:17.744000,12572,12573,12573,1
2020-09-07,15:09:19.465000,12572,12573,12572,7
2020-09-07,15:09:19.465000,12572,12573,12572,3
2020-09-07,15:09:26.434000,12571,12572,12572,1
2020-09-07,15:09:26.956000,12571,12572,12571,1
2020-09-07,15:09:27.173000,12571,12572,12572,1
2020-09-07,15:09:27.267000,12571,12572,12571,1
2020-09-07,15:09:29.825000,12571,12572,12572,1
2020-09-07,15:09:30.165000,12571,12572,12571,3
2020-09-07,15:09:30.165000,12571,12572,12570,1
2020-09-07,15:09:32.362000,12571,12572,12571,1
2020-09-07,15:09:32.396000,12571,12572,12572,1
2020-09-07,15:09:32.543000,12572,12573,12572,1
2020-09-07,15:09:33.839000,12571,12572,12572,1
2020-09-07,15:09:34.571000,12571,12573,12571,2
2020-09-07,15:09:37.202000,12571,12573,12571,1
2020-09-07,15:09:40.464000,12571,12572,12572,1
2020-09-07,15:09:45.860000,12571,12572,12572,2
2020-09-07,15:09:46.123000,12572,12573,12572,1
2020-09-07,15:09:49.280000,12571,12572,12572,1
2020-09-07,15:09:50.010000,12571,12572,12572,2
2020-09-07,15:09:52.211000,12571,12572,12571,1
2020-09-07,15:09:52.211000,12571,12572,12571,3
2020-09-07,15:09:52.211000,12571,12572,12571,1
2020-09-07,15:09:55.586000,12570,12571,12571,5
2020-09-07,15:09:57.222000,12571,12572,12572,1
2020-09-07,15:09:58.684000,12571,12572,12571,1
2020-09-07,15:10:02.314000,12571,12572,12572,10
2020-09-07,15:10:02.500000,12571,12572,12572,7
2020-09-07,15:10:03.224000,12571,12573,12573,1
2020-09-07,15:10:03.557000,12571,12572,12572,2
2020-09-07,15:10:05.007000,12572,12573,12572,1
2020-09-07,15:10:06.381000,12572,12573,12573,1
2020-09-07,15:10:07.598000,12572,12573,12573,17
2020-09-07,15:10:08.031000,12573,12574,12573,1
2020-09-07,15:10:10.037000,12573,12574,12573,1
2020-09-07,15:10:10.402000,12573,12574,12574,2
2020-09-07,15:10:12.237000,12574,12575,12574,1
2020-09-07,15:10:12.238000,12574,12575,12574,1
2020-09-07,15:10:18.392000,12572,12573,12572,2
2020-09-07,15:10:20.423000,12571,12572,12572,1
2020-09-07,15:10:28.244000,12571,12573,12571,3
2020-09-07,15:10:29.012000,12571,12573,12571,4
2020-09-07,15:10:30.920000,12571,12572,12571,2
2020-09-07,15:10:30.921000,12571,12572,12570,1
2020-09-07,15:10:30.922000,12571,12572,12570,12
2020-09-07,15:10:30.922000,12571,12572,12570,2
2020-09-07,15:10:32.166000,12570,12572,12570,1
2020-09-07,15:10:35.737000,12571,12572,12571,1
2020-09-07,15:10:36.739000,12571,12572,12571,1
2020-09-07,15:10:36.739000,12571,12572,12570,2
2020-09-07,15:10:37.729000,12570,12572,12572,2
2020-09-07,15:10:39.683000,12571,12572,12572,1
2020-09-07,15:10:40.493000,12572,12573,12572,1
2020-09-07,15:10:47.368000,12571,12572,12571,2
2020-09-07,15:10:52.313000,12570,12571,12570,1
2020-09-07,15:10:53.746000,12570,12571,12570,1
2020-09-07,15:10:55.221000,12570,12571,12571,1
2020-09-07,15:10:57.467000,12571,12572,12571,1
2020-09-07,15:10:58.408000,12571,12572,12572,2
2020-09-07,15:10:58.408000,12571,12572,12572,2
2020-09-07,15:10:58.534000,12572,12573,12572,1
2020-09-07,15:11:01.470000,12572,12573,12572,1
2020-09-07,15:11:02.089000,12572,12573,12572,1
2020-09-07,15:11:05.247000,12571,12573,12571,1
2020-09-07,15:11:11.875000,12571,12572,12571,1
2020-09-07,15:11:14.722000,12571,12572,12571,5
2020-09-07,15:11:15.776000,12571,12572,12571,1
2020-09-07,15:11:16.603000,12571,12572,12572,1
2020-09-07,15:11:22.737000,12571,12572,12572,1
2020-09-07,15:11:23.190000,12572,12573,12573,12
2020-09-07,15:11:23.190000,12572,12573,12573,5
2020-09-07,15:11:24.584000,12573,12574,12574,1
2020-09-07,15:11:24.584000,12573,12574,12574,6
2020-09-07,15:11:24.893000,12574,12575,12574,2
2020-09-07,15:11:24.893000,12574,12575,12573,1
2020-09-07,15:11:25.665000,12574,12575,12575,4
2020-09-07,15:11:25.665000,12574,12575,12575,4
2020-09-07,15:11:25.666000,12574,12575,12575,8
2020-09-07,15:11:25.666000,12574,12575,12575,2
2020-09-07,15:11:29.521000,12575,12576,12576,1
2020-09-07,15:11:31.556000,12575,12576,12576,4
2020-09-07,15:11:33.107000,12575,12576,12576,1
2020-09-07,15:11:36.643000,12575,12576,12576,3
2020-09-07,15:11:36.915000,12576,12577,12576,5
2020-09-07,15:11:37.256000,12574,12576,12576,2
2020-09-07,15:11:37.965000,12575,12576,12576,1
2020-09-07,15:11:38.207000,12576,12577,12576,4
2020-09-07,15:11:40.726000,12575,12576,12576,1
2020-09-07,15:11:41.806000,12576,12577,12577,27
2020-09-07,15:11:42.599000,12577,12578,12578,1
2020-09-07,15:11:43.031000,12577,12578,12578,1
2020-09-07,15:11:44.140000,12577,12578,12578,8
2020-09-07,15:11:44.263000,12578,12579,12579,1
2020-09-07,15:11:45.242000,12578,12579,12579,4
2020-09-07,15:11:45.243000,12578,12579,12579,2
2020-09-07,15:11:46.173000,12579,12580,12580,1
2020-09-07,15:11:46.182000,12579,12580,12580,1
2020-09-07,15:11:46.247000,12579,12580,12580,1
2020-09-07,15:11:46.305000,12579,12580,12580,2
2020-09-07,15:11:46.309000,12579,12580,12580,2
2020-09-07,15:11:46.309000,12579,12580,12580,9
2020-09-07,15:11:46.309000,12579,12580,12580,1
2020-09-07,15:11:46.310000,12579,12580,12580,3
2020-09-07,15:11:46.310000,12579,12580,12580,4
2020-09-07,15:11:46.310000,12579,12580,12580,2
2020-09-07,15:11:46.431000,12580,12581,12581,1
2020-09-07,15:11:46.588000,12580,12581,12581,1
2020-09-07,15:11:46.595000,12580,12581,12581,3
2020-09-07,15:11:46.831000,12580,12581,12581,1
2020-09-07,15:11:47.191000,12580,12581,12581,1
2020-09-07,15:11:47.213000,12580,12581,12580,1
2020-09-07,15:11:49.633000,12580,12581,12580,1
2020-09-07,15:11:49.865000,12580,12581,12580,1
2020-09-07,15:11:50.359000,12579,12581,12581,3
2020-09-07,15:11:51.253000,12580,12581,12580,1
2020-09-07,15:11:51.272000,12580,12581,12580,1
2020-09-07,15:11:51.425000,12580,12581,12580,1
2020-09-07,15:11:52.797000,12579,12580,12580,3
2020-09-07,15:11:54.639000,12580,12581,12581,1
2020-09-07,15:11:54.797000,12580,12581,12580,1
2020-09-07,15:11:55.185000,12580,12581,12581,1
2020-09-07,15:11:56.096000,12580,12581,12581,1
2020-09-07,15:11:56.172000,12580,12581,12580,1
2020-09-07,15:11:56.442000,12580,12581,12581,1
2020-09-07,15:11:57,12580,12581,12580,2
2020-09-07,15:11:57.711000,12580,12581,12580,1
2020-09-07,15:11:58.603000,12580,12581,12581,1
2020-09-07,15:11:59.031000,12580,12581,12581,1
2020-09-07,15:11:59.735000,12580,12581,12581,2
2020-09-07,15:11:59.738000,12580,12581,12581,1
2020-09-07,15:12:00.199000,12581,12582,12582,2
2020-09-07,15:12:00.427000,12581,12582,12582,1
2020-09-07,15:12:00.722000,12581,12582,12581,1
2020-09-07,15:12:00.932000,12581,12582,12582,17
2020-09-07,15:12:01.774000,12582,12583,12583,1
2020-09-07,15:12:01.833000,12582,12583,12583,3
2020-09-07,15:12:01.833000,12582,12583,12584,2
2020-09-07,15:12:01.839000,12582,12583,12584,4
2020-09-07,15:12:01.839000,12582,12583,12585,1
2020-09-07,15:12:01.958000,12583,12585,12585,1
2020-09-07,15:12:02.227000,12584,12585,12584,1
2020-09-07,15:12:02.273000,12584,12585,12585,1
2020-09-07,15:12:02.320000,12584,12585,12585,1
2020-09-07,15:12:02.568000,12584,12585,12585,1
2020-09-07,15:12:05.274000,12584,12585,12584,1
2020-09-07,15:12:05.884000,12584,12585,12585,2
2020-09-07,15:12:06.412000,12584,12585,12584,1
2020-09-07,15:12:07.895000,12584,12585,12584,2
2020-09-07,15:12:08.390000,12581,12582,12581,1
2020-09-07,15:12:08.527000,12581,12582,12581,1
2020-09-07,15:12:08.722000,12580,12582,12582,2
2020-09-07,15:12:08.732000,12580,12582,12581,1
2020-09-07,15:12:08.787000,12581,12583,12581,4
2020-09-07,15:12:09.841000,12580,12582,12580,1
2020-09-07,15:12:11.148000,12580,12582,12582,1
2020-09-07,15:12:11.506000,12580,12582,12582,1
2020-09-07,15:12:11.619000,12580,12582,12580,1
2020-09-07,15:12:13.122000,12580,12582,12580,1
2020-09-07,15:12:14.323000,12580,12582,12582,1
2020-09-07,15:12:15.249000,12581,12582,12582,1
2020-09-07,15:12:15.306000,12581,12582,12582,2
2020-09-07,15:12:16.192000,12581,12582,12582,1
2020-09-07,15:12:20.116000,12582,12583,12583,1
2020-09-07,15:12:20.584000,12582,12583,12583,1
2020-09-07,15:12:21.815000,12583,12584,12584,1
2020-09-07,15:12:22.033000,12583,12585,12585,1
2020-09-07,15:12:22.147000,12583,12585,12584,4
2020-09-07,15:12:22.269000,12583,12585,12585,1
2020-09-07,15:12:23.576000,12583,12585,12583,1
2020-09-07,15:12:26.203000,12583,12584,12583,2
2020-09-07,15:12:26.262000,12583,12584,12582,1
2020-09-07,15:12:26.262000,12583,12584,12581,1
2020-09-07,15:12:26.739000,12581,12583,12583,1
2020-09-07,15:12:27.588000,12582,12583,12583,1
2020-09-07,15:12:30.284000,12583,12584,12584,2
2020-09-07,15:12:32.108000,12583,12584,12584,1
2020-09-07,15:12:32.249000,12583,12584,12584,1
2020-09-07,15:12:34.431000,12583,12584,12583,4
2020-09-07,15:12:35.152000,12582,12584,12584,1
2020-09-07,15:12:40.794000,12582,12583,12582,1
2020-09-07,15:12:49.320000,12582,12583,12583,1
2020-09-07,15:12:49.470000,12582,12583,12583,1
2020-09-07,15:12:49.624000,12582,12583,12582,1
2020-09-07,15:12:54.012000,12582,12583,12582,4
2020-09-07,15:12:54.356000,12581,12582,12581,1
2020-09-07,15:12:54.431000,12581,12582,12581,1
2020-09-07,15:12:55.138000,12580,12582,12581,1
2020-09-07,15:12:57.285000,12580,12581,12580,4
2020-09-07,15:12:57.829000,12580,12581,12581,2
2020-09-07,15:13:03.762000,12580,12581,12581,1
2020-09-07,15:13:04.159000,12580,12581,12580,1
2020-09-07,15:13:09.057000,12580,12581,12580,7
2020-09-07,15:13:09.125000,12580,12581,12579,1
2020-09-07,15:13:10.158000,12579,12580,12579,6
2020-09-07,15:13:10.370000,12578,12579,12578,1
2020-09-07,15:13:13.178000,12578,12579,12579,2
2020-09-07,15:13:21.966000,12578,12580,12578,1
2020-09-07,15:13:22.360000,12578,12579,12579,1
2020-09-07,15:13:23.412000,12578,12579,12579,1
2020-09-07,15:13:26.086000,12579,12580,12579,1
2020-09-07,15:13:31.392000,12578,12580,12578,1
2020-09-07,15:13:34.006000,12578,12580,12578,1
2020-09-07,15:13:40.722000,12578,12579,12578,9
2020-09-07,15:13:42.238000,12577,12578,12578,1
2020-09-07,15:13:42.530000,12577,12578,12577,1
2020-09-07,15:13:43.186000,12576,12578,12578,1
2020-09-07,15:13:43.689000,12576,12578,12577,1
2020-09-07,15:13:50.030000,12576,12577,12576,3
2020-09-07,15:13:52.288000,12575,12576,12576,1
2020-09-07,15:13:52.702000,12575,12576,12575,2
2020-09-07,15:13:52.883000,12575,12576,12576,1
2020-09-07,15:13:53.574000,12575,12576,12575,1
2020-09-07,15:13:55.197000,12575,12576,12575,2
2020-09-07,15:13:55.633000,12575,12576,12575,1
2020-09-07,15:13:55.973000,12575,12576,12575,1
2020-09-07,15:14:00.568000,12575,12576,12576,1
2020-09-07,15:14:00.568000,12575,12576,12576,1
2020-09-07,15:14:01.191000,12576,12577,12577,2
2020-09-07,15:14:01.226000,12576,12577,12576,4
2020-09-07,15:14:02.497000,12575,12577,12576,1
2020-09-07,15:14:02.760000,12575,12577,12577,1
2020-09-07,15:14:12.893000,12576,12577,12577,1
2020-09-07,15:14:14.365000,12576,12577,12577,1
2020-09-07,15:14:16.404000,12576,12577,12576,2
2020-09-07,15:14:16.404000,12576,12577,12576,2
2020-09-07,15:14:18.198000,12575,12576,12576,1
2020-09-07,15:14:18.998000,12575,12576,12575,3
2020-09-07,15:14:18.998000,12575,12576,12575,3
2020-09-07,15:14:19.734000,12574,12576,12576,1
2020-09-07,15:14:30.549000,12574,12575,12575,1
2020-09-07,15:14:30.549000,12574,12575,12575,1
2020-09-07,15:14:35.419000,12575,12576,12576,1
2020-09-07,15:14:36.409000,12575,12577,12575,1
2020-09-07,15:14:39.250000,12575,12577,12575,1
2020-09-07,15:14:40.073000,12575,12577,12577,1
2020-09-07,15:14:42.414000,12575,12576,12575,1
2020-09-07,15:14:48.711000,12574,12575,12575,1
2020-09-07,15:14:50.347000,12574,12575,12574,3
2020-09-07,15:14:50.494000,12573,12574,12573,1
2020-09-07,15:14:50.736000,12573,12574,12574,1
2020-09-07,15:14:50.736000,12573,12574,12575,4
2020-09-07,15:14:51.266000,12573,12574,12574,2
2020-09-07,15:14:52.661000,12573,12575,12573,1
2020-09-07,15:14:55.212000,12573,12574,12574,2
2020-09-07,15:14:55.373000,12573,12575,12573,3
2020-09-07,15:14:55.982000,12573,12574,12574,2
2020-09-07,15:14:57.814000,12573,12574,12574,1
2020-09-07,15:15:02.694000,12573,12574,12573,2
2020-09-07,15:15:02.943000,12572,12573,12572,13
2020-09-07,15:15:02.943000,12572,12573,12571,9
2020-09-07,15:15:02.943000,12572,12573,12570,27
2020-09-07,15:15:02.945000,12572,12573,12569,2
2020-09-07,15:15:02.945000,12572,12573,12569,1
2020-09-07,15:15:02.945000,12572,12573,12570,1
2020-09-07,15:15:02.945000,12572,12573,12570,1
2020-09-07,15:15:02.945000,12572,12573,12570,1
2020-09-07,15:15:02.945000,12572,12573,12570,3
2020-09-07,15:15:02.945000,12572,12573,12570,1
2020-09-07,15:15:02.957000,12572,12573,12569,1
2020-09-07,15:15:02.985000,12572,12573,12568,2
2020-09-07,15:15:03.164000,12568,12569,12568,3
2020-09-07,15:15:03.164000,12568,12569,12567,1
2020-09-07,15:15:03.202000,12568,12569,12567,3
2020-09-07,15:15:03.202000,12568,12569,12566,1
2020-09-07,15:15:03.325000,12567,12569,12567,1
2020-09-07,15:15:03.450000,12567,12569,12567,1
2020-09-07,15:15:03.513000,12567,12569,12567,1
2020-09-07,15:15:03.965000,12567,12569,12567,1
2020-09-07,15:15:04.029000,12567,12569,12567,1
2020-09-07,15:15:04.131000,12567,12569,12568,1
2020-09-07,15:15:05.934000,12567,12569,12567,1
2020-09-07,15:15:08.003000,12568,12569,12568,2
2020-09-07,15:15:09.279000,12568,12569,12568,4
2020-09-07,15:15:09.279000,12568,12569,12567,1
2020-09-07,15:15:12.718000,12566,12568,12566,3
2020-09-07,15:15:13.291000,12566,12568,12566,1
2020-09-07,15:15:14.781000,12566,12567,12567,1
2020-09-07,15:15:15.564000,12566,12567,12566,2
2020-09-07,15:15:15.951000,12566,12567,12566,1
2020-09-07,15:15:16.409000,12566,12567,12566,1
2020-09-07,15:15:17.642000,12566,12567,12567,1
2020-09-07,15:15:20.124000,12566,12567,12567,1
2020-09-07,15:15:20.185000,12566,12568,12566,1
2020-09-07,15:15:21.555000,12567,12568,12567,1
2020-09-07,15:15:21.727000,12567,12568,12568,3
2020-09-07,15:15:24.641000,12568,12569,12568,1
2020-09-07,15:15:26.421000,12568,12570,12568,1
2020-09-07,15:15:28.258000,12568,12570,12568,1
2020-09-07,15:15:28.995000,12568,12569,12569,1
2020-09-07,15:15:29.112000,12568,12569,12569,1
2020-09-07,15:15:34.894000,12569,12570,12569,1
2020-09-07,15:15:35.037000,12568,12569,12568,3
2020-09-07,15:15:36.397000,12567,12568,12567,2
2020-09-07,15:15:36.397000,12567,12568,12567,2
2020-09-07,15:15:36.512000,12566,12567,12567,1
2020-09-07,15:15:39.807000,12566,12567,12566,1
2020-09-07,15:15:39.810000,12566,12567,12566,1
2020-09-07,15:15:39.811000,12566,12567,12566,2
2020-09-07,15:15:40.183000,12565,12567,12565,2
2020-09-07,15:15:40.597000,12565,12567,12566,1
2020-09-07,15:15:41.481000,12565,12567,12566,1
2020-09-07,15:15:41.813000,12566,12567,12566,1
2020-09-07,15:15:42.349000,12566,12567,12567,1
2020-09-07,15:15:42.555000,12566,12567,12566,1
2020-09-07,15:15:43.289000,12566,12567,12566,1
2020-09-07,15:15:48.116000,12566,12567,12566,1
2020-09-07,15:15:48.559000,12566,12567,12567,1
2020-09-07,15:15:52.575000,12566,12567,12566,1
2020-09-07,15:15:53.208000,12566,12567,12567,1
2020-09-07,15:15:57.259000,12566,12567,12567,1
2020-09-07,15:15:59.107000,12567,12568,12567,1
2020-09-07,15:15:59.779000,12567,12568,12567,1
2020-09-07,15:16:01.856000,12566,12567,12566,5
2020-09-07,15:16:01.857000,12566,12567,12566,2
2020-09-07,15:16:03.822000,12565,12566,12565,23
2020-09-07,15:16:03.909000,12564,12565,12565,1
2020-09-07,15:16:03.910000,12564,12565,12565,1
2020-09-07,15:16:03.910000,12564,12565,12565,1
2020-09-07,15:16:03.910000,12564,12565,12565,1
2020-09-07,15:16:03.911000,12564,12565,12565,1
2020-09-07,15:16:03.911000,12564,12565,12565,1
2020-09-07,15:16:03.912000,12564,12565,12566,1
2020-09-07,15:16:03.917000,12564,12565,12566,1
2020-09-07,15:16:03.917000,12564,12565,12566,1
2020-09-07,15:16:03.917000,12564,12565,12566,1
2020-09-07,15:16:05.836000,12564,12565,12565,1
2020-09-07,15:16:06.022000,12564,12565,12564,4
2020-09-07,15:16:07.176000,12563,12564,12563,1
2020-09-07,15:16:07.551000,12563,12564,12563,2
2020-09-07,15:16:08.889000,12563,12564,12563,1
2020-09-07,15:16:10.504000,12563,12564,12563,1
2020-09-07,15:16:11.407000,12563,12564,12564,6
2020-09-07,15:16:11.527000,12563,12564,12564,1
2020-09-07,15:16:12.952000,12564,12565,12564,1
2020-09-07,15:16:20.860000,12563,12564,12564,2
2020-09-07,15:16:21.925000,12563,12564,12564,2
2020-09-07,15:16:22.034000,12563,12564,12564,1
2020-09-07,15:16:24.791000,12564,12565,12564,2
2020-09-07,15:16:26.231000,12564,12565,12564,1
2020-09-07,15:16:26.750000,12564,12565,12564,1
2020-09-07,15:16:30.790000,12564,12565,12564,1
2020-09-07,15:16:30.909000,12563,12564,12564,1
2020-09-07,15:16:32.137000,12563,12565,12565,3
2020-09-07,15:16:32.333000,12564,12566,12564,1
2020-09-07,15:16:32.474000,12564,12565,12565,1
2020-09-07,15:16:37.420000,12564,12565,12564,4
2020-09-07,15:16:37.421000,12564,12565,12564,1
2020-09-07,15:16:37.514000,12564,12565,12564,1
2020-09-07,15:16:39.022000,12564,12565,12565,1
2020-09-07,15:16:41.642000,12564,12565,12564,1
2020-09-07,15:16:44.791000,12563,12564,12564,4
2020-09-07,15:16:52.773000,12564,12565,12565,2
2020-09-07,15:16:52.773000,12564,12565,12565,8
2020-09-07,15:16:53.346000,12565,12566,12566,8
2020-09-07,15:17:06.621000,12566,12567,12566,2
2020-09-07,15:17:07.163000,12565,12566,12565,1
2020-09-07,15:17:07.555000,12565,12566,12565,1
2020-09-07,15:17:10.270000,12565,12566,12566,1
2020-09-07,15:17:10.869000,12565,12566,12565,1
2020-09-07,15:17:13.203000,12565,12566,12565,1
2020-09-07,15:17:13.506000,12564,12565,12565,1
2020-09-07,15:17:13.506000,12564,12565,12565,1
2020-09-07,15:17:14.921000,12564,12566,12566,1
2020-09-07,15:17:17.629000,12564,12566,12566,1
2020-09-07,15:17:18.869000,12564,12566,12566,1
2020-09-07,15:17:27.197000,12565,12566,12566,2
2020-09-07,15:17:27.215000,12565,12566,12565,2
2020-09-07,15:17:36.274000,12565,12566,12565,4
2020-09-07,15:17:39.217000,12564,12565,12564,5
2020-09-07,15:17:39.217000,12564,12565,12564,2
2020-09-07,15:17:42.947000,12564,12565,12564,5
2020-09-07,15:17:47.265000,12564,12565,12564,1
2020-09-07,15:17:47.265000,12564,12565,12564,2
2020-09-07,15:17:48.075000,12563,12564,12564,1
2020-09-07,15:17:50.054000,12563,12564,12563,1
2020-09-07,15:17:50.122000,12563,12564,12563,2
2020-09-07,15:17:50.122000,12563,12564,12563,7
2020-09-07,15:17:50.411000,12562,12563,12562,3
2020-09-07,15:17:50.411000,12562,12563,12562,1
2020-09-07,15:17:50.561000,12562,12564,12562,1
2020-09-07,15:17:51.347000,12562,12563,12562,1
2020-09-07,15:17:52.760000,12562,12563,12562,1
2020-09-07,15:17:55.459000,12562,12563,12563,1
2020-09-07,15:17:55.488000,12562,12563,12563,1
2020-09-07,15:17:55.843000,12563,12564,12563,2
2020-09-07,15:17:57.905000,12563,12564,12563,2
2020-09-07,15:17:59.762000,12563,12564,12563,1
2020-09-07,15:18:00.185000,12563,12564,12563,1
2020-09-07,15:18:00.536000,12563,12564,12563,1
2020-09-07,15:18:02.224000,12563,12564,12563,1
2020-09-07,15:18:02.566000,12562,12563,12562,2
2020-09-07,15:18:02.574000,12562,12563,12562,2
2020-09-07,15:18:02.798000,12562,12563,12562,1
2020-09-07,15:18:03.464000,12562,12563,12562,1
2020-09-07,15:18:06.747000,12562,12563,12563,1
2020-09-07,15:18:07.312000,12562,12563,12563,1
2020-09-07,15:18:08.118000,12562,12563,12562,1
2020-09-07,15:18:09.213000,12562,12563,12563,2
2020-09-07,15:18:09.408000,12563,12564,12564,6
2020-09-07,15:18:10.092000,12563,12565,12563,1
2020-09-07,15:18:10.514000,12563,12565,12563,1
2020-09-07,15:18:12.905000,12564,12565,12565,5
2020-09-07,15:18:12.905000,12564,12566,12565,1
2020-09-07,15:18:13.685000,12564,12566,12566,1
2020-09-07,15:18:14.333000,12565,12566,12565,1
2020-09-07,15:18:15.997000,12564,12566,12566,5
2020-09-07,15:18:18.688000,12565,12566,12566,1
2020-09-07,15:18:20.119000,12565,12566,12565,2
2020-09-07,15:18:25.288000,12563,12564,12564,1
2020-09-07,15:18:25.628000,12563,12564,12563,4
2020-09-07,15:18:25.628000,12563,12564,12562,8
2020-09-07,15:18:25.629000,12563,12564,12562,4
2020-09-07,15:18:25.629000,12563,12564,12562,2
2020-09-07,15:18:26.931000,12561,12563,12563,1
2020-09-07,15:18:27.386000,12561,12563,12563,1
2020-09-07,15:18:30.648000,12562,12564,12562,1
2020-09-07,15:18:30.843000,12562,12564,12562,1
2020-09-07,15:18:31.020000,12562,12564,12562,4
2020-09-07,15:18:33.546000,12562,12563,12562,1
2020-09-07,15:18:37.266000,12562,12563,12563,1
2020-09-07,15:18:38.365000,12563,12564,12563,2
2020-09-07,15:18:42.085000,12563,12564,12563,1
2020-09-07,15:18:43.048000,12563,12564,12564,2
2020-09-07,15:18:43.443000,12563,12565,12563,5
2020-09-07,15:18:43.443000,12563,12565,12563,1
2020-09-07,15:18:43.443000,12563,12565,12563,5
2020-09-07,15:18:43.443000,12563,12565,12563,2
2020-09-07,15:18:45.296000,12563,12565,12563,5
2020-09-07,15:18:46.127000,12563,12564,12564,1
2020-09-07,15:18:47.900000,12563,12564,12563,4
2020-09-07,15:18:52.055000,12563,12564,12563,1
2020-09-07,15:18:56.388000,12563,12564,12564,2
2020-09-07,15:18:56.390000,12563,12564,12564,1
2020-09-07,15:18:59.524000,12564,12565,12564,1
2020-09-07,15:18:59.524000,12564,12565,12563,4
2020-09-07,15:19:06.837000,12564,12565,12565,1
2020-09-07,15:19:07.409000,12564,12566,12564,1
2020-09-07,15:19:07.750000,12564,12566,12564,1
2020-09-07,15:19:12.365000,12565,12566,12565,1
2020-09-07,15:19:13.056000,12564,12566,12564,1
2020-09-07,15:19:14.825000,12564,12566,12564,5
2020-09-07,15:19:16.975000,12565,12566,12566,5
2020-09-07,15:19:17.660000,12565,12566,12566,2
2020-09-07,15:19:21.010000,12565,12567,12565,1
2020-09-07,15:19:21.386000,12565,12566,12566,1
2020-09-07,15:19:21.669000,12565,12567,12567,1
2020-09-07,15:19:22.025000,12565,12567,12565,4
2020-09-07,15:19:24.360000,12565,12566,12565,1
2020-09-07,15:19:24.360000,12565,12566,12565,1
2020-09-07,15:19:30.194000,12565,12566,12565,1
2020-09-07,15:19:33.825000,12565,12567,12567,3
2020-09-07,15:19:41.415000,12565,12567,12567,1
2020-09-07,15:19:42.314000,12565,12567,12567,3
2020-09-07,15:19:42.409000,12565,12567,12565,1
2020-09-07,15:19:43.033000,12566,12567,12567,1
2020-09-07,15:19:43.614000,12567,12568,12567,2
2020-09-07,15:19:43.691000,12566,12568,12568,1
2020-09-07,15:19:45.284000,12567,12568,12568,1
2020-09-07,15:19:45.285000,12567,12568,12568,7
2020-09-07,15:19:47.182000,12567,12569,12569,1
2020-09-07,15:19:47.764000,12567,12569,12569,1
2020-09-07,15:19:50.034000,12568,12569,12569,1
2020-09-07,15:19:50.224000,12568,12569,12569,1
2020-09-07,15:19:51.820000,12568,12569,12569,1
2020-09-07,15:19:52.698000,12568,12569,12569,1
2020-09-07,15:19:54.105000,12569,12570,12570,1
2020-09-07,15:19:57.773000,12569,12570,12569,4
2020-09-07,15:19:57.995000,12568,12569,12569,1
2020-09-07,15:20:00.252000,12568,12569,12569,1
2020-09-07,15:20:00.252000,12568,12569,12570,1
2020-09-07,15:20:00.854000,12568,12569,12568,2
2020-09-07,15:20:01.170000,12568,12569,12568,2
2020-09-07,15:20:01.752000,12567,12569,12567,1
2020-09-07,15:20:02.745000,12567,12569,12567,4
2020-09-07,15:20:02.745000,12567,12569,12566,1
2020-09-07,15:20:05.856000,12567,12568,12567,5
2020-09-07,15:20:06.278000,12567,12568,12568,1
2020-09-07,15:20:09.694000,12568,12569,12569,1
2020-09-07,15:20:09.812000,12568,12569,12569,2
2020-09-07,15:20:11.792000,12569,12570,12569,5
2020-09-07,15:20:11.792000,12569,12570,12569,1
2020-09-07,15:20:13.167000,12569,12570,12570,5
2020-09-07,15:20:13.648000,12569,12570,12569,1
2020-09-07,15:20:14.797000,12569,12570,12569,3
2020-09-07,15:20:14.797000,12569,12570,12568,2
2020-09-07,15:20:16.030000,12568,12570,12569,1
2020-09-07,15:20:16.417000,12569,12570,12569,1
2020-09-07,15:20:17.195000,12569,12570,12569,1
2020-09-07,15:20:17.547000,12569,12570,12570,1
2020-09-07,15:20:17.547000,12569,12570,12570,1
2020-09-07,15:20:17.547000,12569,12570,12570,3
2020-09-07,15:20:17.548000,12569,12570,12570,2
2020-09-07,15:20:17.548000,12569,12570,12570,2
2020-09-07,15:20:17.548000,12569,12570,12570,4
2020-09-07,15:20:17.548000,12569,12570,12570,7
2020-09-07,15:20:17.548000,12569,12570,12570,3
2020-09-07,15:20:21.479000,12570,12571,12570,5
2020-09-07,15:20:22.451000,12569,12570,12570,1
2020-09-07,15:20:22.814000,12569,12570,12570,1
2020-09-07,15:20:23.086000,12569,12570,12569,1
2020-09-07,15:20:23.295000,12569,12570,12569,1
2020-09-07,15:20:23.380000,12569,12570,12569,4
2020-09-07,15:20:25.533000,12568,12570,12569,1
2020-09-07,15:20:26.237000,12568,12569,12568,4
2020-09-07,15:20:27.940000,12566,12568,12568,1
2020-09-07,15:20:33.541000,12567,12568,12568,1
2020-09-07,15:20:33.563000,12567,12568,12567,3
2020-09-07,15:20:35.653000,12567,12568,12568,1
2020-09-07,15:20:37.211000,12567,12569,12567,4
2020-09-07,15:20:37.211000,12567,12569,12566,1
2020-09-07,15:20:43.857000,12566,12568,12568,1
2020-09-07,15:20:46.546000,12566,12568,12566,5
2020-09-07,15:20:47.944000,12566,12567,12566,5
2020-09-07,15:20:50.321000,12565,12566,12566,1
2020-09-07,15:20:52.343000,12565,12566,12565,1
2020-09-07,15:20:52.558000,12564,12565,12565,2
2020-09-07,15:20:59.014000,12564,12565,12565,4
2020-09-07,15:20:59.014000,12564,12565,12566,12
2020-09-07,15:21:03.958000,12564,12566,12564,2
2020-09-07,15:21:04.820000,12564,12565,12564,1
2020-09-07,15:21:04.918000,12564,12565,12564,1
2020-09-07,15:21:06.599000,12564,12565,12564,6
2020-09-07,15:21:06.879000,12563,12564,12564,1
2020-09-07,15:21:07.461000,12564,12565,12564,1
2020-09-07,15:21:07.534000,12563,12565,12563,1
2020-09-07,15:21:07.534000,12563,12565,12563,1
2020-09-07,15:21:07.534000,12563,12565,12563,1
2020-09-07,15:21:07.534000,12563,12565,12563,1
2020-09-07,15:21:07.534000,12563,12565,12563,1
2020-09-07,15:21:07.536000,12563,12565,12563,1
2020-09-07,15:21:07.536000,12563,12565,12563,1
2020-09-07,15:21:07.536000,12563,12565,12563,1
2020-09-07,15:21:07.536000,12563,12565,12563,1
2020-09-07,15:21:07.537000,12563,12565,12562,1
2020-09-07,15:21:07.628000,12563,12565,12563,4
2020-09-07,15:21:07.628000,12563,12565,12564,6
2020-09-07,15:21:10.281000,12563,12565,12565,8
2020-09-07,15:21:10.281000,12563,12565,12565,1
2020-09-07,15:21:16.444000,12564,12565,12565,1
2020-09-07,15:21:21.805000,12565,12566,12566,6
2020-09-07,15:21:21.805000,12565,12566,12566,3
2020-09-07,15:21:21.805000,12565,12566,12566,2
2020-09-07,15:21:21.805000,12565,12566,12566,1
2020-09-07,15:21:21.916000,12565,12567,12565,1
2020-09-07,15:21:22.130000,12565,12567,12567,1
2020-09-07,15:21:22.131000,12565,12567,12567,1
2020-09-07,15:21:28.414000,12566,12568,12566,5
2020-09-07,15:21:33.098000,12567,12569,12567,1
2020-09-07,15:21:33.167000,12566,12568,12566,1
2020-09-07,15:21:44.284000,12566,12567,12566,1
2020-09-07,15:21:48.022000,12566,12567,12566,3
2020-09-07,15:21:48.036000,12566,12567,12566,1
2020-09-07,15:21:48.042000,12566,12567,12566,1
2020-09-07,15:21:48.049000,12566,12567,12565,1
2020-09-07,15:22:09.080000,12568,12569,12569,1
2020-09-07,15:22:09.080000,12568,12569,12569,10
2020-09-07,15:22:09.080000,12568,12569,12569,4
2020-09-07,15:22:09.081000,12568,12569,12569,8
2020-09-07,15:22:09.399000,12569,12570,12570,2
2020-09-07,15:22:09.444000,12569,12570,12569,1
2020-09-07,15:22:09.607000,12569,12570,12569,4
2020-09-07,15:22:09.779000,12569,12570,12569,2
2020-09-07,15:22:09.779000,12569,12570,12568,4
2020-09-07,15:22:14.138000,12567,12569,12567,5
2020-09-07,15:22:16.716000,12568,12569,12568,2
2020-09-07,15:22:16.754000,12568,12569,12568,1
2020-09-07,15:22:24.383000,12568,12569,12568,3
2020-09-07,15:22:24.383000,12568,12569,12567,2
2020-09-07,15:22:26.901000,12568,12569,12568,2
2020-09-07,15:22:26.901000,12568,12569,12567,3
2020-09-07,15:22:26.914000,12567,12568,12568,1
2020-09-07,15:22:26.914000,12567,12568,12569,2
2020-09-07,15:22:31.416000,12568,12570,12568,5
2020-09-07,15:22:36.297000,12568,12569,12569,3
2020-09-07,15:22:37.449000,12568,12569,12568,5
2020-09-07,15:22:37.783000,12567,12569,12567,1
2020-09-07,15:22:41.807000,12568,12569,12569,4
2020-09-07,15:22:43.021000,12569,12570,12570,1
2020-09-07,15:22:44.400000,12570,12571,12571,2
2020-09-07,15:22:44.972000,12570,12571,12571,2
2020-09-07,15:22:45.313000,12570,12571,12571,1
2020-09-07,15:22:47.278000,12571,12572,12571,5
2020-09-07,15:22:47.279000,12571,12572,12571,1
2020-09-07,15:22:49.877000,12571,12572,12572,5
2020-09-07,15:22:51.198000,12572,12573,12572,1
2020-09-07,15:22:53.072000,12571,12572,12571,4
2020-09-07,15:22:53.072000,12571,12572,12570,1
2020-09-07,15:22:54.526000,12570,12572,12572,1
2020-09-07,15:22:54.617000,12570,12572,12570,5
2020-09-07,15:22:55.109000,12570,12572,12570,1
2020-09-07,15:22:57.343000,12570,12572,12572,1
2020-09-07,15:22:58.659000,12570,12572,12572,1
2020-09-07,15:23:00.223000,12570,12572,12570,4
2020-09-07,15:23:02.043000,12571,12572,12571,2
2020-09-07,15:23:02.192000,12570,12572,12571,1
2020-09-07,15:23:02.674000,12570,12572,12570,4
2020-09-07,15:23:02.816000,12570,12572,12570,1
2020-09-07,15:23:03.285000,12570,12572,12572,1
2020-09-07,15:23:05.691000,12570,12572,12572,2
2020-09-07,15:23:06.212000,12571,12572,12571,1
2020-09-07,15:23:06.995000,12570,12571,12570,3
2020-09-07,15:23:09.049000,12570,12571,12570,12
2020-09-07,15:23:12.129000,12570,12572,12570,4
2020-09-07,15:23:12.129000,12570,12572,12569,7
2020-09-07,15:23:12.133000,12570,12572,12570,2
2020-09-07,15:23:20.196000,12571,12572,12572,1
2020-09-07,15:23:20.198000,12571,12572,12572,2
2020-09-07,15:23:21.226000,12571,12573,12573,1
2020-09-07,15:23:21.434000,12571,12573,12571,4
2020-09-07,15:23:22.165000,12572,12573,12573,1
2020-09-07,15:23:22.390000,12572,12573,12573,3
2020-09-07,15:23:22.390000,12572,12573,12573,8
2020-09-07,15:23:22.479000,12572,12574,12574,1
2020-09-07,15:23:23.978000,12572,12574,12574,1
2020-09-07,15:23:25.723000,12572,12574,12574,2
2020-09-07,15:23:25.738000,12572,12574,12574,2
2020-09-07,15:23:28.137000,12572,12574,12574,1
2020-09-07,15:23:29.899000,12573,12574,12574,1
2020-09-07,15:23:32.661000,12572,12574,12574,1
2020-09-07,15:23:34.170000,12572,12573,12573,2
2020-09-07,15:23:36.581000,12573,12574,12574,1
2020-09-07,15:23:40.772000,12574,12575,12575,1
2020-09-07,15:23:41.583000,12574,12575,12575,6
2020-09-07,15:23:42.694000,12575,12576,12575,1
2020-09-07,15:23:45.591000,12575,12576,12576,2
2020-09-07,15:23:45.682000,12575,12576,12576,1
2020-09-07,15:23:48.502000,12576,12577,12577,15
2020-09-07,15:23:48.772000,12577,12578,12578,1
2020-09-07,15:23:48.811000,12577,12578,12578,1
2020-09-07,15:23:50.105000,12577,12578,12577,1
2020-09-07,15:23:50.416000,12577,12578,12578,4
2020-09-07,15:23:50.937000,12578,12579,12578,6
2020-09-07,15:23:50.937000,12578,12579,12577,4
2020-09-07,15:23:51.330000,12578,12579,12579,1
2020-09-07,15:23:51.330000,12578,12579,12579,1
2020-09-07,15:23:51.501000,12578,12580,12580,1
2020-09-07,15:23:51.905000,12579,12580,12580,1
2020-09-07,15:23:51.909000,12579,12580,12580,9
2020-09-07,15:23:52.160000,12580,12581,12581,1
2020-09-07,15:23:52.160000,12580,12581,12582,9
2020-09-07,15:23:52.272000,12580,12581,12581,1
2020-09-07,15:23:52.345000,12580,12581,12581,2
2020-09-07,15:23:52.574000,12579,12581,12580,1
2020-09-07,15:23:52.577000,12579,12581,12581,1
2020-09-07,15:23:53.294000,12579,12580,12580,2
2020-09-07,15:23:53.548000,12579,12581,12580,1
2020-09-07,15:23:54.665000,12579,12580,12579,3
2020-09-07,15:23:55.823000,12578,12579,12579,3
2020-09-07,15:23:56.187000,12578,12579,12579,1
2020-09-07,15:23:56.732000,12578,12579,12579,2
2020-09-07,15:23:58.524000,12578,12579,12579,1
2020-09-07,15:23:59.566000,12579,12581,12579,1
2020-09-07,15:24:00.958000,12580,12581,12581,2
2020-09-07,15:24:02.447000,12580,12581,12581,6
2020-09-07,15:24:02.448000,12580,12581,12581,1
2020-09-07,15:24:02.753000,12580,12581,12581,1
2020-09-07,15:24:03.041000,12580,12581,12581,2
2020-09-07,15:24:03.042000,12580,12581,12581,2
2020-09-07,15:24:03.148000,12580,12581,12580,1
2020-09-07,15:24:03.276000,12580,12582,12582,1
2020-09-07,15:24:03.571000,12581,12583,12583,1
2020-09-07,15:24:03.984000,12581,12582,12581,1
2020-09-07,15:24:04.072000,12581,12582,12582,1
2020-09-07,15:24:04.217000,12581,12583,12583,2
2020-09-07,15:24:05.181000,12581,12583,12583,8
2020-09-07,15:24:05.251000,12581,12583,12583,2
2020-09-07,15:24:05.252000,12581,12583,12583,1
2020-09-07,15:24:06.181000,12583,12584,12583,6
2020-09-07,15:24:06.181000,12583,12584,12582,4
2020-09-07,15:24:06.714000,12583,12584,12583,1
2020-09-07,15:24:07.378000,12582,12584,12582,1
2020-09-07,15:24:07.533000,12581,12583,12583,1
2020-09-07,15:24:07.639000,12581,12583,12581,1
2020-09-07,15:24:08.355000,12581,12583,12581,2
2020-09-07,15:24:08.406000,12581,12583,12583,1
2020-09-07,15:24:08.706000,12581,12583,12582,1
2020-09-07,15:24:09.270000,12581,12582,12582,1
2020-09-07,15:24:09.270000,12581,12582,12583,1
2020-09-07,15:24:09.489000,12581,12583,12582,1
2020-09-07,15:24:10.908000,12582,12583,12582,6
2020-09-07,15:24:11.034000,12581,12583,12582,2
2020-09-07,15:24:11.222000,12581,12583,12583,5
2020-09-07,15:24:11.734000,12581,12582,12581,3
2020-09-07,15:24:11.738000,12581,12582,12581,1
2020-09-07,15:24:12.413000,12580,12582,12582,4
2020-09-07,15:24:12.911000,12580,12581,12581,1
2020-09-07,15:24:13.156000,12580,12581,12581,2
2020-09-07,15:24:13.443000,12580,12581,12581,1
2020-09-07,15:24:13.621000,12580,12581,12581,1
2020-09-07,15:24:13.652000,12580,12581,12581,3
2020-09-07,15:24:14.359000,12580,12582,12582,1
2020-09-07,15:24:18.731000,12580,12581,12581,5
2020-09-07,15:24:19.133000,12580,12581,12581,2
2020-09-07,15:24:19.133000,12580,12581,12582,3
2020-09-07,15:24:19.967000,12580,12581,12580,1
2020-09-07,15:24:19.968000,12580,12581,12580,1
2020-09-07,15:24:21.145000,12579,12580,12580,1
2020-09-07,15:24:23.710000,12579,12581,12581,5
2020-09-07,15:24:23.717000,12579,12581,12581,2
2020-09-07,15:24:23.717000,12579,12581,12582,3
2020-09-07,15:24:24.526000,12579,12580,12579,1
2020-09-07,15:24:24.526000,12579,12580,12579,7
2020-09-07,15:24:25.472000,12578,12579,12579,6
2020-09-07,15:24:25.472000,12578,12579,12580,4
2020-09-07,15:24:27.668000,12578,12579,12579,1
2020-09-07,15:24:28.852000,12579,12580,12580,5
2020-09-07,15:24:28.858000,12579,12580,12581,3
2020-09-07,15:24:29.378000,12579,12580,12579,1
2020-09-07,15:24:30.794000,12579,12580,12579,1
2020-09-07,15:24:30.829000,12579,12580,12579,1
2020-09-07,15:24:32.354000,12579,12580,12580,4
2020-09-07,15:24:32.354000,12579,12580,12580,2
2020-09-07,15:24:34.857000,12579,12580,12580,4
2020-09-07,15:24:35.400000,12579,12580,12579,1
2020-09-07,15:24:35.400000,12579,12580,12578,1
2020-09-07,15:24:35.484000,12578,12580,12579,1
2020-09-07,15:24:35.804000,12578,12580,12578,1
2020-09-07,15:24:39.274000,12578,12580,12579,1
2020-09-07,15:24:39.274000,12578,12580,12580,2
2020-09-07,15:24:43.718000,12579,12580,12580,2
2020-09-07,15:24:46.367000,12579,12581,12581,1
2020-09-07,15:24:50.727000,12580,12581,12581,4
2020-09-07,15:24:50.772000,12580,12581,12581,1
2020-09-07,15:24:52.419000,12581,12582,12581,1
2020-09-07,15:24:53.028000,12581,12582,12581,1
2020-09-07,15:24:55.006000,12580,12581,12580,2
2020-09-07,15:24:55.433000,12580,12581,12580,2
2020-09-07,15:24:58.556000,12579,12580,12579,1
2020-09-07,15:24:58.556000,12579,12580,12579,4
2020-09-07,15:25:02.853000,12578,12579,12579,1
2020-09-07,15:25:03.872000,12578,12579,12578,1
2020-09-07,15:25:04.154000,12578,12579,12579,2
2020-09-07,15:25:05.864000,12578,12579,12579,1
2020-09-07,15:25:07.471000,12579,12580,12579,1
2020-09-07,15:25:07.592000,12579,12580,12579,1
2020-09-07,15:25:08.102000,12579,12580,12579,1
2020-09-07,15:25:08.445000,12579,12580,12579,1
2020-09-07,15:25:08.802000,12579,12580,12579,1
2020-09-07,15:25:09.270000,12579,12580,12579,1
2020-09-07,15:25:09.394000,12579,12580,12579,1
2020-09-07,15:25:09.607000,12579,12580,12579,1
2020-09-07,15:25:09.949000,12579,12580,12579,1
2020-09-07,15:25:10.436000,12579,12580,12579,1
2020-09-07,15:25:12.364000,12579,12580,12580,1
2020-09-07,15:25:13.407000,12579,12580,12580,9
2020-09-07,15:25:13.407000,12579,12580,12580,1
2020-09-07,15:25:13.407000,12579,12580,12580,1
2020-09-07,15:25:16.942000,12580,12581,12580,1
2020-09-07,15:25:17.856000,12580,12581,12581,1
2020-09-07,15:25:20.378000,12580,12581,12580,1
2020-09-07,15:25:22.183000,12579,12580,12579,1
2020-09-07,15:25:24.065000,12579,12580,12580,1
2020-09-07,15:25:27.516000,12579,12580,12579,1
2020-09-07,15:25:37.954000,12578,12579,12578,2
2020-09-07,15:25:37.955000,12578,12579,12578,1
2020-09-07,15:25:39.594000,12577,12578,12577,2
2020-09-07,15:25:40.237000,12576,12578,12577,5
2020-09-07,15:25:40.876000,12576,12578,12578,2
2020-09-07,15:25:43.273000,12577,12578,12577,1
2020-09-07,15:25:43.951000,12577,12578,12577,1
2020-09-07,15:25:45.690000,12577,12578,12577,2
2020-09-07,15:25:45.690000,12577,12578,12577,1
2020-09-07,15:25:48.331000,12576,12577,12576,1
2020-09-07,15:25:49.623000,12576,12577,12576,1
2020-09-07,15:25:50.105000,12576,12577,12577,1
2020-09-07,15:25:58.548000,12576,12577,12577,3
2020-09-07,15:25:58.783000,12577,12578,12578,1
2020-09-07,15:26:00.003000,12577,12579,12577,1
2020-09-07,15:26:01.941000,12577,12579,12577,1
2020-09-07,15:26:06.963000,12577,12578,12577,1
2020-09-07,15:26:07.048000,12576,12578,12578,1
2020-09-07,15:26:17.687000,12577,12578,12577,1
2020-09-07,15:26:18.884000,12576,12577,12577,4
2020-09-07,15:26:18.884000,12576,12577,12578,1
2020-09-07,15:26:19.084000,12576,12577,12577,1
2020-09-07,15:26:19.084000,12576,12577,12578,2
2020-09-07,15:26:22.224000,12576,12577,12577,1
2020-09-07,15:26:24.995000,12576,12578,12578,1
2020-09-07,15:26:25.937000,12577,12578,12577,1
2020-09-07,15:26:26.335000,12577,12578,12577,1
2020-09-07,15:26:27.140000,12577,12578,12577,2
2020-09-07,15:26:28.311000,12576,12577,12577,1
2020-09-07,15:26:28.311000,12576,12577,12578,1
2020-09-07,15:26:33.783000,12577,12578,12578,7
2020-09-07,15:26:34.241000,12577,12579,12577,1
2020-09-07,15:26:44.874000,12578,12579,12579,2
2020-09-07,15:26:45.585000,12579,12580,12579,1
2020-09-07,15:26:46.500000,12579,12580,12579,1
2020-09-07,15:26:46.792000,12579,12580,12580,4
2020-09-07,15:26:47.786000,12580,12581,12580,6
2020-09-07,15:26:48.610000,12579,12580,12580,1
2020-09-07,15:26:50.924000,12579,12580,12580,3
2020-09-07,15:26:53.250000,12579,12581,12581,2
2020-09-07,15:26:56.823000,12580,12581,12581,1
2020-09-07,15:27:00.657000,12580,12581,12581,1
2020-09-07,15:27:02.359000,12580,12581,12581,2
2020-09-07,15:27:02.908000,12580,12581,12580,1
2020-09-07,15:27:04.206000,12580,12581,12580,1
2020-09-07,15:27:05.476000,12580,12581,12580,1
2020-09-07,15:27:05.774000,12579,12580,12579,3
2020-09-07,15:27:05.775000,12579,12580,12579,15
2020-09-07,15:27:06.633000,12578,12579,12578,1
2020-09-07,15:27:07.569000,12578,12579,12579,1
2020-09-07,15:27:18.453000,12579,12580,12579,1
2020-09-07,15:27:24.275000,12578,12579,12578,2
2020-09-07,15:27:24.275000,12578,12579,12578,1
2020-09-07,15:27:28.228000,12577,12578,12578,1
2020-09-07,15:27:30.726000,12577,12579,12577,2
2020-09-07,15:27:31.048000,12577,12578,12577,1
2020-09-07,15:27:31.054000,12577,12578,12577,1
2020-09-07,15:27:32.938000,12577,12578,12577,3
2020-09-07,15:27:32.975000,12577,12578,12576,1
2020-09-07,15:27:33.840000,12576,12577,12577,4
2020-09-07,15:27:33.840000,12576,12577,12578,9
2020-09-07,15:27:33.840000,12576,12577,12578,1
2020-09-07,15:27:33.840000,12576,12577,12578,6
2020-09-07,15:27:40.023000,12578,12579,12578,1
2020-09-07,15:27:40.879000,12578,12579,12578,1
2020-09-07,15:27:45.160000,12578,12579,12579,1
2020-09-07,15:27:46.253000,12578,12579,12579,2
2020-09-07,15:27:46.351000,12578,12579,12579,8
2020-09-07,15:27:48.330000,12579,12581,12579,1
2020-09-07,15:27:56.301000,12580,12581,12581,1
2020-09-07,15:27:58.328000,12580,12581,12580,1
2020-09-07,15:27:58.329000,12580,12581,12580,1
2020-09-07,15:28:00.824000,12579,12580,12580,1
2020-09-07,15:28:05.992000,12578,12580,12580,1
2020-09-07,15:28:06.815000,12578,12579,12579,4
2020-09-07,15:28:07.616000,12579,12580,12580,1
2020-09-07,15:28:10.531000,12579,12580,12580,1
2020-09-07,15:28:10.886000,12579,12580,12579,1
2020-09-07,15:28:13.451000,12579,12580,12580,1
2020-09-07,15:28:15.778000,12579,12580,12580,1
2020-09-07,15:28:16.148000,12579,12580,12580,6
2020-09-07,15:28:20.374000,12580,12581,12580,1
2020-09-07,15:28:20.458000,12580,12581,12580,1
2020-09-07,15:28:21.198000,12580,12581,12580,1
2020-09-07,15:28:22.138000,12580,12581,12580,1
2020-09-07,15:28:24.134000,12580,12581,12580,1
2020-09-07,15:28:27.120000,12580,12581,12580,1
2020-09-07,15:28:27.842000,12580,12581,12580,1
2020-09-07,15:28:30.277000,12580,12581,12580,2
2020-09-07,15:28:32.072000,12579,12580,12579,8
2020-09-07,15:28:32.179000,12578,12580,12578,1
2020-09-07,15:28:42.133000,12578,12579,12578,1
2020-09-07,15:28:49.158000,12578,12579,12578,1
2020-09-07,15:28:54.544000,12578,12579,12578,3
2020-09-07,15:28:54.716000,12577,12578,12577,1
2020-09-07,15:28:54.716000,12577,12578,12577,8
2020-09-07,15:29:02.162000,12576,12577,12576,5
2020-09-07,15:29:02.824000,12576,12577,12577,1
2020-09-07,15:29:11.948000,12576,12577,12577,4
2020-09-07,15:29:12.205000,12577,12578,12578,2
2020-09-07,15:29:15.444000,12578,12579,12579,2
2020-09-07,15:29:17.024000,12579,12580,12580,6
2020-09-07,15:29:21.249000,12580,12581,12580,2
2020-09-07,15:29:30.713000,12580,12581,12580,2
2020-09-07,15:29:33.807000,12579,12580,12580,7
2020-09-07,15:29:35.971000,12580,12581,12581,10
2020-09-07,15:29:36.320000,12581,12582,12582,2
2020-09-07,15:29:36.609000,12581,12583,12583,1
2020-09-07,15:29:37.793000,12582,12583,12582,5
2020-09-07,15:29:38.005000,12581,12582,12582,1
2020-09-07,15:29:41.447000,12580,12581,12581,2
2020-09-07,15:29:43.306000,12580,12581,12580,5
2020-09-07,15:29:43.307000,12580,12581,12580,1
2020-09-07,15:29:45.760000,12579,12581,12581,2
2020-09-07,15:29:49.906000,12580,12581,12581,1
2020-09-07,15:29:59.651000,12580,12581,12580,2
2020-09-07,15:29:59.824000,12579,12580,12579,7
2020-09-07,15:30:00.698000,12580,12581,12581,1
2020-09-07,15:30:01.638000,12580,12581,12581,1
2020-09-07,15:30:02.081000,12580,12581,12580,2
2020-09-07,15:30:02.105000,12580,12581,12579,2
2020-09-07,15:30:02.328000,12579,12581,12581,2
2020-09-07,15:30:02.834000,12579,12581,12581,1
2020-09-07,15:30:02.861000,12579,12581,12581,1
2020-09-07,15:30:03.632000,12580,12581,12581,2
2020-09-07,15:30:03.633000,12580,12581,12581,2
2020-09-07,15:30:05.595000,12580,12582,12580,1
2020-09-07,15:30:07.509000,12580,12581,12581,2
2020-09-07,15:30:08.741000,12581,12582,12582,8
2020-09-07,15:30:08.742000,12581,12582,12582,6
2020-09-07,15:30:08.784000,12581,12583,12583,1
2020-09-07,15:30:08.785000,12581,12583,12583,1
2020-09-07,15:30:08.786000,12581,12583,12583,1
2020-09-07,15:30:09.030000,12582,12583,12583,1
2020-09-07,15:30:09.102000,12582,12584,12584,1
2020-09-07,15:30:09.114000,12582,12584,12584,4
2020-09-07,15:30:09.200000,12583,12584,12584,4
2020-09-07,15:30:09.201000,12583,12584,12584,13
2020-09-07,15:30:09.239000,12583,12584,12585,2
2020-09-07,15:30:09.329000,12583,12585,12585,1
2020-09-07,15:30:09.371000,12583,12585,12585,1
2020-09-07,15:30:09.407000,12583,12585,12585,1
2020-09-07,15:30:09.420000,12583,12585,12585,1
2020-09-07,15:30:09.462000,12583,12585,12585,10
2020-09-07,15:30:09.507000,12583,12585,12585,1
2020-09-07,15:30:09.510000,12583,12585,12585,2
2020-09-07,15:30:09.607000,12584,12585,12585,1
2020-09-07,15:30:10.011000,12584,12585,12585,7
2020-09-07,15:30:10.094000,12585,12586,12585,1
2020-09-07,15:30:10.296000,12585,12586,12585,2
2020-09-07,15:30:10.296000,12585,12586,12585,1
2020-09-07,15:30:10.298000,12585,12586,12584,1
2020-09-07,15:30:10.845000,12583,12584,12583,1
2020-09-07,15:30:12.508000,12583,12584,12583,1
2020-09-07,15:30:13.792000,12582,12584,12582,1
2020-09-07,15:30:14.761000,12583,12584,12583,1
2020-09-07,15:30:15.388000,12582,12583,12583,4
2020-09-07,15:30:17.847000,12582,12583,12583,1
2020-09-07,15:30:18.059000,12583,12584,12584,6
2020-09-07,15:30:23.728000,12584,12585,12585,2
2020-09-07,15:30:23.728000,12584,12585,12585,3
2020-09-07,15:30:24.247000,12585,12586,12586,2
2020-09-07,15:30:24.465000,12585,12586,12585,4
2020-09-07,15:30:24.480000,12585,12586,12586,1
2020-09-07,15:30:24.810000,12584,12586,12586,2
2020-09-07,15:30:25.371000,12585,12586,12586,2
2020-09-07,15:30:25.873000,12584,12585,12585,1
2020-09-07,15:30:26.013000,12585,12586,12586,1
2020-09-07,15:30:26.578000,12585,12587,12587,1
2020-09-07,15:30:26.775000,12585,12587,12587,1
2020-09-07,15:30:27.201000,12586,12587,12587,1
2020-09-07,15:30:27.284000,12586,12587,12587,1
2020-09-07,15:30:28.020000,12586,12588,12587,1
2020-09-07,15:30:29.676000,12586,12587,12587,1
2020-09-07,15:30:29.781000,12587,12588,12588,3
2020-09-07,15:30:29.781000,12587,12588,12588,5
2020-09-07,15:30:29.782000,12587,12588,12588,3
2020-09-07,15:30:29.782000,12587,12588,12588,12
2020-09-07,15:30:29.782000,12587,12588,12588,4
2020-09-07,15:30:29.782000,12587,12588,12588,3
2020-09-07,15:30:29.938000,12588,12589,12588,1
2020-09-07,15:30:30.097000,12588,12589,12589,4
2020-09-07,15:30:30.098000,12588,12589,12589,13
2020-09-07,15:30:30.129000,12588,12589,12590,1
2020-09-07,15:30:30.180000,12588,12590,12590,3
2020-09-07,15:30:30.205000,12588,12590,12590,2
2020-09-07,15:30:30.232000,12588,12590,12590,2
2020-09-07,15:30:30.233000,12588,12590,12588,1
2020-09-07,15:30:30.239000,12588,12590,12588,1
2020-09-07,15:30:30.330000,12588,12590,12590,1
2020-09-07,15:30:30.358000,12588,12590,12590,1
2020-09-07,15:30:30.376000,12588,12590,12590,1
2020-09-07,15:30:30.613000,12589,12590,12590,1
2020-09-07,15:30:30.622000,12589,12590,12590,1
2020-09-07,15:30:30.632000,12589,12590,12590,1
2020-09-07,15:30:30.640000,12589,12590,12590,1
2020-09-07,15:30:30.649000,12589,12590,12590,1
2020-09-07,15:30:30.656000,12590,12591,12591,1
2020-09-07,15:30:30.721000,12590,12591,12591,1
2020-09-07,15:30:30.790000,12590,12592,12592,1
2020-09-07,15:30:30.830000,12590,12592,12592,1
2020-09-07,15:30:30.869000,12590,12592,12592,1
2020-09-07,15:30:30.884000,12590,12592,12592,1
2020-09-07,15:30:30.903000,12590,12592,12592,2
2020-09-07,15:30:30.923000,12591,12592,12592,2
2020-09-07,15:30:30.940000,12591,12592,12592,2
2020-09-07,15:30:31.331000,12590,12592,12590,1
2020-09-07,15:30:31.625000,12590,12591,12591,1
2020-09-07,15:30:31.652000,12590,12591,12591,1
2020-09-07,15:30:31.761000,12590,12591,12590,1
2020-09-07,15:30:32.195000,12590,12591,12591,1
2020-09-07,15:30:32.375000,12590,12591,12590,1
2020-09-07,15:30:33.872000,12588,12589,12589,2
2020-09-07,15:30:33.892000,12588,12589,12589,1
2020-09-07,15:30:33.912000,12588,12590,12590,1
2020-09-07,15:30:36.009000,12588,12589,12589,2
2020-09-07,15:30:36.244000,12588,12589,12589,1
2020-09-07,15:30:36.823000,12588,12590,12590,1
2020-09-07,15:30:36.940000,12588,12590,12588,2
2020-09-07,15:30:37.082000,12588,12589,12589,1
2020-09-07,15:30:37.159000,12588,12589,12589,1
2020-09-07,15:30:38.638000,12588,12589,12589,1
2020-09-07,15:30:38.638000,12588,12589,12590,1
2020-09-07,15:30:39.680000,12588,12589,12588,5
2020-09-07,15:30:39.956000,12587,12588,12588,1
2020-09-07,15:30:41.564000,12588,12589,12588,5
2020-09-07,15:30:41.972000,12587,12589,12589,5
2020-09-07,15:30:44.491000,12587,12588,12587,5
2020-09-07,15:30:46.375000,12586,12587,12587,2
2020-09-07,15:30:46.792000,12586,12588,12588,1
2020-09-07,15:30:47.219000,12586,12588,12586,2
2020-09-07,15:30:47.219000,12586,12588,12586,3
2020-09-07,15:30:47.484000,12585,12586,12586,1
2020-09-07,15:30:48.263000,12585,12587,12587,5
2020-09-07,15:30:48.264000,12585,12587,12587,1
2020-09-07,15:30:48.264000,12585,12587,12587,2
2020-09-07,15:30:48.264000,12585,12587,12587,14
2020-09-07,15:30:48.264000,12585,12587,12587,1
2020-09-07,15:30:49.150000,12586,12588,12586,2
2020-09-07,15:30:50.469000,12586,12588,12588,1
2020-09-07,15:30:51.577000,12586,12588,12586,1
2020-09-07,15:30:54.457000,12587,12588,12587,1
2020-09-07,15:30:55.768000,12587,12588,12588,5
2020-09-07,15:30:55.768000,12587,12588,12588,1
2020-09-07,15:30:55.918000,12588,12589,12588,1
2020-09-07,15:30:57.707000,12587,12588,12588,1
2020-09-07,15:30:58.079000,12588,12589,12588,1
2020-09-07,15:30:58.764000,12587,12588,12588,1
2020-09-07,15:30:58.995000,12587,12588,12588,2
2020-09-07,15:30:59.921000,12588,12589,12589,3
2020-09-07,15:31:00.286000,12589,12590,12590,2
2020-09-07,15:31:00.635000,12590,12591,12591,2
2020-09-07,15:31:00.635000,12590,12591,12592,1
2020-09-07,15:31:01.097000,12590,12592,12592,13
2020-09-07,15:31:01.905000,12592,12593,12593,2
2020-09-07,15:31:01.928000,12592,12593,12593,1
2020-09-07,15:31:01.943000,12592,12593,12592,1
2020-09-07,15:31:01.975000,12592,12593,12592,1
2020-09-07,15:31:02.109000,12592,12593,12593,1
2020-09-07,15:31:02.208000,12592,12594,12594,1
2020-09-07,15:31:02.237000,12592,12594,12593,3
2020-09-07,15:31:04.761000,12591,12592,12591,2
2020-09-07,15:31:05.605000,12589,12591,12589,1
2020-09-07,15:31:06.027000,12589,12591,12590,1
2020-09-07,15:31:06.323000,12588,12590,12590,3
2020-09-07,15:31:08.335000,12588,12589,12589,1
2020-09-07,15:31:08.987000,12587,12589,12589,1
2020-09-07,15:31:11.320000,12589,12590,12589,2
2020-09-07,15:31:12.935000,12588,12589,12589,1
2020-09-07,15:31:13.538000,12588,12589,12589,1
2020-09-07,15:31:15.223000,12588,12589,12589,2
2020-09-07,15:31:16.447000,12588,12590,12588,1
2020-09-07,15:31:17.590000,12589,12591,12589,1
2020-09-07,15:31:19.493000,12589,12590,12590,1
2020-09-07,15:31:19.493000,12589,12590,12590,2
2020-09-07,15:31:21.237000,12589,12590,12590,1
2020-09-07,15:31:24.087000,12590,12591,12590,1
2020-09-07,15:31:30.284000,12590,12591,12591,2
2020-09-07,15:31:32.134000,12590,12591,12591,1
2020-09-07,15:31:32.159000,12590,12591,12591,1
2020-09-07,15:31:32.160000,12590,12591,12591,1
2020-09-07,15:31:32.160000,12590,12591,12591,1
2020-09-07,15:31:32.160000,12590,12591,12591,1
2020-09-07,15:31:32.160000,12590,12591,12592,1
2020-09-07,15:31:32.160000,12590,12591,12592,1
2020-09-07,15:31:32.160000,12590,12591,12592,1
2020-09-07,15:31:32.160000,12590,12591,12592,1
2020-09-07,15:31:32.161000,12590,12591,12592,1
2020-09-07,15:31:32.161000,12590,12591,12592,1
2020-09-07,15:31:35.278000,12590,12591,12591,1
2020-09-07,15:31:36.388000,12590,12591,12590,8
2020-09-07,15:31:38.009000,12589,12590,12590,1
2020-09-07,15:31:38.039000,12589,12590,12590,1
2020-09-07,15:31:38.338000,12589,12590,12590,1
2020-09-07,15:31:38.881000,12589,12591,12591,2
2020-09-07,15:31:39.870000,12589,12591,12591,5
2020-09-07,15:31:39.870000,12589,12591,12591,1
2020-09-07,15:31:39.870000,12589,12591,12591,1
2020-09-07,15:31:39.870000,12589,12591,12591,2
2020-09-07,15:31:44.561000,12588,12589,12589,1
2020-09-07,15:31:45.201000,12588,12589,12588,3
2020-09-07,15:31:45.232000,12588,12589,12589,2
2020-09-07,15:31:52.012000,12588,12589,12589,1
2020-09-07,15:31:52.107000,12588,12589,12588,2
2020-09-07,15:31:52.184000,12587,12589,12587,1
2020-09-07,15:31:52.204000,12587,12589,12587,1
2020-09-07,15:31:54.895000,12587,12588,12588,1
2020-09-07,15:31:56.919000,12587,12588,12588,1
2020-09-07,15:31:57.439000,12587,12588,12587,1
2020-09-07,15:32:02.390000,12588,12589,12589,5
2020-09-07,15:32:03.517000,12588,12589,12589,1
2020-09-07,15:32:07.855000,12587,12589,12588,1
2020-09-07,15:32:13.343000,12587,12589,12589,2
2020-09-07,15:32:16.992000,12587,12589,12588,1
2020-09-07,15:32:18.601000,12587,12588,12587,3
2020-09-07,15:32:20.195000,12586,12587,12586,1
2020-09-07,15:32:20.195000,12586,12587,12586,9
2020-09-07,15:32:20.577000,12585,12586,12586,1
2020-09-07,15:32:20.577000,12585,12586,12587,3
2020-09-07,15:32:21.081000,12585,12586,12585,1
2020-09-07,15:32:21.411000,12585,12586,12585,2
2020-09-07,15:32:21.943000,12585,12587,12585,1
2020-09-07,15:32:23.311000,12585,12587,12585,1
2020-09-07,15:32:25.349000,12585,12587,12585,2
2020-09-07,15:32:28.678000,12585,12587,12586,1
2020-09-07,15:32:29.049000,12585,12587,12585,1
2020-09-07,15:32:31.479000,12585,12587,12585,1
2020-09-07,15:32:33.018000,12585,12587,12585,1
2020-09-07,15:32:41.357000,12585,12586,12586,3
2020-09-07,15:32:41.359000,12585,12586,12586,1
2020-09-07,15:32:41.360000,12585,12586,12586,6
2020-09-07,15:32:49.009000,12586,12587,12587,1
2020-09-07,15:32:49.591000,12586,12587,12587,1
2020-09-07,15:32:51.433000,12587,12588,12588,1
2020-09-07,15:32:54.516000,12588,12589,12589,1
2020-09-07,15:32:54.835000,12587,12589,12589,4
