2020-08-04,15:00:00.050000,12664,12665,12662,205
2020-08-04,15:00:00.096000,12662,12663,12663,1
2020-08-04,15:00:00.102000,12662,12663,12662,2
2020-08-04,15:00:00.104000,12662,12663,12663,2
2020-08-04,15:00:00.113000,12662,12663,12663,7
2020-08-04,15:00:00.113000,12662,12663,12664,7
2020-08-04,15:00:00.226000,12662,12665,12664,1
2020-08-04,15:00:00.236000,12662,12665,12664,2
2020-08-04,15:00:00.239000,12662,12665,12664,1
2020-08-04,15:00:00.239000,12662,12665,12665,9
2020-08-04,15:00:00.264000,12662,12665,12662,2
2020-08-04,15:00:00.278000,12662,12665,12662,1
2020-08-04,15:00:00.286000,12662,12665,12665,1
2020-08-04,15:00:00.314000,12662,12665,12665,1
2020-08-04,15:00:00.316000,12662,12665,12665,1
2020-08-04,15:00:00.333000,12662,12665,12665,1
2020-08-04,15:00:00.334000,12662,12665,12666,1
2020-08-04,15:00:00.475000,12665,12666,12666,1
2020-08-04,15:00:00.510000,12665,12666,12666,3
2020-08-04,15:00:00.569000,12665,12666,12666,1
2020-08-04,15:00:00.579000,12665,12666,12666,1
2020-08-04,15:00:00.582000,12665,12666,12666,1
2020-08-04,15:00:00.609000,12665,12666,12666,1
2020-08-04,15:00:00.611000,12665,12666,12666,1
2020-08-04,15:00:00.611000,12665,12666,12666,2
2020-08-04,15:00:00.611000,12665,12666,12667,1
2020-08-04,15:00:00.652000,12665,12666,12666,4
2020-08-04,15:00:00.652000,12665,12666,12666,1
2020-08-04,15:00:00.666000,12665,12667,12665,4
2020-08-04,15:00:00.674000,12665,12667,12667,1
2020-08-04,15:00:00.709000,12665,12667,12667,4
2020-08-04,15:00:00.724000,12665,12667,12668,1
2020-08-04,15:00:00.744000,12665,12667,12668,4
2020-08-04,15:00:00.747000,12665,12667,12666,1
2020-08-04,15:00:00.772000,12665,12667,12668,3
2020-08-04,15:00:00.775000,12665,12667,12668,1
2020-08-04,15:00:00.779000,12665,12667,12666,1
2020-08-04,15:00:00.781000,12665,12667,12666,1
2020-08-04,15:00:00.781000,12665,12667,12668,2
2020-08-04,15:00:00.793000,12666,12668,12668,1
2020-08-04,15:00:00.835000,12666,12668,12668,1
2020-08-04,15:00:00.842000,12666,12668,12668,2
2020-08-04,15:00:00.853000,12666,12668,12668,2
2020-08-04,15:00:00.895000,12666,12668,12668,4
2020-08-04,15:00:00.907000,12666,12668,12667,1
2020-08-04,15:00:00.920000,12667,12669,12667,3
2020-08-04,15:00:00.941000,12667,12669,12669,1
2020-08-04,15:00:00.957000,12667,12669,12669,1
2020-08-04,15:00:00.958000,12667,12669,12669,1
2020-08-04,15:00:00.966000,12667,12669,12667,1
2020-08-04,15:00:00.972000,12667,12669,12668,4
2020-08-04,15:00:00.972000,12667,12669,12667,1
2020-08-04,15:00:00.985000,12667,12669,12669,1
2020-08-04,15:00:01.037000,12667,12668,12668,1
2020-08-04,15:00:01.045000,12667,12668,12667,5
2020-08-04,15:00:01.105000,12667,12668,12666,1
2020-08-04,15:00:01.131000,12667,12668,12668,1
2020-08-04,15:00:01.159000,12667,12668,12668,1
2020-08-04,15:00:01.227000,12666,12668,12667,1
2020-08-04,15:00:01.298000,12668,12669,12668,2
2020-08-04,15:00:01.298000,12668,12669,12668,1
2020-08-04,15:00:01.336000,12668,12669,12668,1
2020-08-04,15:00:01.411000,12667,12668,12667,1
2020-08-04,15:00:01.536000,12667,12668,12667,1
2020-08-04,15:00:01.536000,12667,12668,12668,3
2020-08-04,15:00:01.536000,12667,12668,12668,4
2020-08-04,15:00:01.657000,12667,12668,12665,1
2020-08-04,15:00:01.658000,12667,12668,12665,12
2020-08-04,15:00:01.658000,12667,12668,12665,6
2020-08-04,15:00:01.661000,12664,12665,12664,12
2020-08-04,15:00:01.712000,12664,12665,12664,1
2020-08-04,15:00:01.839000,12663,12664,12663,2
2020-08-04,15:00:01.866000,12663,12664,12664,2
2020-08-04,15:00:01.911000,12663,12664,12663,3
2020-08-04,15:00:01.913000,12663,12664,12663,1
2020-08-04,15:00:01.920000,12663,12664,12663,1
2020-08-04,15:00:01.930000,12663,12664,12662,1
2020-08-04,15:00:01.933000,12663,12664,12663,1
2020-08-04,15:00:01.933000,12663,12664,12663,1
2020-08-04,15:00:01.933000,12663,12664,12663,1
2020-08-04,15:00:01.967000,12663,12664,12663,2
2020-08-04,15:00:02.010000,12663,12664,12662,2
2020-08-04,15:00:02.013000,12663,12664,12663,3
2020-08-04,15:00:02.036000,12662,12663,12662,4
2020-08-04,15:00:02.102000,12662,12663,12662,3
2020-08-04,15:00:02.115000,12662,12663,12662,1
2020-08-04,15:00:02.234000,12662,12663,12663,1
2020-08-04,15:00:02.234000,12662,12663,12664,1
2020-08-04,15:00:02.354000,12662,12664,12662,1
2020-08-04,15:00:02.464000,12662,12664,12664,3
2020-08-04,15:00:02.464000,12662,12664,12665,1
2020-08-04,15:00:02.521000,12662,12664,12664,3
2020-08-04,15:00:02.547000,12662,12664,12664,3
2020-08-04,15:00:02.560000,12662,12664,12664,3
2020-08-04,15:00:02.568000,12662,12664,12662,1
2020-08-04,15:00:02.702000,12662,12664,12661,1
2020-08-04,15:00:02.704000,12662,12664,12663,1
2020-08-04,15:00:02.724000,12662,12664,12664,1
2020-08-04,15:00:02.786000,12662,12664,12664,4
2020-08-04,15:00:02.786000,12662,12664,12662,4
2020-08-04,15:00:02.859000,12662,12664,12663,1
2020-08-04,15:00:02.889000,12662,12664,12664,2
2020-08-04,15:00:03.312000,12662,12663,12663,1
2020-08-04,15:00:03.312000,12662,12663,12664,4
2020-08-04,15:00:03.315000,12662,12663,12664,4
2020-08-04,15:00:03.315000,12662,12663,12665,2
2020-08-04,15:00:03.415000,12663,12664,12664,1
2020-08-04,15:00:03.415000,12663,12664,12664,1
2020-08-04,15:00:03.415000,12663,12664,12665,1
2020-08-04,15:00:03.416000,12663,12664,12665,1
2020-08-04,15:00:03.416000,12663,12664,12665,1
2020-08-04,15:00:03.416000,12663,12664,12665,1
2020-08-04,15:00:03.417000,12663,12664,12665,1
2020-08-04,15:00:03.418000,12663,12664,12664,1
2020-08-04,15:00:03.420000,12663,12664,12664,1
2020-08-04,15:00:03.421000,12663,12664,12664,1
2020-08-04,15:00:03.712000,12663,12665,12663,1
2020-08-04,15:00:03.793000,12662,12664,12664,1
2020-08-04,15:00:03.851000,12662,12664,12664,1
2020-08-04,15:00:04.414000,12662,12664,12664,2
2020-08-04,15:00:04.453000,12662,12664,12664,1
2020-08-04,15:00:04.625000,12662,12664,12662,1
2020-08-04,15:00:04.661000,12662,12664,12662,4
2020-08-04,15:00:04.838000,12661,12663,12661,3
2020-08-04,15:00:04.960000,12661,12663,12663,2
2020-08-04,15:00:05.081000,12661,12663,12663,2
2020-08-04,15:00:05.161000,12661,12662,12661,8
2020-08-04,15:00:05.201000,12661,12662,12660,3
2020-08-04,15:00:05.326000,12660,12662,12660,3
2020-08-04,15:00:05.338000,12660,12662,12660,5
2020-08-04,15:00:05.455000,12660,12662,12660,2
2020-08-04,15:00:05.658000,12660,12661,12660,18
2020-08-04,15:00:06.411000,12660,12661,12660,1
2020-08-04,15:00:06.818000,12659,12661,12659,3
2020-08-04,15:00:07.153000,12658,12660,12660,1
2020-08-04,15:00:08.273000,12658,12659,12659,5
2020-08-04,15:00:08.281000,12658,12659,12660,6
2020-08-04,15:00:08.694000,12658,12659,12659,1
2020-08-04,15:00:08.990000,12658,12660,12658,1
2020-08-04,15:00:09.117000,12658,12660,12659,1
2020-08-04,15:00:09.550000,12658,12659,12659,1
2020-08-04,15:00:09.819000,12658,12660,12660,2
2020-08-04,15:00:10.350000,12659,12660,12659,1
2020-08-04,15:00:10.551000,12658,12660,12658,1
2020-08-04,15:00:10.861000,12658,12660,12660,5
2020-08-04,15:00:10.879000,12658,12660,12660,3
2020-08-04,15:00:11.109000,12660,12661,12660,2
2020-08-04,15:00:11.353000,12659,12661,12661,3
2020-08-04,15:00:11.366000,12659,12661,12660,4
2020-08-04,15:00:11.507000,12659,12660,12659,6
2020-08-04,15:00:11.957000,12658,12660,12660,2
2020-08-04,15:00:12.452000,12659,12660,12659,1
2020-08-04,15:00:12.692000,12659,12660,12659,6
2020-08-04,15:00:12.928000,12659,12660,12660,5
2020-08-04,15:00:12.988000,12659,12660,12660,2
2020-08-04,15:00:12.989000,12659,12660,12660,3
2020-08-04,15:00:13.129000,12659,12661,12660,1
2020-08-04,15:00:13.167000,12659,12660,12659,2
2020-08-04,15:00:13.191000,12659,12660,12660,1
2020-08-04,15:00:13.191000,12659,12660,12661,1
2020-08-04,15:00:13.364000,12660,12661,12661,1
2020-08-04,15:00:13.439000,12660,12661,12660,1
2020-08-04,15:00:13.440000,12660,12661,12661,3
2020-08-04,15:00:13.576000,12660,12662,12662,5
2020-08-04,15:00:13.645000,12660,12662,12662,2
2020-08-04,15:00:14.367000,12661,12662,12662,1
2020-08-04,15:00:14.561000,12661,12662,12661,1
2020-08-04,15:00:14.661000,12661,12662,12661,1
2020-08-04,15:00:14.786000,12660,12661,12660,1
2020-08-04,15:00:15.469000,12660,12661,12660,4
2020-08-04,15:00:15.469000,12660,12661,12659,1
2020-08-04,15:00:15.583000,12660,12661,12661,1
2020-08-04,15:00:15.653000,12660,12661,12661,1
2020-08-04,15:00:15.716000,12660,12661,12660,1
2020-08-04,15:00:15.741000,12660,12661,12661,5
2020-08-04,15:00:15.803000,12659,12661,12661,1
2020-08-04,15:00:15.887000,12659,12661,12661,1
2020-08-04,15:00:16.150000,12660,12661,12661,1
2020-08-04,15:00:16.376000,12660,12661,12660,1
2020-08-04,15:00:16.564000,12660,12661,12661,1
2020-08-04,15:00:16.620000,12660,12661,12661,2
2020-08-04,15:00:16.620000,12660,12661,12662,3
2020-08-04,15:00:16.964000,12660,12662,12660,1
2020-08-04,15:00:17.014000,12660,12662,12660,1
2020-08-04,15:00:17.072000,12660,12662,12660,1
2020-08-04,15:00:17.250000,12660,12661,12660,1
2020-08-04,15:00:17.519000,12660,12661,12661,3
2020-08-04,15:00:17.569000,12660,12661,12661,2
2020-08-04,15:00:17.574000,12660,12661,12661,2
2020-08-04,15:00:17.593000,12660,12661,12661,2
2020-08-04,15:00:18.004000,12660,12662,12660,2
2020-08-04,15:00:18.108000,12661,12662,12661,2
2020-08-04,15:00:18.186000,12660,12662,12662,1
2020-08-04,15:00:18.321000,12660,12662,12660,2
2020-08-04,15:00:18.723000,12660,12662,12660,1
2020-08-04,15:00:19.217000,12660,12661,12661,1
2020-08-04,15:00:19.416000,12660,12661,12661,1
2020-08-04,15:00:19.453000,12660,12661,12661,1
2020-08-04,15:00:19.555000,12661,12662,12662,2
2020-08-04,15:00:19.615000,12661,12662,12661,2
2020-08-04,15:00:19.742000,12661,12662,12661,1
2020-08-04,15:00:20.816000,12661,12662,12661,1
2020-08-04,15:00:20.878000,12661,12662,12661,2
2020-08-04,15:00:20.929000,12661,12662,12661,3
2020-08-04,15:00:21.091000,12661,12662,12662,1
2020-08-04,15:00:21.298000,12661,12662,12661,1
2020-08-04,15:00:21.753000,12661,12662,12661,5
2020-08-04,15:00:21.968000,12661,12662,12661,1
2020-08-04,15:00:22.837000,12661,12662,12661,1
2020-08-04,15:00:23.068000,12661,12662,12662,2
2020-08-04,15:00:23.382000,12661,12662,12661,1
2020-08-04,15:00:24.059000,12661,12662,12662,2
2020-08-04,15:00:24.427000,12661,12662,12662,3
2020-08-04,15:00:24.428000,12661,12662,12662,2
2020-08-04,15:00:24.572000,12661,12663,12661,1
2020-08-04,15:00:24.715000,12662,12663,12662,1
2020-08-04,15:00:25.770000,12662,12663,12663,1
2020-08-04,15:00:25.770000,12662,12663,12663,3
2020-08-04,15:00:25.958000,12663,12664,12664,2
2020-08-04,15:00:26.767000,12663,12664,12664,5
2020-08-04,15:00:26.767000,12663,12664,12664,10
2020-08-04,15:00:28.333000,12664,12665,12664,3
2020-08-04,15:00:28.725000,12663,12665,12663,1
2020-08-04,15:00:28.823000,12663,12665,12665,1
2020-08-04,15:00:29.057000,12663,12665,12663,8
2020-08-04,15:00:29.057000,12663,12665,12662,15
2020-08-04,15:00:29.109000,12663,12665,12664,1
2020-08-04,15:00:30.342000,12663,12664,12664,1
2020-08-04,15:00:30.390000,12663,12664,12664,1
2020-08-04,15:00:30.428000,12663,12664,12664,12
2020-08-04,15:00:31.126000,12664,12665,12664,3
2020-08-04,15:00:31.607000,12663,12664,12664,1
2020-08-04,15:00:32.813000,12663,12664,12664,1
2020-08-04,15:00:32.925000,12663,12664,12664,2
2020-08-04,15:00:34.571000,12663,12664,12663,3
2020-08-04,15:00:34.621000,12663,12664,12664,1
2020-08-04,15:00:35.066000,12662,12664,12662,1
2020-08-04,15:00:35.601000,12662,12664,12664,1
2020-08-04,15:00:35.741000,12663,12664,12662,3
2020-08-04,15:00:36.354000,12662,12664,12662,1
2020-08-04,15:00:36.449000,12662,12664,12663,2
2020-08-04,15:00:36.453000,12662,12664,12663,1
2020-08-04,15:00:37.249000,12662,12664,12664,1
2020-08-04,15:00:37.578000,12662,12664,12664,1
2020-08-04,15:00:39.136000,12663,12664,12663,1
2020-08-04,15:00:40.153000,12662,12664,12664,2
2020-08-04,15:00:41.451000,12663,12664,12664,4
2020-08-04,15:00:42.200000,12663,12664,12664,1
2020-08-04,15:00:42.503000,12663,12664,12664,1
2020-08-04,15:00:42.504000,12663,12664,12664,1
2020-08-04,15:00:43.122000,12664,12665,12665,2
2020-08-04,15:00:43.257000,12664,12665,12665,1
2020-08-04,15:00:43.311000,12664,12665,12665,1
2020-08-04,15:00:43.312000,12664,12665,12665,10
2020-08-04,15:00:43.312000,12664,12665,12665,3
2020-08-04,15:00:43.312000,12664,12665,12665,11
2020-08-04,15:00:43.388000,12664,12665,12665,1
2020-08-04,15:00:43.486000,12665,12666,12665,3
2020-08-04,15:00:43.544000,12664,12666,12664,1
2020-08-04,15:00:44.961000,12664,12665,12665,1
2020-08-04,15:00:46.121000,12664,12665,12665,3
2020-08-04,15:00:46.564000,12664,12665,12664,2
2020-08-04,15:00:46.670000,12664,12665,12665,4
2020-08-04,15:00:46.868000,12664,12666,12664,3
2020-08-04,15:00:47.152000,12664,12665,12665,1
2020-08-04,15:00:47.490000,12664,12665,12665,1
2020-08-04,15:00:47.503000,12664,12665,12665,2
2020-08-04,15:00:47.745000,12664,12665,12665,2
2020-08-04,15:00:47.745000,12664,12665,12666,3
2020-08-04,15:00:47.772000,12664,12665,12665,2
2020-08-04,15:00:48.663000,12664,12665,12665,1
2020-08-04,15:00:48.970000,12664,12665,12665,1
2020-08-04,15:00:49.036000,12664,12665,12665,4
2020-08-04,15:00:49.553000,12664,12666,12666,1
2020-08-04,15:00:49.945000,12664,12666,12666,1
2020-08-04,15:00:50.501000,12665,12666,12666,1
2020-08-04,15:00:50.949000,12665,12666,12666,1
2020-08-04,15:00:51.377000,12665,12666,12666,1
2020-08-04,15:00:52.052000,12665,12666,12666,9
2020-08-04,15:00:52.161000,12665,12666,12666,19
2020-08-04,15:00:52.613000,12665,12667,12667,1
2020-08-04,15:00:52.762000,12665,12667,12667,1
2020-08-04,15:00:52.907000,12665,12667,12665,1
2020-08-04,15:00:53.036000,12666,12667,12667,1
2020-08-04,15:00:53.212000,12666,12667,12666,1
2020-08-04,15:00:53.460000,12666,12667,12666,1
2020-08-04,15:00:54.325000,12665,12667,12665,1
2020-08-04,15:00:54.425000,12666,12667,12667,1
2020-08-04,15:00:54.582000,12666,12667,12667,2
2020-08-04,15:00:54.710000,12666,12667,12667,5
2020-08-04,15:00:54.710000,12666,12667,12668,20
2020-08-04,15:00:54.989000,12667,12668,12667,3
2020-08-04,15:00:55.171000,12667,12668,12668,1
2020-08-04,15:00:55.676000,12667,12668,12668,1
2020-08-04,15:00:55.875000,12667,12668,12667,1
2020-08-04,15:00:56.005000,12667,12668,12667,2
2020-08-04,15:00:56.102000,12666,12668,12668,1
2020-08-04,15:00:56.618000,12667,12668,12667,1
2020-08-04,15:00:56.618000,12667,12668,12666,3
2020-08-04,15:00:56.661000,12666,12668,12666,1
2020-08-04,15:00:56.755000,12666,12668,12667,1
2020-08-04,15:00:56.761000,12666,12668,12666,1
2020-08-04,15:00:56.806000,12666,12667,12667,1
2020-08-04,15:00:56.811000,12666,12667,12666,1
2020-08-04,15:00:56.901000,12666,12667,12667,1
2020-08-04,15:00:56.983000,12666,12668,12666,1
2020-08-04,15:00:57.309000,12666,12667,12667,1
2020-08-04,15:00:57.345000,12666,12667,12666,1
2020-08-04,15:00:57.654000,12665,12667,12667,1
2020-08-04,15:00:57.743000,12665,12667,12667,2
2020-08-04,15:00:57.982000,12665,12667,12667,1
2020-08-04,15:00:58.360000,12666,12667,12667,4
2020-08-04,15:00:58.360000,12666,12667,12668,16
2020-08-04,15:00:59.026000,12666,12668,12668,1
2020-08-04,15:00:59.103000,12666,12668,12666,1
2020-08-04,15:00:59.322000,12666,12667,12666,1
2020-08-04,15:00:59.600000,12665,12666,12666,1
2020-08-04,15:00:59.619000,12665,12666,12666,1
2020-08-04,15:00:59.882000,12665,12666,12666,1
2020-08-04,15:01:00.017000,12665,12666,12666,2
2020-08-04,15:01:00.024000,12665,12666,12666,4
2020-08-04,15:01:00.024000,12665,12666,12667,1
2020-08-04,15:01:00.055000,12666,12667,12667,2
2020-08-04,15:01:00.064000,12666,12667,12668,1
2020-08-04,15:01:00.068000,12666,12667,12668,1
2020-08-04,15:01:00.141000,12666,12667,12666,1
2020-08-04,15:01:00.154000,12666,12667,12668,1
2020-08-04,15:01:00.165000,12666,12668,12666,1
2020-08-04,15:01:00.165000,12666,12668,12666,1
2020-08-04,15:01:00.166000,12666,12668,12666,1
2020-08-04,15:01:00.166000,12666,12668,12665,1
2020-08-04,15:01:00.166000,12666,12668,12665,1
2020-08-04,15:01:00.167000,12666,12668,12665,1
2020-08-04,15:01:00.167000,12666,12668,12665,2
2020-08-04,15:01:00.169000,12666,12668,12665,1
2020-08-04,15:01:00.170000,12666,12668,12665,1
2020-08-04,15:01:00.172000,12666,12668,12665,1
2020-08-04,15:01:00.172000,12666,12668,12667,3
2020-08-04,15:01:00.305000,12666,12668,12666,5
2020-08-04,15:01:00.421000,12666,12668,12666,5
2020-08-04,15:01:00.445000,12666,12668,12666,2
2020-08-04,15:01:00.509000,12666,12668,12666,4
2020-08-04,15:01:00.509000,12666,12668,12665,2
2020-08-04,15:01:00.541000,12665,12667,12667,2
2020-08-04,15:01:00.556000,12665,12667,12667,1
2020-08-04,15:01:00.607000,12665,12667,12668,1
2020-08-04,15:01:01.439000,12665,12667,12665,1
2020-08-04,15:01:01.634000,12665,12666,12666,1
2020-08-04,15:01:01.681000,12665,12666,12665,5
2020-08-04,15:01:01.721000,12665,12666,12665,1
2020-08-04,15:01:02.057000,12665,12666,12666,1
2020-08-04,15:01:02.290000,12665,12666,12666,5
2020-08-04,15:01:02.472000,12665,12666,12665,1
2020-08-04,15:01:02.474000,12665,12666,12665,2
2020-08-04,15:01:02.575000,12664,12665,12665,1
2020-08-04,15:01:02.592000,12664,12665,12665,1
2020-08-04,15:01:02.682000,12664,12666,12666,8
2020-08-04,15:01:02.682000,12664,12666,12667,12
2020-08-04,15:01:02.687000,12664,12666,12667,1
2020-08-04,15:01:02.906000,12665,12667,12667,1
2020-08-04,15:01:03.268000,12665,12667,12667,1
2020-08-04,15:01:03.551000,12665,12667,12667,2
2020-08-04,15:01:03.587000,12665,12667,12668,2
2020-08-04,15:01:03.612000,12665,12667,12668,1
2020-08-04,15:01:03.979000,12666,12667,12667,1
2020-08-04,15:01:04.229000,12666,12667,12667,4
2020-08-04,15:01:04.229000,12666,12667,12668,6
2020-08-04,15:01:04.316000,12667,12668,12668,1
2020-08-04,15:01:04.546000,12667,12668,12667,1
2020-08-04,15:01:04.641000,12667,12668,12667,1
2020-08-04,15:01:05.634000,12667,12668,12667,1
2020-08-04,15:01:06.069000,12667,12668,12667,1
2020-08-04,15:01:06.523000,12667,12668,12667,1
2020-08-04,15:01:06.977000,12666,12668,12668,1
2020-08-04,15:01:07.353000,12666,12667,12667,1
2020-08-04,15:01:07.448000,12666,12667,12666,1
2020-08-04,15:01:07.514000,12666,12667,12667,1
2020-08-04,15:01:07.514000,12666,12667,12667,1
2020-08-04,15:01:07.693000,12667,12668,12668,1
2020-08-04,15:01:07.721000,12667,12668,12668,7
2020-08-04,15:01:07.721000,12667,12668,12669,3
2020-08-04,15:01:07.844000,12667,12669,12669,6
2020-08-04,15:01:08.038000,12668,12670,12670,1
2020-08-04,15:01:08.169000,12668,12670,12670,2
2020-08-04,15:01:08.278000,12668,12670,12668,1
2020-08-04,15:01:08.333000,12668,12670,12668,4
2020-08-04,15:01:08.333000,12668,12670,12667,1
2020-08-04,15:01:08.334000,12668,12670,12667,4
2020-08-04,15:01:08.570000,12667,12669,12669,2
2020-08-04,15:01:08.588000,12667,12669,12667,1
2020-08-04,15:01:08.629000,12667,12669,12669,1
2020-08-04,15:01:08.861000,12667,12669,12669,4
2020-08-04,15:01:08.950000,12667,12669,12669,1
2020-08-04,15:01:09.035000,12667,12669,12669,1
2020-08-04,15:01:09.628000,12667,12669,12669,1
2020-08-04,15:01:10.093000,12667,12669,12669,1
2020-08-04,15:01:10.100000,12667,12669,12669,1
2020-08-04,15:01:10.478000,12667,12669,12669,8
2020-08-04,15:01:10.478000,12667,12669,12670,2
2020-08-04,15:01:10.787000,12668,12669,12669,1
2020-08-04,15:01:10.868000,12668,12669,12668,1
2020-08-04,15:01:11.227000,12667,12669,12669,1
2020-08-04,15:01:11.510000,12667,12669,12669,4
2020-08-04,15:01:11.803000,12667,12669,12669,1
2020-08-04,15:01:12.271000,12667,12670,12670,1
2020-08-04,15:01:12.882000,12668,12670,12670,1
2020-08-04,15:01:13.105000,12668,12670,12669,1
2020-08-04,15:01:13.432000,12669,12670,12670,1
2020-08-04,15:01:13.598000,12669,12670,12670,1
2020-08-04,15:01:14.055000,12669,12670,12670,3
2020-08-04,15:01:14.479000,12669,12670,12670,1
2020-08-04,15:01:14.598000,12669,12670,12670,1
2020-08-04,15:01:15.067000,12669,12670,12669,1
2020-08-04,15:01:15.159000,12669,12670,12670,1
2020-08-04,15:01:15.642000,12669,12670,12670,2
2020-08-04,15:01:15.777000,12669,12670,12669,1
2020-08-04,15:01:15.977000,12669,12670,12670,1
2020-08-04,15:01:16.009000,12669,12670,12670,1
2020-08-04,15:01:16.020000,12669,12670,12670,1
2020-08-04,15:01:16.417000,12669,12670,12669,1
2020-08-04,15:01:16.694000,12669,12670,12670,1
2020-08-04,15:01:17.181000,12669,12670,12670,1
2020-08-04,15:01:18.524000,12670,12671,12670,1
2020-08-04,15:01:18.736000,12670,12671,12670,1
2020-08-04,15:01:19.071000,12670,12671,12670,1
2020-08-04,15:01:19.807000,12670,12671,12671,3
2020-08-04,15:01:19.953000,12670,12671,12671,4
2020-08-04,15:01:20.480000,12670,12671,12671,1
2020-08-04,15:01:21.148000,12670,12671,12670,2
2020-08-04,15:01:21.295000,12670,12671,12671,1
2020-08-04,15:01:21.396000,12670,12671,12671,1
2020-08-04,15:01:21.678000,12670,12672,12672,1
2020-08-04,15:01:21.724000,12670,12672,12672,1
2020-08-04,15:01:21.780000,12670,12672,12672,10
2020-08-04,15:01:21.780000,12670,12672,12673,15
2020-08-04,15:01:21.856000,12672,12673,12672,1
2020-08-04,15:01:22.072000,12672,12673,12672,1
2020-08-04,15:01:22.099000,12672,12673,12671,5
2020-08-04,15:01:22.125000,12672,12673,12671,3
2020-08-04,15:01:22.126000,12672,12673,12671,3
2020-08-04,15:01:22.145000,12672,12673,12670,2
2020-08-04,15:01:22.180000,12670,12672,12670,2
2020-08-04,15:01:22.192000,12670,12672,12670,3
2020-08-04,15:01:22.195000,12670,12672,12670,2
2020-08-04,15:01:22.199000,12670,12672,12670,2
2020-08-04,15:01:22.214000,12670,12672,12670,2
2020-08-04,15:01:22.253000,12670,12672,12669,4
2020-08-04,15:01:22.407000,12669,12671,12671,1
2020-08-04,15:01:22.472000,12670,12672,12672,1
2020-08-04,15:01:23.064000,12671,12672,12671,1
2020-08-04,15:01:23.095000,12671,12672,12671,1
2020-08-04,15:01:23.164000,12670,12671,12670,4
2020-08-04,15:01:23.164000,12670,12671,12669,1
2020-08-04,15:01:23.245000,12670,12671,12669,3
2020-08-04,15:01:23.314000,12669,12671,12669,3
2020-08-04,15:01:23.810000,12669,12671,12669,1
2020-08-04,15:01:24.083000,12669,12671,12671,2
2020-08-04,15:01:24.099000,12669,12671,12671,3
2020-08-04,15:01:24.181000,12669,12671,12669,3
2020-08-04,15:01:24.252000,12669,12671,12668,2
2020-08-04,15:01:24.670000,12668,12670,12670,1
2020-08-04,15:01:24.744000,12668,12670,12670,3
2020-08-04,15:01:24.932000,12669,12670,12670,1
2020-08-04,15:01:26.516000,12669,12671,12671,2
2020-08-04,15:01:26.882000,12669,12671,12671,1
2020-08-04,15:01:26.912000,12669,12671,12671,2
2020-08-04,15:01:27.052000,12669,12671,12671,1
2020-08-04,15:01:28.905000,12670,12671,12670,3
2020-08-04,15:01:29.221000,12670,12671,12670,3
2020-08-04,15:01:29.615000,12670,12671,12671,1
2020-08-04,15:01:30.349000,12670,12671,12670,2
2020-08-04,15:01:30.687000,12670,12671,12671,1
2020-08-04,15:01:31.069000,12670,12671,12670,1
2020-08-04,15:01:31.564000,12669,12671,12671,8
2020-08-04,15:01:31.564000,12669,12671,12672,2
2020-08-04,15:01:31.578000,12669,12671,12669,1
2020-08-04,15:01:31.764000,12669,12671,12671,1
2020-08-04,15:01:32.295000,12670,12671,12671,1
2020-08-04,15:01:32.329000,12670,12671,12671,4
2020-08-04,15:01:32.329000,12670,12671,12672,6
2020-08-04,15:01:32.603000,12670,12671,12670,1
2020-08-04,15:01:32.759000,12670,12671,12671,3
2020-08-04,15:01:33.289000,12670,12671,12670,1
2020-08-04,15:01:35.092000,12669,12670,12669,1
2020-08-04,15:01:35.416000,12669,12670,12670,1
2020-08-04,15:01:36.207000,12669,12671,12669,3
2020-08-04,15:01:36.449000,12669,12671,12670,1
2020-08-04,15:01:37.742000,12669,12670,12670,1
2020-08-04,15:01:37.754000,12669,12670,12670,1
2020-08-04,15:01:38.015000,12669,12670,12669,1
2020-08-04,15:01:38.073000,12669,12670,12670,1
2020-08-04,15:01:38.173000,12669,12670,12670,7
2020-08-04,15:01:38.312000,12669,12670,12669,1
2020-08-04,15:01:38.723000,12669,12670,12669,3
2020-08-04,15:01:38.970000,12669,12670,12669,3
2020-08-04,15:01:40.484000,12669,12670,12669,1
2020-08-04,15:01:40.573000,12668,12669,12668,14
2020-08-04,15:01:41.488000,12667,12668,12668,1
2020-08-04,15:01:41.628000,12668,12669,12669,1
2020-08-04,15:01:41.773000,12668,12669,12668,1
2020-08-04,15:01:41.827000,12668,12669,12668,1
2020-08-04,15:01:42.048000,12667,12669,12669,1
2020-08-04,15:01:42.260000,12667,12669,12669,1
2020-08-04,15:01:43.673000,12668,12669,12669,8
2020-08-04,15:01:43.673000,12668,12669,12669,1
2020-08-04,15:01:43.673000,12668,12669,12669,1
2020-08-04,15:01:45.623000,12669,12670,12670,1
2020-08-04,15:01:45.673000,12669,12670,12669,1
2020-08-04,15:01:45.878000,12668,12669,12669,1
2020-08-04,15:01:47.382000,12668,12669,12668,3
2020-08-04,15:01:47.624000,12668,12669,12668,1
2020-08-04,15:01:47.672000,12667,12668,12668,2
2020-08-04,15:01:48.253000,12668,12669,12669,1
2020-08-04,15:01:48.564000,12668,12669,12669,1
2020-08-04,15:01:51.596000,12669,12670,12670,1
2020-08-04,15:01:51.609000,12669,12670,12670,2
2020-08-04,15:01:51.794000,12669,12670,12670,1
2020-08-04,15:01:52.235000,12669,12670,12669,1
2020-08-04,15:01:52.737000,12669,12670,12670,1
2020-08-04,15:01:52.767000,12669,12670,12670,1
2020-08-04,15:01:53.904000,12669,12670,12669,1
2020-08-04,15:01:55.213000,12669,12670,12669,3
2020-08-04,15:01:55.407000,12669,12670,12669,3
2020-08-04,15:01:55.965000,12669,12670,12669,2
2020-08-04,15:01:55.969000,12669,12670,12669,1
2020-08-04,15:01:55.969000,12669,12670,12668,18
2020-08-04,15:01:55.969000,12669,12670,12667,4
2020-08-04,15:01:57.372000,12667,12668,12667,2
2020-08-04,15:01:58.291000,12667,12668,12668,1
2020-08-04,15:01:58.454000,12667,12668,12667,3
2020-08-04,15:01:58.675000,12666,12668,12668,1
2020-08-04,15:01:58.795000,12666,12668,12667,3
2020-08-04,15:01:59.278000,12666,12667,12667,4
2020-08-04,15:02:01.661000,12667,12668,12667,2
2020-08-04,15:02:02.030000,12666,12668,12668,1
2020-08-04,15:02:02.164000,12666,12668,12668,1
2020-08-04,15:02:02.203000,12666,12668,12668,5
2020-08-04,15:02:02.247000,12666,12668,12668,1
2020-08-04,15:02:02.896000,12666,12668,12666,1
2020-08-04,15:02:03.378000,12667,12668,12668,2
2020-08-04,15:02:03.598000,12667,12668,12668,1
2020-08-04,15:02:04.983000,12667,12668,12667,1
2020-08-04,15:02:06.893000,12667,12668,12668,1
2020-08-04,15:02:07.065000,12667,12668,12667,1
2020-08-04,15:02:07.529000,12667,12668,12668,1
2020-08-04,15:02:10.738000,12667,12668,12667,3
2020-08-04,15:02:10.860000,12667,12668,12667,1
2020-08-04,15:02:11.109000,12667,12668,12668,1
2020-08-04,15:02:11.167000,12667,12668,12667,1
2020-08-04,15:02:12.657000,12667,12668,12667,2
2020-08-04,15:02:13.297000,12666,12668,12666,1
2020-08-04,15:02:13.367000,12666,12668,12667,1
2020-08-04,15:02:13.374000,12666,12668,12667,1
2020-08-04,15:02:13.610000,12666,12668,12667,1
2020-08-04,15:02:13.622000,12666,12668,12667,1
2020-08-04,15:02:14.001000,12666,12667,12666,3
2020-08-04,15:02:14.140000,12666,12667,12667,1
2020-08-04,15:02:14.226000,12666,12667,12666,3
2020-08-04,15:02:14.498000,12666,12667,12667,1
2020-08-04,15:02:16.201000,12666,12667,12666,2
2020-08-04,15:02:16.832000,12665,12666,12666,1
2020-08-04,15:02:18.380000,12665,12666,12666,1
2020-08-04,15:02:19.497000,12665,12666,12666,1
2020-08-04,15:02:20.157000,12665,12666,12666,1
2020-08-04,15:02:20.157000,12665,12666,12666,3
2020-08-04,15:02:20.880000,12666,12667,12666,1
2020-08-04,15:02:22.184000,12666,12667,12666,1
2020-08-04,15:02:24.848000,12666,12667,12666,2
2020-08-04,15:02:25.066000,12666,12667,12666,1
2020-08-04,15:02:25.555000,12666,12667,12667,3
2020-08-04,15:02:25.645000,12666,12667,12667,1
2020-08-04,15:02:27.316000,12667,12668,12667,2
2020-08-04,15:02:27.359000,12667,12668,12667,1
2020-08-04,15:02:27.395000,12667,12668,12667,2
2020-08-04,15:02:28.190000,12667,12668,12668,4
2020-08-04,15:02:28.357000,12667,12668,12668,4
2020-08-04,15:02:28.466000,12667,12668,12667,5
2020-08-04,15:02:28.488000,12667,12668,12668,1
2020-08-04,15:02:29.169000,12667,12668,12668,1
2020-08-04,15:02:31.752000,12667,12668,12668,1
2020-08-04,15:02:31.814000,12668,12669,12669,5
2020-08-04,15:02:31.900000,12668,12669,12669,1
2020-08-04,15:02:31.921000,12669,12670,12669,1
2020-08-04,15:02:34.173000,12669,12670,12670,1
2020-08-04,15:02:36.345000,12669,12670,12670,1
2020-08-04,15:02:36.759000,12669,12670,12670,1
2020-08-04,15:02:37.865000,12669,12670,12670,1
2020-08-04,15:02:38.390000,12669,12670,12670,4
2020-08-04,15:02:38.391000,12669,12670,12670,3
2020-08-04,15:02:38.392000,12669,12670,12670,1
2020-08-04,15:02:38.982000,12669,12671,12671,1
2020-08-04,15:02:39.934000,12670,12671,12671,1
2020-08-04,15:02:39.961000,12670,12671,12671,2
2020-08-04,15:02:42.534000,12671,12672,12671,1
2020-08-04,15:02:43.694000,12671,12672,12672,1
2020-08-04,15:02:45.121000,12671,12672,12671,4
2020-08-04,15:02:45.135000,12671,12672,12671,1
2020-08-04,15:02:45.698000,12670,12671,12671,1
2020-08-04,15:02:45.698000,12670,12671,12672,1
2020-08-04,15:02:46.017000,12671,12672,12672,1
2020-08-04,15:02:49.230000,12670,12671,12671,1
2020-08-04,15:02:49.324000,12670,12671,12670,1
2020-08-04,15:02:50.421000,12670,12671,12670,1
2020-08-04,15:02:50.722000,12670,12671,12670,1
2020-08-04,15:02:51.559000,12670,12671,12670,2
2020-08-04,15:02:51.559000,12670,12671,12670,2
2020-08-04,15:02:51.559000,12670,12671,12670,7
2020-08-04,15:02:54.440000,12670,12671,12671,1
2020-08-04,15:02:55.434000,12670,12671,12671,3
2020-08-04,15:02:55.763000,12670,12671,12671,2
2020-08-04,15:02:57.419000,12670,12671,12670,5
2020-08-04,15:02:59.028000,12670,12671,12670,2
2020-08-04,15:02:59.279000,12669,12671,12670,1
2020-08-04,15:03:00.039000,12670,12671,12671,2
2020-08-04,15:03:00.239000,12670,12671,12671,2
2020-08-04,15:03:00.332000,12670,12671,12671,6
2020-08-04,15:03:00.332000,12670,12671,12672,4
2020-08-04,15:03:00.599000,12670,12672,12670,4
2020-08-04,15:03:00.650000,12670,12672,12671,1
2020-08-04,15:03:00.659000,12670,12672,12671,1
2020-08-04,15:03:00.930000,12670,12671,12670,3
2020-08-04,15:03:00.967000,12670,12671,12669,3
2020-08-04,15:03:01.728000,12670,12671,12670,3
2020-08-04,15:03:01.791000,12670,12671,12671,1
2020-08-04,15:03:02.421000,12670,12671,12671,1
2020-08-04,15:03:02.448000,12670,12671,12670,3
2020-08-04,15:03:02.613000,12670,12671,12671,1
2020-08-04,15:03:02.705000,12670,12671,12670,1
2020-08-04,15:03:02.796000,12669,12671,12671,6
2020-08-04,15:03:03.161000,12671,12672,12672,2
2020-08-04,15:03:03.297000,12671,12672,12672,1
2020-08-04,15:03:03.703000,12671,12672,12672,1
2020-08-04,15:03:04.250000,12671,12672,12672,1
2020-08-04,15:03:04.458000,12671,12672,12671,1
2020-08-04,15:03:04.459000,12671,12672,12672,1
2020-08-04,15:03:04.639000,12671,12672,12671,1
2020-08-04,15:03:04.752000,12671,12672,12671,1
2020-08-04,15:03:05.004000,12671,12672,12671,5
2020-08-04,15:03:05.578000,12670,12671,12671,1
2020-08-04,15:03:05.637000,12670,12671,12671,1
2020-08-04,15:03:05.668000,12670,12672,12672,2
2020-08-04,15:03:07.475000,12670,12671,12671,1
2020-08-04,15:03:10.459000,12670,12671,12671,2
2020-08-04,15:03:12.255000,12671,12672,12672,5
2020-08-04,15:03:12.590000,12671,12672,12671,1
2020-08-04,15:03:13.622000,12671,12672,12672,1
2020-08-04,15:03:13.622000,12671,12672,12672,3
2020-08-04,15:03:13.644000,12671,12672,12672,1
2020-08-04,15:03:17.435000,12672,12673,12672,1
2020-08-04,15:03:18.658000,12672,12673,12672,2
2020-08-04,15:03:19.078000,12672,12673,12672,2
2020-08-04,15:03:21.039000,12671,12673,12671,1
2020-08-04,15:03:25.909000,12672,12673,12672,1
2020-08-04,15:03:25.946000,12672,12673,12672,1
2020-08-04,15:03:27.512000,12672,12673,12672,2
2020-08-04,15:03:27.558000,12671,12673,12673,25
2020-08-04,15:03:27.558000,12671,12673,12674,21
2020-08-04,15:03:27.681000,12672,12674,12672,2
2020-08-04,15:03:27.798000,12672,12673,12673,1
2020-08-04,15:03:27.818000,12672,12673,12673,1
2020-08-04,15:03:27.990000,12672,12674,12672,1
2020-08-04,15:03:27.990000,12672,12674,12673,1
2020-08-04,15:03:28.117000,12672,12673,12673,1
2020-08-04,15:03:28.371000,12672,12673,12673,1
2020-08-04,15:03:28.780000,12671,12673,12673,6
2020-08-04,15:03:28.780000,12671,12673,12674,4
2020-08-04,15:03:30.558000,12672,12674,12674,1
2020-08-04,15:03:30.692000,12672,12674,12674,1
2020-08-04,15:03:30.782000,12672,12674,12674,4
2020-08-04,15:03:31.807000,12672,12674,12672,1
2020-08-04,15:03:33.326000,12672,12674,12674,5
2020-08-04,15:03:34.590000,12673,12674,12674,1
2020-08-04,15:03:34.592000,12673,12674,12674,1
2020-08-04,15:03:34.856000,12674,12675,12674,1
2020-08-04,15:03:37.749000,12673,12674,12674,1
2020-08-04,15:03:40.374000,12674,12675,12674,3
2020-08-04,15:03:40.438000,12674,12675,12674,1
2020-08-04,15:03:40.451000,12674,12675,12675,2
2020-08-04,15:03:40.896000,12674,12675,12674,1
2020-08-04,15:03:41.293000,12674,12675,12674,4
2020-08-04,15:03:42.380000,12674,12675,12675,1
2020-08-04,15:03:44.343000,12674,12675,12675,1
2020-08-04,15:03:44.897000,12674,12675,12674,5
2020-08-04,15:03:45.092000,12674,12675,12675,1
2020-08-04,15:03:45.397000,12674,12675,12675,1
2020-08-04,15:03:45.593000,12674,12675,12675,1
2020-08-04,15:03:45.712000,12674,12675,12675,4
2020-08-04,15:03:45.712000,12674,12675,12675,8
2020-08-04,15:03:45.712000,12674,12675,12675,1
2020-08-04,15:03:45.713000,12674,12675,12675,5
2020-08-04,15:03:45.787000,12675,12676,12676,1
2020-08-04,15:03:45.971000,12675,12676,12676,1
2020-08-04,15:03:46.180000,12675,12676,12675,2
2020-08-04,15:03:46.223000,12675,12676,12674,1
2020-08-04,15:03:47.757000,12675,12676,12676,5
2020-08-04,15:03:49.020000,12675,12676,12676,1
2020-08-04,15:03:50.276000,12675,12676,12676,1
2020-08-04,15:03:50.831000,12675,12676,12676,1
2020-08-04,15:03:51.989000,12676,12677,12676,4
2020-08-04,15:03:52.877000,12675,12676,12676,1
2020-08-04,15:03:52.877000,12675,12676,12677,3
2020-08-04,15:03:53.242000,12675,12677,12676,1
2020-08-04,15:03:54.286000,12676,12677,12677,4
2020-08-04,15:03:55.182000,12676,12677,12677,1
2020-08-04,15:03:55.722000,12676,12677,12676,1
2020-08-04,15:03:56.285000,12675,12677,12675,1
2020-08-04,15:03:56.389000,12675,12677,12677,2
2020-08-04,15:03:57.124000,12676,12677,12677,1
2020-08-04,15:03:58.965000,12676,12677,12677,1
2020-08-04,15:03:58.966000,12676,12677,12677,3
2020-08-04,15:03:58.980000,12676,12677,12677,1
2020-08-04,15:03:59.496000,12676,12677,12676,1
2020-08-04,15:03:59.516000,12676,12677,12677,5
2020-08-04,15:03:59.724000,12676,12677,12677,4
2020-08-04,15:04:00.094000,12677,12678,12678,1
2020-08-04,15:04:00.137000,12677,12678,12678,4
2020-08-04,15:04:00.208000,12677,12678,12678,1
2020-08-04,15:04:00.337000,12677,12678,12677,1
2020-08-04,15:04:00.809000,12677,12678,12678,8
2020-08-04,15:04:00.809000,12677,12678,12678,4
2020-08-04,15:04:00.809000,12677,12678,12678,7
2020-08-04,15:04:00.809000,12677,12678,12678,3
2020-08-04,15:04:00.896000,12677,12678,12677,1
2020-08-04,15:04:01.239000,12677,12678,12678,1
2020-08-04,15:04:01.285000,12677,12678,12677,1
2020-08-04,15:04:01.389000,12677,12678,12677,2
2020-08-04,15:04:01.472000,12677,12678,12677,1
2020-08-04,15:04:01.563000,12677,12678,12678,3
2020-08-04,15:04:01.563000,12677,12678,12678,3
2020-08-04,15:04:01.771000,12678,12679,12679,1
2020-08-04,15:04:01.845000,12678,12679,12678,1
2020-08-04,15:04:02.555000,12678,12679,12678,10
2020-08-04,15:04:02.907000,12678,12679,12678,1
2020-08-04,15:04:03.044000,12678,12679,12679,15
2020-08-04,15:04:03.332000,12678,12680,12680,30
2020-08-04,15:04:03.600000,12680,12681,12680,10
2020-08-04,15:04:03.713000,12680,12681,12680,1
2020-08-04,15:04:03.719000,12680,12681,12680,2
2020-08-04,15:04:03.760000,12680,12681,12681,1
2020-08-04,15:04:03.844000,12680,12681,12681,4
2020-08-04,15:04:04.206000,12679,12681,12681,2
2020-08-04,15:04:04.258000,12679,12681,12681,2
2020-08-04,15:04:04.309000,12679,12681,12681,4
2020-08-04,15:04:04.379000,12679,12681,12679,1
2020-08-04,15:04:04.404000,12679,12681,12679,3
2020-08-04,15:04:04.690000,12680,12681,12681,3
2020-08-04,15:04:04.814000,12680,12681,12680,1
2020-08-04,15:04:05.178000,12679,12681,12681,1
2020-08-04,15:04:05.232000,12679,12681,12681,5
2020-08-04,15:04:05.295000,12679,12681,12681,3
2020-08-04,15:04:05.346000,12679,12681,12681,3
2020-08-04,15:04:06.043000,12680,12681,12681,3
2020-08-04,15:04:06.259000,12680,12681,12681,3
2020-08-04,15:04:06.316000,12680,12681,12681,2
2020-08-04,15:04:07.057000,12680,12681,12681,2
2020-08-04,15:04:07.526000,12680,12681,12680,1
2020-08-04,15:04:07.528000,12680,12681,12680,1
2020-08-04,15:04:07.810000,12679,12681,12681,1
2020-08-04,15:04:07.863000,12679,12681,12681,1
2020-08-04,15:04:07.897000,12679,12681,12679,1
2020-08-04,15:04:08.714000,12678,12680,12680,1
2020-08-04,15:04:09.003000,12678,12680,12681,1
2020-08-04,15:04:09.594000,12680,12681,12680,1
2020-08-04,15:04:10.087000,12680,12681,12681,1
2020-08-04,15:04:11.198000,12680,12681,12680,2
2020-08-04,15:04:12.366000,12680,12681,12681,2
2020-08-04,15:04:13.078000,12680,12681,12681,1
2020-08-04,15:04:13.799000,12680,12682,12680,14
2020-08-04,15:04:13.800000,12680,12682,12680,4
2020-08-04,15:04:13.905000,12680,12682,12680,1
2020-08-04,15:04:13.916000,12679,12680,12679,1
2020-08-04,15:04:13.950000,12679,12680,12680,22
2020-08-04,15:04:14.021000,12679,12680,12681,1
2020-08-04,15:04:14.077000,12680,12681,12681,1
2020-08-04,15:04:14.299000,12680,12682,12682,1
2020-08-04,15:04:14.345000,12680,12682,12682,2
2020-08-04,15:04:14.791000,12681,12682,12681,4
2020-08-04,15:04:14.791000,12681,12682,12680,2
2020-08-04,15:04:14.828000,12681,12682,12682,1
2020-08-04,15:04:15.215000,12680,12682,12682,1
2020-08-04,15:04:16.247000,12680,12681,12681,1
2020-08-04,15:04:16.364000,12680,12682,12682,1
2020-08-04,15:04:16.746000,12681,12682,12682,1
2020-08-04,15:04:17.983000,12680,12681,12681,1
2020-08-04,15:04:18.833000,12680,12681,12681,1
2020-08-04,15:04:18.833000,12680,12681,12682,2
2020-08-04,15:04:19.037000,12680,12682,12682,1
2020-08-04,15:04:19.255000,12681,12682,12682,2
2020-08-04,15:04:19.410000,12681,12682,12682,2
2020-08-04,15:04:20.277000,12681,12682,12681,2
2020-08-04,15:04:22.981000,12680,12681,12681,1
2020-08-04,15:04:23.847000,12680,12681,12680,2
2020-08-04,15:04:25.607000,12680,12681,12681,1
2020-08-04,15:04:26.013000,12680,12681,12680,1
2020-08-04,15:04:26.203000,12680,12681,12681,1
2020-08-04,15:04:27.035000,12680,12681,12681,5
2020-08-04,15:04:27.388000,12680,12681,12681,3
2020-08-04,15:04:27.925000,12680,12681,12681,4
2020-08-04,15:04:28.071000,12681,12682,12682,1
2020-08-04,15:04:28.222000,12681,12682,12682,4
2020-08-04,15:04:28.476000,12681,12682,12681,2
2020-08-04,15:04:29.254000,12681,12682,12681,1
2020-08-04,15:04:29.389000,12681,12682,12681,3
2020-08-04,15:04:29.923000,12681,12682,12682,1
2020-08-04,15:04:31.331000,12681,12682,12681,1
2020-08-04,15:04:32.126000,12681,12682,12681,1
2020-08-04,15:04:32.758000,12681,12682,12682,1
2020-08-04,15:04:34.051000,12681,12682,12681,1
2020-08-04,15:04:35.258000,12681,12682,12682,1
2020-08-04,15:04:35.795000,12681,12682,12682,4
2020-08-04,15:04:35.796000,12681,12682,12682,4
2020-08-04,15:04:36.993000,12682,12683,12682,1
2020-08-04,15:04:37.321000,12682,12683,12682,3
2020-08-04,15:04:37.868000,12682,12683,12682,1
2020-08-04,15:04:37.939000,12682,12683,12682,1
2020-08-04,15:04:38.551000,12682,12683,12682,1
2020-08-04,15:04:39.736000,12682,12683,12682,2
2020-08-04,15:04:40.103000,12682,12683,12682,1
2020-08-04,15:04:41.019000,12682,12683,12683,1
2020-08-04,15:04:41.263000,12682,12683,12682,4
2020-08-04,15:04:41.320000,12682,12683,12683,1
2020-08-04,15:04:42.831000,12682,12683,12682,2
2020-08-04,15:04:42.966000,12682,12683,12683,1
2020-08-04,15:04:44.110000,12682,12683,12683,7
2020-08-04,15:04:45.104000,12682,12683,12683,1
2020-08-04,15:04:45.442000,12682,12683,12682,1
2020-08-04,15:04:45.557000,12682,12683,12683,1
2020-08-04,15:04:45.557000,12682,12683,12683,1
2020-08-04,15:04:45.762000,12682,12683,12682,1
2020-08-04,15:04:45.842000,12682,12683,12683,2
2020-08-04,15:04:46.322000,12682,12683,12683,1
2020-08-04,15:04:46.504000,12682,12683,12683,1
2020-08-04,15:04:46.903000,12682,12683,12682,4
2020-08-04,15:04:47.021000,12682,12683,12683,1
2020-08-04,15:04:47.057000,12682,12683,12683,1
2020-08-04,15:04:47.268000,12682,12683,12683,1
2020-08-04,15:04:47.477000,12683,12684,12684,1
2020-08-04,15:04:47.507000,12683,12684,12683,2
2020-08-04,15:04:47.898000,12683,12684,12683,1
2020-08-04,15:04:48.010000,12683,12684,12683,1
2020-08-04,15:04:48.535000,12682,12684,12684,1
2020-08-04,15:04:48.877000,12682,12684,12682,2
2020-08-04,15:04:48.896000,12682,12684,12682,1
2020-08-04,15:04:49.116000,12682,12684,12682,1
2020-08-04,15:04:49.800000,12683,12684,12683,1
2020-08-04,15:04:50.868000,12683,12684,12684,1
2020-08-04,15:04:51.320000,12683,12684,12683,1
2020-08-04,15:04:51.334000,12683,12684,12683,1
2020-08-04,15:04:54.070000,12682,12683,12682,1
2020-08-04,15:04:54.135000,12682,12683,12682,9
2020-08-04,15:04:54.548000,12681,12682,12682,1
2020-08-04,15:04:55.042000,12681,12682,12682,1
2020-08-04,15:04:55.825000,12681,12682,12681,1
2020-08-04,15:04:55.888000,12681,12682,12682,1
2020-08-04,15:04:56.196000,12681,12682,12682,2
2020-08-04,15:04:56.435000,12681,12682,12682,10
2020-08-04,15:04:56.437000,12681,12682,12682,9
2020-08-04,15:04:56.907000,12681,12682,12682,1
2020-08-04,15:04:57.485000,12681,12682,12682,3
2020-08-04,15:04:58.201000,12681,12682,12681,12
2020-08-04,15:04:58.201000,12681,12682,12680,34
2020-08-04,15:04:58.202000,12681,12682,12680,4
2020-08-04,15:04:58.554000,12680,12681,12681,1
2020-08-04,15:04:59.550000,12680,12681,12680,8
2020-08-04,15:05:00.257000,12679,12680,12680,2
2020-08-04,15:05:00.491000,12679,12680,12680,1
2020-08-04,15:05:00.494000,12679,12680,12680,1
2020-08-04,15:05:00.619000,12679,12680,12679,5
2020-08-04,15:05:00.722000,12679,12680,12679,1
2020-08-04,15:05:00.722000,12679,12680,12678,5
2020-08-04,15:05:00.762000,12679,12680,12680,1
2020-08-04,15:05:00.774000,12679,12680,12680,1
2020-08-04,15:05:00.780000,12679,12680,12681,1
2020-08-04,15:05:02.236000,12678,12679,12679,1
2020-08-04,15:05:03.415000,12678,12679,12679,2
2020-08-04,15:05:03.808000,12678,12679,12678,1
2020-08-04,15:05:04.864000,12678,12679,12678,1
2020-08-04,15:05:05.294000,12678,12679,12678,1
2020-08-04,15:05:06.892000,12678,12679,12678,1
2020-08-04,15:05:07.629000,12678,12679,12678,3
2020-08-04,15:05:07.661000,12678,12679,12678,3
2020-08-04,15:05:07.940000,12677,12678,12678,1
2020-08-04,15:05:08.053000,12677,12678,12678,1
2020-08-04,15:05:08.205000,12678,12679,12678,3
2020-08-04,15:05:08.535000,12678,12679,12678,1
2020-08-04,15:05:08.975000,12678,12679,12678,1
2020-08-04,15:05:08.983000,12678,12679,12678,1
2020-08-04,15:05:09.245000,12678,12679,12678,1
2020-08-04,15:05:10.680000,12679,12680,12679,1
2020-08-04,15:05:10.869000,12679,12680,12680,1
2020-08-04,15:05:10.995000,12679,12680,12679,4
2020-08-04,15:05:10.995000,12679,12680,12678,9
2020-08-04,15:05:12.149000,12678,12679,12678,1
2020-08-04,15:05:12.258000,12678,12679,12678,2
2020-08-04,15:05:13.051000,12678,12679,12679,1
2020-08-04,15:05:13.471000,12678,12679,12678,1
2020-08-04,15:05:13.567000,12678,12679,12679,1
2020-08-04,15:05:13.798000,12678,12679,12678,1
2020-08-04,15:05:15.329000,12677,12678,12677,4
2020-08-04,15:05:15.642000,12676,12677,12677,1
2020-08-04,15:05:17.442000,12676,12677,12677,1
2020-08-04,15:05:17.759000,12676,12677,12677,1
2020-08-04,15:05:18.073000,12676,12677,12677,1
2020-08-04,15:05:18.378000,12676,12677,12677,1
2020-08-04,15:05:18.689000,12676,12677,12677,1
2020-08-04,15:05:18.736000,12676,12677,12676,1
2020-08-04,15:05:18.806000,12676,12677,12676,1
2020-08-04,15:05:18.991000,12676,12677,12677,1
2020-08-04,15:05:19.301000,12676,12677,12677,1
2020-08-04,15:05:19.614000,12676,12677,12677,1
2020-08-04,15:05:19.924000,12676,12677,12677,1
2020-08-04,15:05:20.234000,12676,12677,12677,1
2020-08-04,15:05:20.543000,12676,12677,12677,1
2020-08-04,15:05:20.858000,12676,12677,12677,1
2020-08-04,15:05:21.712000,12676,12677,12676,5
2020-08-04,15:05:22.598000,12675,12677,12677,2
2020-08-04,15:05:22.728000,12676,12677,12676,7
2020-08-04,15:05:22.728000,12676,12677,12675,2
2020-08-04,15:05:23.160000,12676,12677,12676,1
2020-08-04,15:05:23.160000,12676,12677,12675,1
2020-08-04,15:05:24.004000,12675,12677,12677,1
2020-08-04,15:05:28.598000,12676,12677,12676,1
2020-08-04,15:05:28.937000,12676,12677,12676,1
2020-08-04,15:05:31.811000,12676,12677,12676,4
2020-08-04,15:05:35.355000,12675,12676,12676,2
2020-08-04,15:05:35.625000,12675,12676,12676,2
2020-08-04,15:05:35.654000,12675,12676,12675,1
2020-08-04,15:05:36.385000,12675,12676,12675,1
2020-08-04,15:05:37.548000,12675,12676,12675,21
2020-08-04,15:05:37.548000,12675,12676,12675,2
2020-08-04,15:05:38.109000,12674,12675,12675,1
2020-08-04,15:05:41.036000,12674,12675,12675,1
2020-08-04,15:05:41.991000,12674,12675,12674,5
2020-08-04,15:05:42.053000,12674,12675,12674,1
2020-08-04,15:05:42.160000,12674,12675,12674,3
2020-08-04,15:05:42.288000,12674,12675,12674,1
2020-08-04,15:05:42.300000,12674,12675,12674,2
2020-08-04,15:05:42.756000,12674,12675,12674,1
2020-08-04,15:05:43.046000,12674,12675,12674,1
2020-08-04,15:05:44.698000,12674,12675,12674,1
2020-08-04,15:05:45.881000,12674,12675,12675,2
2020-08-04,15:05:45.882000,12674,12675,12675,3
2020-08-04,15:05:47.407000,12674,12676,12674,1
2020-08-04,15:05:47.417000,12674,12676,12674,1
2020-08-04,15:05:47.961000,12675,12676,12675,1
2020-08-04,15:05:52.341000,12675,12676,12675,1
2020-08-04,15:05:52.435000,12675,12676,12675,2
2020-08-04,15:05:52.875000,12674,12675,12675,2
2020-08-04,15:05:53.471000,12674,12675,12675,1
2020-08-04,15:05:53.749000,12674,12676,12675,1
2020-08-04,15:05:54.300000,12674,12675,12675,1
2020-08-04,15:05:55.122000,12674,12675,12675,1
2020-08-04,15:05:56.180000,12674,12675,12674,1
2020-08-04,15:05:56.610000,12674,12675,12674,11
2020-08-04,15:05:57.238000,12674,12675,12675,1
2020-08-04,15:05:57.262000,12674,12675,12675,1
2020-08-04,15:05:58.200000,12674,12675,12674,1
2020-08-04,15:05:58.919000,12674,12675,12674,1
2020-08-04,15:05:59.539000,12674,12675,12675,1
2020-08-04,15:06:00.099000,12674,12676,12676,2
2020-08-04,15:06:00.114000,12674,12676,12676,1
2020-08-04,15:06:00.115000,12674,12676,12676,3
2020-08-04,15:06:00.124000,12674,12676,12676,2
2020-08-04,15:06:00.153000,12674,12676,12676,2
2020-08-04,15:06:00.170000,12675,12676,12676,6
2020-08-04,15:06:00.182000,12675,12676,12677,5
2020-08-04,15:06:00.195000,12675,12676,12677,2
2020-08-04,15:06:00.225000,12675,12676,12677,1
2020-08-04,15:06:00.244000,12675,12676,12677,7
2020-08-04,15:06:00.312000,12676,12677,12677,1
2020-08-04,15:06:00.576000,12676,12678,12676,10
2020-08-04,15:06:00.576000,12676,12678,12675,9
2020-08-04,15:06:00.655000,12676,12678,12676,1
2020-08-04,15:06:00.684000,12675,12677,12677,1
2020-08-04,15:06:03.703000,12675,12676,12675,5
2020-08-04,15:06:03.704000,12675,12676,12675,2
2020-08-04,15:06:07.054000,12674,12675,12675,1
2020-08-04,15:06:07.386000,12674,12675,12675,2
2020-08-04,15:06:09.309000,12674,12675,12675,1
2020-08-04,15:06:09.508000,12674,12675,12675,1
2020-08-04,15:06:10.307000,12675,12676,12675,1
2020-08-04,15:06:11.912000,12674,12675,12675,1
2020-08-04,15:06:14.179000,12674,12675,12674,2
2020-08-04,15:06:15.559000,12674,12675,12674,2
2020-08-04,15:06:15.559000,12674,12675,12674,16
2020-08-04,15:06:15.559000,12674,12675,12674,11
2020-08-04,15:06:15.559000,12674,12675,12674,6
2020-08-04,15:06:15.559000,12674,12675,12674,2
2020-08-04,15:06:15.559000,12674,12675,12674,3
2020-08-04,15:06:15.559000,12674,12675,12674,17
2020-08-04,15:06:15.563000,12674,12675,12673,10
2020-08-04,15:06:15.615000,12674,12675,12672,2
2020-08-04,15:06:15.660000,12674,12675,12672,1
2020-08-04,15:06:15.660000,12672,12674,12672,1
2020-08-04,15:06:16.212000,12673,12674,12673,3
2020-08-04,15:06:17.669000,12672,12673,12673,3
2020-08-04,15:06:18.242000,12673,12674,12674,1
2020-08-04,15:06:18.242000,12673,12674,12675,2
2020-08-04,15:06:20.253000,12673,12675,12675,5
2020-08-04,15:06:20.459000,12673,12675,12673,1
2020-08-04,15:06:23.851000,12672,12673,12673,3
2020-08-04,15:06:23.851000,12672,12673,12674,1
2020-08-04,15:06:24.447000,12673,12674,12673,1
2020-08-04,15:06:25.115000,12673,12674,12673,1
2020-08-04,15:06:26.735000,12673,12674,12673,1
2020-08-04,15:06:27.544000,12673,12674,12673,1
2020-08-04,15:06:28.272000,12672,12673,12673,1
2020-08-04,15:06:28.272000,12672,12673,12674,4
2020-08-04,15:06:30.179000,12673,12674,12673,1
2020-08-04,15:06:31.927000,12673,12674,12673,1
2020-08-04,15:06:32.377000,12672,12674,12673,1
2020-08-04,15:06:33.207000,12673,12674,12674,1
2020-08-04,15:06:35.251000,12673,12674,12674,3
2020-08-04,15:06:35.439000,12673,12674,12673,1
2020-08-04,15:06:35.567000,12673,12674,12674,2
2020-08-04,15:06:35.760000,12673,12674,12674,3
2020-08-04,15:06:35.776000,12673,12674,12674,6
2020-08-04,15:06:37.397000,12674,12675,12675,1
2020-08-04,15:06:38.160000,12674,12675,12674,1
2020-08-04,15:06:38.193000,12674,12675,12675,1
2020-08-04,15:06:39.565000,12674,12675,12674,1
2020-08-04,15:06:39.981000,12674,12675,12675,2
2020-08-04,15:06:40.394000,12674,12675,12674,1
2020-08-04,15:06:41.059000,12674,12675,12674,1
2020-08-04,15:06:44.764000,12673,12675,12674,1
2020-08-04,15:06:44.912000,12673,12675,12673,1
2020-08-04,15:06:45.963000,12673,12675,12675,1
2020-08-04,15:06:47.713000,12673,12675,12675,1
2020-08-04,15:06:47.868000,12673,12675,12673,1
2020-08-04,15:06:50.314000,12673,12674,12674,2
2020-08-04,15:06:52.265000,12673,12674,12674,2
2020-08-04,15:06:54.932000,12673,12674,12673,1
2020-08-04,15:06:55.138000,12673,12674,12674,3
2020-08-04,15:06:57.445000,12673,12674,12673,1
2020-08-04,15:06:58.015000,12673,12674,12674,1
2020-08-04,15:06:58.026000,12673,12674,12674,3
2020-08-04,15:06:59.309000,12673,12674,12674,1
2020-08-04,15:07:00.729000,12673,12674,12674,2
2020-08-04,15:07:00.729000,12673,12674,12675,1
2020-08-04,15:07:01.351000,12673,12674,12674,1
2020-08-04,15:07:03.572000,12673,12674,12674,1
2020-08-04,15:07:03.574000,12673,12674,12674,1
2020-08-04,15:07:03.881000,12673,12674,12673,1
2020-08-04,15:07:04.165000,12673,12674,12674,3
2020-08-04,15:07:05.864000,12673,12674,12674,3
2020-08-04,15:07:05.864000,12673,12674,12674,2
2020-08-04,15:07:05.911000,12674,12675,12674,2
2020-08-04,15:07:06.367000,12674,12675,12674,1
2020-08-04,15:07:07.046000,12674,12675,12675,2
2020-08-04,15:07:08.341000,12674,12675,12674,7
2020-08-04,15:07:08.617000,12673,12675,12675,3
2020-08-04,15:07:10.432000,12673,12674,12674,3
2020-08-04,15:07:10.433000,12673,12674,12674,2
2020-08-04,15:07:12.184000,12673,12674,12674,2
2020-08-04,15:07:17.045000,12673,12674,12673,1
2020-08-04,15:07:19.020000,12673,12674,12673,4
2020-08-04,15:07:20.565000,12672,12673,12673,1
2020-08-04,15:07:22.897000,12672,12673,12673,1
2020-08-04,15:07:24.834000,12672,12673,12673,2
2020-08-04,15:07:25.723000,12673,12674,12674,5
2020-08-04,15:07:25.775000,12673,12674,12673,1
2020-08-04,15:07:25.929000,12673,12674,12673,3
2020-08-04,15:07:31.290000,12672,12673,12673,1
2020-08-04,15:07:31.698000,12672,12673,12672,1
2020-08-04,15:07:31.853000,12672,12673,12673,1
2020-08-04,15:07:32.835000,12672,12673,12672,1
2020-08-04,15:07:33.906000,12672,12673,12672,1
2020-08-04,15:07:34.571000,12672,12673,12673,1
2020-08-04,15:07:36.282000,12672,12673,12672,5
2020-08-04,15:07:37.293000,12672,12673,12672,1
2020-08-04,15:07:39.797000,12672,12673,12672,5
2020-08-04,15:07:44.551000,12672,12673,12672,1
2020-08-04,15:07:45.027000,12672,12673,12672,1
2020-08-04,15:07:45.602000,12672,12673,12672,1
2020-08-04,15:07:45.969000,12672,12673,12673,2
2020-08-04,15:07:45.969000,12672,12673,12673,1
2020-08-04,15:07:45.969000,12672,12673,12673,24
2020-08-04,15:07:45.981000,12672,12673,12674,5
2020-08-04,15:07:46.064000,12673,12675,12673,1
2020-08-04,15:07:48.192000,12673,12674,12673,1
2020-08-04,15:07:52.389000,12671,12672,12672,1
2020-08-04,15:07:52.389000,12671,12672,12672,1
2020-08-04,15:07:52.409000,12671,12672,12672,1
2020-08-04,15:07:54.084000,12672,12673,12672,1
2020-08-04,15:07:54.728000,12671,12672,12671,1
2020-08-04,15:07:54.813000,12671,12672,12671,2
2020-08-04,15:07:55.336000,12671,12672,12671,1
2020-08-04,15:07:55.449000,12671,12672,12671,2
2020-08-04,15:07:55.530000,12671,12672,12672,3
2020-08-04,15:07:55.617000,12671,12672,12671,4
2020-08-04,15:07:56.042000,12671,12672,12671,4
2020-08-04,15:07:56.042000,12671,12672,12671,9
2020-08-04,15:07:57.130000,12670,12671,12670,1
2020-08-04,15:07:57.207000,12670,12671,12670,4
2020-08-04,15:07:57.209000,12670,12671,12670,2
2020-08-04,15:07:57.269000,12670,12671,12670,10
2020-08-04,15:07:57.269000,12670,12671,12670,2
2020-08-04,15:07:57.269000,12670,12671,12670,8
2020-08-04,15:07:57.270000,12670,12671,12670,4
2020-08-04,15:07:57.270000,12670,12671,12670,4
2020-08-04,15:07:57.666000,12669,12671,12669,2
2020-08-04,15:07:58.049000,12669,12671,12669,10
2020-08-04,15:07:58.127000,12669,12671,12668,8
2020-08-04,15:07:59.346000,12668,12669,12668,2
2020-08-04,15:07:59.355000,12668,12669,12668,1
2020-08-04,15:07:59.372000,12668,12669,12668,2
2020-08-04,15:07:59.392000,12668,12669,12668,2
2020-08-04,15:07:59.398000,12668,12669,12668,1
2020-08-04,15:07:59.403000,12668,12669,12668,2
2020-08-04,15:07:59.429000,12668,12669,12668,1
2020-08-04,15:07:59.444000,12668,12669,12668,1
2020-08-04,15:07:59.456000,12668,12669,12667,1
2020-08-04,15:07:59.459000,12668,12669,12667,2
2020-08-04,15:07:59.484000,12668,12669,12667,1
2020-08-04,15:07:59.531000,12668,12669,12667,3
2020-08-04,15:07:59.600000,12667,12668,12668,1
2020-08-04,15:07:59.621000,12667,12668,12668,1
2020-08-04,15:07:59.661000,12667,12668,12668,1
2020-08-04,15:08:00.647000,12668,12669,12668,1
2020-08-04,15:08:00.843000,12668,12669,12668,1
2020-08-04,15:08:00.953000,12668,12669,12668,1
2020-08-04,15:08:01.360000,12668,12669,12668,1
2020-08-04,15:08:01.372000,12668,12669,12668,1
2020-08-04,15:08:02.640000,12667,12668,12668,1
2020-08-04,15:08:03.196000,12667,12668,12668,2
2020-08-04,15:08:03.233000,12667,12668,12669,1
2020-08-04,15:08:04.327000,12670,12671,12670,1
2020-08-04,15:08:04.361000,12670,12671,12670,1
2020-08-04,15:08:04.393000,12670,12671,12670,1
2020-08-04,15:08:04.393000,12670,12671,12670,1
2020-08-04,15:08:04.411000,12670,12671,12670,1
2020-08-04,15:08:04.902000,12670,12671,12670,1
2020-08-04,15:08:05.238000,12670,12671,12670,1
2020-08-04,15:08:05.585000,12670,12671,12670,5
2020-08-04,15:08:05.826000,12670,12671,12671,3
2020-08-04,15:08:06.557000,12670,12672,12671,1
2020-08-04,15:08:06.564000,12670,12672,12671,1
2020-08-04,15:08:06.656000,12670,12672,12670,1
2020-08-04,15:08:06.701000,12669,12671,12669,1
2020-08-04,15:08:09.242000,12669,12670,12670,2
2020-08-04,15:08:09.318000,12670,12671,12670,1
2020-08-04,15:08:09.764000,12670,12671,12670,1
2020-08-04,15:08:09.789000,12670,12671,12670,1
2020-08-04,15:08:11.592000,12669,12670,12669,1
2020-08-04,15:08:12.157000,12669,12670,12670,1
2020-08-04,15:08:13.012000,12669,12670,12669,1
2020-08-04,15:08:14.355000,12669,12670,12669,1
2020-08-04,15:08:15.995000,12669,12670,12669,1
2020-08-04,15:08:17.731000,12669,12670,12669,1
2020-08-04,15:08:18.821000,12669,12670,12670,1
2020-08-04,15:08:19.344000,12669,12670,12669,1
2020-08-04,15:08:21.581000,12669,12670,12670,1
2020-08-04,15:08:24.202000,12669,12670,12669,1
2020-08-04,15:08:25.282000,12669,12670,12669,1
2020-08-04,15:08:26.048000,12668,12669,12669,1
2020-08-04,15:08:26.740000,12668,12669,12669,1
2020-08-04,15:08:26.741000,12668,12669,12669,1
2020-08-04,15:08:29.254000,12668,12670,12670,1
2020-08-04,15:08:29.406000,12669,12670,12669,1
2020-08-04,15:08:30.513000,12669,12670,12669,1
2020-08-04,15:08:30.775000,12669,12670,12669,1
2020-08-04,15:08:32.723000,12669,12670,12669,3
2020-08-04,15:08:33.926000,12669,12670,12669,1
2020-08-04,15:08:34.066000,12669,12670,12669,1
2020-08-04,15:08:34.666000,12669,12670,12669,1
2020-08-04,15:08:35.006000,12669,12670,12670,2
2020-08-04,15:08:37.411000,12669,12670,12669,1
2020-08-04,15:08:39.307000,12669,12670,12669,1
2020-08-04,15:08:39.371000,12669,12670,12670,8
2020-08-04,15:08:40.643000,12670,12671,12671,1
2020-08-04,15:08:43.289000,12671,12672,12671,1
2020-08-04,15:08:44.022000,12671,12672,12671,1
2020-08-04,15:08:46.451000,12671,12672,12671,2
2020-08-04,15:08:48.426000,12670,12671,12671,1
2020-08-04,15:08:49.161000,12670,12672,12672,1
2020-08-04,15:08:50.737000,12670,12672,12672,3
2020-08-04,15:08:55.734000,12670,12672,12672,3
2020-08-04,15:08:58.545000,12671,12672,12672,2
2020-08-04,15:08:58.996000,12671,12673,12671,1
2020-08-04,15:09:01.215000,12672,12673,12673,4
2020-08-04,15:09:02.862000,12673,12674,12674,2
2020-08-04,15:09:02.862000,12673,12674,12675,1
2020-08-04,15:09:02.893000,12673,12674,12675,3
2020-08-04,15:09:03.894000,12674,12675,12674,1
2020-08-04,15:09:03.895000,12674,12675,12674,2
2020-08-04,15:09:04.109000,12673,12675,12675,1
2020-08-04,15:09:05.866000,12673,12674,12673,3
2020-08-04,15:09:06.852000,12672,12673,12673,1
2020-08-04,15:09:10.811000,12673,12674,12673,1
2020-08-04,15:09:16.021000,12672,12673,12672,2
2020-08-04,15:09:20.882000,12672,12673,12673,1
2020-08-04,15:09:23.588000,12672,12673,12673,1
2020-08-04,15:09:24.505000,12672,12673,12673,1
2020-08-04,15:09:26.279000,12672,12673,12673,4
2020-08-04,15:09:26.279000,12672,12673,12674,1
2020-08-04,15:09:26.617000,12673,12674,12673,1
2020-08-04,15:09:28.819000,12673,12674,12673,1
2020-08-04,15:09:29.732000,12673,12674,12673,1
2020-08-04,15:09:31.341000,12673,12674,12674,1
2020-08-04,15:09:33.075000,12673,12674,12673,1
2020-08-04,15:09:37.542000,12673,12674,12673,3
2020-08-04,15:09:40.604000,12673,12674,12674,2
2020-08-04,15:09:42.289000,12673,12675,12674,1
2020-08-04,15:09:43.180000,12674,12675,12674,1
2020-08-04,15:09:44.766000,12674,12675,12673,1
2020-08-04,15:09:49.365000,12673,12675,12675,1
2020-08-04,15:09:50.931000,12673,12675,12673,1
2020-08-04,15:09:54.486000,12673,12674,12674,1
2020-08-04,15:10:00.232000,12673,12674,12674,1
2020-08-04,15:10:00.816000,12673,12674,12674,1
2020-08-04,15:10:02.204000,12673,12674,12673,1
2020-08-04,15:10:02.536000,12673,12674,12674,3
2020-08-04,15:10:02.574000,12673,12674,12674,3
2020-08-04,15:10:02.923000,12673,12674,12674,1
2020-08-04,15:10:03.289000,12673,12675,12675,1
2020-08-04,15:10:06.339000,12674,12675,12675,1
2020-08-04,15:10:08.048000,12674,12675,12675,1
2020-08-04,15:10:11.007000,12674,12675,12675,1
2020-08-04,15:10:11.587000,12674,12675,12674,1
2020-08-04,15:10:12.751000,12674,12675,12674,3
2020-08-04,15:10:13.822000,12674,12675,12675,1
2020-08-04,15:10:19.912000,12674,12675,12675,1
2020-08-04,15:10:19.942000,12674,12675,12675,8
2020-08-04,15:10:19.943000,12674,12675,12675,10
2020-08-04,15:10:20.333000,12674,12676,12675,1
2020-08-04,15:10:21.184000,12675,12676,12675,1
2020-08-04,15:10:21.186000,12675,12676,12676,2
2020-08-04,15:10:25.133000,12675,12676,12675,1
2020-08-04,15:10:28.486000,12674,12675,12675,1
2020-08-04,15:10:30.713000,12674,12675,12675,1
2020-08-04,15:10:31.812000,12674,12675,12675,1
2020-08-04,15:10:32.842000,12674,12676,12676,2
2020-08-04,15:10:35.406000,12674,12675,12675,1
2020-08-04,15:10:35.609000,12674,12675,12675,1
2020-08-04,15:10:36.451000,12674,12675,12675,17
2020-08-04,15:10:38.151000,12675,12676,12676,12
2020-08-04,15:10:40.961000,12675,12676,12676,4
2020-08-04,15:10:42.163000,12675,12676,12676,1
2020-08-04,15:10:42.233000,12675,12676,12676,1
2020-08-04,15:10:44.225000,12675,12676,12676,1
2020-08-04,15:10:45.573000,12675,12676,12676,1
2020-08-04,15:10:46.747000,12675,12676,12676,2
2020-08-04,15:10:47.452000,12675,12676,12676,3
2020-08-04,15:10:50.404000,12675,12676,12676,1
2020-08-04,15:10:51.109000,12675,12676,12676,2
2020-08-04,15:10:56.356000,12676,12677,12677,1
2020-08-04,15:10:56.436000,12676,12677,12677,14
2020-08-04,15:10:56.436000,12676,12677,12678,9
2020-08-04,15:10:57.466000,12676,12677,12677,1
2020-08-04,15:10:57.865000,12677,12678,12678,1
2020-08-04,15:10:57.913000,12677,12678,12678,1
2020-08-04,15:10:58.739000,12677,12678,12677,1
2020-08-04,15:11:00.109000,12677,12678,12677,1
2020-08-04,15:11:00.635000,12676,12678,12678,1
2020-08-04,15:11:00.872000,12676,12678,12678,1
2020-08-04,15:11:02.643000,12676,12678,12676,5
2020-08-04,15:11:03.374000,12676,12678,12678,1
2020-08-04,15:11:07.718000,12677,12678,12677,1
2020-08-04,15:11:07.902000,12676,12677,12677,1
2020-08-04,15:11:08.813000,12676,12677,12677,1
2020-08-04,15:11:09.435000,12676,12677,12677,1
2020-08-04,15:11:11.909000,12676,12677,12676,8
2020-08-04,15:11:12.842000,12675,12676,12676,1
2020-08-04,15:11:12.896000,12675,12676,12676,1
2020-08-04,15:11:14.118000,12675,12676,12675,2
2020-08-04,15:11:15.755000,12675,12676,12676,1
2020-08-04,15:11:17.981000,12675,12676,12675,6
2020-08-04,15:11:18.146000,12674,12675,12675,3
2020-08-04,15:11:18.904000,12674,12675,12675,1
2020-08-04,15:11:19.206000,12674,12676,12676,1
2020-08-04,15:11:21.094000,12675,12676,12675,1
2020-08-04,15:11:21.094000,12675,12676,12674,4
2020-08-04,15:11:22.480000,12675,12676,12675,1
2020-08-04,15:11:22.480000,12675,12676,12675,1
2020-08-04,15:11:24.165000,12674,12675,12675,1
2020-08-04,15:11:26.618000,12675,12676,12675,1
2020-08-04,15:11:27.398000,12674,12675,12675,1
2020-08-04,15:11:32.536000,12675,12676,12676,1
2020-08-04,15:11:34.147000,12675,12676,12675,1
2020-08-04,15:11:34.147000,12675,12676,12675,1
2020-08-04,15:11:34.147000,12675,12676,12675,2
2020-08-04,15:11:36.849000,12674,12675,12675,1
2020-08-04,15:11:37.835000,12674,12675,12674,3
2020-08-04,15:11:38.306000,12674,12675,12674,1
2020-08-04,15:11:39.180000,12673,12674,12674,1
2020-08-04,15:11:39.382000,12673,12674,12674,2
2020-08-04,15:11:39.382000,12673,12674,12675,2
2020-08-04,15:11:39.518000,12674,12675,12674,1
2020-08-04,15:11:51.267000,12674,12675,12674,1
2020-08-04,15:11:57.798000,12674,12675,12675,1
2020-08-04,15:12:00.394000,12674,12675,12674,3
2020-08-04,15:12:00.394000,12674,12675,12674,1
2020-08-04,15:12:00.453000,12673,12675,12674,1
2020-08-04,15:12:00.527000,12673,12675,12674,1
2020-08-04,15:12:00.624000,12674,12675,12675,1
2020-08-04,15:12:00.695000,12674,12675,12675,2
2020-08-04,15:12:00.741000,12674,12675,12675,2
2020-08-04,15:12:00.876000,12674,12675,12674,15
2020-08-04,15:12:01.348000,12674,12675,12675,1
2020-08-04,15:12:01.862000,12674,12675,12674,2
2020-08-04,15:12:02.271000,12674,12675,12674,2
2020-08-04,15:12:02.655000,12674,12675,12674,1
2020-08-04,15:12:03.775000,12674,12675,12674,1
2020-08-04,15:12:03.894000,12674,12675,12674,1
2020-08-04,15:12:03.959000,12674,12675,12674,1
2020-08-04,15:12:07.193000,12674,12675,12675,2
2020-08-04,15:12:07.831000,12674,12675,12675,3
2020-08-04,15:12:07.881000,12674,12675,12674,4
2020-08-04,15:12:08.314000,12674,12675,12675,1
2020-08-04,15:12:10.890000,12674,12675,12674,10
2020-08-04,15:12:10.890000,12674,12675,12673,13
2020-08-04,15:12:13.647000,12673,12674,12673,1
2020-08-04,15:12:13.722000,12673,12674,12673,1
2020-08-04,15:12:13.905000,12673,12674,12673,9
2020-08-04,15:12:14.090000,12672,12674,12672,1
2020-08-04,15:12:15.853000,12672,12673,12672,3
2020-08-04,15:12:16.293000,12672,12673,12672,4
2020-08-04,15:12:17.603000,12671,12672,12672,1
2020-08-04,15:12:19.133000,12671,12672,12672,1
2020-08-04,15:12:19.134000,12671,12672,12671,4
2020-08-04,15:12:20.704000,12671,12672,12671,2
2020-08-04,15:12:22.401000,12671,12672,12671,1
2020-08-04,15:12:22.402000,12671,12672,12671,20
2020-08-04,15:12:22.521000,12670,12671,12670,2
2020-08-04,15:12:23.640000,12670,12671,12671,1
2020-08-04,15:12:24.142000,12670,12671,12671,1
2020-08-04,15:12:24.952000,12670,12671,12671,1
2020-08-04,15:12:25.345000,12670,12671,12670,10
2020-08-04,15:12:25.413000,12670,12671,12670,1
2020-08-04,15:12:26.514000,12670,12671,12670,1
2020-08-04,15:12:26.592000,12670,12671,12670,2
2020-08-04,15:12:30.027000,12670,12671,12670,1
2020-08-04,15:12:30.092000,12670,12671,12671,3
2020-08-04,15:12:30.092000,12670,12671,12671,1
2020-08-04,15:12:30.092000,12670,12671,12671,5
2020-08-04,15:12:30.449000,12671,12672,12671,1
2020-08-04,15:12:31.484000,12670,12672,12671,1
2020-08-04,15:12:32.091000,12671,12672,12671,1
2020-08-04,15:12:32.327000,12671,12672,12671,1
2020-08-04,15:12:37.018000,12670,12671,12670,1
2020-08-04,15:12:41.413000,12670,12671,12671,1
2020-08-04,15:12:52.289000,12670,12671,12671,1
2020-08-04,15:12:58.286000,12670,12671,12671,1
2020-08-04,15:12:58.286000,12670,12671,12671,1
2020-08-04,15:12:58.286000,12670,12671,12671,4
2020-08-04,15:12:58.287000,12670,12671,12671,6
2020-08-04,15:13:02.143000,12671,12672,12671,1
2020-08-04,15:13:02.767000,12670,12671,12671,3
2020-08-04,15:13:02.767000,12670,12671,12672,1
2020-08-04,15:13:02.962000,12670,12672,12671,1
2020-08-04,15:13:03.818000,12671,12672,12671,1
2020-08-04,15:13:14.987000,12670,12671,12671,1
2020-08-04,15:13:16.717000,12670,12671,12670,2
2020-08-04,15:13:24.260000,12670,12671,12671,1
2020-08-04,15:13:26.088000,12670,12671,12670,1
2020-08-04,15:13:28.722000,12670,12671,12671,1
2020-08-04,15:13:29.132000,12670,12671,12671,4
2020-08-04,15:13:30.154000,12671,12672,12671,1
2020-08-04,15:13:34.211000,12670,12671,12671,1
2020-08-04,15:13:36.923000,12671,12672,12671,2
2020-08-04,15:13:44.251000,12671,12672,12672,3
2020-08-04,15:13:46.976000,12671,12672,12672,3
2020-08-04,15:13:47.740000,12671,12672,12672,5
2020-08-04,15:13:48.414000,12672,12673,12672,1
2020-08-04,15:13:52.931000,12672,12673,12673,1
2020-08-04,15:13:54.376000,12672,12673,12672,1
2020-08-04,15:14:00.270000,12672,12673,12673,1
2020-08-04,15:14:00.680000,12672,12674,12674,2
2020-08-04,15:14:02.405000,12672,12674,12672,1
2020-08-04,15:14:02.422000,12672,12673,12673,2
2020-08-04,15:14:02.425000,12672,12673,12673,1
2020-08-04,15:14:02.426000,12672,12673,12674,1
2020-08-04,15:14:02.428000,12672,12673,12674,1
2020-08-04,15:14:02.540000,12672,12674,12674,1
2020-08-04,15:14:02.540000,12672,12674,12674,1
2020-08-04,15:14:02.540000,12672,12674,12674,1
2020-08-04,15:14:02.541000,12672,12674,12674,1
2020-08-04,15:14:02.541000,12672,12674,12674,1
2020-08-04,15:14:02.541000,12672,12674,12674,1
2020-08-04,15:14:03.714000,12673,12674,12673,1
2020-08-04,15:14:09.312000,12673,12675,12673,3
2020-08-04,15:14:12.911000,12673,12674,12673,1
2020-08-04,15:14:13.025000,12673,12674,12673,1
2020-08-04,15:14:14.401000,12673,12674,12673,2
2020-08-04,15:14:18.649000,12673,12674,12673,1
2020-08-04,15:14:19.785000,12673,12674,12673,8
2020-08-04,15:14:21.029000,12673,12674,12673,1
2020-08-04,15:14:28.087000,12672,12673,12672,1
2020-08-04,15:14:30.466000,12672,12673,12673,9
2020-08-04,15:14:31.708000,12672,12674,12672,5
2020-08-04,15:14:38.397000,12672,12673,12672,1
2020-08-04,15:14:38.397000,12672,12673,12672,1
2020-08-04,15:14:40.704000,12671,12673,12671,18
2020-08-04,15:14:47.836000,12671,12672,12671,1
2020-08-04,15:14:52.036000,12671,12672,12671,1
2020-08-04,15:14:53.872000,12671,12672,12671,2
2020-08-04,15:14:53.873000,12671,12672,12671,1
2020-08-04,15:15:00.278000,12670,12672,12670,1
2020-08-04,15:15:00.528000,12670,12672,12672,1
2020-08-04,15:15:00.540000,12670,12672,12670,1
2020-08-04,15:15:00.540000,12670,12672,12670,1
2020-08-04,15:15:00.540000,12670,12672,12670,1
2020-08-04,15:15:00.541000,12670,12672,12670,1
2020-08-04,15:15:00.541000,12670,12672,12670,1
2020-08-04,15:15:00.542000,12670,12672,12670,1
2020-08-04,15:15:00.542000,12670,12672,12670,1
2020-08-04,15:15:00.545000,12670,12672,12670,1
2020-08-04,15:15:00.547000,12670,12672,12670,1
2020-08-04,15:15:00.548000,12670,12672,12670,1
2020-08-04,15:15:01.204000,12670,12672,12670,2
2020-08-04,15:15:02.816000,12670,12672,12672,1
2020-08-04,15:15:02.817000,12670,12672,12672,1
2020-08-04,15:15:04.335000,12671,12672,12672,1
2020-08-04,15:15:05.777000,12671,12673,12671,1
2020-08-04,15:15:06.838000,12671,12673,12673,5
2020-08-04,15:15:07.792000,12672,12673,12672,1
2020-08-04,15:15:08.800000,12672,12673,12672,1
2020-08-04,15:15:22.263000,12670,12671,12671,1
2020-08-04,15:15:22.487000,12670,12672,12670,1
2020-08-04,15:15:23.706000,12671,12672,12671,1
2020-08-04,15:15:28.110000,12671,12672,12671,1
2020-08-04,15:15:31.642000,12671,12672,12671,1
2020-08-04,15:15:34.611000,12671,12672,12671,1
2020-08-04,15:16:02.062000,12671,12672,12671,1
2020-08-04,15:16:05.309000,12671,12672,12671,1
2020-08-04,15:16:05.626000,12671,12672,12671,1
2020-08-04,15:16:06.617000,12671,12672,12672,1
2020-08-04,15:16:08.396000,12671,12672,12672,1
2020-08-04,15:16:08.411000,12671,12672,12672,1
2020-08-04,15:16:14.018000,12672,12673,12673,1
2020-08-04,15:16:14.051000,12672,12673,12672,1
2020-08-04,15:16:14.051000,12672,12673,12672,1
2020-08-04,15:16:20.375000,12671,12672,12672,4
2020-08-04,15:16:20.472000,12671,12672,12672,2
2020-08-04,15:16:21.059000,12671,12672,12672,1
2020-08-04,15:16:22.138000,12671,12672,12672,1
2020-08-04,15:16:22.390000,12671,12672,12671,1
2020-08-04,15:16:22.412000,12671,12672,12671,1
2020-08-04,15:16:22.493000,12671,12672,12671,1
2020-08-04,15:16:22.499000,12671,12672,12671,2
2020-08-04,15:16:22.499000,12671,12672,12671,1
2020-08-04,15:16:22.659000,12670,12671,12670,2
2020-08-04,15:16:22.866000,12670,12672,12670,3
2020-08-04,15:16:22.974000,12670,12671,12671,1
2020-08-04,15:16:24.941000,12670,12671,12670,5
2020-08-04,15:16:24.941000,12670,12671,12670,4
2020-08-04,15:16:24.942000,12670,12671,12670,3
2020-08-04,15:16:24.942000,12670,12671,12670,2
2020-08-04,15:16:26.036000,12669,12671,12669,1
2020-08-04,15:16:26.190000,12669,12671,12669,1
2020-08-04,15:16:26.464000,12669,12671,12669,1
2020-08-04,15:16:26.530000,12669,12671,12669,1
2020-08-04,15:16:26.939000,12669,12670,12670,1
2020-08-04,15:16:29.540000,12669,12670,12670,1
2020-08-04,15:16:30.063000,12670,12671,12670,1
2020-08-04,15:16:34.219000,12669,12670,12670,1
2020-08-04,15:16:34.927000,12669,12670,12670,1
2020-08-04,15:16:40.152000,12670,12671,12670,1
2020-08-04,15:16:42.245000,12669,12670,12670,1
2020-08-04,15:16:45.015000,12669,12670,12670,1
2020-08-04,15:16:45.015000,12669,12670,12670,2
2020-08-04,15:16:45.762000,12670,12671,12671,1
2020-08-04,15:16:54.789000,12670,12671,12671,2
2020-08-04,15:16:56.579000,12671,12672,12672,2
2020-08-04,15:16:56.579000,12671,12672,12672,1
2020-08-04,15:17:00.356000,12671,12672,12671,1
2020-08-04,15:17:02.288000,12670,12672,12670,2
2020-08-04,15:17:12.762000,12670,12672,12670,2
2020-08-04,15:17:25.834000,12671,12672,12671,1
2020-08-04,15:17:26.084000,12671,12672,12672,1
2020-08-04,15:17:26.354000,12671,12672,12672,2
2020-08-04,15:17:34.643000,12671,12672,12671,1
2020-08-04,15:17:35.763000,12670,12671,12671,1
2020-08-04,15:17:37.435000,12671,12672,12672,1
2020-08-04,15:17:41.074000,12671,12672,12671,3
2020-08-04,15:17:48.776000,12671,12672,12671,1
2020-08-04,15:17:50.014000,12670,12671,12671,1
2020-08-04,15:17:57.337000,12671,12672,12671,4
2020-08-04,15:18:00.535000,12670,12671,12671,1
2020-08-04,15:18:03.106000,12670,12672,12670,1
2020-08-04,15:18:03.580000,12671,12672,12672,1
2020-08-04,15:18:18.412000,12671,12672,12671,1
2020-08-04,15:18:25.205000,12671,12672,12672,8
2020-08-04,15:18:25.205000,12671,12672,12672,1
2020-08-04,15:18:26.046000,12672,12673,12672,1
2020-08-04,15:18:26.440000,12672,12673,12672,1
2020-08-04,15:18:26.769000,12672,12673,12672,1
2020-08-04,15:18:28.545000,12672,12673,12672,2
2020-08-04,15:18:31.696000,12672,12673,12673,2
2020-08-04,15:18:31.696000,12672,12673,12673,2
2020-08-04,15:18:51.514000,12673,12674,12673,4
2020-08-04,15:18:51.514000,12673,12674,12673,5
2020-08-04,15:18:54.620000,12672,12673,12672,2
2020-08-04,15:18:54.620000,12672,12673,12672,1
2020-08-04,15:19:00.164000,12671,12672,12672,3
2020-08-04,15:19:00.409000,12671,12672,12672,2
2020-08-04,15:19:00.519000,12672,12673,12672,2
2020-08-04,15:19:13.977000,12672,12673,12672,2
2020-08-04,15:19:14.269000,12672,12673,12672,1
2020-08-04,15:19:14.535000,12671,12672,12672,1
2020-08-04,15:19:16.133000,12671,12672,12672,1
2020-08-04,15:19:16.517000,12672,12673,12672,1
2020-08-04,15:19:18.032000,12671,12672,12672,1
2020-08-04,15:19:21.725000,12672,12673,12672,1
2020-08-04,15:19:23.773000,12672,12673,12672,1
2020-08-04,15:19:36.394000,12672,12673,12672,1
2020-08-04,15:19:38.256000,12671,12672,12672,1
2020-08-04,15:19:38.256000,12671,12672,12672,1
2020-08-04,15:19:39.629000,12672,12673,12672,1
2020-08-04,15:19:50.051000,12672,12673,12672,2
2020-08-04,15:20:02.257000,12672,12673,12672,3
2020-08-04,15:20:02.530000,12672,12673,12673,1
2020-08-04,15:20:03.162000,12672,12673,12673,3
2020-08-04,15:20:03.163000,12672,12673,12673,3
2020-08-04,15:20:04.503000,12672,12673,12673,1
2020-08-04,15:20:04.766000,12673,12674,12673,2
2020-08-04,15:20:33.738000,12672,12673,12673,1
2020-08-04,15:20:33.739000,12672,12673,12673,4
2020-08-04,15:20:33.739000,12672,12673,12673,1
2020-08-04,15:20:50.211000,12673,12674,12674,4
2020-08-04,15:20:55.260000,12673,12674,12674,1
2020-08-04,15:20:57.949000,12673,12674,12674,1
2020-08-04,15:20:58.947000,12673,12674,12673,1
2020-08-04,15:21:02.160000,12672,12673,12672,1
2020-08-04,15:21:03.892000,12672,12673,12673,1
2020-08-04,15:21:07.078000,12672,12673,12673,1
2020-08-04,15:21:07.279000,12672,12673,12672,1
2020-08-04,15:21:07.281000,12672,12673,12672,6
2020-08-04,15:21:08.801000,12671,12672,12672,5
2020-08-04,15:21:10.079000,12671,12672,12672,1
2020-08-04,15:21:11.411000,12671,12672,12671,1
2020-08-04,15:21:12.776000,12671,12672,12671,10
2020-08-04,15:21:12.776000,12671,12672,12671,6
2020-08-04,15:21:13.117000,12670,12671,12671,1
2020-08-04,15:21:16.006000,12670,12671,12670,5
2020-08-04,15:21:16.065000,12670,12671,12670,1
2020-08-04,15:21:17.071000,12670,12671,12671,3
2020-08-04,15:21:17.463000,12670,12671,12670,6
2020-08-04,15:21:17.465000,12670,12671,12670,8
2020-08-04,15:21:18.856000,12669,12670,12669,1
2020-08-04,15:21:18.957000,12669,12670,12670,2
2020-08-04,15:21:19.178000,12669,12670,12669,1
2020-08-04,15:21:19.212000,12669,12670,12669,1
2020-08-04,15:21:19.333000,12669,12670,12669,3
2020-08-04,15:21:19.919000,12669,12670,12669,1
2020-08-04,15:21:19.921000,12669,12670,12669,1
2020-08-04,15:21:19.932000,12669,12670,12669,1
2020-08-04,15:21:20.148000,12669,12670,12669,1
2020-08-04,15:21:20.217000,12669,12670,12669,1
2020-08-04,15:21:20.222000,12669,12670,12669,1
2020-08-04,15:21:21.800000,12669,12670,12669,3
2020-08-04,15:21:23.196000,12669,12670,12669,1
2020-08-04,15:21:24.277000,12669,12670,12669,1
2020-08-04,15:21:25.257000,12669,12670,12670,1
2020-08-04,15:21:25.507000,12669,12670,12669,1
2020-08-04,15:21:26.933000,12669,12670,12669,1
2020-08-04,15:21:27.511000,12669,12670,12669,1
2020-08-04,15:21:31.210000,12669,12670,12669,1
2020-08-04,15:21:31.635000,12668,12670,12669,1
2020-08-04,15:21:36.375000,12669,12670,12669,1
2020-08-04,15:21:38.748000,12668,12669,12668,1
2020-08-04,15:21:38.749000,12668,12669,12668,11
2020-08-04,15:21:38.749000,12668,12669,12668,4
2020-08-04,15:21:38.749000,12668,12669,12668,10
2020-08-04,15:21:38.749000,12668,12669,12668,7
2020-08-04,15:21:39.922000,12667,12668,12667,1
2020-08-04,15:21:41.961000,12667,12668,12668,1
2020-08-04,15:21:42.919000,12667,12668,12668,2
2020-08-04,15:21:43.017000,12667,12668,12667,2
2020-08-04,15:21:43.179000,12667,12669,12667,4
2020-08-04,15:21:45.218000,12667,12668,12668,1
2020-08-04,15:21:49.233000,12667,12668,12667,1
2020-08-04,15:21:55.228000,12667,12668,12667,1
2020-08-04,15:21:58.447000,12666,12667,12666,2
2020-08-04,15:21:58.585000,12666,12667,12666,4
2020-08-04,15:21:58.842000,12666,12667,12666,2
2020-08-04,15:21:58.982000,12666,12667,12667,1
2020-08-04,15:21:59.194000,12666,12667,12666,2
2020-08-04,15:22:00.127000,12666,12667,12666,1
2020-08-04,15:22:00.907000,12666,12667,12666,4
2020-08-04,15:22:00.909000,12666,12667,12666,17
2020-08-04,15:22:01.359000,12665,12666,12666,2
2020-08-04,15:22:02.367000,12665,12666,12665,5
2020-08-04,15:22:02.471000,12665,12666,12665,1
2020-08-04,15:22:02.553000,12665,12666,12665,1
2020-08-04,15:22:02.627000,12665,12666,12665,12
2020-08-04,15:22:02.693000,12665,12666,12665,1
2020-08-04,15:22:03.489000,12665,12666,12665,10
2020-08-04,15:22:04.268000,12665,12666,12665,1
2020-08-04,15:22:04.607000,12665,12666,12666,1
2020-08-04,15:22:04.679000,12665,12666,12666,1
2020-08-04,15:22:04.878000,12665,12666,12665,1
2020-08-04,15:22:05.423000,12665,12666,12665,1
2020-08-04,15:22:05.968000,12665,12666,12665,10
2020-08-04,15:22:05.970000,12665,12666,12665,1
2020-08-04,15:22:06.164000,12664,12666,12666,2
2020-08-04,15:22:06.696000,12664,12665,12665,1
2020-08-04,15:22:08.450000,12665,12666,12665,1
2020-08-04,15:22:09.069000,12664,12665,12665,1
2020-08-04,15:22:11.052000,12664,12665,12665,1
2020-08-04,15:22:12.250000,12664,12665,12664,1
2020-08-04,15:22:13.857000,12664,12665,12664,1
2020-08-04,15:22:13.859000,12664,12665,12664,5
2020-08-04,15:22:14.046000,12663,12664,12663,1
2020-08-04,15:22:14.197000,12663,12664,12664,1
2020-08-04,15:22:14.394000,12664,12665,12664,1
2020-08-04,15:22:15.492000,12663,12664,12663,5
2020-08-04,15:22:15.933000,12663,12664,12663,1
2020-08-04,15:22:16.433000,12663,12664,12663,1
2020-08-04,15:22:17.017000,12663,12664,12663,2
2020-08-04,15:22:17.202000,12663,12664,12663,4
2020-08-04,15:22:17.202000,12663,12664,12662,21
2020-08-04,15:22:17.357000,12662,12664,12662,1
2020-08-04,15:22:17.361000,12662,12664,12662,1
2020-08-04,15:22:17.369000,12662,12664,12664,2
2020-08-04,15:22:17.376000,12662,12664,12662,1
2020-08-04,15:22:18.639000,12662,12664,12663,1
2020-08-04,15:22:18.679000,12662,12664,12662,1
2020-08-04,15:22:19.244000,12662,12664,12662,1
2020-08-04,15:22:19.480000,12662,12664,12662,1
2020-08-04,15:22:19.690000,12662,12664,12664,1
2020-08-04,15:22:22.358000,12662,12663,12662,1
2020-08-04,15:22:22.692000,12662,12663,12662,2
2020-08-04,15:22:23.555000,12661,12663,12663,1
2020-08-04,15:22:24.642000,12661,12662,12662,1
2020-08-04,15:22:24.986000,12662,12663,12662,1
2020-08-04,15:22:24.986000,12662,12663,12661,3
2020-08-04,15:22:25.025000,12662,12663,12661,1
2020-08-04,15:22:25.210000,12661,12663,12661,1
2020-08-04,15:22:25.674000,12661,12662,12662,2
2020-08-04,15:22:25.674000,12661,12662,12662,2
2020-08-04,15:22:25.724000,12661,12662,12662,2
2020-08-04,15:22:25.775000,12661,12662,12662,2
2020-08-04,15:22:26.917000,12661,12662,12662,3
2020-08-04,15:22:27.265000,12661,12662,12661,2
2020-08-04,15:22:27.286000,12661,12662,12661,3
2020-08-04,15:22:27.286000,12661,12662,12662,2
2020-08-04,15:22:29.188000,12661,12662,12661,2
2020-08-04,15:22:30.623000,12661,12662,12662,1
2020-08-04,15:22:31.100000,12661,12662,12662,3
2020-08-04,15:22:33.261000,12661,12663,12661,1
2020-08-04,15:22:35.375000,12661,12662,12662,1
2020-08-04,15:22:35.521000,12661,12663,12662,1
2020-08-04,15:22:35.564000,12662,12663,12662,1
2020-08-04,15:22:36.093000,12662,12663,12662,2
2020-08-04,15:22:36.870000,12662,12663,12663,1
2020-08-04,15:22:37.183000,12662,12663,12663,11
2020-08-04,15:22:37.481000,12663,12664,12663,1
2020-08-04,15:22:39.563000,12662,12664,12662,1
2020-08-04,15:22:39.603000,12662,12664,12664,1
2020-08-04,15:22:39.770000,12662,12664,12662,1
2020-08-04,15:22:40.847000,12662,12664,12664,5
2020-08-04,15:22:43.235000,12663,12665,12663,4
2020-08-04,15:22:44.132000,12663,12664,12663,3
2020-08-04,15:22:45.929000,12663,12665,12663,1
2020-08-04,15:22:47.671000,12663,12664,12663,1
2020-08-04,15:22:48.412000,12662,12663,12663,3
2020-08-04,15:22:53.143000,12662,12663,12663,1
2020-08-04,15:22:54.463000,12662,12663,12663,1
2020-08-04,15:22:56.042000,12663,12664,12663,1
2020-08-04,15:22:58.476000,12663,12664,12664,2
2020-08-04,15:22:58.504000,12663,12664,12664,1
2020-08-04,15:22:58.851000,12663,12665,12663,1
2020-08-04,15:23:01.898000,12664,12665,12664,1
2020-08-04,15:23:02.354000,12664,12665,12664,1
2020-08-04,15:23:05.403000,12663,12664,12664,4
2020-08-04,15:23:10.143000,12663,12664,12664,1
2020-08-04,15:23:11.341000,12663,12664,12664,1
2020-08-04,15:23:11.872000,12663,12664,12664,1
2020-08-04,15:23:11.901000,12663,12664,12663,1
2020-08-04,15:23:14.303000,12663,12664,12663,1
2020-08-04,15:23:14.438000,12663,12664,12663,3
2020-08-04,15:23:14.438000,12663,12664,12663,4
2020-08-04,15:23:14.438000,12663,12664,12663,1
2020-08-04,15:23:15.423000,12662,12663,12663,1
2020-08-04,15:23:15.438000,12662,12663,12663,1
2020-08-04,15:23:19.940000,12662,12663,12663,2
2020-08-04,15:23:19.940000,12662,12663,12663,2
2020-08-04,15:23:21.682000,12662,12664,12662,1
2020-08-04,15:23:22.600000,12662,12664,12662,1
2020-08-04,15:23:23.291000,12662,12663,12662,1
2020-08-04,15:23:24.693000,12662,12663,12662,1
2020-08-04,15:23:26.273000,12662,12663,12663,2
2020-08-04,15:23:26.602000,12663,12664,12663,1
2020-08-04,15:23:26.764000,12662,12664,12663,1
2020-08-04,15:23:29.711000,12662,12664,12663,1
2020-08-04,15:23:29.820000,12662,12664,12662,1
2020-08-04,15:23:29.885000,12662,12664,12663,1
2020-08-04,15:23:34.132000,12662,12663,12662,19
2020-08-04,15:23:35.708000,12661,12662,12661,1
2020-08-04,15:23:35.708000,12661,12662,12661,1
2020-08-04,15:23:35.709000,12661,12662,12661,2
2020-08-04,15:23:37.215000,12660,12661,12661,1
2020-08-04,15:23:37.216000,12660,12661,12661,3
2020-08-04,15:23:39.700000,12661,12663,12661,1
2020-08-04,15:23:40.373000,12661,12663,12663,1
2020-08-04,15:23:43.815000,12662,12663,12662,1
2020-08-04,15:23:43.895000,12662,12663,12661,2
2020-08-04,15:23:49.189000,12661,12663,12661,6
2020-08-04,15:23:49.189000,12661,12663,12661,1
2020-08-04,15:23:50.805000,12661,12663,12661,6
2020-08-04,15:23:50.814000,12661,12663,12661,1
2020-08-04,15:23:53.473000,12661,12662,12661,1
2020-08-04,15:23:53.966000,12661,12662,12661,1
2020-08-04,15:23:54.693000,12660,12661,12661,1
2020-08-04,15:23:54.921000,12661,12662,12661,1
2020-08-04,15:23:55.034000,12661,12662,12661,1
2020-08-04,15:23:56.568000,12661,12662,12662,1
2020-08-04,15:23:57.344000,12661,12662,12662,1
2020-08-04,15:23:57.871000,12661,12662,12661,1
2020-08-04,15:24:00.091000,12661,12662,12661,1
2020-08-04,15:24:00.701000,12661,12662,12661,1
2020-08-04,15:24:00.941000,12661,12662,12662,1
2020-08-04,15:24:03.352000,12661,12662,12661,5
2020-08-04,15:24:03.985000,12661,12662,12662,10
2020-08-04,15:24:08.397000,12661,12662,12661,1
2020-08-04,15:24:09.592000,12661,12662,12662,4
2020-08-04,15:24:12.496000,12662,12663,12662,1
2020-08-04,15:24:13.478000,12661,12662,12662,1
2020-08-04,15:24:14.808000,12662,12663,12662,1
2020-08-04,15:24:14.809000,12662,12663,12662,1
2020-08-04,15:24:14.821000,12662,12663,12663,1
2020-08-04,15:24:14.888000,12662,12663,12662,1
2020-08-04,15:24:15.295000,12662,12663,12663,3
2020-08-04,15:24:15.900000,12663,12664,12663,1
2020-08-04,15:24:19.136000,12663,12664,12664,1
2020-08-04,15:24:19.831000,12663,12664,12664,1
2020-08-04,15:24:22.341000,12663,12664,12663,1
2020-08-04,15:24:27.911000,12663,12664,12664,4
2020-08-04,15:24:28.233000,12663,12664,12664,2
2020-08-04,15:24:28.328000,12663,12664,12664,2
2020-08-04,15:24:29.014000,12663,12664,12664,1
2020-08-04,15:24:31.531000,12663,12664,12664,1
2020-08-04,15:24:35.648000,12663,12664,12664,1
2020-08-04,15:24:35.662000,12663,12664,12664,1
2020-08-04,15:24:36.138000,12663,12664,12664,2
2020-08-04,15:24:49.344000,12664,12665,12665,1
2020-08-04,15:24:53.210000,12664,12665,12665,1
2020-08-04,15:24:53.626000,12664,12665,12665,11
2020-08-04,15:24:54.652000,12665,12666,12665,1
2020-08-04,15:25:00.382000,12665,12666,12665,1
2020-08-04,15:25:00.411000,12665,12666,12665,2
2020-08-04,15:25:05.035000,12664,12665,12665,1
2020-08-04,15:25:05.467000,12664,12665,12665,2
2020-08-04,15:25:05.467000,12664,12665,12666,11
2020-08-04,15:25:05.467000,12664,12665,12667,3
2020-08-04,15:25:05.766000,12665,12667,12667,1
2020-08-04,15:25:07.689000,12665,12666,12666,1
2020-08-04,15:25:09.982000,12665,12667,12667,4
2020-08-04,15:25:13.864000,12665,12666,12665,1
2020-08-04,15:25:15.950000,12665,12666,12666,1
2020-08-04,15:25:21.124000,12665,12666,12666,1
2020-08-04,15:25:25.162000,12665,12667,12667,1
2020-08-04,15:25:26.835000,12665,12666,12666,1
2020-08-04,15:25:32.971000,12665,12666,12665,1
2020-08-04,15:25:33.356000,12664,12665,12665,1
2020-08-04,15:25:35.140000,12664,12665,12665,1
2020-08-04,15:25:35.781000,12664,12665,12665,2
2020-08-04,15:25:36.746000,12664,12665,12665,1
2020-08-04,15:25:38.478000,12665,12666,12665,1
2020-08-04,15:25:45.956000,12664,12665,12665,1
2020-08-04,15:25:47.183000,12664,12665,12664,12
2020-08-04,15:25:48.564000,12663,12664,12664,4
2020-08-04,15:25:55.043000,12663,12665,12663,8
2020-08-04,15:25:55.608000,12663,12664,12664,1
2020-08-04,15:26:01.265000,12663,12664,12663,4
2020-08-04,15:26:02.331000,12662,12663,12663,3
2020-08-04,15:26:03.345000,12662,12663,12663,2
2020-08-04,15:26:05.853000,12662,12664,12662,1
2020-08-04,15:26:05.965000,12662,12664,12662,1
2020-08-04,15:26:06.789000,12662,12664,12663,1
2020-08-04,15:26:13.551000,12662,12663,12663,1
2020-08-04,15:26:17.400000,12662,12663,12662,1
2020-08-04,15:26:17.400000,12662,12663,12662,2
2020-08-04,15:26:17.400000,12662,12663,12662,4
2020-08-04,15:26:17.400000,12662,12663,12662,1
2020-08-04,15:26:18.416000,12661,12662,12662,3
2020-08-04,15:26:23.943000,12662,12663,12663,1
2020-08-04,15:26:25.585000,12662,12663,12662,2
2020-08-04,15:26:29.248000,12661,12662,12661,1
2020-08-04,15:26:29.328000,12661,12662,12662,1
2020-08-04,15:26:30.288000,12661,12662,12662,2
2020-08-04,15:26:34.574000,12662,12663,12662,1
2020-08-04,15:26:35.454000,12662,12663,12662,1
2020-08-04,15:26:36.454000,12662,12663,12662,1
2020-08-04,15:26:38.430000,12662,12663,12662,2
2020-08-04,15:26:38.453000,12662,12663,12662,2
2020-08-04,15:26:39.734000,12661,12662,12662,1
2020-08-04,15:26:39.765000,12661,12662,12663,1
2020-08-04,15:26:45.475000,12662,12663,12662,1
2020-08-04,15:26:47.752000,12662,12663,12663,1
2020-08-04,15:26:52.580000,12662,12663,12662,1
2020-08-04,15:26:53.570000,12662,12663,12662,1
2020-08-04,15:26:57.947000,12662,12663,12662,3
2020-08-04,15:26:59.647000,12662,12663,12662,1
2020-08-04,15:27:00.769000,12662,12663,12663,6
2020-08-04,15:27:01.031000,12663,12664,12664,3
2020-08-04,15:27:01.031000,12663,12664,12664,1
2020-08-04,15:27:01.268000,12663,12665,12665,2
2020-08-04,15:27:01.293000,12663,12665,12665,1
2020-08-04,15:27:01.308000,12663,12665,12665,1
2020-08-04,15:27:01.315000,12663,12665,12665,1
2020-08-04,15:27:01.323000,12663,12665,12665,1
2020-08-04,15:27:01.485000,12663,12665,12665,3
2020-08-04,15:27:01.527000,12663,12665,12665,1
2020-08-04,15:27:02.040000,12663,12665,12665,1
2020-08-04,15:27:02.246000,12664,12666,12664,1
2020-08-04,15:27:02.354000,12664,12666,12664,1
2020-08-04,15:27:02.412000,12664,12666,12664,1
2020-08-04,15:27:10.424000,12665,12666,12665,2
2020-08-04,15:27:10.876000,12665,12666,12665,1
2020-08-04,15:27:17.069000,12665,12666,12665,1
2020-08-04,15:27:18.527000,12665,12666,12665,3
2020-08-04,15:27:18.528000,12665,12666,12665,2
2020-08-04,15:27:18.528000,12665,12666,12665,1
2020-08-04,15:27:23.850000,12664,12665,12665,1
2020-08-04,15:27:24.942000,12664,12665,12665,1
2020-08-04,15:27:28.766000,12664,12665,12664,1
2020-08-04,15:27:29.603000,12664,12665,12665,2
2020-08-04,15:27:43.489000,12665,12666,12665,1
2020-08-04,15:27:43.944000,12664,12666,12664,1
2020-08-04,15:27:51.280000,12664,12665,12664,1
2020-08-04,15:27:54.061000,12664,12665,12664,1
2020-08-04,15:28:02.319000,12664,12665,12664,1
2020-08-04,15:28:12.384000,12664,12665,12665,2
2020-08-04,15:28:13.702000,12664,12665,12664,1
2020-08-04,15:28:15.179000,12664,12665,12665,2
2020-08-04,15:28:15.179000,12664,12665,12665,2
2020-08-04,15:28:15.179000,12664,12665,12665,1
2020-08-04,15:28:17.661000,12665,12666,12665,1
2020-08-04,15:28:21.349000,12665,12666,12665,1
2020-08-04,15:28:24.618000,12664,12665,12665,1
2020-08-04,15:28:25.206000,12664,12665,12665,8
2020-08-04,15:28:25.206000,12664,12665,12666,7
2020-08-04,15:28:29.471000,12665,12667,12665,1
2020-08-04,15:28:32.455000,12665,12667,12665,1
2020-08-04,15:28:40.983000,12665,12666,12665,5
2020-08-04,15:28:41.106000,12664,12665,12665,1
2020-08-04,15:28:42.235000,12665,12666,12666,1
2020-08-04,15:28:46.871000,12665,12667,12667,1
2020-08-04,15:28:49.305000,12666,12667,12666,1
2020-08-04,15:28:49.655000,12665,12667,12665,2
2020-08-04,15:29:00.840000,12665,12666,12665,2
2020-08-04,15:29:00.840000,12665,12666,12665,2
2020-08-04,15:29:00.841000,12665,12666,12665,2
2020-08-04,15:29:01.161000,12664,12666,12666,4
2020-08-04,15:29:01.474000,12665,12667,12665,1
2020-08-04,15:29:02.161000,12666,12667,12666,2
2020-08-04,15:29:05.285000,12665,12667,12665,1
2020-08-04,15:29:14.441000,12665,12666,12666,1
2020-08-04,15:29:17.411000,12665,12666,12666,6
2020-08-04,15:29:19.611000,12666,12667,12666,1
2020-08-04,15:29:19.972000,12666,12667,12667,2
2020-08-04,15:29:19.972000,12666,12667,12667,4
2020-08-04,15:29:19.973000,12666,12667,12667,1
2020-08-04,15:29:19.973000,12666,12667,12667,3
2020-08-04,15:29:19.973000,12666,12667,12667,7
2020-08-04,15:29:22.167000,12667,12668,12667,1
2020-08-04,15:29:22.168000,12667,12668,12667,2
2020-08-04,15:29:23.589000,12666,12667,12666,2
2020-08-04,15:29:23.589000,12666,12667,12666,6
2020-08-04,15:29:23.589000,12666,12667,12666,1
2020-08-04,15:29:23.589000,12666,12667,12666,4
2020-08-04,15:29:23.589000,12666,12667,12666,9
2020-08-04,15:29:27.696000,12665,12666,12666,3
2020-08-04,15:29:27.696000,12665,12666,12666,1
2020-08-04,15:29:27.696000,12665,12666,12666,1
2020-08-04,15:29:27.837000,12666,12667,12666,4
2020-08-04,15:29:29.603000,12665,12666,12666,1
2020-08-04,15:29:29.603000,12665,12666,12666,5
2020-08-04,15:29:41.821000,12666,12668,12666,1
2020-08-04,15:29:48.308000,12666,12668,12668,1
2020-08-04,15:29:50.513000,12667,12668,12667,1
2020-08-04,15:30:01.082000,12666,12667,12667,1
2020-08-04,15:30:01.622000,12666,12668,12668,2
2020-08-04,15:30:01.889000,12666,12668,12666,1
2020-08-04,15:30:01.891000,12666,12668,12666,1
2020-08-04,15:30:02.082000,12666,12668,12668,3
2020-08-04,15:30:02.265000,12666,12668,12668,2
2020-08-04,15:30:02.297000,12666,12668,12668,2
2020-08-04,15:30:05.841000,12667,12668,12668,2
2020-08-04,15:30:10.151000,12668,12669,12668,2
2020-08-04,15:30:10.151000,12668,12669,12668,1
2020-08-04,15:30:15.574000,12668,12669,12668,1
2020-08-04,15:30:15.967000,12667,12668,12667,5
2020-08-04,15:30:15.967000,12667,12668,12667,2
2020-08-04,15:30:16.075000,12666,12668,12668,1
2020-08-04,15:30:19.039000,12667,12669,12669,1
2020-08-04,15:30:19.227000,12667,12669,12669,1
2020-08-04,15:30:22.963000,12667,12668,12668,1
2020-08-04,15:30:25.949000,12667,12668,12668,2
2020-08-04,15:30:28.368000,12667,12669,12669,1
2020-08-04,15:30:28.552000,12668,12669,12668,1
2020-08-04,15:30:31.362000,12667,12668,12668,2
2020-08-04,15:30:31.362000,12667,12668,12668,2
2020-08-04,15:30:33.121000,12667,12668,12668,1
2020-08-04,15:30:41.584000,12668,12669,12668,6
2020-08-04,15:30:46.628000,12667,12668,12667,1
2020-08-04,15:30:51.074000,12667,12668,12668,2
2020-08-04,15:30:51.074000,12667,12668,12668,1
2020-08-04,15:30:51.074000,12667,12668,12668,1
2020-08-04,15:30:55.331000,12668,12669,12669,4
2020-08-04,15:30:55.331000,12668,12669,12670,1
2020-08-04,15:30:56.043000,12668,12670,12670,1
2020-08-04,15:30:59.291000,12669,12670,12670,1
2020-08-04,15:30:59.767000,12669,12670,12670,5
2020-08-04,15:30:59.767000,12669,12670,12670,5
2020-08-04,15:30:59.767000,12669,12670,12670,1
2020-08-04,15:30:59.768000,12669,12670,12670,12
2020-08-04,15:31:01.181000,12670,12671,12670,3
2020-08-04,15:31:04.452000,12670,12671,12670,1
2020-08-04,15:31:06.881000,12669,12671,12671,1
2020-08-04,15:31:07.132000,12669,12671,12671,1
2020-08-04,15:31:07.629000,12669,12671,12671,2
2020-08-04,15:31:10.625000,12669,12671,12671,4
2020-08-04,15:31:16.014000,12669,12671,12669,1
2020-08-04,15:31:16.067000,12669,12671,12671,1
2020-08-04,15:31:20.994000,12669,12670,12670,1
2020-08-04,15:31:22.815000,12669,12670,12670,1
2020-08-04,15:31:22.815000,12669,12670,12670,1
2020-08-04,15:31:23.496000,12670,12671,12670,1
2020-08-04,15:31:27.684000,12670,12671,12670,1
2020-08-04,15:31:33.286000,12670,12671,12670,1
2020-08-04,15:31:34.391000,12670,12671,12670,1
2020-08-04,15:31:40.070000,12669,12670,12670,1
2020-08-04,15:31:45.651000,12669,12670,12670,6
2020-08-04,15:31:45.652000,12669,12670,12670,1
2020-08-04,15:31:45.766000,12670,12671,12670,1
2020-08-04,15:31:45.766000,12670,12671,12670,1
2020-08-04,15:31:51.384000,12669,12670,12670,3
2020-08-04,15:31:52.677000,12669,12671,12671,1
2020-08-04,15:31:56.051000,12669,12671,12670,1
2020-08-04,15:32:00.766000,12669,12670,12669,5
2020-08-04,15:32:00.767000,12669,12670,12669,6
2020-08-04,15:32:00.767000,12669,12670,12669,1
2020-08-04,15:32:00.767000,12669,12670,12669,6
2020-08-04,15:32:15.710000,12669,12670,12669,1
2020-08-04,15:32:16.322000,12669,12670,12670,1
2020-08-04,15:32:16.323000,12669,12670,12670,10
2020-08-04,15:32:16.365000,12669,12670,12671,5
2020-08-04,15:32:27.411000,12669,12670,12670,2
2020-08-04,15:32:32.496000,12670,12671,12670,1
2020-08-04,15:32:38.291000,12670,12671,12671,2
2020-08-04,15:32:38.340000,12670,12671,12671,4
2020-08-04,15:32:38.340000,12670,12671,12671,2
2020-08-04,15:32:43.469000,12671,12672,12672,1
2020-08-04,15:32:43.570000,12671,12672,12672,1
2020-08-04,15:32:43.627000,12671,12672,12672,1
2020-08-04,15:32:44.350000,12670,12672,12672,5
2020-08-04,15:32:46.359000,12670,12672,12672,5
2020-08-04,15:32:47.646000,12670,12672,12672,1
2020-08-04,15:32:49.411000,12670,12672,12672,6
2020-08-04,15:32:51.031000,12671,12673,12673,1
2020-08-04,15:32:51.123000,12671,12673,12673,4
2020-08-04,15:32:54.820000,12672,12673,12672,1
2020-08-04,15:32:56.982000,12671,12672,12672,4
2020-08-04,15:32:58.439000,12671,12673,12673,21
2020-08-04,15:32:58.708000,12673,12674,12673,4
2020-08-04,15:33:00.547000,12672,12673,12672,1
2020-08-04,15:33:00.953000,12671,12673,12673,1
2020-08-04,15:33:02.170000,12671,12673,12672,1
2020-08-04,15:33:02.932000,12671,12673,12673,1
2020-08-04,15:33:04.469000,12671,12672,12671,2
2020-08-04,15:33:04.505000,12671,12672,12672,1
2020-08-04,15:33:05.399000,12671,12673,12673,4
2020-08-04,15:33:13.686000,12672,12673,12672,1
2020-08-04,15:33:15.446000,12672,12673,12672,4
2020-08-04,15:33:17.983000,12672,12673,12672,1
2020-08-04,15:33:18.755000,12672,12673,12673,2
2020-08-04,15:33:19.443000,12672,12673,12673,1
2020-08-04,15:33:20.533000,12672,12673,12673,1
2020-08-04,15:33:20.533000,12672,12673,12673,4
2020-08-04,15:33:20.533000,12672,12673,12673,2
2020-08-04,15:33:20.533000,12672,12673,12673,1
2020-08-04,15:33:20.533000,12672,12673,12673,5
2020-08-04,15:33:20.533000,12672,12673,12673,1
2020-08-04,15:33:22.666000,12673,12674,12673,1
2020-08-04,15:33:24.999000,12672,12673,12673,1
2020-08-04,15:33:25.351000,12672,12673,12673,1
2020-08-04,15:33:26.707000,12672,12673,12672,2
2020-08-04,15:33:26.882000,12671,12673,12672,2
2020-08-04,15:33:28.171000,12671,12672,12672,4
2020-08-04,15:33:28.518000,12672,12673,12672,1
2020-08-04,15:33:28.518000,12672,12673,12672,5
2020-08-04,15:33:28.628000,12671,12673,12672,1
2020-08-04,15:33:30.557000,12671,12672,12671,10
2020-08-04,15:33:30.557000,12671,12672,12671,5
2020-08-04,15:33:30.557000,12671,12672,12671,2
2020-08-04,15:33:30.557000,12671,12672,12671,1
2020-08-04,15:33:32.477000,12670,12671,12670,1
2020-08-04,15:33:35.410000,12670,12671,12671,2
2020-08-04,15:33:43.786000,12670,12671,12671,1
2020-08-04,15:33:47.734000,12670,12671,12671,2
2020-08-04,15:33:47.776000,12670,12671,12671,1
2020-08-04,15:33:47.831000,12670,12671,12671,1
2020-08-04,15:33:53.933000,12670,12671,12671,1
2020-08-04,15:33:55.359000,12670,12671,12671,1
2020-08-04,15:34:03.915000,12670,12671,12671,1
2020-08-04,15:34:06.017000,12670,12672,12670,1
2020-08-04,15:34:06.458000,12670,12671,12670,1
2020-08-04,15:34:09.457000,12670,12671,12670,1
2020-08-04,15:34:10.587000,12670,12671,12670,1
2020-08-04,15:34:14.504000,12670,12671,12671,2
2020-08-04,15:34:16.769000,12670,12672,12670,1
2020-08-04,15:34:22.434000,12670,12671,12670,1
2020-08-04,15:34:22.782000,12670,12671,12670,5
2020-08-04,15:34:25.547000,12670,12671,12670,1
2020-08-04,15:34:26.784000,12670,12671,12670,1
2020-08-04,15:34:30.787000,12670,12671,12670,1
2020-08-04,15:34:34.630000,12670,12671,12670,1
2020-08-04,15:34:41.687000,12670,12671,12670,2
2020-08-04,15:34:41.687000,12670,12671,12670,4
2020-08-04,15:34:41.687000,12670,12671,12670,2
2020-08-04,15:34:41.687000,12670,12671,12670,3
2020-08-04,15:34:41.955000,12669,12670,12669,1
2020-08-04,15:34:48.853000,12669,12670,12670,1
2020-08-04,15:34:49.285000,12669,12670,12670,1
2020-08-04,15:34:53.897000,12669,12670,12670,2
2020-08-04,15:34:57.739000,12669,12671,12671,3
2020-08-04,15:35:00.497000,12670,12671,12670,1
2020-08-04,15:35:06.179000,12669,12670,12670,1
2020-08-04,15:35:06.355000,12670,12671,12671,2
2020-08-04,15:35:06.458000,12670,12671,12670,1
2020-08-04,15:35:12.185000,12670,12671,12670,1
2020-08-04,15:35:25.149000,12670,12671,12671,3
2020-08-04,15:35:29.223000,12671,12672,12671,1
2020-08-04,15:35:36.862000,12671,12672,12672,4
2020-08-04,15:35:36.862000,12671,12672,12672,3
2020-08-04,15:35:37.847000,12672,12673,12673,2
2020-08-04,15:35:38.195000,12672,12673,12673,1
2020-08-04,15:35:40.030000,12672,12673,12673,1
2020-08-04,15:35:40.522000,12672,12673,12673,1
2020-08-04,15:35:41.807000,12672,12673,12673,1
2020-08-04,15:35:44.053000,12671,12673,12673,3
2020-08-04,15:35:50.712000,12671,12672,12672,2
2020-08-04,15:35:51.759000,12671,12672,12672,1
2020-08-04,15:35:55.290000,12671,12672,12672,1
2020-08-04,15:35:55.653000,12671,12672,12672,2
2020-08-04,15:35:55.653000,12671,12672,12673,3
2020-08-04,15:35:58.993000,12672,12673,12672,5
2020-08-04,15:36:00.413000,12671,12672,12672,1
2020-08-04,15:36:00.718000,12671,12673,12673,1
2020-08-04,15:36:02.428000,12671,12672,12672,1
2020-08-04,15:36:03.958000,12672,12673,12673,1
2020-08-04,15:36:04.594000,12672,12673,12673,1
2020-08-04,15:36:05.466000,12672,12673,12673,3
2020-08-04,15:36:05.483000,12672,12673,12673,2
2020-08-04,15:36:05.483000,12672,12673,12674,1
2020-08-04,15:36:05.584000,12672,12674,12674,5
2020-08-04,15:36:06.924000,12672,12673,12673,1
2020-08-04,15:36:09.956000,12673,12674,12673,3
2020-08-04,15:36:12.259000,12673,12674,12674,5
2020-08-04,15:36:17.396000,12672,12674,12672,1
2020-08-04,15:36:21.428000,12672,12673,12672,1
2020-08-04,15:36:23.782000,12672,12673,12672,10
2020-08-04,15:36:24.442000,12671,12672,12672,1
2020-08-04,15:36:24.632000,12671,12672,12672,2
2020-08-04,15:36:25.548000,12671,12672,12672,1
2020-08-04,15:36:33.473000,12671,12673,12673,1
2020-08-04,15:36:39.557000,12672,12673,12673,2
2020-08-04,15:36:41.846000,12672,12673,12673,3
2020-08-04,15:36:45.906000,12672,12674,12673,2
2020-08-04,15:36:49.096000,12672,12673,12673,1
2020-08-04,15:36:54.481000,12672,12673,12673,1
2020-08-04,15:36:54.965000,12672,12673,12673,1
2020-08-04,15:36:57.808000,12672,12673,12673,1
2020-08-04,15:36:59.810000,12672,12673,12673,2
2020-08-04,15:37:00.528000,12672,12673,12672,5
2020-08-04,15:37:00.528000,12672,12673,12672,1
2020-08-04,15:37:00.528000,12672,12673,12672,2
2020-08-04,15:37:00.528000,12672,12673,12672,4
2020-08-04,15:37:00.528000,12672,12673,12672,2
2020-08-04,15:37:00.682000,12671,12672,12671,1
2020-08-04,15:37:00.776000,12671,12672,12671,2
2020-08-04,15:37:03.285000,12672,12673,12672,3
2020-08-04,15:37:07.104000,12671,12672,12671,2
2020-08-04,15:37:09.424000,12671,12672,12671,2
2020-08-04,15:37:09.424000,12671,12672,12671,2
2020-08-04,15:37:09.756000,12671,12672,12671,1
2020-08-04,15:37:22.623000,12670,12671,12670,1
2020-08-04,15:37:22.623000,12670,12671,12670,4
2020-08-04,15:37:22.624000,12670,12671,12670,2
2020-08-04,15:37:22.624000,12670,12671,12670,7
2020-08-04,15:37:30.295000,12669,12670,12669,1
2020-08-04,15:37:43.173000,12669,12670,12669,6
2020-08-04,15:37:45.416000,12668,12669,12669,1
2020-08-04,15:37:57.882000,12669,12670,12669,2
2020-08-04,15:37:59.298000,12668,12670,12668,1
2020-08-04,15:38:02.339000,12668,12669,12668,3
2020-08-04,15:38:05.660000,12668,12669,12668,3
2020-08-04,15:38:05.933000,12668,12669,12669,1
2020-08-04,15:38:06.040000,12668,12669,12669,1
2020-08-04,15:38:06.161000,12668,12669,12669,1
2020-08-04,15:38:06.198000,12668,12669,12670,1
2020-08-04,15:38:06.457000,12668,12670,12670,1
2020-08-04,15:38:07.072000,12668,12670,12668,1
2020-08-04,15:38:07.946000,12668,12669,12669,1
2020-08-04,15:38:12.861000,12668,12669,12669,4
2020-08-04,15:38:18.811000,12668,12669,12668,1
2020-08-04,15:38:23.135000,12668,12669,12668,1
2020-08-04,15:38:23.135000,12668,12669,12668,1
2020-08-04,15:38:28.505000,12667,12668,12667,1
2020-08-04,15:38:34.420000,12667,12668,12667,1
2020-08-04,15:38:39.972000,12667,12668,12667,5
2020-08-04,15:38:40.445000,12667,12668,12667,1
2020-08-04,15:38:44.916000,12667,12668,12667,3
2020-08-04,15:38:46.073000,12667,12668,12667,1
2020-08-04,15:38:46.446000,12667,12668,12667,1
2020-08-04,15:38:47.406000,12667,12668,12667,1
2020-08-04,15:38:50.605000,12666,12667,12667,1
2020-08-04,15:39:02.193000,12667,12668,12667,1
2020-08-04,15:39:03.579000,12667,12668,12667,1
2020-08-04,15:39:04.256000,12666,12667,12666,1
2020-08-04,15:39:04.257000,12666,12667,12666,2
2020-08-04,15:39:04.259000,12666,12667,12666,1
2020-08-04,15:39:04.265000,12666,12667,12666,1
2020-08-04,15:39:04.268000,12666,12667,12666,1
2020-08-04,15:39:04.485000,12666,12667,12666,1
2020-08-04,15:39:11.650000,12666,12667,12667,2
2020-08-04,15:39:12.901000,12667,12668,12667,2
2020-08-04,15:39:16.767000,12667,12668,12667,2
2020-08-04,15:39:20.011000,12666,12668,12667,2
2020-08-04,15:39:22.668000,12667,12668,12667,1
2020-08-04,15:39:25.713000,12667,12668,12667,1
2020-08-04,15:39:26.145000,12667,12668,12667,1
2020-08-04,15:39:27.514000,12667,12668,12667,1
