2019-08-22 15:00:00.081,10477,10478,10477,64
2019-08-22 15:00:00.089,10477,10478,10477,6
2019-08-22 15:00:00.173,10477,10478,10478,1
2019-08-22 15:00:00.225,10477,10478,10477,1
2019-08-22 15:00:00.282,10477,10478,10477,1
2019-08-22 15:00:00.353,10477,10478,10477,1
2019-08-22 15:00:00.379,10477,10478,10478,2
2019-08-22 15:00:00.488,10478,10479,10479,4
2019-08-22 15:00:00.488,10478,10479,10480,4
2019-08-22 15:00:00.488,10478,10479,10480,2
2019-08-22 15:00:00.519,10478,10479,10478,1
2019-08-22 15:00:00.626,10478,10480,10478,1
2019-08-22 15:00:00.876,10478,10480,10478,4
2019-08-22 15:00:00.925,10478,10480,10479,2
2019-08-22 15:00:01.002,10478,10480,10478,1
2019-08-22 15:00:01.002,10478,10480,10477,2
2019-08-22 15:00:01.039,10478,10480,10479,2
2019-08-22 15:00:01.049,10478,10480,10479,1
2019-08-22 15:00:01.049,10478,10480,10480,1
2019-08-22 15:00:01.567,10477,10479,10477,2
2019-08-22 15:00:01.805,10477,10478,10478,2
2019-08-22 15:00:01.858,10477,10478,10479,4
2019-08-22 15:00:01.930,10477,10478,10478,1
2019-08-22 15:00:02.534,10478,10479,10478,2
2019-08-22 15:00:04.566,10478,10479,10478,2
2019-08-22 15:00:04.566,10478,10479,10477,8
2019-08-22 15:00:04.872,10478,10479,10479,2
2019-08-22 15:00:05.109,10477,10479,10479,2
2019-08-22 15:00:05.607,10478,10479,10478,1
2019-08-22 15:00:06.659,10478,10479,10478,1
2019-08-22 15:00:07.931,10478,10479,10479,1
2019-08-22 15:00:11.125,10478,10479,10478,1
2019-08-22 15:00:11.576,10478,10479,10479,1
2019-08-22 15:00:14.735,10478,10479,10478,1
2019-08-22 15:00:18.890,10478,10479,10478,1
2019-08-22 15:00:19.015,10478,10479,10478,1
2019-08-22 15:00:19.666,10478,10479,10478,1
2019-08-22 15:00:19.756,10478,10479,10478,5
2019-08-22 15:00:19.805,10478,10479,10478,1
2019-08-22 15:00:19.805,10478,10479,10478,7
2019-08-22 15:00:21.562,10478,10479,10478,1
2019-08-22 15:00:25.529,10477,10478,10477,1
2019-08-22 15:00:26.631,10477,10478,10478,1
2019-08-22 15:00:28.832,10477,10478,10477,1
2019-08-22 15:00:31.246,10477,10478,10477,2
2019-08-22 15:00:33.547,10477,10478,10477,1
2019-08-22 15:00:36.559,10477,10478,10477,1
2019-08-22 15:00:37.722,10477,10478,10478,1
2019-08-22 15:00:43.358,10477,10478,10478,2
2019-08-22 15:00:44.086,10477,10478,10477,2
2019-08-22 15:00:49.156,10477,10478,10478,5
2019-08-22 15:00:53.731,10477,10478,10478,14
2019-08-22 15:00:53.823,10477,10478,10478,1
2019-08-22 15:00:54.259,10477,10479,10477,14
2019-08-22 15:00:58.591,10478,10479,10478,2
2019-08-22 15:00:58.592,10478,10479,10478,4
2019-08-22 15:00:58.680,10478,10479,10478,3
2019-08-22 15:00:58.680,10478,10479,10478,1
2019-08-22 15:00:59.887,10477,10478,10477,1
2019-08-22 15:01:00.129,10477,10478,10477,1
2019-08-22 15:01:00.520,10477,10478,10478,5
2019-08-22 15:01:01.915,10477,10478,10477,4
2019-08-22 15:01:02.774,10476,10477,10477,1
2019-08-22 15:01:04.925,10477,10478,10477,1
2019-08-22 15:01:07.151,10477,10478,10477,5
2019-08-22 15:01:07.180,10477,10478,10477,3
2019-08-22 15:01:07.805,10477,10478,10477,1
2019-08-22 15:01:10.092,10476,10478,10476,5
2019-08-22 15:01:12.513,10476,10477,10476,3
2019-08-22 15:01:13.246,10476,10477,10476,3
2019-08-22 15:01:14.182,10476,10477,10476,1
2019-08-22 15:01:14.581,10476,10477,10476,16
2019-08-22 15:01:21.726,10475,10476,10476,18
2019-08-22 15:01:21.768,10475,10476,10475,1
2019-08-22 15:01:21.805,10475,10476,10475,3
2019-08-22 15:01:22.795,10475,10476,10475,1
2019-08-22 15:01:25.558,10475,10476,10475,1
2019-08-22 15:01:29.821,10475,10476,10476,24
2019-08-22 15:01:29.821,10475,10476,10476,9
2019-08-22 15:01:29.821,10475,10476,10476,1
2019-08-22 15:01:29.821,10475,10476,10476,5
2019-08-22 15:01:29.959,10475,10477,10477,4
2019-08-22 15:01:33.180,10476,10477,10476,1
2019-08-22 15:01:40.188,10476,10477,10476,1
2019-08-22 15:01:42.418,10476,10477,10476,1
2019-08-22 15:01:42.601,10476,10477,10477,1
2019-08-22 15:01:47.272,10476,10477,10476,3
2019-08-22 15:01:50.074,10476,10477,10477,1
2019-08-22 15:01:51.212,10476,10477,10476,1
2019-08-22 15:01:51.989,10476,10477,10477,1
2019-08-22 15:01:55.771,10476,10477,10477,8
2019-08-22 15:01:56.664,10477,10478,10478,1
2019-08-22 15:01:58.135,10477,10478,10477,1
2019-08-22 15:02:00.530,10477,10478,10478,1
2019-08-22 15:02:04.279,10477,10478,10478,1
2019-08-22 15:02:04.736,10477,10478,10478,2
2019-08-22 15:02:04.935,10477,10478,10477,1
2019-08-22 15:02:06.244,10477,10478,10478,2
2019-08-22 15:02:06.286,10477,10478,10477,3
2019-08-22 15:02:07.268,10477,10478,10477,1
2019-08-22 15:02:14.570,10477,10478,10478,9
2019-08-22 15:02:20.018,10478,10479,10479,23
2019-08-22 15:02:24.699,10479,10480,10480,1
2019-08-22 15:02:24.699,10479,10480,10480,16
2019-08-22 15:02:24.702,10479,10480,10480,5
2019-08-22 15:02:30.762,10480,10481,10481,2
2019-08-22 15:02:35.062,10480,10481,10481,1
2019-08-22 15:02:40.932,10480,10481,10480,2
2019-08-22 15:02:43.095,10480,10481,10480,4
2019-08-22 15:02:43.118,10480,10481,10481,5
2019-08-22 15:02:43.316,10480,10481,10480,3
2019-08-22 15:02:43.532,10480,10481,10480,1
2019-08-22 15:02:43.633,10480,10481,10480,2
2019-08-22 15:02:43.667,10480,10481,10480,1
2019-08-22 15:02:43.746,10480,10481,10480,1
2019-08-22 15:02:43.853,10480,10481,10480,1
2019-08-22 15:02:45.246,10480,10481,10481,5
2019-08-22 15:02:45.626,10480,10481,10481,5
2019-08-22 15:02:47.748,10480,10481,10480,2
2019-08-22 15:02:48.617,10479,10480,10479,9
2019-08-22 15:02:49.098,10479,10480,10480,1
2019-08-22 15:02:51.416,10479,10480,10480,5
2019-08-22 15:02:51.895,10479,10480,10479,1
2019-08-22 15:02:51.895,10479,10480,10479,1
2019-08-22 15:02:51.895,10479,10480,10479,1
2019-08-22 15:02:51.897,10479,10480,10479,1
2019-08-22 15:02:52.055,10479,10480,10479,1
2019-08-22 15:02:54.804,10478,10479,10479,5
2019-08-22 15:02:56.458,10478,10480,10478,1
2019-08-22 15:02:59.961,10478,10479,10478,1
2019-08-22 15:03:00.063,10478,10479,10478,5
2019-08-22 15:03:00.064,10478,10479,10478,2
2019-08-22 15:03:00.064,10478,10479,10478,2
2019-08-22 15:03:06.170,10477,10478,10477,1
2019-08-22 15:03:06.898,10477,10478,10477,1
2019-08-22 15:03:06.899,10477,10478,10477,1
2019-08-22 15:03:06.899,10477,10478,10477,4
2019-08-22 15:03:06.899,10477,10478,10477,1
2019-08-22 15:03:06.899,10477,10478,10477,5
2019-08-22 15:03:08.821,10476,10477,10477,1
2019-08-22 15:03:10.835,10476,10477,10476,2
2019-08-22 15:03:10.836,10476,10477,10476,3
2019-08-22 15:03:10.930,10476,10477,10476,5
2019-08-22 15:03:11.199,10475,10476,10476,1
2019-08-22 15:03:13.196,10475,10476,10476,1
2019-08-22 15:03:13.948,10475,10476,10475,1
2019-08-22 15:03:14.293,10475,10476,10475,13
2019-08-22 15:03:14.432,10474,10475,10475,1
2019-08-22 15:03:15.518,10475,10476,10476,1
2019-08-22 15:03:19.035,10475,10476,10475,1
2019-08-22 15:03:20.077,10475,10476,10475,1
2019-08-22 15:03:22.701,10475,10476,10475,2
2019-08-22 15:03:22.905,10475,10476,10475,1
2019-08-22 15:03:24.005,10475,10476,10475,5
2019-08-22 15:03:24.591,10475,10476,10476,1
2019-08-22 15:03:30.112,10475,10476,10475,1
2019-08-22 15:03:31.370,10475,10476,10475,1
2019-08-22 15:03:42.112,10475,10476,10475,1
2019-08-22 15:03:44.444,10475,10476,10475,1
2019-08-22 15:03:47.236,10475,10476,10476,5
2019-08-22 15:03:47.355,10475,10476,10475,1
2019-08-22 15:03:47.501,10475,10476,10476,6
2019-08-22 15:03:50.733,10476,10477,10476,1
2019-08-22 15:03:52.111,10476,10477,10476,2
2019-08-22 15:04:00.651,10476,10477,10476,1
2019-08-22 15:04:00.651,10476,10477,10475,9
2019-08-22 15:04:02.519,10476,10477,10476,1
2019-08-22 15:04:03.719,10476,10477,10476,1
2019-08-22 15:04:06.335,10475,10476,10476,1
2019-08-22 15:04:08.729,10475,10476,10476,1
2019-08-22 15:04:10.680,10475,10476,10476,8
2019-08-22 15:04:14.131,10476,10477,10476,1
2019-08-22 15:04:16.236,10476,10477,10476,1
2019-08-22 15:04:19.369,10476,10477,10476,1
2019-08-22 15:04:20.999,10476,10477,10476,1
2019-08-22 15:04:23.867,10475,10476,10476,1
2019-08-22 15:04:24.515,10476,10477,10476,1
2019-08-22 15:04:30.702,10476,10477,10476,1
2019-08-22 15:04:31.011,10476,10477,10476,3
2019-08-22 15:04:33.928,10475,10476,10475,7
2019-08-22 15:04:33.930,10475,10476,10475,11
2019-08-22 15:04:34.228,10474,10475,10475,2
2019-08-22 15:04:35.325,10474,10475,10475,1
2019-08-22 15:04:38.463,10474,10475,10474,2
2019-08-22 15:04:40.515,10474,10475,10474,2
2019-08-22 15:04:40.728,10474,10475,10474,2
2019-08-22 15:04:43.946,10474,10475,10474,1
2019-08-22 15:04:45.736,10474,10475,10474,1
2019-08-22 15:04:46.556,10473,10474,10474,2
2019-08-22 15:04:53.862,10474,10475,10474,1
2019-08-22 15:04:57.557,10474,10475,10475,2
2019-08-22 15:04:58.286,10474,10475,10475,1
2019-08-22 15:05:01.969,10474,10475,10475,6
2019-08-22 15:05:02.055,10474,10475,10475,1
2019-08-22 15:05:02.508,10474,10476,10474,2
2019-08-22 15:05:03.123,10474,10476,10474,2
2019-08-22 15:05:09.056,10474,10475,10475,1
2019-08-22 15:05:18.307,10474,10475,10475,5
2019-08-22 15:05:20.180,10474,10476,10474,1
2019-08-22 15:05:30.182,10474,10475,10474,1
2019-08-22 15:05:30.182,10474,10475,10474,1
2019-08-22 15:05:31.515,10474,10475,10474,1
2019-08-22 15:05:31.515,10474,10475,10474,9
2019-08-22 15:05:31.901,10473,10474,10474,1
2019-08-22 15:05:33.697,10473,10474,10473,6
2019-08-22 15:05:34.273,10473,10474,10474,1
2019-08-22 15:05:36.670,10473,10474,10473,2
2019-08-22 15:05:37.371,10473,10474,10473,8
2019-08-22 15:05:37.707,10472,10473,10473,2
2019-08-22 15:05:38.580,10472,10473,10473,1
2019-08-22 15:05:42.560,10472,10473,10473,1
2019-08-22 15:05:44.859,10472,10473,10473,10
2019-08-22 15:05:46.699,10472,10473,10472,1
2019-08-22 15:05:48.262,10472,10473,10473,2
2019-08-22 15:05:50.805,10473,10474,10473,1
2019-08-22 15:05:54.390,10472,10473,10473,4
2019-08-22 15:05:56.520,10473,10474,10473,1
2019-08-22 15:05:57.695,10473,10474,10473,1
2019-08-22 15:05:58.391,10473,10474,10474,2
2019-08-22 15:06:03.064,10474,10475,10474,2
2019-08-22 15:06:10.290,10473,10474,10473,1
2019-08-22 15:06:12.045,10473,10474,10473,1
2019-08-22 15:06:18.577,10473,10474,10473,3
2019-08-22 15:06:25.377,10473,10474,10473,1
2019-08-22 15:06:29.198,10473,10474,10473,1
2019-08-22 15:06:31.865,10473,10474,10473,1
2019-08-22 15:06:32.248,10473,10474,10474,13
2019-08-22 15:06:32.253,10473,10474,10474,3
2019-08-22 15:06:34.053,10474,10475,10475,5
2019-08-22 15:06:34.053,10474,10475,10475,3
2019-08-22 15:06:41.317,10474,10475,10475,1
2019-08-22 15:06:52.618,10474,10475,10474,2
2019-08-22 15:06:57.868,10474,10475,10475,9
2019-08-22 15:06:58.368,10475,10476,10475,6
2019-08-22 15:07:06.941,10475,10476,10475,1
2019-08-22 15:07:07.055,10475,10476,10475,2
2019-08-22 15:07:08.045,10474,10475,10475,1
2019-08-22 15:07:09.026,10474,10475,10474,2
2019-08-22 15:07:13.446,10474,10475,10475,1
2019-08-22 15:07:45.632,10474,10475,10475,1
2019-08-22 15:07:46.157,10474,10475,10475,2
2019-08-22 15:07:48.645,10474,10475,10475,3
2019-08-22 15:07:50.588,10474,10476,10474,2
2019-08-22 15:07:56.184,10474,10475,10474,10
2019-08-22 15:07:57.458,10474,10475,10474,7
2019-08-22 15:07:58.427,10473,10474,10474,1
2019-08-22 15:08:03.037,10473,10474,10474,1
2019-08-22 15:08:04.996,10473,10474,10473,3
2019-08-22 15:08:05.027,10473,10474,10474,2
2019-08-22 15:08:05.759,10474,10475,10474,1
2019-08-22 15:08:06.852,10474,10475,10474,1
2019-08-22 15:08:09.445,10474,10475,10474,1
2019-08-22 15:08:16.096,10474,10475,10474,1
2019-08-22 15:08:21.036,10473,10474,10474,1
2019-08-22 15:08:44.401,10473,10474,10473,21
2019-08-22 15:08:44.639,10472,10473,10472,12
2019-08-22 15:08:44.784,10472,10473,10472,14
2019-08-22 15:08:44.784,10472,10473,10472,1
2019-08-22 15:08:44.805,10472,10473,10472,4
2019-08-22 15:08:44.806,10472,10473,10472,8
2019-08-22 15:08:44.930,10472,10473,10472,3
2019-08-22 15:08:45.612,10471,10473,10472,1
2019-08-22 15:08:45.613,10471,10473,10472,4
2019-08-22 15:08:45.613,10471,10473,10473,7
2019-08-22 15:08:45.613,10471,10473,10473,4
2019-08-22 15:08:50.440,10472,10474,10474,1
2019-08-22 15:08:53.305,10473,10474,10474,4
2019-08-22 15:09:08.453,10473,10474,10473,1
2019-08-22 15:09:16.162,10473,10474,10473,1
2019-08-22 15:09:18.920,10473,10474,10473,1
2019-08-22 15:09:24.281,10473,10474,10473,1
2019-08-22 15:09:26.724,10473,10474,10473,1
2019-08-22 15:09:30.236,10473,10474,10473,5
2019-08-22 15:09:33.444,10473,10474,10473,1
2019-08-22 15:09:39.760,10473,10474,10473,1
2019-08-22 15:09:40.089,10472,10474,10472,1
2019-08-22 15:09:47.343,10472,10473,10472,1
2019-08-22 15:09:48.076,10472,10473,10472,1
2019-08-22 15:09:48.828,10472,10473,10472,1
2019-08-22 15:09:49.787,10472,10473,10472,1
2019-08-22 15:09:53.377,10472,10473,10472,3
2019-08-22 15:09:55.548,10472,10473,10472,1
2019-08-22 15:09:59.922,10472,10473,10473,3
2019-08-22 15:10:02.057,10472,10473,10472,1
2019-08-22 15:10:07.310,10472,10473,10472,3
2019-08-22 15:10:11.638,10472,10473,10472,1
2019-08-22 15:10:12.077,10472,10473,10473,2
2019-08-22 15:10:14.109,10473,10474,10473,1
2019-08-22 15:10:14.346,10473,10474,10474,14
2019-08-22 15:10:16.581,10474,10475,10474,2
2019-08-22 15:10:16.581,10474,10475,10473,8
2019-08-22 15:10:19.897,10473,10474,10473,1
2019-08-22 15:10:24.787,10473,10474,10473,1
2019-08-22 15:10:25.490,10473,10474,10473,1
2019-08-22 15:10:28.949,10473,10474,10473,1
2019-08-22 15:10:28.955,10473,10474,10473,1
2019-08-22 15:10:28.959,10473,10474,10473,1
2019-08-22 15:10:29.055,10473,10474,10473,2
2019-08-22 15:10:31.099,10473,10474,10474,5
2019-08-22 15:10:47.765,10473,10474,10474,1
2019-08-22 15:11:17.694,10473,10474,10473,1
2019-08-22 15:11:19.404,10473,10474,10474,7
2019-08-22 15:11:19.430,10473,10474,10474,12
2019-08-22 15:11:24.764,10474,10475,10475,1
2019-08-22 15:11:27.785,10474,10475,10475,1
2019-08-22 15:11:32.578,10473,10474,10474,1
2019-08-22 15:11:34.910,10473,10474,10474,1
2019-08-22 15:11:39.805,10473,10474,10474,1
2019-08-22 15:11:46.844,10473,10474,10473,11
2019-08-22 15:11:54.279,10472,10473,10473,1
2019-08-22 15:11:56.090,10472,10473,10473,1
2019-08-22 15:11:59.349,10472,10473,10472,4
2019-08-22 15:12:14.550,10472,10473,10472,5
2019-08-22 15:12:14.555,10472,10473,10472,14
2019-08-22 15:12:18.830,10471,10472,10471,2
2019-08-22 15:12:19.272,10471,10472,10472,1
2019-08-22 15:12:19.964,10471,10472,10471,2
2019-08-22 15:12:21.411,10471,10472,10471,1
2019-08-22 15:12:21.738,10471,10472,10472,1
2019-08-22 15:12:23.196,10471,10472,10471,1
2019-08-22 15:12:24.444,10471,10472,10472,1
2019-08-22 15:12:25.455,10471,10472,10471,1
2019-08-22 15:12:31.384,10471,10472,10471,1
2019-08-22 15:12:32.395,10471,10472,10471,1
2019-08-22 15:12:33.459,10471,10472,10471,14
2019-08-22 15:12:35.891,10471,10472,10471,1
2019-08-22 15:12:36.371,10471,10472,10471,2
2019-08-22 15:12:37.039,10471,10472,10471,14
2019-08-22 15:12:40.526,10470,10471,10470,1
2019-08-22 15:12:40.589,10470,10471,10470,1
2019-08-22 15:12:41.947,10470,10471,10471,1
2019-08-22 15:12:42.460,10470,10471,10471,1
2019-08-22 15:12:43.884,10470,10471,10471,3
2019-08-22 15:12:43.950,10470,10472,10471,1
2019-08-22 15:12:44.198,10471,10472,10471,2
2019-08-22 15:12:46.404,10470,10471,10470,1
2019-08-22 15:12:47.031,10470,10471,10470,1
2019-08-22 15:12:50.106,10470,10471,10471,3
2019-08-22 15:12:50.126,10470,10471,10472,3
2019-08-22 15:12:50.180,10471,10472,10472,2
2019-08-22 15:12:52.184,10471,10472,10472,5
2019-08-22 15:12:52.306,10471,10473,10473,3
2019-08-22 15:12:52.485,10471,10473,10471,16
2019-08-22 15:12:52.722,10471,10473,10472,2
2019-08-22 15:12:54.619,10471,10472,10472,2
2019-08-22 15:12:54.680,10471,10472,10472,3
2019-08-22 15:12:56.802,10471,10472,10471,2
2019-08-22 15:12:58.048,10470,10471,10471,1
2019-08-22 15:12:58.736,10470,10471,10471,1
2019-08-22 15:13:01.910,10470,10471,10470,1
2019-08-22 15:13:03.150,10470,10471,10471,1
2019-08-22 15:13:05.122,10470,10471,10471,1
2019-08-22 15:13:06.521,10470,10471,10470,1
2019-08-22 15:13:08.701,10470,10471,10471,1
2019-08-22 15:13:11.925,10470,10471,10471,1
2019-08-22 15:13:12.449,10470,10471,10470,10
2019-08-22 15:13:12.932,10470,10471,10471,1
2019-08-22 15:13:13.454,10470,10471,10471,3
2019-08-22 15:13:23.417,10470,10471,10471,1
2019-08-22 15:13:24.822,10470,10471,10471,4
2019-08-22 15:13:25.187,10470,10471,10471,2
2019-08-22 15:13:26.880,10471,10472,10471,3
2019-08-22 15:13:27.890,10470,10471,10471,1
2019-08-22 15:13:35.188,10470,10471,10471,1
2019-08-22 15:13:37.462,10470,10471,10471,1
2019-08-22 15:13:38.530,10470,10471,10471,1
2019-08-22 15:13:38.555,10470,10471,10471,4
2019-08-22 15:13:45.321,10471,10472,10472,1
2019-08-22 15:13:45.817,10471,10472,10471,2
2019-08-22 15:13:52.900,10471,10472,10472,1
2019-08-22 15:13:54.372,10471,10472,10472,2
2019-08-22 15:13:54.555,10471,10472,10472,3
2019-08-22 15:13:58.051,10472,10473,10472,1
2019-08-22 15:14:06.972,10472,10473,10472,2
2019-08-22 15:14:12.890,10472,10473,10472,3
2019-08-22 15:14:12.890,10472,10473,10471,2
2019-08-22 15:14:13.689,10471,10472,10472,1
2019-08-22 15:14:18.181,10471,10472,10472,1
2019-08-22 15:14:20.992,10471,10472,10472,2
2019-08-22 15:14:21.841,10471,10472,10471,1
2019-08-22 15:14:25.031,10471,10472,10471,1
2019-08-22 15:14:35.501,10471,10472,10471,1
2019-08-22 15:14:35.501,10471,10472,10471,1
2019-08-22 15:14:38.057,10471,10472,10471,1
2019-08-22 15:14:39.648,10471,10472,10471,1
2019-08-22 15:14:42.445,10471,10472,10471,1
2019-08-22 15:14:44.045,10471,10472,10471,1
2019-08-22 15:14:49.631,10471,10472,10471,1
2019-08-22 15:14:53.621,10471,10472,10471,1
2019-08-22 15:14:59.913,10471,10472,10472,1
2019-08-22 15:15:00.175,10471,10472,10472,6
2019-08-22 15:15:00.180,10471,10472,10472,3
2019-08-22 15:15:00.392,10472,10473,10473,11
2019-08-22 15:15:00.704,10473,10474,10473,1
2019-08-22 15:15:13.140,10473,10474,10474,1
2019-08-22 15:15:13.160,10473,10474,10474,2
2019-08-22 15:15:13.173,10473,10474,10474,6
2019-08-22 15:15:13.180,10473,10474,10474,6
2019-08-22 15:15:13.332,10474,10475,10475,2
2019-08-22 15:15:13.333,10474,10475,10475,1
2019-08-22 15:15:13.333,10474,10475,10475,7
2019-08-22 15:15:13.333,10474,10475,10475,3
2019-08-22 15:15:13.333,10474,10475,10475,1
2019-08-22 15:15:13.393,10474,10475,10475,4
2019-08-22 15:15:13.430,10474,10475,10475,1
2019-08-22 15:15:18.738,10475,10476,10476,1
2019-08-22 15:15:21.648,10475,10476,10476,1
2019-08-22 15:15:22.260,10475,10476,10476,1
2019-08-22 15:15:26.028,10475,10476,10475,1
2019-08-22 15:15:26.243,10475,10476,10476,5
2019-08-22 15:15:26.244,10475,10476,10476,3
2019-08-22 15:15:26.309,10475,10476,10476,19
2019-08-22 15:15:27.215,10476,10477,10476,1
2019-08-22 15:15:27.930,10476,10477,10476,1
2019-08-22 15:15:28.727,10476,10477,10476,2
2019-08-22 15:15:29.222,10476,10477,10476,1
2019-08-22 15:15:30.102,10476,10477,10476,1
2019-08-22 15:15:30.204,10476,10477,10476,3
2019-08-22 15:15:31.639,10476,10477,10477,8
2019-08-22 15:15:31.639,10476,10477,10477,3
2019-08-22 15:15:31.639,10476,10477,10477,7
2019-08-22 15:15:31.639,10476,10477,10477,7
2019-08-22 15:15:31.639,10476,10477,10477,3
2019-08-22 15:15:31.681,10477,10478,10478,2
2019-08-22 15:15:31.682,10477,10478,10478,2
2019-08-22 15:15:31.737,10477,10478,10478,1
2019-08-22 15:15:31.743,10477,10478,10478,1
2019-08-22 15:15:31.806,10477,10478,10478,5
2019-08-22 15:15:31.836,10477,10478,10479,1
2019-08-22 15:15:31.842,10477,10478,10479,1
2019-08-22 15:15:31.869,10477,10478,10478,1
2019-08-22 15:15:31.965,10478,10479,10479,1
2019-08-22 15:15:31.998,10478,10479,10478,1
2019-08-22 15:15:32.090,10478,10479,10479,3
2019-08-22 15:15:32.321,10478,10479,10478,5
2019-08-22 15:15:32.556,10477,10479,10479,1
2019-08-22 15:15:32.562,10477,10479,10477,1
2019-08-22 15:15:32.760,10478,10479,10479,2
2019-08-22 15:15:35.696,10478,10479,10478,2
2019-08-22 15:15:36.333,10478,10479,10479,16
2019-08-22 15:15:36.549,10478,10479,10478,1
2019-08-22 15:15:37.245,10479,10480,10479,1
2019-08-22 15:15:40.123,10479,10480,10480,1
2019-08-22 15:15:40.127,10479,10480,10480,2
2019-08-22 15:15:40.142,10479,10480,10480,2
2019-08-22 15:15:40.147,10479,10480,10479,1
2019-08-22 15:15:40.157,10479,10480,10480,2
2019-08-22 15:15:40.173,10479,10480,10480,2
2019-08-22 15:15:41.470,10479,10480,10479,2
2019-08-22 15:15:43.230,10479,10480,10480,1
2019-08-22 15:15:44.256,10479,10480,10479,1
2019-08-22 15:15:44.439,10479,10480,10479,4
2019-08-22 15:15:44.634,10479,10480,10480,13
2019-08-22 15:15:45.820,10479,10480,10479,2
2019-08-22 15:15:46.416,10479,10480,10480,3
2019-08-22 15:15:49.555,10479,10480,10480,4
2019-08-22 15:15:49.681,10479,10480,10480,24
2019-08-22 15:15:50.316,10480,10481,10481,2
2019-08-22 15:15:50.717,10480,10481,10481,3
2019-08-22 15:15:51.024,10480,10481,10481,1
2019-08-22 15:15:51.489,10480,10481,10481,1
2019-08-22 15:15:54.695,10480,10481,10481,1
2019-08-22 15:15:56.208,10480,10481,10481,3
2019-08-22 15:15:56.828,10480,10481,10481,1
2019-08-22 15:15:57.690,10480,10481,10481,8
2019-08-22 15:15:58.811,10480,10481,10480,4
2019-08-22 15:15:58.812,10480,10481,10480,1
2019-08-22 15:15:59.305,10479,10480,10479,6
2019-08-22 15:16:00.045,10478,10480,10478,1
2019-08-22 15:16:02.222,10478,10479,10478,2
2019-08-22 15:16:02.222,10478,10479,10478,3
2019-08-22 15:16:02.927,10477,10479,10477,1
2019-08-22 15:16:02.936,10477,10478,10478,2
2019-08-22 15:16:02.983,10477,10478,10478,1
2019-08-22 15:16:03.009,10477,10478,10478,1
2019-08-22 15:16:03.083,10477,10478,10478,1
2019-08-22 15:16:03.411,10477,10478,10477,4
2019-08-22 15:16:06.670,10477,10478,10478,1
2019-08-22 15:16:08.033,10477,10478,10478,1
2019-08-22 15:16:08.057,10477,10478,10478,2
2019-08-22 15:16:08.300,10477,10478,10478,1
2019-08-22 15:16:08.555,10478,10479,10478,1
2019-08-22 15:16:09.592,10477,10478,10477,1
2019-08-22 15:16:10.682,10477,10478,10478,10
2019-08-22 15:16:12.298,10477,10478,10478,10
2019-08-22 15:16:14.053,10477,10478,10478,1
2019-08-22 15:16:14.336,10477,10478,10478,1
2019-08-22 15:16:14.643,10478,10479,10478,1
2019-08-22 15:16:16.043,10478,10479,10478,1
2019-08-22 15:16:17.639,10478,10479,10479,1
2019-08-22 15:16:17.909,10478,10479,10479,3
2019-08-22 15:16:18.224,10479,10480,10479,2
2019-08-22 15:16:18.811,10478,10479,10479,1
2019-08-22 15:16:18.923,10478,10479,10478,1
2019-08-22 15:16:20.326,10478,10479,10479,1
2019-08-22 15:16:20.540,10478,10479,10479,2
2019-08-22 15:16:21.307,10478,10479,10479,2
2019-08-22 15:16:21.814,10478,10479,10479,1
2019-08-22 15:16:24.833,10478,10479,10479,1
2019-08-22 15:16:25.556,10478,10479,10479,3
2019-08-22 15:16:25.923,10479,10480,10479,2
2019-08-22 15:16:26.611,10479,10480,10479,1
2019-08-22 15:16:26.866,10479,10480,10479,1
2019-08-22 15:16:33.022,10479,10480,10479,1
2019-08-22 15:16:36.046,10479,10480,10479,2
2019-08-22 15:16:36.047,10479,10480,10479,2
2019-08-22 15:16:36.049,10479,10480,10479,2
2019-08-22 15:16:36.623,10479,10480,10479,1
2019-08-22 15:16:43.286,10479,10480,10480,6
2019-08-22 15:16:47.723,10479,10480,10480,11
2019-08-22 15:16:51.731,10480,10481,10480,1
2019-08-22 15:16:51.828,10480,10481,10480,5
2019-08-22 15:16:54.823,10480,10481,10481,8
2019-08-22 15:16:54.931,10480,10481,10480,1
2019-08-22 15:16:55.038,10480,10481,10481,1
2019-08-22 15:16:55.750,10480,10481,10480,1
2019-08-22 15:16:57.654,10480,10481,10481,1
2019-08-22 15:16:58.661,10480,10481,10481,6
2019-08-22 15:16:59.854,10481,10482,10481,2
2019-08-22 15:17:00.499,10481,10482,10481,1
2019-08-22 15:17:00.499,10481,10482,10480,2
2019-08-22 15:17:02.997,10480,10481,10481,10
2019-08-22 15:17:03.185,10480,10481,10481,7
2019-08-22 15:17:05.275,10481,10482,10481,8
2019-08-22 15:17:10.358,10480,10481,10481,2
2019-08-22 15:17:12.014,10480,10481,10481,1
2019-08-22 15:17:17.185,10481,10482,10481,1
2019-08-22 15:17:17.203,10481,10482,10482,1
2019-08-22 15:17:17.338,10481,10482,10482,1
2019-08-22 15:17:17.437,10481,10482,10482,1
2019-08-22 15:17:17.821,10481,10482,10481,1
2019-08-22 15:17:18.989,10481,10482,10482,1
2019-08-22 15:17:21.380,10481,10482,10482,1
2019-08-22 15:17:22.478,10481,10482,10482,1
2019-08-22 15:17:22.905,10481,10482,10482,25
2019-08-22 15:17:22.932,10481,10482,10482,2
2019-08-22 15:17:23.143,10481,10482,10482,8
2019-08-22 15:17:23.443,10482,10483,10482,1
2019-08-22 15:17:23.580,10482,10483,10482,1
2019-08-22 15:17:26.920,10482,10483,10483,1
2019-08-22 15:17:27.043,10482,10483,10483,2
2019-08-22 15:17:27.428,10482,10483,10483,1
2019-08-22 15:17:27.871,10482,10483,10483,1
2019-08-22 15:17:27.871,10482,10483,10483,5
2019-08-22 15:17:29.973,10482,10483,10483,5
2019-08-22 15:17:30.056,10482,10483,10483,4
2019-08-22 15:17:30.397,10482,10483,10483,2
2019-08-22 15:17:30.398,10482,10483,10483,7
2019-08-22 15:17:30.399,10482,10483,10483,2
2019-08-22 15:17:30.399,10482,10483,10483,6
2019-08-22 15:17:31.586,10483,10484,10483,1
2019-08-22 15:17:36.058,10483,10484,10484,16
2019-08-22 15:17:36.223,10483,10484,10484,6
2019-08-22 15:17:37.503,10483,10485,10483,2
2019-08-22 15:17:38.622,10483,10484,10483,1
2019-08-22 15:17:39.729,10483,10484,10483,1
2019-08-22 15:17:40.432,10483,10484,10483,3
2019-08-22 15:17:40.432,10483,10484,10483,2
2019-08-22 15:17:40.433,10483,10484,10483,2
2019-08-22 15:17:41.096,10483,10484,10484,1
2019-08-22 15:17:41.241,10483,10484,10484,1
2019-08-22 15:17:41.439,10483,10484,10483,1
2019-08-22 15:17:41.464,10483,10484,10483,2
2019-08-22 15:17:41.554,10483,10484,10484,2
2019-08-22 15:17:41.574,10483,10484,10484,1
2019-08-22 15:17:41.700,10483,10484,10484,1
2019-08-22 15:17:42.017,10483,10484,10484,1
2019-08-22 15:17:46.356,10483,10484,10484,10
2019-08-22 15:17:46.357,10483,10484,10484,1
2019-08-22 15:17:47.727,10484,10485,10484,1
2019-08-22 15:17:48.504,10484,10485,10484,2
2019-08-22 15:17:50.722,10484,10485,10484,1
2019-08-22 15:17:51.168,10484,10485,10485,1
2019-08-22 15:17:51.206,10484,10485,10485,2
2019-08-22 15:17:51.424,10484,10485,10484,1
2019-08-22 15:17:52.740,10484,10485,10485,25
2019-08-22 15:17:52.805,10484,10485,10485,12
2019-08-22 15:17:52.805,10484,10485,10485,1
2019-08-22 15:17:52.805,10484,10485,10485,2
2019-08-22 15:17:52.805,10484,10485,10485,2
2019-08-22 15:17:52.806,10484,10485,10485,1
2019-08-22 15:17:52.826,10484,10485,10485,2
2019-08-22 15:17:52.827,10484,10485,10485,2
2019-08-22 15:17:52.932,10484,10485,10485,1
2019-08-22 15:17:57.189,10485,10486,10486,1
2019-08-22 15:17:57.465,10485,10486,10486,3
2019-08-22 15:17:57.736,10485,10486,10486,1
2019-08-22 15:17:59.879,10485,10486,10486,1
2019-08-22 15:18:01.185,10485,10486,10485,1
2019-08-22 15:18:01.271,10485,10486,10485,3
2019-08-22 15:18:01.674,10485,10486,10486,1
2019-08-22 15:18:01.702,10485,10486,10486,1
2019-08-22 15:18:01.873,10485,10486,10486,1
2019-08-22 15:18:01.874,10485,10486,10486,1
2019-08-22 15:18:01.999,10485,10486,10486,1
2019-08-22 15:18:02.361,10485,10486,10486,1
2019-08-22 15:18:03.116,10485,10486,10486,6
2019-08-22 15:18:03.310,10485,10486,10485,1
2019-08-22 15:18:04.223,10485,10486,10486,1
2019-08-22 15:18:04.430,10485,10486,10485,9
2019-08-22 15:18:05.352,10484,10485,10485,1
2019-08-22 15:18:05.379,10484,10485,10485,5
2019-08-22 15:18:05.807,10484,10485,10485,2
2019-08-22 15:18:05.858,10484,10485,10484,3
2019-08-22 15:18:05.949,10484,10485,10485,2
2019-08-22 15:18:06.126,10484,10485,10485,1
2019-08-22 15:18:06.352,10484,10485,10484,1
2019-08-22 15:18:06.816,10484,10485,10484,1
2019-08-22 15:18:07.555,10484,10485,10484,1
2019-08-22 15:18:07.918,10483,10484,10484,2
2019-08-22 15:18:08.589,10483,10484,10484,4
2019-08-22 15:18:08.589,10483,10484,10485,3
2019-08-22 15:18:08.623,10483,10484,10485,2
2019-08-22 15:18:08.705,10483,10485,10485,2
2019-08-22 15:18:08.899,10483,10485,10484,1
2019-08-22 15:18:09.306,10484,10485,10484,1
2019-08-22 15:18:09.306,10484,10485,10484,1
2019-08-22 15:18:09.306,10484,10485,10484,1
2019-08-22 15:18:09.531,10483,10485,10485,2
2019-08-22 15:18:10.562,10484,10485,10484,1
2019-08-22 15:18:10.871,10483,10484,10484,1
2019-08-22 15:18:10.953,10483,10484,10484,1
2019-08-22 15:18:11.741,10483,10484,10483,1
2019-08-22 15:18:11.837,10483,10484,10484,1
2019-08-22 15:18:12.013,10483,10484,10483,2
2019-08-22 15:18:12.017,10483,10484,10483,2
2019-08-22 15:18:12.017,10483,10484,10483,1
2019-08-22 15:18:14.191,10482,10484,10482,1
2019-08-22 15:18:14.305,10483,10484,10483,1
2019-08-22 15:18:16.318,10482,10483,10483,1
2019-08-22 15:18:21.962,10482,10483,10483,1
2019-08-22 15:18:22.055,10483,10484,10483,1
2019-08-22 15:18:26.113,10482,10483,10483,1
2019-08-22 15:18:26.454,10482,10483,10483,2
2019-08-22 15:18:29.271,10483,10484,10483,1
2019-08-22 15:18:29.473,10483,10484,10483,1
2019-08-22 15:18:30.597,10482,10483,10483,1
2019-08-22 15:18:31.232,10482,10483,10483,2
2019-08-22 15:18:32.384,10483,10484,10483,1
2019-08-22 15:18:32.484,10483,10484,10483,1
2019-08-22 15:18:35.450,10482,10483,10483,2
2019-08-22 15:18:35.871,10483,10484,10483,4
2019-08-22 15:18:36.131,10482,10483,10483,1
2019-08-22 15:18:37.945,10482,10483,10483,1
2019-08-22 15:18:43.039,10482,10483,10483,1
2019-08-22 15:18:44.958,10482,10483,10482,1
2019-08-22 15:18:45.581,10482,10483,10483,2
2019-08-22 15:18:52.149,10482,10483,10483,1
2019-08-22 15:18:53.220,10482,10483,10482,1
2019-08-22 15:18:54.733,10482,10483,10483,6
2019-08-22 15:19:01.295,10483,10484,10483,6
2019-08-22 15:19:01.557,10482,10483,10482,1
2019-08-22 15:19:02.219,10482,10483,10483,1
2019-08-22 15:19:04.326,10482,10483,10483,1
2019-08-22 15:19:04.682,10483,10484,10484,1
2019-08-22 15:19:07.073,10483,10484,10483,1
2019-08-22 15:19:09.228,10483,10484,10483,1
2019-08-22 15:19:09.465,10483,10484,10484,2
2019-08-22 15:19:11.971,10483,10484,10484,6
2019-08-22 15:19:12.304,10484,10485,10485,1
2019-08-22 15:19:12.955,10484,10485,10484,2
2019-08-22 15:19:13.964,10484,10485,10485,1
2019-08-22 15:19:14.151,10484,10485,10485,25
2019-08-22 15:19:15.608,10484,10485,10485,9
2019-08-22 15:19:15.680,10484,10485,10485,4
2019-08-22 15:19:15.805,10484,10485,10485,1
2019-08-22 15:19:18.105,10484,10485,10485,10
2019-08-22 15:19:18.180,10484,10485,10485,6
2019-08-22 15:19:18.180,10484,10485,10485,1
2019-08-22 15:19:20.020,10485,10486,10485,1
2019-08-22 15:19:21.100,10485,10486,10485,1
2019-08-22 15:19:22.405,10485,10486,10485,1
2019-08-22 15:19:22.506,10485,10486,10485,1
2019-08-22 15:19:22.708,10485,10486,10485,1
2019-08-22 15:19:22.908,10485,10486,10485,1
2019-08-22 15:19:24.370,10484,10485,10485,1
2019-08-22 15:19:25.736,10484,10485,10485,1
2019-08-22 15:19:26.140,10484,10485,10485,1
2019-08-22 15:19:27.370,10484,10485,10485,2
2019-08-22 15:19:28.955,10484,10485,10485,1
2019-08-22 15:19:28.955,10484,10485,10485,1
2019-08-22 15:19:28.973,10484,10485,10485,1
2019-08-22 15:19:28.997,10484,10485,10485,1
2019-08-22 15:19:29.482,10485,10486,10485,1
2019-08-22 15:19:29.643,10485,10486,10486,1
2019-08-22 15:19:30.518,10484,10485,10485,2
2019-08-22 15:19:30.518,10484,10485,10485,1
2019-08-22 15:19:30.518,10484,10485,10485,1
2019-08-22 15:19:30.785,10485,10486,10485,1
2019-08-22 15:19:31.383,10485,10486,10485,1
2019-08-22 15:19:31.473,10485,10486,10485,1
2019-08-22 15:19:33.150,10484,10485,10485,1
2019-08-22 15:19:33.158,10484,10485,10485,1
2019-08-22 15:19:36.641,10485,10486,10486,1
2019-08-22 15:19:36.735,10485,10486,10485,1
2019-08-22 15:19:37.061,10485,10486,10485,1
2019-08-22 15:19:37.239,10485,10486,10486,2
2019-08-22 15:19:37.355,10485,10486,10486,8
2019-08-22 15:19:37.742,10485,10486,10486,5
2019-08-22 15:19:37.760,10485,10486,10486,8
2019-08-22 15:19:37.761,10485,10486,10486,1
2019-08-22 15:19:37.761,10485,10486,10486,3
2019-08-22 15:19:37.805,10485,10486,10486,8
2019-08-22 15:19:37.805,10485,10486,10486,5
2019-08-22 15:19:37.805,10485,10486,10486,2
2019-08-22 15:19:37.805,10485,10486,10486,2
2019-08-22 15:19:37.807,10485,10486,10486,4
2019-08-22 15:19:38.562,10486,10487,10486,1
2019-08-22 15:19:39.148,10486,10487,10487,6
2019-08-22 15:19:39.202,10486,10487,10487,8
2019-08-22 15:19:39.233,10486,10487,10486,3
2019-08-22 15:19:39.271,10486,10487,10487,1
2019-08-22 15:19:39.398,10486,10487,10486,1
2019-08-22 15:19:39.781,10485,10487,10487,2
2019-08-22 15:19:40.270,10486,10487,10487,1
2019-08-22 15:19:40.270,10486,10487,10487,4
2019-08-22 15:19:40.271,10486,10487,10487,5
2019-08-22 15:19:40.305,10486,10487,10487,1
2019-08-22 15:19:41.947,10485,10487,10487,2
2019-08-22 15:19:42.520,10486,10487,10487,1
2019-08-22 15:19:42.521,10486,10487,10487,3
2019-08-22 15:19:43.581,10486,10487,10487,1
2019-08-22 15:19:44.096,10486,10487,10486,1
2019-08-22 15:19:44.893,10486,10487,10487,1
2019-08-22 15:19:45.467,10486,10487,10487,1
2019-08-22 15:19:46.536,10487,10488,10487,1
2019-08-22 15:19:47.252,10487,10488,10487,2
2019-08-22 15:19:47.523,10487,10488,10487,1
2019-08-22 15:19:48.202,10487,10488,10488,1
2019-08-22 15:19:48.751,10487,10488,10488,1
2019-08-22 15:19:48.938,10487,10488,10488,2
2019-08-22 15:19:49.009,10487,10488,10488,2
2019-08-22 15:19:49.064,10487,10488,10488,1
2019-08-22 15:19:49.122,10487,10488,10487,1
2019-08-22 15:19:56.228,10487,10488,10488,32
2019-08-22 15:19:56.228,10487,10488,10489,4
2019-08-22 15:19:56.321,10487,10489,10489,8
2019-08-22 15:19:56.633,10488,10489,10488,1
2019-08-22 15:19:56.784,10488,10489,10489,3
2019-08-22 15:19:57.246,10488,10489,10489,3
2019-08-22 15:19:57.252,10488,10489,10489,1
2019-08-22 15:19:57.359,10488,10490,10488,1
2019-08-22 15:19:57.553,10488,10490,10490,1
2019-08-22 15:19:57.587,10488,10490,10490,1
2019-08-22 15:19:57.675,10488,10490,10488,3
2019-08-22 15:19:57.976,10488,10489,10489,1
2019-08-22 15:19:58.366,10488,10490,10488,1
2019-08-22 15:19:59.173,10488,10489,10489,1
2019-08-22 15:19:59.952,10488,10489,10488,1
2019-08-22 15:20:00.685,10488,10489,10488,2
2019-08-22 15:20:00.685,10488,10489,10488,1
2019-08-22 15:20:00.685,10488,10489,10488,1
2019-08-22 15:20:00.686,10488,10489,10488,2
2019-08-22 15:20:00.805,10488,10489,10488,2
2019-08-22 15:20:00.809,10488,10489,10488,1
2019-08-22 15:20:01.193,10487,10489,10489,5
2019-08-22 15:20:01.211,10487,10489,10489,1
2019-08-22 15:20:01.497,10488,10489,10489,1
2019-08-22 15:20:01.514,10488,10489,10488,1
2019-08-22 15:20:02.153,10487,10488,10488,1
2019-08-22 15:20:02.330,10487,10488,10488,4
2019-08-22 15:20:02.490,10487,10488,10488,1
2019-08-22 15:20:02.545,10487,10488,10488,2
2019-08-22 15:20:04.279,10487,10488,10488,2
2019-08-22 15:20:04.569,10487,10488,10488,1
2019-08-22 15:20:04.930,10487,10488,10488,1
2019-08-22 15:20:04.982,10487,10488,10488,1
2019-08-22 15:20:05.114,10487,10488,10487,1
2019-08-22 15:20:05.114,10487,10488,10487,3
2019-08-22 15:20:05.114,10487,10488,10487,1
2019-08-22 15:20:05.171,10487,10488,10488,1
2019-08-22 15:20:05.213,10486,10488,10487,1
2019-08-22 15:20:06.143,10487,10488,10487,1
2019-08-22 15:20:07.566,10487,10488,10487,2
2019-08-22 15:20:09.013,10487,10488,10487,1
2019-08-22 15:20:09.928,10487,10488,10487,1
2019-08-22 15:20:10.008,10487,10488,10487,2
2019-08-22 15:20:10.794,10487,10488,10488,1
2019-08-22 15:20:11.025,10487,10488,10487,2
2019-08-22 15:20:12.499,10487,10488,10487,2
2019-08-22 15:20:13.457,10487,10488,10487,1
2019-08-22 15:20:13.838,10487,10488,10487,2
2019-08-22 15:20:14.477,10487,10488,10487,1
2019-08-22 15:20:15.021,10487,10488,10487,1
2019-08-22 15:20:15.022,10487,10488,10487,1
2019-08-22 15:20:15.055,10487,10488,10487,1
2019-08-22 15:20:15.503,10486,10487,10487,1
2019-08-22 15:20:15.503,10486,10487,10488,1
2019-08-22 15:20:15.966,10486,10487,10487,1
2019-08-22 15:20:16.180,10487,10488,10487,1
2019-08-22 15:20:16.338,10486,10487,10487,2
2019-08-22 15:20:16.338,10486,10487,10488,2
2019-08-22 15:20:19.001,10487,10488,10487,1
2019-08-22 15:20:22.160,10487,10488,10487,1
2019-08-22 15:20:28.450,10487,10488,10487,2
2019-08-22 15:20:28.640,10487,10488,10487,1
2019-08-22 15:20:31.269,10486,10488,10486,1
2019-08-22 15:20:31.982,10486,10487,10487,1
2019-08-22 15:20:32.437,10486,10487,10487,1
2019-08-22 15:20:34.862,10486,10487,10487,7
2019-08-22 15:20:35.143,10486,10487,10487,1
2019-08-22 15:20:36.842,10487,10488,10487,1
2019-08-22 15:20:38.133,10487,10488,10487,1
2019-08-22 15:20:38.670,10487,10488,10487,2
2019-08-22 15:20:38.670,10487,10488,10486,2
2019-08-22 15:20:41.176,10486,10487,10487,3
2019-08-22 15:20:41.176,10486,10487,10488,7
2019-08-22 15:20:41.774,10486,10488,10488,1
2019-08-22 15:20:44.192,10486,10487,10486,1
2019-08-22 15:20:46.209,10486,10487,10487,1
2019-08-22 15:20:46.209,10486,10487,10488,1
2019-08-22 15:20:50.089,10487,10488,10488,1
2019-08-22 15:20:52.625,10487,10488,10487,1
2019-08-22 15:20:55.924,10487,10488,10487,1
2019-08-22 15:21:01.536,10487,10488,10487,1
2019-08-22 15:21:02.447,10487,10488,10487,1
2019-08-22 15:21:02.472,10487,10488,10488,1
2019-08-22 15:21:02.683,10487,10488,10487,1
2019-08-22 15:21:02.840,10487,10488,10487,2
2019-08-22 15:21:03.270,10487,10488,10487,1
2019-08-22 15:21:04.516,10487,10488,10488,4
2019-08-22 15:21:05.270,10487,10488,10487,1
2019-08-22 15:21:06.680,10487,10488,10487,1
2019-08-22 15:21:07.180,10487,10488,10487,1
2019-08-22 15:21:08.496,10486,10488,10486,1
2019-08-22 15:21:09.906,10487,10488,10487,1
2019-08-22 15:21:11.637,10487,10488,10488,4
2019-08-22 15:21:15.305,10487,10488,10487,1
2019-08-22 15:21:17.481,10487,10488,10487,1
2019-08-22 15:21:18.205,10486,10488,10486,1
2019-08-22 15:21:22.358,10486,10487,10486,19
2019-08-22 15:21:22.365,10486,10487,10487,1
2019-08-22 15:21:22.386,10486,10487,10486,3
2019-08-22 15:21:22.409,10486,10487,10486,4
2019-08-22 15:21:22.427,10486,10487,10486,1
2019-08-22 15:21:22.430,10486,10487,10486,1
2019-08-22 15:21:25.805,10485,10486,10485,2
2019-08-22 15:21:35.918,10485,10486,10486,1
2019-08-22 15:21:38.037,10485,10486,10485,5
2019-08-22 15:21:40.719,10485,10486,10486,29
2019-08-22 15:21:50.198,10486,10487,10487,1
2019-08-22 15:21:50.933,10486,10487,10486,1
2019-08-22 15:21:53.880,10486,10487,10486,1
2019-08-22 15:21:54.008,10486,10487,10486,1
2019-08-22 15:21:59.998,10486,10487,10486,1
2019-08-22 15:22:01.037,10486,10487,10486,1
2019-08-22 15:22:05.873,10486,10487,10486,2
2019-08-22 15:22:05.959,10485,10486,10486,1
2019-08-22 15:22:13.656,10485,10486,10486,1
2019-08-22 15:22:14.997,10485,10486,10486,6
2019-08-22 15:22:19.723,10485,10486,10486,1
2019-08-22 15:22:23.080,10485,10486,10486,1
2019-08-22 15:22:25.856,10485,10486,10486,1
2019-08-22 15:22:25.886,10485,10486,10486,1
2019-08-22 15:22:32.850,10485,10486,10486,3
2019-08-22 15:22:35.023,10485,10486,10486,4
2019-08-22 15:22:35.076,10485,10486,10486,2
2019-08-22 15:22:38.386,10485,10486,10486,1
2019-08-22 15:22:42.800,10485,10486,10486,1
2019-08-22 15:22:44.461,10485,10486,10486,1
2019-08-22 15:22:46.297,10485,10486,10486,1
2019-08-22 15:23:01.103,10485,10486,10485,4
2019-08-22 15:23:01.455,10485,10486,10485,1
2019-08-22 15:23:02.642,10485,10486,10485,2
2019-08-22 15:23:04.632,10485,10486,10485,1
2019-08-22 15:23:04.632,10485,10486,10485,8
2019-08-22 15:23:04.632,10485,10486,10485,1
2019-08-22 15:23:04.633,10485,10486,10485,16
2019-08-22 15:23:04.633,10485,10486,10485,16
2019-08-22 15:23:07.957,10484,10485,10484,5
2019-08-22 15:23:08.356,10484,10485,10484,1
2019-08-22 15:23:10.627,10484,10485,10484,1
2019-08-22 15:23:12.086,10484,10485,10484,1
2019-08-22 15:23:21.027,10484,10485,10484,1
2019-08-22 15:23:25.277,10484,10485,10484,1
2019-08-22 15:23:25.439,10484,10485,10485,3
2019-08-22 15:23:25.888,10485,10486,10485,7
2019-08-22 15:23:32.776,10484,10485,10485,1
2019-08-22 15:23:40.559,10484,10485,10485,1
2019-08-22 15:23:43.985,10484,10485,10484,1
2019-08-22 15:23:44.968,10484,10485,10485,2
2019-08-22 15:23:47.815,10484,10485,10485,1
2019-08-22 15:23:48.417,10484,10485,10485,11
2019-08-22 15:23:50.055,10485,10486,10485,1
2019-08-22 15:23:51.299,10484,10486,10484,1
2019-08-22 15:23:51.776,10484,10486,10484,1
2019-08-22 15:23:58.828,10484,10485,10484,5
2019-08-22 15:24:05.592,10484,10485,10484,2
2019-08-22 15:24:08.963,10484,10485,10484,1
2019-08-22 15:24:09.233,10484,10485,10484,1
2019-08-22 15:24:14.038,10484,10485,10484,3
2019-08-22 15:24:23.325,10484,10485,10484,1
2019-08-22 15:24:25.709,10484,10485,10484,5
2019-08-22 15:24:25.805,10484,10485,10484,12
2019-08-22 15:24:25.930,10484,10485,10484,4
2019-08-22 15:24:25.930,10484,10485,10484,3
2019-08-22 15:24:25.935,10484,10485,10484,2
2019-08-22 15:24:26.055,10484,10485,10484,1
2019-08-22 15:24:27.782,10484,10485,10484,1
2019-08-22 15:24:30.239,10484,10485,10484,1
2019-08-22 15:24:31.140,10484,10485,10484,1
2019-08-22 15:24:33.085,10484,10485,10484,1
2019-08-22 15:24:33.228,10484,10485,10484,1
2019-08-22 15:24:37.925,10484,10485,10484,1
2019-08-22 15:24:38.136,10484,10485,10485,1
2019-08-22 15:24:40.337,10484,10485,10484,1
2019-08-22 15:24:43.233,10484,10485,10484,5
2019-08-22 15:24:45.724,10483,10484,10484,1
2019-08-22 15:24:55.061,10483,10484,10484,1
2019-08-22 15:24:56.603,10483,10484,10484,1
2019-08-22 15:24:58.023,10483,10484,10484,2
2019-08-22 15:25:06.292,10483,10484,10484,1
2019-08-22 15:25:07.976,10483,10484,10484,1
2019-08-22 15:25:15.948,10483,10484,10483,12
2019-08-22 15:25:15.948,10483,10484,10483,14
2019-08-22 15:25:23.006,10482,10483,10483,1
2019-08-22 15:25:29.921,10482,10483,10482,1
2019-08-22 15:25:30.268,10482,10483,10482,2
2019-08-22 15:25:30.614,10482,10483,10482,1
2019-08-22 15:25:41.029,10482,10483,10482,2
2019-08-22 15:25:42.740,10482,10483,10482,1
2019-08-22 15:25:49.971,10482,10483,10482,3
2019-08-22 15:25:51.772,10482,10483,10483,7
2019-08-22 15:25:56.397,10483,10484,10483,1
2019-08-22 15:25:59.877,10483,10484,10484,1
2019-08-22 15:26:15.588,10483,10484,10484,15
2019-08-22 15:26:18.531,10484,10485,10485,2
2019-08-22 15:26:22.729,10484,10485,10485,2
2019-08-22 15:26:23.996,10484,10485,10485,14
2019-08-22 15:26:27.732,10485,10486,10486,4
2019-08-22 15:26:32.543,10485,10486,10486,5
2019-08-22 15:26:32.781,10485,10486,10486,2
2019-08-22 15:26:32.870,10485,10486,10486,1
2019-08-22 15:26:37.800,10485,10486,10486,2
2019-08-22 15:26:38.749,10485,10487,10485,1
2019-08-22 15:26:44.794,10485,10486,10486,1
2019-08-22 15:26:49.886,10485,10486,10486,1
2019-08-22 15:26:52.054,10485,10486,10486,1
2019-08-22 15:26:54.630,10485,10486,10486,1
2019-08-22 15:26:58.375,10485,10486,10486,1
2019-08-22 15:26:59.609,10485,10486,10485,1
2019-08-22 15:27:01.420,10485,10486,10486,1
2019-08-22 15:27:04.868,10485,10486,10486,4
2019-08-22 15:27:05.423,10485,10486,10485,4
2019-08-22 15:27:08.219,10485,10486,10486,1
2019-08-22 15:27:10.748,10485,10486,10485,1
2019-08-22 15:27:12.808,10485,10486,10485,4
2019-08-22 15:27:17.354,10484,10485,10484,8
2019-08-22 15:27:17.355,10484,10485,10484,3
2019-08-22 15:27:17.355,10484,10485,10484,1
2019-08-22 15:27:17.860,10483,10484,10483,2
2019-08-22 15:27:17.861,10483,10484,10483,2
2019-08-22 15:27:17.861,10483,10484,10483,2
2019-08-22 15:27:19.567,10482,10484,10484,1
2019-08-22 15:27:31.333,10484,10485,10485,1
2019-08-22 15:27:33.659,10484,10485,10484,3
2019-08-22 15:27:47.737,10484,10485,10484,1
2019-08-22 15:27:53.387,10484,10485,10485,2
2019-08-22 15:27:58.314,10484,10485,10485,1
2019-08-22 15:28:01.074,10484,10485,10485,1
2019-08-22 15:28:04.424,10484,10485,10484,4
2019-08-22 15:28:06.382,10483,10484,10484,1
2019-08-22 15:28:09.407,10483,10484,10483,1
2019-08-22 15:28:12.409,10483,10484,10484,1
2019-08-22 15:28:53.623,10483,10484,10483,3
2019-08-22 15:28:53.623,10483,10484,10483,2
2019-08-22 15:28:55.285,10483,10484,10483,2
2019-08-22 15:28:55.285,10483,10484,10483,2
2019-08-22 15:28:55.287,10483,10484,10483,1
2019-08-22 15:28:55.306,10483,10484,10483,3
2019-08-22 15:29:01.424,10482,10483,10482,2
2019-08-22 15:29:01.424,10482,10483,10482,1
2019-08-22 15:29:06.541,10482,10483,10482,1
2019-08-22 15:29:10.142,10482,10483,10482,9
2019-08-22 15:29:15.188,10482,10483,10482,2
2019-08-22 15:29:16.560,10482,10483,10483,2
2019-08-22 15:29:16.560,10482,10483,10483,2
2019-08-22 15:29:16.974,10482,10483,10483,1
2019-08-22 15:29:16.974,10482,10483,10483,2
2019-08-22 15:29:17.486,10483,10484,10483,3
2019-08-22 15:29:18.833,10483,10484,10484,3
2019-08-22 15:29:18.833,10483,10484,10484,2
2019-08-22 15:29:18.838,10483,10484,10484,3
2019-08-22 15:29:18.839,10483,10484,10484,1
2019-08-22 15:29:18.930,10483,10484,10484,7
2019-08-22 15:29:19.985,10484,10485,10484,6
2019-08-22 15:29:26.586,10484,10485,10484,1
2019-08-22 15:29:28.373,10484,10485,10484,1
2019-08-22 15:29:28.467,10484,10485,10484,1
2019-08-22 15:29:31.461,10483,10484,10484,1
2019-08-22 15:29:35.501,10483,10485,10485,2
2019-08-22 15:29:35.501,10483,10485,10485,2
2019-08-22 15:29:36.501,10483,10484,10484,1
2019-08-22 15:29:38.223,10483,10484,10484,4
2019-08-22 15:29:41.791,10484,10485,10484,2
2019-08-22 15:29:55.043,10484,10485,10485,1
2019-08-22 15:30:00.522,10484,10485,10484,8
2019-08-22 15:30:00.523,10484,10485,10484,2
2019-08-22 15:30:00.523,10484,10485,10484,2
2019-08-22 15:30:00.523,10484,10485,10484,2
2019-08-22 15:30:00.638,10483,10485,10483,1
2019-08-22 15:30:00.900,10483,10484,10483,7
2019-08-22 15:30:00.900,10483,10484,10483,2
2019-08-22 15:30:00.997,10482,10484,10484,10
2019-08-22 15:30:01.315,10482,10484,10484,1
2019-08-22 15:30:02.518,10483,10484,10484,1
2019-08-22 15:30:02.537,10483,10484,10484,2
2019-08-22 15:30:02.537,10483,10484,10485,2
2019-08-22 15:30:02.889,10483,10484,10483,2
2019-08-22 15:30:03.146,10483,10484,10484,1
2019-08-22 15:30:03.146,10483,10484,10484,5
2019-08-22 15:30:03.305,10484,10485,10485,3
2019-08-22 15:30:03.349,10484,10485,10485,1
2019-08-22 15:30:03.421,10484,10485,10485,4
2019-08-22 15:30:03.422,10484,10485,10485,1
2019-08-22 15:30:03.910,10485,10486,10486,9
2019-08-22 15:30:04.186,10486,10487,10487,5
2019-08-22 15:30:04.186,10486,10487,10487,3
2019-08-22 15:30:04.186,10486,10487,10487,1
2019-08-22 15:30:04.186,10486,10487,10487,7
2019-08-22 15:30:04.186,10486,10487,10487,2
2019-08-22 15:30:04.186,10486,10487,10487,2
2019-08-22 15:30:04.186,10486,10487,10487,1
2019-08-22 15:30:04.186,10486,10487,10487,2
2019-08-22 15:30:04.186,10486,10487,10487,1
2019-08-22 15:30:04.186,10486,10487,10487,1
2019-08-22 15:30:04.186,10486,10487,10487,1
2019-08-22 15:30:04.186,10486,10487,10487,1
2019-08-22 15:30:04.186,10486,10487,10487,1
2019-08-22 15:30:04.203,10486,10487,10487,1
2019-08-22 15:30:04.203,10486,10487,10487,1
2019-08-22 15:30:04.203,10486,10487,10487,1
2019-08-22 15:30:04.204,10486,10487,10487,1
2019-08-22 15:30:04.207,10486,10487,10487,1
2019-08-22 15:30:04.208,10486,10487,10487,1
2019-08-22 15:30:04.208,10486,10487,10487,1
2019-08-22 15:30:04.246,10486,10487,10488,2
2019-08-22 15:30:05.045,10487,10488,10487,3
2019-08-22 15:30:05.374,10487,10488,10488,3
2019-08-22 15:30:06.662,10487,10488,10488,1
2019-08-22 15:30:06.680,10487,10488,10488,13
2019-08-22 15:30:06.707,10487,10488,10488,1
2019-08-22 15:30:06.805,10487,10488,10488,1
2019-08-22 15:30:06.805,10487,10488,10488,12
2019-08-22 15:30:06.805,10487,10488,10488,6
2019-08-22 15:30:06.895,10487,10488,10488,1
2019-08-22 15:30:07.743,10488,10489,10489,1
2019-08-22 15:30:07.828,10488,10489,10489,5
2019-08-22 15:30:09.736,10488,10489,10489,1
2019-08-22 15:30:10.244,10488,10489,10488,1
2019-08-22 15:30:10.624,10487,10488,10488,1
2019-08-22 15:30:11.932,10487,10489,10488,1
2019-08-22 15:30:13.620,10488,10489,10488,1
2019-08-22 15:30:14.306,10488,10489,10488,1
2019-08-22 15:30:14.477,10487,10488,10487,1
2019-08-22 15:30:15.181,10487,10488,10488,1
2019-08-22 15:30:16.048,10487,10488,10488,3
2019-08-22 15:30:16.096,10487,10489,10487,1
2019-08-22 15:30:17.917,10488,10489,10488,1
2019-08-22 15:30:19.422,10487,10489,10489,2
2019-08-22 15:30:19.908,10487,10489,10487,5
2019-08-22 15:30:21.256,10487,10488,10487,1
2019-08-22 15:30:21.257,10487,10488,10487,1
2019-08-22 15:30:22.430,10487,10488,10487,1
2019-08-22 15:30:28.873,10487,10488,10487,4
2019-08-22 15:30:30.651,10487,10488,10487,6
2019-08-22 15:30:30.651,10487,10488,10487,2
2019-08-22 15:30:30.651,10487,10488,10487,1
2019-08-22 15:30:31.198,10486,10487,10487,2
2019-08-22 15:30:31.580,10486,10487,10487,1
2019-08-22 15:30:32.126,10486,10487,10487,1
2019-08-22 15:30:32.126,10486,10487,10488,1
2019-08-22 15:30:33.566,10486,10487,10486,1
2019-08-22 15:30:34.003,10486,10487,10487,2
2019-08-22 15:30:34.005,10486,10487,10487,1
2019-08-22 15:30:40.207,10487,10488,10487,1
2019-08-22 15:30:42.238,10486,10488,10486,1
2019-08-22 15:30:47.601,10487,10488,10487,1
2019-08-22 15:30:54.999,10487,10488,10488,16
2019-08-22 15:30:55.002,10487,10488,10488,3
2019-08-22 15:30:55.002,10487,10488,10488,2
2019-08-22 15:30:55.903,10488,10489,10488,1
2019-08-22 15:30:56.290,10488,10489,10488,1
2019-08-22 15:30:59.135,10488,10489,10488,4
2019-08-22 15:31:00.589,10487,10488,10488,2
2019-08-22 15:31:09.980,10487,10488,10488,11
2019-08-22 15:31:10.125,10487,10488,10488,1
2019-08-22 15:31:10.793,10487,10488,10487,3
2019-08-22 15:31:10.793,10487,10488,10487,1
2019-08-22 15:31:10.794,10487,10488,10487,1
2019-08-22 15:31:10.794,10487,10488,10487,2
2019-08-22 15:31:10.835,10487,10488,10488,20
2019-08-22 15:31:11.693,10487,10488,10488,1
2019-08-22 15:31:15.621,10487,10488,10488,1
2019-08-22 15:31:16.100,10487,10488,10488,2
2019-08-22 15:31:17.456,10487,10488,10488,1
2019-08-22 15:31:20.446,10487,10488,10488,1
2019-08-22 15:31:20.780,10487,10488,10488,1
2019-08-22 15:31:21.436,10487,10488,10488,1
2019-08-22 15:31:22.745,10487,10488,10487,1
2019-08-22 15:31:23.134,10487,10488,10487,1
2019-08-22 15:31:23.134,10487,10488,10487,3
2019-08-22 15:31:23.180,10487,10488,10487,16
2019-08-22 15:31:29.110,10486,10487,10487,1
2019-08-22 15:31:29.459,10487,10488,10488,1
2019-08-22 15:31:36.468,10487,10488,10487,1
2019-08-22 15:31:40.441,10487,10488,10488,2
2019-08-22 15:31:40.449,10487,10488,10488,15
2019-08-22 15:31:40.680,10488,10489,10489,8
2019-08-22 15:31:40.713,10488,10489,10488,1
2019-08-22 15:31:40.805,10488,10489,10489,7
2019-08-22 15:31:42.235,10488,10489,10489,10
2019-08-22 15:31:45.231,10489,10490,10490,46
2019-08-22 15:31:45.305,10489,10490,10490,5
2019-08-22 15:31:45.306,10489,10490,10490,1
2019-08-22 15:31:45.392,10489,10490,10490,6
2019-08-22 15:31:45.392,10489,10490,10489,4
2019-08-22 15:31:45.431,10490,10491,10490,1
2019-08-22 15:31:45.623,10490,10491,10491,1
2019-08-22 15:31:45.700,10490,10491,10491,1
2019-08-22 15:31:45.741,10490,10491,10491,2
2019-08-22 15:31:45.895,10489,10491,10491,2
2019-08-22 15:31:45.896,10489,10491,10491,2
2019-08-22 15:31:45.896,10489,10491,10491,2
2019-08-22 15:31:45.964,10490,10491,10491,1
2019-08-22 15:31:46.017,10490,10491,10491,1
2019-08-22 15:31:46.018,10490,10491,10491,1
2019-08-22 15:31:46.233,10490,10491,10491,5
2019-08-22 15:31:46.849,10490,10491,10491,3
2019-08-22 15:31:48.458,10490,10491,10490,1
2019-08-22 15:31:49.222,10489,10491,10491,1
2019-08-22 15:31:49.330,10489,10491,10489,1
2019-08-22 15:31:52.108,10490,10492,10490,3
2019-08-22 15:31:52.480,10490,10491,10490,1
2019-08-22 15:31:53.191,10490,10491,10490,1
2019-08-22 15:31:54.668,10490,10491,10491,7
2019-08-22 15:31:55.448,10491,10492,10492,1
2019-08-22 15:31:55.513,10491,10492,10492,10
2019-08-22 15:31:55.513,10491,10492,10492,6
2019-08-22 15:31:55.555,10491,10492,10492,1
2019-08-22 15:31:55.583,10491,10492,10492,1
2019-08-22 15:31:55.670,10491,10492,10492,1
2019-08-22 15:31:55.690,10491,10492,10492,2
2019-08-22 15:31:56.103,10491,10492,10492,1
2019-08-22 15:31:56.820,10491,10492,10492,1
2019-08-22 15:31:57.506,10491,10492,10491,1
2019-08-22 15:31:59.397,10491,10492,10492,3
2019-08-22 15:32:01.360,10491,10492,10492,1
2019-08-22 15:32:01.402,10491,10492,10492,4
2019-08-22 15:32:01.551,10491,10492,10492,10
2019-08-22 15:32:01.555,10491,10492,10492,1
2019-08-22 15:32:01.651,10491,10492,10492,1
2019-08-22 15:32:02.093,10492,10493,10493,1
2019-08-22 15:32:02.261,10492,10493,10493,5
2019-08-22 15:32:02.314,10492,10493,10493,2
2019-08-22 15:32:02.329,10492,10493,10493,1
2019-08-22 15:32:02.414,10492,10493,10493,2
2019-08-22 15:32:02.446,10492,10493,10493,2
2019-08-22 15:32:02.641,10492,10493,10493,10
2019-08-22 15:32:02.739,10492,10493,10493,5
2019-08-22 15:32:02.849,10492,10493,10493,3
2019-08-22 15:32:02.899,10492,10493,10493,1
2019-08-22 15:32:02.900,10492,10493,10493,1
2019-08-22 15:32:02.901,10492,10493,10493,3
2019-08-22 15:32:02.903,10492,10493,10493,2
2019-08-22 15:32:02.904,10492,10493,10493,2
2019-08-22 15:32:02.904,10492,10493,10493,1
2019-08-22 15:32:02.904,10492,10493,10493,9
2019-08-22 15:32:02.904,10492,10493,10493,4
2019-08-22 15:32:02.904,10492,10493,10493,1
2019-08-22 15:32:02.986,10493,10494,10494,2
2019-08-22 15:32:03.078,10493,10494,10494,1
2019-08-22 15:32:03.136,10493,10494,10494,1
2019-08-22 15:32:03.159,10493,10494,10494,1
2019-08-22 15:32:03.254,10493,10494,10494,2
2019-08-22 15:32:03.333,10493,10494,10494,1
2019-08-22 15:32:03.346,10493,10494,10494,2
2019-08-22 15:32:03.363,10493,10494,10493,1
2019-08-22 15:32:03.689,10492,10494,10494,5
2019-08-22 15:32:04.034,10492,10494,10494,1
2019-08-22 15:32:04.042,10492,10494,10494,1
2019-08-22 15:32:04.078,10493,10494,10494,2
2019-08-22 15:32:05.388,10493,10494,10493,1
2019-08-22 15:32:05.444,10493,10494,10494,1
2019-08-22 15:32:05.687,10493,10494,10494,10
2019-08-22 15:32:06.113,10493,10494,10493,1
2019-08-22 15:32:07.426,10493,10494,10493,4
2019-08-22 15:32:08.257,10493,10494,10494,4
2019-08-22 15:32:08.411,10493,10494,10494,2
2019-08-22 15:32:08.989,10493,10494,10493,1
2019-08-22 15:32:09.332,10493,10494,10493,1
2019-08-22 15:32:10.038,10493,10494,10493,1
2019-08-22 15:32:10.207,10493,10494,10493,1
2019-08-22 15:32:10.215,10493,10494,10493,1
2019-08-22 15:32:11.026,10493,10494,10494,3
2019-08-22 15:32:11.353,10493,10494,10494,2
2019-08-22 15:32:12.238,10493,10494,10493,1
2019-08-22 15:32:13.143,10493,10494,10494,1
2019-08-22 15:32:13.260,10493,10494,10493,1
2019-08-22 15:32:13.961,10493,10494,10493,1
2019-08-22 15:32:14.725,10493,10494,10494,1
2019-08-22 15:32:14.783,10493,10494,10493,1
2019-08-22 15:32:15.063,10493,10494,10493,3
2019-08-22 15:32:16.308,10493,10494,10494,2
2019-08-22 15:32:16.460,10493,10494,10494,4
2019-08-22 15:32:16.703,10493,10494,10494,9
2019-08-22 15:32:17.585,10494,10495,10494,20
2019-08-22 15:32:18.602,10494,10495,10494,1
2019-08-22 15:32:19.200,10494,10495,10495,2
2019-08-22 15:32:19.239,10494,10495,10494,1
2019-08-22 15:32:19.291,10494,10495,10494,1
2019-08-22 15:32:19.325,10494,10495,10495,1
2019-08-22 15:32:20.031,10494,10495,10495,3
2019-08-22 15:32:20.236,10494,10495,10495,1
2019-08-22 15:32:20.554,10494,10495,10495,1
2019-08-22 15:32:21.459,10494,10495,10494,3
2019-08-22 15:32:21.616,10494,10495,10494,1
2019-08-22 15:32:22.494,10494,10495,10495,1
2019-08-22 15:32:22.528,10494,10495,10494,1
2019-08-22 15:32:22.724,10494,10495,10494,1
2019-08-22 15:32:22.949,10494,10495,10494,1
2019-08-22 15:32:23.597,10494,10495,10495,1
2019-08-22 15:32:24.332,10494,10495,10495,1
2019-08-22 15:32:25.012,10494,10495,10495,3
2019-08-22 15:32:27.382,10494,10495,10495,1
2019-08-22 15:32:30.293,10494,10495,10494,1
2019-08-22 15:32:31.394,10494,10495,10494,1
2019-08-22 15:32:31.394,10494,10495,10494,7
2019-08-22 15:32:31.395,10494,10495,10494,3
2019-08-22 15:32:31.395,10494,10495,10494,2
2019-08-22 15:32:31.395,10494,10495,10494,1
2019-08-22 15:32:32.048,10493,10494,10494,2
2019-08-22 15:32:32.703,10493,10494,10494,1
2019-08-22 15:32:33.724,10493,10494,10494,2
2019-08-22 15:32:33.968,10493,10494,10494,1
2019-08-22 15:32:36.727,10493,10494,10494,1
2019-08-22 15:32:37.445,10493,10494,10494,1
2019-08-22 15:32:37.528,10493,10494,10493,2
2019-08-22 15:32:38.394,10493,10494,10494,16
2019-08-22 15:32:38.427,10493,10494,10494,1
2019-08-22 15:32:38.798,10493,10494,10494,1
2019-08-22 15:32:39.233,10493,10494,10494,2
2019-08-22 15:32:39.897,10493,10494,10494,1
2019-08-22 15:32:39.981,10493,10494,10494,1
2019-08-22 15:32:40.758,10493,10494,10494,1
2019-08-22 15:32:44.238,10493,10494,10493,18
2019-08-22 15:32:45.255,10492,10493,10493,8
2019-08-22 15:32:45.851,10492,10493,10492,1
2019-08-22 15:32:45.968,10492,10493,10493,1
2019-08-22 15:32:47.101,10492,10493,10492,2
2019-08-22 15:32:47.740,10492,10493,10492,1
2019-08-22 15:32:47.753,10492,10493,10492,1
2019-08-22 15:32:48.681,10491,10493,10493,1
2019-08-22 15:32:50.195,10491,10492,10491,1
2019-08-22 15:32:50.549,10491,10492,10492,1
2019-08-22 15:32:51.454,10491,10492,10492,1
2019-08-22 15:32:52.484,10491,10492,10491,1
2019-08-22 15:32:52.484,10491,10492,10491,1
2019-08-22 15:32:53.935,10490,10491,10490,1
2019-08-22 15:32:54.101,10490,10491,10490,1
2019-08-22 15:32:55.420,10490,10491,10490,6
2019-08-22 15:32:57.305,10490,10491,10490,1
2019-08-22 15:33:01.081,10490,10491,10490,1
2019-08-22 15:33:01.737,10490,10491,10490,1
2019-08-22 15:33:03.165,10490,10491,10491,2
2019-08-22 15:33:03.264,10491,10492,10491,1
2019-08-22 15:33:07.490,10490,10491,10491,1
2019-08-22 15:33:07.879,10490,10492,10490,1
2019-08-22 15:33:09.027,10491,10492,10491,1
2019-08-22 15:33:12.152,10491,10492,10491,2
2019-08-22 15:33:14.248,10491,10492,10491,1
2019-08-22 15:33:14.305,10491,10492,10491,1
2019-08-22 15:33:22.218,10491,10492,10491,1
2019-08-22 15:33:23.180,10491,10492,10491,1
2019-08-22 15:33:27.899,10491,10492,10491,1
2019-08-22 15:33:30.188,10491,10492,10492,1
2019-08-22 15:33:30.877,10491,10492,10492,2
2019-08-22 15:33:30.878,10491,10492,10492,1
2019-08-22 15:33:30.912,10491,10492,10492,2
2019-08-22 15:33:30.912,10491,10492,10492,1
2019-08-22 15:33:30.912,10491,10492,10492,2
2019-08-22 15:33:30.912,10491,10492,10492,1
2019-08-22 15:33:30.913,10491,10492,10492,4
2019-08-22 15:33:37.180,10491,10492,10492,1
2019-08-22 15:33:37.953,10491,10493,10493,1
2019-08-22 15:33:40.048,10492,10493,10492,1
2019-08-22 15:33:44.637,10491,10492,10492,1
2019-08-22 15:33:51.773,10491,10492,10492,1
2019-08-22 15:33:57.574,10491,10492,10492,1
2019-08-22 15:34:00.646,10491,10492,10492,9
2019-08-22 15:34:02.846,10492,10493,10493,2
2019-08-22 15:34:08.645,10492,10493,10493,2
2019-08-22 15:34:11.473,10492,10493,10492,1
2019-08-22 15:34:13.080,10492,10493,10493,1
2019-08-22 15:34:13.345,10492,10493,10493,4
2019-08-22 15:34:14.660,10492,10493,10492,1
2019-08-22 15:34:15.492,10492,10493,10493,1
2019-08-22 15:34:15.784,10492,10493,10493,2
2019-08-22 15:34:16.538,10492,10493,10493,2
2019-08-22 15:34:18.478,10492,10493,10492,1
2019-08-22 15:34:20.642,10492,10493,10493,1
2019-08-22 15:34:22.712,10492,10493,10493,1
2019-08-22 15:34:30.859,10492,10493,10492,1
2019-08-22 15:34:32.343,10492,10493,10493,10
2019-08-22 15:34:32.343,10492,10493,10493,1
2019-08-22 15:34:34.736,10493,10494,10493,1
2019-08-22 15:34:35.928,10492,10494,10494,1
2019-08-22 15:34:37.284,10493,10494,10493,1
2019-08-22 15:34:37.657,10492,10493,10493,2
2019-08-22 15:34:37.957,10492,10493,10493,1
2019-08-22 15:34:41.615,10492,10494,10493,1
2019-08-22 15:34:41.668,10492,10494,10493,1
2019-08-22 15:34:42.185,10492,10493,10493,2
2019-08-22 15:34:42.186,10492,10493,10493,2
2019-08-22 15:34:42.186,10492,10493,10493,1
2019-08-22 15:34:42.186,10492,10493,10493,1
2019-08-22 15:34:42.186,10492,10493,10493,1
2019-08-22 15:34:42.186,10492,10493,10493,5
2019-08-22 15:34:42.186,10492,10493,10493,6
2019-08-22 15:34:42.479,10493,10494,10494,1
2019-08-22 15:34:43.189,10493,10494,10494,1
2019-08-22 15:34:44.805,10493,10494,10494,1
2019-08-22 15:34:45.732,10493,10494,10493,3
2019-08-22 15:34:47.856,10492,10493,10493,1
2019-08-22 15:34:48.816,10492,10493,10493,1
2019-08-22 15:34:54.531,10492,10493,10493,1
2019-08-22 15:34:55.520,10492,10493,10492,1
2019-08-22 15:34:56.133,10492,10493,10492,1
2019-08-22 15:34:56.803,10492,10493,10493,1
2019-08-22 15:34:59.910,10492,10493,10493,2
2019-08-22 15:35:03.003,10492,10493,10493,3
2019-08-22 15:35:05.400,10492,10493,10492,6
2019-08-22 15:35:05.400,10492,10493,10492,2
2019-08-22 15:35:05.401,10492,10493,10492,2
2019-08-22 15:35:05.404,10492,10493,10492,2
2019-08-22 15:35:05.404,10492,10493,10492,10
2019-08-22 15:35:07.595,10491,10492,10492,1
2019-08-22 15:35:07.859,10491,10492,10492,1
2019-08-22 15:35:10.868,10491,10492,10492,1
2019-08-22 15:35:13.454,10491,10492,10492,1
2019-08-22 15:35:14.811,10491,10492,10492,1
2019-08-22 15:35:25.042,10491,10492,10492,1
2019-08-22 15:35:27.767,10491,10492,10491,8
2019-08-22 15:35:27.805,10491,10492,10491,9
2019-08-22 15:35:27.930,10491,10492,10491,9
2019-08-22 15:35:28.878,10490,10491,10491,1
2019-08-22 15:35:33.731,10490,10491,10491,1
2019-08-22 15:35:48.393,10490,10491,10490,1
2019-08-22 15:35:50.069,10490,10491,10490,1
2019-08-22 15:35:52.686,10490,10491,10490,1
2019-08-22 15:35:53.990,10490,10491,10490,1
2019-08-22 15:35:54.423,10490,10491,10490,17
2019-08-22 15:35:54.585,10490,10491,10491,1
2019-08-22 15:35:58.153,10490,10491,10490,1
2019-08-22 15:36:00.023,10490,10491,10490,1
2019-08-22 15:36:10.737,10490,10491,10490,1
2019-08-22 15:36:11.930,10490,10491,10491,1
2019-08-22 15:36:15.102,10490,10491,10490,1
2019-08-22 15:36:16.068,10490,10491,10490,13
2019-08-22 15:36:18.032,10489,10490,10489,3
2019-08-22 15:36:18.033,10489,10490,10489,8
2019-08-22 15:36:18.033,10489,10490,10489,2
2019-08-22 15:36:21.979,10488,10489,10488,3
2019-08-22 15:36:22.193,10488,10489,10488,1
2019-08-22 15:36:25.035,10488,10489,10489,1
2019-08-22 15:36:25.083,10488,10489,10489,8
2019-08-22 15:36:33.429,10489,10490,10489,1
2019-08-22 15:36:34.100,10489,10490,10489,10
2019-08-22 15:36:42.168,10489,10490,10489,1
2019-08-22 15:36:42.348,10489,10490,10489,2
2019-08-22 15:36:42.845,10489,10490,10489,1
2019-08-22 15:36:43.469,10489,10490,10489,1
2019-08-22 15:36:45.259,10489,10490,10489,1
2019-08-22 15:36:45.342,10489,10490,10489,1
2019-08-22 15:36:49.172,10489,10490,10489,1
2019-08-22 15:36:51.267,10489,10490,10490,2
2019-08-22 15:36:51.430,10489,10490,10490,17
2019-08-22 15:36:51.555,10489,10490,10490,16
2019-08-22 15:36:53.577,10490,10491,10490,1
2019-08-22 15:36:55.499,10490,10491,10491,2
2019-08-22 15:36:55.499,10490,10491,10491,7
2019-08-22 15:36:55.572,10491,10492,10492,1
2019-08-22 15:36:55.720,10491,10492,10492,1
2019-08-22 15:37:00.476,10491,10492,10491,2
2019-08-22 15:37:01.268,10490,10491,10491,1
2019-08-22 15:37:09.521,10490,10491,10491,1
2019-08-22 15:37:09.690,10490,10491,10491,1
2019-08-22 15:37:12.926,10490,10491,10491,1
2019-08-22 15:37:16.684,10490,10492,10490,1
2019-08-22 15:37:28.680,10490,10491,10490,2
2019-08-22 15:37:31.048,10490,10491,10490,1
2019-08-22 15:37:34.547,10490,10491,10490,17
2019-08-22 15:37:34.555,10490,10491,10490,6
2019-08-22 15:37:37.577,10489,10490,10489,1
2019-08-22 15:37:43.834,10489,10490,10489,2
2019-08-22 15:37:54.381,10489,10490,10489,1
2019-08-22 15:37:56.525,10489,10490,10489,3
2019-08-22 15:37:58.212,10489,10490,10488,4
2019-08-22 15:38:03.486,10488,10490,10490,1
2019-08-22 15:38:10.005,10489,10490,10489,1
2019-08-22 15:38:17.002,10488,10489,10488,1
2019-08-22 15:38:23.912,10488,10489,10489,1
2019-08-22 15:38:29.954,10488,10489,10489,1
2019-08-22 15:38:32.996,10488,10489,10489,3
2019-08-22 15:38:35.579,10488,10489,10489,9
2019-08-22 15:38:35.680,10489,10490,10489,1
2019-08-22 15:38:38.102,10488,10490,10488,2
2019-08-22 15:38:40.896,10488,10490,10490,1
2019-08-22 15:38:44.493,10489,10490,10489,1
2019-08-22 15:38:45.521,10489,10490,10489,1
2019-08-22 15:38:45.602,10488,10489,10489,1
2019-08-22 15:38:49.158,10488,10489,10489,1
2019-08-22 15:38:56.722,10488,10489,10489,2
2019-08-22 15:38:56.805,10489,10490,10489,3
2019-08-22 15:38:56.930,10488,10489,10489,1
2019-08-22 15:39:08.025,10489,10490,10489,5
2019-08-22 15:39:22.828,10489,10490,10490,1
2019-08-22 15:39:34.402,10489,10490,10490,1
2019-08-22 15:39:35.437,10489,10490,10489,5
2019-08-22 15:39:38.999,10489,10490,10490,1
2019-08-22 15:39:46.574,10489,10490,10490,1
2019-08-22 15:39:55.963,10489,10490,10490,1
2019-08-22 15:40:04.384,10489,10490,10489,1
2019-08-22 15:40:08.041,10489,10490,10489,1
2019-08-22 15:40:10.664,10489,10490,10489,1
2019-08-22 15:40:10.703,10489,10490,10489,1
2019-08-22 15:40:16.703,10489,10490,10489,1
2019-08-22 15:40:25.378,10489,10490,10490,1
2019-08-22 15:40:32.944,10489,10490,10490,1
2019-08-22 15:40:36.967,10489,10490,10489,2
2019-08-22 15:40:36.968,10489,10490,10489,1
2019-08-22 15:40:36.968,10489,10490,10489,1
2019-08-22 15:40:36.968,10489,10490,10489,9
2019-08-22 15:40:49.985,10488,10489,10489,2
2019-08-22 15:40:52.528,10489,10490,10489,1
2019-08-22 15:41:08.302,10489,10490,10489,1
2019-08-22 15:41:09.043,10489,10490,10489,1
2019-08-22 15:41:15.743,10489,10490,10489,5
2019-08-22 15:41:16.319,10489,10490,10489,3
2019-08-22 15:41:17.601,10488,10489,10489,3
2019-08-22 15:41:43.701,10488,10489,10489,2
2019-08-22 15:41:46.980,10488,10489,10489,2
2019-08-22 15:41:53.717,10488,10489,10489,2
2019-08-22 15:41:57.735,10488,10489,10488,1
2019-08-22 15:42:00.268,10488,10489,10488,1
2019-08-22 15:42:06.175,10488,10489,10488,2
2019-08-22 15:42:07.938,10488,10489,10488,1
2019-08-22 15:42:12.267,10488,10489,10489,2
2019-08-22 15:42:12.267,10488,10489,10489,13
2019-08-22 15:42:16.214,10489,10490,10489,1
2019-08-22 15:42:17.403,10489,10490,10489,1
2019-08-22 15:42:19.931,10488,10490,10490,2
2019-08-22 15:42:20.773,10488,10490,10489,1
2019-08-22 15:42:23.041,10488,10490,10490,1
2019-08-22 15:42:23.709,10488,10490,10490,1
2019-08-22 15:42:31.762,10488,10489,10489,1
2019-08-22 15:42:32.018,10489,10490,10490,2
2019-08-22 15:42:32.027,10489,10490,10490,2
2019-08-22 15:42:32.033,10489,10490,10490,2
2019-08-22 15:42:32.055,10489,10490,10490,6
2019-08-22 15:42:37.820,10489,10490,10490,2
2019-08-22 15:42:40.863,10489,10490,10490,1
2019-08-22 15:42:41.550,10489,10490,10489,2
2019-08-22 15:42:49.677,10489,10490,10489,1
2019-08-22 15:42:50.302,10489,10490,10489,1
2019-08-22 15:42:51.239,10489,10490,10490,1
2019-08-22 15:42:55.351,10489,10490,10490,1
2019-08-22 15:43:01.730,10489,10490,10490,1
2019-08-22 15:43:02.943,10489,10490,10490,2
2019-08-22 15:43:03.417,10489,10490,10489,1
2019-08-22 15:43:19.179,10489,10490,10489,12
2019-08-22 15:43:22.873,10488,10489,10488,13
2019-08-22 15:43:22.930,10488,10489,10488,6
2019-08-22 15:43:23.055,10488,10489,10488,3
2019-08-22 15:43:23.952,10488,10489,10488,2
2019-08-22 15:43:24.351,10488,10489,10488,2
2019-08-22 15:43:26.543,10488,10489,10488,2
2019-08-22 15:43:27.811,10488,10489,10488,1
2019-08-22 15:43:28.591,10488,10489,10488,2
2019-08-22 15:43:32.737,10488,10489,10488,1
2019-08-22 15:43:38.616,10488,10489,10488,1
2019-08-22 15:43:43.118,10488,10489,10488,1
2019-08-22 15:43:48.742,10488,10489,10488,1
2019-08-22 15:43:48.742,10488,10489,10488,3
2019-08-22 15:44:01.377,10487,10488,10488,5
2019-08-22 15:44:02.728,10487,10488,10488,4
2019-08-22 15:44:10.430,10487,10488,10488,1
2019-08-22 15:44:11.912,10487,10488,10488,4
2019-08-22 15:44:22.869,10487,10488,10488,1
2019-08-22 15:44:23.980,10487,10488,10488,1
2019-08-22 15:44:24.726,10487,10488,10488,2
2019-08-22 15:44:24.726,10487,10488,10488,2
2019-08-22 15:44:24.759,10487,10488,10488,1
2019-08-22 15:44:25.945,10488,10489,10488,1
2019-08-22 15:44:32.085,10488,10489,10488,1
2019-08-22 15:44:51.307,10488,10489,10488,1
2019-08-22 15:45:11.522,10487,10488,10488,4
2019-08-22 15:45:11.555,10487,10488,10488,2
2019-08-22 15:45:11.974,10488,10489,10489,1
2019-08-22 15:45:12.213,10488,10489,10488,1
2019-08-22 15:45:12.354,10488,10489,10489,1
2019-08-22 15:45:12.950,10488,10489,10489,1
2019-08-22 15:45:12.950,10488,10489,10489,4
2019-08-22 15:45:12.950,10488,10489,10489,3
2019-08-22 15:45:12.950,10488,10489,10489,12
2019-08-22 15:45:18.931,10489,10490,10490,2
2019-08-22 15:45:19.055,10489,10490,10490,3
2019-08-22 15:45:25.052,10489,10490,10489,1
2019-08-22 15:45:28.055,10489,10490,10490,1
2019-08-22 15:45:29.125,10489,10490,10490,1
2019-08-22 15:45:33.219,10489,10490,10489,2
2019-08-22 15:45:33.219,10489,10490,10489,1
2019-08-22 15:45:54.134,10488,10489,10488,2
2019-08-22 15:45:58.698,10488,10489,10488,5
2019-08-22 15:46:02.214,10488,10489,10489,3
2019-08-22 15:46:11.555,10489,10490,10489,1
2019-08-22 15:46:15.751,10488,10489,10488,1
2019-08-22 15:46:23.567,10487,10488,10488,1
2019-08-22 15:46:24.984,10487,10488,10488,2
2019-08-22 15:46:29.120,10487,10488,10488,1
2019-08-22 15:46:31.166,10488,10489,10488,1
2019-08-22 15:46:44.616,10488,10489,10488,5
2019-08-22 15:46:51.856,10488,10489,10488,1
2019-08-22 15:46:53.309,10488,10489,10488,1
2019-08-22 15:47:03.628,10488,10489,10488,1
2019-08-22 15:47:04.234,10488,10489,10488,1
2019-08-22 15:47:24.401,10488,10489,10488,5
2019-08-22 15:47:24.401,10488,10489,10488,13
2019-08-22 15:47:28.465,10487,10488,10488,1
2019-08-22 15:47:33.179,10487,10488,10488,3
2019-08-22 15:47:46.027,10488,10489,10488,1
2019-08-22 15:47:55.575,10487,10488,10487,14
2019-08-22 15:47:55.680,10487,10488,10487,4
2019-08-22 15:47:55.722,10487,10488,10487,4
2019-08-22 15:47:56.029,10486,10487,10487,1
2019-08-22 15:48:08.595,10486,10487,10486,24
2019-08-22 15:48:08.595,10486,10487,10486,4
2019-08-22 15:48:08.600,10486,10487,10486,8
2019-08-22 15:48:08.600,10486,10487,10486,5
2019-08-22 15:48:08.601,10486,10487,10486,1
2019-08-22 15:48:08.680,10486,10487,10486,6
2019-08-22 15:48:10.841,10485,10486,10485,1
2019-08-22 15:48:11.256,10485,10486,10485,3
2019-08-22 15:48:13.774,10485,10486,10485,25
2019-08-22 15:48:13.805,10485,10486,10485,6
2019-08-22 15:48:13.805,10485,10486,10485,2
2019-08-22 15:48:13.806,10485,10486,10485,3
2019-08-22 15:48:13.806,10485,10486,10485,1
2019-08-22 15:48:14.015,10484,10485,10485,2
2019-08-22 15:48:18.291,10484,10485,10485,1
2019-08-22 15:48:22.707,10484,10486,10484,1
2019-08-22 15:48:23.126,10484,10486,10484,2
2019-08-22 15:48:23.817,10485,10486,10485,3
2019-08-22 15:48:26.478,10485,10486,10485,3
2019-08-22 15:48:27.192,10485,10486,10485,1
2019-08-22 15:48:28.985,10485,10486,10485,2
2019-08-22 15:48:29.983,10484,10485,10485,1
2019-08-22 15:48:34.878,10484,10485,10485,3
2019-08-22 15:48:36.025,10484,10485,10485,3
2019-08-22 15:48:38.041,10484,10485,10484,1
2019-08-22 15:48:39.033,10484,10485,10485,1
2019-08-22 15:48:40.598,10484,10485,10485,1
2019-08-22 15:48:41.347,10484,10485,10485,1
2019-08-22 15:48:43.059,10484,10485,10484,1
2019-08-22 15:48:43.795,10484,10485,10485,1
2019-08-22 15:48:44.288,10484,10485,10484,1
2019-08-22 15:48:45.654,10484,10485,10484,20
2019-08-22 15:48:48.074,10484,10485,10484,6
2019-08-22 15:48:48.074,10484,10485,10484,4
2019-08-22 15:48:48.074,10484,10485,10484,4
2019-08-22 15:48:48.074,10484,10485,10484,1
2019-08-22 15:48:48.077,10484,10485,10484,2
2019-08-22 15:48:48.077,10484,10485,10484,1
2019-08-22 15:48:48.077,10484,10485,10484,1
2019-08-22 15:48:52.390,10483,10484,10483,1
2019-08-22 15:48:52.455,10483,10484,10483,1
2019-08-22 15:48:52.593,10483,10484,10483,1
2019-08-22 15:48:52.628,10483,10484,10483,1
2019-08-22 15:48:52.679,10483,10484,10483,3
2019-08-22 15:48:53.782,10483,10484,10483,1
2019-08-22 15:48:54.489,10483,10484,10483,1
2019-08-22 15:48:56.760,10483,10484,10484,2
2019-08-22 15:48:57.891,10483,10484,10483,3
2019-08-22 15:49:03.443,10483,10484,10484,8
2019-08-22 15:49:11.474,10484,10485,10484,1
2019-08-22 15:49:13.003,10484,10485,10484,3
2019-08-22 15:49:14.581,10484,10485,10484,3
2019-08-22 15:49:15.044,10484,10485,10484,3
2019-08-22 15:49:18.437,10484,10485,10484,3
2019-08-22 15:49:21.081,10484,10485,10484,3
2019-08-22 15:49:27.126,10484,10485,10485,3
2019-08-22 15:49:27.127,10484,10485,10485,3
2019-08-22 15:49:27.127,10484,10485,10485,2
2019-08-22 15:49:46.347,10485,10486,10485,1
2019-08-22 15:49:50.176,10485,10486,10486,2
2019-08-22 15:49:53.397,10485,10486,10485,1
2019-08-22 15:50:02.386,10485,10486,10486,1
2019-08-22 15:50:07.805,10485,10486,10485,4
2019-08-22 15:50:11.634,10485,10486,10486,3
2019-08-22 15:50:14.524,10485,10487,10485,2
2019-08-22 15:50:16.541,10485,10486,10485,1
2019-08-22 15:50:43.105,10485,10486,10485,1
2019-08-22 15:50:50.964,10485,10486,10485,12
2019-08-22 15:50:54.495,10484,10485,10485,1
2019-08-22 15:50:56.157,10484,10485,10485,1
2019-08-22 15:50:57.218,10484,10485,10485,1
2019-08-22 15:50:57.305,10484,10485,10485,2
2019-08-22 15:50:59.257,10485,10486,10485,1
2019-08-22 15:51:06.590,10485,10486,10485,2
2019-08-22 15:51:13.326,10485,10486,10485,3
2019-08-22 15:51:13.430,10484,10485,10484,2
2019-08-22 15:51:13.517,10484,10485,10484,2
2019-08-22 15:51:13.554,10484,10485,10484,2
2019-08-22 15:51:16.128,10483,10485,10485,2
2019-08-22 15:51:18.260,10484,10485,10485,2
2019-08-22 15:51:28.302,10484,10485,10484,1
2019-08-22 15:51:31.143,10484,10485,10485,3
2019-08-22 15:51:31.428,10485,10486,10485,1
2019-08-22 15:51:33.854,10485,10486,10486,4
2019-08-22 15:51:33.876,10485,10486,10486,2
2019-08-22 15:51:35.820,10485,10487,10485,4
2019-08-22 15:51:39.248,10485,10486,10486,1
2019-08-22 15:51:42.310,10485,10486,10485,2
2019-08-22 15:51:59.692,10484,10485,10485,2
2019-08-22 15:52:04.931,10485,10486,10485,2
2019-08-22 15:52:16.043,10485,10486,10485,1
2019-08-22 15:52:17.988,10485,10486,10485,1
2019-08-22 15:52:29.677,10485,10486,10485,1
2019-08-22 15:52:30.961,10485,10486,10485,1
2019-08-22 15:52:33.213,10485,10486,10485,2
2019-08-22 15:53:00.378,10485,10486,10485,7
2019-08-22 15:53:00.430,10485,10486,10485,3
2019-08-22 15:53:21.554,10485,10486,10485,1
2019-08-22 15:53:42.886,10485,10486,10486,3
2019-08-22 15:53:47.956,10485,10486,10486,3
2019-08-22 15:53:47.958,10485,10486,10486,1
2019-08-22 15:53:57.428,10486,10487,10486,1
2019-08-22 15:54:01.039,10485,10486,10486,1
2019-08-22 15:54:12.831,10486,10487,10487,2
2019-08-22 15:54:24.383,10486,10487,10487,2
2019-08-22 15:54:37.185,10486,10487,10487,1
2019-08-22 15:55:03.693,10486,10487,10487,1
2019-08-22 15:55:09.509,10486,10487,10487,1
2019-08-22 15:55:30.337,10486,10487,10486,10
2019-08-22 15:55:32.189,10485,10486,10486,2
2019-08-22 15:55:39.556,10485,10486,10485,11
2019-08-22 15:55:47.175,10484,10485,10484,5
2019-08-22 15:55:47.208,10484,10485,10484,1
2019-08-22 15:55:47.216,10484,10485,10484,2
2019-08-22 15:55:56.950,10483,10484,10484,5
2019-08-22 15:55:59.034,10484,10485,10484,1
2019-08-22 15:56:04.283,10484,10485,10484,1
2019-08-22 15:56:05.031,10484,10485,10484,1
2019-08-22 15:56:17.286,10484,10485,10485,1
2019-08-22 15:56:17.490,10484,10485,10485,1
2019-08-22 15:56:21.029,10484,10485,10485,1
2019-08-22 15:56:28.111,10484,10485,10485,2
2019-08-22 15:56:31.950,10485,10486,10485,1
2019-08-22 15:56:35.922,10485,10486,10485,1
2019-08-22 15:56:37.528,10485,10486,10485,1
2019-08-22 15:56:38.012,10485,10486,10485,1
2019-08-22 15:56:38.292,10485,10486,10485,1
2019-08-22 15:56:38.792,10485,10486,10485,1
2019-08-22 15:56:39.396,10485,10486,10485,1
2019-08-22 15:56:45.461,10485,10486,10486,3
2019-08-22 15:56:47.009,10485,10487,10485,1
2019-08-22 15:56:49.419,10485,10486,10486,1
2019-08-22 15:57:07.390,10486,10487,10486,3
2019-08-22 15:57:13.684,10486,10487,10486,2
2019-08-22 15:57:17.038,10486,10487,10487,2
2019-08-22 15:57:30.187,10486,10487,10486,2
2019-08-22 15:57:32.603,10486,10487,10486,1
2019-08-22 15:57:37.294,10485,10486,10486,1
2019-08-22 15:57:45.569,10485,10487,10485,3
2019-08-22 15:57:49.735,10485,10486,10486,2
2019-08-22 15:58:08.685,10485,10486,10486,3
2019-08-22 15:58:10.541,10485,10486,10486,2
2019-08-22 15:58:29.780,10486,10487,10486,1
2019-08-22 15:58:47.819,10486,10487,10486,1
2019-08-22 15:58:56.038,10486,10487,10486,1
2019-08-22 15:58:57.743,10486,10487,10486,1
2019-08-22 15:59:02.597,10486,10487,10486,1
2019-08-22 15:59:03.603,10486,10487,10486,7
2019-08-22 15:59:24.970,10486,10487,10486,1
2019-08-22 15:59:31.802,10486,10487,10486,3
2019-08-22 15:59:40.690,10486,10487,10486,1
2019-08-22 15:59:42.904,10486,10487,10486,2
2019-08-22 15:59:42.972,10486,10487,10486,1
2019-08-22 15:59:47.192,10486,10487,10486,1
2019-08-22 15:59:58.765,10486,10487,10486,1
2019-08-22 16:00:00.747,10486,10487,10486,1
2019-08-22 16:00:01.164,10486,10487,10487,1
2019-08-22 16:00:02.216,10486,10487,10487,1
2019-08-22 16:00:02.542,10486,10487,10487,11
2019-08-22 16:00:02.542,10486,10487,10487,2
2019-08-22 16:00:02.555,10486,10487,10487,17
2019-08-22 16:00:02.555,10486,10487,10487,1
2019-08-22 16:00:20.748,10487,10488,10488,5
2019-08-22 16:00:28.454,10487,10488,10488,2
2019-08-22 16:00:32.805,10487,10488,10488,2
2019-08-22 16:00:32.805,10487,10488,10488,2
2019-08-22 16:00:32.805,10487,10488,10488,1
2019-08-22 16:00:32.806,10487,10488,10488,7
2019-08-22 16:00:35.535,10488,10489,10489,5
2019-08-22 16:00:35.737,10488,10489,10489,1
2019-08-22 16:00:36.379,10488,10489,10489,1
2019-08-22 16:00:39.753,10488,10489,10488,1
2019-08-22 16:00:39.761,10488,10489,10489,1
2019-08-22 16:00:40.307,10488,10489,10489,5
2019-08-22 16:00:40.312,10488,10489,10489,6
2019-08-22 16:00:40.956,10489,10490,10489,6
2019-08-22 16:00:48.551,10488,10489,10488,1
2019-08-22 16:00:53.041,10488,10489,10488,1
2019-08-22 16:00:58.328,10488,10489,10488,1
2019-08-22 16:01:02.188,10488,10489,10488,2
2019-08-22 16:01:02.188,10488,10489,10488,5
2019-08-22 16:01:02.190,10488,10489,10488,2
2019-08-22 16:01:02.191,10488,10489,10488,5
2019-08-22 16:01:02.191,10488,10489,10488,4
2019-08-22 16:01:02.191,10488,10489,10488,6
2019-08-22 16:01:02.192,10488,10489,10488,2
2019-08-22 16:01:02.192,10488,10489,10488,2
2019-08-22 16:01:02.193,10488,10489,10488,1
2019-08-22 16:01:03.441,10487,10488,10487,6
2019-08-22 16:01:28.479,10486,10487,10486,12
2019-08-22 16:01:34.564,10485,10486,10486,2
2019-08-22 16:01:44.458,10485,10486,10486,1
2019-08-22 16:02:00.637,10485,10486,10485,1
2019-08-22 16:02:01.689,10485,10486,10486,1
2019-08-22 16:02:02.854,10485,10486,10485,2
2019-08-22 16:02:05.400,10485,10486,10485,5
2019-08-22 16:02:05.401,10485,10486,10485,5
2019-08-22 16:02:07.094,10485,10486,10485,1
2019-08-22 16:02:07.180,10485,10486,10485,1
2019-08-22 16:02:08.444,10485,10486,10485,1
2019-08-22 16:02:09.603,10485,10486,10485,2
2019-08-22 16:02:11.665,10485,10486,10485,3
2019-08-22 16:02:12.062,10484,10485,10484,1
2019-08-22 16:02:12.426,10484,10485,10484,2
2019-08-22 16:02:13.867,10484,10485,10484,1
2019-08-22 16:02:19.680,10484,10485,10485,3
2019-08-22 16:02:27.314,10484,10485,10485,1
2019-08-22 16:02:37.770,10484,10485,10484,1
2019-08-22 16:02:44.240,10484,10485,10484,1
2019-08-22 16:02:52.663,10484,10485,10484,1
2019-08-22 16:02:55.296,10484,10485,10484,9
2019-08-22 16:02:55.296,10484,10485,10484,1
2019-08-22 16:02:55.296,10484,10485,10484,2
2019-08-22 16:02:55.297,10484,10485,10484,3
2019-08-22 16:02:55.297,10484,10485,10484,1
2019-08-22 16:02:55.297,10484,10485,10484,1
2019-08-22 16:02:55.297,10484,10485,10484,4
2019-08-22 16:02:55.305,10484,10485,10484,5
2019-08-22 16:03:05.862,10483,10484,10483,2
2019-08-22 16:03:07.376,10483,10484,10484,1
2019-08-22 16:03:07.850,10483,10484,10484,7
2019-08-22 16:03:07.851,10483,10484,10484,1
2019-08-22 16:03:08.128,10484,10485,10484,1
2019-08-22 16:03:10.170,10484,10485,10485,1
2019-08-22 16:03:16.094,10484,10485,10484,1
2019-08-22 16:03:21.213,10484,10485,10485,1
2019-08-22 16:03:25.683,10484,10485,10485,2
2019-08-22 16:03:25.684,10484,10485,10485,1
2019-08-22 16:03:25.684,10484,10485,10485,1
2019-08-22 16:03:25.685,10484,10485,10485,1
2019-08-22 16:03:38.145,10484,10485,10485,4
2019-08-22 16:03:44.610,10484,10485,10484,1
2019-08-22 16:03:50.073,10484,10485,10485,3
2019-08-22 16:03:51.658,10485,10486,10485,1
2019-08-22 16:03:58.335,10485,10486,10485,1
2019-08-22 16:04:03.997,10485,10486,10485,1
2019-08-22 16:04:09.108,10485,10486,10485,2
2019-08-22 16:04:10.789,10485,10486,10486,1
2019-08-22 16:04:11.772,10485,10486,10485,1
2019-08-22 16:04:20.235,10485,10486,10486,1
2019-08-22 16:04:20.235,10485,10486,10486,2
2019-08-22 16:04:20.673,10486,10487,10486,10
2019-08-22 16:04:32.162,10486,10487,10487,1
2019-08-22 16:04:33.246,10486,10487,10487,3
2019-08-22 16:04:36.576,10486,10487,10486,1
2019-08-22 16:04:39.331,10486,10487,10487,2
2019-08-22 16:04:45.857,10486,10487,10487,1
2019-08-22 16:04:53.015,10486,10487,10487,1
2019-08-22 16:04:54.518,10486,10487,10487,1
2019-08-22 16:05:03.713,10486,10487,10487,1
2019-08-22 16:05:08.969,10486,10487,10487,1
2019-08-22 16:05:12.891,10486,10487,10486,2
2019-08-22 16:05:20.103,10486,10487,10487,2
2019-08-22 16:05:28.615,10486,10487,10486,1
2019-08-22 16:05:47.967,10486,10487,10486,2
2019-08-22 16:05:55.419,10486,10487,10486,1
2019-08-22 16:06:03.171,10486,10487,10486,1
2019-08-22 16:06:03.415,10486,10487,10486,1
2019-08-22 16:06:08.031,10486,10487,10486,1
2019-08-22 16:06:15.320,10486,10487,10486,1
2019-08-22 16:06:20.681,10486,10487,10486,1
2019-08-22 16:06:21.866,10486,10487,10486,1
2019-08-22 16:06:21.866,10486,10487,10485,4
2019-08-22 16:06:41.923,10485,10486,10485,9
2019-08-22 16:06:41.930,10485,10486,10485,10
2019-08-22 16:06:42.692,10484,10485,10485,1
2019-08-22 16:06:46.621,10484,10485,10484,3
2019-08-22 16:06:46.621,10484,10485,10484,2
2019-08-22 16:06:52.065,10483,10484,10484,1
2019-08-22 16:06:55.606,10484,10485,10484,2
2019-08-22 16:06:58.228,10484,10485,10484,4
2019-08-22 16:07:02.103,10483,10484,10484,1
2019-08-22 16:07:09.305,10484,10485,10484,1
2019-08-22 16:07:12.667,10484,10485,10484,1
2019-08-22 16:07:24.180,10484,10485,10484,1
2019-08-22 16:07:24.574,10484,10485,10484,5
2019-08-22 16:07:47.964,10484,10485,10485,2
2019-08-22 16:07:53.740,10484,10485,10485,1
2019-08-22 16:08:04.651,10484,10485,10484,1
2019-08-22 16:08:05.197,10484,10485,10484,5
2019-08-22 16:08:10.519,10484,10485,10485,2
2019-08-22 16:08:20.073,10484,10485,10484,10
2019-08-22 16:08:22.766,10483,10485,10483,5
2019-08-22 16:08:39.998,10483,10484,10483,1
2019-08-22 16:08:51.123,10483,10484,10483,1
2019-08-22 16:08:55.319,10483,10484,10483,2
2019-08-22 16:08:56.646,10483,10484,10483,1
2019-08-22 16:09:00.638,10483,10484,10483,10
2019-08-22 16:09:13.240,10483,10484,10483,1
2019-08-22 16:09:14.171,10483,10484,10483,2
2019-08-22 16:09:19.811,10483,10484,10484,3
2019-08-22 16:09:27.838,10484,10485,10484,1
2019-08-22 16:09:27.887,10484,10485,10484,1
2019-08-22 16:09:30.470,10483,10484,10484,2
2019-08-22 16:09:44.519,10483,10484,10484,1
2019-08-22 16:09:48.606,10483,10484,10483,1
2019-08-22 16:10:02.379,10483,10484,10484,2
2019-08-22 16:10:04.911,10484,10485,10485,2
2019-08-22 16:10:06.494,10485,10486,10485,1
2019-08-22 16:10:40.635,10484,10485,10484,1
2019-08-22 16:10:57.373,10484,10485,10484,2
2019-08-22 16:10:59.562,10484,10485,10485,1
2019-08-22 16:11:01.809,10485,10486,10485,1
2019-08-22 16:11:06.009,10485,10486,10485,1
2019-08-22 16:11:09.799,10485,10486,10485,1
2019-08-22 16:11:16.227,10485,10486,10486,4
2019-08-22 16:11:16.227,10485,10486,10486,1
2019-08-22 16:11:16.228,10485,10486,10486,1
2019-08-22 16:11:23.975,10486,10487,10487,4
2019-08-22 16:11:32.749,10486,10487,10486,1
2019-08-22 16:12:05.351,10486,10487,10486,1
2019-08-22 16:12:24.654,10486,10487,10486,1
2019-08-22 16:12:25.390,10486,10487,10486,5
2019-08-22 16:12:25.390,10486,10487,10486,1
2019-08-22 16:12:25.390,10486,10487,10486,1
2019-08-22 16:13:12.334,10485,10486,10485,1
2019-08-22 16:13:16.646,10485,10486,10485,1
2019-08-22 16:13:43.888,10485,10486,10486,3
2019-08-22 16:14:08.417,10485,10486,10486,2
2019-08-22 16:14:08.594,10485,10486,10485,1
2019-08-22 16:14:16.105,10485,10486,10485,1
2019-08-22 16:14:20.516,10485,10486,10485,2
2019-08-22 16:14:26.755,10485,10486,10486,1
2019-08-22 16:14:26.762,10485,10486,10486,2
2019-08-22 16:14:31.757,10485,10486,10486,1
2019-08-22 16:14:37.951,10485,10487,10485,1
2019-08-22 16:15:00.618,10485,10486,10485,1
2019-08-22 16:15:11.271,10485,10486,10485,1
2019-08-22 16:15:52.605,10485,10486,10485,1
2019-08-22 16:16:04.146,10485,10486,10485,1
2019-08-22 16:16:08.106,10485,10486,10485,5
2019-08-22 16:16:22.704,10484,10485,10484,3
2019-08-22 16:16:22.704,10484,10485,10484,2
2019-08-22 16:16:22.705,10484,10485,10484,6
2019-08-22 16:16:22.705,10484,10485,10484,10
2019-08-22 16:16:22.705,10484,10485,10484,1
2019-08-22 16:16:22.705,10484,10485,10484,1
2019-08-22 16:16:22.705,10484,10485,10484,2
2019-08-22 16:16:22.805,10484,10485,10484,2
2019-08-22 16:16:23.064,10483,10484,10484,2
2019-08-22 16:16:24.575,10484,10485,10484,1
2019-08-22 16:16:28.371,10483,10484,10484,1
2019-08-22 16:16:32.919,10484,10485,10484,4
2019-08-22 16:16:44.663,10484,10485,10484,1
2019-08-22 16:16:47.530,10484,10485,10485,2
2019-08-22 16:16:47.531,10484,10485,10485,1
2019-08-22 16:16:47.531,10484,10485,10485,1
2019-08-22 16:16:47.532,10484,10485,10485,1
2019-08-22 16:17:36.656,10484,10485,10484,1
2019-08-22 16:17:56.441,10484,10485,10484,10
2019-08-22 16:18:11.831,10483,10484,10483,1
2019-08-22 16:18:11.833,10483,10484,10483,3
2019-08-22 16:18:11.848,10483,10484,10483,3
2019-08-22 16:18:11.889,10483,10484,10483,2
2019-08-22 16:18:11.910,10483,10484,10483,3
2019-08-22 16:18:11.922,10483,10484,10483,3
2019-08-22 16:18:11.930,10483,10484,10483,1
2019-08-22 16:18:11.930,10483,10484,10483,2
2019-08-22 16:18:11.930,10483,10484,10483,16
2019-08-22 16:18:11.931,10483,10484,10483,1
2019-08-22 16:18:28.018,10482,10483,10483,2
2019-08-22 16:18:28.019,10482,10483,10483,1
2019-08-22 16:18:28.019,10482,10483,10483,2
2019-08-22 16:18:28.585,10483,10484,10483,1
2019-08-22 16:18:46.379,10483,10484,10483,1
2019-08-22 16:18:49.851,10483,10484,10483,6
2019-08-22 16:18:51.835,10482,10483,10482,1
2019-08-22 16:18:58.723,10482,10483,10483,1
2019-08-22 16:19:04.759,10482,10483,10482,1
2019-08-22 16:19:11.391,10482,10483,10483,5
2019-08-22 16:19:11.391,10482,10483,10483,1
2019-08-22 16:19:11.392,10482,10483,10483,3
2019-08-22 16:19:20.717,10483,10484,10483,1
2019-08-22 16:19:21.091,10483,10484,10483,2
2019-08-22 16:19:22.503,10482,10484,10482,30
2019-08-22 16:19:28.626,10482,10483,10482,10
2019-08-22 16:19:31.470,10482,10483,10482,2
2019-08-22 16:19:49.032,10482,10483,10483,1
2019-08-22 16:19:49.928,10482,10483,10483,2
2019-08-22 16:19:57.596,10483,10484,10483,1
2019-08-22 16:20:12.659,10483,10484,10483,1
2019-08-22 16:20:54.787,10483,10484,10484,2
2019-08-22 16:20:54.963,10483,10484,10484,2
2019-08-22 16:20:55.055,10483,10484,10484,1
2019-08-22 16:20:58.196,10484,10485,10484,1
2019-08-22 16:20:58.585,10484,10485,10484,4
2019-08-22 16:20:58.585,10484,10485,10484,5
2019-08-22 16:20:59.563,10483,10484,10484,2
2019-08-22 16:21:02.643,10483,10484,10484,2
2019-08-22 16:21:02.939,10483,10484,10484,2
2019-08-22 16:21:03.163,10483,10484,10484,2
2019-08-22 16:21:04.047,10483,10484,10484,2
2019-08-22 16:21:04.430,10484,10485,10484,2
2019-08-22 16:21:04.653,10483,10485,10483,1
2019-08-22 16:21:10.114,10484,10485,10484,5
2019-08-22 16:21:14.324,10483,10484,10483,4
2019-08-22 16:21:16.658,10483,10484,10484,2
2019-08-22 16:21:19.273,10483,10484,10484,2
2019-08-22 16:21:23.804,10483,10484,10484,2
2019-08-22 16:21:47.103,10483,10484,10483,10
2019-08-22 16:21:50.193,10483,10484,10483,2
2019-08-22 16:21:50.193,10483,10484,10483,2
2019-08-22 16:21:50.193,10483,10484,10483,1
2019-08-22 16:21:50.193,10483,10484,10483,6
2019-08-22 16:21:50.193,10483,10484,10483,2
2019-08-22 16:21:50.193,10483,10484,10483,1
2019-08-22 16:21:56.625,10482,10483,10482,1
2019-08-22 16:22:06.256,10482,10484,10482,1
2019-08-22 16:22:12.770,10482,10484,10482,1
2019-08-22 16:22:15.491,10482,10483,10482,1
2019-08-22 16:22:15.760,10482,10483,10482,4
2019-08-22 16:22:19.498,10482,10483,10482,1
2019-08-22 16:22:26.129,10482,10483,10482,2
2019-08-22 16:22:33.976,10482,10483,10483,1
2019-08-22 16:22:48.582,10482,10483,10482,5
2019-08-22 16:22:48.676,10482,10483,10482,1
2019-08-22 16:22:51.671,10482,10483,10482,1
2019-08-22 16:22:52.172,10482,10483,10482,15
2019-08-22 16:22:52.898,10481,10482,10482,1
2019-08-22 16:22:53.357,10482,10483,10482,1
2019-08-22 16:22:53.607,10482,10483,10482,1
2019-08-22 16:22:54.608,10481,10483,10481,1
2019-08-22 16:22:54.753,10481,10483,10481,1
2019-08-22 16:23:05.166,10481,10482,10481,1
2019-08-22 16:23:05.271,10481,10482,10481,1
2019-08-22 16:23:11.734,10481,10482,10481,1
2019-08-22 16:23:12.370,10481,10482,10481,1
2019-08-22 16:23:13.230,10481,10482,10481,1
2019-08-22 16:23:13.651,10481,10482,10481,1
2019-08-22 16:23:16.437,10481,10482,10481,1
2019-08-22 16:23:16.642,10481,10482,10482,1
2019-08-22 16:23:17.145,10481,10482,10481,1
2019-08-22 16:23:17.615,10481,10482,10481,2
2019-08-22 16:23:22.458,10481,10482,10482,2
2019-08-22 16:23:30.528,10481,10482,10481,2
2019-08-22 16:23:40.705,10481,10482,10481,1
2019-08-22 16:23:43.044,10481,10482,10482,1
2019-08-22 16:23:43.391,10481,10482,10482,1
2019-08-22 16:23:44.924,10481,10482,10482,1
2019-08-22 16:23:53.585,10481,10482,10481,2
2019-08-22 16:23:53.681,10481,10482,10481,18
2019-08-22 16:23:53.805,10481,10482,10481,2
2019-08-22 16:23:53.805,10481,10482,10481,2
2019-08-22 16:23:53.805,10481,10482,10481,2
2019-08-22 16:23:55.165,10480,10481,10481,1
2019-08-22 16:23:59.728,10480,10481,10481,1
2019-08-22 16:24:04.966,10480,10481,10481,1
2019-08-22 16:24:05.381,10480,10481,10481,1
2019-08-22 16:24:08.442,10481,10482,10481,2
2019-08-22 16:24:10.450,10481,10482,10481,2
2019-08-22 16:24:10.866,10481,10482,10481,2
2019-08-22 16:24:11.218,10481,10482,10481,1
2019-08-22 16:24:11.782,10481,10482,10481,1
2019-08-22 16:24:12.641,10481,10482,10481,2
2019-08-22 16:24:19.124,10481,10482,10481,1
2019-08-22 16:24:22.406,10481,10482,10481,1
2019-08-22 16:24:32.625,10481,10482,10481,1
2019-08-22 16:24:32.930,10481,10482,10482,9
2019-08-22 16:24:33.425,10481,10482,10481,1
2019-08-22 16:24:34.044,10481,10482,10482,1
2019-08-22 16:24:36.693,10481,10482,10482,1
2019-08-22 16:24:36.693,10481,10482,10483,3
2019-08-22 16:24:37.038,10481,10483,10481,1
2019-08-22 16:24:48.684,10481,10482,10481,1
2019-08-22 16:24:48.940,10481,10482,10481,1
2019-08-22 16:24:58.561,10481,10482,10481,2
2019-08-22 16:25:03.991,10481,10482,10482,3
2019-08-22 16:25:13.009,10481,10482,10481,2
2019-08-22 16:25:15.515,10481,10482,10482,1
2019-08-22 16:25:16.745,10481,10482,10481,2
2019-08-22 16:25:16.921,10481,10482,10481,2
2019-08-22 16:25:17.282,10481,10482,10481,1
2019-08-22 16:25:17.569,10481,10482,10481,2
2019-08-22 16:25:17.680,10481,10482,10481,1
2019-08-22 16:25:18.157,10481,10482,10481,1
2019-08-22 16:25:23.659,10481,10482,10481,2
2019-08-22 16:25:24.603,10481,10482,10481,1
2019-08-22 16:25:25.097,10481,10482,10481,1
2019-08-22 16:25:37.840,10481,10482,10481,3
2019-08-22 16:25:45.148,10481,10482,10482,4
2019-08-22 16:26:02.733,10481,10482,10481,1
2019-08-22 16:26:03.812,10481,10482,10482,1
2019-08-22 16:26:07.887,10481,10482,10481,1
2019-08-22 16:26:07.890,10481,10482,10481,3
2019-08-22 16:26:07.894,10481,10482,10481,2
2019-08-22 16:26:07.895,10481,10482,10481,1
2019-08-22 16:26:07.895,10481,10482,10481,3
2019-08-22 16:26:09.570,10480,10481,10480,2
2019-08-22 16:26:09.727,10480,10481,10480,1
2019-08-22 16:26:09.870,10480,10481,10480,2
2019-08-22 16:26:09.952,10480,10481,10480,1
2019-08-22 16:26:10.012,10480,10481,10480,1
2019-08-22 16:26:10.017,10480,10481,10480,2
2019-08-22 16:26:10.111,10480,10481,10480,2
2019-08-22 16:26:11.966,10480,10481,10480,2
2019-08-22 16:26:12.241,10480,10481,10480,2
2019-08-22 16:26:12.598,10480,10481,10480,1
2019-08-22 16:26:12.617,10480,10481,10480,2
2019-08-22 16:26:14.096,10480,10481,10480,2
2019-08-22 16:26:14.410,10480,10481,10480,2
2019-08-22 16:26:15.185,10480,10481,10480,2
2019-08-22 16:26:15.601,10480,10481,10480,2
2019-08-22 16:26:15.904,10480,10481,10480,2
2019-08-22 16:26:15.930,10480,10481,10480,2
2019-08-22 16:26:16.055,10480,10481,10480,1
2019-08-22 16:26:16.451,10480,10481,10480,1
2019-08-22 16:26:16.555,10480,10481,10480,7
2019-08-22 16:26:16.579,10480,10481,10480,1
2019-08-22 16:26:17.447,10480,10481,10480,2
2019-08-22 16:26:17.841,10480,10481,10480,2
2019-08-22 16:26:18.281,10480,10481,10480,2
2019-08-22 16:26:20.050,10480,10481,10480,2
2019-08-22 16:26:22.242,10480,10481,10480,1
2019-08-22 16:26:25.852,10480,10481,10480,6
2019-08-22 16:26:28.812,10480,10481,10480,2
2019-08-22 16:26:30.221,10480,10481,10480,27
2019-08-22 16:26:31.859,10479,10480,10480,2
2019-08-22 16:26:39.201,10479,10480,10480,2
2019-08-22 16:26:43.163,10479,10480,10479,2
2019-08-22 16:26:43.192,10479,10480,10479,1
2019-08-22 16:26:45.225,10479,10480,10479,1
2019-08-22 16:26:45.425,10479,10480,10479,1
2019-08-22 16:26:45.601,10479,10480,10479,1
2019-08-22 16:26:47.013,10479,10480,10479,1
2019-08-22 16:26:48.428,10479,10480,10480,1
2019-08-22 16:26:48.481,10479,10480,10479,2
2019-08-22 16:26:50.636,10479,10480,10479,1
2019-08-22 16:26:53.601,10479,10480,10479,1
2019-08-22 16:26:54.967,10479,10480,10479,1
2019-08-22 16:27:02.847,10479,10480,10479,6
2019-08-22 16:27:03.324,10479,10480,10479,1
2019-08-22 16:27:08.245,10479,10480,10479,1
2019-08-22 16:27:08.648,10479,10480,10479,1
2019-08-22 16:27:09.338,10479,10480,10479,1
2019-08-22 16:27:10.375,10479,10480,10479,3
2019-08-22 16:27:13.061,10479,10480,10479,1
2019-08-22 16:27:14.006,10479,10480,10479,1
2019-08-22 16:27:14.505,10479,10480,10479,1
2019-08-22 16:27:16.369,10479,10480,10479,2
2019-08-22 16:27:16.724,10479,10480,10479,1
2019-08-22 16:27:18.386,10479,10480,10479,1
2019-08-22 16:27:20.435,10479,10480,10479,1
2019-08-22 16:27:21.150,10479,10480,10479,1
2019-08-22 16:27:21.153,10479,10480,10479,1
2019-08-22 16:27:21.197,10479,10480,10479,1
2019-08-22 16:27:29.722,10479,10480,10479,4
2019-08-22 16:27:48.451,10478,10479,10479,1
2019-08-22 16:27:53.177,10478,10479,10479,2
2019-08-22 16:27:53.911,10478,10479,10479,1
2019-08-22 16:27:57.172,10478,10479,10479,1
2019-08-22 16:28:00.701,10478,10479,10478,1
2019-08-22 16:28:01.073,10478,10479,10478,3
2019-08-22 16:28:01.690,10478,10479,10478,4
2019-08-22 16:28:01.947,10478,10479,10479,1
2019-08-22 16:28:02.892,10478,10479,10478,5
2019-08-22 16:28:04.787,10478,10479,10478,2
2019-08-22 16:28:07.985,10478,10479,10478,1
2019-08-22 16:28:13.607,10478,10479,10478,5
2019-08-22 16:28:15.239,10478,10479,10478,1
2019-08-22 16:28:16.557,10478,10479,10478,2
2019-08-22 16:28:17.861,10478,10479,10478,1
2019-08-22 16:28:26.402,10477,10478,10478,1
2019-08-22 16:28:31.497,10477,10478,10478,6
2019-08-22 16:28:31.497,10477,10478,10478,7
2019-08-22 16:28:40.581,10478,10479,10479,9
2019-08-22 16:28:40.857,10478,10479,10478,1
2019-08-22 16:28:43.210,10478,10479,10478,1
2019-08-22 16:28:43.331,10478,10479,10478,1
2019-08-22 16:28:44.570,10478,10479,10478,1
2019-08-22 16:28:45.813,10478,10479,10478,2
2019-08-22 16:28:48.800,10478,10479,10478,6
2019-08-22 16:28:49.061,10477,10478,10478,1
2019-08-22 16:28:52.676,10477,10478,10477,1
2019-08-22 16:28:52.708,10477,10478,10477,1
2019-08-22 16:28:52.728,10477,10478,10477,1
2019-08-22 16:28:52.742,10477,10478,10477,1
2019-08-22 16:28:52.787,10477,10478,10477,1
2019-08-22 16:29:01.252,10477,10478,10477,1
2019-08-22 16:29:03.772,10477,10478,10477,30
2019-08-22 16:29:05.969,10476,10477,10476,1
2019-08-22 16:29:06.290,10476,10477,10476,1
2019-08-22 16:29:08.019,10476,10477,10476,5
2019-08-22 16:29:08.664,10476,10477,10476,1
2019-08-22 16:29:08.960,10476,10477,10476,5
2019-08-22 16:29:12.099,10476,10477,10476,1
2019-08-22 16:29:12.101,10476,10477,10476,1
2019-08-22 16:29:12.101,10476,10477,10476,8
2019-08-22 16:29:12.101,10476,10477,10476,1
2019-08-22 16:29:12.101,10476,10477,10476,7
2019-08-22 16:29:12.640,10475,10476,10475,1
2019-08-22 16:29:12.728,10475,10476,10476,1
2019-08-22 16:29:12.737,10475,10476,10475,1
2019-08-22 16:29:12.758,10475,10476,10475,2
2019-08-22 16:29:15.015,10475,10476,10476,1
2019-08-22 16:29:15.193,10475,10476,10475,2
2019-08-22 16:29:15.313,10475,10476,10475,1
2019-08-22 16:29:15.597,10475,10476,10475,1
2019-08-22 16:29:16.100,10475,10476,10475,2
2019-08-22 16:29:16.962,10475,10476,10476,2
2019-08-22 16:29:19.025,10475,10476,10475,1
2019-08-22 16:29:20.626,10475,10476,10475,2
2019-08-22 16:29:21.351,10475,10476,10475,2
2019-08-22 16:29:22.107,10475,10476,10475,3
2019-08-22 16:29:23.601,10475,10476,10475,6
2019-08-22 16:29:23.818,10475,10476,10475,1
2019-08-22 16:29:24.478,10475,10476,10475,1
2019-08-22 16:29:24.865,10474,10475,10474,1
2019-08-22 16:29:24.961,10474,10475,10475,1
2019-08-22 16:29:24.978,10474,10475,10475,1
2019-08-22 16:29:25.106,10474,10476,10474,2
2019-08-22 16:29:25.767,10474,10475,10474,1
2019-08-22 16:29:26.411,10474,10475,10475,1
2019-08-22 16:29:29.559,10474,10475,10475,1
2019-08-22 16:29:30.327,10474,10475,10475,1
2019-08-22 16:29:31.090,10474,10475,10474,3
2019-08-22 16:29:31.098,10474,10475,10475,1
2019-08-22 16:29:35.048,10474,10475,10474,2
2019-08-22 16:29:35.738,10473,10475,10475,3
2019-08-22 16:29:36.739,10473,10475,10473,1
2019-08-22 16:29:36.823,10473,10475,10473,1
2019-08-22 16:29:36.990,10473,10475,10473,1
2019-08-22 16:29:41.952,10474,10475,10474,1
2019-08-22 16:29:44.668,10474,10475,10474,1
2019-08-22 16:29:45.679,10474,10475,10475,1
2019-08-22 16:29:47.274,10474,10475,10474,1
2019-08-22 16:29:48.078,10474,10475,10475,1
2019-08-22 16:29:48.313,10474,10475,10474,1
2019-08-22 16:29:48.413,10474,10475,10474,1
2019-08-22 16:29:48.505,10474,10475,10474,1
2019-08-22 16:29:49.930,10473,10474,10474,2
2019-08-22 16:29:50.039,10473,10474,10474,1
2019-08-22 16:29:52.127,10473,10474,10474,3
2019-08-22 16:29:52.364,10473,10474,10473,1
2019-08-22 16:29:52.749,10473,10474,10473,1
2019-08-22 16:29:57.471,10473,10474,10473,4
2019-08-22 16:29:57.708,10473,10474,10473,1
2019-08-22 16:30:02.018,10473,10474,10473,1
2019-08-22 16:30:02.357,10473,10474,10473,4
2019-08-22 16:30:02.363,10473,10474,10473,2
2019-08-22 16:30:02.364,10473,10474,10473,5
2019-08-22 16:30:02.369,10473,10474,10473,1
2019-08-22 16:30:02.369,10473,10474,10472,4
2019-08-22 16:30:02.387,10473,10474,10472,3
2019-08-22 16:30:02.424,10473,10474,10472,2
2019-08-22 16:30:02.895,10472,10473,10472,1
2019-08-22 16:30:02.939,10472,10473,10473,1
2019-08-22 16:30:02.991,10472,10473,10473,1
2019-08-22 16:30:03.226,10472,10473,10472,4
2019-08-22 16:30:03.556,10472,10473,10473,1
2019-08-22 16:30:03.810,10472,10474,10472,2
2019-08-22 16:30:04.215,10472,10473,10473,1
2019-08-22 16:30:08.704,10473,10474,10473,2
2019-08-22 16:30:09.146,10473,10474,10473,1
2019-08-22 16:30:09.305,10473,10474,10474,1
2019-08-22 16:30:09.548,10473,10474,10474,1
2019-08-22 16:30:11.580,10473,10474,10473,4
2019-08-22 16:30:12.666,10473,10474,10474,1
2019-08-22 16:30:13.221,10473,10474,10474,2
2019-08-22 16:30:17.349,10474,10475,10475,1
2019-08-22 16:30:18.140,10474,10475,10474,1
2019-08-22 16:30:21.597,10474,10475,10475,8
2019-08-22 16:30:22.581,10474,10475,10474,1
2019-08-22 16:30:23.856,10474,10475,10474,6
2019-08-22 16:30:24.873,10474,10475,10475,2
2019-08-22 16:30:33.326,10474,10475,10475,1
2019-08-22 16:30:33.616,10474,10475,10474,1
2019-08-22 16:30:34.907,10474,10475,10475,1
2019-08-22 16:30:36.685,10474,10475,10474,1
2019-08-22 16:30:37.598,10474,10475,10475,2
2019-08-22 16:30:38.462,10474,10475,10475,18
2019-08-22 16:30:38.555,10474,10475,10475,1
2019-08-22 16:30:39.355,10475,10476,10475,1
2019-08-22 16:30:39.377,10475,10476,10475,2
2019-08-22 16:30:39.556,10475,10476,10475,2
2019-08-22 16:30:42.643,10474,10475,10475,1
2019-08-22 16:30:42.819,10474,10475,10475,2
2019-08-22 16:30:44.285,10474,10475,10475,2
2019-08-22 16:30:44.826,10474,10475,10475,1
2019-08-22 16:30:46.605,10474,10475,10475,1
2019-08-22 16:30:53.019,10474,10475,10475,1
2019-08-22 16:30:55.460,10474,10475,10474,1
2019-08-22 16:31:00.046,10474,10475,10475,5
2019-08-22 16:31:00.956,10474,10475,10475,2
2019-08-22 16:31:03.521,10474,10475,10475,3
2019-08-22 16:31:03.521,10474,10475,10475,2
2019-08-22 16:31:04.208,10475,10476,10476,3
2019-08-22 16:31:20.714,10475,10476,10476,1
2019-08-22 16:31:21.011,10475,10476,10476,1
2019-08-22 16:31:22.858,10475,10476,10476,2
2019-08-22 16:31:25.345,10475,10476,10476,1
2019-08-22 16:31:28.622,10475,10476,10475,1
2019-08-22 16:31:30.460,10475,10476,10475,9
2019-08-22 16:31:33.771,10474,10475,10474,2
2019-08-22 16:31:34.227,10474,10475,10474,2
2019-08-22 16:31:37.912,10474,10475,10474,8
2019-08-22 16:31:38.737,10473,10474,10474,3
2019-08-22 16:31:40.570,10473,10474,10474,1
2019-08-22 16:31:42.527,10473,10474,10473,15
2019-08-22 16:31:42.751,10472,10473,10473,5
2019-08-22 16:31:46.775,10472,10473,10473,1
2019-08-22 16:32:03.566,10472,10473,10472,1
2019-08-22 16:32:04.002,10472,10473,10473,2
2019-08-22 16:32:04.005,10472,10473,10473,1
2019-08-22 16:32:04.073,10472,10473,10473,3
2019-08-22 16:32:04.099,10472,10473,10473,3
2019-08-22 16:32:04.099,10472,10473,10473,3
2019-08-22 16:32:04.100,10472,10473,10473,2
2019-08-22 16:32:04.101,10472,10473,10473,3
2019-08-22 16:32:04.120,10472,10473,10473,5
2019-08-22 16:32:04.121,10472,10473,10473,3
2019-08-22 16:32:04.123,10472,10473,10473,1
2019-08-22 16:32:04.125,10472,10473,10473,2
2019-08-22 16:32:04.126,10472,10473,10473,2
2019-08-22 16:32:04.145,10472,10473,10473,2
2019-08-22 16:32:04.145,10472,10473,10473,3
2019-08-22 16:32:04.166,10472,10473,10473,3
2019-08-22 16:32:04.305,10472,10473,10473,1
2019-08-22 16:32:04.310,10472,10473,10473,3
2019-08-22 16:32:04.315,10472,10473,10473,3
2019-08-22 16:32:04.330,10472,10473,10473,3
2019-08-22 16:32:04.332,10472,10473,10473,3
2019-08-22 16:32:04.333,10472,10473,10473,1
2019-08-22 16:32:04.333,10472,10473,10474,2
2019-08-22 16:32:04.358,10472,10473,10474,1
2019-08-22 16:32:04.517,10473,10474,10474,2
2019-08-22 16:32:04.571,10473,10474,10474,3
2019-08-22 16:32:04.574,10473,10474,10474,2
2019-08-22 16:32:04.594,10473,10474,10474,3
2019-08-22 16:32:04.595,10473,10474,10475,3
2019-08-22 16:32:04.611,10473,10474,10475,3
2019-08-22 16:32:04.612,10473,10474,10475,2
2019-08-22 16:32:04.614,10473,10474,10475,1
2019-08-22 16:32:04.616,10473,10474,10475,1
2019-08-22 16:32:05.465,10474,10475,10474,1
2019-08-22 16:32:05.644,10474,10475,10475,1
