2019-04-01 15:00:00.044,10643,10643,10643,31,31
2019-04-01 15:00:00.058,10643,10643,10643,1,1
2019-04-01 15:00:00.058,10643,10643,10643,2,2
2019-04-01 15:00:00.109,10643,10643,10643,9,9
2019-04-01 15:00:00.109,10642,10642,10642,6,-6
2019-04-01 15:00:00.233,10642,10642,10642,2,2
2019-04-01 15:00:00.520,10642,10642,10642,1,1
2019-04-01 15:00:00.801,10643,10643,10643,3,3
2019-04-01 15:00:00.843,10642,10642,10642,2,-2
2019-04-01 15:00:00.931,10642,10642,10642,1,1
2019-04-01 15:00:01.005,10643,10643,10643,3,3
2019-04-01 15:00:01.282,10643,10643,10643,3,3
2019-04-01 15:00:01.714,10643,10643,10643,6,6
2019-04-01 15:00:02.497,10643,10643,10643,2,2
2019-04-01 15:00:02.665,10642,10642,10642,1,-1
2019-04-01 15:00:02.771,10642,10642,10642,4,4
2019-04-01 15:00:02.782,10642,10642,10642,4,4
2019-04-01 15:00:02.789,10642,10642,10642,1,1
2019-04-01 15:00:02.825,10642,10642,10642,1,1
2019-04-01 15:00:02.949,10641,10641,10641,7,-7
2019-04-01 15:00:03.862,10641,10641,10641,2,2
2019-04-01 15:00:04.401,10642,10642,10642,2,2
2019-04-01 15:00:04.407,10642,10642,10642,2,2
2019-04-01 15:00:06.910,10642,10642,10642,1,1
2019-04-01 15:00:07.236,10643,10643,10643,3,3
2019-04-01 15:00:12.081,10643,10643,10643,1,1
2019-04-01 15:00:12.244,10643,10643,10643,1,1
2019-04-01 15:00:12.412,10643,10643,10643,1,1
2019-04-01 15:00:13.028,10643,10643,10643,1,1
2019-04-01 15:00:13.532,10643,10643,10643,1,1
2019-04-01 15:00:14.408,10643,10643,10643,1,1
2019-04-01 15:00:14.500,10644,10644,10644,1,1
2019-04-01 15:00:14.660,10644,10644,10644,1,1
2019-04-01 15:00:14.828,10644,10644,10644,1,1
2019-04-01 15:00:15.990,10644,10644,10644,1,1
2019-04-01 15:00:16.385,10644,10644,10644,1,1
2019-04-01 15:00:16.850,10643,10643,10643,1,-1
2019-04-01 15:00:17.643,10644,10644,10644,1,1
2019-04-01 15:00:18.423,10644,10644,10644,1,1
2019-04-01 15:00:18.562,10644,10644,10644,1,1
2019-04-01 15:00:18.727,10644,10644,10644,1,1
2019-04-01 15:00:18.782,10644,10644,10644,1,1
2019-04-01 15:00:18.907,10644,10644,10644,2,2
2019-04-01 15:00:19.105,10644,10644,10644,1,1
2019-04-01 15:00:19.239,10644,10644,10644,3,3
2019-04-01 15:00:19.478,10644,10644,10644,4,4
2019-04-01 15:00:19.559,10644,10644,10644,4,4
2019-04-01 15:00:19.991,10643,10643,10643,3,-3
2019-04-01 15:00:20.822,10645,10645,10645,3,3
2019-04-01 15:00:24.460,10645,10645,10645,1,1
2019-04-01 15:00:24.612,10645,10645,10645,1,1
2019-04-01 15:00:24.788,10645,10645,10645,1,1
2019-04-01 15:00:25.121,10645,10645,10645,3,3
2019-04-01 15:00:25.121,10646,10646,10646,1,1
2019-04-01 15:00:26.223,10645,10645,10645,1,-1
2019-04-01 15:00:26.312,10645,10645,10645,1,1
2019-04-01 15:00:26.958,10645,10645,10645,1,1
2019-04-01 15:00:28.715,10646,10646,10646,1,1
2019-04-01 15:00:29.236,10645,10645,10645,10,-10
2019-04-01 15:00:33.016,10645,10645,10645,2,2
2019-04-01 15:00:35.244,10645,10645,10645,1,1
2019-04-01 15:00:37.749,10644,10644,10644,1,-1
2019-04-01 15:00:39.491,10645,10645,10645,2,2
2019-04-01 15:00:46.051,10645,10645,10645,1,1
2019-04-01 15:00:47.872,10645,10645,10645,6,6
2019-04-01 15:00:47.872,10645,10645,10645,4,4
2019-04-01 15:00:53.510,10645,10645,10645,2,2
2019-04-01 15:00:54.206,10645,10645,10645,1,1
2019-04-01 15:00:54.230,10646,10646,10646,1,1
2019-04-01 15:00:57.320,10646,10646,10646,2,2
2019-04-01 15:00:57.322,10646,10646,10646,1,1
2019-04-01 15:00:57.437,10646,10646,10646,11,11
2019-04-01 15:01:00.015,10647,10647,10647,17,17
2019-04-01 15:01:00.096,10647,10647,10647,1,1
2019-04-01 15:01:00.171,10647,10647,10647,1,1
2019-04-01 15:01:00.729,10646,10646,10646,1,-1
2019-04-01 15:01:01.408,10647,10647,10647,1,1
2019-04-01 15:01:01.935,10647,10647,10647,1,1
2019-04-01 15:01:03.028,10647,10647,10647,7,7
2019-04-01 15:01:03.337,10647,10647,10647,4,4
2019-04-01 15:01:03.525,10647,10647,10647,4,4
2019-04-01 15:01:04.097,10647,10647,10647,3,3
2019-04-01 15:01:04.911,10647,10647,10647,1,1
2019-04-01 15:01:14.636,10647,10647,10647,1,1
2019-04-01 15:01:18.210,10647,10647,10647,2,2
2019-04-01 15:01:18.354,10647,10647,10647,2,2
2019-04-01 15:01:19.050,10647,10647,10647,1,1
2019-04-01 15:01:24.159,10646,10646,10646,5,-5
2019-04-01 15:01:24.539,10647,10647,10647,2,2
2019-04-01 15:01:24.754,10646,10646,10646,1,-1
2019-04-01 15:01:24.754,10646,10646,10646,1,1
2019-04-01 15:01:25.878,10646,10646,10646,1,1
2019-04-01 15:01:34.924,10645,10645,10645,2,-2
2019-04-01 15:01:35.382,10646,10646,10646,4,4
2019-04-01 15:01:36.140,10646,10646,10646,2,2
2019-04-01 15:01:37.886,10645,10645,10645,1,-1
2019-04-01 15:01:38.042,10646,10646,10646,1,1
2019-04-01 15:01:38.440,10645,10645,10645,1,-1
2019-04-01 15:01:40.710,10646,10646,10646,1,1
2019-04-01 15:01:43.558,10646,10646,10646,1,1
2019-04-01 15:01:44.426,10646,10646,10646,2,2
2019-04-01 15:01:44.618,10646,10646,10646,2,2
2019-04-01 15:01:45.300,10646,10646,10646,2,2
2019-04-01 15:01:46.403,10646,10646,10646,2,2
2019-04-01 15:01:47.182,10646,10646,10646,2,2
2019-04-01 15:01:47.986,10646,10646,10646,2,2
2019-04-01 15:02:00.814,10645,10645,10645,1,-1
2019-04-01 15:02:01.204,10646,10646,10646,2,2
2019-04-01 15:02:02.135,10646,10646,10646,10,10
2019-04-01 15:02:02.320,10646,10646,10646,2,2
2019-04-01 15:02:02.703,10646,10646,10646,2,2
2019-04-01 15:02:03.555,10646,10646,10646,1,1
2019-04-01 15:02:03.642,10646,10646,10646,2,2
2019-04-01 15:02:03.886,10646,10646,10646,2,2
2019-04-01 15:02:05.512,10646,10646,10646,2,2
2019-04-01 15:02:06.033,10646,10646,10646,4,4
2019-04-01 15:02:08.083,10646,10646,10646,10,10
2019-04-01 15:02:09.471,10646,10646,10646,1,1
2019-04-01 15:02:11.693,10646,10646,10646,6,6
2019-04-01 15:02:11.933,10646,10646,10646,2,2
2019-04-01 15:02:11.940,10646,10646,10646,2,2
2019-04-01 15:02:12.368,10646,10646,10646,2,2
2019-04-01 15:02:12.368,10647,10647,10647,3,3
2019-04-01 15:02:13.502,10646,10646,10646,1,-1
2019-04-01 15:02:13.502,10647,10647,10647,4,4
2019-04-01 15:02:14.968,10647,10647,10647,1,1
2019-04-01 15:02:15.862,10646,10646,10646,2,-2
2019-04-01 15:02:17.635,10646,10646,10646,5,5
2019-04-01 15:02:17.858,10647,10647,10647,1,1
2019-04-01 15:02:32.809,10646,10646,10646,1,-1
2019-04-01 15:02:38.339,10646,10646,10646,2,2
2019-04-01 15:03:00.593,10645,10645,10645,1,-1
2019-04-01 15:03:08.416,10645,10645,10645,1,1
2019-04-01 15:03:08.775,10646,10646,10646,1,1
2019-04-01 15:03:26.128,10645,10645,10645,1,-1
2019-04-01 15:03:27.046,10646,10646,10646,12,12
2019-04-01 15:03:35.787,10646,10646,10646,1,1
2019-04-01 15:03:36.213,10646,10646,10646,1,1
2019-04-01 15:03:38.371,10646,10646,10646,1,1
2019-04-01 15:03:41.854,10647,10647,10647,1,1
2019-04-01 15:03:43.790,10647,10647,10647,2,2
2019-04-01 15:03:46.486,10647,10647,10647,2,2
2019-04-01 15:03:51.077,10646,10646,10646,25,-25
2019-04-01 15:03:51.077,10645,10645,10645,5,-5
2019-04-01 15:03:51.320,10646,10646,10646,2,2
2019-04-01 15:03:51.328,10646,10646,10646,2,2
2019-04-01 15:03:51.486,10646,10646,10646,2,2
2019-04-01 15:04:02.227,10646,10646,10646,1,1
2019-04-01 15:04:08.754,10646,10646,10646,1,1
2019-04-01 15:04:09.849,10645,10645,10645,1,-1
2019-04-01 15:04:15.062,10645,10645,10645,2,2
2019-04-01 15:04:20.248,10645,10645,10645,14,14
2019-04-01 15:04:20.282,10645,10645,10645,2,2
2019-04-01 15:04:34.213,10645,10645,10645,1,1
2019-04-01 15:04:45.061,10645,10645,10645,12,12
2019-04-01 15:04:45.157,10645,10645,10645,2,2
2019-04-01 15:04:45.282,10645,10645,10645,2,2
2019-04-01 15:04:45.407,10645,10645,10645,2,2
2019-04-01 15:04:53.774,10645,10645,10645,1,1
2019-04-01 15:04:54.036,10645,10645,10645,1,1
2019-04-01 15:04:57.759,10645,10645,10645,1,1
2019-04-01 15:05:00.550,10645,10645,10645,1,1
2019-04-01 15:05:00.947,10645,10645,10645,2,2
2019-04-01 15:05:01.460,10644,10644,10644,2,-2
2019-04-01 15:05:01.578,10644,10644,10644,2,2
2019-04-01 15:05:01.586,10645,10645,10645,1,1
2019-04-01 15:05:02.971,10645,10645,10645,1,1
2019-04-01 15:05:03.631,10645,10645,10645,3,3
2019-04-01 15:05:03.632,10645,10645,10645,1,1
2019-04-01 15:05:09.002,10645,10645,10645,1,1
2019-04-01 15:05:16.656,10644,10644,10644,1,-1
2019-04-01 15:05:23.692,10644,10644,10644,8,8
2019-04-01 15:05:24.254,10644,10644,10644,6,6
2019-04-01 15:05:24.254,10644,10644,10644,2,2
2019-04-01 15:05:24.254,10644,10644,10644,1,1
2019-04-01 15:05:29.134,10643,10643,10643,1,-1
2019-04-01 15:05:29.192,10643,10643,10643,1,1
2019-04-01 15:05:30.718,10643,10643,10643,1,1
2019-04-01 15:05:30.719,10643,10643,10643,5,5
2019-04-01 15:05:36.759,10642,10642,10642,1,-1
2019-04-01 15:05:37.470,10642,10642,10642,1,1
2019-04-01 15:05:40.195,10642,10642,10642,1,1
2019-04-01 15:05:40.597,10641,10641,10641,1,-1
2019-04-01 15:05:40.765,10641,10641,10641,1,1
2019-04-01 15:05:40.941,10641,10641,10641,1,1
2019-04-01 15:05:42.383,10641,10641,10641,1,1
2019-04-01 15:05:46.543,10642,10642,10642,2,2
2019-04-01 15:05:47.244,10641,10641,10641,1,-1
2019-04-01 15:05:49.876,10641,10641,10641,1,1
2019-04-01 15:05:56.409,10642,10642,10642,1,1
2019-04-01 15:05:57.504,10642,10642,10642,1,1
2019-04-01 15:06:05.789,10643,10643,10643,2,2
2019-04-01 15:06:09.744,10644,10644,10644,2,2
2019-04-01 15:06:10.656,10644,10644,10644,1,1
2019-04-01 15:06:20.072,10644,10644,10644,1,1
2019-04-01 15:06:21.809,10644,10644,10644,1,1
2019-04-01 15:06:22.941,10644,10644,10644,1,1
2019-04-01 15:06:26.226,10645,10645,10645,2,2
2019-04-01 15:06:26.482,10645,10645,10645,2,2
2019-04-01 15:06:26.532,10645,10645,10645,1,1
2019-04-01 15:06:33.550,10645,10645,10645,1,1
2019-04-01 15:06:38.597,10646,10646,10646,3,3
2019-04-01 15:06:47.784,10646,10646,10646,6,6
2019-04-01 15:06:48.239,10646,10646,10646,1,1
2019-04-01 15:06:48.239,10646,10646,10646,1,1
2019-04-01 15:06:48.241,10646,10646,10646,1,1
2019-04-01 15:06:48.242,10646,10646,10646,1,1
2019-04-01 15:06:59.506,10646,10646,10646,1,1
2019-04-01 15:07:02.657,10647,10647,10647,2,2
2019-04-01 15:07:02.901,10647,10647,10647,4,4
2019-04-01 15:07:02.911,10647,10647,10647,4,4
2019-04-01 15:07:02.913,10647,10647,10647,4,4
2019-04-01 15:07:02.925,10647,10647,10647,1,1
2019-04-01 15:07:03.865,10646,10646,10646,15,-15
2019-04-01 15:07:05.239,10646,10646,10646,1,1
2019-04-01 15:07:05.790,10647,10647,10647,1,1
2019-04-01 15:07:08.192,10646,10646,10646,2,-2
2019-04-01 15:07:14.927,10646,10646,10646,2,2
2019-04-01 15:07:15.513,10646,10646,10646,1,1
2019-04-01 15:07:35.287,10646,10646,10646,2,2
2019-04-01 15:07:39.123,10645,10645,10645,1,-1
2019-04-01 15:07:39.494,10646,10646,10646,1,1
2019-04-01 15:07:47.570,10645,10645,10645,15,-15
2019-04-01 15:07:48.983,10644,10644,10644,4,-4
2019-04-01 15:07:49.194,10644,10644,10644,4,4
2019-04-01 15:08:01.234,10645,10645,10645,5,5
2019-04-01 15:08:02.264,10645,10645,10645,1,1
2019-04-01 15:08:02.760,10646,10646,10646,1,1
2019-04-01 15:08:05.432,10646,10646,10646,1,1
2019-04-01 15:08:07.418,10646,10646,10646,1,1
2019-04-01 15:08:14.175,10646,10646,10646,3,3
2019-04-01 15:08:14.282,10646,10646,10646,15,15
2019-04-01 15:08:20.085,10646,10646,10646,1,1
2019-04-01 15:08:23.011,10646,10646,10646,1,1
2019-04-01 15:08:27.919,10646,10646,10646,1,1
2019-04-01 15:08:27.922,10647,10647,10647,1,1
2019-04-01 15:08:30.552,10647,10647,10647,2,2
2019-04-01 15:08:35.634,10647,10647,10647,1,1
2019-04-01 15:08:42.458,10646,10646,10646,1,-1
2019-04-01 15:08:54.467,10646,10646,10646,4,4
2019-04-01 15:09:05.955,10646,10646,10646,1,1
2019-04-01 15:09:13.792,10646,10646,10646,13,13
2019-04-01 15:09:17.454,10646,10646,10646,1,1
2019-04-01 15:09:30.907,10647,10647,10647,1,1
2019-04-01 15:09:31.202,10647,10647,10647,1,1
2019-04-01 15:09:31.204,10647,10647,10647,35,35
2019-04-01 15:09:36.086,10648,10648,10648,1,1
2019-04-01 15:09:36.226,10647,10647,10647,1,-1
2019-04-01 15:09:36.255,10647,10647,10647,1,1
2019-04-01 15:09:36.389,10648,10648,10648,1,1
2019-04-01 15:09:49.526,10648,10648,10648,5,5
2019-04-01 15:09:49.532,10648,10648,10648,1,1
2019-04-01 15:09:49.532,10648,10648,10648,2,2
2019-04-01 15:09:49.532,10648,10648,10648,1,1
2019-04-01 15:09:49.534,10648,10648,10648,1,1
2019-04-01 15:09:49.534,10648,10648,10648,3,3
2019-04-01 15:09:51.409,10649,10649,10649,11,11
2019-04-01 15:09:51.574,10649,10649,10649,1,1
2019-04-01 15:09:51.801,10649,10649,10649,2,2
2019-04-01 15:09:52.154,10650,10650,10650,4,4
2019-04-01 15:09:52.179,10650,10650,10650,2,2
2019-04-01 15:09:52.198,10650,10650,10650,2,2
2019-04-01 15:09:52.872,10650,10650,10650,2,2
2019-04-01 15:09:53.110,10650,10650,10650,1,1
2019-04-01 15:09:53.708,10649,10649,10649,1,-1
2019-04-01 15:09:53.946,10650,10650,10650,1,1
2019-04-01 15:09:53.988,10650,10650,10650,1,1
2019-04-01 15:09:54.447,10650,10650,10650,1,1
2019-04-01 15:09:56.531,10650,10650,10650,2,2
2019-04-01 15:09:58.642,10650,10650,10650,1,1
2019-04-01 15:10:00.370,10651,10651,10651,1,1
2019-04-01 15:10:00.671,10651,10651,10651,1,1
2019-04-01 15:10:00.792,10651,10651,10651,1,1
2019-04-01 15:10:03.436,10651,10651,10651,2,2
2019-04-01 15:10:03.686,10651,10651,10651,1,1
2019-04-01 15:10:04.491,10651,10651,10651,1,1
2019-04-01 15:10:07.169,10651,10651,10651,1,1
2019-04-01 15:10:07.365,10651,10651,10651,1,1
2019-04-01 15:10:08.786,10651,10651,10651,2,2
2019-04-01 15:10:08.795,10651,10651,10651,6,6
2019-04-01 15:10:09.035,10652,10652,10652,12,12
2019-04-01 15:10:09.267,10652,10652,10652,5,5
2019-04-01 15:10:09.799,10652,10652,10652,1,1
2019-04-01 15:10:10.930,10652,10652,10652,1,1
2019-04-01 15:10:15.985,10652,10652,10652,2,2
2019-04-01 15:10:17.152,10653,10653,10653,1,1
2019-04-01 15:10:18.126,10653,10653,10653,2,2
2019-04-01 15:10:23.501,10653,10653,10653,1,1
2019-04-01 15:10:29.510,10653,10653,10653,1,1
2019-04-01 15:10:32.573,10653,10653,10653,1,1
2019-04-01 15:10:36.702,10653,10653,10653,5,5
2019-04-01 15:10:37.110,10653,10653,10653,5,5
2019-04-01 15:10:38.041,10653,10653,10653,1,1
2019-04-01 15:10:38.464,10653,10653,10653,1,1
2019-04-01 15:10:39.336,10653,10653,10653,1,1
2019-04-01 15:10:39.941,10653,10653,10653,1,1
2019-04-01 15:10:42.423,10653,10653,10653,1,1
2019-04-01 15:10:44.668,10653,10653,10653,2,2
2019-04-01 15:10:45.024,10653,10653,10653,1,1
2019-04-01 15:10:46.386,10653,10653,10653,1,1
2019-04-01 15:10:46.644,10653,10653,10653,1,1
2019-04-01 15:10:56.635,10652,10652,10652,21,-21
2019-04-01 15:10:56.876,10652,10652,10652,2,2
2019-04-01 15:10:59.180,10652,10652,10652,1,1
2019-04-01 15:10:59.383,10652,10652,10652,1,1
2019-04-01 15:10:59.673,10652,10652,10652,1,1
2019-04-01 15:11:01.284,10651,10651,10651,3,-3
2019-04-01 15:11:03.063,10652,10652,10652,2,2
2019-04-01 15:11:03.306,10652,10652,10652,2,2
2019-04-01 15:11:03.564,10652,10652,10652,2,2
2019-04-01 15:11:04.536,10652,10652,10652,2,2
2019-04-01 15:11:04.537,10652,10652,10652,1,1
2019-04-01 15:11:04.781,10652,10652,10652,1,1
2019-04-01 15:11:05.849,10652,10652,10652,1,1
2019-04-01 15:11:06.527,10652,10652,10652,1,1
2019-04-01 15:11:06.581,10653,10653,10653,2,2
2019-04-01 15:11:08.399,10652,10652,10652,1,-1
2019-04-01 15:11:10.756,10652,10652,10652,1,1
2019-04-01 15:11:12.269,10652,10652,10652,1,1
2019-04-01 15:11:12.328,10652,10652,10652,1,1
2019-04-01 15:11:12.376,10652,10652,10652,1,1
2019-04-01 15:11:12.407,10652,10652,10652,1,1
2019-04-01 15:11:18.238,10652,10652,10652,3,3
2019-04-01 15:11:18.801,10652,10652,10652,1,1
2019-04-01 15:11:22.150,10652,10652,10652,5,5
2019-04-01 15:11:23.994,10653,10653,10653,2,2
2019-04-01 15:11:23.995,10652,10652,10652,4,-4
2019-04-01 15:11:26.503,10652,10652,10652,1,1
2019-04-01 15:11:32.004,10653,10653,10653,1,1
2019-04-01 15:11:34.510,10653,10653,10653,6,6
2019-04-01 15:11:39.604,10653,10653,10653,2,2
2019-04-01 15:11:44.239,10653,10653,10653,1,1
2019-04-01 15:12:11.932,10653,10653,10653,1,1
2019-04-01 15:12:18.059,10652,10652,10652,2,-2
2019-04-01 15:12:19.090,10653,10653,10653,1,1
2019-04-01 15:12:21.015,10652,10652,10652,1,-1
2019-04-01 15:12:34.389,10652,10652,10652,1,1
2019-04-01 15:12:34.409,10652,10652,10652,50,50
2019-04-01 15:12:39.743,10651,10651,10651,1,-1
2019-04-01 15:12:40.197,10651,10651,10651,16,16
2019-04-01 15:12:41.443,10650,10650,10650,1,-1
2019-04-01 15:12:41.527,10651,10651,10651,1,1
2019-04-01 15:12:41.786,10650,10650,10650,21,-21
2019-04-01 15:12:41.786,10649,10649,10649,19,-19
2019-04-01 15:12:41.803,10649,10649,10649,37,37
2019-04-01 15:12:41.803,10648,10648,10648,3,-3
2019-04-01 15:12:41.818,10648,10648,10648,39,39
2019-04-01 15:12:41.818,10647,10647,10647,1,-1
2019-04-01 15:12:41.825,10648,10648,10648,1,1
2019-04-01 15:12:41.825,10647,10647,10647,21,-21
2019-04-01 15:12:41.908,10647,10647,10647,8,8
2019-04-01 15:12:41.908,10647,10647,10647,2,2
2019-04-01 15:12:42.157,10648,10648,10648,5,5
2019-04-01 15:12:42.282,10647,10647,10647,6,-6
2019-04-01 15:12:42.282,10647,10647,10647,2,2
2019-04-01 15:12:42.407,10647,10647,10647,2,2
2019-04-01 15:12:42.421,10647,10647,10647,2,2
2019-04-01 15:12:42.532,10647,10647,10647,2,2
2019-04-01 15:12:42.646,10647,10647,10647,1,1
2019-04-01 15:12:42.721,10646,10646,10646,4,-4
2019-04-01 15:12:42.785,10646,10646,10646,4,4
2019-04-01 15:12:42.846,10646,10646,10646,1,1
2019-04-01 15:12:42.846,10646,10646,10646,1,1
2019-04-01 15:12:42.846,10646,10646,10646,1,1
2019-04-01 15:12:42.849,10646,10646,10646,1,1
2019-04-01 15:12:42.909,10645,10645,10645,5,-5
2019-04-01 15:12:42.949,10646,10646,10646,1,1
2019-04-01 15:12:43.032,10646,10646,10646,1,1
2019-04-01 15:12:43.907,10646,10646,10646,3,3
2019-04-01 15:12:44.190,10646,10646,10646,1,1
2019-04-01 15:12:44.555,10647,10647,10647,4,4
2019-04-01 15:12:46.823,10648,10648,10648,3,3
2019-04-01 15:13:01.999,10646,10646,10646,2,-2
2019-04-01 15:13:11.637,10647,10647,10647,5,5
2019-04-01 15:13:11.659,10647,10647,10647,4,4
2019-04-01 15:13:16.578,10648,10648,10648,1,1
2019-04-01 15:13:21.225,10648,10648,10648,6,6
2019-04-01 15:13:23.546,10648,10648,10648,1,1
2019-04-01 15:13:24.203,10648,10648,10648,1,1
2019-04-01 15:13:24.248,10648,10648,10648,1,1
2019-04-01 15:13:25.785,10648,10648,10648,1,1
2019-04-01 15:13:26.361,10648,10648,10648,1,1
2019-04-01 15:13:40.101,10648,10648,10648,3,3
2019-04-01 15:13:42.260,10649,10649,10649,2,2
2019-04-01 15:13:42.298,10648,10648,10648,4,-4
2019-04-01 15:13:42.541,10648,10648,10648,1,1
2019-04-01 15:13:42.573,10648,10648,10648,1,1
2019-04-01 15:13:42.818,10648,10648,10648,2,2
2019-04-01 15:13:45.464,10649,10649,10649,3,3
2019-04-01 15:13:50.576,10648,10648,10648,1,-1
2019-04-01 15:13:54.386,10648,10648,10648,1,1
2019-04-01 15:13:59.002,10648,10648,10648,1,1
2019-04-01 15:14:05.535,10648,10648,10648,1,1
2019-04-01 15:14:12.518,10648,10648,10648,1,1
2019-04-01 15:14:13.116,10649,10649,10649,2,2
2019-04-01 15:14:13.452,10649,10649,10649,7,7
2019-04-01 15:14:17.477,10650,10650,10650,2,2
2019-04-01 15:14:19.186,10649,10649,10649,1,-1
2019-04-01 15:14:19.987,10649,10649,10649,2,2
2019-04-01 15:14:20.356,10649,10649,10649,1,1
2019-04-01 15:14:23.213,10650,10650,10650,2,2
2019-04-01 15:14:35.008,10649,10649,10649,1,-1
2019-04-01 15:14:35.779,10650,10650,10650,1,1
2019-04-01 15:15:11.621,10650,10650,10650,1,1
2019-04-01 15:15:26.135,10650,10650,10650,4,4
2019-04-01 15:15:26.532,10649,10649,10649,1,-1
2019-04-01 15:15:46.261,10650,10650,10650,4,4
2019-04-01 15:15:46.619,10649,10649,10649,1,-1
2019-04-01 15:15:54.830,10649,10649,10649,1,1
2019-04-01 15:15:54.830,10649,10649,10649,10,10
2019-04-01 15:15:54.950,10648,10648,10648,1,-1
2019-04-01 15:15:55.074,10649,10649,10649,2,2
2019-04-01 15:15:55.081,10649,10649,10649,2,2
2019-04-01 15:15:55.312,10649,10649,10649,2,2
2019-04-01 15:15:55.320,10649,10649,10649,2,2
2019-04-01 15:16:14.232,10649,10649,10649,1,1
2019-04-01 15:16:48.368,10649,10649,10649,1,1
2019-04-01 15:16:48.910,10649,10649,10649,2,2
2019-04-01 15:16:51.925,10649,10649,10649,2,2
2019-04-01 15:16:55.701,10649,10649,10649,2,2
2019-04-01 15:16:55.939,10649,10649,10649,2,2
2019-04-01 15:16:56.177,10649,10649,10649,2,2
2019-04-01 15:16:56.414,10649,10649,10649,1,1
2019-04-01 15:16:56.532,10649,10649,10649,1,1
2019-04-01 15:17:17.852,10649,10649,10649,2,2
2019-04-01 15:17:19.089,10649,10649,10649,1,1
2019-04-01 15:17:23.831,10649,10649,10649,1,1
2019-04-01 15:17:24.404,10649,10649,10649,1,1
2019-04-01 15:17:24.405,10649,10649,10649,1,1
2019-04-01 15:17:24.405,10649,10649,10649,1,1
2019-04-01 15:17:24.407,10649,10649,10649,3,3
2019-04-01 15:17:24.647,10649,10649,10649,1,1
2019-04-01 15:17:24.782,10649,10649,10649,1,1
2019-04-01 15:17:25.019,10649,10649,10649,1,1
2019-04-01 15:17:26.226,10649,10649,10649,1,1
2019-04-01 15:17:26.226,10648,10648,10648,2,-2
2019-04-01 15:17:26.467,10649,10649,10649,1,1
2019-04-01 15:17:30.301,10649,10649,10649,3,3
2019-04-01 15:17:45.583,10649,10649,10649,5,5
2019-04-01 15:17:45.583,10648,10648,10648,1,-1
2019-04-01 15:17:56.324,10649,10649,10649,1,1
2019-04-01 15:18:00.964,10648,10648,10648,1,-1
2019-04-01 15:18:01.884,10648,10648,10648,1,1
2019-04-01 15:18:02.479,10649,10649,10649,1,1
2019-04-01 15:18:02.508,10649,10649,10649,1,1
2019-04-01 15:18:02.521,10649,10649,10649,1,1
2019-04-01 15:18:02.525,10649,10649,10649,1,1
2019-04-01 15:18:03.303,10648,10648,10648,1,-1
2019-04-01 15:18:04.357,10648,10648,10648,1,1
2019-04-01 15:18:07.804,10649,10649,10649,1,1
2019-04-01 15:18:07.994,10649,10649,10649,2,2
2019-04-01 15:18:21.552,10649,10649,10649,2,2
2019-04-01 15:18:21.984,10649,10649,10649,1,1
2019-04-01 15:18:22.010,10649,10649,10649,1,1
2019-04-01 15:18:41.494,10648,10648,10648,1,-1
2019-04-01 15:18:42.032,10649,10649,10649,1,1
2019-04-01 15:18:50.680,10649,10649,10649,1,1
2019-04-01 15:19:12.621,10649,10649,10649,5,5
2019-04-01 15:19:13.096,10648,10648,10648,2,-2
2019-04-01 15:19:13.221,10649,10649,10649,1,1
2019-04-01 15:19:15.037,10649,10649,10649,1,1
2019-04-01 15:19:15.037,10649,10649,10649,1,1
2019-04-01 15:19:15.122,10649,10649,10649,1,1
2019-04-01 15:19:15.274,10649,10649,10649,1,1
2019-04-01 15:19:16.869,10649,10649,10649,1,1
2019-04-01 15:19:17.108,10649,10649,10649,2,2
2019-04-01 15:19:27.350,10649,10649,10649,20,20
2019-04-01 15:19:29.326,10649,10649,10649,2,2
2019-04-01 15:19:29.461,10649,10649,10649,1,1
2019-04-01 15:19:29.563,10649,10649,10649,1,1
2019-04-01 15:19:38.415,10649,10649,10649,1,1
2019-04-01 15:19:40.230,10649,10649,10649,1,1
2019-04-01 15:19:48.170,10649,10649,10649,2,2
2019-04-01 15:19:51.435,10649,10649,10649,1,1
2019-04-01 15:19:51.471,10648,10648,10648,1,-1
2019-04-01 15:19:53.283,10649,10649,10649,1,1
2019-04-01 15:20:01.161,10649,10649,10649,2,2
2019-04-01 15:20:02.339,10649,10649,10649,1,1
2019-04-01 15:20:08.755,10649,10649,10649,2,2
2019-04-01 15:20:08.760,10649,10649,10649,3,3
2019-04-01 15:20:12.564,10649,10649,10649,3,3
2019-04-01 15:20:14.201,10649,10649,10649,7,7
2019-04-01 15:20:14.521,10649,10649,10649,1,1
2019-04-01 15:20:19.366,10649,10649,10649,6,6
2019-04-01 15:20:21.271,10649,10649,10649,1,1
2019-04-01 15:20:52.500,10649,10649,10649,6,6
2019-04-01 15:20:53.908,10649,10649,10649,5,5
2019-04-01 15:21:13.842,10649,10649,10649,1,1
2019-04-01 15:21:30.246,10648,10648,10648,1,-1
2019-04-01 15:21:36.710,10648,10648,10648,1,1
2019-04-01 15:21:55.111,10649,10649,10649,1,1
2019-04-01 15:21:55.112,10649,10649,10649,1,1
2019-04-01 15:21:55.112,10649,10649,10649,13,13
2019-04-01 15:21:55.112,10649,10649,10649,1,1
2019-04-01 15:21:55.157,10649,10649,10649,1,1
2019-04-01 15:21:56.338,10649,10649,10649,1,1
2019-04-01 15:22:09.956,10649,10649,10649,1,1
2019-04-01 15:22:21.500,10649,10649,10649,2,2
2019-04-01 15:22:25.709,10649,10649,10649,2,2
2019-04-01 15:22:29.339,10649,10649,10649,1,1
2019-04-01 15:22:29.793,10649,10649,10649,1,1
2019-04-01 15:22:34.552,10649,10649,10649,3,3
2019-04-01 15:23:02.981,10649,10649,10649,2,2
2019-04-01 15:23:03.220,10649,10649,10649,2,2
2019-04-01 15:23:03.462,10649,10649,10649,2,2
2019-04-01 15:23:03.700,10649,10649,10649,2,2
2019-04-01 15:23:03.939,10649,10649,10649,1,1
2019-04-01 15:23:13.190,10649,10649,10649,1,1
2019-04-01 15:23:13.214,10649,10649,10649,2,2
2019-04-01 15:23:13.453,10649,10649,10649,1,1
2019-04-01 15:23:15.182,10649,10649,10649,1,1
2019-04-01 15:23:15.419,10649,10649,10649,1,1
2019-04-01 15:23:28.239,10649,10649,10649,3,3
2019-04-01 15:23:44.026,10649,10649,10649,1,1
2019-04-01 15:23:45.220,10649,10649,10649,1,1
2019-04-01 15:23:48.300,10649,10649,10649,1,1
2019-04-01 15:24:10.994,10649,10649,10649,1,1
2019-04-01 15:24:13.777,10649,10649,10649,1,1
2019-04-01 15:24:13.777,10649,10649,10649,2,2
2019-04-01 15:24:14.015,10649,10649,10649,2,2
2019-04-01 15:24:14.251,10649,10649,10649,1,1
2019-04-01 15:24:25.903,10649,10649,10649,1,1
2019-04-01 15:24:30.727,10649,10649,10649,1,1
2019-04-01 15:24:39.548,10649,10649,10649,1,1
2019-04-01 15:24:42.122,10649,10649,10649,3,3
2019-04-01 15:24:42.122,10649,10649,10649,1,1
2019-04-01 15:24:42.122,10649,10649,10649,1,1
2019-04-01 15:24:48.040,10649,10649,10649,1,1
2019-04-01 15:24:48.040,10649,10649,10649,1,1
2019-04-01 15:24:48.157,10649,10649,10649,1,1
2019-04-01 15:24:48.282,10649,10649,10649,1,1
2019-04-01 15:24:50.293,10649,10649,10649,1,1
2019-04-01 15:25:09.643,10649,10649,10649,2,2
2019-04-01 15:25:23.024,10649,10649,10649,1,1
2019-04-01 15:25:23.024,10649,10649,10649,4,4
2019-04-01 15:25:23.263,10649,10649,10649,2,2
2019-04-01 15:25:25.120,10649,10649,10649,2,2
2019-04-01 15:25:25.360,10649,10649,10649,2,2
2019-04-01 15:25:42.681,10649,10649,10649,10,10
2019-04-01 15:25:52.923,10649,10649,10649,1,1
2019-04-01 15:25:55.609,10649,10649,10649,1,1
2019-04-01 15:25:56.931,10650,10650,10650,2,2
2019-04-01 15:26:23.009,10649,10649,10649,1,-1
2019-04-01 15:26:27.739,10649,10649,10649,1,1
2019-04-01 15:26:30.654,10649,10649,10649,1,1
2019-04-01 15:26:42.278,10650,10650,10650,25,25
2019-04-01 15:26:52.620,10650,10650,10650,1,1
2019-04-01 15:27:06.681,10650,10650,10650,2,2
2019-04-01 15:27:09.074,10650,10650,10650,17,17
2019-04-01 15:27:14.872,10650,10650,10650,1,1
2019-04-01 15:27:52.068,10650,10650,10650,1,1
2019-04-01 15:28:02.519,10651,10651,10651,1,1
2019-04-01 15:28:02.867,10651,10651,10651,4,4
2019-04-01 15:28:04.890,10651,10651,10651,1,1
2019-04-01 15:28:16.253,10651,10651,10651,3,3
2019-04-01 15:28:18.716,10651,10651,10651,1,1
2019-04-01 15:28:18.719,10651,10651,10651,1,1
2019-04-01 15:28:18.719,10651,10651,10651,9,9
2019-04-01 15:28:20.232,10651,10651,10651,1,1
2019-04-01 15:28:22.789,10652,10652,10652,1,1
2019-04-01 15:28:24.929,10652,10652,10652,1,1
2019-04-01 15:28:32.143,10651,10651,10651,1,-1
2019-04-01 15:28:43.066,10651,10651,10651,10,10
2019-04-01 15:28:43.306,10651,10651,10651,1,1
2019-04-01 15:28:43.347,10651,10651,10651,1,1
2019-04-01 15:28:43.434,10652,10652,10652,1,1
2019-04-01 15:28:43.584,10651,10651,10651,1,-1
2019-04-01 15:28:43.657,10651,10651,10651,1,1
2019-04-01 15:28:46.313,10650,10650,10650,1,-1
2019-04-01 15:29:09.642,10651,10651,10651,2,2
2019-04-01 15:29:12.140,10651,10651,10651,1,1
2019-04-01 15:29:12.140,10651,10651,10651,1,1
2019-04-01 15:29:28.973,10651,10651,10651,2,2
2019-04-01 15:29:41.973,10651,10651,10651,1,1
2019-04-01 15:29:46.628,10651,10651,10651,3,3
2019-04-01 15:29:51.613,10651,10651,10651,1,1
2019-04-01 15:29:57.409,10651,10651,10651,1,1
2019-04-01 15:29:59.053,10651,10651,10651,1,1
2019-04-01 15:30:00.616,10651,10651,10651,1,1
2019-04-01 15:30:01.300,10651,10651,10651,5,5
2019-04-01 15:30:01.514,10651,10651,10651,1,1
2019-04-01 15:30:03.060,10651,10651,10651,2,2
2019-04-01 15:30:04.839,10650,10650,10650,6,-6
2019-04-01 15:30:11.145,10650,10650,10650,6,6
2019-04-01 15:30:11.157,10650,10650,10650,17,17
2019-04-01 15:30:11.282,10650,10650,10650,1,1
2019-04-01 15:30:16.277,10650,10650,10650,1,1
2019-04-01 15:30:17.826,10649,10649,10649,1,-1
2019-04-01 15:30:18.748,10649,10649,10649,2,2
2019-04-01 15:30:24.599,10650,10650,10650,1,1
2019-04-01 15:30:42.211,10649,10649,10649,1,-1
2019-04-01 15:30:44.877,10649,10649,10649,6,6
2019-04-01 15:30:46.385,10649,10649,10649,1,1
2019-04-01 15:30:46.878,10649,10649,10649,1,1
2019-04-01 15:30:47.791,10649,10649,10649,1,1
2019-04-01 15:30:51.582,10649,10649,10649,1,1
2019-04-01 15:30:56.770,10650,10650,10650,8,8
2019-04-01 15:31:08.762,10650,10650,10650,1,1
2019-04-01 15:31:16.845,10650,10650,10650,1,1
2019-04-01 15:31:27.410,10650,10650,10650,1,1
2019-04-01 15:31:44.927,10650,10650,10650,1,1
2019-04-01 15:31:49.879,10651,10651,10651,2,2
2019-04-01 15:31:59.428,10650,10650,10650,2,-2
2019-04-01 15:31:59.429,10650,10650,10650,11,11
2019-04-01 15:32:17.068,10650,10650,10650,2,2
2019-04-01 15:32:21.072,10649,10649,10649,1,-1
2019-04-01 15:32:25.251,10649,10649,10649,1,1
2019-04-01 15:32:29.663,10650,10650,10650,1,1
2019-04-01 15:32:29.664,10650,10650,10650,1,1
2019-04-01 15:32:44.086,10650,10650,10650,5,5
2019-04-01 15:32:50.869,10650,10650,10650,1,1
2019-04-01 15:33:05.434,10650,10650,10650,2,2
2019-04-01 15:33:07.297,10650,10650,10650,1,1
2019-04-01 15:33:10.453,10650,10650,10650,1,1
2019-04-01 15:33:21.264,10650,10650,10650,3,3
2019-04-01 15:33:22.217,10650,10650,10650,2,2
2019-04-01 15:33:22.217,10650,10650,10650,2,2
2019-04-01 15:33:25.281,10650,10650,10650,1,1
2019-04-01 15:33:26.395,10650,10650,10650,1,1
2019-04-01 15:33:32.225,10651,10651,10651,1,1
2019-04-01 15:33:32.282,10651,10651,10651,9,9
2019-04-01 15:33:34.260,10651,10651,10651,1,1
2019-04-01 15:33:38.515,10651,10651,10651,2,2
2019-04-01 15:33:42.006,10651,10651,10651,1,1
2019-04-01 15:34:05.159,10651,10651,10651,1,1
2019-04-01 15:35:17.370,10651,10651,10651,1,1
2019-04-01 15:35:17.830,10652,10652,10652,1,1
2019-04-01 15:35:27.022,10652,10652,10652,2,2
2019-04-01 15:35:27.032,10652,10652,10652,1,1
2019-04-01 15:35:28.910,10652,10652,10652,2,2
2019-04-01 15:35:29.032,10652,10652,10652,1,1
2019-04-01 15:35:29.157,10652,10652,10652,1,1
2019-04-01 15:35:33.532,10652,10652,10652,1,1
2019-04-01 15:35:33.635,10652,10652,10652,1,1
2019-04-01 15:35:33.657,10652,10652,10652,1,1
2019-04-01 15:35:38.984,10652,10652,10652,1,1
2019-04-01 15:35:54.517,10652,10652,10652,1,1
2019-04-01 15:35:54.519,10652,10652,10652,8,8
2019-04-01 15:35:54.532,10652,10652,10652,4,4
2019-04-01 15:35:58.377,10652,10652,10652,1,1
2019-04-01 15:36:01.663,10652,10652,10652,1,1
2019-04-01 15:36:02.212,10652,10652,10652,1,1
2019-04-01 15:36:03.542,10651,10651,10651,10,-10
2019-04-01 15:36:03.685,10651,10651,10651,12,12
2019-04-01 15:36:04.210,10651,10651,10651,1,1
2019-04-01 15:36:04.396,10651,10651,10651,1,1
2019-04-01 15:36:04.426,10651,10651,10651,4,4
2019-04-01 15:36:04.454,10651,10651,10651,1,1
2019-04-01 15:36:58.764,10651,10651,10651,2,2
2019-04-01 15:36:58.764,10651,10651,10651,2,2
2019-04-01 15:36:58.764,10651,10651,10651,1,1
2019-04-01 15:36:58.765,10651,10651,10651,1,1
2019-04-01 15:37:06.589,10652,10652,10652,1,1
2019-04-01 15:37:43.134,10651,10651,10651,1,-1
2019-04-01 15:37:43.537,10652,10652,10652,1,1
2019-04-01 15:37:53.304,10652,10652,10652,1,1
2019-04-01 15:38:19.124,10652,10652,10652,2,2
2019-04-01 15:38:37.077,10651,10651,10651,2,-2
2019-04-01 15:38:51.091,10652,10652,10652,7,7
2019-04-01 15:39:15.895,10652,10652,10652,1,1
2019-04-01 15:39:30.654,10652,10652,10652,1,1
2019-04-01 15:39:30.657,10652,10652,10652,1,1
2019-04-01 15:39:41.644,10652,10652,10652,16,16
2019-04-01 15:40:05.405,10652,10652,10652,1,1
2019-04-01 15:40:07.692,10652,10652,10652,1,1
2019-04-01 15:40:14.441,10653,10653,10653,1,1
2019-04-01 15:40:14.558,10653,10653,10653,5,5
2019-04-01 15:40:14.558,10653,10653,10653,5,5
2019-04-01 15:40:19.277,10653,10653,10653,1,1
2019-04-01 15:40:20.502,10653,10653,10653,1,1
2019-04-01 15:40:24.392,10653,10653,10653,1,1
2019-04-01 15:40:24.462,10653,10653,10653,1,1
2019-04-01 15:40:26.675,10652,10652,10652,1,-1
2019-04-01 15:40:44.002,10653,10653,10653,1,1
2019-04-01 15:40:46.871,10652,10652,10652,1,-1
2019-04-01 15:40:54.062,10653,10653,10653,2,2
2019-04-01 15:40:55.659,10653,10653,10653,19,19
2019-04-01 15:40:58.123,10654,10654,10654,1,1
2019-04-01 15:40:58.205,10654,10654,10654,2,2
2019-04-01 15:40:58.213,10654,10654,10654,1,1
2019-04-01 15:40:58.279,10654,10654,10654,1,1
2019-04-01 15:40:58.295,10654,10654,10654,1,1
2019-04-01 15:40:58.297,10654,10654,10654,1,1
2019-04-01 15:40:58.407,10654,10654,10654,3,3
2019-04-01 15:40:59.933,10654,10654,10654,1,1
2019-04-01 15:41:01.093,10654,10654,10654,1,1
2019-04-01 15:41:07.839,10654,10654,10654,1,1
2019-04-01 15:41:13.526,10654,10654,10654,1,1
2019-04-01 15:41:14.705,10654,10654,10654,1,1
2019-04-01 15:41:14.746,10653,10653,10653,10,-10
2019-04-01 15:41:15.552,10654,10654,10654,1,1
2019-04-01 15:41:16.794,10653,10653,10653,1,-1
2019-04-01 15:41:29.379,10654,10654,10654,3,3
2019-04-01 15:41:35.133,10653,10653,10653,1,-1
2019-04-01 15:42:05.602,10654,10654,10654,1,1
2019-04-01 15:42:14.232,10654,10654,10654,1,1
2019-04-01 15:42:22.124,10654,10654,10654,1,1
2019-04-01 15:42:24.826,10653,10653,10653,1,-1
2019-04-01 15:42:29.786,10654,10654,10654,1,1
2019-04-01 15:42:36.624,10654,10654,10654,1,1
2019-04-01 15:42:39.968,10654,10654,10654,4,4
2019-04-01 15:42:43.407,10654,10654,10654,2,2
2019-04-01 15:42:55.256,10654,10654,10654,1,1
2019-04-01 15:42:55.572,10654,10654,10654,2,2
2019-04-01 15:42:58.781,10654,10654,10654,4,4
2019-04-01 15:43:02.605,10654,10654,10654,1,1
2019-04-01 15:43:08.407,10654,10654,10654,20,20
2019-04-01 15:43:10.461,10654,10654,10654,1,1
2019-04-01 15:43:14.980,10654,10654,10654,5,5
2019-04-01 15:43:20.225,10654,10654,10654,1,1
2019-04-01 15:43:25.807,10655,10655,10655,1,1
2019-04-01 15:43:25.937,10655,10655,10655,2,2
2019-04-01 15:43:25.938,10655,10655,10655,1,1
2019-04-01 15:43:25.940,10655,10655,10655,1,1
2019-04-01 15:43:25.944,10655,10655,10655,1,1
2019-04-01 15:43:26.021,10655,10655,10655,1,1
2019-04-01 15:43:26.251,10655,10655,10655,1,1
2019-04-01 15:43:26.480,10655,10655,10655,1,1
2019-04-01 15:43:26.562,10655,10655,10655,1,1
2019-04-01 15:43:30.818,10655,10655,10655,1,1
2019-04-01 15:43:33.648,10655,10655,10655,1,1
2019-04-01 15:43:34.275,10655,10655,10655,1,1
2019-04-01 15:43:38.867,10655,10655,10655,1,1
2019-04-01 15:43:44.315,10655,10655,10655,6,6
2019-04-01 15:43:45.414,10654,10654,10654,1,-1
2019-04-01 15:43:45.769,10654,10654,10654,10,10
2019-04-01 15:43:45.782,10654,10654,10654,4,4
2019-04-01 15:43:45.907,10654,10654,10654,1,1
2019-04-01 15:43:46.640,10654,10654,10654,3,3
2019-04-01 15:43:58.642,10654,10654,10654,11,11
2019-04-01 15:44:04.532,10653,10653,10653,10,-10
2019-04-01 15:44:04.657,10653,10653,10653,2,2
2019-04-01 15:44:04.657,10653,10653,10653,2,2
2019-04-01 15:44:04.657,10653,10653,10653,3,3
2019-04-01 15:44:04.657,10653,10653,10653,1,1
2019-04-01 15:44:10.929,10652,10652,10652,1,-1
2019-04-01 15:44:11.741,10652,10652,10652,4,4
2019-04-01 15:44:13.153,10652,10652,10652,7,7
2019-04-01 15:44:13.157,10652,10652,10652,1,1
2019-04-01 15:44:13.282,10652,10652,10652,1,1
2019-04-01 15:44:24.769,10652,10652,10652,1,1
2019-04-01 15:44:25.807,10652,10652,10652,2,2
2019-04-01 15:44:26.187,10651,10651,10651,1,-1
2019-04-01 15:44:27.560,10652,10652,10652,1,1
2019-04-01 15:44:30.469,10652,10652,10652,2,2
2019-04-01 15:44:31.621,10651,10651,10651,1,-1
2019-04-01 15:44:37.102,10652,10652,10652,2,2
2019-04-01 15:44:39.196,10652,10652,10652,1,1
2019-04-01 15:44:39.236,10652,10652,10652,1,1
2019-04-01 15:44:52.380,10653,10653,10653,1,1
2019-04-01 15:44:54.083,10653,10653,10653,1,1
2019-04-01 15:44:55.605,10653,10653,10653,1,1
2019-04-01 15:45:10.669,10654,10654,10654,1,1
2019-04-01 15:45:11.407,10654,10654,10654,1,1
2019-04-01 15:45:11.532,10654,10654,10654,8,8
2019-04-01 15:45:21.561,10654,10654,10654,1,1
2019-04-01 15:45:24.919,10654,10654,10654,5,5
2019-04-01 15:45:26.271,10654,10654,10654,1,1
2019-04-01 15:45:39.471,10654,10654,10654,1,1
2019-04-01 15:45:47.448,10654,10654,10654,1,1
2019-04-01 15:45:48.378,10654,10654,10654,1,1
2019-04-01 15:46:05.321,10654,10654,10654,1,1
2019-04-01 15:46:08.841,10655,10655,10655,1,1
2019-04-01 15:46:21.886,10655,10655,10655,1,1
2019-04-01 15:46:23.208,10655,10655,10655,1,1
2019-04-01 15:46:23.209,10655,10655,10655,1,1
2019-04-01 15:46:23.282,10655,10655,10655,4,4
2019-04-01 15:46:23.284,10655,10655,10655,11,11
2019-04-01 15:46:30.073,10656,10656,10656,1,1
2019-04-01 15:46:30.184,10656,10656,10656,1,1
2019-04-01 15:46:30.208,10656,10656,10656,1,1
2019-04-01 15:46:30.228,10656,10656,10656,1,1
2019-04-01 15:46:32.929,10655,10655,10655,1,-1
2019-04-01 15:46:34.536,10656,10656,10656,1,1
2019-04-01 15:46:34.609,10655,10655,10655,1,-1
2019-04-01 15:46:34.701,10656,10656,10656,5,5
2019-04-01 15:46:34.702,10656,10656,10656,4,4
2019-04-01 15:46:34.702,10656,10656,10656,1,1
2019-04-01 15:46:43.394,10657,10657,10657,5,5
2019-04-01 15:46:43.670,10657,10657,10657,1,1
2019-04-01 15:46:43.744,10657,10657,10657,12,12
2019-04-01 15:46:43.830,10657,10657,10657,8,8
2019-04-01 15:46:43.907,10657,10657,10657,2,2
2019-04-01 15:46:48.121,10657,10657,10657,2,2
2019-04-01 15:46:50.331,10657,10657,10657,1,1
2019-04-01 15:46:50.801,10657,10657,10657,1,1
2019-04-01 15:46:52.168,10657,10657,10657,1,1
2019-04-01 15:46:54.603,10657,10657,10657,1,1
2019-04-01 15:46:56.194,10657,10657,10657,1,1
2019-04-01 15:46:57.641,10656,10656,10656,10,-10
2019-04-01 15:46:57.809,10657,10657,10657,7,7
2019-04-01 15:46:58.114,10657,10657,10657,1,1
2019-04-01 15:46:59.496,10657,10657,10657,2,2
2019-04-01 15:46:59.508,10656,10656,10656,1,-1
2019-04-01 15:47:03.821,10656,10656,10656,3,3
2019-04-01 15:47:04.326,10656,10656,10656,1,1
2019-04-01 15:47:04.437,10657,10657,10657,2,2
2019-04-01 15:47:06.413,10656,10656,10656,2,-2
2019-04-01 15:47:08.320,10657,10657,10657,4,4
2019-04-01 15:47:10.535,10657,10657,10657,1,1
2019-04-01 15:47:12.412,10658,10658,10658,2,2
2019-04-01 15:47:12.551,10658,10658,10658,1,1
2019-04-01 15:47:12.554,10658,10658,10658,20,20
2019-04-01 15:47:12.559,10658,10658,10658,4,4
2019-04-01 15:47:12.566,10658,10658,10658,3,3
2019-04-01 15:47:14.070,10658,10658,10658,2,2
2019-04-01 15:47:14.901,10658,10658,10658,1,1
2019-04-01 15:47:20.219,10658,10658,10658,1,1
2019-04-01 15:47:21.342,10657,10657,10657,7,-7
2019-04-01 15:47:21.582,10657,10657,10657,2,2
2019-04-01 15:47:21.590,10657,10657,10657,1,1
2019-04-01 15:47:26.740,10657,10657,10657,1,1
2019-04-01 15:47:27.700,10658,10658,10658,1,1
2019-04-01 15:47:27.721,10657,10657,10657,1,-1
2019-04-01 15:47:31.585,10657,10657,10657,1,1
2019-04-01 15:47:31.771,10657,10657,10657,1,1
2019-04-01 15:47:39.762,10657,10657,10657,1,1
2019-04-01 15:47:43.165,10657,10657,10657,5,5
2019-04-01 15:47:43.549,10657,10657,10657,2,2
2019-04-01 15:47:44.042,10657,10657,10657,2,2
2019-04-01 15:47:54.271,10657,10657,10657,1,1
2019-04-01 15:47:55.680,10657,10657,10657,3,3
2019-04-01 15:47:59.688,10657,10657,10657,1,1
2019-04-01 15:48:05.932,10657,10657,10657,1,1
2019-04-01 15:48:20.995,10658,10658,10658,2,2
2019-04-01 15:48:21.658,10658,10658,10658,2,2
2019-04-01 15:48:23.284,10658,10658,10658,1,1
2019-04-01 15:48:23.284,10658,10658,10658,2,2
2019-04-01 15:48:25.284,10657,10657,10657,2,-2
2019-04-01 15:48:28.216,10657,10657,10657,8,8
2019-04-01 15:48:28.506,10657,10657,10657,1,1
2019-04-01 15:48:29.236,10657,10657,10657,1,1
2019-04-01 15:48:29.450,10657,10657,10657,1,1
2019-04-01 15:48:38.725,10656,10656,10656,1,-1
2019-04-01 15:48:50.482,10656,10656,10656,1,1
2019-04-01 15:48:51.345,10656,10656,10656,1,1
2019-04-01 15:48:55.584,10656,10656,10656,1,1
2019-04-01 15:49:09.334,10656,10656,10656,2,2
2019-04-01 15:49:12.272,10657,10657,10657,1,1
2019-04-01 15:49:20.323,10656,10656,10656,1,-1
2019-04-01 15:49:21.634,10656,10656,10656,2,2
2019-04-01 15:49:21.841,10656,10656,10656,2,2
2019-04-01 15:49:23.249,10657,10657,10657,2,2
2019-04-01 15:49:33.222,10656,10656,10656,1,-1
2019-04-01 15:49:33.633,10656,10656,10656,1,1
2019-04-01 15:49:33.633,10656,10656,10656,1,1
2019-04-01 15:49:37.687,10655,10655,10655,2,-2
2019-04-01 15:49:44.530,10656,10656,10656,1,1
2019-04-01 15:49:54.955,10656,10656,10656,1,1
2019-04-01 15:50:03.856,10656,10656,10656,1,1
2019-04-01 15:50:10.528,10655,10655,10655,1,-1
2019-04-01 15:50:14.130,10656,10656,10656,1,1
2019-04-01 15:50:27.614,10655,10655,10655,1,-1
2019-04-01 15:50:37.859,10656,10656,10656,1,1
2019-04-01 15:50:42.907,10656,10656,10656,1,1
2019-04-01 15:50:49.202,10656,10656,10656,3,3
2019-04-01 15:50:49.202,10656,10656,10656,3,3
2019-04-01 15:50:49.202,10656,10656,10656,3,3
2019-04-01 15:50:49.202,10656,10656,10656,4,4
2019-04-01 15:50:56.618,10657,10657,10657,1,1
2019-04-01 15:50:58.303,10657,10657,10657,1,1
2019-04-01 15:50:59.677,10657,10657,10657,1,1
2019-04-01 15:51:01.150,10657,10657,10657,1,1
2019-04-01 15:51:01.910,10657,10657,10657,1,1
2019-04-01 15:51:04.226,10656,10656,10656,1,-1
2019-04-01 15:51:04.282,10656,10656,10656,2,2
2019-04-01 15:51:08.224,10656,10656,10656,1,1
2019-04-01 15:51:08.707,10656,10656,10656,1,1
2019-04-01 15:51:24.926,10656,10656,10656,1,1
2019-04-01 15:51:33.544,10656,10656,10656,1,1
2019-04-01 15:51:33.956,10656,10656,10656,1,1
2019-04-01 15:51:44.794,10656,10656,10656,1,1
2019-04-01 15:51:52.837,10656,10656,10656,1,1
2019-04-01 15:51:52.909,10656,10656,10656,1,1
2019-04-01 15:51:54.657,10657,10657,10657,4,4
2019-04-01 15:51:55.456,10656,10656,10656,1,-1
2019-04-01 15:52:05.275,10657,10657,10657,2,2
2019-04-01 15:52:18.588,10657,10657,10657,2,2
2019-04-01 15:52:43.213,10657,10657,10657,6,6
2019-04-01 15:52:58.711,10657,10657,10657,2,2
2019-04-01 15:53:04.476,10657,10657,10657,2,2
2019-04-01 15:53:04.510,10657,10657,10657,7,7
2019-04-01 15:53:04.568,10657,10657,10657,1,1
2019-04-01 15:53:10.853,10658,10658,10658,1,1
2019-04-01 15:53:11.707,10658,10658,10658,1,1
2019-04-01 15:53:16.956,10658,10658,10658,6,6
2019-04-01 15:53:16.956,10659,10659,10659,4,4
2019-04-01 15:53:17.171,10659,10659,10659,1,1
2019-04-01 15:53:24.092,10658,10658,10658,1,-1
2019-04-01 15:53:30.743,10659,10659,10659,3,3
2019-04-01 15:53:31.653,10658,10658,10658,1,-1
2019-04-01 15:53:34.761,10658,10658,10658,1,1
2019-04-01 15:53:39.317,10658,10658,10658,3,3
2019-04-01 15:53:42.062,10659,10659,10659,1,1
2019-04-01 15:53:43.053,10658,10658,10658,1,-1
2019-04-01 15:53:44.028,10658,10658,10658,1,1
2019-04-01 15:53:46.174,10659,10659,10659,1,1
2019-04-01 15:53:51.175,10659,10659,10659,1,1
2019-04-01 15:53:55.612,10659,10659,10659,10,10
2019-04-01 15:53:56.549,10658,10658,10658,1,-1
2019-04-01 15:54:14.550,10658,10658,10658,1,1
2019-04-01 15:54:16.652,10659,10659,10659,5,5
2019-04-01 15:54:16.820,10659,10659,10659,5,5
2019-04-01 15:54:18.032,10659,10659,10659,4,4
2019-04-01 15:54:18.032,10660,10660,10660,4,4
2019-04-01 15:54:18.192,10660,10660,10660,1,1
2019-04-01 15:54:18.277,10660,10660,10660,1,1
2019-04-01 15:54:18.405,10660,10660,10660,1,1
2019-04-01 15:54:18.555,10660,10660,10660,1,1
2019-04-01 15:54:21.255,10659,10659,10659,1,-1
2019-04-01 15:54:23.518,10659,10659,10659,1,1
2019-04-01 15:54:29.326,10660,10660,10660,1,1
2019-04-01 15:54:30.093,10659,10659,10659,1,-1
2019-04-01 15:54:30.831,10659,10659,10659,2,2
2019-04-01 15:54:32.301,10659,10659,10659,1,1
2019-04-01 15:54:33.407,10659,10659,10659,2,2
2019-04-01 15:54:33.407,10658,10658,10658,13,-13
2019-04-01 15:54:38.217,10659,10659,10659,1,1
2019-04-01 15:54:45.346,10659,10659,10659,1,1
2019-04-01 15:55:10.845,10658,10658,10658,15,-15
2019-04-01 15:55:11.773,10659,10659,10659,1,1
2019-04-01 15:55:15.312,10658,10658,10658,4,-4
2019-04-01 15:55:16.036,10658,10658,10658,1,1
2019-04-01 15:55:19.976,10658,10658,10658,1,1
2019-04-01 15:55:19.977,10658,10658,10658,2,2
2019-04-01 15:55:28.257,10658,10658,10658,2,2
2019-04-01 15:55:36.960,10658,10658,10658,1,1
2019-04-01 15:55:53.731,10658,10658,10658,2,2
2019-04-01 15:56:13.756,10658,10658,10658,1,1
2019-04-01 15:57:09.274,10659,10659,10659,1,1
2019-04-01 15:57:21.103,10659,10659,10659,2,2
2019-04-01 15:57:22.139,10658,10658,10658,4,-4
2019-04-01 15:57:26.863,10659,10659,10659,1,1
2019-04-01 15:57:27.683,10659,10659,10659,3,3
2019-04-01 15:57:36.811,10659,10659,10659,1,1
2019-04-01 15:57:42.183,10658,10658,10658,2,-2
2019-04-01 15:57:56.814,10659,10659,10659,14,14
2019-04-01 15:58:01.081,10658,10658,10658,1,-1
2019-04-01 15:58:02.027,10659,10659,10659,1,1
2019-04-01 15:58:18.428,10659,10659,10659,1,1
2019-04-01 15:58:20.898,10658,10658,10658,2,-2
2019-04-01 15:58:25.691,10658,10658,10658,1,1
2019-04-01 15:58:28.572,10658,10658,10658,1,1
2019-04-01 15:58:29.809,10659,10659,10659,1,1
2019-04-01 15:58:49.293,10659,10659,10659,1,1
2019-04-01 15:58:51.931,10659,10659,10659,1,1
2019-04-01 15:58:57.819,10659,10659,10659,1,1
2019-04-01 15:59:06.686,10658,10658,10658,2,-2
2019-04-01 15:59:06.772,10658,10658,10658,10,10
2019-04-01 15:59:08.501,10658,10658,10658,1,1
2019-04-01 15:59:13.484,10658,10658,10658,1,1
2019-04-01 15:59:18.587,10658,10658,10658,1,1
2019-04-01 15:59:21.699,10658,10658,10658,1,1
2019-04-01 15:59:32.494,10659,10659,10659,1,1
2019-04-01 15:59:33.657,10658,10658,10658,1,-1
2019-04-01 15:59:44.776,10659,10659,10659,1,1
2019-04-01 16:00:17.919,10659,10659,10659,1,1
2019-04-01 16:00:18.177,10659,10659,10659,2,2
2019-04-01 16:00:18.191,10659,10659,10659,1,1
2019-04-01 16:00:18.290,10659,10659,10659,1,1
2019-04-01 16:00:18.307,10659,10659,10659,1,1
2019-04-01 16:00:18.476,10659,10659,10659,1,1
2019-04-01 16:00:18.544,10659,10659,10659,2,2
2019-04-01 16:00:18.608,10660,10660,10660,1,1
2019-04-01 16:00:18.702,10660,10660,10660,5,5
2019-04-01 16:00:18.705,10660,10660,10660,1,1
2019-04-01 16:00:18.763,10660,10660,10660,1,1
2019-04-01 16:00:19.170,10660,10660,10660,4,4
2019-04-01 16:00:19.183,10660,10660,10660,3,3
2019-04-01 16:00:19.194,10660,10660,10660,9,9
2019-04-01 16:00:19.195,10660,10660,10660,3,3
2019-04-01 16:00:19.197,10660,10660,10660,3,3
2019-04-01 16:00:19.199,10660,10660,10660,9,9
2019-04-01 16:00:19.201,10660,10660,10660,3,3
2019-04-01 16:00:19.202,10660,10660,10660,7,7
2019-04-01 16:00:19.207,10660,10660,10660,11,11
2019-04-01 16:00:19.208,10660,10660,10660,1,1
2019-04-01 16:00:19.208,10661,10661,10661,2,2
2019-04-01 16:00:19.209,10661,10661,10661,3,3
2019-04-01 16:00:19.212,10661,10661,10661,4,4
2019-04-01 16:00:19.212,10661,10661,10661,8,8
2019-04-01 16:00:19.213,10661,10661,10661,3,3
2019-04-01 16:00:19.230,10661,10661,10661,4,4
2019-04-01 16:00:19.300,10661,10661,10661,4,4
2019-04-01 16:00:19.307,10661,10661,10661,2,2
2019-04-01 16:00:19.341,10661,10661,10661,3,3
2019-04-01 16:00:19.351,10661,10661,10661,3,3
2019-04-01 16:00:19.351,10662,10662,10662,1,1
2019-04-01 16:00:19.365,10662,10662,10662,2,2
2019-04-01 16:00:19.380,10661,10661,10661,1,-1
2019-04-01 16:00:19.407,10661,10661,10661,1,1
2019-04-01 16:00:19.408,10661,10661,10661,2,2
2019-04-01 16:00:19.592,10661,10661,10661,1,1
2019-04-01 16:00:19.675,10661,10661,10661,1,1
2019-04-01 16:00:19.754,10661,10661,10661,2,2
2019-04-01 16:00:19.992,10661,10661,10661,2,2
2019-04-01 16:00:28.493,10661,10661,10661,1,1
2019-04-01 16:00:29.131,10660,10660,10660,7,-7
2019-04-01 16:00:29.370,10660,10660,10660,2,2
2019-04-01 16:00:30.838,10660,10660,10660,1,1
2019-04-01 16:00:31.804,10660,10660,10660,1,1
2019-04-01 16:00:31.968,10660,10660,10660,2,2
2019-04-01 16:00:38.457,10660,10660,10660,2,2
2019-04-01 16:00:41.956,10659,10659,10659,1,-1
2019-04-01 16:00:45.284,10658,10658,10658,1,-1
2019-04-01 16:00:52.261,10659,10659,10659,1,1
2019-04-01 16:00:54.564,10659,10659,10659,1,1
2019-04-01 16:00:56.552,10659,10659,10659,1,1
2019-04-01 16:01:16.151,10658,10658,10658,1,-1
2019-04-01 16:01:40.456,10658,10658,10658,1,1
2019-04-01 16:01:45.747,10658,10658,10658,1,1
2019-04-01 16:01:47.802,10658,10658,10658,1,1
2019-04-01 16:01:49.463,10658,10658,10658,1,1
2019-04-01 16:01:50.282,10658,10658,10658,8,8
2019-04-01 16:01:50.429,10657,10657,10657,1,-1
2019-04-01 16:01:50.524,10658,10658,10658,2,2
2019-04-01 16:01:54.422,10658,10658,10658,1,1
2019-04-01 16:01:55.176,10657,10657,10657,2,-2
2019-04-01 16:01:57.519,10657,10657,10657,1,1
2019-04-01 16:02:00.035,10657,10657,10657,1,1
2019-04-01 16:02:03.542,10657,10657,10657,3,3
2019-04-01 16:02:05.516,10657,10657,10657,3,3
2019-04-01 16:02:12.032,10656,10656,10656,1,-1
2019-04-01 16:02:12.323,10656,10656,10656,9,9
2019-04-01 16:02:15.798,10656,10656,10656,1,1
2019-04-01 16:02:19.907,10656,10656,10656,4,4
2019-04-01 16:02:19.917,10656,10656,10656,1,1
2019-04-01 16:02:20.032,10656,10656,10656,3,3
2019-04-01 16:02:20.032,10656,10656,10656,1,1
2019-04-01 16:02:20.032,10656,10656,10656,1,1
2019-04-01 16:02:24.677,10657,10657,10657,3,3
2019-04-01 16:02:45.660,10656,10656,10656,2,-2
2019-04-01 16:02:59.244,10655,10655,10655,8,-8
2019-04-01 16:02:59.308,10655,10655,10655,1,1
2019-04-01 16:02:59.354,10656,10656,10656,1,1
2019-04-01 16:03:00.500,10656,10656,10656,1,1
2019-04-01 16:03:11.075,10655,10655,10655,1,-1
2019-04-01 16:03:11.090,10655,10655,10655,1,1
2019-04-01 16:03:11.157,10655,10655,10655,16,16
2019-04-01 16:03:11.157,10655,10655,10655,1,1
2019-04-01 16:03:15.597,10654,10654,10654,1,-1
2019-04-01 16:03:15.735,10654,10654,10654,1,1
2019-04-01 16:03:15.741,10654,10654,10654,1,1
2019-04-01 16:03:20.896,10654,10654,10654,1,1
2019-04-01 16:03:21.447,10654,10654,10654,1,1
2019-04-01 16:03:24.093,10654,10654,10654,1,1
2019-04-01 16:03:24.109,10654,10654,10654,2,2
2019-04-01 16:03:26.984,10654,10654,10654,2,2
2019-04-01 16:03:28.005,10654,10654,10654,1,1
2019-04-01 16:03:34.366,10654,10654,10654,2,2
2019-04-01 16:03:34.582,10654,10654,10654,1,1
2019-04-01 16:03:40.006,10654,10654,10654,1,1
2019-04-01 16:03:43.314,10654,10654,10654,1,1
2019-04-01 16:03:45.376,10654,10654,10654,1,1
2019-04-01 16:03:51.725,10654,10654,10654,2,2
2019-04-01 16:03:51.990,10654,10654,10654,1,1
2019-04-01 16:04:02.653,10654,10654,10654,1,1
2019-04-01 16:04:02.745,10653,10653,10653,1,-1
2019-04-01 16:04:02.814,10653,10653,10653,1,1
2019-04-01 16:04:02.992,10653,10653,10653,1,1
2019-04-01 16:04:16.777,10653,10653,10653,5,5
2019-04-01 16:04:16.932,10654,10654,10654,2,2
2019-04-01 16:04:17.143,10653,10653,10653,1,-1
2019-04-01 16:04:24.179,10654,10654,10654,1,1
2019-04-01 16:04:32.183,10654,10654,10654,1,1
2019-04-01 16:04:33.464,10654,10654,10654,1,1
2019-04-01 16:04:34.568,10654,10654,10654,1,1
2019-04-01 16:04:54.057,10654,10654,10654,1,1
2019-04-01 16:04:55.681,10653,10653,10653,1,-1
2019-04-01 16:04:57.595,10653,10653,10653,1,1
2019-04-01 16:04:58.073,10654,10654,10654,1,1
2019-04-01 16:05:02.800,10654,10654,10654,5,5
2019-04-01 16:05:02.865,10653,10653,10653,2,-2
2019-04-01 16:05:06.847,10653,10653,10653,1,1
2019-04-01 16:05:14.965,10653,10653,10653,1,1
2019-04-01 16:05:18.823,10653,10653,10653,1,1
2019-04-01 16:05:20.521,10653,10653,10653,1,1
2019-04-01 16:05:22.748,10653,10653,10653,1,1
2019-04-01 16:05:24.548,10653,10653,10653,1,1
2019-04-01 16:05:27.479,10654,10654,10654,1,1
2019-04-01 16:05:33.686,10653,10653,10653,2,-2
2019-04-01 16:05:38.304,10653,10653,10653,1,1
2019-04-01 16:05:39.257,10654,10654,10654,5,5
2019-04-01 16:05:57.928,10653,10653,10653,1,-1
2019-04-01 16:06:00.846,10653,10653,10653,1,1
2019-04-01 16:06:14.979,10653,10653,10653,1,1
2019-04-01 16:06:15.433,10654,10654,10654,1,1
2019-04-01 16:06:28.917,10653,10653,10653,1,-1
2019-04-01 16:06:28.919,10653,10653,10653,2,2
2019-04-01 16:06:28.921,10653,10653,10653,1,1
2019-04-01 16:06:28.942,10653,10653,10653,2,2
2019-04-01 16:06:28.957,10653,10653,10653,2,2
2019-04-01 16:06:28.957,10653,10653,10653,1,1
2019-04-01 16:06:28.957,10653,10653,10653,1,1
2019-04-01 16:06:28.957,10653,10653,10653,6,6
2019-04-01 16:06:29.196,10653,10653,10653,1,1
2019-04-01 16:06:35.459,10653,10653,10653,2,2
2019-04-01 16:06:36.201,10652,10652,10652,1,-1
2019-04-01 16:06:37.098,10652,10652,10652,1,1
2019-04-01 16:06:39.434,10652,10652,10652,1,1
2019-04-01 16:06:42.590,10652,10652,10652,1,1
2019-04-01 16:06:44.600,10652,10652,10652,1,1
2019-04-01 16:06:51.030,10652,10652,10652,1,1
2019-04-01 16:06:53.292,10652,10652,10652,2,2
2019-04-01 16:06:57.066,10652,10652,10652,1,1
2019-04-01 16:06:57.374,10652,10652,10652,1,1
2019-04-01 16:06:59.396,10652,10652,10652,1,1
2019-04-01 16:06:59.782,10652,10652,10652,1,1
2019-04-01 16:07:00.485,10652,10652,10652,1,1
2019-04-01 16:07:01.552,10653,10653,10653,2,2
2019-04-01 16:07:02.632,10652,10652,10652,1,-1
2019-04-01 16:07:04.290,10652,10652,10652,1,1
2019-04-01 16:07:04.957,10652,10652,10652,1,1
2019-04-01 16:07:11.287,10652,10652,10652,2,2
2019-04-01 16:07:18.432,10653,10653,10653,1,1
2019-04-01 16:07:24.119,10652,10652,10652,3,-3
2019-04-01 16:07:56.883,10652,10652,10652,1,1
2019-04-01 16:08:00.082,10652,10652,10652,2,2
2019-04-01 16:08:02.181,10652,10652,10652,2,2
2019-04-01 16:08:05.372,10652,10652,10652,1,1
2019-04-01 16:08:06.196,10652,10652,10652,1,1
2019-04-01 16:08:07.257,10652,10652,10652,1,1
2019-04-01 16:08:28.076,10653,10653,10653,15,15
2019-04-01 16:08:30.348,10653,10653,10653,1,1
2019-04-01 16:08:30.598,10653,10653,10653,1,1
2019-04-01 16:08:30.598,10653,10653,10653,8,8
2019-04-01 16:08:36.881,10654,10654,10654,2,2
2019-04-01 16:08:37.996,10654,10654,10654,2,2
2019-04-01 16:08:39.419,10654,10654,10654,1,1
2019-04-01 16:08:44.068,10654,10654,10654,2,2
2019-04-01 16:08:45.478,10654,10654,10654,1,1
2019-04-01 16:08:48.605,10654,10654,10654,1,1
2019-04-01 16:09:02.287,10653,10653,10653,6,-6
2019-04-01 16:09:04.799,10653,10653,10653,1,1
2019-04-01 16:09:06.990,10653,10653,10653,1,1
2019-04-01 16:09:08.106,10653,10653,10653,1,1
2019-04-01 16:09:09.689,10653,10653,10653,1,1
2019-04-01 16:09:37.543,10654,10654,10654,2,2
2019-04-01 16:09:37.782,10654,10654,10654,2,2
2019-04-01 16:09:38.100,10654,10654,10654,1,1
2019-04-01 16:09:41.164,10654,10654,10654,3,3
2019-04-01 16:09:41.466,10654,10654,10654,1,1
2019-04-01 16:09:41.466,10654,10654,10654,1,1
2019-04-01 16:09:41.705,10654,10654,10654,1,1
2019-04-01 16:09:59.737,10654,10654,10654,9,9
2019-04-01 16:10:06.548,10653,10653,10653,1,-1
2019-04-01 16:10:07.620,10653,10653,10653,1,1
2019-04-01 16:10:27.891,10653,10653,10653,1,1
2019-04-01 16:10:32.423,10653,10653,10653,1,1
2019-04-01 16:10:36.228,10653,10653,10653,5,5
2019-04-01 16:10:36.706,10653,10653,10653,1,1
2019-04-01 16:10:50.920,10653,10653,10653,10,10
2019-04-01 16:10:56.397,10653,10653,10653,1,1
2019-04-01 16:11:27.319,10653,10653,10653,1,1
2019-04-01 16:11:30.408,10653,10653,10653,2,2
2019-04-01 16:11:43.664,10653,10653,10653,1,1
2019-04-01 16:11:54.588,10653,10653,10653,1,1
2019-04-01 16:11:54.590,10653,10653,10653,1,1
2019-04-01 16:12:02.607,10653,10653,10653,3,3
2019-04-01 16:12:06.130,10653,10653,10653,1,1
2019-04-01 16:12:27.606,10654,10654,10654,2,2
2019-04-01 16:12:31.222,10654,10654,10654,1,1
2019-04-01 16:12:42.385,10654,10654,10654,1,1
2019-04-01 16:13:02.711,10654,10654,10654,1,1
2019-04-01 16:13:15.091,10654,10654,10654,1,1
2019-04-01 16:13:22.922,10655,10655,10655,4,4
2019-04-01 16:13:33.584,10655,10655,10655,1,1
2019-04-01 16:13:33.814,10655,10655,10655,1,1
2019-04-01 16:13:34.761,10655,10655,10655,5,5
2019-04-01 16:13:37.514,10655,10655,10655,2,2
2019-04-01 16:13:39.916,10655,10655,10655,1,1
2019-04-01 16:13:44.242,10655,10655,10655,1,1
2019-04-01 16:13:49.557,10655,10655,10655,1,1
2019-04-01 16:14:02.023,10655,10655,10655,1,1
2019-04-01 16:14:02.183,10655,10655,10655,1,1
2019-04-01 16:14:03.156,10655,10655,10655,5,5
2019-04-01 16:14:08.768,10655,10655,10655,1,1
2019-04-01 16:14:09.494,10655,10655,10655,1,1
2019-04-01 16:14:16.581,10655,10655,10655,1,1
2019-04-01 16:14:16.602,10655,10655,10655,1,1
2019-04-01 16:14:25.572,10654,10654,10654,1,-1
2019-04-01 16:14:39.096,10655,10655,10655,4,4
2019-04-01 16:14:48.193,10654,10654,10654,2,-2
2019-04-01 16:15:23.966,10654,10654,10654,4,4
2019-04-01 16:15:24.032,10654,10654,10654,5,5
2019-04-01 16:15:24.306,10653,10653,10653,2,-2
2019-04-01 16:15:24.465,10653,10653,10653,4,4
2019-04-01 16:15:26.820,10654,10654,10654,2,2
2019-04-01 16:15:39.476,10654,10654,10654,1,1
2019-04-01 16:15:47.077,10655,10655,10655,2,2
2019-04-01 16:15:47.077,10655,10655,10655,2,2
2019-04-01 16:15:47.077,10655,10655,10655,2,2
2019-04-01 16:15:47.077,10655,10655,10655,1,1
2019-04-01 16:15:57.861,10655,10655,10655,4,4
2019-04-01 16:16:38.332,10655,10655,10655,1,1
2019-04-01 16:16:49.034,10656,10656,10656,6,6
2019-04-01 16:16:49.560,10655,10655,10655,3,-3
2019-04-01 16:16:57.658,10655,10655,10655,1,1
2019-04-01 16:17:05.157,10656,10656,10656,12,12
2019-04-01 16:17:05.282,10656,10656,10656,1,1
2019-04-01 16:17:18.785,10657,10657,10657,1,1
2019-04-01 16:17:18.862,10657,10657,10657,2,2
2019-04-01 16:17:18.885,10657,10657,10657,5,5
2019-04-01 16:17:18.901,10657,10657,10657,4,4
2019-04-01 16:17:19.048,10658,10658,10658,1,1
2019-04-01 16:17:19.630,10658,10658,10658,1,1
2019-04-01 16:17:20.249,10658,10658,10658,1,1
2019-04-01 16:17:20.479,10658,10658,10658,1,1
2019-04-01 16:17:20.716,10658,10658,10658,1,1
2019-04-01 16:17:20.927,10658,10658,10658,1,1
2019-04-01 16:17:21.154,10658,10658,10658,1,1
2019-04-01 16:17:21.355,10658,10658,10658,1,1
2019-04-01 16:17:29.196,10657,10657,10657,1,-1
2019-04-01 16:17:44.793,10657,10657,10657,1,1
2019-04-01 16:17:57.736,10657,10657,10657,1,1
2019-04-01 16:17:58.291,10657,10657,10657,7,7
2019-04-01 16:17:58.864,10657,10657,10657,1,1
2019-04-01 16:18:04.412,10657,10657,10657,1,1
2019-04-01 16:18:07.202,10657,10657,10657,1,1
2019-04-01 16:18:13.191,10657,10657,10657,1,1
2019-04-01 16:18:28.374,10656,10656,10656,1,-1
2019-04-01 16:18:55.532,10657,10657,10657,9,9
2019-04-01 16:18:55.657,10657,10657,10657,1,1
2019-04-01 16:18:57.232,10657,10657,10657,1,1
2019-04-01 16:19:09.354,10657,10657,10657,1,1
2019-04-01 16:19:12.992,10658,10658,10658,14,14
2019-04-01 16:19:12.992,10658,10658,10658,2,2
2019-04-01 16:19:15.634,10658,10658,10658,1,1
2019-04-01 16:19:16.066,10658,10658,10658,4,4
2019-04-01 16:19:16.849,10659,10659,10659,1,1
2019-04-01 16:19:18.174,10658,10658,10658,1,-1
2019-04-01 16:19:19.755,10658,10658,10658,1,1
2019-04-01 16:19:34.002,10658,10658,10658,1,1
2019-04-01 16:19:35.056,10658,10658,10658,1,1
2019-04-01 16:19:42.125,10658,10658,10658,2,2
2019-04-01 16:19:48.611,10658,10658,10658,1,1
2019-04-01 16:19:53.172,10658,10658,10658,2,2
2019-04-01 16:19:59.548,10659,10659,10659,1,1
2019-04-01 16:20:03.386,10659,10659,10659,1,1
2019-04-01 16:20:15.590,10659,10659,10659,12,12
2019-04-01 16:20:15.590,10659,10659,10659,2,2
2019-04-01 16:20:15.654,10660,10660,10660,1,1
2019-04-01 16:20:17.590,10659,10659,10659,1,-1
2019-04-01 16:20:20.390,10659,10659,10659,1,1
2019-04-01 16:20:20.696,10659,10659,10659,2,2
2019-04-01 16:20:23.985,10659,10659,10659,1,1
2019-04-01 16:20:34.887,10659,10659,10659,1,1
2019-04-01 16:20:46.863,10659,10659,10659,1,1
2019-04-01 16:20:48.325,10659,10659,10659,1,1
2019-04-01 16:20:48.660,10659,10659,10659,1,1
2019-04-01 16:20:54.718,10659,10659,10659,1,1
2019-04-01 16:20:55.520,10659,10659,10659,1,1
2019-04-01 16:21:05.441,10659,10659,10659,1,1
2019-04-01 16:21:15.109,10660,10660,10660,1,1
2019-04-01 16:21:26.403,10660,10660,10660,2,2
2019-04-01 16:21:34.508,10660,10660,10660,1,1
2019-04-01 16:21:39.166,10660,10660,10660,1,1
2019-04-01 16:21:39.636,10660,10660,10660,1,1
2019-04-01 16:21:48.084,10660,10660,10660,1,1
2019-04-01 16:21:54.324,10659,10659,10659,2,-2
2019-04-01 16:22:01.912,10659,10659,10659,1,1
2019-04-01 16:22:01.915,10659,10659,10659,1,1
2019-04-01 16:22:01.915,10659,10659,10659,1,1
2019-04-01 16:22:01.915,10659,10659,10659,1,1
2019-04-01 16:22:01.915,10659,10659,10659,1,1
2019-04-01 16:22:01.915,10659,10659,10659,1,1
2019-04-01 16:22:01.915,10659,10659,10659,4,4
2019-04-01 16:22:01.915,10659,10659,10659,3,3
2019-04-01 16:22:01.915,10659,10659,10659,5,5
2019-04-01 16:22:01.916,10659,10659,10659,8,8
2019-04-01 16:22:01.916,10659,10659,10659,2,2
2019-04-01 16:22:02.032,10659,10659,10659,1,1
2019-04-01 16:22:02.203,10659,10659,10659,1,1
2019-04-01 16:22:08.834,10658,10658,10658,1,-1
2019-04-01 16:22:13.261,10658,10658,10658,1,1
2019-04-01 16:22:22.594,10658,10658,10658,1,1
2019-04-01 16:22:37.839,10659,10659,10659,1,1
2019-04-01 16:22:53.138,10658,10658,10658,1,-1
2019-04-01 16:23:17.139,10658,10658,10658,1,1
2019-04-01 16:23:56.685,10658,10658,10658,2,2
2019-04-01 16:23:57.472,10659,10659,10659,1,1
2019-04-01 16:24:05.056,10659,10659,10659,2,2
2019-04-01 16:24:14.070,10659,10659,10659,1,1
2019-04-01 16:24:15.566,10659,10659,10659,5,5
2019-04-01 16:24:19.270,10658,10658,10658,10,-10
2019-04-01 16:24:20.740,10658,10658,10658,1,1
2019-04-01 16:24:20.741,10658,10658,10658,1,1
2019-04-01 16:24:25.578,10657,10657,10657,1,-1
2019-04-01 16:24:25.578,10657,10657,10657,1,1
2019-04-01 16:24:25.619,10657,10657,10657,2,2
2019-04-01 16:24:25.619,10657,10657,10657,2,2
2019-04-01 16:24:25.619,10657,10657,10657,5,5
2019-04-01 16:24:32.913,10657,10657,10657,1,1
2019-04-01 16:25:05.390,10656,10656,10656,2,-2
2019-04-01 16:25:09.284,10656,10656,10656,1,1
2019-04-01 16:25:11.282,10656,10656,10656,10,10
2019-04-01 16:25:11.288,10656,10656,10656,1,1
2019-04-01 16:25:11.409,10655,10655,10655,1,-1
2019-04-01 16:25:11.515,10656,10656,10656,1,1
2019-04-01 16:25:13.728,10655,10655,10655,1,-1
2019-04-01 16:25:49.105,10656,10656,10656,4,4
2019-04-01 16:25:51.234,10656,10656,10656,1,1
2019-04-01 16:26:05.278,10656,10656,10656,1,1
2019-04-01 16:26:11.307,10656,10656,10656,1,1
2019-04-01 16:26:18.502,10656,10656,10656,1,1
2019-04-01 16:26:30.982,10657,10657,10657,5,5
2019-04-01 16:26:35.607,10657,10657,10657,1,1
2019-04-01 16:26:38.729,10657,10657,10657,1,1
2019-04-01 16:26:59.717,10658,10658,10658,1,1
2019-04-01 16:27:04.638,10658,10658,10658,1,1
2019-04-01 16:27:07.968,10658,10658,10658,4,4
2019-04-01 16:27:20.157,10658,10658,10658,1,1
2019-04-01 16:27:20.282,10658,10658,10658,1,1
2019-04-01 16:27:21.163,10659,10659,10659,4,4
2019-04-01 16:27:21.163,10659,10659,10659,1,1
2019-04-01 16:27:28.548,10659,10659,10659,2,2
2019-04-01 16:27:28.968,10658,10658,10658,1,-1
2019-04-01 16:27:32.267,10659,10659,10659,1,1
2019-04-01 16:27:38.941,10659,10659,10659,1,1
2019-04-01 16:27:45.370,10659,10659,10659,1,1
2019-04-01 16:27:46.817,10659,10659,10659,21,21
2019-04-01 16:27:46.817,10660,10660,10660,75,75
2019-04-01 16:27:46.908,10660,10660,10660,14,14
2019-04-01 16:27:47.032,10660,10660,10660,5,5
2019-04-01 16:27:47.157,10661,10661,10661,4,4
2019-04-01 16:27:47.357,10661,10661,10661,1,1
2019-04-01 16:27:47.446,10661,10661,10661,1,1
2019-04-01 16:27:47.494,10661,10661,10661,1,1
2019-04-01 16:27:47.898,10661,10661,10661,1,1
2019-04-01 16:27:48.100,10660,10660,10660,1,-1
2019-04-01 16:27:50.443,10659,10659,10659,1,-1
2019-04-01 16:27:57.485,10660,10660,10660,1,1
2019-04-01 16:27:57.688,10660,10660,10660,1,1
2019-04-01 16:27:57.865,10659,10659,10659,1,-1
2019-04-01 16:28:08.597,10659,10659,10659,1,1
2019-04-01 16:28:15.491,10660,10660,10660,4,4
2019-04-01 16:28:20.482,10660,10660,10660,1,1
2019-04-01 16:28:27.379,10660,10660,10660,1,1
2019-04-01 16:28:36.124,10660,10660,10660,2,2
2019-04-01 16:28:37.408,10659,10659,10659,1,-1
2019-04-01 16:28:46.470,10660,10660,10660,1,1
2019-04-01 16:28:47.655,10660,10660,10660,4,4
2019-04-01 16:28:51.296,10660,10660,10660,1,1
2019-04-01 16:28:52.713,10660,10660,10660,1,1
2019-04-01 16:28:55.680,10660,10660,10660,3,3
2019-04-01 16:28:57.105,10660,10660,10660,1,1
2019-04-01 16:28:59.510,10660,10660,10660,1,1
2019-04-01 16:29:15.334,10659,10659,10659,8,-8
2019-04-01 16:29:20.476,10660,10660,10660,1,1
2019-04-01 16:29:22.591,10659,10659,10659,2,-2
2019-04-01 16:29:23.101,10660,10660,10660,1,1
2019-04-01 16:29:24.027,10659,10659,10659,1,-1
2019-04-01 16:29:26.807,10659,10659,10659,3,3
2019-04-01 16:29:27.253,10659,10659,10659,1,1
2019-04-01 16:29:37.745,10659,10659,10659,1,1
2019-04-01 16:29:45.647,10659,10659,10659,1,1
2019-04-01 16:29:48.587,10659,10659,10659,6,6
2019-04-01 16:30:00.516,10660,10660,10660,1,1
2019-04-01 16:30:00.518,10660,10660,10660,8,8
2019-04-01 16:30:00.532,10660,10660,10660,1,1
2019-04-01 16:30:00.532,10660,10660,10660,3,3
2019-04-01 16:30:00.532,10660,10660,10660,2,2
2019-04-01 16:30:00.555,10660,10660,10660,2,2
2019-04-01 16:30:00.555,10660,10660,10660,4,4
2019-04-01 16:30:00.556,10660,10660,10660,3,3
2019-04-01 16:30:00.690,10661,10661,10661,1,1
2019-04-01 16:30:01.136,10661,10661,10661,1,1
2019-04-01 16:30:01.533,10660,10660,10660,1,-1
2019-04-01 16:30:06.296,10660,10660,10660,1,1
2019-04-01 16:30:15.695,10661,10661,10661,4,4
2019-04-01 16:30:31.054,10661,10661,10661,1,1
2019-04-01 16:30:34.309,10661,10661,10661,1,1
2019-04-01 16:30:34.309,10661,10661,10661,2,2
2019-04-01 16:30:34.309,10661,10661,10661,4,4
2019-04-01 16:30:34.313,10661,10661,10661,4,4
2019-04-01 16:30:34.314,10661,10661,10661,13,13
2019-04-01 16:30:44.129,10661,10661,10661,1,1
2019-04-01 16:30:45.784,10661,10661,10661,1,1
2019-04-01 16:30:47.040,10661,10661,10661,5,5
2019-04-01 16:30:48.298,10661,10661,10661,2,2
2019-04-01 16:30:53.113,10661,10661,10661,1,1
2019-04-01 16:30:55.192,10661,10661,10661,1,1
2019-04-01 16:30:55.192,10661,10661,10661,1,1
2019-04-01 16:31:02.292,10662,10662,10662,1,1
2019-04-01 16:31:02.433,10662,10662,10662,2,2
2019-04-01 16:31:02.473,10662,10662,10662,1,1
2019-04-01 16:31:03.330,10662,10662,10662,1,1
2019-04-01 16:31:03.555,10661,10661,10661,1,-1
2019-04-01 16:31:07.183,10662,10662,10662,1,1
2019-04-01 16:31:07.441,10662,10662,10662,1,1
2019-04-01 16:31:09.885,10662,10662,10662,2,2
2019-04-01 16:31:11.278,10662,10662,10662,1,1
2019-04-01 16:31:11.656,10662,10662,10662,1,1
2019-04-01 16:31:11.822,10662,10662,10662,1,1
2019-04-01 16:31:11.957,10661,10661,10661,4,-4
2019-04-01 16:31:19.675,10661,10661,10661,3,3
2019-04-01 16:31:22.306,10662,10662,10662,1,1
2019-04-01 16:31:23.699,10661,10661,10661,1,-1
2019-04-01 16:31:30.030,10661,10661,10661,1,1
2019-04-01 16:31:30.084,10661,10661,10661,2,2
2019-04-01 16:31:30.157,10661,10661,10661,2,2
2019-04-01 16:31:31.516,10661,10661,10661,1,1
2019-04-01 16:31:36.200,10661,10661,10661,1,1
2019-04-01 16:31:40.994,10661,10661,10661,1,1
2019-04-01 16:31:41.281,10661,10661,10661,1,1
2019-04-01 16:32:00.056,10661,10661,10661,5,5
2019-04-01 16:32:05.515,10661,10661,10661,1,1
2019-04-01 16:32:09.842,10660,10660,10660,1,-1
2019-04-01 16:32:14.585,10660,10660,10660,13,13
2019-04-01 16:32:17.798,10660,10660,10660,2,2
2019-04-01 16:32:19.747,10660,10660,10660,2,2
2019-04-01 16:32:21.787,10660,10660,10660,1,1
2019-04-01 16:32:25.625,10660,10660,10660,1,1
2019-04-01 16:32:33.938,10660,10660,10660,1,1
2019-04-01 16:32:51.647,10661,10661,10661,1,1
2019-04-01 16:33:03.396,10660,10660,10660,1,-1
2019-04-01 16:33:03.407,10660,10660,10660,4,4
2019-04-01 16:33:10.287,10659,10659,10659,1,-1
2019-04-01 16:33:12.029,10659,10659,10659,1,1
2019-04-01 16:33:12.671,10659,10659,10659,5,5
2019-04-01 16:33:14.592,10659,10659,10659,3,3
2019-04-01 16:33:14.973,10659,10659,10659,2,2
2019-04-01 16:33:29.645,10659,10659,10659,1,1
2019-04-01 16:33:29.666,10659,10659,10659,1,1
2019-04-01 16:33:34.941,10659,10659,10659,1,1
2019-04-01 16:34:11.739,10659,10659,10659,7,7
2019-04-01 16:34:31.631,10659,10659,10659,2,2
2019-04-01 16:34:33.954,10659,10659,10659,5,5
2019-04-01 16:34:37.585,10659,10659,10659,1,1
2019-04-01 16:34:48.761,10659,10659,10659,1,1
2019-04-01 16:34:49.314,10659,10659,10659,2,2
2019-04-01 16:34:53.705,10659,10659,10659,1,1
2019-04-01 16:35:03.257,10659,10659,10659,1,1
2019-04-01 16:35:03.257,10659,10659,10659,1,1
2019-04-01 16:35:03.257,10659,10659,10659,2,2
2019-04-01 16:35:03.257,10659,10659,10659,3,3
2019-04-01 16:35:03.257,10659,10659,10659,2,2
2019-04-01 16:35:03.340,10660,10660,10660,1,1
2019-04-01 16:35:03.355,10660,10660,10660,1,1
2019-04-01 16:35:04.720,10660,10660,10660,2,2
2019-04-01 16:35:04.866,10660,10660,10660,2,2
2019-04-01 16:35:16.952,10660,10660,10660,2,2
2019-04-01 16:35:21.578,10660,10660,10660,1,1
2019-04-01 16:35:22.012,10660,10660,10660,1,1
2019-04-01 16:35:34.093,10660,10660,10660,8,8
2019-04-01 16:35:39.464,10660,10660,10660,1,1
2019-04-01 16:35:42.302,10661,10661,10661,2,2
2019-04-01 16:35:48.810,10660,10660,10660,1,-1
2019-04-01 16:35:52.548,10660,10660,10660,1,1
2019-04-01 16:36:00.194,10661,10661,10661,2,2
2019-04-01 16:36:00.657,10660,10660,10660,1,-1
2019-04-01 16:36:00.714,10661,10661,10661,2,2
2019-04-01 16:36:01.482,10660,10660,10660,1,-1
2019-04-01 16:36:02.295,10660,10660,10660,1,1
2019-04-01 16:36:07.397,10660,10660,10660,1,1
2019-04-01 16:36:23.898,10660,10660,10660,6,6
2019-04-01 16:36:29.898,10660,10660,10660,2,2
2019-04-01 16:36:34.031,10661,10661,10661,1,1
2019-04-01 16:36:36.275,10661,10661,10661,1,1
2019-04-01 16:36:37.694,10660,10660,10660,1,-1
2019-04-01 16:36:37.784,10659,10659,10659,1,-1
2019-04-01 16:36:41.159,10659,10659,10659,2,2
2019-04-01 16:36:59.375,10660,10660,10660,1,1
2019-04-01 16:37:10.236,10660,10660,10660,5,5
2019-04-01 16:37:23.065,10660,10660,10660,1,1
2019-04-01 16:37:30.719,10660,10660,10660,1,1
2019-04-01 16:37:42.216,10660,10660,10660,1,1
2019-04-01 16:37:42.241,10660,10660,10660,3,3
2019-04-01 16:37:50.046,10660,10660,10660,1,1
2019-04-01 16:38:08.722,10661,10661,10661,1,1
2019-04-01 16:38:26.250,10661,10661,10661,1,1
2019-04-01 16:38:26.604,10660,10660,10660,1,-1
2019-04-01 16:38:42.485,10661,10661,10661,7,7
2019-04-01 16:38:43.447,10660,10660,10660,1,-1
2019-04-01 16:38:55.401,10660,10660,10660,1,1
2019-04-01 16:39:00.126,10660,10660,10660,11,11
2019-04-01 16:39:00.368,10660,10660,10660,2,2
2019-04-01 16:39:10.057,10659,10659,10659,4,-4
2019-04-01 16:39:10.157,10659,10659,10659,1,1
2019-04-01 16:39:11.146,10660,10660,10660,1,1
2019-04-01 16:39:21.466,10660,10660,10660,1,1
2019-04-01 16:39:43.766,10660,10660,10660,1,1
2019-04-01 16:40:35.692,10660,10660,10660,2,2
2019-04-01 16:40:49.657,10659,10659,10659,2,-2
2019-04-01 16:40:49.800,10659,10659,10659,2,2
2019-04-01 16:40:49.800,10659,10659,10659,1,1
2019-04-01 16:40:49.801,10659,10659,10659,1,1
2019-04-01 16:40:49.801,10659,10659,10659,1,1
2019-04-01 16:40:49.802,10659,10659,10659,12,12
2019-04-01 16:40:49.802,10659,10659,10659,3,3
2019-04-01 16:40:54.948,10658,10658,10658,2,-2
2019-04-01 16:41:02.512,10658,10658,10658,12,12
2019-04-01 16:41:03.751,10658,10658,10658,1,1
2019-04-01 16:41:03.932,10658,10658,10658,1,1
2019-04-01 16:41:06.833,10658,10658,10658,1,1
2019-04-01 16:41:10.747,10658,10658,10658,4,4
2019-04-01 16:41:11.259,10658,10658,10658,1,1
2019-04-01 16:41:14.542,10658,10658,10658,1,1
2019-04-01 16:41:17.199,10658,10658,10658,1,1
2019-04-01 16:41:17.282,10658,10658,10658,1,1
2019-04-01 16:41:24.611,10658,10658,10658,1,1
2019-04-01 16:41:27.336,10659,10659,10659,2,2
2019-04-01 16:41:29.359,10658,10658,10658,5,-5
2019-04-01 16:41:34.092,10658,10658,10658,1,1
2019-04-01 16:41:44.271,10659,10659,10659,2,2
2019-04-01 16:41:44.306,10659,10659,10659,1,1
2019-04-01 16:41:44.336,10660,10660,10660,1,1
2019-04-01 16:41:44.361,10660,10660,10660,1,1
2019-04-01 16:41:44.389,10660,10660,10660,1,1
2019-04-01 16:41:44.394,10660,10660,10660,2,2
2019-04-01 16:41:45.492,10659,10659,10659,1,-1
2019-04-01 16:42:14.663,10659,10659,10659,1,1
2019-04-01 16:42:16.159,10659,10659,10659,13,13
2019-04-01 16:42:24.440,10659,10659,10659,2,2
2019-04-01 16:42:36.416,10659,10659,10659,1,1
2019-04-01 16:42:50.142,10658,10658,10658,1,-1
2019-04-01 16:43:13.965,10658,10658,10658,10,10
2019-04-01 16:43:17.630,10658,10658,10658,1,1
2019-04-01 16:43:32.560,10658,10658,10658,5,5
2019-04-01 16:43:36.394,10658,10658,10658,1,1
2019-04-01 16:43:38.435,10657,10657,10657,1,-1
2019-04-01 16:43:48.118,10658,10658,10658,1,1
2019-04-01 16:43:50.562,10659,10659,10659,1,1
2019-04-01 16:43:57.131,10658,10658,10658,1,-1
2019-04-01 16:44:00.607,10658,10658,10658,2,2
2019-04-01 16:44:00.992,10658,10658,10658,2,2
2019-04-01 16:44:01.214,10658,10658,10658,1,1
2019-04-01 16:44:21.393,10658,10658,10658,1,1
2019-04-01 16:44:23.595,10658,10658,10658,1,1
2019-04-01 16:44:37.649,10658,10658,10658,1,1
2019-04-01 16:44:40.284,10658,10658,10658,2,2
2019-04-01 16:44:40.298,10658,10658,10658,1,1
2019-04-01 16:44:45.640,10658,10658,10658,1,1
2019-04-01 16:45:08.057,10658,10658,10658,2,2
2019-04-01 16:45:08.058,10658,10658,10658,4,4
2019-04-01 16:45:08.058,10658,10658,10658,1,1
2019-04-01 16:45:24.864,10659,10659,10659,1,1
2019-04-01 16:45:25.824,10659,10659,10659,2,2
2019-04-01 16:45:25.985,10659,10659,10659,2,2
2019-04-01 16:45:28.195,10659,10659,10659,5,5
2019-04-01 16:46:15.091,10659,10659,10659,1,1
2019-04-01 16:46:23.925,10659,10659,10659,1,1
2019-04-01 16:46:33.281,10659,10659,10659,4,4
2019-04-01 16:46:40.038,10659,10659,10659,1,1
2019-04-01 16:47:15.667,10658,10658,10658,1,-1
2019-04-01 16:47:38.086,10659,10659,10659,2,2
2019-04-01 16:47:47.523,10659,10659,10659,1,1
2019-04-01 16:47:47.532,10659,10659,10659,1,1
2019-04-01 16:48:06.601,10659,10659,10659,1,1
2019-04-01 16:48:12.719,10659,10659,10659,1,1
2019-04-01 16:48:27.816,10659,10659,10659,1,1
2019-04-01 16:48:41.497,10659,10659,10659,1,1
2019-04-01 16:48:58.802,10659,10659,10659,1,1
2019-04-01 16:49:11.774,10659,10659,10659,2,2
2019-04-01 16:49:23.686,10659,10659,10659,1,1
2019-04-01 16:49:56.040,10659,10659,10659,1,1
2019-04-01 16:50:10.244,10660,10660,10660,1,1
2019-04-01 16:50:10.600,10660,10660,10660,28,28
2019-04-01 16:50:10.600,10661,10661,10661,12,12
2019-04-01 16:50:10.671,10660,10660,10660,1,-1
2019-04-01 16:50:10.676,10661,10661,10661,1,1
2019-04-01 16:50:10.707,10661,10661,10661,1,1
2019-04-01 16:50:10.725,10661,10661,10661,1,1
2019-04-01 16:50:12.147,10661,10661,10661,2,2
2019-04-01 16:50:12.308,10661,10661,10661,2,2
2019-04-01 16:50:12.949,10661,10661,10661,2,2
2019-04-01 16:50:17.236,10661,10661,10661,2,2
2019-04-01 16:50:21.621,10661,10661,10661,2,2
2019-04-01 16:51:02.357,10660,10660,10660,1,-1
2019-04-01 16:51:19.006,10661,10661,10661,1,1
2019-04-01 16:51:38.737,10661,10661,10661,1,1
2019-04-01 16:51:41.587,10661,10661,10661,1,1
2019-04-01 16:51:42.831,10661,10661,10661,1,1
2019-04-01 16:51:45.468,10661,10661,10661,1,1
2019-04-01 16:51:49.684,10661,10661,10661,1,1
2019-04-01 16:51:50.904,10661,10661,10661,1,1
2019-04-01 16:51:51.410,10661,10661,10661,1,1
2019-04-01 16:51:53.601,10661,10661,10661,1,1
2019-04-01 16:52:28.262,10660,10660,10660,2,-2
2019-04-01 16:52:40.657,10660,10660,10660,1,1
2019-04-01 16:52:40.784,10660,10660,10660,9,9
2019-04-01 16:52:41.033,10660,10660,10660,2,2
2019-04-01 16:52:41.909,10659,10659,10659,2,-2
2019-04-01 16:52:50.138,10659,10659,10659,3,3
2019-04-01 16:52:50.157,10659,10659,10659,2,2
2019-04-01 16:53:01.252,10659,10659,10659,9,9
2019-04-01 16:53:02.711,10659,10659,10659,2,2
2019-04-01 16:53:04.927,10659,10659,10659,1,1
2019-04-01 16:54:03.130,10659,10659,10659,3,3
2019-04-01 16:54:03.157,10659,10659,10659,4,4
2019-04-01 16:54:03.159,10659,10659,10659,1,1
2019-04-01 16:55:02.204,10658,10658,10658,2,-2
2019-04-01 16:55:16.503,10658,10658,10658,5,5
2019-04-01 16:55:19.679,10658,10658,10658,1,1
2019-04-01 16:55:38.503,10658,10658,10658,10,10
2019-04-01 16:55:55.270,10658,10658,10658,1,1
2019-04-01 16:55:55.270,10658,10658,10658,2,2
2019-04-01 16:55:58.113,10658,10658,10658,2,2
2019-04-01 16:56:00.169,10659,10659,10659,1,1
2019-04-01 16:56:00.896,10659,10659,10659,2,2
2019-04-01 16:56:01.150,10658,10658,10658,1,-1
2019-04-01 16:56:13.964,10658,10658,10658,10,10
2019-04-01 16:56:18.854,10659,10659,10659,2,2
2019-04-01 16:56:19.476,10659,10659,10659,1,1
2019-04-01 16:56:24.733,10660,10660,10660,1,1
2019-04-01 16:56:24.734,10660,10660,10660,1,1
2019-04-01 16:56:25.453,10660,10660,10660,2,2
2019-04-01 16:56:26.916,10660,10660,10660,2,2
2019-04-01 16:56:27.629,10660,10660,10660,5,5
2019-04-01 16:56:27.965,10660,10660,10660,1,1
2019-04-01 16:56:30.963,10660,10660,10660,2,2
2019-04-01 16:56:30.964,10660,10660,10660,4,4
2019-04-01 16:56:33.383,10660,10660,10660,1,1
2019-04-01 16:57:39.843,10659,10659,10659,1,-1
2019-04-01 16:57:54.746,10659,10659,10659,2,2
2019-04-01 16:57:55.848,10659,10659,10659,1,1
2019-04-01 16:57:55.848,10659,10659,10659,1,1
2019-04-01 16:57:55.848,10659,10659,10659,1,1
2019-04-01 16:57:55.909,10659,10659,10659,3,3
2019-04-01 16:57:59.963,10658,10658,10658,1,-1
2019-04-01 16:58:14.518,10659,10659,10659,2,2
2019-04-01 16:58:14.756,10659,10659,10659,2,2
2019-04-01 16:58:16.745,10660,10660,10660,1,1
2019-04-01 16:59:08.488,10659,10659,10659,14,-14
2019-04-01 16:59:11.645,10659,10659,10659,1,1
2019-04-01 16:59:35.501,10659,10659,10659,1,1
2019-04-01 16:59:57.741,10659,10659,10659,1,1
2019-04-01 17:00:27.052,10659,10659,10659,1,1
2019-04-01 17:00:28.306,10659,10659,10659,2,2
2019-04-01 17:01:03.248,10659,10659,10659,2,2
2019-04-01 17:01:03.248,10659,10659,10659,1,1
2019-04-01 17:01:03.252,10659,10659,10659,8,8
2019-04-01 17:01:03.253,10659,10659,10659,8,8
2019-04-01 17:01:03.282,10659,10659,10659,1,1
2019-04-01 17:01:03.282,10659,10659,10659,8,8
2019-04-01 17:01:13.690,10659,10659,10659,2,2
2019-04-01 17:01:13.746,10659,10659,10659,1,1
2019-04-01 17:01:13.746,10659,10659,10659,1,1
2019-04-01 17:01:13.746,10659,10659,10659,1,1
2019-04-01 17:01:14.804,10659,10659,10659,5,5
2019-04-01 17:01:24.000,10659,10659,10659,1,1
2019-04-01 17:01:24.219,10659,10659,10659,6,6
2019-04-01 17:01:24.282,10659,10659,10659,4,4
2019-04-01 17:01:25.848,10659,10659,10659,3,3
2019-04-01 17:01:49.770,10659,10659,10659,1,1
2019-04-01 17:01:49.782,10659,10659,10659,1,1
2019-04-01 17:02:05.901,10659,10659,10659,1,1
2019-04-01 17:02:15.556,10659,10659,10659,1,1
2019-04-01 17:02:18.676,10659,10659,10659,1,1
2019-04-01 17:02:24.018,10658,10658,10658,1,-1
2019-04-01 17:02:34.167,10659,10659,10659,1,1
2019-04-01 17:02:38.876,10659,10659,10659,2,2
2019-04-01 17:02:55.301,10659,10659,10659,7,7
2019-04-01 17:03:20.950,10658,10658,10658,2,-2
2019-04-01 17:03:20.950,10658,10658,10658,3,3
2019-04-01 17:03:20.950,10658,10658,10658,1,1
2019-04-01 17:03:38.707,10658,10658,10658,1,1
2019-04-01 17:03:39.691,10658,10658,10658,1,1
2019-04-01 17:04:15.945,10658,10658,10658,1,1
2019-04-01 17:04:21.628,10658,10658,10658,2,2
2019-04-01 17:04:31.299,10658,10658,10658,10,10
2019-04-01 17:04:35.395,10658,10658,10658,1,1
2019-04-01 17:04:35.588,10658,10658,10658,5,5
2019-04-01 17:04:37.662,10658,10658,10658,1,1
2019-04-01 17:04:37.664,10658,10658,10658,2,2
2019-04-01 17:04:40.057,10658,10658,10658,1,1
2019-04-01 17:04:43.682,10658,10658,10658,1,1
2019-04-01 17:04:44.132,10658,10658,10658,2,2
2019-04-01 17:04:44.133,10658,10658,10658,5,5
2019-04-01 17:04:56.277,10657,10657,10657,1,-1
2019-04-01 17:04:56.436,10657,10657,10657,1,1
2019-04-01 17:05:33.656,10658,10658,10658,2,2
2019-04-01 17:05:34.581,10657,10657,10657,1,-1
2019-04-01 17:05:35.449,10658,10658,10658,1,1
2019-04-01 17:05:35.456,10658,10658,10658,2,2
2019-04-01 17:05:49.110,10658,10658,10658,1,1
2019-04-01 17:06:04.286,10658,10658,10658,1,1
2019-04-01 17:06:36.501,10658,10658,10658,1,1
2019-04-01 17:06:38.296,10658,10658,10658,1,1
2019-04-01 17:06:51.987,10659,10659,10659,1,1
2019-04-01 17:06:51.988,10659,10659,10659,5,5
2019-04-01 17:07:20.520,10659,10659,10659,1,1
2019-04-01 17:07:37.947,10659,10659,10659,2,2
2019-04-01 17:07:40.657,10659,10659,10659,1,1
2019-04-01 17:08:09.003,10659,10659,10659,1,1
2019-04-01 17:08:32.253,10659,10659,10659,1,1
2019-04-01 17:08:37.479,10659,10659,10659,2,2
2019-04-01 17:08:44.540,10659,10659,10659,1,1
2019-04-01 17:08:50.644,10660,10660,10660,1,1
2019-04-01 17:08:50.783,10660,10660,10660,1,1
2019-04-01 17:09:04.196,10659,10659,10659,1,-1
2019-04-01 17:09:07.177,10659,10659,10659,1,1
2019-04-01 17:09:24.450,10659,10659,10659,2,2
2019-04-01 17:09:48.417,10659,10659,10659,1,1
2019-04-01 17:09:56.580,10659,10659,10659,2,2
2019-04-01 17:11:48.887,10658,10658,10658,1,-1
2019-04-01 17:11:48.967,10658,10658,10658,1,1
2019-04-01 17:11:49.569,10658,10658,10658,1,1
2019-04-01 17:11:49.782,10658,10658,10658,1,1
2019-04-01 17:11:49.907,10658,10658,10658,4,4
2019-04-01 17:11:50.032,10658,10658,10658,1,1
2019-04-01 17:11:51.927,10658,10658,10658,1,1
2019-04-01 17:12:06.263,10658,10658,10658,1,1
2019-04-01 17:12:40.985,10658,10658,10658,1,1
2019-04-01 17:12:41.782,10657,10657,10657,14,-14
2019-04-01 17:12:41.782,10657,10657,10657,1,1
2019-04-01 17:12:41.782,10657,10657,10657,2,2
2019-04-01 17:12:41.782,10657,10657,10657,1,1
2019-04-01 17:12:41.782,10657,10657,10657,3,3
2019-04-01 17:12:42.934,10657,10657,10657,1,1
2019-04-01 17:12:52.887,10656,10656,10656,1,-1
2019-04-01 17:12:53.045,10656,10656,10656,4,4
2019-04-01 17:12:53.045,10655,10655,10655,36,-36
2019-04-01 17:12:53.602,10655,10655,10655,1,1
2019-04-01 17:12:53.907,10655,10655,10655,1,1
2019-04-01 17:13:01.980,10655,10655,10655,1,1
2019-04-01 17:13:02.389,10654,10654,10654,1,-1
2019-04-01 17:13:02.478,10654,10654,10654,1,1
2019-04-01 17:13:02.635,10654,10654,10654,2,2
2019-04-01 17:13:02.744,10654,10654,10654,1,1
2019-04-01 17:13:02.922,10654,10654,10654,1,1
2019-04-01 17:13:18.574,10655,10655,10655,1,1
2019-04-01 17:13:24.635,10655,10655,10655,1,1
2019-04-01 17:13:27.789,10655,10655,10655,1,1
2019-04-01 17:14:13.234,10654,10654,10654,1,-1
2019-04-01 17:14:18.351,10654,10654,10654,1,1
2019-04-01 17:14:18.453,10654,10654,10654,3,3
2019-04-01 17:14:20.276,10654,10654,10654,4,4
2019-04-01 17:14:21.685,10654,10654,10654,4,4
2019-04-01 17:14:23.006,10654,10654,10654,4,4
2019-04-01 17:14:23.844,10654,10654,10654,1,1
2019-04-01 17:14:23.968,10654,10654,10654,1,1
2019-04-01 17:14:24.631,10654,10654,10654,1,1
2019-04-01 17:14:24.829,10654,10654,10654,4,4
2019-04-01 17:14:27.854,10654,10654,10654,1,1
2019-04-01 17:14:29.965,10654,10654,10654,3,3
2019-04-01 17:14:31.858,10654,10654,10654,3,3
2019-04-01 17:14:32.579,10654,10654,10654,1,1
2019-04-01 17:14:34.407,10654,10654,10654,1,1
2019-04-01 17:14:36.831,10654,10654,10654,1,1
2019-04-01 17:14:45.732,10654,10654,10654,1,1
2019-04-01 17:14:46.479,10654,10654,10654,1,1
2019-04-01 17:14:46.498,10654,10654,10654,1,1
2019-04-01 17:14:48.138,10654,10654,10654,1,1
2019-04-01 17:14:51.619,10654,10654,10654,1,1
2019-04-01 17:14:51.953,10654,10654,10654,2,2
2019-04-01 17:14:54.859,10654,10654,10654,4,4
2019-04-01 17:14:55.695,10654,10654,10654,2,2
2019-04-01 17:14:57.050,10654,10654,10654,1,1
2019-04-01 17:14:57.262,10654,10654,10654,1,1
2019-04-01 17:14:58.108,10654,10654,10654,1,1
2019-04-01 17:14:59.166,10654,10654,10654,1,1
2019-04-01 17:15:06.585,10653,10653,10653,1,-1
2019-04-01 17:15:06.845,10653,10653,10653,1,1
2019-04-01 17:15:11.427,10653,10653,10653,3,3
2019-04-01 17:15:13.044,10653,10653,10653,1,1
2019-04-01 17:15:18.020,10653,10653,10653,1,1
2019-04-01 17:15:26.862,10653,10653,10653,1,1
2019-04-01 17:15:28.382,10653,10653,10653,1,1
2019-04-01 17:15:33.289,10653,10653,10653,2,2
2019-04-01 17:15:39.839,10653,10653,10653,1,1
2019-04-01 17:15:52.334,10654,10654,10654,1,1
2019-04-01 17:15:52.658,10653,10653,10653,1,-1
2019-04-01 17:15:52.673,10654,10654,10654,1,1
2019-04-01 17:15:52.673,10654,10654,10654,1,1
2019-04-01 17:15:52.673,10654,10654,10654,6,6
2019-04-01 17:15:52.786,10655,10655,10655,1,1
2019-04-01 17:15:54.071,10654,10654,10654,1,-1
2019-04-01 17:15:58.467,10654,10654,10654,1,1
2019-04-01 17:16:13.174,10653,10653,10653,1,-1
2019-04-01 17:16:16.488,10654,10654,10654,1,1
2019-04-01 17:16:43.741,10654,10654,10654,1,1
2019-04-01 17:16:50.881,10654,10654,10654,3,3
2019-04-01 17:17:05.030,10654,10654,10654,1,1
2019-04-01 17:17:14.620,10655,10655,10655,12,12
2019-04-01 17:17:18.382,10655,10655,10655,4,4
2019-04-01 17:17:45.764,10655,10655,10655,3,3
2019-04-01 17:17:50.055,10655,10655,10655,1,1
2019-04-01 17:17:56.782,10655,10655,10655,1,1
2019-04-01 17:18:01.863,10655,10655,10655,1,1
2019-04-01 17:18:04.349,10655,10655,10655,1,1
2019-04-01 17:18:13.581,10655,10655,10655,1,1
2019-04-01 17:18:59.612,10655,10655,10655,2,2
2019-04-01 17:19:13.400,10655,10655,10655,4,4
2019-04-01 17:19:26.960,10655,10655,10655,1,1
2019-04-01 17:19:34.144,10655,10655,10655,1,1
2019-04-01 17:19:34.157,10655,10655,10655,1,1
2019-04-01 17:19:34.157,10655,10655,10655,3,3
2019-04-01 17:19:35.159,10656,10656,10656,1,1
2019-04-01 17:20:01.917,10656,10656,10656,1,1
2019-04-01 17:20:02.831,10655,10655,10655,2,-2
2019-04-01 17:20:10.448,10655,10655,10655,1,1
2019-04-01 17:20:12.505,10655,10655,10655,1,1
2019-04-01 17:20:23.446,10654,10654,10654,25,-25
2019-04-01 17:20:40.058,10653,10653,10653,29,-29
2019-04-01 17:20:46.214,10652,10652,10652,1,-1
2019-04-01 17:20:46.760,10652,10652,10652,1,1
2019-04-01 17:20:56.200,10652,10652,10652,1,1
2019-04-01 17:21:00.516,10652,10652,10652,2,2
2019-04-01 17:21:12.020,10652,10652,10652,2,2
2019-04-01 17:21:22.151,10653,10653,10653,2,2
2019-04-01 17:21:23.526,10653,10653,10653,1,1
2019-04-01 17:21:24.557,10652,10652,10652,2,-2
2019-04-01 17:21:28.633,10652,10652,10652,3,3
2019-04-01 17:21:32.732,10653,10653,10653,1,1
2019-04-01 17:21:44.578,10653,10653,10653,1,1
2019-04-01 17:21:44.657,10653,10653,10653,1,1
2019-04-01 17:21:50.290,10654,10654,10654,4,4
2019-04-01 17:21:50.451,10654,10654,10654,9,9
2019-04-01 17:22:43.810,10653,10653,10653,2,-2
2019-04-01 17:22:46.024,10653,10653,10653,1,1
2019-04-01 17:22:46.042,10653,10653,10653,2,2
2019-04-01 17:22:46.157,10653,10653,10653,1,1
2019-04-01 17:22:48.960,10653,10653,10653,1,1
2019-04-01 17:22:49.474,10652,10652,10652,1,-1
2019-04-01 17:22:51.669,10653,10653,10653,1,1
2019-04-01 17:23:00.266,10653,10653,10653,1,1
2019-04-01 17:23:24.117,10653,10653,10653,1,1
2019-04-01 17:23:26.588,10653,10653,10653,1,1
2019-04-01 17:23:51.733,10652,10652,10652,22,-22
2019-04-01 17:24:04.600,10652,10652,10652,1,1
2019-04-01 17:24:18.092,10652,10652,10652,1,1
2019-04-01 17:24:18.157,10652,10652,10652,2,2
2019-04-01 17:24:24.937,10652,10652,10652,1,1
2019-04-01 17:24:28.782,10652,10652,10652,15,15
2019-04-01 17:24:32.183,10652,10652,10652,2,2
2019-04-01 17:24:36.471,10652,10652,10652,1,1
2019-04-01 17:24:37.226,10652,10652,10652,1,1
2019-04-01 17:24:38.269,10651,10651,10651,1,-1
2019-04-01 17:25:12.027,10651,10651,10651,1,1
2019-04-01 17:25:20.207,10651,10651,10651,2,2
2019-04-01 17:25:21.538,10652,10652,10652,1,1
2019-04-01 17:25:23.130,10652,10652,10652,1,1
2019-04-01 17:25:24.204,10651,10651,10651,1,-1
2019-04-01 17:25:25.596,10652,10652,10652,2,2
2019-04-01 17:25:26.269,10652,10652,10652,1,1
2019-04-01 17:25:26.269,10652,10652,10652,2,2
2019-04-01 17:25:26.282,10652,10652,10652,3,3
2019-04-01 17:25:26.407,10652,10652,10652,5,5
2019-04-01 17:25:31.676,10652,10652,10652,1,1
2019-04-01 17:26:16.703,10652,10652,10652,11,11
2019-04-01 17:26:17.151,10652,10652,10652,2,2
2019-04-01 17:26:22.702,10652,10652,10652,1,1
2019-04-01 17:26:26.034,10651,10651,10651,1,-1
2019-04-01 17:26:29.314,10651,10651,10651,4,4
2019-04-01 17:26:51.383,10652,10652,10652,1,1
2019-04-01 17:26:54.902,10652,10652,10652,1,1
2019-04-01 17:27:12.711,10652,10652,10652,5,5
2019-04-01 17:27:17.016,10652,10652,10652,1,1
2019-04-01 17:27:18.510,10652,10652,10652,1,1
2019-04-01 17:27:23.477,10652,10652,10652,1,1
2019-04-01 17:27:25.469,10652,10652,10652,1,1
2019-04-01 17:27:30.281,10652,10652,10652,1,1
2019-04-01 17:27:40.621,10652,10652,10652,1,1
2019-04-01 17:27:45.247,10651,10651,10651,2,-2
2019-04-01 17:28:07.202,10651,10651,10651,4,4
2019-04-01 17:28:12.640,10651,10651,10651,1,1
2019-04-01 17:28:13.583,10651,10651,10651,2,2
2019-04-01 17:28:24.848,10651,10651,10651,4,4
2019-04-01 17:28:33.659,10651,10651,10651,2,2
2019-04-01 17:28:48.287,10651,10651,10651,1,1
2019-04-01 17:29:30.216,10651,10651,10651,1,1
2019-04-01 17:29:31.068,10651,10651,10651,1,1
2019-04-01 17:29:33.842,10651,10651,10651,1,1
2019-04-01 17:29:35.237,10651,10651,10651,6,6
2019-04-01 17:29:35.824,10651,10651,10651,17,17
2019-04-01 17:29:45.403,10651,10651,10651,6,6
2019-04-01 17:30:09.451,10651,10651,10651,1,1
2019-04-01 17:30:09.665,10650,10650,10650,1,-1
2019-04-01 17:30:09.821,10650,10650,10650,1,1
2019-04-01 17:30:09.883,10650,10650,10650,2,2
2019-04-01 17:30:10.034,10650,10650,10650,1,1
2019-04-01 17:30:10.116,10650,10650,10650,1,1
2019-04-01 17:30:10.530,10650,10650,10650,1,1
2019-04-01 17:30:11.085,10650,10650,10650,1,1
2019-04-01 17:30:11.103,10650,10650,10650,1,1
2019-04-01 17:30:11.107,10650,10650,10650,1,1
2019-04-01 17:30:11.166,10650,10650,10650,1,1
2019-04-01 17:30:11.168,10650,10650,10650,1,1
2019-04-01 17:30:14.063,10651,10651,10651,1,1
2019-04-01 17:30:27.784,10651,10651,10651,1,1
2019-04-01 17:30:29.828,10651,10651,10651,4,4
2019-04-01 17:30:41.348,10651,10651,10651,1,1
2019-04-01 17:30:48.478,10651,10651,10651,1,1
2019-04-01 17:30:51.669,10651,10651,10651,1,1
2019-04-01 17:30:51.669,10650,10650,10650,1,-1
2019-04-01 17:31:11.188,10650,10650,10650,1,1
2019-04-01 17:31:13.122,10650,10650,10650,3,3
2019-04-01 17:31:19.455,10650,10650,10650,1,1
2019-04-01 17:31:37.118,10650,10650,10650,6,6
2019-04-01 17:31:40.409,10650,10650,10650,1,1
2019-04-01 17:31:53.966,10650,10650,10650,2,2
2019-04-01 17:31:56.907,10650,10650,10650,1,1
2019-04-01 17:32:00.487,10650,10650,10650,1,1
2019-04-01 17:32:01.128,10650,10650,10650,1,1
2019-04-01 17:32:02.356,10650,10650,10650,2,2
2019-04-01 17:32:02.448,10650,10650,10650,4,4
2019-04-01 17:32:10.982,10650,10650,10650,2,2
2019-04-01 17:32:13.788,10650,10650,10650,2,2
2019-04-01 17:32:17.491,10649,10649,10649,2,-2
2019-04-01 17:32:17.498,10649,10649,10649,1,1
2019-04-01 17:32:17.501,10649,10649,10649,3,3
2019-04-01 17:32:17.532,10649,10649,10649,1,1
2019-04-01 17:32:17.533,10649,10649,10649,3,3
2019-04-01 17:32:17.533,10649,10649,10649,2,2
2019-04-01 17:32:17.820,10649,10649,10649,1,1
2019-04-01 17:32:21.859,10649,10649,10649,5,5
2019-04-01 17:32:23.625,10649,10649,10649,4,4
2019-04-01 17:32:37.265,10649,10649,10649,1,1
2019-04-01 17:32:41.278,10649,10649,10649,2,2
2019-04-01 17:32:50.997,10649,10649,10649,4,4
2019-04-01 17:32:53.067,10650,10650,10650,2,2
2019-04-01 17:33:02.541,10650,10650,10650,2,2
2019-04-01 17:33:03.601,10650,10650,10650,6,6
2019-04-01 17:33:05.662,10650,10650,10650,2,2
2019-04-01 17:33:10.572,10651,10651,10651,4,4
2019-04-01 17:33:10.782,10651,10651,10651,1,1
2019-04-01 17:33:11.566,10651,10651,10651,1,1
2019-04-01 17:33:11.759,10651,10651,10651,1,1
2019-04-01 17:33:11.760,10651,10651,10651,1,1
2019-04-01 17:33:19.692,10651,10651,10651,2,2
2019-04-01 17:33:23.744,10651,10651,10651,2,2
2019-04-01 17:33:24.303,10651,10651,10651,2,2
2019-04-01 17:33:28.853,10651,10651,10651,4,4
2019-04-01 17:33:37.178,10652,10652,10652,2,2
2019-04-01 17:33:38.966,10652,10652,10652,1,1
2019-04-01 17:33:41.590,10652,10652,10652,2,2
2019-04-01 17:33:44.139,10652,10652,10652,1,1
2019-04-01 17:33:45.211,10652,10652,10652,2,2
2019-04-01 17:33:47.312,10652,10652,10652,2,2
2019-04-01 17:33:48.309,10652,10652,10652,1,1
2019-04-01 17:34:02.665,10653,10653,10653,1,1
2019-04-01 17:34:18.954,10652,10652,10652,1,-1
2019-04-01 17:34:21.038,10653,10653,10653,3,3
2019-04-01 17:34:26.534,10652,10652,10652,2,-2
2019-04-01 17:34:28.172,10652,10652,10652,2,2
2019-04-01 17:34:29.282,10652,10652,10652,4,4
2019-04-01 17:34:29.282,10652,10652,10652,3,3
2019-04-01 17:34:29.282,10652,10652,10652,5,5
2019-04-01 17:34:29.534,10651,10651,10651,2,-2
2019-04-01 17:34:40.412,10651,10651,10651,1,1
2019-04-01 17:34:40.643,10651,10651,10651,1,1
2019-04-01 17:34:40.783,10651,10651,10651,3,3
2019-04-01 17:34:40.907,10651,10651,10651,1,1
2019-04-01 17:34:40.916,10652,10652,10652,12,12
2019-04-01 17:34:48.070,10652,10652,10652,1,1
2019-04-01 17:34:55.138,10652,10652,10652,1,1
2019-04-01 17:35:32.504,10652,10652,10652,1,1
2019-04-01 17:35:32.955,10651,10651,10651,1,-1
2019-04-01 17:35:32.961,10651,10651,10651,1,1
2019-04-01 17:35:34.693,10652,10652,10652,1,1
2019-04-01 17:36:02.042,10652,10652,10652,1,1
2019-04-01 17:36:17.343,10652,10652,10652,2,2
2019-04-01 17:36:37.284,10652,10652,10652,4,4
2019-04-01 17:36:40.032,10652,10652,10652,1,1
2019-04-01 17:36:41.789,10652,10652,10652,1,1
2019-04-01 17:36:43.576,10652,10652,10652,1,1
2019-04-01 17:36:49.273,10652,10652,10652,1,1
2019-04-01 17:37:01.653,10652,10652,10652,4,4
2019-04-01 17:37:20.218,10653,10653,10653,2,2
2019-04-01 17:37:26.497,10653,10653,10653,4,4
2019-04-01 17:37:31.308,10652,10652,10652,1,-1
2019-04-01 17:37:44.650,10653,10653,10653,1,1
2019-04-01 17:38:30.601,10653,10653,10653,3,3
2019-04-01 17:39:05.659,10653,10653,10653,2,2
2019-04-01 17:39:09.532,10653,10653,10653,2,2
2019-04-01 17:39:17.627,10653,10653,10653,1,1
2019-04-01 17:39:28.106,10654,10654,10654,2,2
2019-04-01 17:39:41.382,10653,10653,10653,2,-2
2019-04-01 17:39:42.753,10653,10653,10653,2,2
2019-04-01 17:39:46.995,10653,10653,10653,2,2
2019-04-01 17:39:47.032,10653,10653,10653,1,1
2019-04-01 17:39:47.089,10653,10653,10653,5,5
2019-04-01 17:40:21.696,10652,10652,10652,2,-2
2019-04-01 17:40:21.850,10652,10652,10652,4,4
2019-04-01 17:40:22.966,10652,10652,10652,2,2
2019-04-01 17:40:25.179,10652,10652,10652,1,1
2019-04-01 17:40:31.820,10652,10652,10652,2,2
2019-04-01 17:40:34.331,10652,10652,10652,2,2
2019-04-01 17:40:49.880,10651,10651,10651,2,-2
2019-04-01 17:40:51.983,10652,10652,10652,1,1
2019-04-01 17:41:29.423,10652,10652,10652,1,1
2019-04-01 17:41:29.787,10652,10652,10652,1,1
2019-04-01 17:41:41.838,10652,10652,10652,1,1
2019-04-01 17:41:57.201,10653,10653,10653,4,4
2019-04-01 17:42:26.353,10653,10653,10653,1,1
2019-04-01 17:42:32.442,10653,10653,10653,2,2
2019-04-01 17:42:32.532,10653,10653,10653,5,5
2019-04-01 17:42:44.899,10653,10653,10653,1,1
2019-04-01 17:42:52.238,10654,10654,10654,4,4
2019-04-01 17:43:12.995,10654,10654,10654,1,1
2019-04-01 17:43:34.799,10654,10654,10654,1,1
2019-04-01 17:43:34.800,10654,10654,10654,1,1
2019-04-01 17:43:34.907,10654,10654,10654,6,6
2019-04-01 17:43:40.082,10655,10655,10655,1,1
2019-04-01 17:43:40.082,10655,10655,10655,2,2
2019-04-01 17:43:40.319,10655,10655,10655,1,1
2019-04-01 17:43:42.876,10655,10655,10655,1,1
2019-04-01 17:43:43.610,10655,10655,10655,1,1
2019-04-01 17:43:51.167,10655,10655,10655,2,2
2019-04-01 17:43:52.139,10654,10654,10654,1,-1
2019-04-01 17:44:00.768,10655,10655,10655,1,1
2019-04-01 17:44:05.966,10654,10654,10654,1,-1
2019-04-01 17:44:14.647,10654,10654,10654,4,4
2019-04-01 17:44:16.264,10654,10654,10654,2,2
2019-04-01 17:44:20.379,10654,10654,10654,1,1
2019-04-01 17:44:20.480,10654,10654,10654,2,2
2019-04-01 17:44:49.830,10654,10654,10654,1,1
2019-04-01 17:44:59.127,10654,10654,10654,1,1
2019-04-01 17:45:55.898,10654,10654,10654,1,1
2019-04-01 17:45:55.909,10654,10654,10654,4,4
2019-04-01 17:45:58.659,10654,10654,10654,1,1
2019-04-01 17:46:25.909,10653,10653,10653,1,-1
2019-04-01 17:47:04.349,10653,10653,10653,1,1
2019-04-01 17:47:13.094,10653,10653,10653,7,7
2019-04-01 17:47:13.335,10653,10653,10653,2,2
2019-04-01 17:47:13.574,10653,10653,10653,2,2
2019-04-01 17:47:13.813,10653,10653,10653,2,2
2019-04-01 17:47:37.811,10653,10653,10653,1,1
2019-04-01 17:47:41.405,10653,10653,10653,1,1
2019-04-01 17:47:41.635,10653,10653,10653,1,1
2019-04-01 17:47:44.786,10653,10653,10653,2,2
2019-04-01 17:47:48.066,10653,10653,10653,2,2
2019-04-01 17:47:55.302,10653,10653,10653,1,1
2019-04-01 17:48:06.260,10652,10652,10652,2,-2
2019-04-01 17:48:06.317,10652,10652,10652,1,1
2019-04-01 17:48:09.872,10652,10652,10652,2,2
2019-04-01 17:48:11.645,10652,10652,10652,2,2
2019-04-01 17:48:31.680,10652,10652,10652,1,1
2019-04-01 17:48:32.225,10651,10651,10651,5,-5
2019-04-01 17:48:36.374,10651,10651,10651,1,1
2019-04-01 17:48:56.361,10651,10651,10651,1,1
2019-04-01 17:49:01.481,10651,10651,10651,4,4
2019-04-01 17:49:01.532,10651,10651,10651,1,1
2019-04-01 17:49:01.532,10651,10651,10651,7,7
2019-04-01 17:49:17.631,10650,10650,10650,2,-2
2019-04-01 17:49:17.697,10650,10650,10650,1,1
2019-04-01 17:49:19.021,10650,10650,10650,8,8
2019-04-01 17:49:19.859,10650,10650,10650,1,1
2019-04-01 17:49:27.708,10650,10650,10650,1,1
2019-04-01 17:49:28.836,10650,10650,10650,1,1
2019-04-01 17:49:30.970,10649,10649,10649,15,-15
2019-04-01 17:49:30.970,10649,10649,10649,2,2
2019-04-01 17:49:31.004,10649,10649,10649,2,2
2019-04-01 17:49:31.475,10649,10649,10649,7,7
2019-04-01 17:49:32.083,10649,10649,10649,1,1
2019-04-01 17:49:32.092,10649,10649,10649,1,1
2019-04-01 17:49:44.887,10649,10649,10649,1,1
2019-04-01 17:49:50.858,10649,10649,10649,1,1
2019-04-01 17:49:51.944,10649,10649,10649,1,1
2019-04-01 17:49:56.275,10650,10650,10650,4,4
2019-04-01 17:50:03.716,10650,10650,10650,1,1
2019-04-01 17:50:27.920,10650,10650,10650,1,1
2019-04-01 17:50:39.140,10650,10650,10650,2,2
2019-04-01 17:50:47.807,10650,10650,10650,2,2
2019-04-01 17:50:59.977,10651,10651,10651,1,1
2019-04-01 17:51:52.213,10650,10650,10650,8,-8
2019-04-01 17:51:58.099,10650,10650,10650,2,2
2019-04-01 17:52:07.238,10650,10650,10650,1,1
2019-04-01 17:52:32.699,10650,10650,10650,2,2
2019-04-01 17:52:35.210,10650,10650,10650,5,5
2019-04-01 17:52:37.090,10650,10650,10650,1,1
2019-04-01 17:52:38.242,10650,10650,10650,1,1
2019-04-01 17:52:55.095,10650,10650,10650,1,1
2019-04-01 17:53:21.885,10650,10650,10650,1,1
2019-04-01 17:54:14.034,10651,10651,10651,4,4
2019-04-01 17:54:14.662,10650,10650,10650,13,-13
2019-04-01 17:54:22.180,10650,10650,10650,1,1
2019-04-01 17:54:24.682,10650,10650,10650,1,1
2019-04-01 17:55:03.841,10651,10651,10651,1,1
2019-04-01 17:55:04.173,10650,10650,10650,1,-1
2019-04-01 17:55:07.300,10650,10650,10650,1,1
2019-04-01 17:55:17.849,10650,10650,10650,1,1
2019-04-01 17:55:34.737,10650,10650,10650,1,1
2019-04-01 17:55:37.103,10650,10650,10650,2,2
2019-04-01 17:55:42.946,10650,10650,10650,2,2
2019-04-01 17:55:42.946,10650,10650,10650,1,1
2019-04-01 17:55:42.947,10650,10650,10650,2,2
2019-04-01 17:55:46.673,10650,10650,10650,1,1
2019-04-01 17:55:49.492,10650,10650,10650,2,2
2019-04-01 17:56:14.050,10649,10649,10649,2,-2
2019-04-01 17:56:14.659,10649,10649,10649,13,13
2019-04-01 17:56:15.203,10649,10649,10649,1,1
2019-04-01 17:56:19.045,10649,10649,10649,1,1
2019-04-01 17:56:25.949,10649,10649,10649,1,1
2019-04-01 17:56:32.547,10649,10649,10649,1,1
2019-04-01 17:56:32.830,10649,10649,10649,1,1
2019-04-01 17:56:35.032,10649,10649,10649,1,1
2019-04-01 17:56:35.392,10649,10649,10649,1,1
2019-04-01 17:56:41.623,10649,10649,10649,1,1
2019-04-01 17:56:50.016,10650,10650,10650,3,3
2019-04-01 17:56:50.037,10650,10650,10650,1,1
2019-04-01 17:56:51.032,10650,10650,10650,1,1
2019-04-01 17:56:59.552,10650,10650,10650,1,1
2019-04-01 17:57:26.279,10649,10649,10649,3,-3
2019-04-01 17:57:47.087,10650,10650,10650,2,2
2019-04-01 17:58:07.168,10651,10651,10651,1,1
2019-04-01 17:58:19.788,10651,10651,10651,2,2
2019-04-01 17:58:21.513,10651,10651,10651,3,3
2019-04-01 17:58:21.513,10651,10651,10651,2,2
2019-04-01 17:58:32.581,10651,10651,10651,2,2
2019-04-01 17:59:00.482,10652,10652,10652,1,1
2019-04-01 17:59:09.236,10652,10652,10652,2,2
2019-04-01 17:59:16.206,10652,10652,10652,1,1
2019-04-01 17:59:26.244,10652,10652,10652,1,1
2019-04-01 18:00:00.550,10652,10652,10652,2,2
2019-04-01 18:00:00.737,10652,10652,10652,2,2
2019-04-01 18:00:00.775,10652,10652,10652,4,4
2019-04-01 18:00:00.851,10652,10652,10652,1,1
2019-04-01 18:00:00.851,10652,10652,10652,1,1
2019-04-01 18:00:00.851,10652,10652,10652,1,1
2019-04-01 18:00:00.851,10652,10652,10652,1,1
2019-04-01 18:00:00.853,10652,10652,10652,5,5
2019-04-01 18:00:01.297,10651,10651,10651,2,-2
2019-04-01 18:00:01.327,10651,10651,10651,14,14
2019-04-01 18:00:01.328,10651,10651,10651,1,1
2019-04-01 18:00:01.329,10651,10651,10651,2,2
2019-04-01 18:00:01.364,10650,10650,10650,1,-1
2019-04-01 18:00:01.534,10650,10650,10650,4,4
2019-04-01 18:00:01.650,10650,10650,10650,1,1
2019-04-01 18:00:02.969,10650,10650,10650,1,1
2019-04-01 18:00:02.983,10650,10650,10650,1,1
2019-04-01 18:00:03.046,10650,10650,10650,1,1
2019-04-01 18:00:03.081,10650,10650,10650,1,1
2019-04-01 18:00:03.171,10650,10650,10650,1,1
2019-04-01 18:00:03.734,10651,10651,10651,8,8
2019-04-01 18:00:03.802,10650,10650,10650,1,-1
2019-04-01 18:00:03.814,10650,10650,10650,5,5
2019-04-01 18:00:16.411,10651,10651,10651,4,4
2019-04-01 18:00:16.460,10651,10651,10651,1,1
2019-04-01 18:00:27.689,10651,10651,10651,1,1
2019-04-01 18:00:45.928,10652,10652,10652,2,2
2019-04-01 18:01:11.285,10652,10652,10652,2,2
2019-04-01 18:01:15.052,10652,10652,10652,2,2
2019-04-01 18:01:15.052,10652,10652,10652,5,5
2019-04-01 18:01:23.337,10652,10652,10652,1,1
2019-04-01 18:01:29.877,10653,10653,10653,2,2
2019-04-01 18:01:34.259,10653,10653,10653,2,2
2019-04-01 18:01:34.497,10653,10653,10653,2,2
2019-04-01 18:01:36.390,10653,10653,10653,1,1
2019-04-01 18:01:36.461,10653,10653,10653,2,2
2019-04-01 18:02:32.591,10653,10653,10653,1,1
2019-04-01 18:02:39.453,10653,10653,10653,2,2
2019-04-01 18:02:39.564,10653,10653,10653,2,2
2019-04-01 18:02:44.380,10654,10654,10654,16,16
2019-04-01 18:02:54.600,10654,10654,10654,1,1
2019-04-01 18:02:54.657,10654,10654,10654,5,5
2019-04-01 18:03:05.642,10653,10653,10653,3,-3
2019-04-01 18:03:16.278,10652,10652,10652,1,-1
2019-04-01 18:03:16.367,10652,10652,10652,2,2
2019-04-01 18:03:16.407,10652,10652,10652,4,4
2019-04-01 18:03:16.407,10652,10652,10652,5,5
2019-04-01 18:03:19.605,10652,10652,10652,1,1
2019-04-01 18:03:31.986,10651,10651,10651,3,-3
2019-04-01 18:03:40.304,10652,10652,10652,2,2
2019-04-01 18:03:40.304,10652,10652,10652,2,2
2019-04-01 18:03:40.304,10652,10652,10652,8,8
2019-04-01 18:03:42.823,10652,10652,10652,1,1
2019-04-01 18:04:10.735,10654,10654,10654,2,2
2019-04-01 18:04:14.064,10654,10654,10654,2,2
2019-04-01 18:04:14.081,10654,10654,10654,2,2
2019-04-01 18:04:14.081,10654,10654,10654,6,6
2019-04-01 18:04:16.388,10654,10654,10654,2,2
2019-04-01 18:04:32.781,10654,10654,10654,1,1
