2019-06-06 15:00:00.076,10363,10364,10363,37
2019-06-06 15:00:00.077,10363,10364,10363,1
2019-06-06 15:00:00.077,10363,10364,10362,7
2019-06-06 15:00:00.466,10362,10364,10362,2
2019-06-06 15:00:00.558,10362,10364,10364,2
2019-06-06 15:00:00.783,10362,10364,10362,1
2019-06-06 15:00:00.806,10362,10364,10362,1
2019-06-06 15:00:00.814,10362,10364,10364,2
2019-06-06 15:00:00.823,10362,10364,10362,2
2019-06-06 15:00:02.473,10363,10364,10363,1
2019-06-06 15:00:04.655,10362,10363,10362,1
2019-06-06 15:00:06.124,10361,10363,10363,1
2019-06-06 15:00:07.893,10361,10363,10361,2
2019-06-06 15:00:11.856,10361,10363,10361,5
2019-06-06 15:00:12.257,10360,10362,10362,1
2019-06-06 15:00:12.600,10360,10362,10362,1
2019-06-06 15:00:15.152,10360,10362,10360,1
2019-06-06 15:00:15.530,10361,10362,10362,1
2019-06-06 15:00:16.147,10362,10363,10363,1
2019-06-06 15:00:16.147,10362,10363,10363,2
2019-06-06 15:00:17.070,10363,10364,10363,1
2019-06-06 15:00:17.672,10363,10364,10364,2
2019-06-06 15:00:17.895,10363,10364,10363,1
2019-06-06 15:00:18.956,10363,10364,10363,2
2019-06-06 15:00:19.716,10363,10364,10364,1
2019-06-06 15:00:19.947,10363,10364,10364,2
2019-06-06 15:00:20.065,10363,10364,10364,1
2019-06-06 15:00:20.638,10364,10365,10365,1
2019-06-06 15:00:21.958,10364,10365,10365,1
2019-06-06 15:00:22.498,10364,10365,10364,1
2019-06-06 15:00:22.498,10364,10365,10363,1
2019-06-06 15:00:22.799,10363,10364,10364,5
2019-06-06 15:00:22.975,10363,10364,10363,5
2019-06-06 15:00:23.103,10363,10364,10363,2
2019-06-06 15:00:23.103,10363,10364,10363,2
2019-06-06 15:00:23.104,10363,10364,10363,1
2019-06-06 15:00:23.155,10362,10363,10362,1
2019-06-06 15:00:24.132,10362,10363,10364,1
2019-06-06 15:00:24.471,10362,10364,10364,1
2019-06-06 15:00:25.037,10362,10363,10363,1
2019-06-06 15:00:26.373,10362,10363,10363,1
2019-06-06 15:00:27.289,10362,10363,10363,1
2019-06-06 15:00:27.290,10362,10363,10363,2
2019-06-06 15:00:29.086,10363,10364,10364,2
2019-06-06 15:00:29.086,10363,10364,10364,2
2019-06-06 15:00:29.087,10363,10364,10364,2
2019-06-06 15:00:30.106,10364,10365,10364,1
2019-06-06 15:00:34.780,10363,10364,10364,1
2019-06-06 15:00:37.153,10364,10365,10365,5
2019-06-06 15:00:38.943,10364,10365,10364,1
2019-06-06 15:00:42.214,10364,10365,10364,2
2019-06-06 15:00:42.486,10364,10365,10365,1
2019-06-06 15:00:44.445,10364,10365,10365,1
2019-06-06 15:00:44.651,10364,10365,10365,1
2019-06-06 15:00:45.344,10364,10365,10365,1
2019-06-06 15:00:47.942,10364,10365,10365,1
2019-06-06 15:00:47.958,10364,10365,10365,1
2019-06-06 15:00:48.430,10364,10365,10365,2
2019-06-06 15:00:49.045,10364,10365,10365,5
2019-06-06 15:00:49.160,10364,10365,10365,1
2019-06-06 15:00:49.556,10364,10365,10365,16
2019-06-06 15:00:50.925,10365,10366,10365,1
2019-06-06 15:00:51.431,10364,10366,10364,1
2019-06-06 15:00:52.628,10364,10366,10366,1
2019-06-06 15:00:58.471,10365,10366,10365,2
2019-06-06 15:01:01.232,10365,10366,10366,1
2019-06-06 15:01:01.368,10365,10366,10365,1
2019-06-06 15:01:01.410,10365,10366,10366,1
2019-06-06 15:01:02.580,10365,10366,10366,1
2019-06-06 15:01:06.624,10365,10366,10366,1
2019-06-06 15:01:07.570,10365,10366,10366,1
2019-06-06 15:01:08.275,10365,10366,10366,5
2019-06-06 15:01:09.384,10365,10366,10366,1
2019-06-06 15:01:10.693,10365,10366,10366,5
2019-06-06 15:01:10.813,10365,10366,10366,2
2019-06-06 15:01:15.633,10365,10367,10367,2
2019-06-06 15:01:18.479,10366,10367,10367,1
2019-06-06 15:01:19.984,10366,10367,10366,1
2019-06-06 15:01:21.499,10366,10367,10367,1
2019-06-06 15:01:21.518,10366,10367,10366,2
2019-06-06 15:01:21.519,10366,10367,10366,1
2019-06-06 15:01:21.530,10365,10366,10366,1
2019-06-06 15:01:24.350,10365,10366,10366,1
2019-06-06 15:01:26.040,10365,10366,10365,9
2019-06-06 15:01:26.166,10364,10366,10365,1
2019-06-06 15:01:27.226,10364,10365,10365,1
2019-06-06 15:01:29.258,10364,10365,10365,4
2019-06-06 15:01:32.128,10364,10365,10365,5
2019-06-06 15:01:33.156,10365,10366,10365,1
2019-06-06 15:01:41.431,10364,10365,10365,1
2019-06-06 15:01:42.377,10364,10365,10364,1
2019-06-06 15:01:46.257,10364,10365,10364,1
2019-06-06 15:01:46.316,10364,10365,10364,6
2019-06-06 15:01:46.732,10363,10364,10364,1
2019-06-06 15:01:47.818,10364,10365,10364,1
2019-06-06 15:01:48.789,10364,10365,10364,1
2019-06-06 15:01:48.914,10364,10365,10364,1
2019-06-06 15:01:51.210,10364,10365,10364,1
2019-06-06 15:01:52.775,10364,10365,10364,1
2019-06-06 15:02:01.359,10363,10364,10363,2
2019-06-06 15:02:01.580,10363,10364,10364,1
2019-06-06 15:02:01.580,10363,10364,10364,1
2019-06-06 15:02:01.612,10363,10364,10364,1
2019-06-06 15:02:01.616,10363,10364,10364,1
2019-06-06 15:02:08.309,10363,10364,10364,4
2019-06-06 15:02:12.159,10363,10364,10364,1
2019-06-06 15:02:18.062,10363,10364,10363,2
2019-06-06 15:02:18.166,10363,10364,10363,2
2019-06-06 15:02:21.655,10363,10364,10363,1
2019-06-06 15:02:21.655,10363,10364,10363,15
2019-06-06 15:02:22.468,10362,10363,10363,1
2019-06-06 15:02:25.187,10362,10364,10364,2
2019-06-06 15:02:29.422,10362,10363,10363,2
2019-06-06 15:02:36.155,10363,10364,10363,1
2019-06-06 15:02:41.155,10363,10364,10363,1
2019-06-06 15:02:49.906,10363,10364,10363,1
2019-06-06 15:02:52.800,10363,10364,10363,1
2019-06-06 15:02:53.047,10363,10364,10363,1
2019-06-06 15:03:00.209,10363,10364,10364,1
2019-06-06 15:03:00.426,10363,10364,10364,1
2019-06-06 15:03:00.978,10363,10364,10364,2
2019-06-06 15:03:01.491,10363,10364,10364,2
2019-06-06 15:03:04.030,10363,10364,10363,1
2019-06-06 15:03:09.386,10363,10364,10363,1
2019-06-06 15:03:11.860,10363,10364,10363,1
2019-06-06 15:03:19.858,10362,10364,10364,1
2019-06-06 15:03:27.497,10363,10364,10363,1
2019-06-06 15:03:32.077,10363,10364,10364,6
2019-06-06 15:03:32.893,10364,10365,10365,1
2019-06-06 15:03:46.255,10363,10364,10364,1
2019-06-06 15:03:47.919,10363,10364,10364,2
2019-06-06 15:03:54.280,10363,10364,10364,1
2019-06-06 15:03:54.280,10363,10364,10364,1
2019-06-06 15:03:56.135,10363,10364,10364,3
2019-06-06 15:03:56.135,10363,10364,10365,11
2019-06-06 15:04:04.714,10364,10365,10364,1
2019-06-06 15:04:07.865,10363,10364,10364,1
2019-06-06 15:04:08.177,10363,10364,10364,1
2019-06-06 15:04:09.718,10363,10364,10363,4
2019-06-06 15:04:13.909,10362,10363,10363,1
2019-06-06 15:04:14.364,10362,10363,10363,1
2019-06-06 15:04:15.223,10362,10363,10363,1
2019-06-06 15:04:22.514,10362,10363,10362,10
2019-06-06 15:04:34.263,10362,10363,10362,1
2019-06-06 15:04:38.141,10362,10363,10363,1
2019-06-06 15:04:38.155,10362,10363,10363,1
2019-06-06 15:04:38.225,10362,10363,10363,1
2019-06-06 15:04:38.225,10362,10363,10363,1
2019-06-06 15:04:40.097,10362,10363,10363,1
2019-06-06 15:04:41.185,10362,10363,10363,1
2019-06-06 15:04:45.900,10362,10363,10363,2
2019-06-06 15:04:46.134,10363,10364,10363,1
2019-06-06 15:04:48.874,10363,10364,10363,1
2019-06-06 15:04:48.905,10363,10364,10363,1
2019-06-06 15:04:50.630,10363,10364,10363,1
2019-06-06 15:04:53.009,10363,10364,10363,1
2019-06-06 15:05:04.385,10363,10364,10363,1
2019-06-06 15:05:05.137,10363,10364,10364,1
2019-06-06 15:05:05.142,10363,10364,10364,2
2019-06-06 15:05:05.483,10364,10365,10364,1
2019-06-06 15:05:17.980,10364,10365,10364,1
2019-06-06 15:05:23.883,10364,10365,10364,1
2019-06-06 15:05:29.010,10364,10365,10364,2
2019-06-06 15:05:31.116,10364,10365,10364,1
2019-06-06 15:05:50.540,10364,10365,10365,5
2019-06-06 15:05:52.361,10364,10365,10365,5
2019-06-06 15:05:52.405,10364,10365,10365,13
2019-06-06 15:05:52.405,10364,10365,10365,1
2019-06-06 15:05:52.530,10364,10365,10365,14
2019-06-06 15:05:52.531,10364,10365,10365,2
2019-06-06 15:05:52.655,10364,10365,10365,4
2019-06-06 15:05:52.655,10364,10365,10365,1
2019-06-06 15:05:52.655,10364,10365,10365,6
2019-06-06 15:05:52.655,10364,10365,10365,1
2019-06-06 15:05:52.655,10364,10365,10365,4
2019-06-06 15:05:52.655,10364,10365,10365,1
2019-06-06 15:05:52.655,10364,10365,10365,2
2019-06-06 15:05:52.655,10364,10365,10365,1
2019-06-06 15:05:52.672,10364,10365,10365,1
2019-06-06 15:05:52.780,10365,10366,10365,1
2019-06-06 15:05:53.998,10365,10366,10366,1
2019-06-06 15:05:54.088,10365,10366,10366,1
2019-06-06 15:05:54.815,10365,10366,10366,9
2019-06-06 15:05:55.402,10366,10367,10366,2
2019-06-06 15:05:58.954,10365,10366,10366,1
2019-06-06 15:06:10.677,10365,10366,10366,1
2019-06-06 15:06:11.318,10365,10366,10366,1
2019-06-06 15:06:13.487,10365,10366,10366,1
2019-06-06 15:06:14.495,10365,10366,10366,1
2019-06-06 15:06:15.997,10365,10366,10365,1
2019-06-06 15:06:17.028,10365,10366,10366,1
2019-06-06 15:06:17.903,10365,10366,10366,1
2019-06-06 15:06:18.539,10365,10366,10366,1
2019-06-06 15:06:19.510,10365,10366,10365,2
2019-06-06 15:06:20.917,10365,10366,10366,2
2019-06-06 15:06:21.721,10365,10366,10365,2
2019-06-06 15:06:23.224,10365,10366,10366,1
2019-06-06 15:06:25.156,10365,10366,10366,2
2019-06-06 15:06:25.949,10365,10366,10365,1
2019-06-06 15:06:30.349,10365,10366,10366,5
2019-06-06 15:06:40.691,10365,10366,10365,1
2019-06-06 15:06:42.280,10365,10366,10365,1
2019-06-06 15:06:48.934,10365,10366,10365,1
2019-06-06 15:07:00.075,10365,10366,10365,1
2019-06-06 15:07:00.157,10365,10366,10365,9
2019-06-06 15:07:00.280,10365,10366,10365,1
2019-06-06 15:07:02.174,10365,10366,10366,10
2019-06-06 15:07:07.857,10365,10366,10365,1
2019-06-06 15:07:11.951,10365,10366,10365,1
2019-06-06 15:07:28.836,10365,10366,10365,1
2019-06-06 15:07:44.073,10365,10366,10365,1
2019-06-06 15:07:47.940,10365,10366,10365,1
2019-06-06 15:07:48.847,10365,10366,10366,1
2019-06-06 15:07:55.320,10365,10366,10366,2
2019-06-06 15:08:00.394,10365,10366,10366,1
2019-06-06 15:08:08.428,10365,10366,10365,1
2019-06-06 15:08:31.491,10365,10366,10366,1
2019-06-06 15:08:32.990,10365,10366,10366,1
2019-06-06 15:08:33.030,10365,10366,10366,1
2019-06-06 15:08:33.030,10365,10366,10366,1
2019-06-06 15:08:33.155,10365,10366,10366,2
2019-06-06 15:08:39.457,10366,10367,10366,1
2019-06-06 15:08:49.713,10366,10367,10367,2
2019-06-06 15:09:03.406,10366,10367,10367,1
2019-06-06 15:09:03.514,10366,10367,10367,1
2019-06-06 15:09:03.782,10366,10367,10367,13
2019-06-06 15:09:06.258,10366,10367,10367,1
2019-06-06 15:09:06.258,10366,10367,10367,1
2019-06-06 15:09:06.258,10366,10367,10367,1
2019-06-06 15:09:11.639,10366,10367,10367,1
2019-06-06 15:09:13.547,10366,10367,10366,1
2019-06-06 15:09:14.544,10366,10367,10367,3
2019-06-06 15:09:14.875,10366,10367,10367,1
2019-06-06 15:09:18.589,10366,10367,10366,1
2019-06-06 15:09:18.590,10366,10367,10366,1
2019-06-06 15:09:19.840,10366,10367,10367,1
2019-06-06 15:09:34.758,10366,10367,10367,1
2019-06-06 15:09:41.562,10366,10367,10366,5
2019-06-06 15:09:45.715,10366,10367,10366,1
2019-06-06 15:09:51.595,10366,10367,10366,9
2019-06-06 15:10:02.673,10365,10366,10366,2
2019-06-06 15:10:03.064,10365,10366,10366,1
2019-06-06 15:10:03.067,10365,10366,10366,1
2019-06-06 15:10:04.588,10365,10366,10365,2
2019-06-06 15:10:13.586,10365,10366,10365,1
2019-06-06 15:10:14.548,10365,10366,10365,1
2019-06-06 15:10:15.345,10365,10366,10365,2
2019-06-06 15:10:57.280,10364,10365,10365,1
2019-06-06 15:10:57.280,10364,10365,10365,4
2019-06-06 15:10:57.301,10364,10365,10365,9
2019-06-06 15:11:08.491,10365,10366,10366,1
2019-06-06 15:11:19.281,10365,10366,10366,1
2019-06-06 15:11:23.879,10365,10366,10366,2
2019-06-06 15:11:23.880,10365,10366,10366,2
2019-06-06 15:11:23.880,10365,10366,10366,2
2019-06-06 15:11:23.880,10365,10366,10366,1
2019-06-06 15:11:28.719,10366,10367,10367,17
2019-06-06 15:11:29.704,10367,10368,10367,1
2019-06-06 15:11:32.128,10367,10368,10367,2
2019-06-06 15:11:32.156,10367,10368,10367,2
2019-06-06 15:11:41.616,10367,10368,10368,3
2019-06-06 15:11:41.713,10367,10368,10368,1
2019-06-06 15:11:41.770,10367,10368,10368,1
2019-06-06 15:11:42.575,10367,10368,10368,1
2019-06-06 15:11:49.178,10367,10368,10368,1
2019-06-06 15:11:49.280,10367,10368,10368,4
2019-06-06 15:11:49.280,10367,10368,10368,1
2019-06-06 15:11:50.368,10367,10368,10368,1
2019-06-06 15:11:50.742,10367,10368,10368,2
2019-06-06 15:11:51.805,10367,10368,10368,1
2019-06-06 15:11:51.905,10367,10368,10368,1
2019-06-06 15:11:51.991,10367,10368,10368,1
2019-06-06 15:11:52.468,10367,10368,10368,2
2019-06-06 15:11:53.552,10367,10368,10368,1
2019-06-06 15:11:54.462,10367,10368,10368,1
2019-06-06 15:11:56.049,10368,10369,10369,1
2019-06-06 15:11:56.517,10368,10369,10369,5
2019-06-06 15:11:58.184,10368,10369,10369,1
2019-06-06 15:11:59.449,10368,10369,10369,1
2019-06-06 15:12:00.273,10368,10369,10369,1
2019-06-06 15:12:00.776,10368,10369,10368,1
2019-06-06 15:12:00.849,10368,10369,10369,2
2019-06-06 15:12:01.911,10368,10369,10368,1
2019-06-06 15:12:01.946,10368,10369,10369,1
2019-06-06 15:12:04.778,10368,10369,10369,1
2019-06-06 15:12:10.093,10368,10369,10369,1
2019-06-06 15:12:18.029,10368,10369,10368,1
2019-06-06 15:12:19.668,10368,10369,10368,1
2019-06-06 15:12:25.625,10368,10369,10368,2
2019-06-06 15:12:37.756,10368,10369,10368,2
2019-06-06 15:12:42.650,10368,10369,10368,4
2019-06-06 15:13:03.923,10368,10369,10368,1
2019-06-06 15:13:08.787,10368,10369,10368,5
2019-06-06 15:13:10.160,10368,10369,10369,1
2019-06-06 15:13:23.957,10368,10369,10369,1
2019-06-06 15:13:28.838,10368,10369,10369,1
2019-06-06 15:13:37.229,10368,10369,10369,1
2019-06-06 15:13:40.492,10368,10369,10368,11
2019-06-06 15:13:40.492,10368,10369,10368,4
2019-06-06 15:13:40.530,10368,10369,10368,1
2019-06-06 15:13:40.530,10368,10369,10368,2
2019-06-06 15:13:40.794,10367,10368,10368,1
2019-06-06 15:14:09.423,10368,10369,10368,1
2019-06-06 15:14:13.540,10368,10369,10368,1
2019-06-06 15:14:18.195,10368,10369,10368,1
2019-06-06 15:14:28.643,10368,10369,10368,2
2019-06-06 15:14:29.083,10368,10369,10368,5
2019-06-06 15:14:54.438,10368,10369,10368,1
2019-06-06 15:14:58.133,10368,10369,10368,2
2019-06-06 15:15:02.217,10368,10369,10369,7
2019-06-06 15:15:03.660,10368,10369,10368,1
2019-06-06 15:15:03.732,10368,10369,10368,1
2019-06-06 15:15:05.744,10368,10369,10368,1
2019-06-06 15:15:05.744,10368,10369,10368,1
2019-06-06 15:15:17.328,10367,10368,10368,1
2019-06-06 15:15:18.913,10367,10368,10368,1
2019-06-06 15:15:26.858,10367,10368,10368,1
2019-06-06 15:15:32.642,10368,10369,10369,1
2019-06-06 15:15:32.830,10368,10369,10368,1
2019-06-06 15:15:33.109,10367,10369,10368,1
2019-06-06 15:15:34.095,10367,10368,10368,1
2019-06-06 15:15:37.480,10367,10369,10369,1
2019-06-06 15:15:56.968,10367,10368,10368,1
2019-06-06 15:15:57.509,10367,10368,10368,1
2019-06-06 15:16:00.479,10368,10369,10368,1
2019-06-06 15:16:01.434,10368,10369,10368,1
2019-06-06 15:16:07.102,10368,10369,10368,1
2019-06-06 15:16:07.155,10368,10369,10368,1
2019-06-06 15:16:11.639,10367,10369,10369,2
2019-06-06 15:16:25.055,10368,10369,10368,1
2019-06-06 15:16:41.180,10368,10369,10368,1
2019-06-06 15:16:41.280,10368,10369,10368,1
2019-06-06 15:16:41.405,10368,10369,10368,1
2019-06-06 15:16:42.618,10367,10369,10367,1
2019-06-06 15:16:46.994,10367,10368,10367,1
2019-06-06 15:16:50.229,10367,10368,10368,1
2019-06-06 15:16:57.940,10367,10368,10368,6
2019-06-06 15:17:05.489,10367,10368,10368,1
2019-06-06 15:17:11.122,10368,10369,10369,1
2019-06-06 15:17:12.632,10368,10369,10368,1
2019-06-06 15:17:18.393,10368,10369,10368,2
2019-06-06 15:17:20.717,10368,10369,10368,1
2019-06-06 15:17:22.138,10368,10369,10369,10
2019-06-06 15:17:23.754,10368,10369,10369,2
2019-06-06 15:17:23.880,10368,10369,10369,8
2019-06-06 15:17:23.955,10368,10369,10369,2
2019-06-06 15:17:26.644,10368,10369,10369,1
2019-06-06 15:17:27.406,10368,10369,10369,3
2019-06-06 15:17:45.935,10368,10369,10369,1
2019-06-06 15:17:48.631,10368,10369,10368,1
2019-06-06 15:17:57.425,10368,10369,10369,2
2019-06-06 15:18:02.572,10368,10369,10369,2
2019-06-06 15:18:29.938,10368,10369,10369,9
2019-06-06 15:18:31.088,10369,10370,10369,1
2019-06-06 15:18:36.518,10368,10369,10369,1
2019-06-06 15:18:38.329,10368,10369,10368,1
2019-06-06 15:18:44.595,10368,10369,10369,1
2019-06-06 15:18:45.199,10368,10369,10369,1
2019-06-06 15:18:49.718,10368,10369,10369,2
2019-06-06 15:18:52.461,10368,10369,10368,4
2019-06-06 15:19:06.560,10368,10369,10368,2
2019-06-06 15:19:06.767,10368,10369,10368,2
2019-06-06 15:19:18.441,10368,10369,10368,1
2019-06-06 15:19:18.530,10368,10369,10368,11
2019-06-06 15:19:25.418,10367,10368,10368,1
2019-06-06 15:19:40.470,10368,10369,10368,2
2019-06-06 15:19:51.299,10368,10369,10368,1
2019-06-06 15:19:59.727,10367,10368,10368,1
2019-06-06 15:19:59.936,10368,10369,10368,1
2019-06-06 15:20:08.110,10367,10368,10368,2
2019-06-06 15:20:16.431,10368,10369,10369,10
2019-06-06 15:20:16.629,10368,10369,10369,9
2019-06-06 15:20:16.630,10368,10369,10369,3
2019-06-06 15:20:17.041,10369,10370,10369,10
2019-06-06 15:20:20.169,10369,10370,10370,10
2019-06-06 15:20:20.280,10369,10370,10370,2
2019-06-06 15:20:20.342,10369,10370,10370,1
2019-06-06 15:20:20.543,10369,10370,10370,10
2019-06-06 15:20:22.607,10369,10370,10370,1
2019-06-06 15:20:22.938,10369,10370,10370,1
2019-06-06 15:20:28.069,10368,10370,10370,1
2019-06-06 15:20:30.441,10369,10370,10370,1
2019-06-06 15:20:31.116,10369,10370,10370,10
2019-06-06 15:20:35.199,10369,10370,10370,2
2019-06-06 15:20:42.519,10369,10370,10370,1
2019-06-06 15:20:46.160,10369,10370,10370,1
2019-06-06 15:20:48.441,10369,10370,10370,3
2019-06-06 15:20:56.336,10369,10370,10370,1
2019-06-06 15:21:02.869,10369,10370,10370,7
2019-06-06 15:21:05.957,10369,10370,10370,3
2019-06-06 15:21:09.358,10369,10370,10369,1
2019-06-06 15:21:15.588,10369,10370,10370,1
2019-06-06 15:21:17.505,10369,10370,10370,1
2019-06-06 15:21:17.676,10369,10370,10369,1
2019-06-06 15:21:19.271,10369,10370,10370,1
2019-06-06 15:21:22.246,10369,10370,10370,1
2019-06-06 15:21:23.916,10369,10370,10370,1
2019-06-06 15:21:25.836,10369,10370,10370,1
2019-06-06 15:21:31.290,10369,10370,10369,1
2019-06-06 15:21:50.780,10369,10370,10369,1
2019-06-06 15:21:50.780,10369,10370,10369,6
2019-06-06 15:21:50.780,10369,10370,10369,1
2019-06-06 15:22:02.261,10368,10369,10369,5
2019-06-06 15:22:02.999,10368,10369,10369,4
2019-06-06 15:22:09.284,10369,10370,10370,3
2019-06-06 15:22:13.891,10369,10370,10369,1
2019-06-06 15:22:14.113,10369,10370,10369,3
2019-06-06 15:22:14.428,10368,10369,10369,2
2019-06-06 15:22:15.216,10368,10369,10369,2
2019-06-06 15:22:16.170,10368,10369,10369,10
2019-06-06 15:22:17.718,10368,10369,10369,3
2019-06-06 15:22:21.144,10368,10369,10369,1
2019-06-06 15:22:37.839,10368,10369,10369,3
2019-06-06 15:22:42.880,10369,10370,10369,1
2019-06-06 15:22:51.146,10368,10369,10369,1
2019-06-06 15:22:56.315,10368,10369,10369,2
2019-06-06 15:23:02.541,10369,10370,10369,1
2019-06-06 15:23:09.154,10369,10370,10369,1
2019-06-06 15:23:28.230,10368,10369,10369,3
2019-06-06 15:23:30.753,10368,10369,10369,1
2019-06-06 15:23:41.425,10368,10369,10369,1
2019-06-06 15:24:11.172,10368,10369,10369,1
2019-06-06 15:24:18.850,10368,10369,10369,2
2019-06-06 15:24:30.627,10368,10369,10369,1
2019-06-06 15:24:32.545,10368,10369,10368,2
2019-06-06 15:24:43.565,10368,10369,10368,1
2019-06-06 15:24:46.947,10368,10369,10368,1
2019-06-06 15:24:49.228,10368,10369,10368,1
2019-06-06 15:24:54.764,10368,10369,10369,1
2019-06-06 15:25:02.364,10368,10369,10369,1
2019-06-06 15:25:17.320,10368,10369,10368,2
2019-06-06 15:25:23.252,10368,10369,10368,8
2019-06-06 15:25:23.280,10368,10369,10368,3
2019-06-06 15:25:24.051,10367,10368,10368,2
2019-06-06 15:25:29.223,10367,10368,10367,2
2019-06-06 15:25:29.606,10367,10368,10368,1
2019-06-06 15:25:35.566,10368,10369,10368,1
2019-06-06 15:25:36.123,10367,10368,10368,1
2019-06-06 15:25:39.991,10368,10369,10368,1
2019-06-06 15:26:02.493,10368,10369,10369,10
2019-06-06 15:26:02.685,10368,10369,10369,2
2019-06-06 15:26:11.642,10368,10369,10369,1
2019-06-06 15:26:14.211,10368,10369,10369,1
2019-06-06 15:26:14.211,10368,10369,10369,1
2019-06-06 15:26:14.211,10368,10369,10369,2
2019-06-06 15:26:14.211,10368,10369,10369,5
2019-06-06 15:26:21.748,10369,10370,10369,1
2019-06-06 15:26:36.034,10368,10370,10370,1
2019-06-06 15:26:49.446,10368,10369,10369,5
2019-06-06 15:26:56.426,10368,10369,10369,1
2019-06-06 15:26:57.275,10368,10369,10369,1
2019-06-06 15:27:03.870,10368,10369,10369,2
2019-06-06 15:27:03.905,10368,10369,10369,1
2019-06-06 15:27:15.907,10368,10369,10369,5
2019-06-06 15:27:27.837,10369,10370,10370,1
2019-06-06 15:28:17.405,10369,10370,10370,13
2019-06-06 15:28:17.477,10369,10370,10370,15
2019-06-06 15:28:21.972,10370,10371,10371,2
2019-06-06 15:28:22.074,10370,10371,10371,2
2019-06-06 15:28:22.806,10370,10371,10371,4
2019-06-06 15:28:28.911,10370,10371,10371,1
2019-06-06 15:28:32.602,10370,10371,10371,1
2019-06-06 15:28:34.885,10370,10371,10371,2
2019-06-06 15:28:52.878,10370,10371,10371,2
2019-06-06 15:28:58.107,10370,10371,10370,1
2019-06-06 15:29:03.931,10370,10371,10371,1
2019-06-06 15:29:05.918,10370,10371,10371,6
2019-06-06 15:29:05.918,10370,10371,10371,2
2019-06-06 15:29:08.035,10371,10372,10371,1
2019-06-06 15:29:09.354,10371,10372,10371,1
2019-06-06 15:29:10.082,10371,10372,10371,1
2019-06-06 15:29:12.407,10371,10372,10371,2
2019-06-06 15:29:13.735,10371,10372,10371,1
2019-06-06 15:29:14.334,10371,10372,10372,1
2019-06-06 15:29:19.101,10371,10372,10372,7
2019-06-06 15:29:19.102,10371,10372,10372,8
2019-06-06 15:29:19.102,10371,10372,10372,6
2019-06-06 15:29:19.103,10371,10372,10373,7
2019-06-06 15:29:19.103,10371,10372,10373,7
2019-06-06 15:29:19.103,10371,10372,10373,7
2019-06-06 15:29:19.103,10371,10372,10373,6
2019-06-06 15:29:19.223,10372,10373,10373,1
2019-06-06 15:29:19.323,10372,10373,10373,1
2019-06-06 15:29:19.364,10372,10373,10373,1
2019-06-06 15:29:19.387,10372,10373,10373,1
2019-06-06 15:29:19.427,10372,10373,10373,1
2019-06-06 15:29:19.428,10372,10373,10373,1
2019-06-06 15:29:19.442,10372,10373,10372,4
2019-06-06 15:29:19.639,10372,10373,10373,7
2019-06-06 15:29:19.641,10372,10373,10373,1
2019-06-06 15:29:19.641,10372,10373,10374,2
2019-06-06 15:29:19.802,10373,10374,10374,1
2019-06-06 15:29:20.031,10373,10374,10374,1
2019-06-06 15:29:20.124,10373,10374,10374,1
2019-06-06 15:29:20.126,10373,10374,10374,1
2019-06-06 15:29:20.140,10373,10374,10374,1
2019-06-06 15:29:20.487,10373,10374,10374,10
2019-06-06 15:29:20.551,10373,10374,10374,11
2019-06-06 15:29:20.566,10373,10374,10374,7
2019-06-06 15:29:20.584,10373,10374,10374,3
2019-06-06 15:29:20.586,10373,10374,10374,7
2019-06-06 15:29:20.619,10373,10374,10374,3
2019-06-06 15:29:20.619,10373,10374,10374,1
2019-06-06 15:29:20.628,10373,10374,10375,8
2019-06-06 15:29:20.656,10374,10375,10374,1
2019-06-06 15:29:20.714,10374,10375,10375,1
2019-06-06 15:29:20.717,10374,10375,10375,2
2019-06-06 15:29:21.130,10374,10375,10375,1
2019-06-06 15:29:21.470,10374,10375,10375,2
2019-06-06 15:29:21.594,10374,10375,10374,1
2019-06-06 15:29:21.905,10374,10375,10374,1
2019-06-06 15:29:21.977,10374,10375,10375,1
2019-06-06 15:29:23.274,10373,10374,10374,1
2019-06-06 15:29:25.373,10374,10375,10375,1
2019-06-06 15:29:25.460,10374,10375,10375,2
2019-06-06 15:29:25.862,10374,10375,10375,4
2019-06-06 15:29:29.096,10374,10375,10375,2
2019-06-06 15:29:30.442,10374,10375,10374,1
2019-06-06 15:29:37.595,10373,10374,10374,1
2019-06-06 15:29:40.496,10373,10374,10374,2
2019-06-06 15:29:42.375,10373,10374,10374,1
2019-06-06 15:29:43.037,10373,10374,10373,2
2019-06-06 15:29:44.099,10373,10374,10374,1
2019-06-06 15:29:47.883,10373,10374,10373,1
2019-06-06 15:29:53.473,10373,10374,10374,2
2019-06-06 15:29:55.169,10373,10374,10373,2
2019-06-06 15:30:00.483,10373,10374,10373,1
2019-06-06 15:30:00.817,10373,10374,10374,1
2019-06-06 15:30:01.359,10373,10374,10374,1
2019-06-06 15:30:01.384,10373,10374,10374,1
2019-06-06 15:30:02.101,10373,10374,10374,1
2019-06-06 15:30:02.147,10373,10374,10374,1
2019-06-06 15:30:02.901,10373,10374,10374,7
2019-06-06 15:30:08.208,10373,10374,10373,1
2019-06-06 15:30:08.895,10373,10374,10374,5
2019-06-06 15:30:11.319,10374,10375,10375,2
2019-06-06 15:30:12.232,10374,10375,10374,1
2019-06-06 15:30:12.257,10374,10375,10375,1
2019-06-06 15:30:20.531,10374,10375,10375,9
2019-06-06 15:30:20.655,10374,10375,10375,4
2019-06-06 15:30:20.780,10374,10375,10375,1
2019-06-06 15:30:21.284,10375,10376,10375,1
2019-06-06 15:30:26.055,10375,10376,10376,10
2019-06-06 15:30:26.127,10375,10376,10375,1
2019-06-06 15:30:26.196,10375,10376,10376,1
2019-06-06 15:30:26.226,10375,10376,10376,1
2019-06-06 15:30:28.126,10375,10376,10376,1
2019-06-06 15:30:28.126,10375,10376,10376,2
2019-06-06 15:30:28.126,10375,10376,10376,1
2019-06-06 15:30:28.128,10375,10376,10376,1
2019-06-06 15:30:28.132,10375,10376,10376,3
2019-06-06 15:30:28.132,10375,10376,10376,1
2019-06-06 15:30:28.132,10375,10376,10376,1
2019-06-06 15:30:28.132,10375,10376,10376,1
2019-06-06 15:30:28.132,10375,10376,10376,1
2019-06-06 15:30:28.132,10375,10376,10376,6
2019-06-06 15:30:28.704,10376,10377,10376,1
2019-06-06 15:30:32.352,10375,10376,10376,4
2019-06-06 15:30:33.403,10376,10377,10376,1
2019-06-06 15:30:33.556,10376,10377,10376,1
2019-06-06 15:30:34.142,10375,10377,10377,2
2019-06-06 15:30:37.892,10376,10377,10377,3
2019-06-06 15:30:39.337,10376,10377,10377,3
2019-06-06 15:30:40.012,10376,10377,10377,1
2019-06-06 15:30:44.686,10376,10377,10377,10
2019-06-06 15:30:45.665,10376,10377,10377,8
2019-06-06 15:30:45.923,10376,10377,10377,4
2019-06-06 15:30:46.080,10377,10378,10377,2
2019-06-06 15:30:49.037,10377,10378,10377,1
2019-06-06 15:30:50.577,10377,10378,10377,1
2019-06-06 15:30:50.607,10377,10378,10377,1
2019-06-06 15:30:53.201,10377,10378,10377,3
2019-06-06 15:30:57.348,10377,10378,10377,5
2019-06-06 15:30:58.476,10377,10378,10377,3
2019-06-06 15:31:00.296,10376,10378,10376,1
2019-06-06 15:31:00.555,10376,10377,10376,1
2019-06-06 15:31:02.498,10376,10377,10376,1
2019-06-06 15:31:02.498,10376,10377,10376,7
2019-06-06 15:31:03.328,10375,10376,10376,1
2019-06-06 15:31:09.267,10376,10377,10376,1
2019-06-06 15:31:09.280,10376,10377,10376,7
2019-06-06 15:31:11.270,10375,10376,10376,1
2019-06-06 15:31:12.931,10375,10376,10376,1
2019-06-06 15:31:15.164,10375,10376,10375,1
2019-06-06 15:31:24.120,10375,10376,10375,1
2019-06-06 15:31:34.424,10375,10376,10375,1
2019-06-06 15:31:39.024,10375,10376,10375,1
2019-06-06 15:31:44.246,10375,10376,10375,1
2019-06-06 15:31:46.181,10375,10376,10375,1
2019-06-06 15:31:46.280,10375,10376,10375,8
2019-06-06 15:31:55.327,10374,10375,10375,1
2019-06-06 15:32:01.042,10374,10375,10375,10
2019-06-06 15:32:01.155,10374,10375,10375,1
2019-06-06 15:32:01.810,10374,10375,10375,1
2019-06-06 15:32:03.330,10374,10375,10375,1
2019-06-06 15:32:03.993,10375,10376,10375,1
2019-06-06 15:32:06.458,10375,10376,10375,1
2019-06-06 15:32:07.671,10375,10376,10375,1
2019-06-06 15:32:14.292,10375,10376,10375,1
2019-06-06 15:32:14.657,10375,10376,10376,3
2019-06-06 15:32:14.661,10375,10376,10376,1
2019-06-06 15:32:14.671,10375,10376,10376,3
2019-06-06 15:32:14.682,10375,10376,10376,1
2019-06-06 15:32:14.685,10375,10376,10376,1
2019-06-06 15:32:18.867,10375,10376,10375,1
2019-06-06 15:32:22.078,10375,10376,10375,2
2019-06-06 15:32:22.079,10375,10376,10375,1
2019-06-06 15:32:22.079,10375,10376,10375,1
2019-06-06 15:32:22.095,10375,10376,10375,2
2019-06-06 15:32:22.591,10374,10375,10375,10
2019-06-06 15:32:29.769,10374,10375,10375,1
2019-06-06 15:32:29.994,10374,10375,10375,3
2019-06-06 15:32:30.016,10374,10375,10375,1
2019-06-06 15:32:30.031,10374,10375,10375,1
2019-06-06 15:32:30.052,10374,10375,10375,3
2019-06-06 15:32:30.061,10374,10375,10375,1
2019-06-06 15:32:32.456,10374,10375,10374,1
2019-06-06 15:32:40.748,10374,10375,10374,1
2019-06-06 15:32:53.508,10374,10375,10374,1
2019-06-06 15:33:00.693,10374,10375,10374,7
2019-06-06 15:33:00.773,10374,10375,10374,2
2019-06-06 15:33:00.773,10374,10375,10374,1
2019-06-06 15:33:03.744,10373,10374,10374,1
2019-06-06 15:33:07.197,10373,10374,10374,1
2019-06-06 15:33:14.480,10373,10374,10373,1
2019-06-06 15:33:17.113,10373,10374,10373,1
2019-06-06 15:33:18.944,10373,10374,10373,4
2019-06-06 15:33:25.056,10373,10374,10373,1
2019-06-06 15:33:25.762,10373,10374,10373,1
2019-06-06 15:33:27.558,10373,10374,10373,1
2019-06-06 15:33:34.677,10373,10374,10373,1
2019-06-06 15:33:37.768,10373,10374,10373,2
2019-06-06 15:33:53.474,10373,10374,10373,3
2019-06-06 15:33:56.801,10373,10374,10373,3
2019-06-06 15:33:57.030,10373,10374,10373,1
2019-06-06 15:34:05.882,10373,10374,10373,1
2019-06-06 15:34:05.888,10373,10374,10373,1
2019-06-06 15:34:06.290,10372,10374,10372,1
2019-06-06 15:34:12.253,10372,10373,10373,2
2019-06-06 15:34:16.400,10372,10373,10373,3
2019-06-06 15:34:18.222,10373,10374,10373,1
2019-06-06 15:34:22.974,10373,10374,10374,1
2019-06-06 15:34:29.229,10373,10374,10373,2
2019-06-06 15:34:30.830,10372,10374,10374,1
2019-06-06 15:34:31.156,10373,10374,10374,1
2019-06-06 15:34:37.067,10373,10374,10373,1
2019-06-06 15:34:37.494,10372,10373,10373,1
2019-06-06 15:35:08.716,10373,10374,10374,2
2019-06-06 15:35:09.198,10373,10374,10374,1
2019-06-06 15:35:09.567,10373,10374,10374,1
2019-06-06 15:35:12.386,10373,10374,10373,2
2019-06-06 15:35:14.238,10373,10374,10373,2
2019-06-06 15:35:18.795,10372,10373,10373,2
2019-06-06 15:35:29.750,10372,10373,10372,1
2019-06-06 15:35:33.733,10372,10373,10373,3
2019-06-06 15:35:35.322,10372,10373,10372,4
2019-06-06 15:35:49.091,10372,10373,10372,1
2019-06-06 15:35:51.243,10372,10373,10373,1
2019-06-06 15:36:04.757,10372,10373,10373,7
2019-06-06 15:36:08.240,10372,10373,10373,1
2019-06-06 15:36:14.336,10372,10373,10373,5
2019-06-06 15:36:14.595,10373,10374,10373,1
2019-06-06 15:36:31.634,10373,10374,10373,1
2019-06-06 15:36:32.101,10373,10374,10374,1
2019-06-06 15:36:35.032,10373,10374,10374,3
2019-06-06 15:36:38.027,10373,10374,10373,1
2019-06-06 15:36:45.367,10373,10374,10373,10
2019-06-06 15:37:03.009,10373,10374,10374,10
2019-06-06 15:37:12.011,10373,10374,10374,1
2019-06-06 15:37:24.235,10373,10374,10374,1
2019-06-06 15:37:27.516,10373,10374,10373,1
2019-06-06 15:37:34.489,10373,10374,10374,1
2019-06-06 15:37:49.655,10373,10374,10374,20
2019-06-06 15:38:01.334,10374,10375,10374,1
2019-06-06 15:38:02.220,10374,10375,10375,1
2019-06-06 15:38:02.285,10374,10375,10375,1
2019-06-06 15:38:02.338,10374,10375,10375,1
2019-06-06 15:38:02.850,10374,10375,10375,8
2019-06-06 15:38:06.808,10374,10375,10375,1
2019-06-06 15:38:10.529,10374,10375,10375,2
2019-06-06 15:38:10.662,10374,10375,10375,1
2019-06-06 15:38:25.151,10374,10375,10374,3
2019-06-06 15:38:38.570,10374,10375,10375,1
2019-06-06 15:38:41.154,10374,10375,10374,1
2019-06-06 15:38:58.369,10374,10375,10374,2
2019-06-06 15:39:15.861,10374,10375,10374,5
2019-06-06 15:39:23.282,10374,10375,10375,1
2019-06-06 15:39:25.247,10374,10375,10374,1
2019-06-06 15:39:25.653,10374,10375,10374,1
2019-06-06 15:39:50.033,10373,10374,10373,1
2019-06-06 15:40:03.083,10373,10374,10373,2
2019-06-06 15:40:03.155,10373,10374,10373,19
2019-06-06 15:40:03.655,10372,10373,10373,1
2019-06-06 15:40:03.671,10372,10373,10373,2
2019-06-06 15:40:03.686,10372,10373,10373,1
2019-06-06 15:40:03.702,10372,10373,10373,1
2019-06-06 15:40:03.716,10372,10373,10373,1
2019-06-06 15:40:03.859,10372,10373,10373,3
2019-06-06 15:40:04.377,10372,10373,10373,1
2019-06-06 15:40:26.246,10372,10373,10372,2
2019-06-06 15:40:29.985,10372,10373,10373,2
2019-06-06 15:40:43.751,10372,10373,10372,1
2019-06-06 15:40:50.533,10372,10373,10372,1
2019-06-06 15:40:53.696,10372,10373,10373,1
2019-06-06 15:41:12.153,10372,10373,10372,7
2019-06-06 15:41:14.463,10372,10373,10373,1
2019-06-06 15:41:22.558,10372,10373,10373,1
2019-06-06 15:41:25.458,10372,10373,10373,1
2019-06-06 15:41:28.202,10372,10373,10373,1
2019-06-06 15:41:28.202,10372,10373,10373,1
2019-06-06 15:41:28.203,10372,10373,10373,2
2019-06-06 15:41:28.203,10372,10373,10373,4
2019-06-06 15:41:28.203,10372,10373,10373,1
2019-06-06 15:41:44.239,10372,10373,10373,1
2019-06-06 15:41:51.170,10373,10374,10373,2
2019-06-06 15:42:04.548,10373,10374,10373,1
2019-06-06 15:42:14.575,10373,10374,10373,2
2019-06-06 15:42:17.939,10373,10374,10373,1
2019-06-06 15:42:55.199,10372,10373,10372,1
2019-06-06 15:42:58.630,10372,10373,10373,1
2019-06-06 15:43:00.907,10372,10373,10372,1
2019-06-06 15:43:01.594,10372,10373,10373,2
2019-06-06 15:43:04.090,10373,10374,10373,1
2019-06-06 15:43:25.652,10372,10373,10373,1
2019-06-06 15:43:30.440,10372,10373,10372,1
2019-06-06 15:43:30.827,10372,10373,10372,6
2019-06-06 15:43:32.191,10372,10373,10372,11
2019-06-06 15:43:32.280,10372,10373,10372,12
2019-06-06 15:43:32.280,10372,10373,10372,8
2019-06-06 15:43:32.280,10372,10373,10372,4
2019-06-06 15:43:32.280,10372,10373,10372,1
2019-06-06 15:43:32.280,10372,10373,10372,2
2019-06-06 15:43:32.907,10371,10372,10371,2
2019-06-06 15:43:36.161,10371,10372,10371,1
2019-06-06 15:43:44.682,10371,10372,10371,1
2019-06-06 15:43:59.134,10371,10372,10371,1
2019-06-06 15:44:02.672,10371,10372,10371,1
2019-06-06 15:44:03.486,10371,10372,10371,1
2019-06-06 15:44:03.530,10371,10372,10371,1
2019-06-06 15:44:10.766,10370,10371,10371,3
2019-06-06 15:44:14.799,10371,10372,10371,1
2019-06-06 15:44:15.748,10371,10372,10371,1
2019-06-06 15:44:20.430,10371,10372,10372,3
2019-06-06 15:45:03.015,10371,10372,10372,5
2019-06-06 15:45:43.726,10372,10373,10372,2
2019-06-06 15:45:43.726,10372,10373,10372,1
2019-06-06 15:45:47.229,10371,10372,10372,1
2019-06-06 15:45:49.418,10371,10372,10372,10
2019-06-06 15:45:55.716,10372,10373,10372,1
2019-06-06 15:46:03.280,10372,10373,10373,3
2019-06-06 15:46:18.192,10373,10374,10374,10
2019-06-06 15:46:18.280,10373,10374,10374,3
2019-06-06 15:46:26.143,10374,10375,10374,2
2019-06-06 15:46:33.992,10373,10374,10374,2
2019-06-06 15:46:39.253,10373,10374,10374,1
2019-06-06 15:46:48.149,10373,10375,10375,1
2019-06-06 15:46:58.890,10374,10375,10375,10
2019-06-06 15:46:58.905,10374,10375,10375,3
2019-06-06 15:46:59.030,10374,10375,10375,1
2019-06-06 15:47:08.568,10374,10375,10375,1
2019-06-06 15:47:15.401,10374,10375,10375,2
2019-06-06 15:47:28.948,10375,10376,10375,1
2019-06-06 15:47:33.392,10375,10376,10375,1
2019-06-06 15:47:33.392,10375,10376,10375,1
2019-06-06 15:47:56.726,10374,10375,10375,6
2019-06-06 15:48:01.713,10375,10376,10376,10
2019-06-06 15:48:01.874,10375,10376,10376,1
2019-06-06 15:48:07.709,10375,10376,10375,1
2019-06-06 15:48:11.206,10375,10376,10376,1
2019-06-06 15:48:26.381,10375,10376,10375,1
2019-06-06 15:48:26.589,10375,10376,10376,1
2019-06-06 15:48:28.501,10375,10376,10376,3
2019-06-06 15:48:28.530,10375,10376,10376,1
2019-06-06 15:48:28.564,10375,10376,10376,10
2019-06-06 15:48:28.655,10375,10376,10376,7
2019-06-06 15:48:28.655,10375,10376,10376,1
2019-06-06 15:48:28.780,10375,10376,10376,1
2019-06-06 15:48:32.532,10375,10376,10376,2
2019-06-06 15:48:33.036,10375,10376,10376,1
2019-06-06 15:48:39.042,10375,10376,10376,1
2019-06-06 15:48:41.348,10375,10376,10375,2
2019-06-06 15:48:46.590,10375,10376,10375,7
2019-06-06 15:48:48.868,10375,10376,10375,1
2019-06-06 15:48:55.381,10375,10376,10375,1
2019-06-06 15:49:03.610,10374,10376,10376,1
2019-06-06 15:49:07.867,10374,10375,10375,1
2019-06-06 15:49:25.972,10374,10375,10375,1
2019-06-06 15:49:29.215,10375,10376,10376,1
2019-06-06 15:49:30.972,10375,10376,10375,1
2019-06-06 15:49:31.429,10375,10376,10375,2
2019-06-06 15:50:08.376,10374,10375,10375,2
2019-06-06 15:50:08.376,10374,10375,10376,3
2019-06-06 15:50:12.857,10375,10376,10375,1
2019-06-06 15:50:15.827,10374,10375,10375,1
2019-06-06 15:50:15.827,10374,10375,10376,2
2019-06-06 15:50:20.678,10375,10376,10375,1
2019-06-06 15:50:38.795,10374,10375,10375,1
2019-06-06 15:51:02.197,10374,10375,10375,3
2019-06-06 15:51:27.600,10374,10375,10375,1
2019-06-06 15:51:36.297,10374,10375,10375,2
2019-06-06 15:51:38.457,10374,10375,10375,1
2019-06-06 15:51:39.111,10374,10375,10375,1
2019-06-06 15:51:44.439,10374,10375,10375,1
2019-06-06 15:51:49.456,10374,10375,10374,1
2019-06-06 15:51:52.404,10374,10375,10375,1
2019-06-06 15:51:59.170,10374,10375,10375,1
2019-06-06 15:52:09.082,10374,10375,10375,1
2019-06-06 15:52:15.813,10374,10375,10375,6
2019-06-06 15:52:17.521,10375,10376,10375,1
2019-06-06 15:52:17.949,10375,10376,10375,5
2019-06-06 15:52:26.572,10375,10376,10375,3
2019-06-06 15:53:13.758,10374,10375,10374,1
2019-06-06 15:53:15.756,10374,10375,10375,2
2019-06-06 15:53:40.043,10374,10375,10375,1
2019-06-06 15:53:40.852,10374,10375,10375,4
2019-06-06 15:54:18.377,10374,10375,10375,3
2019-06-06 15:54:18.405,10374,10375,10375,1
2019-06-06 15:54:27.269,10375,10376,10376,1
2019-06-06 15:54:27.371,10375,10376,10376,1
2019-06-06 15:54:29.035,10375,10376,10376,1
2019-06-06 15:54:35.089,10375,10376,10375,2
2019-06-06 15:54:36.781,10375,10376,10376,1
2019-06-06 15:54:57.272,10375,10376,10376,1
2019-06-06 15:54:57.934,10375,10376,10376,1
2019-06-06 15:54:58.148,10375,10376,10376,1
2019-06-06 15:55:07.395,10375,10376,10375,1
2019-06-06 15:55:19.030,10375,10376,10375,1
2019-06-06 15:55:24.409,10375,10376,10376,2
2019-06-06 15:55:25.941,10375,10376,10375,1
2019-06-06 15:55:26.956,10375,10376,10375,1
2019-06-06 15:55:41.619,10375,10376,10375,1
2019-06-06 15:55:47.432,10375,10376,10375,2
2019-06-06 15:55:53.623,10374,10376,10376,6
2019-06-06 15:56:01.226,10375,10376,10375,1
2019-06-06 15:56:04.557,10375,10376,10375,1
2019-06-06 15:56:06.579,10374,10376,10376,5
2019-06-06 15:56:06.969,10375,10376,10375,1
2019-06-06 15:56:06.988,10375,10376,10376,1
2019-06-06 15:56:09.328,10375,10376,10375,1
2019-06-06 15:56:14.277,10374,10376,10376,1
2019-06-06 15:56:20.683,10374,10376,10376,1
2019-06-06 15:56:26.075,10375,10376,10375,1
2019-06-06 15:56:29.197,10375,10376,10375,1
2019-06-06 15:56:36.997,10375,10376,10375,1
2019-06-06 15:56:50.718,10375,10376,10375,1
2019-06-06 15:56:54.509,10375,10376,10375,1
2019-06-06 15:56:59.919,10374,10375,10375,1
2019-06-06 15:57:17.030,10374,10375,10375,1
2019-06-06 15:57:31.437,10374,10375,10374,1
2019-06-06 15:57:38.530,10374,10375,10374,1
2019-06-06 15:57:38.602,10374,10375,10374,1
2019-06-06 15:57:40.082,10374,10375,10374,1
2019-06-06 15:57:44.223,10374,10375,10374,1
2019-06-06 15:57:44.463,10374,10375,10374,1
2019-06-06 15:57:55.142,10374,10375,10375,1
2019-06-06 15:57:55.154,10374,10375,10375,2
2019-06-06 15:57:55.158,10374,10375,10375,2
2019-06-06 15:57:55.212,10374,10375,10375,1
2019-06-06 15:58:35.135,10374,10375,10375,3
2019-06-06 15:58:57.225,10375,10376,10375,1
2019-06-06 15:59:02.890,10375,10376,10375,1
2019-06-06 15:59:32.466,10375,10376,10376,1
2019-06-06 15:59:35.766,10375,10376,10375,5
2019-06-06 15:59:47.761,10375,10376,10375,1
2019-06-06 15:59:55.745,10375,10376,10375,1
2019-06-06 15:59:58.360,10375,10376,10375,7
2019-06-06 15:59:59.795,10374,10375,10374,1
2019-06-06 16:00:30.474,10374,10375,10375,2
2019-06-06 16:00:34.717,10374,10375,10375,1
2019-06-06 16:00:35.057,10374,10375,10375,2
2019-06-06 16:00:46.030,10374,10375,10375,1
2019-06-06 16:00:51.740,10374,10375,10375,1
2019-06-06 16:00:51.780,10374,10375,10375,1
2019-06-06 16:00:53.768,10374,10375,10375,1
2019-06-06 16:00:53.780,10374,10375,10375,2
2019-06-06 16:00:54.994,10375,10376,10375,2
2019-06-06 16:01:22.081,10374,10375,10375,2
2019-06-06 16:01:26.557,10375,10376,10375,1
2019-06-06 16:01:36.560,10375,10376,10375,1
2019-06-06 16:01:46.898,10375,10376,10375,1
2019-06-06 16:02:02.422,10375,10376,10376,10
2019-06-06 16:02:03.494,10375,10376,10376,1
2019-06-06 16:02:03.620,10375,10376,10376,2
2019-06-06 16:02:09.278,10375,10376,10376,1
2019-06-06 16:02:14.117,10375,10377,10377,1
2019-06-06 16:02:14.248,10375,10377,10377,2
2019-06-06 16:02:14.293,10375,10377,10377,1
2019-06-06 16:02:14.613,10376,10377,10377,1
2019-06-06 16:02:14.645,10376,10377,10377,2
2019-06-06 16:02:14.682,10376,10377,10377,2
2019-06-06 16:02:14.683,10376,10377,10377,2
2019-06-06 16:02:14.698,10376,10377,10377,2
2019-06-06 16:02:14.748,10376,10377,10377,2
2019-06-06 16:02:14.780,10376,10377,10377,5
2019-06-06 16:02:14.780,10376,10377,10377,1
2019-06-06 16:02:14.780,10376,10377,10377,19
2019-06-06 16:02:14.780,10376,10377,10377,1
2019-06-06 16:02:14.800,10376,10377,10378,3
2019-06-06 16:02:14.812,10376,10377,10378,1
2019-06-06 16:02:14.821,10376,10377,10378,2
2019-06-06 16:02:14.852,10376,10377,10378,2
2019-06-06 16:02:14.926,10377,10378,10378,1
2019-06-06 16:02:15.016,10377,10378,10378,1
2019-06-06 16:02:15.033,10377,10378,10378,2
2019-06-06 16:02:15.175,10377,10378,10378,2
2019-06-06 16:02:15.200,10377,10378,10378,1
2019-06-06 16:02:15.220,10377,10378,10378,1
2019-06-06 16:02:15.352,10377,10378,10378,1
2019-06-06 16:02:16.348,10377,10378,10378,1
2019-06-06 16:02:29.656,10377,10378,10377,1
2019-06-06 16:02:37.515,10377,10378,10377,1
2019-06-06 16:02:41.476,10377,10378,10377,2
2019-06-06 16:02:41.476,10377,10378,10377,1
2019-06-06 16:02:41.476,10377,10378,10377,1
2019-06-06 16:02:55.892,10376,10377,10377,1
2019-06-06 16:02:58.151,10376,10377,10377,1
2019-06-06 16:03:00.893,10376,10377,10377,4
2019-06-06 16:03:04.388,10376,10378,10377,1
2019-06-06 16:03:35.654,10376,10377,10377,8
2019-06-06 16:03:35.655,10376,10377,10377,1
2019-06-06 16:03:35.655,10376,10377,10377,1
2019-06-06 16:03:40.289,10377,10378,10377,5
2019-06-06 16:04:03.932,10376,10377,10377,1
2019-06-06 16:04:45.906,10376,10377,10376,1
2019-06-06 16:04:45.906,10376,10377,10376,1
2019-06-06 16:04:45.907,10376,10377,10376,3
2019-06-06 16:04:45.907,10376,10377,10376,2
2019-06-06 16:04:45.907,10376,10377,10376,1
2019-06-06 16:04:47.143,10375,10376,10376,1
2019-06-06 16:05:00.405,10375,10376,10375,1
2019-06-06 16:05:11.396,10375,10376,10376,1
2019-06-06 16:05:11.759,10375,10376,10376,2
2019-06-06 16:05:13.422,10375,10376,10375,1
2019-06-06 16:05:15.450,10375,10376,10375,1
2019-06-06 16:05:15.530,10375,10376,10375,1
2019-06-06 16:05:15.530,10375,10376,10375,5
2019-06-06 16:05:18.272,10374,10375,10375,1
2019-06-06 16:05:27.598,10374,10375,10374,1
2019-06-06 16:05:28.160,10374,10375,10374,1
2019-06-06 16:05:28.917,10374,10375,10375,1
2019-06-06 16:05:31.777,10374,10375,10374,2
2019-06-06 16:05:33.067,10374,10375,10374,1
2019-06-06 16:05:38.054,10374,10375,10374,1
2019-06-06 16:05:39.999,10374,10375,10374,2
2019-06-06 16:05:40.055,10374,10375,10374,1
2019-06-06 16:05:52.853,10374,10375,10375,3
2019-06-06 16:05:59.924,10374,10375,10375,1
2019-06-06 16:06:15.933,10374,10375,10374,1
2019-06-06 16:06:16.502,10374,10375,10375,2
2019-06-06 16:06:44.104,10374,10375,10374,2
2019-06-06 16:06:57.808,10373,10374,10373,1
2019-06-06 16:07:00.449,10373,10374,10373,10
2019-06-06 16:07:02.301,10373,10374,10373,1
2019-06-06 16:07:05.492,10373,10374,10373,1
2019-06-06 16:07:05.730,10373,10374,10373,1
2019-06-06 16:07:05.963,10373,10374,10373,1
2019-06-06 16:07:11.225,10373,10374,10373,1
2019-06-06 16:07:23.189,10373,10374,10373,1
2019-06-06 16:07:37.127,10373,10374,10373,2
2019-06-06 16:07:43.359,10373,10374,10373,1
2019-06-06 16:07:52.354,10373,10374,10373,1
2019-06-06 16:07:55.706,10373,10374,10373,7
2019-06-06 16:07:55.706,10373,10374,10373,1
2019-06-06 16:08:20.896,10372,10373,10372,1
2019-06-06 16:08:25.419,10372,10373,10372,3
2019-06-06 16:08:31.230,10372,10373,10373,1
2019-06-06 16:08:39.102,10372,10373,10373,1
2019-06-06 16:08:42.232,10372,10373,10372,4
2019-06-06 16:08:44.978,10372,10373,10372,1
2019-06-06 16:08:53.183,10372,10373,10372,9
2019-06-06 16:08:55.683,10372,10373,10372,5
2019-06-06 16:09:01.169,10372,10373,10372,2
2019-06-06 16:09:04.938,10372,10373,10373,2
2019-06-06 16:09:09.104,10372,10373,10373,1
2019-06-06 16:09:11.985,10372,10373,10373,1
2019-06-06 16:09:22.394,10372,10373,10373,2
2019-06-06 16:09:40.552,10372,10373,10373,1
2019-06-06 16:09:40.655,10372,10373,10373,1
2019-06-06 16:09:40.655,10372,10373,10373,5
2019-06-06 16:09:41.690,10373,10374,10373,1
2019-06-06 16:10:10.142,10373,10374,10373,1
2019-06-06 16:10:10.396,10373,10374,10374,2
2019-06-06 16:10:11.379,10373,10374,10373,1
2019-06-06 16:11:03.878,10373,10374,10374,1
2019-06-06 16:11:03.878,10373,10374,10374,1
2019-06-06 16:11:09.143,10373,10374,10374,1
2019-06-06 16:11:25.546,10373,10374,10373,1
2019-06-06 16:11:34.529,10373,10374,10373,1
2019-06-06 16:11:46.261,10373,10374,10373,3
2019-06-06 16:11:59.202,10373,10374,10373,1
2019-06-06 16:11:59.735,10373,10374,10373,1
2019-06-06 16:12:12.532,10373,10374,10373,1
2019-06-06 16:13:02.175,10373,10374,10373,1
2019-06-06 16:13:02.616,10373,10374,10374,3
2019-06-06 16:13:22.590,10373,10374,10373,1
2019-06-06 16:13:43.669,10373,10374,10373,1
2019-06-06 16:13:46.170,10373,10374,10373,1
2019-06-06 16:13:46.696,10373,10374,10373,1
2019-06-06 16:13:47.314,10373,10374,10373,1
2019-06-06 16:13:55.865,10373,10374,10373,1
2019-06-06 16:13:56.249,10373,10374,10373,1
2019-06-06 16:13:56.773,10373,10374,10373,1
2019-06-06 16:13:57.753,10373,10374,10373,1
2019-06-06 16:13:58.322,10373,10374,10373,1
2019-06-06 16:14:38.817,10372,10373,10373,3
2019-06-06 16:14:47.221,10373,10374,10373,1
2019-06-06 16:15:04.407,10373,10374,10373,10
2019-06-06 16:15:04.816,10372,10373,10372,10
2019-06-06 16:15:07.840,10372,10373,10373,1
2019-06-06 16:15:42.147,10372,10373,10373,1
2019-06-06 16:15:42.150,10372,10373,10373,2
2019-06-06 16:15:42.155,10372,10373,10373,1
2019-06-06 16:15:42.280,10373,10374,10373,1
2019-06-06 16:15:58.289,10373,10374,10374,1
2019-06-06 16:16:09.994,10373,10374,10374,1
2019-06-06 16:16:13.104,10373,10374,10374,1
2019-06-06 16:17:38.486,10373,10374,10373,1
2019-06-06 16:17:43.292,10373,10374,10374,1
2019-06-06 16:17:43.475,10373,10374,10374,1
2019-06-06 16:17:43.658,10373,10374,10374,1
2019-06-06 16:18:21.595,10373,10374,10374,1
2019-06-06 16:18:36.833,10373,10374,10373,4
2019-06-06 16:18:37.081,10373,10374,10373,8
2019-06-06 16:18:48.098,10373,10374,10373,1
2019-06-06 16:18:50.087,10373,10374,10373,1
2019-06-06 16:18:52.723,10373,10374,10373,2
2019-06-06 16:18:52.741,10373,10374,10373,1
2019-06-06 16:18:52.764,10373,10374,10373,2
2019-06-06 16:18:52.780,10373,10374,10373,1
2019-06-06 16:18:54.458,10373,10374,10373,1
2019-06-06 16:18:55.200,10373,10374,10373,1
2019-06-06 16:18:56.531,10373,10374,10374,1
2019-06-06 16:18:56.780,10373,10374,10373,1
2019-06-06 16:19:18.433,10373,10374,10373,1
2019-06-06 16:19:30.651,10373,10374,10373,2
2019-06-06 16:19:51.805,10372,10373,10372,2
2019-06-06 16:20:00.551,10371,10372,10372,1
2019-06-06 16:20:13.917,10371,10372,10371,1
2019-06-06 16:20:14.222,10371,10372,10371,1
2019-06-06 16:20:42.393,10371,10372,10371,2
2019-06-06 16:20:43.645,10371,10372,10371,1
2019-06-06 16:20:45.717,10371,10372,10371,2
2019-06-06 16:20:48.891,10371,10372,10371,1
2019-06-06 16:21:03.780,10371,10372,10371,3
2019-06-06 16:21:03.781,10371,10372,10371,8
2019-06-06 16:21:04.282,10370,10371,10371,2
2019-06-06 16:21:46.203,10370,10371,10371,5
2019-06-06 16:21:48.847,10370,10371,10371,1
2019-06-06 16:22:01.276,10370,10371,10371,1
2019-06-06 16:22:12.507,10370,10371,10371,1
2019-06-06 16:22:12.569,10370,10371,10371,1
2019-06-06 16:22:12.827,10370,10371,10370,1
2019-06-06 16:22:12.973,10370,10371,10370,1
2019-06-06 16:22:13.004,10370,10371,10371,1
2019-06-06 16:22:15.879,10370,10371,10370,2
2019-06-06 16:22:22.336,10370,10371,10370,2
2019-06-06 16:22:22.760,10370,10371,10370,1
2019-06-06 16:22:31.351,10370,10371,10370,5
2019-06-06 16:22:32.002,10370,10371,10371,1
2019-06-06 16:22:41.603,10370,10371,10371,1
2019-06-06 16:22:58.204,10370,10371,10370,2
2019-06-06 16:23:07.164,10370,10371,10370,2
2019-06-06 16:23:15.717,10370,10371,10370,1
2019-06-06 16:23:30.960,10370,10371,10370,1
2019-06-06 16:23:42.743,10370,10371,10370,1
2019-06-06 16:23:45.784,10370,10371,10370,2
2019-06-06 16:23:48.344,10370,10371,10370,1
2019-06-06 16:24:29.341,10370,10371,10370,1
2019-06-06 16:24:46.707,10370,10371,10370,2
2019-06-06 16:24:49.070,10370,10371,10371,1
2019-06-06 16:24:54.011,10370,10371,10371,1
2019-06-06 16:24:59.649,10370,10371,10371,6
2019-06-06 16:25:02.049,10370,10371,10371,2
2019-06-06 16:25:02.564,10370,10371,10371,1
2019-06-06 16:25:02.655,10370,10371,10371,2
2019-06-06 16:25:02.655,10370,10371,10371,3
2019-06-06 16:25:02.655,10370,10371,10371,1
2019-06-06 16:25:02.655,10370,10371,10371,10
2019-06-06 16:25:02.864,10371,10372,10372,1
2019-06-06 16:25:02.880,10371,10372,10372,4
2019-06-06 16:25:02.900,10371,10372,10372,1
2019-06-06 16:25:04.280,10371,10372,10372,1
2019-06-06 16:25:06.110,10371,10372,10372,1
2019-06-06 16:25:11.681,10371,10372,10372,1
2019-06-06 16:25:12.571,10371,10372,10372,1
2019-06-06 16:25:12.572,10371,10372,10372,1
2019-06-06 16:25:12.574,10371,10372,10372,1
2019-06-06 16:25:12.683,10371,10372,10372,1
2019-06-06 16:25:21.784,10372,10373,10372,4
2019-06-06 16:25:27.852,10371,10372,10372,1
2019-06-06 16:25:33.990,10372,10373,10372,2
2019-06-06 16:25:33.990,10372,10373,10372,3
2019-06-06 16:25:33.990,10372,10373,10372,2
2019-06-06 16:25:47.134,10371,10372,10371,3
2019-06-06 16:26:03.046,10371,10372,10372,4
2019-06-06 16:26:04.449,10371,10372,10372,1
2019-06-06 16:26:04.922,10372,10373,10372,1
2019-06-06 16:26:07.614,10372,10373,10372,1
2019-06-06 16:26:19.242,10371,10372,10372,1
2019-06-06 16:27:00.672,10371,10372,10371,1
2019-06-06 16:27:12.655,10371,10372,10371,1
2019-06-06 16:27:31.213,10371,10372,10371,1
2019-06-06 16:27:36.086,10371,10372,10371,1
2019-06-06 16:27:50.189,10370,10371,10370,26
2019-06-06 16:27:50.280,10370,10371,10370,1
2019-06-06 16:27:50.280,10370,10371,10370,1
2019-06-06 16:27:50.280,10370,10371,10370,4
2019-06-06 16:27:50.280,10370,10371,10370,1
2019-06-06 16:27:50.280,10370,10371,10370,1
2019-06-06 16:27:50.405,10370,10371,10370,6
2019-06-06 16:28:27.120,10369,10370,10370,1
2019-06-06 16:28:28.278,10369,10370,10370,1
2019-06-06 16:28:40.700,10369,10370,10370,10
2019-06-06 16:28:40.780,10369,10370,10370,1
2019-06-06 16:28:40.780,10369,10370,10370,4
2019-06-06 16:28:46.507,10370,10371,10370,1
2019-06-06 16:28:47.026,10370,10371,10370,1
2019-06-06 16:28:47.835,10370,10371,10370,1
2019-06-06 16:28:55.798,10370,10371,10370,1
2019-06-06 16:29:01.683,10370,10371,10370,2
2019-06-06 16:29:29.345,10370,10371,10370,1
2019-06-06 16:29:35.187,10370,10371,10371,1
2019-06-06 16:29:35.280,10370,10371,10371,1
2019-06-06 16:29:35.528,10370,10371,10370,1
2019-06-06 16:29:37.923,10370,10371,10371,1
2019-06-06 16:29:39.084,10370,10371,10371,3
2019-06-06 16:29:41.280,10371,10372,10371,1
2019-06-06 16:29:42.576,10370,10372,10370,1
2019-06-06 16:30:00.145,10370,10371,10370,1
2019-06-06 16:30:00.392,10370,10371,10371,1
2019-06-06 16:30:22.757,10370,10371,10371,6
2019-06-06 16:30:52.403,10371,10372,10371,1
2019-06-06 16:30:52.650,10371,10372,10371,1
2019-06-06 16:30:52.650,10371,10372,10371,1
2019-06-06 16:30:52.650,10371,10372,10371,1
2019-06-06 16:30:52.651,10371,10372,10371,1
2019-06-06 16:31:03.075,10370,10371,10371,2
2019-06-06 16:31:13.999,10371,10372,10371,2
2019-06-06 16:31:55.193,10371,10372,10372,1
2019-06-06 16:31:55.194,10371,10372,10372,1
2019-06-06 16:31:55.195,10371,10372,10372,1
2019-06-06 16:31:55.282,10371,10372,10372,12
2019-06-06 16:31:55.405,10371,10372,10372,1
2019-06-06 16:31:55.405,10371,10372,10372,2
2019-06-06 16:32:09.894,10372,10373,10372,1
2019-06-06 16:32:09.896,10372,10373,10372,1
2019-06-06 16:32:14.848,10371,10372,10371,1
2019-06-06 16:32:17.883,10371,10372,10372,1
2019-06-06 16:32:21.615,10371,10372,10372,1
2019-06-06 16:32:37.713,10371,10372,10372,1
2019-06-06 16:32:58.513,10371,10372,10372,1
2019-06-06 16:33:22.005,10371,10372,10372,2
2019-06-06 16:33:24.693,10371,10372,10372,1
2019-06-06 16:33:49.416,10371,10372,10371,5
2019-06-06 16:33:50.536,10371,10372,10372,4
2019-06-06 16:33:50.569,10371,10372,10372,2
2019-06-06 16:33:50.655,10371,10372,10372,1
2019-06-06 16:33:50.733,10371,10372,10373,3
2019-06-06 16:33:50.897,10372,10373,10373,1
2019-06-06 16:33:56.968,10372,10373,10372,2
2019-06-06 16:34:58.538,10372,10373,10373,5
2019-06-06 16:35:08.565,10372,10373,10373,4
2019-06-06 16:35:31.047,10372,10373,10373,1
2019-06-06 16:35:33.679,10372,10373,10373,2
2019-06-06 16:35:33.881,10372,10373,10373,2
2019-06-06 16:35:36.002,10372,10373,10373,1
2019-06-06 16:35:37.849,10372,10373,10373,1
2019-06-06 16:35:41.592,10372,10373,10373,1
2019-06-06 16:35:55.432,10372,10373,10373,4
2019-06-06 16:36:03.810,10372,10373,10373,1
2019-06-06 16:36:42.322,10372,10373,10373,2
2019-06-06 16:36:42.325,10372,10373,10373,1
2019-06-06 16:36:48.589,10373,10374,10373,1
2019-06-06 16:36:48.589,10373,10374,10372,1
2019-06-06 16:37:14.918,10372,10373,10373,10
2019-06-06 16:37:22.905,10372,10373,10372,1
2019-06-06 16:37:23.030,10372,10373,10372,6
2019-06-06 16:37:23.030,10372,10373,10373,1
2019-06-06 16:37:23.448,10371,10373,10372,1
2019-06-06 16:37:23.530,10372,10373,10372,1
2019-06-06 16:37:25.259,10371,10373,10373,1
2019-06-06 16:37:48.920,10372,10373,10373,1
2019-06-06 16:37:55.513,10372,10373,10373,1
2019-06-06 16:38:01.945,10373,10374,10374,3
2019-06-06 16:38:34.560,10373,10374,10374,1
2019-06-06 16:38:40.780,10373,10374,10374,1
2019-06-06 16:38:41.395,10373,10374,10373,1
2019-06-06 16:38:41.405,10373,10374,10373,1
2019-06-06 16:38:41.405,10373,10374,10373,1
2019-06-06 16:38:41.530,10373,10374,10373,1
2019-06-06 16:38:42.566,10372,10373,10373,1
2019-06-06 16:38:48.548,10372,10373,10373,2
2019-06-06 16:39:13.592,10372,10373,10373,2
2019-06-06 16:39:27.892,10373,10374,10373,4
2019-06-06 16:39:46.657,10372,10373,10373,4
2019-06-06 16:39:56.151,10372,10373,10373,1
2019-06-06 16:40:30.143,10372,10373,10372,1
2019-06-06 16:40:38.371,10372,10373,10372,1
2019-06-06 16:40:40.146,10372,10373,10372,1
2019-06-06 16:40:42.082,10372,10373,10372,1
2019-06-06 16:40:48.075,10372,10373,10373,1
2019-06-06 16:40:48.155,10372,10373,10373,1
2019-06-06 16:41:05.125,10372,10373,10373,1
2019-06-06 16:41:05.155,10372,10373,10373,1
2019-06-06 16:41:05.155,10372,10373,10373,1
2019-06-06 16:41:07.887,10372,10373,10373,1
2019-06-06 16:41:07.891,10372,10373,10373,1
2019-06-06 16:41:07.905,10372,10373,10373,3
2019-06-06 16:41:59.430,10373,10374,10374,10
2019-06-06 16:41:59.821,10373,10374,10374,1
2019-06-06 16:41:59.822,10373,10374,10374,1
2019-06-06 16:41:59.832,10373,10374,10374,1
2019-06-06 16:42:11.256,10373,10374,10374,1
2019-06-06 16:42:16.865,10373,10374,10374,1
2019-06-06 16:42:17.175,10373,10374,10374,2
2019-06-06 16:42:46.912,10373,10374,10374,1
2019-06-06 16:42:47.030,10373,10375,10374,1
2019-06-06 16:42:53.579,10373,10374,10374,1
2019-06-06 16:43:37.030,10373,10374,10373,9
2019-06-06 16:44:04.980,10372,10373,10372,1
2019-06-06 16:44:05.013,10372,10373,10372,6
2019-06-06 16:44:05.030,10372,10373,10372,17
2019-06-06 16:44:05.262,10371,10372,10371,1
2019-06-06 16:44:06.756,10371,10372,10372,1
2019-06-06 16:44:26.289,10371,10373,10371,1
2019-06-06 16:44:38.047,10371,10372,10371,5
2019-06-06 16:44:42.549,10371,10372,10372,1
2019-06-06 16:44:55.216,10371,10372,10372,1
2019-06-06 16:45:11.483,10371,10372,10372,1
2019-06-06 16:45:12.019,10371,10372,10372,1
2019-06-06 16:45:12.043,10371,10372,10372,1
2019-06-06 16:45:12.086,10371,10372,10372,1
2019-06-06 16:45:12.124,10371,10372,10372,1
2019-06-06 16:45:18.585,10371,10372,10371,2
2019-06-06 16:45:18.784,10371,10372,10371,2
2019-06-06 16:45:23.654,10371,10372,10371,1
2019-06-06 16:45:26.444,10371,10372,10371,1
2019-06-06 16:45:26.472,10371,10372,10371,1
2019-06-06 16:45:26.472,10371,10372,10371,2
2019-06-06 16:45:26.474,10371,10372,10371,6
2019-06-06 16:45:26.530,10371,10372,10371,2
2019-06-06 16:45:39.690,10371,10372,10371,1
2019-06-06 16:46:40.179,10370,10371,10370,3
2019-06-06 16:46:44.099,10370,10371,10370,1
2019-06-06 16:46:45.482,10370,10371,10371,10
2019-06-06 16:46:45.817,10370,10371,10371,10
2019-06-06 16:46:46.878,10370,10371,10370,2
2019-06-06 16:46:53.979,10370,10371,10371,5
2019-06-06 16:46:53.983,10370,10371,10371,2
2019-06-06 16:46:54.155,10371,10372,10371,2
2019-06-06 16:46:54.155,10371,10372,10371,1
2019-06-06 16:46:57.294,10370,10371,10370,1
2019-06-06 16:46:57.795,10370,10371,10370,1
2019-06-06 16:46:57.816,10370,10371,10370,1
2019-06-06 16:46:57.821,10370,10371,10370,1
2019-06-06 16:47:05.420,10370,10371,10370,1
2019-06-06 16:47:37.540,10370,10371,10370,1
2019-06-06 16:47:55.528,10370,10371,10370,15
2019-06-06 16:47:57.898,10370,10371,10370,5
2019-06-06 16:48:01.257,10370,10371,10370,1
2019-06-06 16:48:08.933,10370,10371,10370,2
2019-06-06 16:48:13.926,10370,10371,10370,1
2019-06-06 16:48:14.450,10370,10371,10370,2
2019-06-06 16:48:14.499,10370,10371,10370,1
2019-06-06 16:48:14.851,10369,10370,10370,1
2019-06-06 16:48:15.577,10370,10371,10370,1
2019-06-06 16:48:17.825,10370,10371,10370,1
2019-06-06 16:48:26.586,10370,10371,10370,1
2019-06-06 16:48:48.461,10370,10371,10370,3
2019-06-06 16:48:53.866,10369,10370,10370,1
2019-06-06 16:48:55.624,10369,10370,10370,2
2019-06-06 16:49:08.321,10369,10370,10370,1
2019-06-06 16:49:26.199,10369,10370,10370,1
2019-06-06 16:49:28.278,10369,10370,10369,1
2019-06-06 16:49:28.313,10369,10370,10369,1
2019-06-06 16:49:33.679,10369,10370,10369,1
2019-06-06 16:49:44.186,10369,10370,10369,1
2019-06-06 16:49:44.501,10369,10370,10369,2
2019-06-06 16:49:49.128,10369,10370,10369,1
2019-06-06 16:49:50.400,10369,10370,10369,13
2019-06-06 16:49:51.663,10368,10369,10368,1
2019-06-06 16:49:51.827,10368,10369,10368,1
2019-06-06 16:49:51.966,10368,10369,10368,2
2019-06-06 16:49:52.009,10368,10369,10368,1
2019-06-06 16:49:59.159,10368,10369,10368,1
2019-06-06 16:50:03.202,10368,10369,10368,1
2019-06-06 16:50:05.453,10368,10369,10368,1
2019-06-06 16:50:06.337,10368,10369,10368,1
2019-06-06 16:50:09.905,10368,10369,10368,1
2019-06-06 16:50:10.983,10368,10369,10368,1
2019-06-06 16:50:24.773,10368,10369,10368,1
2019-06-06 16:50:29.519,10368,10369,10368,1
2019-06-06 16:50:30.007,10368,10369,10368,1
2019-06-06 16:50:40.121,10368,10369,10368,1
2019-06-06 16:50:43.929,10368,10369,10368,1
2019-06-06 16:50:48.279,10368,10369,10368,2
2019-06-06 16:50:54.625,10368,10369,10368,2
2019-06-06 16:50:55.894,10368,10369,10368,2
2019-06-06 16:50:56.503,10368,10369,10368,1
2019-06-06 16:51:03.072,10368,10369,10368,1
2019-06-06 16:51:03.185,10368,10369,10368,2
2019-06-06 16:51:09.411,10368,10369,10368,1
2019-06-06 16:51:15.293,10368,10369,10368,1
2019-06-06 16:51:16.545,10368,10369,10369,10
2019-06-06 16:51:16.589,10368,10369,10369,2
2019-06-06 16:51:16.655,10368,10369,10369,2
2019-06-06 16:51:36.673,10368,10369,10369,1
2019-06-06 16:51:36.780,10368,10369,10369,1
2019-06-06 16:51:36.905,10368,10369,10369,1
2019-06-06 16:51:36.908,10368,10369,10369,1
2019-06-06 16:51:42.854,10369,10370,10369,2
2019-06-06 16:51:43.155,10369,10370,10369,1
2019-06-06 16:51:59.931,10368,10369,10369,1
2019-06-06 16:51:59.931,10368,10369,10370,1
2019-06-06 16:52:18.302,10369,10370,10369,1
2019-06-06 16:52:26.252,10369,10370,10369,1
2019-06-06 16:52:41.852,10369,10370,10369,1
2019-06-06 16:52:50.418,10369,10370,10369,5
2019-06-06 16:53:14.866,10369,10370,10369,1
2019-06-06 16:53:56.381,10369,10370,10369,1
2019-06-06 16:54:11.771,10369,10370,10369,1
2019-06-06 16:54:46.022,10369,10370,10370,1
2019-06-06 16:55:09.382,10369,10370,10370,4
2019-06-06 16:55:09.445,10369,10370,10370,1
2019-06-06 16:55:09.445,10369,10370,10370,2
2019-06-06 16:55:09.445,10369,10370,10370,1
2019-06-06 16:55:09.445,10369,10370,10370,1
2019-06-06 16:55:09.534,10369,10370,10370,8
2019-06-06 16:55:09.655,10370,10371,10370,1
2019-06-06 16:55:27.414,10370,10371,10371,6
2019-06-06 16:55:28.056,10371,10372,10371,1
2019-06-06 16:55:29.090,10370,10372,10370,1
2019-06-06 16:56:25.876,10370,10371,10370,1
2019-06-06 16:56:25.877,10370,10371,10370,2
2019-06-06 16:56:26.161,10370,10371,10370,1
2019-06-06 16:56:42.265,10370,10371,10370,6
2019-06-06 16:57:00.040,10369,10370,10369,2
2019-06-06 16:57:09.630,10369,10370,10370,2
2019-06-06 16:57:37.381,10369,10370,10370,1
2019-06-06 16:57:38.381,10369,10370,10370,1
2019-06-06 16:57:44.299,10369,10370,10369,1
2019-06-06 16:57:45.614,10369,10370,10370,10
2019-06-06 16:57:45.877,10369,10370,10370,3
2019-06-06 16:58:05.090,10369,10370,10370,1
2019-06-06 16:58:06.281,10369,10370,10370,1
2019-06-06 16:58:10.294,10369,10370,10370,2
2019-06-06 16:58:33.930,10369,10370,10369,4
2019-06-06 16:58:54.088,10369,10370,10369,1
2019-06-06 16:59:27.256,10369,10370,10370,2
2019-06-06 16:59:28.395,10369,10370,10370,10
2019-06-06 16:59:30.985,10369,10370,10370,5
2019-06-06 16:59:35.501,10369,10370,10369,1
2019-06-06 16:59:35.501,10369,10370,10369,5
2019-06-06 16:59:36.500,10369,10370,10369,1
2019-06-06 17:00:01.944,10369,10370,10370,1
2019-06-06 17:00:02.524,10369,10370,10370,2
2019-06-06 17:00:26.620,10369,10370,10370,2
2019-06-06 17:00:26.621,10369,10370,10370,2
2019-06-06 17:00:26.621,10369,10370,10370,2
2019-06-06 17:00:26.621,10369,10370,10370,5
2019-06-06 17:00:32.900,10370,10371,10371,2
2019-06-06 17:00:33.109,10370,10371,10371,1
2019-06-06 17:00:33.109,10370,10371,10372,1
2019-06-06 17:00:35.943,10370,10372,10372,1
2019-06-06 17:00:44.281,10370,10371,10371,1
2019-06-06 17:00:44.449,10370,10371,10371,1
2019-06-06 17:00:44.449,10370,10371,10372,1
2019-06-06 17:00:46.197,10370,10371,10370,1
2019-06-06 17:00:53.750,10370,10371,10371,1
2019-06-06 17:01:22.099,10370,10371,10371,2
2019-06-06 17:01:24.293,10370,10371,10370,7
2019-06-06 17:01:24.293,10370,10371,10370,2
2019-06-06 17:01:25.454,10369,10370,10370,1
2019-06-06 17:01:25.627,10369,10370,10370,5
2019-06-06 17:01:32.527,10369,10370,10369,2
2019-06-06 17:01:50.500,10369,10370,10369,1
2019-06-06 17:01:58.315,10369,10370,10369,1
2019-06-06 17:02:00.903,10369,10370,10369,3
2019-06-06 17:02:15.074,10369,10370,10369,1
2019-06-06 17:02:15.155,10369,10370,10369,1
2019-06-06 17:02:15.194,10369,10370,10369,16
2019-06-06 17:02:15.409,10368,10369,10369,3
2019-06-06 17:02:18.418,10368,10369,10368,1
2019-06-06 17:02:23.728,10368,10369,10368,2
2019-06-06 17:02:23.809,10368,10369,10368,10
2019-06-06 17:02:27.515,10367,10368,10368,2
2019-06-06 17:02:27.515,10367,10368,10368,2
2019-06-06 17:02:27.515,10367,10368,10368,1
2019-06-06 17:02:32.933,10367,10368,10367,1
2019-06-06 17:02:33.044,10367,10368,10367,1
2019-06-06 17:02:33.141,10367,10368,10367,1
2019-06-06 17:02:33.497,10367,10368,10367,1
2019-06-06 17:02:33.568,10367,10368,10367,4
2019-06-06 17:02:39.118,10367,10368,10367,5
2019-06-06 17:02:44.757,10367,10368,10367,1
2019-06-06 17:02:45.775,10367,10368,10367,7
2019-06-06 17:02:49.608,10366,10367,10367,1
2019-06-06 17:02:54.285,10366,10367,10367,1
2019-06-06 17:02:56.430,10366,10367,10366,1
2019-06-06 17:02:56.697,10366,10367,10366,1
2019-06-06 17:02:56.736,10366,10367,10367,1
2019-06-06 17:02:56.744,10366,10367,10367,1
2019-06-06 17:03:01.373,10366,10367,10367,1
2019-06-06 17:03:01.486,10366,10367,10366,1
2019-06-06 17:03:02.429,10366,10367,10366,1
2019-06-06 17:03:06.396,10366,10367,10366,10
2019-06-06 17:03:09.861,10366,10367,10366,1
2019-06-06 17:03:10.753,10366,10367,10366,2
2019-06-06 17:03:10.977,10366,10367,10366,1
2019-06-06 17:03:12.840,10366,10367,10366,1
2019-06-06 17:03:12.861,10366,10367,10366,2
2019-06-06 17:03:13.101,10366,10367,10366,2
2019-06-06 17:03:15.186,10365,10366,10366,1
2019-06-06 17:03:17.471,10365,10366,10366,2
2019-06-06 17:03:18.007,10365,10366,10366,1
2019-06-06 17:03:20.452,10365,10366,10366,3
2019-06-06 17:03:20.530,10366,10367,10366,1
2019-06-06 17:03:21.895,10366,10367,10366,1
2019-06-06 17:03:29.724,10366,10367,10367,10
2019-06-06 17:03:29.780,10366,10367,10367,2
2019-06-06 17:03:29.780,10366,10367,10367,2
2019-06-06 17:03:44.760,10366,10367,10366,1
2019-06-06 17:03:53.660,10366,10367,10366,3
2019-06-06 17:03:57.499,10366,10367,10366,3
2019-06-06 17:04:03.657,10365,10366,10365,3
2019-06-06 17:04:03.657,10365,10366,10365,6
2019-06-06 17:04:03.657,10365,10366,10365,2
2019-06-06 17:04:03.690,10365,10366,10365,2
2019-06-06 17:04:03.757,10365,10366,10365,2
2019-06-06 17:04:03.780,10365,10366,10365,2
2019-06-06 17:04:03.810,10365,10366,10365,2
2019-06-06 17:04:03.877,10365,10366,10365,2
2019-06-06 17:04:03.900,10365,10366,10365,2
2019-06-06 17:04:07.152,10365,10366,10365,1
2019-06-06 17:04:14.077,10365,10366,10365,5
2019-06-06 17:04:15.208,10365,10366,10365,1
2019-06-06 17:04:16.173,10365,10366,10365,2
2019-06-06 17:04:19.665,10365,10366,10365,1
2019-06-06 17:04:19.667,10365,10366,10365,1
2019-06-06 17:04:21.548,10365,10366,10365,1
2019-06-06 17:04:25.203,10365,10366,10365,1
2019-06-06 17:04:31.095,10365,10366,10365,1
2019-06-06 17:04:33.277,10365,10366,10365,15
2019-06-06 17:04:33.277,10365,10366,10365,1
2019-06-06 17:04:35.204,10364,10365,10365,1
2019-06-06 17:04:57.316,10364,10365,10364,16
2019-06-06 17:04:57.457,10363,10364,10363,1
2019-06-06 17:04:57.505,10363,10364,10364,2
2019-06-06 17:04:57.615,10363,10364,10364,1
2019-06-06 17:04:57.639,10363,10364,10363,1
2019-06-06 17:05:01.090,10363,10364,10363,1
2019-06-06 17:05:01.640,10363,10364,10363,1
2019-06-06 17:05:01.654,10363,10364,10363,1
2019-06-06 17:05:01.813,10363,10364,10363,1
2019-06-06 17:05:04.037,10363,10364,10363,1
2019-06-06 17:05:04.880,10363,10364,10363,5
2019-06-06 17:05:06.202,10363,10364,10363,2
2019-06-06 17:05:07.150,10363,10364,10363,2
2019-06-06 17:05:07.705,10362,10364,10363,1
2019-06-06 17:05:07.879,10362,10364,10363,1
2019-06-06 17:05:07.887,10362,10364,10363,1
2019-06-06 17:05:07.918,10362,10363,10362,1
2019-06-06 17:05:08.213,10362,10363,10363,1
2019-06-06 17:05:08.456,10362,10363,10363,1
2019-06-06 17:05:15.824,10362,10363,10363,6
2019-06-06 17:05:18.747,10362,10363,10363,3
2019-06-06 17:05:18.751,10362,10363,10363,1
2019-06-06 17:05:19.481,10363,10364,10363,1
2019-06-06 17:05:24.461,10362,10364,10362,2
2019-06-06 17:05:28.270,10362,10363,10362,1
2019-06-06 17:05:33.016,10362,10363,10362,3
2019-06-06 17:05:38.406,10362,10363,10362,1
2019-06-06 17:05:44.555,10362,10363,10362,1
2019-06-06 17:05:47.148,10362,10363,10362,1
2019-06-06 17:05:47.239,10362,10363,10362,1
2019-06-06 17:05:49.877,10362,10363,10362,2
2019-06-06 17:05:49.965,10362,10363,10362,1
2019-06-06 17:05:51.866,10362,10363,10362,1
2019-06-06 17:05:53.215,10362,10363,10362,1
2019-06-06 17:05:53.402,10362,10363,10362,1
2019-06-06 17:05:53.538,10362,10363,10362,8
2019-06-06 17:05:56.327,10362,10363,10362,1
2019-06-06 17:05:58.681,10362,10363,10362,2
2019-06-06 17:06:06.874,10361,10362,10361,1
2019-06-06 17:06:07.315,10361,10362,10361,2
2019-06-06 17:06:07.385,10361,10362,10361,1
2019-06-06 17:06:07.397,10361,10362,10361,1
2019-06-06 17:06:07.695,10361,10362,10362,1
2019-06-06 17:06:08.096,10361,10362,10361,1
2019-06-06 17:06:13.279,10361,10362,10362,1
2019-06-06 17:06:18.600,10361,10362,10361,3
2019-06-06 17:06:20.137,10361,10362,10361,2
2019-06-06 17:06:24.643,10361,10362,10361,1
2019-06-06 17:06:28.729,10361,10362,10362,10
2019-06-06 17:06:29.315,10361,10362,10361,1
2019-06-06 17:06:31.498,10361,10362,10362,1
2019-06-06 17:06:35.709,10361,10362,10361,2
2019-06-06 17:06:41.211,10361,10362,10362,5
2019-06-06 17:06:42.725,10361,10362,10362,2
2019-06-06 17:06:46.589,10361,10362,10361,1
2019-06-06 17:06:48.462,10361,10362,10362,6
2019-06-06 17:06:49.565,10361,10362,10362,1
2019-06-06 17:06:55.487,10362,10363,10362,4
2019-06-06 17:06:57.077,10362,10363,10362,1
2019-06-06 17:07:01.962,10361,10362,10362,1
2019-06-06 17:07:10.486,10362,10363,10363,33
2019-06-06 17:07:10.531,10363,10364,10364,1
2019-06-06 17:07:10.555,10363,10364,10363,1
2019-06-06 17:07:10.555,10363,10364,10363,1
2019-06-06 17:07:10.705,10363,10364,10364,1
2019-06-06 17:07:12.076,10363,10364,10364,1
2019-06-06 17:07:23.802,10363,10364,10363,1
2019-06-06 17:07:23.985,10363,10364,10364,1
2019-06-06 17:07:25.784,10363,10364,10364,14
2019-06-06 17:07:36.463,10363,10364,10364,1
2019-06-06 17:07:49.583,10363,10364,10364,5
2019-06-06 17:08:07.322,10364,10365,10364,2
2019-06-06 17:08:07.618,10364,10365,10364,5
2019-06-06 17:08:23.629,10363,10364,10364,1
2019-06-06 17:08:28.053,10363,10364,10364,4
2019-06-06 17:08:45.370,10363,10364,10364,1
2019-06-06 17:08:49.157,10363,10364,10364,1
2019-06-06 17:08:50.024,10364,10365,10364,1
2019-06-06 17:09:10.430,10364,10365,10365,1
2019-06-06 17:09:10.495,10364,10365,10365,2
2019-06-06 17:09:10.495,10364,10365,10365,1
2019-06-06 17:09:10.495,10364,10365,10365,8
2019-06-06 17:09:10.679,10365,10366,10366,1
2019-06-06 17:09:10.691,10365,10366,10366,1
2019-06-06 17:09:10.707,10365,10366,10366,1
2019-06-06 17:09:26.502,10365,10366,10365,2
2019-06-06 17:09:26.655,10365,10366,10365,1
2019-06-06 17:09:34.973,10364,10365,10364,1
2019-06-06 17:09:35.921,10364,10365,10365,1
2019-06-06 17:09:39.418,10364,10365,10365,1
2019-06-06 17:09:48.394,10364,10365,10365,1
2019-06-06 17:10:20.191,10364,10365,10364,1
2019-06-06 17:10:20.309,10364,10365,10365,1
2019-06-06 17:10:29.450,10364,10365,10365,1
2019-06-06 17:11:00.117,10364,10365,10364,1
2019-06-06 17:11:03.049,10364,10365,10365,9
2019-06-06 17:11:03.049,10364,10365,10365,2
2019-06-06 17:11:03.049,10364,10365,10365,4
2019-06-06 17:11:19.078,10365,10366,10365,1
2019-06-06 17:11:21.461,10365,10366,10366,2
2019-06-06 17:11:26.096,10365,10366,10366,1
2019-06-06 17:11:27.212,10365,10366,10366,1
2019-06-06 17:11:38.809,10365,10366,10365,2
2019-06-06 17:11:39.705,10365,10366,10366,1
2019-06-06 17:11:41.092,10365,10366,10366,2
2019-06-06 17:11:44.340,10365,10367,10365,1
2019-06-06 17:12:41.242,10365,10366,10366,5
2019-06-06 17:12:42.786,10365,10366,10366,1
2019-06-06 17:12:56.574,10365,10366,10365,5
2019-06-06 17:12:58.235,10365,10366,10366,1
2019-06-06 17:13:15.429,10365,10366,10366,1
2019-06-06 17:13:25.946,10365,10366,10366,1
2019-06-06 17:13:31.131,10365,10366,10366,1
2019-06-06 17:13:38.083,10365,10366,10366,1
2019-06-06 17:13:42.668,10365,10366,10365,4
2019-06-06 17:13:49.457,10364,10365,10364,2
2019-06-06 17:13:50.012,10364,10365,10364,1
2019-06-06 17:13:50.576,10364,10365,10364,2
2019-06-06 17:13:51.574,10364,10365,10364,2
2019-06-06 17:13:54.703,10364,10365,10364,2
2019-06-06 17:13:59.363,10364,10365,10364,2
2019-06-06 17:14:00.805,10364,10365,10364,1
2019-06-06 17:14:06.792,10364,10365,10364,10
2019-06-06 17:14:20.882,10364,10365,10364,1
2019-06-06 17:14:22.196,10364,10365,10364,2
2019-06-06 17:14:28.086,10363,10364,10364,3
2019-06-06 17:14:34.708,10363,10364,10363,1
2019-06-06 17:14:35.917,10363,10364,10364,3
2019-06-06 17:14:41.158,10363,10364,10364,4
2019-06-06 17:15:01.434,10363,10364,10364,1
2019-06-06 17:15:13.679,10363,10364,10364,1
2019-06-06 17:15:35.144,10363,10364,10364,7
2019-06-06 17:15:38.949,10363,10364,10364,2
2019-06-06 17:15:46.049,10363,10364,10363,1
2019-06-06 17:15:51.567,10363,10364,10363,1
2019-06-06 17:15:55.305,10363,10364,10363,2
2019-06-06 17:15:56.981,10363,10364,10364,1
2019-06-06 17:16:02.541,10363,10364,10364,10
2019-06-06 17:16:02.736,10363,10364,10364,3
2019-06-06 17:16:07.009,10363,10364,10364,2
2019-06-06 17:16:09.319,10363,10364,10364,1
2019-06-06 17:16:14.017,10364,10365,10364,1
2019-06-06 17:16:19.868,10364,10365,10365,1
2019-06-06 17:16:26.791,10364,10365,10365,1
2019-06-06 17:16:30.261,10364,10365,10365,1
2019-06-06 17:16:39.980,10364,10365,10365,5
2019-06-06 17:16:40.797,10364,10365,10364,2
2019-06-06 17:16:43.077,10364,10365,10365,2
2019-06-06 17:16:48.905,10365,10366,10365,1
2019-06-06 17:16:56.456,10364,10365,10364,1
2019-06-06 17:17:00.048,10364,10365,10365,2
2019-06-06 17:17:02.890,10365,10366,10365,1
2019-06-06 17:17:14.805,10365,10366,10366,4
2019-06-06 17:17:15.331,10365,10366,10366,5
2019-06-06 17:17:17.369,10366,10367,10366,1
2019-06-06 17:17:23.082,10365,10366,10366,1
2019-06-06 17:17:32.932,10366,10367,10366,2
2019-06-06 17:17:33.455,10366,10367,10366,2
2019-06-06 17:17:43.703,10366,10367,10367,2
2019-06-06 17:18:04.286,10366,10367,10367,1
2019-06-06 17:18:08.679,10366,10367,10366,1
2019-06-06 17:18:26.774,10366,10367,10367,1
2019-06-06 17:18:28.250,10366,10367,10366,2
2019-06-06 17:18:49.794,10366,10367,10367,7
2019-06-06 17:18:49.798,10366,10367,10367,2
2019-06-06 17:18:50.434,10367,10368,10367,2
2019-06-06 17:18:50.434,10367,10368,10366,1
2019-06-06 17:18:57.758,10366,10367,10367,1
2019-06-06 17:19:06.729,10366,10367,10367,1
2019-06-06 17:19:17.269,10366,10367,10367,1
2019-06-06 17:20:02.152,10366,10367,10367,1
2019-06-06 17:20:31.175,10366,10367,10367,2
2019-06-06 17:20:44.627,10366,10367,10367,1
2019-06-06 17:21:08.958,10366,10367,10367,10
2019-06-06 17:21:09.381,10366,10367,10367,7
2019-06-06 17:21:34.926,10367,10368,10367,1
2019-06-06 17:22:10.974,10367,10368,10367,1
2019-06-06 17:22:14.653,10367,10368,10367,1
2019-06-06 17:22:39.488,10367,10368,10367,2
2019-06-06 17:22:45.524,10367,10368,10368,1
2019-06-06 17:22:59.476,10367,10368,10368,1
2019-06-06 17:22:59.927,10367,10368,10368,10
2019-06-06 17:23:02.575,10367,10368,10368,1
2019-06-06 17:23:05.456,10367,10368,10368,1
2019-06-06 17:23:05.866,10367,10368,10368,2
2019-06-06 17:23:06.234,10367,10369,10369,1
2019-06-06 17:23:10.342,10368,10369,10369,1
2019-06-06 17:23:20.846,10368,10369,10369,1
2019-06-06 17:23:20.855,10368,10369,10369,1
2019-06-06 17:23:22.623,10368,10369,10369,1
2019-06-06 17:23:26.318,10368,10369,10368,2
2019-06-06 17:23:33.269,10368,10369,10368,1
2019-06-06 17:23:33.280,10368,10369,10368,1
2019-06-06 17:23:33.280,10368,10369,10368,1
2019-06-06 17:23:42.166,10367,10368,10367,1
2019-06-06 17:23:51.643,10367,10368,10367,1
2019-06-06 17:23:54.004,10367,10368,10367,1
2019-06-06 17:23:54.030,10367,10368,10367,11
2019-06-06 17:24:02.424,10366,10367,10367,7
2019-06-06 17:24:32.744,10366,10367,10366,1
2019-06-06 17:24:41.850,10366,10367,10366,2
2019-06-06 17:24:44.981,10366,10367,10366,2
2019-06-06 17:24:50.335,10366,10367,10366,1
2019-06-06 17:24:56.779,10366,10367,10366,1
2019-06-06 17:25:00.143,10365,10367,10365,10
2019-06-06 17:25:00.155,10365,10366,10365,13
2019-06-06 17:25:12.072,10365,10366,10365,1
2019-06-06 17:25:20.218,10365,10366,10365,1
2019-06-06 17:25:49.341,10365,10366,10365,1
2019-06-06 17:26:21.202,10365,10366,10366,11
2019-06-06 17:26:25.017,10366,10367,10366,1
2019-06-06 17:26:30.796,10366,10367,10366,1
2019-06-06 17:27:23.479,10366,10367,10366,1
2019-06-06 17:28:03.071,10366,10367,10367,4
2019-06-06 17:28:03.155,10366,10367,10367,1
2019-06-06 17:28:03.724,10366,10367,10367,3
2019-06-06 17:28:32.614,10367,10368,10367,2
2019-06-06 17:29:03.828,10366,10367,10367,1
2019-06-06 17:29:11.303,10367,10368,10367,1
2019-06-06 17:29:30.066,10367,10368,10367,1
2019-06-06 17:29:58.053,10367,10368,10367,1
2019-06-06 17:30:05.539,10367,10368,10367,1
2019-06-06 17:30:07.133,10367,10368,10367,1
2019-06-06 17:30:07.136,10367,10368,10367,6
2019-06-06 17:30:17.833,10366,10367,10367,3
2019-06-06 17:30:33.033,10366,10367,10367,1
2019-06-06 17:30:51.844,10366,10367,10367,3
2019-06-06 17:30:57.459,10366,10367,10367,1
2019-06-06 17:31:08.776,10366,10367,10366,1
2019-06-06 17:31:08.780,10366,10367,10366,1
2019-06-06 17:31:10.119,10366,10367,10367,1
2019-06-06 17:31:14.160,10366,10367,10366,1
2019-06-06 17:31:14.161,10366,10367,10366,4
2019-06-06 17:31:14.161,10366,10367,10366,5
2019-06-06 17:31:14.162,10366,10367,10366,2
2019-06-06 17:31:17.362,10365,10366,10366,1
2019-06-06 17:31:25.116,10365,10366,10366,1
2019-06-06 17:31:25.720,10366,10367,10366,1
2019-06-06 17:32:09.886,10366,10367,10366,1
2019-06-06 17:32:32.664,10366,10367,10366,1
2019-06-06 17:32:38.905,10366,10367,10367,1
2019-06-06 17:32:39.030,10366,10367,10367,1
2019-06-06 17:32:39.943,10366,10367,10367,11
2019-06-06 17:34:12.375,10366,10367,10367,1
2019-06-06 17:35:01.470,10366,10367,10367,1
2019-06-06 17:35:24.191,10366,10367,10367,1
2019-06-06 17:35:24.191,10366,10367,10367,2
2019-06-06 17:35:24.280,10366,10367,10367,1
2019-06-06 17:35:32.477,10367,10368,10367,1
2019-06-06 17:35:51.066,10367,10368,10368,3
2019-06-06 17:35:51.066,10367,10368,10368,4
2019-06-06 17:35:51.196,10368,10369,10369,13
2019-06-06 17:35:51.196,10368,10369,10369,2
2019-06-06 17:35:51.196,10368,10369,10369,2
2019-06-06 17:35:51.280,10368,10370,10369,1
2019-06-06 17:35:51.457,10369,10370,10370,1
2019-06-06 17:35:51.658,10369,10370,10370,2
2019-06-06 17:35:54.074,10369,10370,10370,1
2019-06-06 17:35:55.407,10369,10370,10370,1
2019-06-06 17:35:55.671,10369,10370,10370,1
2019-06-06 17:35:55.902,10369,10370,10370,1
2019-06-06 17:35:58.896,10369,10370,10369,1
2019-06-06 17:36:05.795,10369,10370,10369,1
2019-06-06 17:36:09.767,10369,10370,10369,1
2019-06-06 17:36:11.915,10369,10370,10370,2
2019-06-06 17:36:13.531,10369,10370,10370,1
2019-06-06 17:36:15.855,10369,10370,10369,1
2019-06-06 17:36:40.240,10369,10370,10369,1
2019-06-06 17:36:57.104,10369,10370,10369,1
2019-06-06 17:37:05.548,10369,10370,10369,1
2019-06-06 17:37:14.451,10369,10370,10369,1
2019-06-06 17:37:28.280,10369,10370,10370,1
2019-06-06 17:37:33.918,10369,10370,10370,31
2019-06-06 17:37:34.289,10370,10371,10371,4
2019-06-06 17:37:34.316,10370,10371,10371,2
2019-06-06 17:37:34.329,10370,10371,10371,4
2019-06-06 17:37:34.489,10370,10371,10371,2
2019-06-06 17:37:37.242,10370,10371,10371,2
2019-06-06 17:37:37.780,10370,10371,10371,1
2019-06-06 17:37:39.066,10371,10372,10371,1
2019-06-06 17:37:40.394,10370,10371,10372,1
2019-06-06 17:37:40.437,10370,10372,10372,1
2019-06-06 17:37:40.450,10370,10372,10372,1
2019-06-06 17:37:42.857,10370,10372,10371,2
2019-06-06 17:37:42.862,10370,10372,10371,1
2019-06-06 17:37:49.979,10371,10372,10372,1
2019-06-06 17:37:50.563,10371,10372,10371,1
2019-06-06 17:37:53.161,10371,10372,10371,5
2019-06-06 17:37:56.987,10371,10372,10372,5
2019-06-06 17:37:58.137,10371,10372,10372,1
2019-06-06 17:38:13.498,10371,10372,10372,4
2019-06-06 17:38:20.477,10371,10372,10372,5
2019-06-06 17:38:21.418,10371,10372,10372,1
2019-06-06 17:38:23.104,10371,10372,10372,4
2019-06-06 17:38:26.587,10371,10372,10372,2
2019-06-06 17:38:26.845,10371,10372,10372,1
2019-06-06 17:38:28.858,10371,10372,10372,1
2019-06-06 17:38:30.299,10371,10372,10372,2
2019-06-06 17:38:31.081,10371,10372,10372,1
2019-06-06 17:38:32.824,10371,10372,10372,5
2019-06-06 17:38:40.073,10371,10372,10372,1
2019-06-06 17:38:43.206,10371,10372,10372,4
2019-06-06 17:38:51.431,10371,10372,10372,1
2019-06-06 17:38:57.447,10371,10372,10372,5
2019-06-06 17:38:59.271,10371,10372,10372,1
2019-06-06 17:38:59.451,10371,10372,10372,2
2019-06-06 17:39:00.466,10371,10372,10372,1
2019-06-06 17:39:05.241,10371,10372,10372,1
2019-06-06 17:39:06.682,10371,10372,10372,2
2019-06-06 17:39:07.311,10371,10372,10371,1
2019-06-06 17:39:07.314,10371,10372,10371,1
2019-06-06 17:39:07.317,10371,10372,10371,1
2019-06-06 17:39:07.320,10371,10372,10371,6
2019-06-06 17:39:09.193,10370,10371,10371,1
2019-06-06 17:39:18.619,10370,10371,10371,2
2019-06-06 17:39:18.764,10370,10371,10371,1
2019-06-06 17:39:19.355,10370,10371,10370,1
2019-06-06 17:39:27.017,10370,10371,10370,1
2019-06-06 17:39:36.989,10370,10371,10370,1
2019-06-06 17:39:37.092,10370,10371,10370,2
2019-06-06 17:39:37.155,10370,10371,10370,5
2019-06-06 17:39:58.651,10369,10370,10370,1
2019-06-06 17:40:04.129,10369,10370,10370,1
2019-06-06 17:40:04.605,10369,10370,10370,1
2019-06-06 17:40:04.614,10369,10370,10370,1
2019-06-06 17:40:08.503,10369,10370,10370,4
2019-06-06 17:40:14.049,10370,10371,10370,1
2019-06-06 17:40:15.028,10370,10371,10370,1
2019-06-06 17:40:35.192,10369,10370,10370,1
2019-06-06 17:40:52.042,10369,10370,10369,5
2019-06-06 17:40:55.469,10369,10370,10369,2
2019-06-06 17:41:02.630,10369,10370,10370,1
2019-06-06 17:41:08.293,10370,10371,10370,2
2019-06-06 17:41:11.620,10369,10370,10370,1
2019-06-06 17:41:18.318,10369,10370,10370,1
2019-06-06 17:41:40.594,10369,10370,10370,1
2019-06-06 17:41:51.077,10369,10370,10369,1
2019-06-06 17:42:10.540,10369,10370,10370,1
2019-06-06 17:42:10.541,10369,10370,10370,1
2019-06-06 17:42:10.655,10369,10370,10370,2
2019-06-06 17:42:10.743,10369,10370,10370,1
2019-06-06 17:42:11.129,10370,10371,10371,2
2019-06-06 17:42:11.133,10370,10371,10371,1
2019-06-06 17:42:11.157,10370,10371,10371,1
2019-06-06 17:42:43.096,10370,10371,10371,2
2019-06-06 17:42:47.116,10370,10371,10371,1
2019-06-06 17:42:56.868,10370,10371,10371,1
2019-06-06 17:43:05.749,10370,10371,10370,2
2019-06-06 17:43:10.689,10369,10371,10371,1
2019-06-06 17:43:12.931,10369,10370,10370,1
2019-06-06 17:43:15.287,10369,10370,10370,1
2019-06-06 17:43:24.034,10369,10370,10370,1
2019-06-06 17:43:38.557,10369,10370,10369,1
2019-06-06 17:44:18.112,10369,10370,10369,1
2019-06-06 17:44:18.117,10369,10370,10369,1
2019-06-06 17:44:18.155,10369,10370,10369,3
2019-06-06 17:44:18.401,10369,10370,10369,1
2019-06-06 17:44:18.401,10369,10370,10369,1
2019-06-06 17:45:01.371,10369,10370,10369,4
2019-06-06 17:45:01.651,10368,10369,10369,2
2019-06-06 17:45:08.546,10368,10369,10369,1
2019-06-06 17:45:30.682,10368,10369,10368,1
2019-06-06 17:45:38.464,10368,10369,10368,1
2019-06-06 17:45:47.713,10368,10369,10368,1
2019-06-06 17:46:49.794,10368,10369,10369,1
2019-06-06 17:47:09.322,10368,10369,10368,17
2019-06-06 17:47:24.143,10367,10368,10368,1
2019-06-06 17:47:29.282,10367,10368,10367,6
2019-06-06 17:47:29.405,10367,10368,10367,1
2019-06-06 17:47:29.582,10366,10367,10366,3
2019-06-06 17:47:36.853,10366,10368,10366,2
2019-06-06 17:47:36.877,10366,10368,10366,1
2019-06-06 17:47:54.644,10366,10367,10366,2
2019-06-06 17:47:54.984,10366,10367,10366,1
2019-06-06 17:47:55.647,10366,10367,10366,1
2019-06-06 17:47:57.429,10365,10366,10365,4
2019-06-06 17:48:00.609,10365,10366,10366,1
2019-06-06 17:48:02.834,10365,10366,10365,5
2019-06-06 17:48:06.769,10365,10366,10365,4
2019-06-06 17:48:12.943,10365,10366,10365,1
2019-06-06 17:48:13.652,10365,10366,10365,1
2019-06-06 17:48:16.375,10365,10366,10365,2
2019-06-06 17:48:20.883,10365,10366,10366,1
2019-06-06 17:48:59.472,10365,10366,10366,1
2019-06-06 17:49:08.358,10365,10366,10366,15
2019-06-06 17:49:10.788,10366,10367,10366,1
2019-06-06 17:49:13.179,10366,10367,10366,1
2019-06-06 17:49:22.547,10366,10367,10366,1
2019-06-06 17:49:38.464,10366,10367,10366,2
2019-06-06 17:49:40.609,10366,10367,10366,1
2019-06-06 17:49:40.977,10366,10367,10366,2
2019-06-06 17:49:49.428,10365,10366,10366,2
2019-06-06 17:50:02.265,10365,10366,10366,1
2019-06-06 17:50:13.672,10365,10366,10366,1
2019-06-06 17:50:19.875,10365,10366,10365,3
2019-06-06 17:50:20.041,10365,10366,10365,1
2019-06-06 17:50:26.971,10365,10366,10365,4
2019-06-06 17:50:28.074,10365,10366,10365,1
2019-06-06 17:50:31.881,10365,10366,10365,6
2019-06-06 17:50:33.793,10365,10366,10365,3
2019-06-06 17:50:49.709,10365,10366,10365,1
2019-06-06 17:51:14.175,10365,10366,10365,3
2019-06-06 17:51:28.134,10365,10366,10365,2
2019-06-06 17:51:39.088,10365,10366,10365,1
2019-06-06 17:51:52.567,10365,10366,10366,1
2019-06-06 17:51:52.625,10365,10366,10366,1
2019-06-06 17:51:52.655,10365,10366,10366,1
2019-06-06 17:51:52.866,10365,10366,10366,1
2019-06-06 17:51:52.881,10365,10366,10366,1
2019-06-06 17:51:52.883,10365,10366,10366,1
2019-06-06 17:51:52.905,10365,10366,10366,1
2019-06-06 17:51:52.905,10365,10366,10366,1
2019-06-06 17:51:53.297,10366,10367,10367,1
2019-06-06 17:51:53.536,10366,10367,10366,1
2019-06-06 17:51:53.829,10366,10367,10366,1
2019-06-06 17:52:11.625,10365,10366,10366,1
2019-06-06 17:52:15.172,10365,10366,10366,1
2019-06-06 17:52:15.356,10365,10366,10366,1
2019-06-06 17:52:49.542,10366,10367,10367,1
2019-06-06 17:52:49.542,10366,10367,10367,3
2019-06-06 17:53:20.698,10366,10367,10366,1
2019-06-06 17:53:20.698,10366,10367,10366,1
2019-06-06 17:53:20.704,10366,10367,10366,1
2019-06-06 17:53:20.780,10366,10367,10366,1
2019-06-06 17:55:39.909,10365,10366,10365,1
2019-06-06 17:55:40.211,10365,10366,10365,1
2019-06-06 17:55:53.107,10365,10366,10366,1
2019-06-06 17:56:06.454,10365,10366,10366,2
2019-06-06 17:56:09.017,10365,10366,10365,2
2019-06-06 17:56:10.706,10365,10366,10365,1
2019-06-06 17:56:12.579,10365,10366,10366,2
2019-06-06 17:56:12.579,10365,10366,10366,4
2019-06-06 17:56:12.579,10365,10366,10366,1
2019-06-06 17:56:12.579,10365,10366,10366,1
2019-06-06 17:56:15.597,10366,10367,10367,2
2019-06-06 17:56:15.836,10366,10367,10367,2
2019-06-06 17:56:21.055,10366,10367,10367,1
2019-06-06 17:56:54.336,10366,10367,10366,1
2019-06-06 17:57:47.303,10365,10366,10365,1
2019-06-06 17:58:20.245,10365,10366,10365,1
2019-06-06 17:58:34.809,10365,10366,10365,1
2019-06-06 17:58:37.269,10365,10366,10366,3
2019-06-06 17:58:54.153,10365,10367,10365,1
2019-06-06 17:58:55.102,10365,10366,10366,6
2019-06-06 17:59:02.786,10366,10367,10367,1
2019-06-06 17:59:12.199,10366,10367,10366,1
2019-06-06 18:00:18.128,10366,10367,10366,1
2019-06-06 18:00:20.224,10366,10367,10366,1
2019-06-06 18:00:24.935,10366,10367,10366,3
2019-06-06 18:00:36.917,10366,10367,10366,3
2019-06-06 18:00:48.918,10365,10366,10366,1
2019-06-06 18:01:22.917,10365,10366,10366,1
2019-06-06 18:01:53.396,10365,10366,10366,1
2019-06-06 18:02:04.852,10365,10366,10366,2
2019-06-06 18:02:11.677,10366,10367,10366,2
2019-06-06 18:02:24.396,10365,10366,10366,2
2019-06-06 18:02:29.519,10366,10367,10366,1
2019-06-06 18:02:48.534,10365,10366,10366,1
2019-06-06 18:02:59.025,10365,10366,10366,1
2019-06-06 18:02:59.028,10365,10366,10366,1
2019-06-06 18:02:59.028,10365,10366,10366,1
2019-06-06 18:03:00.162,10365,10366,10366,2
2019-06-06 18:03:07.444,10366,10367,10366,1
2019-06-06 18:03:07.444,10366,10367,10365,2
2019-06-06 18:03:07.490,10366,10367,10365,1
2019-06-06 18:03:07.511,10366,10367,10365,1
2019-06-06 18:03:19.103,10365,10366,10366,1
2019-06-06 18:04:09.050,10365,10366,10366,2
2019-06-06 18:04:09.051,10365,10366,10366,1
2019-06-06 18:04:09.051,10365,10366,10366,1
2019-06-06 18:04:09.052,10365,10366,10366,1
2019-06-06 18:04:09.053,10365,10366,10366,1
2019-06-06 18:04:27.706,10366,10367,10366,2
2019-06-06 18:04:37.271,10365,10367,10365,1
2019-06-06 18:04:48.461,10365,10366,10366,1
2019-06-06 18:04:59.738,10365,10367,10365,1
2019-06-06 18:05:08.738,10365,10366,10366,3
2019-06-06 18:05:12.365,10365,10366,10366,1
2019-06-06 18:05:12.554,10365,10366,10366,1
2019-06-06 18:05:54.771,10365,10366,10365,4
2019-06-06 18:05:54.772,10365,10366,10365,6
2019-06-06 18:05:54.780,10365,10366,10365,15
2019-06-06 18:05:54.780,10365,10366,10365,3
2019-06-06 18:05:54.982,10364,10365,10365,1
2019-06-06 18:06:02.794,10365,10366,10366,1
2019-06-06 18:06:08.606,10365,10366,10366,1
2019-06-06 18:06:08.607,10365,10366,10366,1
2019-06-06 18:06:08.607,10365,10366,10366,2
2019-06-06 18:06:08.609,10365,10366,10366,1
2019-06-06 18:06:30.747,10366,10367,10366,2
2019-06-06 18:06:36.832,10366,10367,10366,1
2019-06-06 18:06:48.872,10366,10367,10366,1
2019-06-06 18:07:31.393,10365,10366,10365,2
2019-06-06 18:07:57.754,10365,10366,10365,1
2019-06-06 18:08:18.182,10365,10366,10365,1
2019-06-06 18:08:39.096,10365,10366,10365,1
2019-06-06 18:08:53.103,10365,10366,10365,2
2019-06-06 18:09:05.287,10365,10366,10365,1
2019-06-06 18:09:05.850,10364,10365,10365,2
2019-06-06 18:09:15.755,10365,10366,10366,1
2019-06-06 18:09:16.166,10365,10366,10365,1
2019-06-06 18:09:16.514,10365,10366,10365,2
2019-06-06 18:10:24.835,10364,10365,10364,1
2019-06-06 18:10:25.282,10364,10365,10364,1
2019-06-06 18:10:25.287,10364,10365,10364,1
2019-06-06 18:10:25.353,10364,10365,10364,1
2019-06-06 18:10:25.433,10364,10365,10365,1
2019-06-06 18:10:26.459,10364,10365,10364,2
2019-06-06 18:10:27.001,10364,10365,10364,1
2019-06-06 18:10:27.617,10364,10365,10364,2
2019-06-06 18:10:34.558,10364,10365,10364,1
2019-06-06 18:10:37.505,10364,10365,10364,1
2019-06-06 18:10:41.030,10364,10365,10365,1
2019-06-06 18:10:41.155,10364,10365,10365,1
2019-06-06 18:10:46.067,10364,10365,10365,1
2019-06-06 18:10:46.140,10364,10365,10365,1
2019-06-06 18:10:46.141,10364,10365,10365,1
2019-06-06 18:10:46.155,10364,10365,10365,1
2019-06-06 18:10:46.155,10364,10365,10365,1
2019-06-06 18:10:46.155,10364,10365,10365,4
2019-06-06 18:10:49.943,10365,10366,10365,1
2019-06-06 18:10:50.246,10365,10366,10365,1
2019-06-06 18:10:53.078,10365,10366,10365,2
2019-06-06 18:10:59.371,10364,10365,10364,1
2019-06-06 18:11:18.612,10364,10365,10364,5
2019-06-06 18:11:29.962,10364,10365,10364,6
2019-06-06 18:11:32.820,10364,10365,10364,2
2019-06-06 18:11:45.874,10364,10365,10364,5
2019-06-06 18:12:36.894,10364,10365,10364,1
2019-06-06 18:12:37.233,10364,10365,10364,1
2019-06-06 18:12:51.508,10364,10365,10364,3
2019-06-06 18:12:51.655,10364,10365,10364,1
2019-06-06 18:12:53.231,10364,10365,10364,1
2019-06-06 18:12:54.644,10363,10364,10364,1
2019-06-06 18:12:59.240,10363,10364,10363,2
2019-06-06 18:12:59.306,10363,10364,10363,1
2019-06-06 18:12:59.320,10363,10364,10363,1
2019-06-06 18:13:04.440,10363,10364,10363,1
2019-06-06 18:13:05.358,10363,10364,10363,1
2019-06-06 18:13:13.104,10363,10364,10363,2
2019-06-06 18:13:17.142,10363,10364,10363,3
2019-06-06 18:13:17.155,10363,10364,10363,19
2019-06-06 18:13:17.429,10362,10363,10362,1
2019-06-06 18:13:17.447,10362,10363,10362,1
2019-06-06 18:13:18.948,10362,10363,10362,2
2019-06-06 18:13:23.744,10362,10363,10362,2
2019-06-06 18:13:26.886,10362,10363,10362,5
2019-06-06 18:13:31.692,10362,10363,10362,1
2019-06-06 18:13:34.549,10362,10363,10362,4
2019-06-06 18:13:44.621,10362,10363,10362,1
2019-06-06 18:13:56.684,10362,10363,10363,2
2019-06-06 18:13:56.685,10362,10363,10363,1
2019-06-06 18:13:56.685,10362,10363,10363,4
2019-06-06 18:13:56.685,10362,10363,10363,3
2019-06-06 18:14:01.388,10363,10364,10363,1
2019-06-06 18:14:01.694,10363,10364,10364,1
2019-06-06 18:14:01.705,10363,10364,10364,3
2019-06-06 18:14:01.739,10363,10364,10364,1
2019-06-06 18:14:01.766,10363,10364,10364,3
2019-06-06 18:14:01.790,10363,10364,10364,1
2019-06-06 18:14:01.804,10363,10364,10364,3
2019-06-06 18:14:01.858,10363,10364,10364,1
2019-06-06 18:14:01.874,10363,10364,10365,3
2019-06-06 18:14:01.904,10363,10365,10365,3
2019-06-06 18:14:01.905,10363,10365,10364,1
2019-06-06 18:14:01.905,10363,10365,10364,1
2019-06-06 18:14:01.920,10363,10365,10365,1
2019-06-06 18:14:01.946,10363,10365,10364,1
2019-06-06 18:14:01.976,10363,10365,10364,1
2019-06-06 18:14:03.884,10363,10364,10363,1
2019-06-06 18:14:11.374,10363,10364,10363,3
2019-06-06 18:14:13.746,10363,10364,10364,13
2019-06-06 18:14:13.746,10363,10364,10365,11
2019-06-06 18:14:35.951,10364,10365,10365,1
2019-06-06 18:14:36.093,10365,10366,10365,2
2019-06-06 18:14:36.093,10365,10366,10365,1
2019-06-06 18:14:39.419,10364,10365,10365,7
2019-06-06 18:14:57.940,10364,10365,10365,1
2019-06-06 18:15:01.560,10364,10365,10364,7
2019-06-06 18:15:05.100,10364,10365,10365,1
2019-06-06 18:15:13.103,10364,10365,10364,2
2019-06-06 18:15:39.784,10364,10365,10365,1
2019-06-06 18:16:29.447,10364,10365,10365,1
2019-06-06 18:16:29.704,10364,10365,10365,1
2019-06-06 18:16:30.954,10364,10365,10365,1
2019-06-06 18:16:30.955,10364,10365,10365,1
2019-06-06 18:16:31.576,10364,10365,10365,3
2019-06-06 18:16:35.499,10364,10365,10365,1
2019-06-06 18:16:35.659,10364,10365,10365,1
2019-06-06 18:16:41.665,10364,10365,10365,1
2019-06-06 18:16:42.929,10364,10365,10365,2
2019-06-06 18:16:56.114,10364,10365,10365,1
2019-06-06 18:16:56.114,10364,10365,10365,1
2019-06-06 18:16:56.155,10364,10365,10365,2
2019-06-06 18:16:56.155,10364,10365,10365,1
2019-06-06 18:16:56.155,10364,10365,10365,1
2019-06-06 18:16:56.218,10364,10365,10365,5
2019-06-06 18:16:59.566,10365,10366,10365,2
2019-06-06 18:17:08.394,10365,10366,10366,1
2019-06-06 18:17:13.430,10365,10366,10365,1
2019-06-06 18:17:26.396,10365,10366,10366,1
2019-06-06 18:17:46.456,10365,10366,10365,1
2019-06-06 18:18:09.031,10365,10366,10366,9
2019-06-06 18:18:09.155,10365,10366,10366,1
2019-06-06 18:18:20.374,10365,10366,10366,2
2019-06-06 18:19:02.580,10366,10367,10366,2
2019-06-06 18:19:19.076,10366,10367,10367,2
2019-06-06 18:19:19.076,10366,10367,10367,6
2019-06-06 18:19:19.159,10367,10368,10368,1
2019-06-06 18:19:19.281,10367,10368,10368,6
2019-06-06 18:19:19.405,10367,10368,10368,3
2019-06-06 18:19:19.506,10367,10368,10369,5
2019-06-06 18:19:19.602,10367,10369,10369,5
2019-06-06 18:19:43.978,10367,10368,10368,1
2019-06-06 18:19:50.247,10367,10368,10367,1
2019-06-06 18:19:50.766,10367,10368,10368,2
2019-06-06 18:19:51.263,10367,10368,10368,4
2019-06-06 18:19:59.597,10367,10368,10368,1
2019-06-06 18:20:06.247,10367,10368,10367,1
2019-06-06 18:20:06.551,10367,10368,10368,1
2019-06-06 18:20:06.556,10367,10368,10368,1
2019-06-06 18:20:10.177,10367,10368,10367,2
2019-06-06 18:20:26.872,10367,10368,10367,1
2019-06-06 18:20:30.067,10367,10368,10367,1
2019-06-06 18:20:54.420,10367,10368,10367,3
2019-06-06 18:20:54.420,10367,10368,10367,1
2019-06-06 18:20:54.428,10367,10368,10367,1
2019-06-06 18:20:55.415,10367,10368,10367,2
2019-06-06 18:21:05.486,10367,10368,10367,1
2019-06-06 18:22:19.218,10367,10368,10367,2
2019-06-06 18:22:19.218,10367,10368,10367,3
2019-06-06 18:22:19.256,10367,10368,10367,1
2019-06-06 18:22:19.280,10367,10368,10367,8
2019-06-06 18:22:19.524,10366,10368,10367,1
2019-06-06 18:23:08.801,10366,10367,10367,2
2019-06-06 18:23:23.718,10367,10368,10367,1
2019-06-06 18:23:26.715,10367,10368,10367,1
2019-06-06 18:23:28.457,10366,10367,10367,1
2019-06-06 18:23:29.275,10366,10368,10367,1
2019-06-06 18:23:34.101,10366,10367,10367,1
2019-06-06 18:23:53.243,10366,10367,10367,3
2019-06-06 18:24:13.038,10367,10368,10367,5
2019-06-06 18:24:18.799,10367,10368,10367,1
2019-06-06 18:24:19.590,10367,10368,10367,1
2019-06-06 18:24:20.606,10367,10368,10367,1
2019-06-06 18:24:21.665,10367,10368,10367,1
2019-06-06 18:25:10.899,10367,10368,10367,1
2019-06-06 18:25:47.806,10367,10368,10368,1
2019-06-06 18:26:09.468,10367,10368,10367,1
2019-06-06 18:26:09.468,10367,10368,10367,1
2019-06-06 18:26:09.471,10367,10368,10367,2
2019-06-06 18:27:22.328,10367,10368,10367,2
2019-06-06 18:27:22.405,10367,10368,10367,2
2019-06-06 18:27:30.074,10366,10367,10367,10
2019-06-06 18:27:42.308,10366,10367,10367,1
2019-06-06 18:27:42.405,10366,10367,10367,1
2019-06-06 18:27:42.431,10366,10367,10367,1
2019-06-06 18:27:42.433,10366,10367,10367,2
2019-06-06 18:27:42.530,10366,10367,10367,1
2019-06-06 18:27:42.530,10366,10367,10367,2
2019-06-06 18:27:42.530,10366,10367,10367,1
2019-06-06 18:27:42.530,10366,10367,10367,1
2019-06-06 18:28:00.166,10367,10368,10367,2
2019-06-06 18:28:17.710,10366,10367,10367,32
2019-06-06 18:28:17.710,10366,10367,10368,68
2019-06-06 18:28:17.716,10366,10367,10368,1
2019-06-06 18:28:17.780,10368,10369,10369,5
2019-06-06 18:28:17.780,10368,10369,10368,1
2019-06-06 18:28:17.780,10368,10369,10369,3
2019-06-06 18:28:17.781,10368,10369,10368,1
2019-06-06 18:28:17.781,10368,10369,10368,1
2019-06-06 18:28:17.781,10368,10369,10368,2
2019-06-06 18:28:17.782,10368,10369,10368,1
2019-06-06 18:28:17.782,10368,10369,10368,1
2019-06-06 18:28:17.786,10368,10369,10368,1
2019-06-06 18:28:17.787,10368,10369,10368,3
2019-06-06 18:28:17.795,10368,10369,10368,1
2019-06-06 18:28:17.807,10368,10369,10368,1
2019-06-06 18:28:17.905,10368,10369,10368,1
2019-06-06 18:28:18.366,10367,10368,10368,3
2019-06-06 18:28:18.674,10367,10369,10369,1
2019-06-06 18:28:18.747,10367,10369,10369,4
2019-06-06 18:28:36.148,10368,10369,10368,1
2019-06-06 18:28:36.148,10368,10369,10367,1
2019-06-06 18:29:27.834,10367,10368,10367,3
2019-06-06 18:29:27.834,10367,10368,10367,1
2019-06-06 18:29:27.838,10367,10368,10367,1
2019-06-06 18:29:27.838,10367,10368,10367,3
2019-06-06 18:29:27.839,10367,10368,10367,1
2019-06-06 18:29:27.846,10367,10368,10367,3
2019-06-06 18:29:39.176,10366,10367,10367,2
2019-06-06 18:29:39.176,10366,10367,10367,1
2019-06-06 18:29:39.176,10366,10367,10367,1
2019-06-06 18:29:54.926,10366,10367,10367,1
2019-06-06 18:29:57.564,10366,10367,10367,1
2019-06-06 18:30:08.141,10367,10368,10368,12
2019-06-06 18:30:08.462,10368,10369,10368,1
2019-06-06 18:30:19.720,10368,10369,10368,1
2019-06-06 18:30:30.905,10367,10368,10368,1
2019-06-06 18:31:02.300,10368,10369,10368,1
2019-06-06 18:31:23.243,10367,10368,10368,2
2019-06-06 18:32:08.210,10368,10369,10369,3
2019-06-06 18:32:34.537,10368,10369,10368,1
2019-06-06 18:32:43.781,10368,10369,10369,5
2019-06-06 18:32:43.905,10368,10369,10369,18
2019-06-06 18:32:44.121,10369,10370,10369,1
2019-06-06 18:33:04.718,10369,10370,10369,1
2019-06-06 18:33:28.769,10369,10370,10370,1
2019-06-06 18:33:29.322,10369,10370,10370,1
2019-06-06 18:33:29.590,10369,10370,10370,1
2019-06-06 18:33:29.597,10369,10370,10370,2
2019-06-06 18:33:46.156,10369,10370,10370,1
2019-06-06 18:33:53.764,10369,10370,10370,1
2019-06-06 18:34:05.620,10369,10370,10370,6
2019-06-06 18:34:09.106,10369,10370,10370,2
2019-06-06 18:34:12.095,10369,10370,10370,2
2019-06-06 18:34:18.315,10369,10370,10370,1
2019-06-06 18:35:05.841,10369,10370,10370,1
2019-06-06 18:35:17.264,10369,10370,10370,1
2019-06-06 18:35:31.971,10369,10370,10370,1
2019-06-06 18:36:08.122,10369,10370,10370,2
2019-06-06 18:36:10.722,10369,10370,10369,2
2019-06-06 18:36:11.572,10369,10370,10369,2
2019-06-06 18:36:15.203,10369,10370,10369,2
2019-06-06 18:36:15.281,10369,10370,10369,2
2019-06-06 18:36:15.523,10368,10370,10369,1
2019-06-06 18:36:16.171,10369,10370,10369,1
2019-06-06 18:36:17.361,10369,10370,10369,2
2019-06-06 18:36:31.975,10369,10370,10369,1
2019-06-06 18:36:40.245,10369,10370,10370,1
2019-06-06 18:36:51.555,10369,10370,10369,2
2019-06-06 18:36:56.030,10369,10370,10369,2
2019-06-06 18:36:56.030,10369,10370,10369,1
2019-06-06 18:36:56.155,10369,10370,10369,1
2019-06-06 18:37:34.470,10368,10369,10369,8
2019-06-06 18:37:35.080,10368,10369,10368,2
2019-06-06 18:38:04.874,10368,10369,10368,6
2019-06-06 18:38:04.905,10368,10369,10368,3
2019-06-06 18:38:06.470,10367,10368,10367,1
2019-06-06 18:38:06.471,10367,10368,10367,1
2019-06-06 18:38:06.471,10367,10368,10367,7
2019-06-06 18:38:06.574,10366,10368,10366,1
2019-06-06 18:38:09.447,10366,10367,10366,2
2019-06-06 18:38:17.050,10366,10367,10366,1
2019-06-06 18:38:26.417,10366,10367,10366,5
2019-06-06 18:38:58.028,10366,10367,10366,2
2019-06-06 18:39:15.089,10366,10367,10366,1
2019-06-06 18:39:24.280,10366,10367,10367,1
2019-06-06 18:39:24.313,10366,10367,10367,1
2019-06-06 18:39:24.530,10366,10367,10367,1
2019-06-06 18:39:32.530,10366,10367,10367,1
2019-06-06 18:39:32.655,10366,10367,10367,1
2019-06-06 18:39:32.655,10366,10367,10367,1
2019-06-06 18:39:32.780,10366,10367,10367,1
2019-06-06 18:39:32.780,10366,10367,10367,2
2019-06-06 18:39:53.883,10367,10368,10367,1
2019-06-06 18:40:05.157,10367,10368,10368,1
2019-06-06 18:40:18.701,10367,10368,10368,1
2019-06-06 18:40:48.339,10367,10368,10368,3
2019-06-06 18:40:48.339,10367,10368,10368,2
2019-06-06 18:40:48.339,10367,10368,10368,1
2019-06-06 18:40:48.340,10367,10368,10368,3
2019-06-06 18:40:48.405,10367,10368,10368,1
2019-06-06 18:40:48.405,10367,10368,10368,1
2019-06-06 18:41:22.038,10367,10368,10368,1
2019-06-06 18:41:41.156,10367,10368,10367,5
2019-06-06 18:41:44.765,10366,10367,10367,1
2019-06-06 18:42:04.841,10366,10367,10367,1
2019-06-06 18:42:29.393,10366,10367,10367,1
2019-06-06 18:42:29.505,10367,10368,10367,1
2019-06-06 18:43:20.159,10366,10367,10367,1
2019-06-06 18:43:20.159,10366,10367,10368,4
2019-06-06 18:43:32.163,10367,10368,10368,5
2019-06-06 18:43:50.651,10367,10368,10368,5
2019-06-06 18:44:54.565,10367,10368,10367,1
2019-06-06 18:45:22.781,10367,10368,10367,2
2019-06-06 18:45:52.808,10367,10368,10367,2
2019-06-06 18:45:53.050,10366,10368,10367,2
2019-06-06 18:46:21.951,10366,10367,10367,1
2019-06-06 18:46:38.858,10366,10367,10367,1
2019-06-06 18:46:44.195,10367,10368,10367,1
2019-06-06 18:46:59.083,10367,10368,10367,1
2019-06-06 18:47:08.031,10366,10367,10366,1
2019-06-06 18:47:19.496,10366,10367,10367,1
2019-06-06 18:47:19.620,10367,10368,10367,4
2019-06-06 18:48:30.281,10366,10367,10366,10
2019-06-06 18:48:39.280,10365,10366,10366,1
2019-06-06 18:48:47.570,10366,10367,10366,1
2019-06-06 18:49:02.231,10365,10366,10366,2
2019-06-06 18:50:06.538,10366,10367,10366,1
2019-06-06 18:50:38.234,10366,10367,10366,1
2019-06-06 18:50:39.078,10366,10367,10366,2
2019-06-06 18:51:16.648,10366,10367,10366,1
2019-06-06 18:51:16.779,10366,10367,10366,5
2019-06-06 18:51:17.053,10366,10367,10366,5
2019-06-06 18:51:27.783,10366,10367,10367,5
2019-06-06 18:51:27.905,10366,10367,10367,1
2019-06-06 18:51:29.354,10366,10367,10367,2
2019-06-06 18:51:31.423,10366,10367,10367,1
2019-06-06 18:51:31.656,10367,10368,10368,1
2019-06-06 18:51:41.734,10367,10368,10367,1
2019-06-06 18:52:21.782,10367,10368,10368,1
2019-06-06 18:52:30.475,10367,10368,10368,1
2019-06-06 18:52:51.298,10367,10368,10367,1
2019-06-06 18:53:54.557,10367,10368,10368,1
2019-06-06 18:54:01.578,10367,10368,10368,1
2019-06-06 18:54:01.578,10367,10368,10368,1
2019-06-06 18:54:01.583,10367,10368,10368,1
2019-06-06 18:54:01.584,10367,10368,10368,1
2019-06-06 18:54:01.655,10367,10368,10368,1
2019-06-06 18:54:01.657,10367,10368,10368,2
2019-06-06 18:54:17.148,10368,10369,10368,2
2019-06-06 18:54:27.872,10368,10369,10369,5
2019-06-06 18:54:38.788,10368,10369,10368,5
2019-06-06 18:54:39.031,10367,10368,10368,2
2019-06-06 18:54:39.036,10367,10368,10368,1
2019-06-06 18:54:41.048,10368,10369,10368,1
2019-06-06 18:54:41.287,10367,10368,10368,2
2019-06-06 18:54:53.723,10367,10368,10368,1
2019-06-06 18:55:28.570,10367,10368,10367,2
2019-06-06 18:55:28.577,10367,10368,10367,2
2019-06-06 18:55:28.590,10367,10368,10367,2
2019-06-06 18:55:28.622,10367,10368,10366,2
2019-06-06 18:55:28.637,10367,10368,10366,2
2019-06-06 18:55:28.812,10366,10367,10367,1
