2020-09-22 15:00:00,12500,12500,12500,158,158
2020-09-22 15:00:00,12500,12500,12500,2,2
2020-09-22 15:00:00,12501,12501,12501,2,2
2020-09-22 15:00:00,12500,12500,12500,2,-2
2020-09-22 15:00:00,12500,12500,12500,2,2
2020-09-22 15:00:00,12500,12500,12500,2,2
2020-09-22 15:00:00,12500,12500,12500,2,2
2020-09-22 15:00:00,12500,12500,12500,2,2
2020-09-22 15:00:00,12500,12500,12500,2,2
2020-09-22 15:00:00,12500,12500,12500,2,2
2020-09-22 15:00:00,12500,12500,12500,8,8
2020-09-22 15:00:00,12500,12500,12500,10,10
2020-09-22 15:00:00,12500,12500,12500,8,8
2020-09-22 15:00:00,12499,12499,12499,2,-2
2020-09-22 15:00:00,12499,12499,12499,2,2
2020-09-22 15:00:00,12499,12499,12499,2,2
2020-09-22 15:00:00,12499,12499,12499,2,2
2020-09-22 15:00:00,12499,12499,12499,2,2
2020-09-22 15:00:00,12499,12499,12499,2,2
2020-09-22 15:00:00,12499,12499,12499,8,8
2020-09-22 15:00:00,12499,12499,12499,2,2
2020-09-22 15:00:00,12499,12499,12499,2,2
2020-09-22 15:00:00,12499,12499,12499,8,8
2020-09-22 15:00:00,12498,12498,12498,2,-2
2020-09-22 15:00:01,12500,12500,12500,8,8
2020-09-22 15:00:01,12501,12501,12501,2,2
2020-09-22 15:00:01,12500,12500,12500,2,-2
2020-09-22 15:00:01,12499,12499,12499,2,-2
2020-09-22 15:00:01,12500,12500,12500,2,2
2020-09-22 15:00:01,12499,12499,12499,4,-4
2020-09-22 15:00:01,12499,12499,12499,2,2
2020-09-22 15:00:01,12499,12499,12499,2,2
2020-09-22 15:00:01,12498,12498,12498,2,-2
2020-09-22 15:00:01,12498,12498,12498,2,2
2020-09-22 15:00:01,12500,12500,12500,2,2
2020-09-22 15:00:01,12500,12500,12500,4,4
2020-09-22 15:00:01,12500,12500,12500,2,2
2020-09-22 15:00:01,12500,12500,12500,2,2
2020-09-22 15:00:01,12500,12500,12500,8,8
2020-09-22 15:00:02,12499,12499,12499,2,-2
2020-09-22 15:00:02,12499,12499,12499,6,6
2020-09-22 15:00:02,12500,12500,12500,4,4
2020-09-22 15:00:02,12500,12500,12500,2,2
2020-09-22 15:00:02,12499,12499,12499,8,-8
2020-09-22 15:00:02,12500,12500,12500,4,4
2020-09-22 15:00:02,12499,12499,12499,4,-4
2020-09-22 15:00:02,12500,12500,12500,2,2
2020-09-22 15:00:02,12501,12501,12501,10,10
2020-09-22 15:00:02,12502,12502,12502,2,2
2020-09-22 15:00:02,12501,12501,12501,2,-2
2020-09-22 15:00:02,12501,12501,12501,2,2
2020-09-22 15:00:02,12500,12500,12500,6,-6
2020-09-22 15:00:03,12500,12500,12500,2,2
2020-09-22 15:00:03,12501,12501,12501,2,2
2020-09-22 15:00:04,12500,12500,12500,10,-10
2020-09-22 15:00:04,12500,12500,12500,2,2
2020-09-22 15:00:04,12500,12500,12500,4,4
2020-09-22 15:00:04,12500,12500,12500,2,2
2020-09-22 15:00:04,12500,12500,12500,2,2
2020-09-22 15:00:04,12501,12501,12501,2,2
2020-09-22 15:00:06,12500,12500,12500,2,-2
2020-09-22 15:00:07,12499,12499,12499,10,-10
2020-09-22 15:00:07,12498,12498,12498,2,-2
2020-09-22 15:00:07,12498,12498,12498,2,2
2020-09-22 15:00:07,12498,12498,12498,2,2
2020-09-22 15:00:07,12498,12498,12498,2,2
2020-09-22 15:00:07,12498,12498,12498,2,2
2020-09-22 15:00:07,12498,12498,12498,8,8
2020-09-22 15:00:07,12498,12498,12498,2,2
2020-09-22 15:00:07,12498,12498,12498,2,2
2020-09-22 15:00:07,12497,12497,12497,2,-2
2020-09-22 15:00:07,12497,12497,12497,2,2
2020-09-22 15:00:07,12497,12497,12497,2,2
2020-09-22 15:00:07,12497,12497,12497,2,2
2020-09-22 15:00:07,12497,12497,12497,2,2
2020-09-22 15:00:07,12497,12497,12497,2,2
2020-09-22 15:00:07,12498,12498,12498,2,2
2020-09-22 15:00:07,12499,12499,12499,8,8
2020-09-22 15:00:07,12497,12497,12497,2,-2
2020-09-22 15:00:08,12498,12498,12498,10,10
2020-09-22 15:00:10,12497,12497,12497,6,-6
2020-09-22 15:00:10,12497,12497,12497,2,2
2020-09-22 15:00:10,12496,12496,12496,2,-2
2020-09-22 15:00:10,12496,12496,12496,2,2
2020-09-22 15:00:10,12496,12496,12496,2,2
2020-09-22 15:00:10,12496,12496,12496,6,6
2020-09-22 15:00:10,12496,12496,12496,4,4
2020-09-22 15:00:10,12496,12496,12496,2,2
2020-09-22 15:00:10,12497,12497,12497,2,2
2020-09-22 15:00:10,12496,12496,12496,6,-6
2020-09-22 15:00:10,12497,12497,12497,2,2
2020-09-22 15:00:10,12496,12496,12496,8,-8
2020-09-22 15:00:10,12496,12496,12496,2,2
2020-09-22 15:00:10,12496,12496,12496,2,2
2020-09-22 15:00:10,12495,12495,12495,2,-2
2020-09-22 15:00:10,12495,12495,12495,2,2
2020-09-22 15:00:10,12495,12495,12495,2,2
2020-09-22 15:00:10,12495,12495,12495,2,2
2020-09-22 15:00:10,12495,12495,12495,2,2
2020-09-22 15:00:10,12495,12495,12495,2,2
2020-09-22 15:00:10,12495,12495,12495,2,2
2020-09-22 15:00:10,12496,12496,12496,2,2
2020-09-22 15:00:10,12497,12497,12497,2,2
2020-09-22 15:00:12,12497,12497,12497,2,2
2020-09-22 15:00:12,12497,12497,12497,2,2
2020-09-22 15:00:12,12497,12497,12497,2,2
2020-09-22 15:00:12,12497,12497,12497,2,2
2020-09-22 15:00:14,12498,12498,12498,2,2
2020-09-22 15:00:15,12500,12500,12500,2,2
2020-09-22 15:00:16,12499,12499,12499,2,-2
2020-09-22 15:00:16,12498,12498,12498,2,-2
2020-09-22 15:00:17,12499,12499,12499,2,2
2020-09-22 15:00:18,12498,12498,12498,2,-2
2020-09-22 15:00:19,12500,12500,12500,2,2
2020-09-22 15:00:19,12501,12501,12501,2,2
2020-09-22 15:00:19,12501,12501,12501,2,2
2020-09-22 15:00:23,12500,12500,12500,2,-2
2020-09-22 15:00:24,12500,12500,12500,2,2
2020-09-22 15:00:25,12499,12499,12499,4,-4
2020-09-22 15:00:25,12499,12499,12499,2,2
2020-09-22 15:00:25,12499,12499,12499,2,2
2020-09-22 15:00:26,12499,12499,12499,2,2
2020-09-22 15:00:26,12499,12499,12499,4,4
2020-09-22 15:00:27,12500,12500,12500,2,2
2020-09-22 15:00:30,12499,12499,12499,2,-2
2020-09-22 15:00:30,12500,12500,12500,2,2
2020-09-22 15:00:33,12500,12500,12500,8,8
2020-09-22 15:00:33,12499,12499,12499,2,-2
2020-09-22 15:00:35,12500,12500,12500,14,14
2020-09-22 15:00:35,12501,12501,12501,4,4
2020-09-22 15:00:35,12501,12501,12501,10,10
2020-09-22 15:00:35,12501,12501,12501,28,28
2020-09-22 15:00:36,12501,12501,12501,2,2
2020-09-22 15:00:37,12501,12501,12501,2,2
2020-09-22 15:00:37,12502,12502,12502,10,10
2020-09-22 15:00:37,12502,12502,12502,4,4
2020-09-22 15:00:38,12503,12503,12503,4,4
2020-09-22 15:00:38,12504,12504,12504,2,2
2020-09-22 15:00:39,12503,12503,12503,2,-2
2020-09-22 15:00:40,12504,12504,12504,2,2
2020-09-22 15:00:40,12504,12504,12504,2,2
2020-09-22 15:00:40,12504,12504,12504,2,2
2020-09-22 15:00:40,12504,12504,12504,4,4
2020-09-22 15:00:40,12503,12503,12503,4,-4
2020-09-22 15:00:40,12503,12503,12503,2,2
2020-09-22 15:00:42,12502,12502,12502,6,-6
2020-09-22 15:00:42,12502,12502,12502,2,2
2020-09-22 15:00:42,12502,12502,12502,2,2
2020-09-22 15:00:42,12500,12500,12500,4,-4
2020-09-22 15:00:42,12500,12500,12500,2,2
2020-09-22 15:00:42,12500,12500,12500,2,2
2020-09-22 15:00:42,12500,12500,12500,2,2
2020-09-22 15:00:42,12500,12500,12500,2,2
2020-09-22 15:00:47,12502,12502,12502,2,2
2020-09-22 15:00:47,12502,12502,12502,4,4
2020-09-22 15:00:48,12503,12503,12503,6,6
2020-09-22 15:00:49,12502,12502,12502,2,-2
2020-09-22 15:00:49,12502,12502,12502,2,2
2020-09-22 15:00:49,12502,12502,12502,2,2
2020-09-22 15:00:49,12502,12502,12502,4,4
2020-09-22 15:00:50,12502,12502,12502,2,2
2020-09-22 15:00:50,12502,12502,12502,2,2
2020-09-22 15:00:50,12502,12502,12502,2,2
2020-09-22 15:00:50,12502,12502,12502,4,4
2020-09-22 15:00:52,12502,12502,12502,2,2
2020-09-22 15:00:53,12503,12503,12503,4,4
2020-09-22 15:00:53,12504,12504,12504,6,6
2020-09-22 15:00:56,12505,12505,12505,2,2
2020-09-22 15:00:56,12505,12505,12505,2,2
2020-09-22 15:00:57,12505,12505,12505,10,10
2020-09-22 15:00:58,12505,12505,12505,16,16
2020-09-22 15:00:58,12505,12505,12505,2,2
2020-09-22 15:00:58,12505,12505,12505,12,12
2020-09-22 15:00:59,12505,12505,12505,2,2
2020-09-22 15:00:59,12506,12506,12506,2,2
2020-09-22 15:00:59,12504,12504,12504,2,-2
2020-09-22 15:01:00,12505,12505,12505,6,6
2020-09-22 15:01:00,12506,12506,12506,2,2
2020-09-22 15:01:01,12505,12505,12505,4,-4
2020-09-22 15:01:02,12506,12506,12506,2,2
2020-09-22 15:01:03,12506,12506,12506,2,2
2020-09-22 15:01:03,12506,12506,12506,14,14
2020-09-22 15:01:03,12505,12505,12505,2,-2
2020-09-22 15:01:03,12507,12507,12507,2,2
2020-09-22 15:01:05,12506,12506,12506,4,-4
2020-09-22 15:01:05,12505,12505,12505,2,-2
2020-09-22 15:01:05,12506,12506,12506,2,2
2020-09-22 15:01:06,12507,12507,12507,6,6
2020-09-22 15:01:07,12507,12507,12507,2,2
2020-09-22 15:01:07,12507,12507,12507,2,2
2020-09-22 15:01:07,12507,12507,12507,4,4
2020-09-22 15:01:07,12507,12507,12507,10,10
2020-09-22 15:01:07,12507,12507,12507,2,2
2020-09-22 15:01:08,12507,12507,12507,2,2
2020-09-22 15:01:08,12508,12508,12508,10,10
2020-09-22 15:01:08,12507,12507,12507,4,-4
2020-09-22 15:01:09,12508,12508,12508,2,2
2020-09-22 15:01:11,12507,12507,12507,2,-2
2020-09-22 15:01:12,12507,12507,12507,2,2
2020-09-22 15:01:13,12508,12508,12508,2,2
2020-09-22 15:01:13,12508,12508,12508,2,2
2020-09-22 15:01:17,12507,12507,12507,2,-2
2020-09-22 15:01:17,12507,12507,12507,2,2
2020-09-22 15:01:18,12508,12508,12508,10,10
2020-09-22 15:01:19,12508,12508,12508,2,2
2020-09-22 15:01:20,12508,12508,12508,4,4
2020-09-22 15:01:20,12509,12509,12509,2,2
2020-09-22 15:01:23,12509,12509,12509,2,2
2020-09-22 15:01:24,12509,12509,12509,2,2
2020-09-22 15:01:24,12509,12509,12509,4,4
2020-09-22 15:01:25,12509,12509,12509,2,2
2020-09-22 15:01:25,12510,12510,12510,24,24
2020-09-22 15:01:27,12510,12510,12510,2,2
2020-09-22 15:01:27,12511,12511,12511,2,2
2020-09-22 15:01:27,12511,12511,12511,4,4
2020-09-22 15:01:27,12511,12511,12511,4,4
2020-09-22 15:01:28,12511,12511,12511,2,2
2020-09-22 15:01:28,12512,12512,12512,2,2
2020-09-22 15:01:29,12512,12512,12512,2,2
2020-09-22 15:01:30,12512,12512,12512,2,2
2020-09-22 15:01:30,12512,12512,12512,4,4
2020-09-22 15:01:30,12512,12512,12512,2,2
2020-09-22 15:01:31,12511,12511,12511,2,-2
2020-09-22 15:01:31,12512,12512,12512,2,2
2020-09-22 15:01:32,12512,12512,12512,2,2
2020-09-22 15:01:32,12513,12513,12513,4,4
2020-09-22 15:01:32,12512,12512,12512,2,-2
2020-09-22 15:01:32,12512,12512,12512,2,2
2020-09-22 15:01:33,12512,12512,12512,2,2
2020-09-22 15:01:33,12512,12512,12512,2,2
2020-09-22 15:01:34,12512,12512,12512,2,2
2020-09-22 15:01:34,12512,12512,12512,2,2
2020-09-22 15:01:34,12512,12512,12512,2,2
2020-09-22 15:01:34,12512,12512,12512,2,2
2020-09-22 15:01:34,12511,12511,12511,2,-2
2020-09-22 15:01:34,12511,12511,12511,2,2
2020-09-22 15:01:34,12511,12511,12511,4,4
2020-09-22 15:01:34,12511,12511,12511,2,2
2020-09-22 15:01:34,12511,12511,12511,2,2
2020-09-22 15:01:34,12512,12512,12512,2,2
2020-09-22 15:01:35,12512,12512,12512,2,2
2020-09-22 15:01:37,12513,12513,12513,2,2
2020-09-22 15:01:37,12512,12512,12512,2,-2
2020-09-22 15:01:37,12512,12512,12512,2,2
2020-09-22 15:01:38,12512,12512,12512,2,2
2020-09-22 15:01:38,12512,12512,12512,2,2
2020-09-22 15:01:39,12512,12512,12512,2,2
2020-09-22 15:01:39,12512,12512,12512,2,2
2020-09-22 15:01:41,12512,12512,12512,2,2
2020-09-22 15:01:41,12512,12512,12512,2,2
2020-09-22 15:01:43,12512,12512,12512,2,2
2020-09-22 15:01:44,12511,12511,12511,2,-2
2020-09-22 15:01:44,12512,12512,12512,2,2
2020-09-22 15:01:44,12511,12511,12511,2,-2
2020-09-22 15:01:44,12511,12511,12511,2,2
2020-09-22 15:01:44,12511,12511,12511,2,2
2020-09-22 15:01:44,12510,12510,12510,2,-2
2020-09-22 15:01:44,12510,12510,12510,2,2
2020-09-22 15:01:45,12511,12511,12511,2,2
2020-09-22 15:01:47,12511,12511,12511,10,10
2020-09-22 15:01:47,12512,12512,12512,2,2
2020-09-22 15:01:47,12510,12510,12510,2,-2
2020-09-22 15:01:49,12511,12511,12511,2,2
2020-09-22 15:01:50,12510,12510,12510,6,-6
2020-09-22 15:01:50,12510,12510,12510,2,2
2020-09-22 15:01:50,12510,12510,12510,2,2
2020-09-22 15:01:51,12509,12509,12509,2,-2
2020-09-22 15:01:51,12509,12509,12509,2,2
2020-09-22 15:01:51,12509,12509,12509,2,2
2020-09-22 15:01:51,12510,12510,12510,2,2
2020-09-22 15:01:51,12510,12510,12510,2,2
2020-09-22 15:01:56,12509,12509,12509,4,-4
2020-09-22 15:02:01,12509,12509,12509,2,2
2020-09-22 15:02:05,12510,12510,12510,2,2
2020-09-22 15:02:07,12510,12510,12510,2,2
2020-09-22 15:02:08,12509,12509,12509,2,-2
2020-09-22 15:02:10,12509,12509,12509,2,2
2020-09-22 15:02:15,12509,12509,12509,2,2
2020-09-22 15:02:15,12509,12509,12509,4,4
2020-09-22 15:02:15,12509,12509,12509,4,4
2020-09-22 15:02:15,12509,12509,12509,6,6
2020-09-22 15:02:15,12509,12509,12509,2,2
2020-09-22 15:02:15,12509,12509,12509,2,2
2020-09-22 15:02:15,12509,12509,12509,2,2
2020-09-22 15:02:21,12509,12509,12509,2,2
2020-09-22 15:02:27,12509,12509,12509,2,2
2020-09-22 15:02:28,12509,12509,12509,2,2
2020-09-22 15:02:29,12509,12509,12509,2,2
2020-09-22 15:02:40,12508,12508,12508,2,-2
2020-09-22 15:02:40,12508,12508,12508,2,2
2020-09-22 15:02:40,12508,12508,12508,2,2
2020-09-22 15:02:40,12508,12508,12508,2,2
2020-09-22 15:02:40,12508,12508,12508,2,2
2020-09-22 15:02:41,12507,12507,12507,2,-2
2020-09-22 15:02:45,12508,12508,12508,4,4
2020-09-22 15:02:45,12508,12508,12508,2,2
2020-09-22 15:02:46,12507,12507,12507,2,-2
2020-09-22 15:02:48,12508,12508,12508,2,2
2020-09-22 15:02:49,12508,12508,12508,2,2
2020-09-22 15:02:49,12509,12509,12509,2,2
2020-09-22 15:02:51,12509,12509,12509,4,4
2020-09-22 15:02:51,12509,12509,12509,12,12
2020-09-22 15:02:52,12508,12508,12508,2,-2
2020-09-22 15:02:53,12508,12508,12508,2,2
2020-09-22 15:02:53,12510,12510,12510,2,2
2020-09-22 15:02:55,12509,12509,12509,8,-8
2020-09-22 15:02:56,12509,12509,12509,2,2
2020-09-22 15:02:57,12509,12509,12509,2,2
2020-09-22 15:02:59,12509,12509,12509,2,2
2020-09-22 15:03:01,12508,12508,12508,2,-2
2020-09-22 15:03:01,12508,12508,12508,2,2
2020-09-22 15:03:01,12508,12508,12508,2,2
2020-09-22 15:03:01,12508,12508,12508,2,2
2020-09-22 15:03:02,12508,12508,12508,2,2
2020-09-22 15:03:02,12507,12507,12507,2,-2
2020-09-22 15:03:02,12507,12507,12507,2,2
2020-09-22 15:03:03,12507,12507,12507,6,6
2020-09-22 15:03:03,12507,12507,12507,2,2
2020-09-22 15:03:03,12507,12507,12507,4,4
2020-09-22 15:03:05,12508,12508,12508,4,4
2020-09-22 15:03:05,12506,12506,12506,2,-2
2020-09-22 15:03:06,12506,12506,12506,2,2
2020-09-22 15:03:06,12506,12506,12506,2,2
2020-09-22 15:03:06,12506,12506,12506,2,2
2020-09-22 15:03:06,12506,12506,12506,2,2
2020-09-22 15:03:06,12506,12506,12506,2,2
2020-09-22 15:03:06,12506,12506,12506,2,2
2020-09-22 15:03:08,12506,12506,12506,4,4
2020-09-22 15:03:14,12507,12507,12507,2,2
2020-09-22 15:03:14,12507,12507,12507,2,2
2020-09-22 15:03:14,12506,12506,12506,4,-4
2020-09-22 15:03:15,12506,12506,12506,2,2
2020-09-22 15:03:19,12506,12506,12506,16,16
2020-09-22 15:03:19,12506,12506,12506,4,4
2020-09-22 15:03:19,12506,12506,12506,2,2
2020-09-22 15:03:21,12506,12506,12506,2,2
2020-09-22 15:03:25,12506,12506,12506,6,6
2020-09-22 15:03:25,12506,12506,12506,2,2
2020-09-22 15:03:31,12506,12506,12506,2,2
2020-09-22 15:03:40,12506,12506,12506,2,2
2020-09-22 15:03:40,12506,12506,12506,2,2
2020-09-22 15:03:40,12507,12507,12507,26,26
2020-09-22 15:03:41,12508,12508,12508,8,8
2020-09-22 15:03:42,12508,12508,12508,2,2
2020-09-22 15:03:55,12509,12509,12509,4,4
2020-09-22 15:03:58,12509,12509,12509,2,2
2020-09-22 15:03:58,12508,12508,12508,2,-2
2020-09-22 15:03:58,12508,12508,12508,2,2
2020-09-22 15:03:58,12508,12508,12508,2,2
2020-09-22 15:03:58,12508,12508,12508,2,2
2020-09-22 15:03:58,12508,12508,12508,2,2
2020-09-22 15:03:58,12508,12508,12508,2,2
2020-09-22 15:03:58,12507,12507,12507,8,-8
2020-09-22 15:03:58,12507,12507,12507,2,2
2020-09-22 15:03:59,12508,12508,12508,2,2
2020-09-22 15:03:59,12509,12509,12509,2,2
2020-09-22 15:04:02,12508,12508,12508,2,-2
2020-09-22 15:04:02,12507,12507,12507,2,-2
2020-09-22 15:04:02,12507,12507,12507,2,2
2020-09-22 15:04:02,12507,12507,12507,2,2
2020-09-22 15:04:02,12507,12507,12507,2,2
2020-09-22 15:04:03,12506,12506,12506,2,-2
2020-09-22 15:04:03,12508,12508,12508,4,4
2020-09-22 15:04:03,12507,12507,12507,2,-2
2020-09-22 15:04:05,12507,12507,12507,4,4
2020-09-22 15:04:07,12507,12507,12507,2,2
2020-09-22 15:04:10,12507,12507,12507,2,2
2020-09-22 15:04:14,12507,12507,12507,2,2
2020-09-22 15:04:18,12507,12507,12507,2,2
2020-09-22 15:04:19,12507,12507,12507,2,2
2020-09-22 15:04:27,12507,12507,12507,4,4
2020-09-22 15:04:31,12506,12506,12506,2,-2
2020-09-22 15:04:31,12506,12506,12506,2,2
2020-09-22 15:04:31,12506,12506,12506,4,4
2020-09-22 15:04:32,12506,12506,12506,2,2
2020-09-22 15:04:33,12507,12507,12507,2,2
2020-09-22 15:04:33,12506,12506,12506,2,-2
2020-09-22 15:04:34,12507,12507,12507,2,2
2020-09-22 15:04:34,12508,12508,12508,8,8
2020-09-22 15:04:46,12509,12509,12509,2,2
2020-09-22 15:04:46,12509,12509,12509,2,2
2020-09-22 15:04:46,12509,12509,12509,16,16
2020-09-22 15:04:49,12508,12508,12508,2,-2
2020-09-22 15:04:49,12508,12508,12508,2,2
2020-09-22 15:04:50,12508,12508,12508,2,2
2020-09-22 15:04:50,12507,12507,12507,2,-2
2020-09-22 15:04:50,12507,12507,12507,2,2
2020-09-22 15:04:50,12507,12507,12507,2,2
2020-09-22 15:04:57,12508,12508,12508,2,2
2020-09-22 15:04:57,12508,12508,12508,2,2
2020-09-22 15:04:57,12507,12507,12507,2,-2
2020-09-22 15:04:58,12508,12508,12508,2,2
2020-09-22 15:05:01,12507,12507,12507,2,-2
2020-09-22 15:05:03,12507,12507,12507,2,2
2020-09-22 15:05:04,12506,12506,12506,2,-2
2020-09-22 15:05:04,12506,12506,12506,2,2
2020-09-22 15:05:04,12506,12506,12506,2,2
2020-09-22 15:05:08,12506,12506,12506,2,2
2020-09-22 15:05:08,12508,12508,12508,2,2
2020-09-22 15:05:09,12506,12506,12506,2,-2
2020-09-22 15:05:09,12507,12507,12507,2,2
2020-09-22 15:05:10,12506,12506,12506,2,-2
2020-09-22 15:05:10,12506,12506,12506,2,2
2020-09-22 15:05:11,12507,12507,12507,2,2
2020-09-22 15:05:12,12507,12507,12507,2,2
2020-09-22 15:05:12,12507,12507,12507,2,2
2020-09-22 15:05:13,12507,12507,12507,2,2
2020-09-22 15:05:19,12507,12507,12507,4,4
2020-09-22 15:05:21,12507,12507,12507,4,4
2020-09-22 15:05:21,12509,12509,12509,14,14
2020-09-22 15:05:22,12508,12508,12508,2,-2
2020-09-22 15:05:28,12508,12508,12508,2,2
2020-09-22 15:05:33,12509,12509,12509,4,4
2020-09-22 15:05:34,12509,12509,12509,2,2
2020-09-22 15:05:34,12509,12509,12509,2,2
2020-09-22 15:05:34,12508,12508,12508,2,-2
2020-09-22 15:05:40,12509,12509,12509,2,2
2020-09-22 15:05:42,12509,12509,12509,2,2
2020-09-22 15:05:43,12509,12509,12509,2,2
2020-09-22 15:05:51,12509,12509,12509,2,2
2020-09-22 15:05:51,12509,12509,12509,2,2
2020-09-22 15:05:51,12509,12509,12509,6,6
2020-09-22 15:05:52,12509,12509,12509,2,2
2020-09-22 15:05:52,12508,12508,12508,4,-4
2020-09-22 15:05:52,12508,12508,12508,4,4
2020-09-22 15:05:52,12508,12508,12508,6,6
2020-09-22 15:05:52,12508,12508,12508,10,10
2020-09-22 15:05:52,12508,12508,12508,2,2
2020-09-22 15:05:52,12508,12508,12508,2,2
2020-09-22 15:05:52,12508,12508,12508,2,2
2020-09-22 15:05:52,12508,12508,12508,2,2
2020-09-22 15:05:53,12508,12508,12508,2,2
2020-09-22 15:05:53,12509,12509,12509,2,2
2020-09-22 15:05:57,12507,12507,12507,2,-2
2020-09-22 15:05:57,12507,12507,12507,2,2
2020-09-22 15:05:57,12507,12507,12507,2,2
2020-09-22 15:05:57,12507,12507,12507,2,2
2020-09-22 15:05:58,12508,12508,12508,2,2
2020-09-22 15:06:00,12508,12508,12508,8,8
2020-09-22 15:06:01,12507,12507,12507,2,-2
2020-09-22 15:06:05,12507,12507,12507,2,2
2020-09-22 15:06:05,12506,12506,12506,2,-2
2020-09-22 15:06:05,12506,12506,12506,2,2
2020-09-22 15:06:10,12507,12507,12507,2,2
2020-09-22 15:06:18,12507,12507,12507,4,4
2020-09-22 15:06:25,12507,12507,12507,2,2
2020-09-22 15:06:29,12507,12507,12507,2,2
2020-09-22 15:06:31,12506,12506,12506,2,-2
2020-09-22 15:06:34,12507,12507,12507,2,2
2020-09-22 15:06:34,12507,12507,12507,4,4
2020-09-22 15:06:34,12507,12507,12507,2,2
2020-09-22 15:06:36,12508,12508,12508,10,10
2020-09-22 15:06:38,12508,12508,12508,2,2
2020-09-22 15:06:40,12508,12508,12508,2,2
2020-09-22 15:06:42,12509,12509,12509,6,6
2020-09-22 15:06:42,12509,12509,12509,4,4
2020-09-22 15:06:45,12509,12509,12509,2,2
2020-09-22 15:06:47,12508,12508,12508,2,-2
2020-09-22 15:06:50,12507,12507,12507,2,-2
2020-09-22 15:06:50,12507,12507,12507,2,2
2020-09-22 15:07:11,12508,12508,12508,2,2
2020-09-22 15:07:14,12508,12508,12508,2,2
2020-09-22 15:07:14,12509,12509,12509,26,26
2020-09-22 15:07:14,12509,12509,12509,2,2
2020-09-22 15:07:15,12509,12509,12509,6,6
2020-09-22 15:07:17,12509,12509,12509,14,14
2020-09-22 15:07:17,12510,12510,12510,44,44
2020-09-22 15:07:17,12510,12510,12510,2,2
2020-09-22 15:07:17,12510,12510,12510,2,2
2020-09-22 15:07:17,12510,12510,12510,2,2
2020-09-22 15:07:19,12511,12511,12511,22,22
2020-09-22 15:07:19,12512,12512,12512,8,8
2020-09-22 15:07:20,12511,12511,12511,6,-6
2020-09-22 15:07:27,12511,12511,12511,2,2
2020-09-22 15:07:29,12511,12511,12511,2,2
2020-09-22 15:07:29,12511,12511,12511,2,2
2020-09-22 15:07:31,12511,12511,12511,2,2
2020-09-22 15:07:32,12511,12511,12511,2,2
2020-09-22 15:07:33,12511,12511,12511,2,2
2020-09-22 15:07:39,12512,12512,12512,2,2
2020-09-22 15:07:40,12512,12512,12512,4,4
2020-09-22 15:07:46,12512,12512,12512,4,4
2020-09-22 15:07:47,12512,12512,12512,2,2
2020-09-22 15:07:48,12511,12511,12511,2,-2
2020-09-22 15:07:52,12511,12511,12511,2,2
2020-09-22 15:07:55,12510,12510,12510,2,-2
2020-09-22 15:07:55,12510,12510,12510,4,4
2020-09-22 15:07:55,12510,12510,12510,2,2
2020-09-22 15:07:55,12510,12510,12510,4,4
2020-09-22 15:07:55,12510,12510,12510,48,48
2020-09-22 15:07:55,12510,12510,12510,2,2
2020-09-22 15:07:55,12510,12510,12510,2,2
2020-09-22 15:07:58,12510,12510,12510,6,6
2020-09-22 15:08:04,12510,12510,12510,4,4
2020-09-22 15:08:09,12510,12510,12510,2,2
2020-09-22 15:08:11,12511,12511,12511,4,4
2020-09-22 15:08:14,12512,12512,12512,2,2
2020-09-22 15:08:16,12511,12511,12511,2,-2
2020-09-22 15:08:19,12511,12511,12511,2,2
2020-09-22 15:08:20,12512,12512,12512,2,2
2020-09-22 15:08:21,12512,12512,12512,24,24
2020-09-22 15:08:21,12512,12512,12512,2,2
2020-09-22 15:08:21,12513,12513,12513,40,40
2020-09-22 15:08:21,12512,12512,12512,2,-2
2020-09-22 15:08:22,12514,12514,12514,2,2
2020-09-22 15:08:22,12514,12514,12514,2,2
2020-09-22 15:08:23,12512,12512,12512,4,-4
2020-09-22 15:08:23,12513,12513,12513,2,2
2020-09-22 15:08:24,12512,12512,12512,2,-2
2020-09-22 15:08:24,12513,12513,12513,2,2
2020-09-22 15:08:25,12512,12512,12512,2,-2
2020-09-22 15:08:30,12512,12512,12512,2,2
2020-09-22 15:08:33,12512,12512,12512,2,2
2020-09-22 15:08:34,12512,12512,12512,4,4
2020-09-22 15:08:35,12511,12511,12511,2,-2
2020-09-22 15:08:35,12511,12511,12511,2,2
2020-09-22 15:08:35,12511,12511,12511,2,2
2020-09-22 15:08:35,12511,12511,12511,2,2
2020-09-22 15:08:36,12511,12511,12511,2,2
2020-09-22 15:08:48,12511,12511,12511,6,6
2020-09-22 15:08:55,12511,12511,12511,2,2
2020-09-22 15:08:55,12511,12511,12511,2,2
2020-09-22 15:08:55,12511,12511,12511,2,2
2020-09-22 15:08:55,12510,12510,12510,2,-2
2020-09-22 15:08:55,12510,12510,12510,2,2
2020-09-22 15:08:57,12511,12511,12511,2,2
2020-09-22 15:08:59,12510,12510,12510,2,-2
2020-09-22 15:08:59,12510,12510,12510,20,20
2020-09-22 15:08:59,12509,12509,12509,2,-2
2020-09-22 15:08:59,12509,12509,12509,2,2
2020-09-22 15:08:59,12509,12509,12509,2,2
2020-09-22 15:08:59,12511,12511,12511,2,2
2020-09-22 15:09:01,12511,12511,12511,2,2
2020-09-22 15:09:05,12511,12511,12511,2,2
2020-09-22 15:09:10,12510,12510,12510,2,-2
2020-09-22 15:09:17,12508,12508,12508,2,-2
2020-09-22 15:09:17,12508,12508,12508,2,2
2020-09-22 15:09:17,12508,12508,12508,2,2
2020-09-22 15:09:17,12508,12508,12508,2,2
2020-09-22 15:09:17,12508,12508,12508,4,4
2020-09-22 15:09:18,12508,12508,12508,2,2
2020-09-22 15:09:18,12508,12508,12508,2,2
2020-09-22 15:09:18,12508,12508,12508,2,2
2020-09-22 15:09:19,12507,12507,12507,2,-2
2020-09-22 15:09:19,12507,12507,12507,2,2
2020-09-22 15:09:19,12507,12507,12507,2,2
2020-09-22 15:09:19,12507,12507,12507,2,2
2020-09-22 15:09:20,12506,12506,12506,2,-2
2020-09-22 15:09:20,12506,12506,12506,2,2
2020-09-22 15:09:20,12506,12506,12506,2,2
2020-09-22 15:09:20,12506,12506,12506,2,2
2020-09-22 15:09:20,12506,12506,12506,2,2
2020-09-22 15:09:20,12508,12508,12508,2,2
2020-09-22 15:09:23,12507,12507,12507,2,-2
2020-09-22 15:09:26,12508,12508,12508,2,2
2020-09-22 15:09:26,12507,12507,12507,8,-8
2020-09-22 15:09:29,12506,12506,12506,2,-2
2020-09-22 15:09:30,12507,12507,12507,2,2
2020-09-22 15:09:30,12506,12506,12506,2,-2
2020-09-22 15:09:30,12506,12506,12506,2,2
2020-09-22 15:09:30,12506,12506,12506,2,2
2020-09-22 15:09:30,12506,12506,12506,2,2
2020-09-22 15:09:30,12506,12506,12506,2,2
2020-09-22 15:09:30,12506,12506,12506,2,2
2020-09-22 15:09:30,12506,12506,12506,2,2
2020-09-22 15:09:31,12506,12506,12506,8,8
2020-09-22 15:09:32,12506,12506,12506,2,2
2020-09-22 15:09:33,12505,12505,12505,2,-2
2020-09-22 15:09:33,12505,12505,12505,2,2
2020-09-22 15:09:37,12505,12505,12505,2,2
2020-09-22 15:09:37,12505,12505,12505,4,4
2020-09-22 15:09:37,12505,12505,12505,2,2
2020-09-22 15:09:37,12505,12505,12505,2,2
2020-09-22 15:09:37,12505,12505,12505,2,2
2020-09-22 15:09:37,12505,12505,12505,2,2
2020-09-22 15:09:37,12505,12505,12505,2,2
2020-09-22 15:09:37,12505,12505,12505,2,2
2020-09-22 15:09:37,12505,12505,12505,2,2
2020-09-22 15:09:37,12505,12505,12505,2,2
2020-09-22 15:09:37,12505,12505,12505,2,2
2020-09-22 15:09:37,12505,12505,12505,2,2
2020-09-22 15:09:38,12506,12506,12506,2,2
2020-09-22 15:09:39,12505,12505,12505,2,-2
2020-09-22 15:09:41,12505,12505,12505,2,2
2020-09-22 15:09:42,12505,12505,12505,2,2
2020-09-22 15:09:43,12505,12505,12505,2,2
2020-09-22 15:09:43,12505,12505,12505,2,2
2020-09-22 15:09:48,12505,12505,12505,2,2
2020-09-22 15:09:48,12505,12505,12505,2,2
2020-09-22 15:09:49,12506,12506,12506,2,2
2020-09-22 15:09:49,12506,12506,12506,10,10
2020-09-22 15:09:49,12506,12506,12506,2,2
2020-09-22 15:09:51,12507,12507,12507,4,4
2020-09-22 15:09:55,12507,12507,12507,2,2
2020-09-22 15:10:00,12507,12507,12507,2,2
2020-09-22 15:10:00,12507,12507,12507,24,24
2020-09-22 15:10:00,12507,12507,12507,8,8
2020-09-22 15:10:00,12507,12507,12507,4,4
2020-09-22 15:10:00,12507,12507,12507,4,4
2020-09-22 15:10:07,12507,12507,12507,2,2
2020-09-22 15:10:08,12507,12507,12507,2,2
2020-09-22 15:10:08,12507,12507,12507,2,2
2020-09-22 15:10:10,12507,12507,12507,6,6
2020-09-22 15:10:16,12506,12506,12506,2,-2
2020-09-22 15:10:16,12506,12506,12506,2,2
2020-09-22 15:10:16,12506,12506,12506,2,2
2020-09-22 15:10:16,12506,12506,12506,2,2
2020-09-22 15:10:16,12505,12505,12505,2,-2
2020-09-22 15:10:16,12505,12505,12505,2,2
2020-09-22 15:10:16,12505,12505,12505,2,2
2020-09-22 15:10:17,12506,12506,12506,8,8
2020-09-22 15:10:18,12505,12505,12505,2,-2
2020-09-22 15:10:18,12505,12505,12505,2,2
2020-09-22 15:10:18,12505,12505,12505,2,2
2020-09-22 15:10:18,12505,12505,12505,2,2
2020-09-22 15:10:18,12505,12505,12505,2,2
2020-09-22 15:10:18,12505,12505,12505,2,2
2020-09-22 15:10:18,12505,12505,12505,10,10
2020-09-22 15:10:18,12505,12505,12505,2,2
2020-09-22 15:10:18,12505,12505,12505,2,2
2020-09-22 15:10:19,12504,12504,12504,2,-2
2020-09-22 15:10:19,12504,12504,12504,2,2
2020-09-22 15:10:19,12504,12504,12504,2,2
2020-09-22 15:10:19,12504,12504,12504,2,2
2020-09-22 15:10:19,12504,12504,12504,2,2
2020-09-22 15:10:19,12504,12504,12504,2,2
2020-09-22 15:10:19,12504,12504,12504,2,2
2020-09-22 15:10:19,12504,12504,12504,2,2
2020-09-22 15:10:20,12503,12503,12503,2,-2
2020-09-22 15:10:20,12503,12503,12503,2,2
2020-09-22 15:10:20,12503,12503,12503,2,2
2020-09-22 15:10:20,12503,12503,12503,2,2
2020-09-22 15:10:20,12503,12503,12503,2,2
2020-09-22 15:10:20,12503,12503,12503,2,2
2020-09-22 15:10:20,12503,12503,12503,2,2
2020-09-22 15:10:20,12503,12503,12503,2,2
2020-09-22 15:10:20,12503,12503,12503,2,2
2020-09-22 15:10:29,12503,12503,12503,4,4
2020-09-22 15:10:29,12503,12503,12503,4,4
2020-09-22 15:10:29,12503,12503,12503,2,2
2020-09-22 15:10:29,12503,12503,12503,2,2
2020-09-22 15:10:31,12502,12502,12502,2,-2
2020-09-22 15:10:31,12502,12502,12502,2,2
2020-09-22 15:10:31,12502,12502,12502,2,2
2020-09-22 15:10:31,12502,12502,12502,2,2
2020-09-22 15:10:31,12502,12502,12502,2,2
2020-09-22 15:10:31,12502,12502,12502,4,4
2020-09-22 15:10:31,12502,12502,12502,20,20
2020-09-22 15:10:31,12502,12502,12502,2,2
2020-09-22 15:10:31,12502,12502,12502,2,2
2020-09-22 15:10:31,12502,12502,12502,2,2
2020-09-22 15:10:31,12501,12501,12501,6,-6
2020-09-22 15:10:32,12501,12501,12501,2,2
2020-09-22 15:10:32,12501,12501,12501,2,2
2020-09-22 15:10:32,12501,12501,12501,2,2
2020-09-22 15:10:32,12501,12501,12501,2,2
2020-09-22 15:10:32,12501,12501,12501,2,2
2020-09-22 15:10:32,12501,12501,12501,2,2
2020-09-22 15:10:35,12502,12502,12502,2,2
2020-09-22 15:10:36,12502,12502,12502,2,2
2020-09-22 15:10:36,12502,12502,12502,2,2
2020-09-22 15:10:39,12502,12502,12502,2,2
2020-09-22 15:10:39,12501,12501,12501,2,-2
2020-09-22 15:10:39,12502,12502,12502,2,2
2020-09-22 15:10:40,12502,12502,12502,2,2
2020-09-22 15:10:40,12501,12501,12501,8,-8
2020-09-22 15:10:41,12501,12501,12501,2,2
2020-09-22 15:10:41,12501,12501,12501,2,2
2020-09-22 15:10:41,12501,12501,12501,2,2
2020-09-22 15:10:41,12501,12501,12501,2,2
2020-09-22 15:10:42,12501,12501,12501,2,2
2020-09-22 15:10:43,12501,12501,12501,8,8
2020-09-22 15:10:45,12500,12500,12500,2,-2
2020-09-22 15:10:45,12500,12500,12500,4,4
2020-09-22 15:10:45,12500,12500,12500,2,2
2020-09-22 15:10:45,12500,12500,12500,2,2
2020-09-22 15:10:45,12500,12500,12500,2,2
2020-09-22 15:10:45,12500,12500,12500,2,2
2020-09-22 15:10:45,12500,12500,12500,2,2
2020-09-22 15:10:45,12500,12500,12500,2,2
2020-09-22 15:10:45,12500,12500,12500,2,2
2020-09-22 15:10:45,12500,12500,12500,2,2
2020-09-22 15:10:45,12500,12500,12500,2,2
2020-09-22 15:10:45,12500,12500,12500,2,2
2020-09-22 15:10:45,12500,12500,12500,20,20
2020-09-22 15:10:45,12500,12500,12500,2,2
2020-09-22 15:10:45,12500,12500,12500,2,2
2020-09-22 15:10:45,12500,12500,12500,2,2
2020-09-22 15:10:45,12500,12500,12500,2,2
2020-09-22 15:10:45,12500,12500,12500,2,2
2020-09-22 15:10:45,12499,12499,12499,2,-2
2020-09-22 15:10:45,12499,12499,12499,2,2
2020-09-22 15:10:45,12499,12499,12499,2,2
2020-09-22 15:10:45,12498,12498,12498,2,-2
2020-09-22 15:10:45,12498,12498,12498,2,2
2020-09-22 15:10:45,12498,12498,12498,2,2
2020-09-22 15:10:46,12499,12499,12499,4,4
2020-09-22 15:10:48,12500,12500,12500,2,2
2020-09-22 15:10:48,12499,12499,12499,6,-6
2020-09-22 15:10:48,12499,12499,12499,2,2
2020-09-22 15:10:48,12499,12499,12499,2,2
2020-09-22 15:10:49,12500,12500,12500,2,2
2020-09-22 15:10:50,12499,12499,12499,2,-2
2020-09-22 15:10:51,12499,12499,12499,8,8
2020-09-22 15:10:51,12499,12499,12499,2,2
2020-09-22 15:10:51,12499,12499,12499,2,2
2020-09-22 15:10:51,12499,12499,12499,2,2
2020-09-22 15:10:52,12498,12498,12498,2,-2
2020-09-22 15:10:52,12498,12498,12498,2,2
2020-09-22 15:10:54,12499,12499,12499,2,2
2020-09-22 15:10:54,12499,12499,12499,2,2
2020-09-22 15:10:55,12499,12499,12499,2,2
2020-09-22 15:10:55,12498,12498,12498,2,-2
2020-09-22 15:10:56,12498,12498,12498,2,2
2020-09-22 15:10:57,12498,12498,12498,2,2
2020-09-22 15:10:57,12498,12498,12498,2,2
2020-09-22 15:10:57,12498,12498,12498,2,2
2020-09-22 15:10:57,12498,12498,12498,2,2
2020-09-22 15:10:57,12498,12498,12498,2,2
2020-09-22 15:10:57,12498,12498,12498,20,20
2020-09-22 15:10:57,12498,12498,12498,2,2
2020-09-22 15:10:57,12498,12498,12498,2,2
2020-09-22 15:10:57,12498,12498,12498,2,2
2020-09-22 15:10:57,12497,12497,12497,2,-2
2020-09-22 15:10:58,12497,12497,12497,2,2
2020-09-22 15:10:58,12497,12497,12497,6,6
2020-09-22 15:10:58,12497,12497,12497,2,2
2020-09-22 15:10:58,12497,12497,12497,4,4
2020-09-22 15:10:58,12497,12497,12497,2,2
2020-09-22 15:10:58,12496,12496,12496,6,-6
2020-09-22 15:10:58,12496,12496,12496,2,2
2020-09-22 15:10:58,12496,12496,12496,2,2
2020-09-22 15:10:58,12496,12496,12496,2,2
2020-09-22 15:10:58,12497,12497,12497,2,2
2020-09-22 15:11:00,12495,12495,12495,2,-2
2020-09-22 15:11:00,12495,12495,12495,2,2
2020-09-22 15:11:00,12495,12495,12495,2,2
2020-09-22 15:11:00,12495,12495,12495,4,4
2020-09-22 15:11:00,12495,12495,12495,4,4
2020-09-22 15:11:00,12495,12495,12495,10,10
2020-09-22 15:11:00,12495,12495,12495,10,10
2020-09-22 15:11:00,12495,12495,12495,10,10
2020-09-22 15:11:00,12495,12495,12495,2,2
2020-09-22 15:11:00,12495,12495,12495,2,2
2020-09-22 15:11:00,12495,12495,12495,2,2
2020-09-22 15:11:00,12495,12495,12495,2,2
2020-09-22 15:11:00,12495,12495,12495,2,2
2020-09-22 15:11:00,12495,12495,12495,2,2
2020-09-22 15:11:00,12495,12495,12495,2,2
2020-09-22 15:11:00,12495,12495,12495,4,4
2020-09-22 15:11:00,12495,12495,12495,2,2
2020-09-22 15:11:00,12494,12494,12494,2,-2
2020-09-22 15:11:00,12494,12494,12494,2,2
2020-09-22 15:11:00,12493,12493,12493,2,-2
2020-09-22 15:11:00,12493,12493,12493,2,2
2020-09-22 15:11:01,12492,12492,12492,2,-2
2020-09-22 15:11:01,12492,12492,12492,2,2
2020-09-22 15:11:01,12492,12492,12492,2,2
2020-09-22 15:11:01,12492,12492,12492,10,10
2020-09-22 15:11:01,12492,12492,12492,2,2
2020-09-22 15:11:01,12491,12491,12491,2,-2
2020-09-22 15:11:01,12491,12491,12491,10,10
2020-09-22 15:11:01,12491,12491,12491,2,2
2020-09-22 15:11:01,12491,12491,12491,2,2
2020-09-22 15:11:01,12491,12491,12491,2,2
2020-09-22 15:11:01,12491,12491,12491,2,2
2020-09-22 15:11:01,12491,12491,12491,2,2
2020-09-22 15:11:01,12490,12490,12490,2,-2
2020-09-22 15:11:01,12490,12490,12490,4,4
2020-09-22 15:11:01,12490,12490,12490,2,2
2020-09-22 15:11:01,12490,12490,12490,2,2
2020-09-22 15:11:01,12490,12490,12490,2,2
2020-09-22 15:11:01,12490,12490,12490,2,2
2020-09-22 15:11:01,12490,12490,12490,2,2
2020-09-22 15:11:01,12490,12490,12490,2,2
2020-09-22 15:11:01,12489,12489,12489,2,-2
2020-09-22 15:11:01,12489,12489,12489,2,2
2020-09-22 15:11:01,12489,12489,12489,2,2
2020-09-22 15:11:01,12489,12489,12489,2,2
2020-09-22 15:11:01,12489,12489,12489,2,2
2020-09-22 15:11:02,12489,12489,12489,4,4
2020-09-22 15:11:02,12490,12490,12490,2,2
2020-09-22 15:11:02,12490,12490,12490,2,2
2020-09-22 15:11:02,12490,12490,12490,2,2
2020-09-22 15:11:02,12490,12490,12490,2,2
2020-09-22 15:11:03,12491,12491,12491,10,10
2020-09-22 15:11:04,12491,12491,12491,4,4
2020-09-22 15:11:04,12491,12491,12491,2,2
2020-09-22 15:11:04,12491,12491,12491,2,2
2020-09-22 15:11:04,12491,12491,12491,4,4
2020-09-22 15:11:04,12491,12491,12491,2,2
2020-09-22 15:11:04,12491,12491,12491,2,2
2020-09-22 15:11:05,12489,12489,12489,2,-2
2020-09-22 15:11:05,12490,12490,12490,2,2
2020-09-22 15:11:05,12490,12490,12490,2,2
2020-09-22 15:11:06,12490,12490,12490,6,6
2020-09-22 15:11:06,12490,12490,12490,2,2
2020-09-22 15:11:07,12490,12490,12490,2,2
2020-09-22 15:11:07,12491,12491,12491,2,2
2020-09-22 15:11:07,12491,12491,12491,2,2
2020-09-22 15:11:07,12492,12492,12492,2,2
2020-09-22 15:11:07,12491,12491,12491,8,-8
2020-09-22 15:11:07,12492,12492,12492,2,2
2020-09-22 15:11:07,12491,12491,12491,2,-2
2020-09-22 15:11:08,12491,12491,12491,2,2
2020-09-22 15:11:08,12491,12491,12491,2,2
2020-09-22 15:11:08,12491,12491,12491,2,2
2020-09-22 15:11:08,12491,12491,12491,2,2
2020-09-22 15:11:08,12490,12490,12490,2,-2
2020-09-22 15:11:08,12490,12490,12490,2,2
2020-09-22 15:11:08,12490,12490,12490,2,2
2020-09-22 15:11:08,12490,12490,12490,2,2
2020-09-22 15:11:08,12490,12490,12490,2,2
2020-09-22 15:11:08,12490,12490,12490,2,2
2020-09-22 15:11:09,12491,12491,12491,4,4
2020-09-22 15:11:09,12490,12490,12490,4,-4
2020-09-22 15:11:10,12491,12491,12491,2,2
2020-09-22 15:11:10,12491,12491,12491,2,2
2020-09-22 15:11:10,12491,12491,12491,4,4
2020-09-22 15:11:10,12491,12491,12491,2,2
2020-09-22 15:11:11,12492,12492,12492,2,2
2020-09-22 15:11:11,12489,12489,12489,2,-2
2020-09-22 15:11:11,12489,12489,12489,2,2
2020-09-22 15:11:11,12490,12490,12490,8,8
2020-09-22 15:11:11,12489,12489,12489,4,-4
2020-09-22 15:11:12,12490,12490,12490,2,2
2020-09-22 15:11:12,12489,12489,12489,2,-2
2020-09-22 15:11:12,12489,12489,12489,2,2
2020-09-22 15:11:12,12489,12489,12489,2,2
2020-09-22 15:11:12,12489,12489,12489,2,2
2020-09-22 15:11:12,12489,12489,12489,2,2
2020-09-22 15:11:12,12489,12489,12489,2,2
2020-09-22 15:11:13,12490,12490,12490,12,12
2020-09-22 15:11:15,12489,12489,12489,2,-2
2020-09-22 15:11:16,12488,12488,12488,2,-2
2020-09-22 15:11:16,12488,12488,12488,2,2
2020-09-22 15:11:16,12488,12488,12488,2,2
2020-09-22 15:11:16,12488,12488,12488,2,2
2020-09-22 15:11:16,12488,12488,12488,2,2
2020-09-22 15:11:16,12488,12488,12488,4,4
2020-09-22 15:11:16,12488,12488,12488,2,2
2020-09-22 15:11:16,12488,12488,12488,2,2
2020-09-22 15:11:16,12488,12488,12488,8,8
2020-09-22 15:11:16,12488,12488,12488,2,2
2020-09-22 15:11:16,12488,12488,12488,4,4
2020-09-22 15:11:16,12488,12488,12488,2,2
2020-09-22 15:11:16,12488,12488,12488,2,2
2020-09-22 15:11:18,12487,12487,12487,2,-2
2020-09-22 15:11:18,12487,12487,12487,2,2
2020-09-22 15:11:18,12487,12487,12487,2,2
2020-09-22 15:11:18,12487,12487,12487,2,2
2020-09-22 15:11:18,12486,12486,12486,4,-4
2020-09-22 15:11:18,12486,12486,12486,2,2
2020-09-22 15:11:19,12486,12486,12486,2,2
2020-09-22 15:11:19,12486,12486,12486,2,2
2020-09-22 15:11:19,12486,12486,12486,2,2
2020-09-22 15:11:19,12486,12486,12486,2,2
2020-09-22 15:11:19,12486,12486,12486,2,2
2020-09-22 15:11:19,12486,12486,12486,2,2
2020-09-22 15:11:19,12486,12486,12486,2,2
2020-09-22 15:11:20,12486,12486,12486,2,2
2020-09-22 15:11:20,12485,12485,12485,2,-2
2020-09-22 15:11:20,12485,12485,12485,2,2
2020-09-22 15:11:20,12485,12485,12485,2,2
2020-09-22 15:11:20,12485,12485,12485,2,2
2020-09-22 15:11:21,12485,12485,12485,2,2
2020-09-22 15:11:21,12485,12485,12485,4,4
2020-09-22 15:11:21,12485,12485,12485,4,4
2020-09-22 15:11:21,12484,12484,12484,2,-2
2020-09-22 15:11:21,12484,12484,12484,2,2
2020-09-22 15:11:21,12485,12485,12485,2,2
2020-09-22 15:11:22,12484,12484,12484,2,-2
2020-09-22 15:11:22,12485,12485,12485,2,2
2020-09-22 15:11:22,12484,12484,12484,2,-2
2020-09-22 15:11:22,12486,12486,12486,2,2
2020-09-22 15:11:24,12485,12485,12485,4,-4
2020-09-22 15:11:24,12486,12486,12486,2,2
2020-09-22 15:11:24,12485,12485,12485,4,-4
2020-09-22 15:11:24,12484,12484,12484,2,-2
2020-09-22 15:11:24,12484,12484,12484,4,4
2020-09-22 15:11:24,12485,12485,12485,2,2
2020-09-22 15:11:24,12485,12485,12485,2,2
2020-09-22 15:11:24,12485,12485,12485,6,6
2020-09-22 15:11:25,12486,12486,12486,10,10
2020-09-22 15:11:25,12485,12485,12485,2,-2
2020-09-22 15:11:26,12485,12485,12485,4,4
2020-09-22 15:11:26,12485,12485,12485,2,2
2020-09-22 15:11:26,12485,12485,12485,2,2
2020-09-22 15:11:26,12486,12486,12486,2,2
2020-09-22 15:11:27,12486,12486,12486,2,2
2020-09-22 15:11:28,12486,12486,12486,2,2
2020-09-22 15:11:29,12486,12486,12486,2,2
2020-09-22 15:11:30,12485,12485,12485,2,-2
2020-09-22 15:11:30,12485,12485,12485,2,2
2020-09-22 15:11:30,12484,12484,12484,2,-2
2020-09-22 15:11:30,12485,12485,12485,4,4
2020-09-22 15:11:31,12484,12484,12484,2,-2
2020-09-22 15:11:31,12484,12484,12484,2,2
2020-09-22 15:11:31,12484,12484,12484,6,6
2020-09-22 15:11:31,12485,12485,12485,10,10
2020-09-22 15:11:31,12484,12484,12484,4,-4
2020-09-22 15:11:32,12484,12484,12484,2,2
2020-09-22 15:11:32,12483,12483,12483,2,-2
2020-09-22 15:11:32,12483,12483,12483,2,2
2020-09-22 15:11:32,12484,12484,12484,6,6
2020-09-22 15:11:32,12483,12483,12483,2,-2
2020-09-22 15:11:33,12484,12484,12484,2,2
2020-09-22 15:11:33,12484,12484,12484,4,4
2020-09-22 15:11:33,12484,12484,12484,2,2
2020-09-22 15:11:33,12485,12485,12485,2,2
2020-09-22 15:11:34,12483,12483,12483,2,-2
2020-09-22 15:11:36,12482,12482,12482,2,-2
2020-09-22 15:11:36,12482,12482,12482,2,2
2020-09-22 15:11:36,12482,12482,12482,2,2
2020-09-22 15:11:36,12482,12482,12482,2,2
2020-09-22 15:11:36,12482,12482,12482,4,4
2020-09-22 15:11:36,12482,12482,12482,2,2
2020-09-22 15:11:36,12482,12482,12482,2,2
2020-09-22 15:11:36,12482,12482,12482,2,2
2020-09-22 15:11:36,12481,12481,12481,2,-2
2020-09-22 15:11:36,12481,12481,12481,4,4
2020-09-22 15:11:36,12481,12481,12481,2,2
2020-09-22 15:11:36,12481,12481,12481,2,2
2020-09-22 15:11:36,12481,12481,12481,2,2
2020-09-22 15:11:36,12481,12481,12481,2,2
2020-09-22 15:11:36,12481,12481,12481,2,2
2020-09-22 15:11:36,12481,12481,12481,10,10
2020-09-22 15:11:36,12480,12480,12480,2,-2
2020-09-22 15:11:36,12480,12480,12480,2,2
2020-09-22 15:11:36,12480,12480,12480,10,10
2020-09-22 15:11:36,12480,12480,12480,10,10
2020-09-22 15:11:36,12480,12480,12480,20,20
2020-09-22 15:11:36,12480,12480,12480,2,2
2020-09-22 15:11:36,12480,12480,12480,4,4
2020-09-22 15:11:36,12480,12480,12480,8,8
2020-09-22 15:11:36,12480,12480,12480,2,2
2020-09-22 15:11:36,12480,12480,12480,2,2
2020-09-22 15:11:36,12480,12480,12480,2,2
2020-09-22 15:11:36,12480,12480,12480,2,2
2020-09-22 15:11:36,12480,12480,12480,2,2
2020-09-22 15:11:36,12480,12480,12480,6,6
2020-09-22 15:11:36,12479,12479,12479,2,-2
2020-09-22 15:11:36,12479,12479,12479,4,4
2020-09-22 15:11:36,12478,12478,12478,2,-2
2020-09-22 15:11:36,12478,12478,12478,2,2
2020-09-22 15:11:36,12478,12478,12478,2,2
2020-09-22 15:11:36,12478,12478,12478,2,2
2020-09-22 15:11:36,12478,12478,12478,2,2
2020-09-22 15:11:36,12478,12478,12478,2,2
2020-09-22 15:11:36,12478,12478,12478,2,2
2020-09-22 15:11:36,12478,12478,12478,8,8
2020-09-22 15:11:36,12478,12478,12478,2,2
2020-09-22 15:11:36,12478,12478,12478,2,2
2020-09-22 15:11:36,12478,12478,12478,4,4
2020-09-22 15:11:36,12477,12477,12477,2,-2
2020-09-22 15:11:36,12477,12477,12477,2,2
2020-09-22 15:11:36,12477,12477,12477,4,4
2020-09-22 15:11:36,12477,12477,12477,2,2
2020-09-22 15:11:36,12477,12477,12477,2,2
2020-09-22 15:11:36,12478,12478,12478,4,4
2020-09-22 15:11:36,12477,12477,12477,2,-2
2020-09-22 15:11:36,12477,12477,12477,2,2
2020-09-22 15:11:36,12477,12477,12477,2,2
2020-09-22 15:11:36,12477,12477,12477,4,4
2020-09-22 15:11:36,12477,12477,12477,2,2
2020-09-22 15:11:36,12477,12477,12477,2,2
2020-09-22 15:11:36,12477,12477,12477,2,2
2020-09-22 15:11:36,12477,12477,12477,2,2
2020-09-22 15:11:36,12476,12476,12476,2,-2
2020-09-22 15:11:36,12476,12476,12476,2,2
2020-09-22 15:11:36,12476,12476,12476,2,2
2020-09-22 15:11:36,12476,12476,12476,2,2
2020-09-22 15:11:36,12476,12476,12476,2,2
2020-09-22 15:11:36,12476,12476,12476,2,2
2020-09-22 15:11:36,12477,12477,12477,2,2
2020-09-22 15:11:36,12477,12477,12477,2,2
2020-09-22 15:11:36,12477,12477,12477,2,2
2020-09-22 15:11:36,12477,12477,12477,2,2
2020-09-22 15:11:36,12477,12477,12477,2,2
2020-09-22 15:11:36,12476,12476,12476,4,-4
2020-09-22 15:11:36,12476,12476,12476,4,4
2020-09-22 15:11:36,12478,12478,12478,2,2
2020-09-22 15:11:36,12476,12476,12476,2,-2
2020-09-22 15:11:36,12476,12476,12476,2,2
2020-09-22 15:11:36,12476,12476,12476,2,2
2020-09-22 15:11:36,12476,12476,12476,2,2
2020-09-22 15:11:36,12476,12476,12476,2,2
2020-09-22 15:11:36,12476,12476,12476,2,2
2020-09-22 15:11:36,12476,12476,12476,4,4
2020-09-22 15:11:36,12477,12477,12477,2,2
2020-09-22 15:11:36,12475,12475,12475,2,-2
2020-09-22 15:11:36,12475,12475,12475,2,2
2020-09-22 15:11:36,12475,12475,12475,4,4
2020-09-22 15:11:36,12475,12475,12475,2,2
2020-09-22 15:11:36,12475,12475,12475,4,4
2020-09-22 15:11:36,12475,12475,12475,2,2
2020-09-22 15:11:36,12475,12475,12475,8,8
2020-09-22 15:11:36,12475,12475,12475,2,2
2020-09-22 15:11:36,12475,12475,12475,2,2
2020-09-22 15:11:36,12475,12475,12475,4,4
2020-09-22 15:11:36,12475,12475,12475,12,12
2020-09-22 15:11:36,12475,12475,12475,2,2
2020-09-22 15:11:36,12475,12475,12475,2,2
2020-09-22 15:11:36,12475,12475,12475,2,2
2020-09-22 15:11:36,12475,12475,12475,4,4
2020-09-22 15:11:36,12475,12475,12475,4,4
2020-09-22 15:11:36,12475,12475,12475,2,2
2020-09-22 15:11:37,12474,12474,12474,2,-2
2020-09-22 15:11:37,12474,12474,12474,2,2
2020-09-22 15:11:37,12474,12474,12474,2,2
2020-09-22 15:11:37,12477,12477,12477,4,4
2020-09-22 15:11:37,12477,12477,12477,4,4
2020-09-22 15:11:37,12474,12474,12474,2,-2
2020-09-22 15:11:37,12474,12474,12474,2,2
2020-09-22 15:11:37,12476,12476,12476,2,2
2020-09-22 15:11:37,12474,12474,12474,2,-2
2020-09-22 15:11:37,12474,12474,12474,8,8
2020-09-22 15:11:37,12474,12474,12474,6,6
2020-09-22 15:11:37,12474,12474,12474,2,2
2020-09-22 15:11:37,12476,12476,12476,2,2
2020-09-22 15:11:37,12474,12474,12474,4,-4
2020-09-22 15:11:37,12474,12474,12474,2,2
2020-09-22 15:11:37,12476,12476,12476,2,2
2020-09-22 15:11:37,12474,12474,12474,2,-2
2020-09-22 15:11:37,12476,12476,12476,6,6
2020-09-22 15:11:37,12475,12475,12475,2,-2
2020-09-22 15:11:37,12475,12475,12475,2,2
2020-09-22 15:11:37,12474,12474,12474,2,-2
2020-09-22 15:11:37,12474,12474,12474,2,2
2020-09-22 15:11:37,12476,12476,12476,2,2
2020-09-22 15:11:37,12474,12474,12474,2,-2
2020-09-22 15:11:37,12474,12474,12474,8,8
2020-09-22 15:11:37,12473,12473,12473,6,-6
2020-09-22 15:11:37,12473,12473,12473,2,2
2020-09-22 15:11:37,12473,12473,12473,2,2
2020-09-22 15:11:37,12473,12473,12473,2,2
2020-09-22 15:11:37,12473,12473,12473,2,2
2020-09-22 15:11:37,12475,12475,12475,2,2
2020-09-22 15:11:37,12475,12475,12475,2,2
2020-09-22 15:11:37,12475,12475,12475,6,6
2020-09-22 15:11:37,12475,12475,12475,2,2
2020-09-22 15:11:37,12474,12474,12474,2,-2
2020-09-22 15:11:37,12474,12474,12474,2,2
2020-09-22 15:11:37,12473,12473,12473,2,-2
2020-09-22 15:11:37,12474,12474,12474,6,6
2020-09-22 15:11:37,12474,12474,12474,2,2
2020-09-22 15:11:37,12473,12473,12473,2,-2
2020-09-22 15:11:37,12473,12473,12473,2,2
2020-09-22 15:11:37,12473,12473,12473,6,6
2020-09-22 15:11:37,12473,12473,12473,2,2
2020-09-22 15:11:37,12473,12473,12473,2,2
2020-09-22 15:11:37,12473,12473,12473,2,2
2020-09-22 15:11:37,12473,12473,12473,2,2
2020-09-22 15:11:37,12473,12473,12473,2,2
2020-09-22 15:11:37,12474,12474,12474,2,2
2020-09-22 15:11:37,12474,12474,12474,2,2
2020-09-22 15:11:37,12476,12476,12476,4,4
2020-09-22 15:11:38,12474,12474,12474,4,-4
2020-09-22 15:11:38,12476,12476,12476,2,2
2020-09-22 15:11:38,12475,12475,12475,2,-2
2020-09-22 15:11:38,12475,12475,12475,2,2
2020-09-22 15:11:38,12474,12474,12474,2,-2
2020-09-22 15:11:38,12474,12474,12474,2,2
2020-09-22 15:11:38,12474,12474,12474,2,2
2020-09-22 15:11:38,12476,12476,12476,2,2
2020-09-22 15:11:38,12475,12475,12475,4,-4
2020-09-22 15:11:38,12476,12476,12476,2,2
2020-09-22 15:11:39,12477,12477,12477,2,2
2020-09-22 15:11:39,12478,12478,12478,4,4
2020-09-22 15:11:39,12479,12479,12479,2,2
2020-09-22 15:11:39,12477,12477,12477,2,-2
2020-09-22 15:11:39,12477,12477,12477,2,2
2020-09-22 15:11:40,12477,12477,12477,4,4
2020-09-22 15:11:40,12477,12477,12477,2,2
2020-09-22 15:11:41,12477,12477,12477,2,2
2020-09-22 15:11:41,12477,12477,12477,2,2
2020-09-22 15:11:41,12477,12477,12477,2,2
2020-09-22 15:11:42,12476,12476,12476,2,-2
2020-09-22 15:11:42,12476,12476,12476,8,8
2020-09-22 15:11:42,12474,12474,12474,10,-10
2020-09-22 15:11:42,12475,12475,12475,2,2
2020-09-22 15:11:42,12476,12476,12476,2,2
2020-09-22 15:11:43,12477,12477,12477,6,6
2020-09-22 15:11:43,12475,12475,12475,8,-8
2020-09-22 15:11:43,12475,12475,12475,2,2
2020-09-22 15:11:43,12475,12475,12475,4,4
2020-09-22 15:11:43,12474,12474,12474,2,-2
2020-09-22 15:11:43,12474,12474,12474,2,2
2020-09-22 15:11:43,12474,12474,12474,4,4
2020-09-22 15:11:43,12474,12474,12474,2,2
2020-09-22 15:11:43,12474,12474,12474,2,2
2020-09-22 15:11:43,12474,12474,12474,2,2
2020-09-22 15:11:43,12474,12474,12474,2,2
2020-09-22 15:11:43,12474,12474,12474,2,2
2020-09-22 15:11:43,12473,12473,12473,8,-8
2020-09-22 15:11:43,12475,12475,12475,2,2
2020-09-22 15:11:44,12473,12473,12473,4,-4
2020-09-22 15:11:44,12473,12473,12473,4,4
2020-09-22 15:11:44,12472,12472,12472,2,-2
2020-09-22 15:11:44,12475,12475,12475,4,4
2020-09-22 15:11:44,12472,12472,12472,8,-8
2020-09-22 15:11:44,12472,12472,12472,6,6
2020-09-22 15:11:44,12472,12472,12472,2,2
2020-09-22 15:11:44,12472,12472,12472,2,2
2020-09-22 15:11:44,12472,12472,12472,2,2
2020-09-22 15:11:44,12472,12472,12472,2,2
2020-09-22 15:11:44,12471,12471,12471,4,-4
2020-09-22 15:11:44,12471,12471,12471,4,4
2020-09-22 15:11:44,12471,12471,12471,2,2
2020-09-22 15:11:44,12471,12471,12471,2,2
2020-09-22 15:11:44,12471,12471,12471,2,2
2020-09-22 15:11:44,12471,12471,12471,2,2
2020-09-22 15:11:44,12471,12471,12471,2,2
2020-09-22 15:11:44,12471,12471,12471,4,4
2020-09-22 15:11:44,12470,12470,12470,2,-2
2020-09-22 15:11:44,12470,12470,12470,2,2
2020-09-22 15:11:44,12471,12471,12471,2,2
2020-09-22 15:11:44,12470,12470,12470,8,-8
2020-09-22 15:11:44,12470,12470,12470,2,2
2020-09-22 15:11:44,12470,12470,12470,2,2
2020-09-22 15:11:44,12470,12470,12470,2,2
2020-09-22 15:11:44,12469,12469,12469,6,-6
2020-09-22 15:11:44,12469,12469,12469,2,2
2020-09-22 15:11:44,12469,12469,12469,4,4
2020-09-22 15:11:44,12469,12469,12469,8,8
2020-09-22 15:11:44,12469,12469,12469,2,2
2020-09-22 15:11:44,12469,12469,12469,4,4
2020-09-22 15:11:44,12469,12469,12469,8,8
2020-09-22 15:11:44,12469,12469,12469,8,8
2020-09-22 15:11:44,12469,12469,12469,4,4
2020-09-22 15:11:44,12468,12468,12468,8,-8
2020-09-22 15:11:44,12468,12468,12468,2,2
2020-09-22 15:11:44,12468,12468,12468,2,2
2020-09-22 15:11:44,12468,12468,12468,2,2
2020-09-22 15:11:44,12468,12468,12468,2,2
2020-09-22 15:11:44,12468,12468,12468,2,2
2020-09-22 15:11:44,12468,12468,12468,2,2
2020-09-22 15:11:44,12467,12467,12467,2,-2
2020-09-22 15:11:44,12469,12469,12469,22,22
2020-09-22 15:11:44,12470,12470,12470,34,34
2020-09-22 15:11:44,12471,12471,12471,24,24
2020-09-22 15:11:44,12469,12469,12469,2,-2
2020-09-22 15:11:44,12469,12469,12469,2,2
2020-09-22 15:11:44,12469,12469,12469,2,2
2020-09-22 15:11:44,12468,12468,12468,2,-2
2020-09-22 15:11:44,12468,12468,12468,4,4
2020-09-22 15:11:44,12468,12468,12468,2,2
2020-09-22 15:11:44,12468,12468,12468,2,2
2020-09-22 15:11:44,12468,12468,12468,2,2
2020-09-22 15:11:44,12468,12468,12468,2,2
2020-09-22 15:11:44,12467,12467,12467,4,-4
2020-09-22 15:11:44,12467,12467,12467,2,2
2020-09-22 15:11:44,12467,12467,12467,6,6
2020-09-22 15:11:44,12468,12468,12468,4,4
2020-09-22 15:11:44,12470,12470,12470,4,4
2020-09-22 15:11:44,12469,12469,12469,2,-2
2020-09-22 15:11:44,12470,12470,12470,4,4
2020-09-22 15:11:44,12469,12469,12469,4,-4
2020-09-22 15:11:44,12469,12469,12469,2,2
2020-09-22 15:11:44,12468,12468,12468,6,-6
2020-09-22 15:11:44,12468,12468,12468,2,2
2020-09-22 15:11:45,12470,12470,12470,4,4
2020-09-22 15:11:45,12471,12471,12471,2,2
2020-09-22 15:11:45,12470,12470,12470,2,-2
2020-09-22 15:11:45,12470,12470,12470,4,4
2020-09-22 15:11:45,12471,12471,12471,2,2
2020-09-22 15:11:45,12472,12472,12472,2,2
2020-09-22 15:11:45,12471,12471,12471,2,-2
2020-09-22 15:11:45,12472,12472,12472,4,4
2020-09-22 15:11:45,12472,12472,12472,2,2
2020-09-22 15:11:46,12474,12474,12474,2,2
2020-09-22 15:11:46,12474,12474,12474,2,2
2020-09-22 15:11:46,12473,12473,12473,2,-2
2020-09-22 15:11:46,12472,12472,12472,2,-2
2020-09-22 15:11:47,12473,12473,12473,2,2
2020-09-22 15:11:47,12472,12472,12472,4,-4
2020-09-22 15:11:47,12474,12474,12474,2,2
2020-09-22 15:11:47,12472,12472,12472,8,-8
2020-09-22 15:11:47,12471,12471,12471,2,-2
2020-09-22 15:11:47,12474,12474,12474,2,2
2020-09-22 15:11:47,12472,12472,12472,2,-2
2020-09-22 15:11:48,12473,12473,12473,2,2
2020-09-22 15:11:48,12472,12472,12472,2,-2
2020-09-22 15:11:48,12472,12472,12472,4,4
2020-09-22 15:11:48,12472,12472,12472,2,2
2020-09-22 15:11:49,12473,12473,12473,2,2
2020-09-22 15:11:49,12472,12472,12472,2,-2
2020-09-22 15:11:49,12474,12474,12474,2,2
2020-09-22 15:11:49,12474,12474,12474,2,2
2020-09-22 15:11:49,12474,12474,12474,2,2
2020-09-22 15:11:49,12473,12473,12473,2,-2
2020-09-22 15:11:49,12473,12473,12473,2,2
2020-09-22 15:11:49,12473,12473,12473,2,2
2020-09-22 15:11:49,12472,12472,12472,4,-4
2020-09-22 15:11:50,12473,12473,12473,2,2
2020-09-22 15:11:50,12473,12473,12473,2,2
2020-09-22 15:11:50,12474,12474,12474,2,2
2020-09-22 15:11:51,12473,12473,12473,2,-2
2020-09-22 15:11:51,12473,12473,12473,2,2
2020-09-22 15:11:51,12473,12473,12473,2,2
2020-09-22 15:11:51,12474,12474,12474,2,2
2020-09-22 15:11:51,12474,12474,12474,2,2
2020-09-22 15:11:51,12474,12474,12474,2,2
2020-09-22 15:11:51,12472,12472,12472,4,-4
2020-09-22 15:11:52,12474,12474,12474,2,2
2020-09-22 15:11:52,12473,12473,12473,2,-2
2020-09-22 15:11:52,12472,12472,12472,2,-2
2020-09-22 15:11:53,12472,12472,12472,2,2
2020-09-22 15:11:53,12472,12472,12472,4,4
2020-09-22 15:11:53,12472,12472,12472,2,2
2020-09-22 15:11:53,12472,12472,12472,4,4
2020-09-22 15:11:53,12472,12472,12472,4,4
2020-09-22 15:11:54,12471,12471,12471,2,-2
2020-09-22 15:11:54,12471,12471,12471,2,2
2020-09-22 15:11:54,12471,12471,12471,6,6
2020-09-22 15:11:54,12470,12470,12470,2,-2
2020-09-22 15:11:54,12470,12470,12470,2,2
2020-09-22 15:11:54,12470,12470,12470,2,2
2020-09-22 15:11:55,12470,12470,12470,2,2
2020-09-22 15:11:55,12469,12469,12469,2,-2
2020-09-22 15:11:55,12469,12469,12469,2,2
2020-09-22 15:11:55,12469,12469,12469,2,2
2020-09-22 15:11:55,12469,12469,12469,2,2
2020-09-22 15:11:55,12470,12470,12470,2,2
2020-09-22 15:11:55,12471,12471,12471,2,2
2020-09-22 15:11:55,12472,12472,12472,8,8
2020-09-22 15:11:56,12472,12472,12472,2,2
2020-09-22 15:11:56,12471,12471,12471,2,-2
2020-09-22 15:11:56,12470,12470,12470,2,-2
2020-09-22 15:11:56,12471,12471,12471,2,2
2020-09-22 15:11:57,12469,12469,12469,2,-2
2020-09-22 15:11:57,12469,12469,12469,4,4
2020-09-22 15:11:57,12468,12468,12468,6,-6
2020-09-22 15:11:57,12469,12469,12469,2,2
2020-09-22 15:11:57,12469,12469,12469,12,12
2020-09-22 15:11:57,12469,12469,12469,4,4
2020-09-22 15:11:57,12470,12470,12470,2,2
2020-09-22 15:11:58,12470,12470,12470,2,2
2020-09-22 15:11:58,12470,12470,12470,2,2
2020-09-22 15:11:58,12470,12470,12470,2,2
2020-09-22 15:11:58,12470,12470,12470,2,2
2020-09-22 15:11:59,12470,12470,12470,2,2
2020-09-22 15:11:59,12469,12469,12469,2,-2
2020-09-22 15:12:00,12469,12469,12469,2,2
2020-09-22 15:12:00,12469,12469,12469,8,8
2020-09-22 15:12:00,12469,12469,12469,4,4
2020-09-22 15:12:00,12468,12468,12468,4,-4
2020-09-22 15:12:00,12469,12469,12469,34,34
2020-09-22 15:12:00,12470,12470,12470,2,2
2020-09-22 15:12:01,12469,12469,12469,2,-2
2020-09-22 15:12:01,12469,12469,12469,2,2
2020-09-22 15:12:01,12468,12468,12468,2,-2
2020-09-22 15:12:01,12468,12468,12468,8,8
2020-09-22 15:12:01,12468,12468,12468,6,6
2020-09-22 15:12:01,12468,12468,12468,2,2
2020-09-22 15:12:01,12468,12468,12468,2,2
2020-09-22 15:12:01,12468,12468,12468,4,4
2020-09-22 15:12:01,12468,12468,12468,2,2
2020-09-22 15:12:01,12467,12467,12467,2,-2
2020-09-22 15:12:01,12466,12466,12466,2,-2
2020-09-22 15:12:01,12466,12466,12466,2,2
2020-09-22 15:12:01,12466,12466,12466,2,2
2020-09-22 15:12:01,12466,12466,12466,4,4
2020-09-22 15:12:01,12466,12466,12466,6,6
2020-09-22 15:12:01,12466,12466,12466,2,2
2020-09-22 15:12:01,12466,12466,12466,2,2
2020-09-22 15:12:01,12466,12466,12466,2,2
2020-09-22 15:12:01,12467,12467,12467,2,2
2020-09-22 15:12:01,12465,12465,12465,2,-2
2020-09-22 15:12:01,12465,12465,12465,4,4
2020-09-22 15:12:01,12465,12465,12465,4,4
2020-09-22 15:12:01,12465,12465,12465,2,2
2020-09-22 15:12:02,12465,12465,12465,6,6
2020-09-22 15:12:02,12463,12463,12463,6,-6
2020-09-22 15:12:02,12463,12463,12463,2,2
2020-09-22 15:12:02,12463,12463,12463,4,4
2020-09-22 15:12:02,12463,12463,12463,2,2
2020-09-22 15:12:02,12462,12462,12462,6,-6
2020-09-22 15:12:02,12462,12462,12462,2,2
2020-09-22 15:12:02,12462,12462,12462,2,2
2020-09-22 15:12:02,12462,12462,12462,6,6
2020-09-22 15:12:02,12462,12462,12462,2,2
2020-09-22 15:12:02,12462,12462,12462,2,2
2020-09-22 15:12:02,12461,12461,12461,2,-2
2020-09-22 15:12:02,12461,12461,12461,2,2
2020-09-22 15:12:02,12463,12463,12463,6,6
2020-09-22 15:12:02,12463,12463,12463,6,6
2020-09-22 15:12:02,12461,12461,12461,2,-2
2020-09-22 15:12:02,12461,12461,12461,2,2
2020-09-22 15:12:02,12461,12461,12461,2,2
2020-09-22 15:12:02,12461,12461,12461,2,2
2020-09-22 15:12:02,12461,12461,12461,2,2
2020-09-22 15:12:02,12461,12461,12461,2,2
2020-09-22 15:12:02,12460,12460,12460,2,-2
2020-09-22 15:12:02,12460,12460,12460,2,2
2020-09-22 15:12:02,12460,12460,12460,4,4
2020-09-22 15:12:02,12460,12460,12460,2,2
2020-09-22 15:12:02,12460,12460,12460,2,2
2020-09-22 15:12:02,12460,12460,12460,2,2
2020-09-22 15:12:02,12460,12460,12460,2,2
2020-09-22 15:12:02,12460,12460,12460,2,2
2020-09-22 15:12:02,12460,12460,12460,2,2
2020-09-22 15:12:02,12462,12462,12462,2,2
2020-09-22 15:12:02,12460,12460,12460,2,-2
2020-09-22 15:12:02,12461,12461,12461,10,10
2020-09-22 15:12:02,12460,12460,12460,2,-2
2020-09-22 15:12:02,12462,12462,12462,2,2
2020-09-22 15:12:02,12460,12460,12460,2,-2
2020-09-22 15:12:02,12460,12460,12460,2,2
2020-09-22 15:12:02,12462,12462,12462,2,2
2020-09-22 15:12:02,12462,12462,12462,2,2
2020-09-22 15:12:02,12460,12460,12460,8,-8
2020-09-22 15:12:02,12460,12460,12460,2,2
2020-09-22 15:12:02,12460,12460,12460,2,2
2020-09-22 15:12:02,12459,12459,12459,2,-2
2020-09-22 15:12:02,12459,12459,12459,2,2
2020-09-22 15:12:02,12459,12459,12459,4,4
2020-09-22 15:12:02,12460,12460,12460,2,2
2020-09-22 15:12:03,12462,12462,12462,4,4
2020-09-22 15:12:03,12463,12463,12463,2,2
2020-09-22 15:12:03,12463,12463,12463,2,2
2020-09-22 15:12:03,12464,12464,12464,2,2
2020-09-22 15:12:03,12467,12467,12467,2,2
2020-09-22 15:12:03,12467,12467,12467,2,2
2020-09-22 15:12:03,12466,12466,12466,2,-2
2020-09-22 15:12:04,12468,12468,12468,2,2
2020-09-22 15:12:04,12469,12469,12469,4,4
2020-09-22 15:12:04,12469,12469,12469,2,2
2020-09-22 15:12:04,12468,12468,12468,2,-2
2020-09-22 15:12:05,12469,12469,12469,2,2
2020-09-22 15:12:06,12469,12469,12469,2,2
2020-09-22 15:12:06,12468,12468,12468,8,-8
2020-09-22 15:12:07,12468,12468,12468,2,2
2020-09-22 15:12:07,12470,12470,12470,2,2
2020-09-22 15:12:07,12470,12470,12470,10,10
2020-09-22 15:12:08,12469,12469,12469,2,-2
2020-09-22 15:12:08,12469,12469,12469,6,6
2020-09-22 15:12:08,12469,12469,12469,4,4
2020-09-22 15:12:08,12470,12470,12470,2,2
2020-09-22 15:12:08,12469,12469,12469,2,-2
2020-09-22 15:12:09,12470,12470,12470,2,2
2020-09-22 15:12:09,12469,12469,12469,2,-2
2020-09-22 15:12:10,12470,12470,12470,8,8
2020-09-22 15:12:10,12471,12471,12471,2,2
2020-09-22 15:12:10,12472,12472,12472,2,2
2020-09-22 15:12:10,12472,12472,12472,4,4
2020-09-22 15:12:10,12472,12472,12472,4,4
2020-09-22 15:12:11,12472,12472,12472,4,4
2020-09-22 15:12:11,12472,12472,12472,4,4
2020-09-22 15:12:11,12472,12472,12472,4,4
2020-09-22 15:12:11,12471,12471,12471,4,-4
2020-09-22 15:12:11,12471,12471,12471,2,2
2020-09-22 15:12:11,12471,12471,12471,2,2
2020-09-22 15:12:11,12471,12471,12471,4,4
2020-09-22 15:12:11,12471,12471,12471,2,2
2020-09-22 15:12:11,12470,12470,12470,2,-2
2020-09-22 15:12:11,12471,12471,12471,4,4
2020-09-22 15:12:11,12471,12471,12471,4,4
2020-09-22 15:12:11,12471,12471,12471,2,2
2020-09-22 15:12:11,12473,12473,12473,4,4
2020-09-22 15:12:11,12473,12473,12473,10,10
2020-09-22 15:12:12,12472,12472,12472,2,-2
2020-09-22 15:12:12,12474,12474,12474,2,2
2020-09-22 15:12:13,12474,12474,12474,2,2
2020-09-22 15:12:13,12473,12473,12473,2,-2
2020-09-22 15:12:14,12473,12473,12473,2,2
2020-09-22 15:12:14,12473,12473,12473,2,2
2020-09-22 15:12:14,12472,12472,12472,2,-2
2020-09-22 15:12:15,12472,12472,12472,2,2
2020-09-22 15:12:15,12472,12472,12472,4,4
2020-09-22 15:12:15,12471,12471,12471,2,-2
2020-09-22 15:12:15,12472,12472,12472,4,4
2020-09-22 15:12:15,12472,12472,12472,2,2
2020-09-22 15:12:16,12472,12472,12472,2,2
2020-09-22 15:12:16,12472,12472,12472,2,2
2020-09-22 15:12:16,12472,12472,12472,2,2
2020-09-22 15:12:17,12473,12473,12473,4,4
2020-09-22 15:12:17,12473,12473,12473,2,2
2020-09-22 15:12:17,12473,12473,12473,4,4
2020-09-22 15:12:17,12473,12473,12473,2,2
2020-09-22 15:12:17,12473,12473,12473,4,4
2020-09-22 15:12:19,12472,12472,12472,2,-2
2020-09-22 15:12:19,12473,12473,12473,10,10
2020-09-22 15:12:19,12474,12474,12474,10,10
2020-09-22 15:12:20,12472,12472,12472,2,-2
2020-09-22 15:12:21,12472,12472,12472,2,2
2020-09-22 15:12:21,12472,12472,12472,4,4
2020-09-22 15:12:21,12472,12472,12472,2,2
2020-09-22 15:12:21,12472,12472,12472,2,2
2020-09-22 15:12:21,12473,12473,12473,2,2
2020-09-22 15:12:21,12473,12473,12473,4,4
2020-09-22 15:12:21,12472,12472,12472,2,-2
2020-09-22 15:12:22,12472,12472,12472,4,4
2020-09-22 15:12:24,12473,12473,12473,2,2
2020-09-22 15:12:25,12473,12473,12473,2,2
2020-09-22 15:12:26,12472,12472,12472,2,-2
2020-09-22 15:12:26,12473,12473,12473,2,2
2020-09-22 15:12:26,12474,12474,12474,4,4
2020-09-22 15:12:26,12474,12474,12474,2,2
2020-09-22 15:12:27,12473,12473,12473,2,-2
2020-09-22 15:12:28,12475,12475,12475,2,2
2020-09-22 15:12:29,12475,12475,12475,2,2
2020-09-22 15:12:30,12475,12475,12475,2,2
2020-09-22 15:12:31,12475,12475,12475,14,14
2020-09-22 15:12:31,12475,12475,12475,8,8
2020-09-22 15:12:31,12476,12476,12476,2,2
2020-09-22 15:12:31,12476,12476,12476,2,2
2020-09-22 15:12:31,12475,12475,12475,4,-4
2020-09-22 15:12:32,12476,12476,12476,2,2
2020-09-22 15:12:34,12476,12476,12476,2,2
2020-09-22 15:12:34,12476,12476,12476,4,4
2020-09-22 15:12:35,12476,12476,12476,2,2
2020-09-22 15:12:35,12476,12476,12476,2,2
2020-09-22 15:12:36,12477,12477,12477,8,8
2020-09-22 15:12:36,12477,12477,12477,6,6
2020-09-22 15:12:36,12477,12477,12477,6,6
2020-09-22 15:12:36,12476,12476,12476,2,-2
2020-09-22 15:12:37,12478,12478,12478,2,2
2020-09-22 15:12:37,12476,12476,12476,2,-2
2020-09-22 15:12:37,12478,12478,12478,2,2
2020-09-22 15:12:37,12478,12478,12478,2,2
2020-09-22 15:12:38,12476,12476,12476,2,-2
2020-09-22 15:12:41,12477,12477,12477,2,2
2020-09-22 15:12:41,12478,12478,12478,2,2
2020-09-22 15:12:42,12477,12477,12477,2,-2
2020-09-22 15:12:43,12476,12476,12476,2,-2
2020-09-22 15:12:43,12477,12477,12477,4,4
2020-09-22 15:12:44,12477,12477,12477,4,4
2020-09-22 15:12:44,12477,12477,12477,4,4
2020-09-22 15:12:45,12477,12477,12477,4,4
2020-09-22 15:12:46,12476,12476,12476,2,-2
2020-09-22 15:12:46,12477,12477,12477,2,2
2020-09-22 15:12:46,12478,12478,12478,2,2
2020-09-22 15:12:47,12477,12477,12477,4,-4
2020-09-22 15:12:47,12476,12476,12476,6,-6
2020-09-22 15:12:49,12477,12477,12477,2,2
2020-09-22 15:12:49,12476,12476,12476,6,-6
2020-09-22 15:12:49,12476,12476,12476,4,4
2020-09-22 15:12:49,12476,12476,12476,2,2
2020-09-22 15:12:49,12476,12476,12476,2,2
2020-09-22 15:12:49,12476,12476,12476,2,2
2020-09-22 15:12:49,12476,12476,12476,4,4
2020-09-22 15:12:49,12475,12475,12475,4,-4
2020-09-22 15:12:49,12475,12475,12475,2,2
2020-09-22 15:12:49,12475,12475,12475,2,2
2020-09-22 15:12:49,12475,12475,12475,4,4
2020-09-22 15:12:50,12475,12475,12475,2,2
2020-09-22 15:12:50,12474,12474,12474,2,-2
2020-09-22 15:12:50,12475,12475,12475,2,2
2020-09-22 15:12:52,12474,12474,12474,2,-2
2020-09-22 15:12:52,12474,12474,12474,2,2
2020-09-22 15:12:52,12474,12474,12474,10,10
2020-09-22 15:12:53,12473,12473,12473,2,-2
2020-09-22 15:12:54,12472,12472,12472,2,-2
2020-09-22 15:12:54,12472,12472,12472,2,2
2020-09-22 15:12:54,12472,12472,12472,20,20
2020-09-22 15:12:54,12472,12472,12472,2,2
2020-09-22 15:12:55,12472,12472,12472,2,2
2020-09-22 15:12:55,12473,12473,12473,2,2
2020-09-22 15:12:55,12473,12473,12473,2,2
2020-09-22 15:12:56,12472,12472,12472,2,-2
2020-09-22 15:12:57,12472,12472,12472,6,6
2020-09-22 15:12:58,12472,12472,12472,2,2
2020-09-22 15:12:59,12472,12472,12472,2,2
2020-09-22 15:12:59,12472,12472,12472,2,2
2020-09-22 15:12:59,12471,12471,12471,2,-2
2020-09-22 15:12:59,12471,12471,12471,2,2
2020-09-22 15:12:59,12471,12471,12471,2,2
2020-09-22 15:12:59,12471,12471,12471,4,4
2020-09-22 15:12:59,12471,12471,12471,2,2
2020-09-22 15:12:59,12470,12470,12470,6,-6
2020-09-22 15:12:59,12470,12470,12470,2,2
2020-09-22 15:12:59,12470,12470,12470,4,4
2020-09-22 15:12:59,12470,12470,12470,2,2
2020-09-22 15:12:59,12470,12470,12470,2,2
2020-09-22 15:13:00,12470,12470,12470,2,2
2020-09-22 15:13:00,12471,12471,12471,2,2
2020-09-22 15:13:01,12471,12471,12471,2,2
2020-09-22 15:13:01,12470,12470,12470,2,-2
2020-09-22 15:13:01,12470,12470,12470,2,2
2020-09-22 15:13:01,12470,12470,12470,2,2
2020-09-22 15:13:01,12470,12470,12470,2,2
2020-09-22 15:13:01,12470,12470,12470,2,2
2020-09-22 15:13:01,12470,12470,12470,4,4
2020-09-22 15:13:01,12469,12469,12469,2,-2
2020-09-22 15:13:01,12469,12469,12469,2,2
2020-09-22 15:13:01,12469,12469,12469,2,2
2020-09-22 15:13:01,12471,12471,12471,2,2
2020-09-22 15:13:01,12472,12472,12472,6,6
2020-09-22 15:13:01,12471,12471,12471,2,-2
2020-09-22 15:13:01,12470,12470,12470,2,-2
2020-09-22 15:13:02,12470,12470,12470,2,2
2020-09-22 15:13:02,12470,12470,12470,2,2
2020-09-22 15:13:02,12470,12470,12470,2,2
2020-09-22 15:13:02,12470,12470,12470,2,2
2020-09-22 15:13:02,12470,12470,12470,2,2
2020-09-22 15:13:03,12469,12469,12469,2,-2
2020-09-22 15:13:03,12469,12469,12469,2,2
2020-09-22 15:13:03,12469,12469,12469,2,2
2020-09-22 15:13:03,12469,12469,12469,2,2
2020-09-22 15:13:03,12469,12469,12469,2,2
2020-09-22 15:13:03,12468,12468,12468,2,-2
2020-09-22 15:13:03,12468,12468,12468,4,4
2020-09-22 15:13:03,12468,12468,12468,2,2
2020-09-22 15:13:03,12468,12468,12468,2,2
2020-09-22 15:13:03,12468,12468,12468,2,2
2020-09-22 15:13:03,12468,12468,12468,2,2
2020-09-22 15:13:03,12468,12468,12468,2,2
2020-09-22 15:13:04,12470,12470,12470,2,2
2020-09-22 15:13:05,12470,12470,12470,4,4
2020-09-22 15:13:05,12470,12470,12470,4,4
2020-09-22 15:13:05,12470,12470,12470,4,4
2020-09-22 15:13:06,12470,12470,12470,2,2
2020-09-22 15:13:06,12470,12470,12470,2,2
2020-09-22 15:13:07,12470,12470,12470,2,2
2020-09-22 15:13:07,12469,12469,12469,8,-8
2020-09-22 15:13:08,12470,12470,12470,10,10
2020-09-22 15:13:08,12470,12470,12470,2,2
2020-09-22 15:13:08,12468,12468,12468,2,-2
2020-09-22 15:13:10,12469,12469,12469,2,2
2020-09-22 15:13:10,12469,12469,12469,2,2
2020-09-22 15:13:11,12468,12468,12468,2,-2
2020-09-22 15:13:11,12468,12468,12468,2,2
2020-09-22 15:13:11,12468,12468,12468,2,2
2020-09-22 15:13:11,12468,12468,12468,4,4
2020-09-22 15:13:11,12468,12468,12468,2,2
2020-09-22 15:13:11,12468,12468,12468,10,10
2020-09-22 15:13:11,12468,12468,12468,2,2
2020-09-22 15:13:11,12468,12468,12468,2,2
2020-09-22 15:13:12,12469,12469,12469,2,2
2020-09-22 15:13:12,12469,12469,12469,2,2
2020-09-22 15:13:13,12467,12467,12467,2,-2
2020-09-22 15:13:13,12467,12467,12467,8,8
2020-09-22 15:13:13,12467,12467,12467,12,12
2020-09-22 15:13:13,12467,12467,12467,8,8
2020-09-22 15:13:13,12467,12467,12467,10,10
2020-09-22 15:13:13,12467,12467,12467,4,4
2020-09-22 15:13:13,12467,12467,12467,2,2
2020-09-22 15:13:13,12467,12467,12467,2,2
2020-09-22 15:13:13,12467,12467,12467,2,2
2020-09-22 15:13:13,12467,12467,12467,2,2
2020-09-22 15:13:13,12467,12467,12467,2,2
2020-09-22 15:13:13,12466,12466,12466,2,-2
2020-09-22 15:13:13,12466,12466,12466,2,2
2020-09-22 15:13:13,12466,12466,12466,2,2
2020-09-22 15:13:13,12466,12466,12466,2,2
2020-09-22 15:13:13,12466,12466,12466,2,2
2020-09-22 15:13:13,12466,12466,12466,2,2
2020-09-22 15:13:14,12465,12465,12465,2,-2
2020-09-22 15:13:15,12466,12466,12466,2,2
2020-09-22 15:13:15,12466,12466,12466,2,2
2020-09-22 15:13:15,12465,12465,12465,4,-4
2020-09-22 15:13:15,12466,12466,12466,2,2
2020-09-22 15:13:16,12467,12467,12467,6,6
2020-09-22 15:13:18,12466,12466,12466,2,-2
2020-09-22 15:13:19,12467,12467,12467,10,10
2020-09-22 15:13:20,12466,12466,12466,2,-2
2020-09-22 15:13:20,12466,12466,12466,2,2
2020-09-22 15:13:20,12466,12466,12466,2,2
2020-09-22 15:13:20,12465,12465,12465,2,-2
2020-09-22 15:13:21,12466,12466,12466,2,2
2020-09-22 15:13:21,12465,12465,12465,2,-2
2020-09-22 15:13:21,12465,12465,12465,4,4
2020-09-22 15:13:22,12466,12466,12466,2,2
2020-09-22 15:13:22,12465,12465,12465,2,-2
2020-09-22 15:13:22,12465,12465,12465,2,2
2020-09-22 15:13:22,12465,12465,12465,2,2
2020-09-22 15:13:22,12465,12465,12465,2,2
2020-09-22 15:13:22,12466,12466,12466,2,2
2020-09-22 15:13:22,12464,12464,12464,2,-2
2020-09-22 15:13:23,12465,12465,12465,2,2
2020-09-22 15:13:24,12465,12465,12465,2,2
2020-09-22 15:13:24,12465,12465,12465,2,2
2020-09-22 15:13:24,12465,12465,12465,2,2
2020-09-22 15:13:24,12464,12464,12464,2,-2
2020-09-22 15:13:25,12464,12464,12464,4,4
2020-09-22 15:13:25,12465,12465,12465,14,14
2020-09-22 15:13:25,12465,12465,12465,4,4
2020-09-22 15:13:25,12465,12465,12465,2,2
2020-09-22 15:13:25,12465,12465,12465,2,2
2020-09-22 15:13:25,12465,12465,12465,2,2
2020-09-22 15:13:25,12466,12466,12466,12,12
2020-09-22 15:13:25,12466,12466,12466,4,4
2020-09-22 15:13:25,12466,12466,12466,2,2
2020-09-22 15:13:25,12466,12466,12466,6,6
2020-09-22 15:13:26,12466,12466,12466,6,6
2020-09-22 15:13:26,12467,12467,12467,14,14
2020-09-22 15:13:27,12467,12467,12467,2,2
2020-09-22 15:13:27,12466,12466,12466,2,-2
2020-09-22 15:13:28,12466,12466,12466,4,4
2020-09-22 15:13:28,12467,12467,12467,2,2
2020-09-22 15:13:28,12467,12467,12467,2,2
2020-09-22 15:13:29,12467,12467,12467,2,2
2020-09-22 15:13:30,12466,12466,12466,2,-2
2020-09-22 15:13:30,12468,12468,12468,2,2
2020-09-22 15:13:30,12467,12467,12467,2,-2
2020-09-22 15:13:31,12468,12468,12468,10,10
2020-09-22 15:13:31,12468,12468,12468,14,14
2020-09-22 15:13:31,12469,12469,12469,2,2
2020-09-22 15:13:32,12467,12467,12467,6,-6
2020-09-22 15:13:32,12467,12467,12467,2,2
2020-09-22 15:13:32,12467,12467,12467,2,2
2020-09-22 15:13:32,12467,12467,12467,2,2
2020-09-22 15:13:32,12467,12467,12467,4,4
2020-09-22 15:13:32,12466,12466,12466,2,-2
2020-09-22 15:13:32,12466,12466,12466,2,2
2020-09-22 15:13:32,12467,12467,12467,2,2
2020-09-22 15:13:34,12467,12467,12467,6,6
2020-09-22 15:13:35,12467,12467,12467,2,2
2020-09-22 15:13:35,12467,12467,12467,2,2
2020-09-22 15:13:36,12467,12467,12467,2,2
2020-09-22 15:13:36,12468,12468,12468,2,2
2020-09-22 15:13:38,12467,12467,12467,2,-2
2020-09-22 15:13:38,12467,12467,12467,2,2
2020-09-22 15:13:38,12467,12467,12467,2,2
2020-09-22 15:13:39,12467,12467,12467,2,2
2020-09-22 15:13:41,12467,12467,12467,2,2
2020-09-22 15:13:42,12467,12467,12467,2,2
2020-09-22 15:13:42,12467,12467,12467,2,2
2020-09-22 15:13:43,12468,12468,12468,2,2
2020-09-22 15:13:44,12467,12467,12467,2,-2
2020-09-22 15:13:45,12468,12468,12468,18,18
2020-09-22 15:13:45,12467,12467,12467,2,-2
2020-09-22 15:13:45,12467,12467,12467,2,2
2020-09-22 15:13:46,12468,12468,12468,2,2
2020-09-22 15:13:47,12469,12469,12469,40,40
2020-09-22 15:13:47,12469,12469,12469,2,2
2020-09-22 15:13:48,12469,12469,12469,2,2
2020-09-22 15:13:49,12470,12470,12470,14,14
2020-09-22 15:13:49,12470,12470,12470,16,16
2020-09-22 15:13:49,12470,12470,12470,24,24
2020-09-22 15:13:53,12471,12471,12471,10,10
2020-09-22 15:13:53,12471,12471,12471,4,4
2020-09-22 15:13:54,12471,12471,12471,2,2
2020-09-22 15:13:54,12471,12471,12471,2,2
2020-09-22 15:13:54,12471,12471,12471,2,2
2020-09-22 15:13:55,12470,12470,12470,2,-2
2020-09-22 15:13:55,12470,12470,12470,4,4
2020-09-22 15:13:55,12470,12470,12470,2,2
2020-09-22 15:13:56,12470,12470,12470,2,2
2020-09-22 15:13:57,12469,12469,12469,2,-2
2020-09-22 15:13:57,12469,12469,12469,2,2
2020-09-22 15:13:57,12467,12467,12467,2,-2
2020-09-22 15:13:59,12467,12467,12467,2,2
2020-09-22 15:13:59,12467,12467,12467,2,2
2020-09-22 15:14:00,12469,12469,12469,2,2
2020-09-22 15:14:03,12469,12469,12469,2,2
2020-09-22 15:14:04,12469,12469,12469,2,2
2020-09-22 15:14:04,12468,12468,12468,2,-2
2020-09-22 15:14:04,12468,12468,12468,2,2
2020-09-22 15:14:04,12469,12469,12469,4,4
2020-09-22 15:14:04,12469,12469,12469,2,2
2020-09-22 15:14:06,12468,12468,12468,2,-2
2020-09-22 15:14:06,12468,12468,12468,2,2
2020-09-22 15:14:06,12468,12468,12468,4,4
2020-09-22 15:14:06,12467,12467,12467,2,-2
2020-09-22 15:14:06,12467,12467,12467,2,2
2020-09-22 15:14:06,12467,12467,12467,2,2
2020-09-22 15:14:06,12467,12467,12467,10,10
2020-09-22 15:14:06,12467,12467,12467,10,10
2020-09-22 15:14:06,12468,12468,12468,2,2
2020-09-22 15:14:06,12468,12468,12468,2,2
2020-09-22 15:14:09,12469,12469,12469,8,8
2020-09-22 15:14:10,12469,12469,12469,2,2
2020-09-22 15:14:12,12469,12469,12469,2,2
2020-09-22 15:14:13,12469,12469,12469,2,2
2020-09-22 15:14:13,12468,12468,12468,2,-2
2020-09-22 15:14:14,12468,12468,12468,4,4
2020-09-22 15:14:18,12469,12469,12469,2,2
2020-09-22 15:14:18,12469,12469,12469,2,2
2020-09-22 15:14:18,12469,12469,12469,10,10
2020-09-22 15:14:18,12469,12469,12469,4,4
2020-09-22 15:14:20,12468,12468,12468,4,-4
2020-09-22 15:14:22,12470,12470,12470,2,2
2020-09-22 15:14:22,12470,12470,12470,24,24
2020-09-22 15:14:22,12470,12470,12470,8,8
2020-09-22 15:14:22,12470,12470,12470,2,2
2020-09-22 15:14:22,12470,12470,12470,2,2
2020-09-22 15:14:23,12471,12471,12471,4,4
2020-09-22 15:14:23,12471,12471,12471,8,8
2020-09-22 15:14:23,12470,12470,12470,2,-2
2020-09-22 15:14:27,12471,12471,12471,4,4
2020-09-22 15:14:28,12472,12472,12472,2,2
2020-09-22 15:14:29,12472,12472,12472,14,14
2020-09-22 15:14:29,12472,12472,12472,2,2
2020-09-22 15:14:33,12471,12471,12471,2,-2
2020-09-22 15:14:38,12471,12471,12471,2,2
2020-09-22 15:14:38,12471,12471,12471,2,2
2020-09-22 15:14:38,12472,12472,12472,2,2
2020-09-22 15:14:41,12472,12472,12472,2,2
2020-09-22 15:14:42,12472,12472,12472,2,2
2020-09-22 15:14:43,12473,12473,12473,2,2
2020-09-22 15:14:45,12472,12472,12472,8,-8
2020-09-22 15:14:45,12472,12472,12472,2,2
2020-09-22 15:14:48,12472,12472,12472,2,2
2020-09-22 15:14:48,12472,12472,12472,2,2
2020-09-22 15:14:51,12472,12472,12472,2,2
2020-09-22 15:14:51,12472,12472,12472,2,2
2020-09-22 15:14:51,12471,12471,12471,2,-2
2020-09-22 15:14:53,12471,12471,12471,4,4
2020-09-22 15:14:54,12471,12471,12471,4,4
2020-09-22 15:14:58,12472,12472,12472,4,4
2020-09-22 15:14:59,12471,12471,12471,2,-2
2020-09-22 15:14:59,12471,12471,12471,2,2
2020-09-22 15:14:59,12470,12470,12470,2,-2
2020-09-22 15:15:01,12470,12470,12470,8,8
2020-09-22 15:15:01,12470,12470,12470,2,2
2020-09-22 15:15:01,12470,12470,12470,20,20
2020-09-22 15:15:01,12470,12470,12470,2,2
2020-09-22 15:15:01,12470,12470,12470,2,2
2020-09-22 15:15:01,12470,12470,12470,2,2
2020-09-22 15:15:01,12469,12469,12469,2,-2
2020-09-22 15:15:01,12469,12469,12469,2,2
2020-09-22 15:15:01,12469,12469,12469,2,2
2020-09-22 15:15:01,12469,12469,12469,2,2
2020-09-22 15:15:01,12469,12469,12469,2,2
2020-09-22 15:15:01,12468,12468,12468,2,-2
2020-09-22 15:15:01,12468,12468,12468,4,4
2020-09-22 15:15:01,12469,12469,12469,2,2
2020-09-22 15:15:02,12469,12469,12469,8,8
2020-09-22 15:15:02,12470,12470,12470,2,2
2020-09-22 15:15:02,12470,12470,12470,2,2
2020-09-22 15:15:02,12470,12470,12470,4,4
2020-09-22 15:15:02,12471,12471,12471,2,2
2020-09-22 15:15:02,12470,12470,12470,2,-2
2020-09-22 15:15:02,12469,12469,12469,2,-2
2020-09-22 15:15:02,12468,12468,12468,2,-2
2020-09-22 15:15:03,12468,12468,12468,2,2
2020-09-22 15:15:05,12470,12470,12470,2,2
2020-09-22 15:15:06,12469,12469,12469,2,-2
2020-09-22 15:15:07,12469,12469,12469,2,2
2020-09-22 15:15:07,12471,12471,12471,2,2
2020-09-22 15:15:08,12470,12470,12470,2,-2
2020-09-22 15:15:09,12469,12469,12469,4,-4
2020-09-22 15:15:09,12469,12469,12469,2,2
2020-09-22 15:15:10,12469,12469,12469,2,2
2020-09-22 15:15:10,12469,12469,12469,2,2
2020-09-22 15:15:12,12471,12471,12471,4,4
2020-09-22 15:15:12,12471,12471,12471,2,2
2020-09-22 15:15:12,12472,12472,12472,22,22
2020-09-22 15:15:12,12472,12472,12472,2,2
2020-09-22 15:15:16,12472,12472,12472,2,2
2020-09-22 15:15:16,12472,12472,12472,2,2
2020-09-22 15:15:16,12473,12473,12473,2,2
2020-09-22 15:15:20,12474,12474,12474,2,2
2020-09-22 15:15:20,12474,12474,12474,2,2
2020-09-22 15:15:20,12474,12474,12474,2,2
2020-09-22 15:15:22,12474,12474,12474,8,8
2020-09-22 15:15:22,12474,12474,12474,10,10
2020-09-22 15:15:22,12474,12474,12474,2,2
2020-09-22 15:15:22,12474,12474,12474,2,2
2020-09-22 15:15:24,12474,12474,12474,4,4
2020-09-22 15:15:25,12473,12473,12473,2,-2
2020-09-22 15:15:26,12474,12474,12474,2,2
2020-09-22 15:15:26,12475,12475,12475,2,2
2020-09-22 15:15:29,12474,12474,12474,2,-2
2020-09-22 15:15:29,12474,12474,12474,2,2
2020-09-22 15:15:29,12475,12475,12475,2,2
2020-09-22 15:15:29,12475,12475,12475,2,2
2020-09-22 15:15:29,12475,12475,12475,2,2
2020-09-22 15:15:29,12475,12475,12475,18,18
2020-09-22 15:15:30,12475,12475,12475,2,2
2020-09-22 15:15:31,12474,12474,12474,4,-4
2020-09-22 15:15:32,12474,12474,12474,2,2
2020-09-22 15:15:34,12474,12474,12474,2,2
2020-09-22 15:15:35,12475,12475,12475,2,2
2020-09-22 15:15:37,12474,12474,12474,2,-2
2020-09-22 15:15:37,12475,12475,12475,4,4
2020-09-22 15:15:39,12475,12475,12475,2,2
2020-09-22 15:15:39,12475,12475,12475,4,4
2020-09-22 15:15:40,12474,12474,12474,2,-2
2020-09-22 15:15:40,12474,12474,12474,2,2
2020-09-22 15:15:40,12475,12475,12475,2,2
2020-09-22 15:15:40,12475,12475,12475,2,2
2020-09-22 15:15:41,12475,12475,12475,12,12
2020-09-22 15:15:43,12474,12474,12474,2,-2
2020-09-22 15:15:43,12475,12475,12475,4,4
2020-09-22 15:15:45,12475,12475,12475,2,2
2020-09-22 15:15:47,12474,12474,12474,2,-2
2020-09-22 15:15:47,12474,12474,12474,2,2
2020-09-22 15:15:48,12475,12475,12475,4,4
2020-09-22 15:15:48,12475,12475,12475,2,2
2020-09-22 15:15:48,12475,12475,12475,4,4
2020-09-22 15:15:48,12474,12474,12474,2,-2
2020-09-22 15:15:48,12474,12474,12474,2,2
2020-09-22 15:15:49,12475,12475,12475,2,2
2020-09-22 15:15:51,12475,12475,12475,2,2
2020-09-22 15:15:51,12474,12474,12474,2,-2
2020-09-22 15:15:51,12474,12474,12474,2,2
2020-09-22 15:15:52,12473,12473,12473,2,-2
2020-09-22 15:15:52,12473,12473,12473,4,4
2020-09-22 15:15:52,12473,12473,12473,6,6
2020-09-22 15:15:52,12473,12473,12473,2,2
2020-09-22 15:15:52,12473,12473,12473,2,2
2020-09-22 15:15:52,12474,12474,12474,2,2
2020-09-22 15:15:53,12474,12474,12474,2,2
2020-09-22 15:15:57,12474,12474,12474,2,2
2020-09-22 15:16:01,12476,12476,12476,4,4
2020-09-22 15:16:01,12476,12476,12476,16,16
2020-09-22 15:16:01,12476,12476,12476,22,22
2020-09-22 15:16:02,12476,12476,12476,2,2
2020-09-22 15:16:02,12477,12477,12477,2,2
2020-09-22 15:16:03,12475,12475,12475,2,-2
2020-09-22 15:16:03,12476,12476,12476,2,2
2020-09-22 15:16:03,12477,12477,12477,2,2
2020-09-22 15:16:04,12477,12477,12477,4,4
2020-09-22 15:16:04,12477,12477,12477,4,4
2020-09-22 15:16:06,12477,12477,12477,2,2
2020-09-22 15:16:08,12477,12477,12477,2,2
2020-09-22 15:16:08,12477,12477,12477,2,2
2020-09-22 15:16:08,12477,12477,12477,2,2
2020-09-22 15:16:08,12477,12477,12477,2,2
2020-09-22 15:16:08,12477,12477,12477,2,2
2020-09-22 15:16:08,12477,12477,12477,2,2
2020-09-22 15:16:08,12477,12477,12477,2,2
2020-09-22 15:16:08,12477,12477,12477,2,2
2020-09-22 15:16:08,12477,12477,12477,2,2
2020-09-22 15:16:09,12476,12476,12476,2,-2
2020-09-22 15:16:09,12475,12475,12475,2,-2
2020-09-22 15:16:09,12475,12475,12475,4,4
2020-09-22 15:16:09,12475,12475,12475,2,2
2020-09-22 15:16:09,12475,12475,12475,2,2
2020-09-22 15:16:09,12474,12474,12474,2,-2
2020-09-22 15:16:09,12474,12474,12474,2,2
2020-09-22 15:16:09,12474,12474,12474,2,2
2020-09-22 15:16:09,12474,12474,12474,4,4
2020-09-22 15:16:09,12474,12474,12474,2,2
2020-09-22 15:16:09,12474,12474,12474,2,2
2020-09-22 15:16:11,12472,12472,12472,2,-2
2020-09-22 15:16:11,12472,12472,12472,2,2
2020-09-22 15:16:11,12471,12471,12471,2,-2
2020-09-22 15:16:13,12472,12472,12472,2,2
2020-09-22 15:16:16,12472,12472,12472,8,8
2020-09-22 15:16:17,12473,12473,12473,2,2
2020-09-22 15:16:18,12472,12472,12472,2,-2
2020-09-22 15:16:18,12474,12474,12474,2,2
2020-09-22 15:16:18,12474,12474,12474,2,2
2020-09-22 15:16:19,12473,12473,12473,2,-2
2020-09-22 15:16:22,12472,12472,12472,2,-2
2020-09-22 15:16:22,12472,12472,12472,2,2
2020-09-22 15:16:22,12472,12472,12472,2,2
2020-09-22 15:16:29,12474,12474,12474,6,6
2020-09-22 15:16:31,12474,12474,12474,2,2
2020-09-22 15:16:31,12475,12475,12475,2,2
2020-09-22 15:16:32,12474,12474,12474,2,-2
2020-09-22 15:16:32,12474,12474,12474,2,2
2020-09-22 15:16:39,12474,12474,12474,2,2
2020-09-22 15:16:39,12473,12473,12473,2,-2
2020-09-22 15:16:39,12473,12473,12473,2,2
2020-09-22 15:16:39,12473,12473,12473,2,2
2020-09-22 15:16:39,12474,12474,12474,4,4
2020-09-22 15:16:40,12473,12473,12473,2,-2
2020-09-22 15:16:40,12473,12473,12473,2,2
2020-09-22 15:16:40,12473,12473,12473,2,2
2020-09-22 15:16:40,12473,12473,12473,2,2
2020-09-22 15:16:46,12473,12473,12473,4,4
2020-09-22 15:16:48,12474,12474,12474,4,4
2020-09-22 15:16:51,12474,12474,12474,10,10
2020-09-22 15:16:52,12473,12473,12473,6,-6
2020-09-22 15:16:52,12474,12474,12474,4,4
2020-09-22 15:16:54,12472,12472,12472,6,-6
2020-09-22 15:16:54,12472,12472,12472,4,4
2020-09-22 15:16:54,12472,12472,12472,4,4
2020-09-22 15:16:54,12472,12472,12472,8,8
2020-09-22 15:16:54,12472,12472,12472,6,6
2020-09-22 15:16:54,12472,12472,12472,2,2
2020-09-22 15:16:54,12472,12472,12472,2,2
2020-09-22 15:16:54,12472,12472,12472,2,2
2020-09-22 15:16:55,12472,12472,12472,10,10
2020-09-22 15:16:55,12472,12472,12472,4,4
2020-09-22 15:16:56,12472,12472,12472,4,4
2020-09-22 15:16:56,12471,12471,12471,2,-2
2020-09-22 15:16:56,12471,12471,12471,2,2
2020-09-22 15:16:56,12471,12471,12471,2,2
2020-09-22 15:16:56,12471,12471,12471,20,20
2020-09-22 15:16:56,12471,12471,12471,2,2
2020-09-22 15:16:56,12471,12471,12471,2,2
2020-09-22 15:16:57,12472,12472,12472,10,10
2020-09-22 15:16:58,12472,12472,12472,4,4
2020-09-22 15:16:59,12471,12471,12471,8,-8
2020-09-22 15:16:59,12471,12471,12471,2,2
2020-09-22 15:17:00,12472,12472,12472,6,6
2020-09-22 15:17:01,12472,12472,12472,2,2
2020-09-22 15:17:01,12472,12472,12472,2,2
2020-09-22 15:17:01,12472,12472,12472,2,2
2020-09-22 15:17:01,12472,12472,12472,2,2
2020-09-22 15:17:01,12472,12472,12472,2,2
2020-09-22 15:17:01,12472,12472,12472,2,2
2020-09-22 15:17:01,12472,12472,12472,2,2
2020-09-22 15:17:01,12471,12471,12471,4,-4
2020-09-22 15:17:02,12473,12473,12473,2,2
2020-09-22 15:17:03,12472,12472,12472,2,-2
2020-09-22 15:17:04,12472,12472,12472,2,2
2020-09-22 15:17:04,12472,12472,12472,4,4
2020-09-22 15:17:04,12472,12472,12472,4,4
2020-09-22 15:17:07,12472,12472,12472,2,2
2020-09-22 15:17:07,12472,12472,12472,2,2
2020-09-22 15:17:07,12471,12471,12471,2,-2
2020-09-22 15:17:10,12471,12471,12471,2,2
2020-09-22 15:17:11,12471,12471,12471,2,2
2020-09-22 15:17:12,12471,12471,12471,10,10
2020-09-22 15:17:12,12471,12471,12471,2,2
2020-09-22 15:17:14,12470,12470,12470,2,-2
2020-09-22 15:17:14,12470,12470,12470,2,2
2020-09-22 15:17:14,12470,12470,12470,2,2
2020-09-22 15:17:14,12470,12470,12470,6,6
2020-09-22 15:17:14,12470,12470,12470,2,2
2020-09-22 15:17:14,12470,12470,12470,6,6
2020-09-22 15:17:14,12470,12470,12470,2,2
2020-09-22 15:17:14,12470,12470,12470,2,2
2020-09-22 15:17:14,12470,12470,12470,8,8
2020-09-22 15:17:14,12471,12471,12471,2,2
2020-09-22 15:17:15,12470,12470,12470,2,-2
2020-09-22 15:17:16,12470,12470,12470,4,4
2020-09-22 15:17:16,12471,12471,12471,10,10
2020-09-22 15:17:16,12471,12471,12471,2,2
2020-09-22 15:17:16,12471,12471,12471,4,4
2020-09-22 15:17:16,12470,12470,12470,2,-2
2020-09-22 15:17:17,12470,12470,12470,2,2
2020-09-22 15:17:18,12469,12469,12469,2,-2
2020-09-22 15:17:18,12469,12469,12469,30,30
2020-09-22 15:17:18,12469,12469,12469,4,4
2020-09-22 15:17:18,12469,12469,12469,2,2
2020-09-22 15:17:18,12469,12469,12469,2,2
2020-09-22 15:17:18,12469,12469,12469,2,2
2020-09-22 15:17:19,12468,12468,12468,4,-4
2020-09-22 15:17:19,12468,12468,12468,2,2
2020-09-22 15:17:19,12468,12468,12468,2,2
2020-09-22 15:17:19,12468,12468,12468,2,2
2020-09-22 15:17:19,12468,12468,12468,2,2
2020-09-22 15:17:19,12468,12468,12468,2,2
2020-09-22 15:17:19,12468,12468,12468,2,2
2020-09-22 15:17:19,12469,12469,12469,10,10
2020-09-22 15:17:20,12469,12469,12469,2,2
2020-09-22 15:17:20,12467,12467,12467,2,-2
2020-09-22 15:17:20,12467,12467,12467,2,2
2020-09-22 15:17:20,12467,12467,12467,2,2
2020-09-22 15:17:20,12467,12467,12467,4,4
2020-09-22 15:17:20,12467,12467,12467,4,4
2020-09-22 15:17:20,12467,12467,12467,2,2
2020-09-22 15:17:20,12467,12467,12467,2,2
2020-09-22 15:17:21,12467,12467,12467,2,2
2020-09-22 15:17:22,12467,12467,12467,2,2
2020-09-22 15:17:23,12467,12467,12467,2,2
2020-09-22 15:17:24,12467,12467,12467,2,2
2020-09-22 15:17:24,12467,12467,12467,2,2
2020-09-22 15:17:25,12467,12467,12467,4,4
2020-09-22 15:17:25,12466,12466,12466,2,-2
2020-09-22 15:17:25,12466,12466,12466,2,2
2020-09-22 15:17:27,12467,12467,12467,2,2
2020-09-22 15:17:28,12467,12467,12467,6,6
2020-09-22 15:17:28,12467,12467,12467,2,2
2020-09-22 15:17:28,12467,12467,12467,6,6
2020-09-22 15:17:28,12467,12467,12467,2,2
2020-09-22 15:17:28,12467,12467,12467,2,2
2020-09-22 15:17:28,12467,12467,12467,2,2
2020-09-22 15:17:29,12468,12468,12468,2,2
2020-09-22 15:17:30,12468,12468,12468,2,2
2020-09-22 15:17:30,12467,12467,12467,2,-2
2020-09-22 15:17:31,12468,12468,12468,2,2
2020-09-22 15:17:31,12468,12468,12468,4,4
2020-09-22 15:17:32,12468,12468,12468,2,2
2020-09-22 15:17:32,12468,12468,12468,2,2
2020-09-22 15:17:32,12468,12468,12468,2,2
2020-09-22 15:17:32,12467,12467,12467,2,-2
2020-09-22 15:17:33,12469,12469,12469,2,2
2020-09-22 15:17:33,12469,12469,12469,2,2
2020-09-22 15:17:34,12468,12468,12468,6,-6
2020-09-22 15:17:37,12469,12469,12469,2,2
2020-09-22 15:17:37,12470,12470,12470,4,4
2020-09-22 15:17:38,12468,12468,12468,2,-2
2020-09-22 15:17:38,12468,12468,12468,2,2
2020-09-22 15:17:38,12468,12468,12468,4,4
2020-09-22 15:17:38,12468,12468,12468,2,2
2020-09-22 15:17:38,12468,12468,12468,2,2
2020-09-22 15:17:38,12468,12468,12468,2,2
2020-09-22 15:17:38,12468,12468,12468,2,2
2020-09-22 15:17:38,12468,12468,12468,2,2
2020-09-22 15:17:40,12468,12468,12468,2,2
2020-09-22 15:17:40,12468,12468,12468,4,4
2020-09-22 15:17:42,12469,12469,12469,2,2
2020-09-22 15:17:44,12470,12470,12470,2,2
2020-09-22 15:17:45,12469,12469,12469,2,-2
2020-09-22 15:17:45,12470,12470,12470,2,2
2020-09-22 15:17:48,12469,12469,12469,2,-2
2020-09-22 15:17:50,12469,12469,12469,6,6
2020-09-22 15:17:53,12469,12469,12469,8,8
2020-09-22 15:17:56,12469,12469,12469,8,8
2020-09-22 15:17:57,12469,12469,12469,2,2
2020-09-22 15:17:58,12469,12469,12469,2,2
2020-09-22 15:17:58,12469,12469,12469,2,2
2020-09-22 15:17:58,12469,12469,12469,2,2
2020-09-22 15:17:58,12468,12468,12468,2,-2
2020-09-22 15:18:00,12469,12469,12469,2,2
2020-09-22 15:18:00,12468,12468,12468,2,-2
2020-09-22 15:18:00,12468,12468,12468,2,2
2020-09-22 15:18:01,12468,12468,12468,4,4
2020-09-22 15:18:01,12468,12468,12468,6,6
2020-09-22 15:18:01,12468,12468,12468,2,2
2020-09-22 15:18:01,12468,12468,12468,8,8
2020-09-22 15:18:01,12468,12468,12468,2,2
2020-09-22 15:18:01,12468,12468,12468,2,2
2020-09-22 15:18:01,12467,12467,12467,2,-2
2020-09-22 15:18:02,12467,12467,12467,4,4
2020-09-22 15:18:02,12467,12467,12467,6,6
2020-09-22 15:18:05,12467,12467,12467,2,2
2020-09-22 15:18:06,12467,12467,12467,2,2
2020-09-22 15:18:06,12466,12466,12466,4,-4
2020-09-22 15:18:06,12466,12466,12466,4,4
2020-09-22 15:18:06,12466,12466,12466,2,2
2020-09-22 15:18:06,12466,12466,12466,2,2
2020-09-22 15:18:06,12466,12466,12466,2,2
2020-09-22 15:18:06,12466,12466,12466,2,2
2020-09-22 15:18:06,12466,12466,12466,2,2
2020-09-22 15:18:06,12466,12466,12466,18,18
2020-09-22 15:18:06,12466,12466,12466,2,2
2020-09-22 15:18:06,12466,12466,12466,2,2
2020-09-22 15:18:07,12465,12465,12465,2,-2
2020-09-22 15:18:07,12466,12466,12466,2,2
2020-09-22 15:18:07,12467,12467,12467,2,2
2020-09-22 15:18:08,12465,12465,12465,2,-2
2020-09-22 15:18:09,12466,12466,12466,2,2
2020-09-22 15:18:10,12465,12465,12465,4,-4
2020-09-22 15:18:10,12465,12465,12465,4,4
2020-09-22 15:18:10,12465,12465,12465,2,2
2020-09-22 15:18:11,12466,12466,12466,2,2
2020-09-22 15:18:12,12465,12465,12465,2,-2
2020-09-22 15:18:12,12465,12465,12465,2,2
2020-09-22 15:18:12,12465,12465,12465,4,4
2020-09-22 15:18:12,12465,12465,12465,4,4
2020-09-22 15:18:12,12465,12465,12465,2,2
2020-09-22 15:18:12,12465,12465,12465,8,8
2020-09-22 15:18:13,12465,12465,12465,2,2
2020-09-22 15:18:13,12466,12466,12466,2,2
2020-09-22 15:18:14,12465,12465,12465,2,-2
2020-09-22 15:18:14,12464,12464,12464,2,-2
2020-09-22 15:18:14,12464,12464,12464,6,6
2020-09-22 15:18:14,12464,12464,12464,16,16
2020-09-22 15:18:15,12465,12465,12465,2,2
2020-09-22 15:18:16,12465,12465,12465,2,2
2020-09-22 15:18:16,12464,12464,12464,2,-2
2020-09-22 15:18:16,12465,12465,12465,4,4
2020-09-22 15:18:16,12465,12465,12465,2,2
2020-09-22 15:18:17,12465,12465,12465,4,4
2020-09-22 15:18:17,12465,12465,12465,2,2
2020-09-22 15:18:18,12465,12465,12465,2,2
2020-09-22 15:18:18,12464,12464,12464,2,-2
2020-09-22 15:18:18,12464,12464,12464,2,2
2020-09-22 15:18:18,12464,12464,12464,4,4
2020-09-22 15:18:18,12466,12466,12466,6,6
2020-09-22 15:18:18,12466,12466,12466,2,2
2020-09-22 15:18:18,12466,12466,12466,2,2
2020-09-22 15:18:19,12465,12465,12465,2,-2
2020-09-22 15:18:19,12465,12465,12465,2,2
2020-09-22 15:18:19,12465,12465,12465,4,4
2020-09-22 15:18:19,12465,12465,12465,2,2
2020-09-22 15:18:19,12465,12465,12465,2,2
2020-09-22 15:18:19,12465,12465,12465,2,2
2020-09-22 15:18:20,12465,12465,12465,2,2
2020-09-22 15:18:20,12464,12464,12464,4,-4
2020-09-22 15:18:20,12464,12464,12464,2,2
2020-09-22 15:18:21,12465,12465,12465,2,2
2020-09-22 15:18:21,12464,12464,12464,2,-2
2020-09-22 15:18:21,12464,12464,12464,12,12
2020-09-22 15:18:28,12465,12465,12465,2,2
2020-09-22 15:18:28,12464,12464,12464,2,-2
2020-09-22 15:18:28,12465,12465,12465,2,2
2020-09-22 15:18:29,12465,12465,12465,2,2
2020-09-22 15:18:29,12465,12465,12465,2,2
2020-09-22 15:18:31,12465,12465,12465,8,8
2020-09-22 15:18:31,12464,12464,12464,10,-10
2020-09-22 15:18:31,12464,12464,12464,2,2
2020-09-22 15:18:32,12465,12465,12465,2,2
2020-09-22 15:18:33,12465,12465,12465,2,2
2020-09-22 15:18:34,12464,12464,12464,2,-2
2020-09-22 15:18:34,12464,12464,12464,2,2
2020-09-22 15:18:34,12464,12464,12464,4,4
2020-09-22 15:18:35,12463,12463,12463,2,-2
2020-09-22 15:18:35,12463,12463,12463,2,2
2020-09-22 15:18:35,12464,12464,12464,2,2
2020-09-22 15:18:37,12463,12463,12463,2,-2
2020-09-22 15:18:39,12463,12463,12463,2,2
2020-09-22 15:18:39,12463,12463,12463,4,4
2020-09-22 15:18:39,12463,12463,12463,4,4
2020-09-22 15:18:39,12463,12463,12463,2,2
2020-09-22 15:18:39,12463,12463,12463,2,2
2020-09-22 15:18:39,12463,12463,12463,2,2
2020-09-22 15:18:39,12462,12462,12462,2,-2
2020-09-22 15:18:39,12462,12462,12462,10,10
2020-09-22 15:18:39,12462,12462,12462,2,2
2020-09-22 15:18:39,12462,12462,12462,2,2
2020-09-22 15:18:39,12462,12462,12462,4,4
2020-09-22 15:18:39,12462,12462,12462,2,2
2020-09-22 15:18:39,12464,12464,12464,4,4
2020-09-22 15:18:39,12463,12463,12463,2,-2
2020-09-22 15:18:40,12463,12463,12463,2,2
2020-09-22 15:18:40,12464,12464,12464,2,2
2020-09-22 15:18:40,12463,12463,12463,2,-2
2020-09-22 15:18:40,12463,12463,12463,4,4
2020-09-22 15:18:41,12464,12464,12464,6,6
2020-09-22 15:18:41,12464,12464,12464,2,2
2020-09-22 15:18:41,12464,12464,12464,2,2
2020-09-22 15:18:42,12465,12465,12465,14,14
2020-09-22 15:18:42,12465,12465,12465,2,2
2020-09-22 15:18:42,12465,12465,12465,2,2
2020-09-22 15:18:43,12464,12464,12464,4,-4
2020-09-22 15:18:43,12464,12464,12464,2,2
2020-09-22 15:18:43,12464,12464,12464,2,2
2020-09-22 15:18:43,12464,12464,12464,2,2
2020-09-22 15:18:43,12464,12464,12464,2,2
2020-09-22 15:18:43,12464,12464,12464,2,2
2020-09-22 15:18:43,12463,12463,12463,2,-2
2020-09-22 15:18:43,12463,12463,12463,2,2
2020-09-22 15:18:43,12463,12463,12463,2,2
2020-09-22 15:18:43,12463,12463,12463,4,4
2020-09-22 15:18:43,12463,12463,12463,4,4
2020-09-22 15:18:43,12463,12463,12463,2,2
2020-09-22 15:18:45,12465,12465,12465,2,2
2020-09-22 15:18:46,12465,12465,12465,2,2
2020-09-22 15:18:47,12465,12465,12465,4,4
2020-09-22 15:18:47,12464,12464,12464,4,-4
2020-09-22 15:18:47,12464,12464,12464,2,2
2020-09-22 15:18:47,12464,12464,12464,2,2
2020-09-22 15:18:47,12464,12464,12464,4,4
2020-09-22 15:18:47,12464,12464,12464,14,14
2020-09-22 15:18:47,12464,12464,12464,2,2
2020-09-22 15:18:47,12464,12464,12464,4,4
2020-09-22 15:18:47,12464,12464,12464,4,4
2020-09-22 15:18:48,12463,12463,12463,2,-2
2020-09-22 15:18:48,12463,12463,12463,2,2
2020-09-22 15:18:49,12464,12464,12464,8,8
2020-09-22 15:18:49,12465,12465,12465,2,2
2020-09-22 15:18:52,12463,12463,12463,2,-2
2020-09-22 15:18:53,12463,12463,12463,2,2
2020-09-22 15:18:53,12462,12462,12462,2,-2
2020-09-22 15:18:53,12462,12462,12462,2,2
2020-09-22 15:18:53,12462,12462,12462,4,4
2020-09-22 15:18:53,12463,12463,12463,4,4
2020-09-22 15:18:53,12462,12462,12462,2,-2
2020-09-22 15:18:53,12462,12462,12462,2,2
2020-09-22 15:18:55,12464,12464,12464,2,2
2020-09-22 15:18:56,12462,12462,12462,4,-4
2020-09-22 15:18:56,12462,12462,12462,2,2
2020-09-22 15:18:57,12462,12462,12462,2,2
2020-09-22 15:18:57,12461,12461,12461,2,-2
2020-09-22 15:18:58,12461,12461,12461,2,2
2020-09-22 15:18:58,12461,12461,12461,2,2
2020-09-22 15:18:58,12461,12461,12461,2,2
2020-09-22 15:18:58,12461,12461,12461,2,2
2020-09-22 15:18:58,12461,12461,12461,2,2
2020-09-22 15:18:58,12461,12461,12461,2,2
2020-09-22 15:18:59,12461,12461,12461,2,2
2020-09-22 15:18:59,12462,12462,12462,2,2
2020-09-22 15:18:59,12461,12461,12461,2,-2
2020-09-22 15:18:59,12461,12461,12461,2,2
2020-09-22 15:19:00,12462,12462,12462,18,18
2020-09-22 15:19:00,12463,12463,12463,4,4
2020-09-22 15:19:01,12463,12463,12463,2,2
2020-09-22 15:19:02,12461,12461,12461,6,-6
2020-09-22 15:19:02,12462,12462,12462,2,2
2020-09-22 15:19:02,12461,12461,12461,2,-2
2020-09-22 15:19:02,12461,12461,12461,2,2
2020-09-22 15:19:03,12461,12461,12461,2,2
2020-09-22 15:19:03,12461,12461,12461,6,6
2020-09-22 15:19:04,12461,12461,12461,2,2
2020-09-22 15:19:04,12461,12461,12461,2,2
2020-09-22 15:19:04,12461,12461,12461,30,30
2020-09-22 15:19:04,12461,12461,12461,2,2
2020-09-22 15:19:05,12463,12463,12463,2,2
2020-09-22 15:19:06,12463,12463,12463,2,2
2020-09-22 15:19:06,12463,12463,12463,2,2
2020-09-22 15:19:06,12463,12463,12463,2,2
2020-09-22 15:19:06,12461,12461,12461,2,-2
2020-09-22 15:19:07,12461,12461,12461,2,2
2020-09-22 15:19:07,12461,12461,12461,2,2
2020-09-22 15:19:07,12463,12463,12463,2,2
2020-09-22 15:19:09,12462,12462,12462,2,-2
2020-09-22 15:19:10,12462,12462,12462,2,2
2020-09-22 15:19:10,12462,12462,12462,2,2
2020-09-22 15:19:10,12462,12462,12462,2,2
2020-09-22 15:19:13,12462,12462,12462,2,2
2020-09-22 15:19:13,12462,12462,12462,4,4
2020-09-22 15:19:13,12462,12462,12462,2,2
2020-09-22 15:19:13,12462,12462,12462,2,2
2020-09-22 15:19:14,12461,12461,12461,2,-2
2020-09-22 15:19:14,12461,12461,12461,4,4
2020-09-22 15:19:14,12461,12461,12461,2,2
2020-09-22 15:19:14,12461,12461,12461,2,2
2020-09-22 15:19:14,12461,12461,12461,2,2
2020-09-22 15:19:16,12462,12462,12462,2,2
2020-09-22 15:19:17,12462,12462,12462,2,2
2020-09-22 15:19:18,12462,12462,12462,2,2
2020-09-22 15:19:21,12462,12462,12462,2,2
2020-09-22 15:19:21,12462,12462,12462,2,2
2020-09-22 15:19:21,12462,12462,12462,2,2
2020-09-22 15:19:21,12462,12462,12462,10,10
2020-09-22 15:19:21,12462,12462,12462,2,2
2020-09-22 15:19:22,12462,12462,12462,6,6
2020-09-22 15:19:22,12462,12462,12462,2,2
2020-09-22 15:19:23,12463,12463,12463,2,2
2020-09-22 15:19:25,12463,12463,12463,8,8
2020-09-22 15:19:25,12463,12463,12463,8,8
2020-09-22 15:19:25,12462,12462,12462,2,-2
2020-09-22 15:19:25,12462,12462,12462,2,2
2020-09-22 15:19:26,12464,12464,12464,14,14
2020-09-22 15:19:29,12463,12463,12463,2,-2
2020-09-22 15:19:29,12462,12462,12462,2,-2
2020-09-22 15:19:29,12464,12464,12464,2,2
2020-09-22 15:19:29,12464,12464,12464,4,4
2020-09-22 15:19:30,12463,12463,12463,2,-2
2020-09-22 15:19:30,12463,12463,12463,2,2
2020-09-22 15:19:30,12463,12463,12463,22,22
2020-09-22 15:19:31,12465,12465,12465,2,2
2020-09-22 15:19:33,12465,12465,12465,2,2
2020-09-22 15:19:36,12465,12465,12465,2,2
2020-09-22 15:19:36,12465,12465,12465,6,6
2020-09-22 15:19:38,12464,12464,12464,2,-2
2020-09-22 15:19:40,12463,12463,12463,2,-2
2020-09-22 15:19:40,12463,12463,12463,4,4
2020-09-22 15:19:40,12463,12463,12463,2,2
2020-09-22 15:19:40,12463,12463,12463,2,2
2020-09-22 15:19:41,12464,12464,12464,2,2
2020-09-22 15:19:43,12462,12462,12462,2,-2
2020-09-22 15:19:43,12464,12464,12464,4,4
2020-09-22 15:19:44,12463,12463,12463,2,-2
2020-09-22 15:19:44,12464,12464,12464,2,2
2020-09-22 15:19:46,12464,12464,12464,2,2
2020-09-22 15:19:46,12463,12463,12463,2,-2
2020-09-22 15:19:51,12463,12463,12463,2,2
2020-09-22 15:19:51,12464,12464,12464,8,8
2020-09-22 15:19:51,12463,12463,12463,2,-2
2020-09-22 15:19:53,12464,12464,12464,2,2
2020-09-22 15:19:55,12463,12463,12463,2,-2
2020-09-22 15:19:58,12464,12464,12464,2,2
2020-09-22 15:19:59,12465,12465,12465,10,10
2020-09-22 15:19:59,12465,12465,12465,12,12
2020-09-22 15:19:59,12465,12465,12465,2,2
2020-09-22 15:19:59,12466,12466,12466,2,2
2020-09-22 15:20:02,12466,12466,12466,2,2
2020-09-22 15:20:02,12464,12464,12464,2,-2
2020-09-22 15:20:02,12464,12464,12464,2,2
2020-09-22 15:20:02,12464,12464,12464,2,2
2020-09-22 15:20:02,12464,12464,12464,6,6
2020-09-22 15:20:02,12464,12464,12464,2,2
2020-09-22 15:20:02,12464,12464,12464,6,6
2020-09-22 15:20:03,12463,12463,12463,2,-2
2020-09-22 15:20:03,12463,12463,12463,2,2
2020-09-22 15:20:03,12464,12464,12464,2,2
2020-09-22 15:20:07,12464,12464,12464,2,2
2020-09-22 15:20:18,12464,12464,12464,2,2
2020-09-22 15:20:18,12464,12464,12464,8,8
2020-09-22 15:20:18,12464,12464,12464,2,2
2020-09-22 15:20:18,12464,12464,12464,2,2
2020-09-22 15:20:18,12464,12464,12464,2,2
2020-09-22 15:20:18,12464,12464,12464,2,2
2020-09-22 15:20:18,12464,12464,12464,4,4
2020-09-22 15:20:20,12464,12464,12464,6,6
2020-09-22 15:20:21,12464,12464,12464,2,2
2020-09-22 15:20:22,12465,12465,12465,18,18
2020-09-22 15:20:22,12466,12466,12466,6,6
2020-09-22 15:20:23,12467,12467,12467,4,4
2020-09-22 15:20:23,12467,12467,12467,2,2
2020-09-22 15:20:23,12467,12467,12467,2,2
2020-09-22 15:20:23,12468,12468,12468,2,2
2020-09-22 15:20:23,12468,12468,12468,4,4
2020-09-22 15:20:24,12468,12468,12468,2,2
2020-09-22 15:20:24,12467,12467,12467,2,-2
2020-09-22 15:20:25,12467,12467,12467,2,2
2020-09-22 15:20:27,12465,12465,12465,2,-2
2020-09-22 15:20:30,12465,12465,12465,2,2
2020-09-22 15:20:30,12467,12467,12467,2,2
2020-09-22 15:20:30,12466,12466,12466,2,-2
2020-09-22 15:20:32,12466,12466,12466,2,2
2020-09-22 15:20:34,12466,12466,12466,2,2
2020-09-22 15:20:35,12467,12467,12467,2,2
2020-09-22 15:20:39,12467,12467,12467,2,2
2020-09-22 15:20:39,12467,12467,12467,22,22
2020-09-22 15:20:40,12467,12467,12467,2,2
2020-09-22 15:20:40,12467,12467,12467,2,2
2020-09-22 15:20:40,12468,12468,12468,2,2
2020-09-22 15:20:42,12468,12468,12468,2,2
2020-09-22 15:20:42,12468,12468,12468,4,4
2020-09-22 15:20:42,12468,12468,12468,4,4
2020-09-22 15:20:43,12469,12469,12469,2,2
2020-09-22 15:20:43,12468,12468,12468,2,-2
2020-09-22 15:20:43,12469,12469,12469,6,6
2020-09-22 15:20:44,12469,12469,12469,2,2
2020-09-22 15:20:45,12469,12469,12469,2,2
2020-09-22 15:20:47,12469,12469,12469,2,2
2020-09-22 15:20:47,12468,12468,12468,2,-2
2020-09-22 15:20:48,12469,12469,12469,2,2
2020-09-22 15:20:48,12470,12470,12470,2,2
2020-09-22 15:20:48,12470,12470,12470,8,8
2020-09-22 15:20:48,12470,12470,12470,2,2
2020-09-22 15:20:48,12470,12470,12470,4,4
2020-09-22 15:20:48,12470,12470,12470,6,6
2020-09-22 15:20:48,12470,12470,12470,2,2
2020-09-22 15:20:48,12471,12471,12471,2,2
2020-09-22 15:20:48,12471,12471,12471,6,6
2020-09-22 15:20:48,12471,12471,12471,2,2
2020-09-22 15:20:50,12471,12471,12471,4,4
2020-09-22 15:20:50,12471,12471,12471,2,2
2020-09-22 15:20:52,12471,12471,12471,8,8
2020-09-22 15:20:52,12471,12471,12471,4,4
2020-09-22 15:20:53,12472,12472,12472,2,2
2020-09-22 15:20:53,12472,12472,12472,2,2
2020-09-22 15:20:53,12472,12472,12472,4,4
2020-09-22 15:20:53,12472,12472,12472,2,2
2020-09-22 15:20:53,12473,12473,12473,10,10
2020-09-22 15:20:53,12473,12473,12473,2,2
2020-09-22 15:20:54,12473,12473,12473,2,2
2020-09-22 15:20:57,12473,12473,12473,8,8
2020-09-22 15:20:58,12474,12474,12474,12,12
2020-09-22 15:20:59,12475,12475,12475,2,2
2020-09-22 15:20:59,12474,12474,12474,2,-2
2020-09-22 15:21:00,12475,12475,12475,46,46
2020-09-22 15:21:01,12475,12475,12475,8,8
2020-09-22 15:21:01,12475,12475,12475,2,2
2020-09-22 15:21:01,12476,12476,12476,2,2
2020-09-22 15:21:01,12476,12476,12476,8,8
2020-09-22 15:21:02,12476,12476,12476,2,2
2020-09-22 15:21:02,12476,12476,12476,2,2
2020-09-22 15:21:02,12477,12477,12477,2,2
2020-09-22 15:21:02,12475,12475,12475,4,-4
2020-09-22 15:21:02,12475,12475,12475,4,4
2020-09-22 15:21:02,12475,12475,12475,2,2
2020-09-22 15:21:03,12475,12475,12475,2,2
2020-09-22 15:21:03,12475,12475,12475,2,2
2020-09-22 15:21:03,12476,12476,12476,2,2
2020-09-22 15:21:03,12475,12475,12475,2,-2
2020-09-22 15:21:04,12475,12475,12475,2,2
2020-09-22 15:21:05,12476,12476,12476,2,2
2020-09-22 15:21:07,12475,12475,12475,2,-2
2020-09-22 15:21:08,12475,12475,12475,2,2
2020-09-22 15:21:08,12475,12475,12475,2,2
2020-09-22 15:21:09,12476,12476,12476,6,6
2020-09-22 15:21:09,12476,12476,12476,2,2
2020-09-22 15:21:10,12476,12476,12476,2,2
2020-09-22 15:21:11,12476,12476,12476,2,2
2020-09-22 15:21:11,12476,12476,12476,2,2
2020-09-22 15:21:11,12476,12476,12476,2,2
2020-09-22 15:21:11,12476,12476,12476,8,8
2020-09-22 15:21:11,12476,12476,12476,2,2
2020-09-22 15:21:12,12476,12476,12476,2,2
2020-09-22 15:21:12,12476,12476,12476,4,4
2020-09-22 15:21:13,12476,12476,12476,4,4
2020-09-22 15:21:13,12475,12475,12475,2,-2
2020-09-22 15:21:14,12476,12476,12476,2,2
2020-09-22 15:21:15,12477,12477,12477,24,24
2020-09-22 15:21:16,12478,12478,12478,18,18
2020-09-22 15:21:16,12478,12478,12478,2,2
2020-09-22 15:21:16,12479,12479,12479,2,2
2020-09-22 15:21:17,12479,12479,12479,2,2
2020-09-22 15:21:17,12478,12478,12478,2,-2
2020-09-22 15:21:17,12478,12478,12478,2,2
2020-09-22 15:21:18,12478,12478,12478,2,2
2020-09-22 15:21:18,12478,12478,12478,2,2
2020-09-22 15:21:18,12479,12479,12479,2,2
2020-09-22 15:21:18,12479,12479,12479,2,2
2020-09-22 15:21:18,12479,12479,12479,4,4
2020-09-22 15:21:19,12480,12480,12480,2,2
2020-09-22 15:21:19,12479,12479,12479,4,-4
2020-09-22 15:21:20,12479,12479,12479,2,2
2020-09-22 15:21:20,12480,12480,12480,10,10
