2023-05-18 15:00:00,16067,16067,16067,82,0
2023-05-18 15:00:00,16066,16066,16066,4,-4
2023-05-18 15:00:00,16066,16066,16066,2,0
2023-05-18 15:00:00,16065,16065,16065,2,-2
2023-05-18 15:00:00,16065,16065,16065,2,0
2023-05-18 15:00:00,16065,16065,16065,6,0
2023-05-18 15:00:00,16066,16066,16066,2,2
2023-05-18 15:00:00,16066,16066,16066,4,0
2023-05-18 15:00:01,16066,16066,16066,6,0
2023-05-18 15:00:02,16066,16066,16066,2,0
2023-05-18 15:00:03,16066,16066,16066,2,0
2023-05-18 15:00:04,16066,16066,16066,2,0
2023-05-18 15:00:04,16066,16066,16066,6,0
2023-05-18 15:00:06,16067,16067,16067,2,2
2023-05-18 15:00:08,16067,16067,16067,2,0
2023-05-18 15:00:08,16067,16067,16067,4,0
2023-05-18 15:00:09,16067,16067,16067,14,0
2023-05-18 15:00:09,16068,16068,16068,12,12
2023-05-18 15:00:09,16068,16068,16068,2,0
2023-05-18 15:00:09,16068,16068,16068,2,0
2023-05-18 15:00:10,16067,16067,16067,2,-2
2023-05-18 15:00:10,16067,16067,16067,4,0
2023-05-18 15:00:12,16067,16067,16067,2,0
2023-05-18 15:00:13,16068,16068,16068,2,2
2023-05-18 15:00:14,16068,16068,16068,4,0
2023-05-18 15:00:14,16068,16068,16068,4,0
2023-05-18 15:00:14,16068,16068,16068,6,0
2023-05-18 15:00:15,16068,16068,16068,4,0
2023-05-18 15:00:15,16068,16068,16068,8,0
2023-05-18 15:00:15,16068,16068,16068,2,0
2023-05-18 15:00:15,16068,16068,16068,2,0
2023-05-18 15:00:17,16069,16069,16069,6,6
2023-05-18 15:00:17,16069,16069,16069,4,0
2023-05-18 15:00:17,16069,16069,16069,8,0
2023-05-18 15:00:18,16069,16069,16069,2,0
2023-05-18 15:00:18,16070,16070,16070,12,12
2023-05-18 15:00:18,16071,16071,16071,2,2
2023-05-18 15:00:19,16070,16070,16070,2,-2
2023-05-18 15:00:20,16071,16071,16071,4,4
2023-05-18 15:00:21,16071,16071,16071,6,0
2023-05-18 15:00:22,16070,16070,16070,2,-2
2023-05-18 15:00:22,16070,16070,16070,10,0
2023-05-18 15:00:22,16070,16070,16070,2,0
2023-05-18 15:00:23,16071,16071,16071,2,2
2023-05-18 15:00:24,16070,16070,16070,2,-2
2023-05-18 15:00:24,16070,16070,16070,6,0
2023-05-18 15:00:24,16070,16070,16070,2,0
2023-05-18 15:00:24,16070,16070,16070,4,0
2023-05-18 15:00:26,16071,16071,16071,2,2
2023-05-18 15:00:26,16071,16071,16071,10,0
2023-05-18 15:00:26,16071,16071,16071,2,0
2023-05-18 15:00:27,16071,16071,16071,2,0
2023-05-18 15:00:28,16071,16071,16071,2,0
2023-05-18 15:00:30,16072,16072,16072,4,4
2023-05-18 15:00:31,16072,16072,16072,12,0
2023-05-18 15:00:31,16073,16073,16073,4,4
2023-05-18 15:00:31,16073,16073,16073,2,0
2023-05-18 15:00:33,16073,16073,16073,4,0
2023-05-18 15:00:33,16073,16073,16073,2,0
2023-05-18 15:00:33,16073,16073,16073,2,0
2023-05-18 15:00:34,16073,16073,16073,2,0
2023-05-18 15:00:34,16073,16073,16073,2,0
2023-05-18 15:00:34,16074,16074,16074,4,4
2023-05-18 15:00:34,16074,16074,16074,6,0
2023-05-18 15:00:35,16074,16074,16074,2,0
2023-05-18 15:00:35,16075,16075,16075,6,6
2023-05-18 15:00:36,16075,16075,16075,2,0
2023-05-18 15:00:36,16075,16075,16075,4,0
2023-05-18 15:00:36,16075,16075,16075,2,0
2023-05-18 15:00:39,16075,16075,16075,4,0
2023-05-18 15:00:39,16075,16075,16075,4,0
2023-05-18 15:00:39,16075,16075,16075,4,0
2023-05-18 15:00:39,16075,16075,16075,2,0
2023-05-18 15:00:39,16074,16074,16074,4,-4
2023-05-18 15:00:39,16074,16074,16074,2,0
2023-05-18 15:00:43,16073,16073,16073,2,-2
2023-05-18 15:00:43,16073,16073,16073,6,0
2023-05-18 15:00:43,16073,16073,16073,4,0
2023-05-18 15:00:43,16073,16073,16073,2,0
2023-05-18 15:00:43,16074,16074,16074,10,10
2023-05-18 15:00:45,16074,16074,16074,2,0
2023-05-18 15:00:46,16074,16074,16074,2,0
2023-05-18 15:00:46,16074,16074,16074,4,0
2023-05-18 15:00:47,16075,16075,16075,10,10
2023-05-18 15:00:47,16074,16074,16074,6,-6
2023-05-18 15:00:51,16075,16075,16075,2,2
2023-05-18 15:00:51,16075,16075,16075,2,0
2023-05-18 15:00:51,16075,16075,16075,2,0
2023-05-18 15:00:52,16076,16076,16076,10,10
2023-05-18 15:00:52,16076,16076,16076,2,0
2023-05-18 15:00:53,16075,16075,16075,4,-4
2023-05-18 15:00:56,16077,16077,16077,4,4
2023-05-18 15:00:56,16077,16077,16077,2,0
2023-05-18 15:00:56,16076,16076,16076,4,-4
2023-05-18 15:00:56,16076,16076,16076,12,0
2023-05-18 15:00:58,16076,16076,16076,2,0
2023-05-18 15:00:58,16077,16077,16077,12,12
2023-05-18 15:00:58,16077,16077,16077,2,0
2023-05-18 15:00:58,16077,16077,16077,4,0
2023-05-18 15:00:58,16077,16077,16077,2,0
2023-05-18 15:00:58,16077,16077,16077,4,0
2023-05-18 15:00:59,16076,16076,16076,2,-2
2023-05-18 15:00:59,16076,16076,16076,2,0
2023-05-18 15:00:59,16075,16075,16075,4,-4
2023-05-18 15:00:59,16075,16075,16075,2,0
2023-05-18 15:00:59,16075,16075,16075,2,0
2023-05-18 15:00:59,16075,16075,16075,6,0
2023-05-18 15:01:00,16077,16077,16077,4,4
2023-05-18 15:01:00,16078,16078,16078,4,4
2023-05-18 15:01:00,16078,16078,16078,10,0
2023-05-18 15:01:00,16079,16079,16079,2,2
2023-05-18 15:01:00,16079,16079,16079,12,0
2023-05-18 15:01:00,16079,16079,16079,2,0
2023-05-18 15:01:00,16079,16079,16079,4,0
2023-05-18 15:01:00,16079,16079,16079,4,0
2023-05-18 15:01:00,16080,16080,16080,6,6
2023-05-18 15:01:00,16080,16080,16080,6,0
2023-05-18 15:01:00,16081,16081,16081,10,10
2023-05-18 15:01:00,16082,16082,16082,18,18
2023-05-18 15:01:00,16082,16082,16082,10,0
2023-05-18 15:01:00,16082,16082,16082,2,0
2023-05-18 15:01:00,16083,16083,16083,4,4
2023-05-18 15:01:00,16083,16083,16083,4,0
2023-05-18 15:01:00,16083,16083,16083,2,0
2023-05-18 15:01:00,16083,16083,16083,2,0
2023-05-18 15:01:00,16082,16082,16082,2,-2
2023-05-18 15:01:00,16082,16082,16082,2,0
2023-05-18 15:01:01,16082,16082,16082,4,0
2023-05-18 15:01:01,16081,16081,16081,4,-4
2023-05-18 15:01:01,16081,16081,16081,4,0
2023-05-18 15:01:01,16082,16082,16082,6,6
2023-05-18 15:01:02,16081,16081,16081,6,-6
2023-05-18 15:01:02,16081,16081,16081,4,0
2023-05-18 15:01:02,16081,16081,16081,4,0
2023-05-18 15:01:02,16080,16080,16080,6,-6
2023-05-18 15:01:03,16081,16081,16081,2,2
2023-05-18 15:01:03,16081,16081,16081,2,0
2023-05-18 15:01:03,16081,16081,16081,4,0
2023-05-18 15:01:04,16081,16081,16081,2,0
2023-05-18 15:01:04,16080,16080,16080,4,-4
2023-05-18 15:01:05,16080,16080,16080,2,0
2023-05-18 15:01:05,16080,16080,16080,10,0
2023-05-18 15:01:05,16078,16078,16078,4,-4
2023-05-18 15:01:07,16079,16079,16079,30,30
2023-05-18 15:01:07,16080,16080,16080,6,6
2023-05-18 15:01:08,16078,16078,16078,2,-2
2023-05-18 15:01:09,16079,16079,16079,2,2
2023-05-18 15:01:10,16079,16079,16079,2,0
2023-05-18 15:01:10,16080,16080,16080,2,2
2023-05-18 15:01:11,16081,16081,16081,2,2
2023-05-18 15:01:11,16079,16079,16079,2,-2
2023-05-18 15:01:11,16079,16079,16079,4,0
2023-05-18 15:01:11,16079,16079,16079,6,0
2023-05-18 15:01:15,16079,16079,16079,2,0
2023-05-18 15:01:15,16080,16080,16080,2,2
2023-05-18 15:01:16,16079,16079,16079,2,-2
2023-05-18 15:01:19,16080,16080,16080,2,2
2023-05-18 15:01:19,16079,16079,16079,2,-2
2023-05-18 15:01:19,16080,16080,16080,4,4
2023-05-18 15:01:21,16079,16079,16079,2,-2
2023-05-18 15:01:22,16080,16080,16080,6,6
2023-05-18 15:01:22,16079,16079,16079,2,-2
2023-05-18 15:01:26,16079,16079,16079,2,0
2023-05-18 15:01:28,16079,16079,16079,4,0
2023-05-18 15:01:28,16079,16079,16079,2,0
2023-05-18 15:01:28,16079,16079,16079,2,0
2023-05-18 15:01:29,16080,16080,16080,2,2
2023-05-18 15:01:30,16080,16080,16080,4,0
2023-05-18 15:01:31,16079,16079,16079,2,-2
2023-05-18 15:01:31,16079,16079,16079,2,0
2023-05-18 15:01:32,16080,16080,16080,4,4
2023-05-18 15:01:32,16079,16079,16079,2,-2
2023-05-18 15:01:32,16080,16080,16080,2,2
2023-05-18 15:01:34,16080,16080,16080,2,0
2023-05-18 15:01:34,16080,16080,16080,2,0
2023-05-18 15:01:35,16080,16080,16080,2,0
2023-05-18 15:01:35,16080,16080,16080,2,0
2023-05-18 15:01:36,16079,16079,16079,2,-2
2023-05-18 15:01:36,16079,16079,16079,4,0
2023-05-18 15:01:37,16080,16080,16080,2,2
2023-05-18 15:01:38,16079,16079,16079,2,-2
2023-05-18 15:01:38,16079,16079,16079,2,0
2023-05-18 15:01:38,16079,16079,16079,2,0
2023-05-18 15:01:39,16078,16078,16078,2,-2
2023-05-18 15:01:39,16078,16078,16078,2,0
2023-05-18 15:01:39,16078,16078,16078,2,0
2023-05-18 15:01:40,16079,16079,16079,2,2
2023-05-18 15:01:40,16079,16079,16079,2,0
2023-05-18 15:01:44,16079,16079,16079,4,0
2023-05-18 15:01:46,16079,16079,16079,4,0
2023-05-18 15:01:46,16078,16078,16078,2,-2
2023-05-18 15:01:46,16078,16078,16078,10,0
2023-05-18 15:01:46,16078,16078,16078,2,0
2023-05-18 15:01:46,16079,16079,16079,2,2
2023-05-18 15:01:47,16079,16079,16079,2,0
2023-05-18 15:01:47,16078,16078,16078,4,-4
2023-05-18 15:01:47,16078,16078,16078,6,0
2023-05-18 15:01:48,16079,16079,16079,4,4
2023-05-18 15:01:51,16079,16079,16079,2,0
2023-05-18 15:01:52,16079,16079,16079,2,0
2023-05-18 15:01:52,16078,16078,16078,2,-2
2023-05-18 15:01:58,16079,16079,16079,2,2
2023-05-18 15:01:58,16079,16079,16079,2,0
2023-05-18 15:01:59,16079,16079,16079,2,0
2023-05-18 15:02:00,16078,16078,16078,2,-2
2023-05-18 15:02:02,16078,16078,16078,2,0
2023-05-18 15:02:02,16078,16078,16078,2,0
2023-05-18 15:02:03,16078,16078,16078,2,0
2023-05-18 15:02:03,16078,16078,16078,2,0
2023-05-18 15:02:03,16078,16078,16078,2,0
2023-05-18 15:02:04,16078,16078,16078,2,0
2023-05-18 15:02:04,16078,16078,16078,2,0
2023-05-18 15:02:06,16078,16078,16078,2,0
2023-05-18 15:02:07,16079,16079,16079,4,4
2023-05-18 15:02:10,16078,16078,16078,2,-2
2023-05-18 15:02:10,16078,16078,16078,2,0
2023-05-18 15:02:10,16078,16078,16078,2,0
2023-05-18 15:02:11,16078,16078,16078,4,0
2023-05-18 15:02:13,16078,16078,16078,2,0
2023-05-18 15:02:15,16077,16077,16077,2,-2
2023-05-18 15:02:15,16077,16077,16077,2,0
2023-05-18 15:02:15,16077,16077,16077,2,0
2023-05-18 15:02:15,16077,16077,16077,2,0
2023-05-18 15:02:15,16077,16077,16077,2,0
2023-05-18 15:02:15,16077,16077,16077,2,0
2023-05-18 15:02:15,16077,16077,16077,2,0
2023-05-18 15:02:16,16076,16076,16076,2,-2
2023-05-18 15:02:16,16075,16075,16075,4,-4
2023-05-18 15:02:16,16075,16075,16075,4,0
2023-05-18 15:02:16,16075,16075,16075,2,0
2023-05-18 15:02:16,16075,16075,16075,4,0
2023-05-18 15:02:16,16075,16075,16075,2,0
2023-05-18 15:02:16,16075,16075,16075,2,0
2023-05-18 15:02:16,16074,16074,16074,4,-4
2023-05-18 15:02:16,16074,16074,16074,4,0
2023-05-18 15:02:16,16074,16074,16074,6,0
2023-05-18 15:02:16,16074,16074,16074,2,0
2023-05-18 15:02:16,16074,16074,16074,6,0
2023-05-18 15:02:16,16074,16074,16074,2,0
2023-05-18 15:02:16,16074,16074,16074,6,0
2023-05-18 15:02:16,16074,16074,16074,2,0
2023-05-18 15:02:16,16074,16074,16074,6,0
2023-05-18 15:02:16,16073,16073,16073,4,-4
2023-05-18 15:02:16,16073,16073,16073,6,0
2023-05-18 15:02:16,16073,16073,16073,6,0
2023-05-18 15:02:16,16073,16073,16073,4,0
2023-05-18 15:02:16,16073,16073,16073,4,0
2023-05-18 15:02:16,16074,16074,16074,2,2
2023-05-18 15:02:16,16073,16073,16073,2,-2
2023-05-18 15:02:16,16073,16073,16073,2,0
2023-05-18 15:02:16,16073,16073,16073,2,0
2023-05-18 15:02:16,16073,16073,16073,2,0
2023-05-18 15:02:16,16073,16073,16073,6,0
2023-05-18 15:02:16,16073,16073,16073,6,0
2023-05-18 15:02:16,16073,16073,16073,2,0
2023-05-18 15:02:16,16073,16073,16073,2,0
2023-05-18 15:02:16,16073,16073,16073,2,0
2023-05-18 15:02:16,16074,16074,16074,2,2
2023-05-18 15:02:17,16074,16074,16074,2,0
2023-05-18 15:02:22,16076,16076,16076,4,4
2023-05-18 15:02:28,16074,16074,16074,2,-2
2023-05-18 15:02:28,16074,16074,16074,2,0
2023-05-18 15:02:28,16074,16074,16074,2,0
2023-05-18 15:02:29,16074,16074,16074,2,0
2023-05-18 15:02:29,16073,16073,16073,2,-2
2023-05-18 15:02:30,16073,16073,16073,2,0
2023-05-18 15:02:30,16073,16073,16073,2,0
2023-05-18 15:02:30,16073,16073,16073,2,0
2023-05-18 15:02:30,16073,16073,16073,2,0
2023-05-18 15:02:30,16073,16073,16073,4,0
2023-05-18 15:02:30,16072,16072,16072,4,-4
2023-05-18 15:02:30,16072,16072,16072,2,0
2023-05-18 15:02:30,16073,16073,16073,2,2
2023-05-18 15:02:30,16072,16072,16072,4,-4
2023-05-18 15:02:30,16072,16072,16072,4,0
2023-05-18 15:02:30,16072,16072,16072,2,0
2023-05-18 15:02:30,16072,16072,16072,2,0
2023-05-18 15:02:30,16072,16072,16072,2,0
2023-05-18 15:02:30,16072,16072,16072,4,0
2023-05-18 15:02:30,16072,16072,16072,2,0
2023-05-18 15:02:30,16072,16072,16072,2,0
2023-05-18 15:02:30,16072,16072,16072,2,0
2023-05-18 15:02:30,16071,16071,16071,2,-2
2023-05-18 15:02:30,16071,16071,16071,4,0
2023-05-18 15:02:30,16071,16071,16071,2,0
2023-05-18 15:02:30,16071,16071,16071,2,0
2023-05-18 15:02:30,16071,16071,16071,2,0
2023-05-18 15:02:30,16071,16071,16071,2,0
2023-05-18 15:02:34,16071,16071,16071,2,0
2023-05-18 15:02:37,16072,16072,16072,2,2
2023-05-18 15:02:37,16072,16072,16072,2,0
2023-05-18 15:02:37,16072,16072,16072,2,0
2023-05-18 15:02:37,16072,16072,16072,2,0
2023-05-18 15:02:38,16074,16074,16074,4,4
2023-05-18 15:02:45,16072,16072,16072,2,-2
2023-05-18 15:02:47,16073,16073,16073,8,8
2023-05-18 15:02:47,16073,16073,16073,2,0
2023-05-18 15:02:48,16073,16073,16073,2,0
2023-05-18 15:02:51,16072,16072,16072,4,-4
2023-05-18 15:02:51,16072,16072,16072,2,0
2023-05-18 15:02:51,16072,16072,16072,2,0
2023-05-18 15:02:51,16072,16072,16072,2,0
2023-05-18 15:02:51,16072,16072,16072,6,0
2023-05-18 15:02:51,16073,16073,16073,10,10
2023-05-18 15:03:00,16074,16074,16074,2,2
2023-05-18 15:03:00,16074,16074,16074,4,0
2023-05-18 15:03:00,16074,16074,16074,20,0
2023-05-18 15:03:00,16075,16075,16075,2,2
2023-05-18 15:03:00,16075,16075,16075,2,0
2023-05-18 15:03:00,16075,16075,16075,6,0
2023-05-18 15:03:04,16075,16075,16075,2,0
2023-05-18 15:03:09,16075,16075,16075,2,0
2023-05-18 15:03:09,16075,16075,16075,2,0
2023-05-18 15:03:13,16076,16076,16076,2,2
2023-05-18 15:03:13,16075,16075,16075,4,-4
2023-05-18 15:03:13,16075,16075,16075,2,0
2023-05-18 15:03:16,16075,16075,16075,2,0
2023-05-18 15:03:39,16076,16076,16076,2,2
2023-05-18 15:03:40,16076,16076,16076,2,0
2023-05-18 15:03:40,16075,16075,16075,2,-2
2023-05-18 15:03:40,16075,16075,16075,2,0
2023-05-18 15:03:42,16076,16076,16076,2,2
2023-05-18 15:03:58,16075,16075,16075,2,-2
2023-05-18 15:04:01,16076,16076,16076,4,4
2023-05-18 15:04:02,16076,16076,16076,2,0
2023-05-18 15:04:02,16076,16076,16076,2,0
2023-05-18 15:04:02,16076,16076,16076,2,0
2023-05-18 15:04:02,16076,16076,16076,2,0
2023-05-18 15:04:02,16076,16076,16076,2,0
2023-05-18 15:04:02,16076,16076,16076,2,0
2023-05-18 15:04:02,16076,16076,16076,2,0
2023-05-18 15:04:02,16076,16076,16076,2,0
2023-05-18 15:04:02,16076,16076,16076,2,0
2023-05-18 15:04:02,16077,16077,16077,2,2
2023-05-18 15:04:02,16077,16077,16077,2,0
2023-05-18 15:04:02,16077,16077,16077,2,0
2023-05-18 15:04:02,16077,16077,16077,2,0
2023-05-18 15:04:02,16077,16077,16077,2,0
2023-05-18 15:04:02,16078,16078,16078,2,2
2023-05-18 15:04:02,16078,16078,16078,2,0
2023-05-18 15:04:07,16078,16078,16078,2,0
2023-05-18 15:04:09,16078,16078,16078,2,0
2023-05-18 15:04:09,16078,16078,16078,2,0
2023-05-18 15:04:12,16077,16077,16077,2,-2
2023-05-18 15:04:12,16077,16077,16077,2,0
2023-05-18 15:04:12,16077,16077,16077,2,0
2023-05-18 15:04:12,16077,16077,16077,2,0
2023-05-18 15:04:12,16077,16077,16077,2,0
2023-05-18 15:04:12,16077,16077,16077,2,0
2023-05-18 15:04:12,16077,16077,16077,14,0
2023-05-18 15:04:12,16077,16077,16077,4,0
2023-05-18 15:04:12,16077,16077,16077,2,0
2023-05-18 15:04:12,16077,16077,16077,2,0
2023-05-18 15:04:12,16076,16076,16076,2,-2
2023-05-18 15:04:12,16076,16076,16076,2,0
2023-05-18 15:04:12,16076,16076,16076,2,0
2023-05-18 15:04:12,16076,16076,16076,2,0
2023-05-18 15:04:12,16076,16076,16076,4,0
2023-05-18 15:04:14,16076,16076,16076,2,0
2023-05-18 15:04:17,16076,16076,16076,2,0
2023-05-18 15:04:21,16076,16076,16076,2,0
2023-05-18 15:04:25,16076,16076,16076,2,0
2023-05-18 15:04:30,16076,16076,16076,2,0
2023-05-18 15:04:36,16076,16076,16076,2,0
2023-05-18 15:04:36,16076,16076,16076,2,0
2023-05-18 15:04:37,16076,16076,16076,2,0
2023-05-18 15:04:40,16075,16075,16075,2,-2
2023-05-18 15:04:42,16075,16075,16075,2,0
2023-05-18 15:04:48,16075,16075,16075,4,0
2023-05-18 15:04:48,16075,16075,16075,2,0
2023-05-18 15:04:53,16076,16076,16076,2,2
2023-05-18 15:04:55,16076,16076,16076,4,0
2023-05-18 15:04:55,16076,16076,16076,2,0
2023-05-18 15:04:56,16076,16076,16076,2,0
2023-05-18 15:04:57,16075,16075,16075,2,-2
2023-05-18 15:04:57,16076,16076,16076,2,2
2023-05-18 15:05:00,16078,16078,16078,4,4
2023-05-18 15:05:01,16077,16077,16077,2,-2
2023-05-18 15:05:01,16077,16077,16077,2,0
2023-05-18 15:05:01,16077,16077,16077,2,0
2023-05-18 15:05:01,16078,16078,16078,2,2
2023-05-18 15:05:01,16076,16076,16076,2,-2
2023-05-18 15:05:02,16076,16076,16076,2,0
2023-05-18 15:05:03,16076,16076,16076,2,0
2023-05-18 15:05:03,16076,16076,16076,2,0
2023-05-18 15:05:03,16076,16076,16076,2,0
2023-05-18 15:05:05,16078,16078,16078,2,2
2023-05-18 15:05:08,16078,16078,16078,2,0
2023-05-18 15:05:14,16078,16078,16078,2,0
2023-05-18 15:05:14,16078,16078,16078,2,0
2023-05-18 15:05:14,16078,16078,16078,2,0
2023-05-18 15:05:14,16078,16078,16078,2,0
2023-05-18 15:05:14,16078,16078,16078,2,0
2023-05-18 15:05:14,16078,16078,16078,4,0
2023-05-18 15:05:20,16079,16079,16079,2,2
2023-05-18 15:05:22,16078,16078,16078,2,-2
2023-05-18 15:05:28,16079,16079,16079,2,2
2023-05-18 15:05:34,16079,16079,16079,6,0
2023-05-18 15:05:35,16079,16079,16079,2,0
2023-05-18 15:05:35,16079,16079,16079,2,0
2023-05-18 15:05:36,16079,16079,16079,2,0
2023-05-18 15:05:38,16079,16079,16079,2,0
2023-05-18 15:05:44,16078,16078,16078,2,-2
2023-05-18 15:05:44,16079,16079,16079,2,2
2023-05-18 15:05:46,16079,16079,16079,2,0
2023-05-18 15:05:48,16079,16079,16079,2,0
2023-05-18 15:05:49,16079,16079,16079,2,0
2023-05-18 15:05:59,16079,16079,16079,2,0
2023-05-18 15:05:59,16079,16079,16079,2,0
2023-05-18 15:05:59,16079,16079,16079,2,0
2023-05-18 15:05:59,16079,16079,16079,2,0
2023-05-18 15:05:59,16078,16078,16078,4,-4
2023-05-18 15:05:59,16078,16078,16078,6,0
2023-05-18 15:05:59,16078,16078,16078,2,0
2023-05-18 15:05:59,16078,16078,16078,2,0
2023-05-18 15:05:59,16078,16078,16078,2,0
2023-05-18 15:05:59,16078,16078,16078,2,0
2023-05-18 15:05:59,16078,16078,16078,2,0
2023-05-18 15:05:59,16078,16078,16078,2,0
2023-05-18 15:05:59,16078,16078,16078,2,0
2023-05-18 15:06:00,16079,16079,16079,2,2
2023-05-18 15:06:01,16079,16079,16079,2,0
2023-05-18 15:06:02,16079,16079,16079,2,0
2023-05-18 15:06:10,16079,16079,16079,2,0
2023-05-18 15:06:11,16079,16079,16079,2,0
2023-05-18 15:06:12,16079,16079,16079,2,0
2023-05-18 15:06:13,16079,16079,16079,2,0
2023-05-18 15:06:14,16080,16080,16080,2,2
2023-05-18 15:06:21,16079,16079,16079,4,-4
2023-05-18 15:06:22,16079,16079,16079,2,0
2023-05-18 15:06:22,16078,16078,16078,2,-2
2023-05-18 15:06:22,16079,16079,16079,2,2
2023-05-18 15:06:22,16079,16079,16079,2,0
2023-05-18 15:06:23,16077,16077,16077,2,-2
2023-05-18 15:06:23,16077,16077,16077,2,0
2023-05-18 15:06:23,16077,16077,16077,4,0
2023-05-18 15:06:23,16077,16077,16077,2,0
2023-05-18 15:06:23,16077,16077,16077,2,0
2023-05-18 15:06:23,16077,16077,16077,2,0
2023-05-18 15:06:23,16077,16077,16077,6,0
2023-05-18 15:06:23,16077,16077,16077,6,0
2023-05-18 15:06:23,16077,16077,16077,2,0
2023-05-18 15:06:23,16077,16077,16077,2,0
2023-05-18 15:06:23,16077,16077,16077,2,0
2023-05-18 15:06:23,16077,16077,16077,4,0
2023-05-18 15:06:25,16077,16077,16077,2,0
2023-05-18 15:06:28,16077,16077,16077,2,0
2023-05-18 15:06:28,16077,16077,16077,2,0
2023-05-18 15:06:30,16077,16077,16077,4,0
2023-05-18 15:06:31,16077,16077,16077,6,0
2023-05-18 15:06:31,16077,16077,16077,10,0
2023-05-18 15:06:31,16077,16077,16077,4,0
2023-05-18 15:06:31,16076,16076,16076,2,-2
2023-05-18 15:06:31,16076,16076,16076,4,0
2023-05-18 15:06:31,16075,16075,16075,6,-6
2023-05-18 15:06:32,16075,16075,16075,2,0
2023-05-18 15:06:32,16075,16075,16075,2,0
2023-05-18 15:06:32,16075,16075,16075,2,0
2023-05-18 15:06:33,16077,16077,16077,2,2
2023-05-18 15:06:36,16076,16076,16076,4,-4
2023-05-18 15:06:42,16076,16076,16076,10,0
2023-05-18 15:06:50,16076,16076,16076,4,0
2023-05-18 15:06:51,16075,16075,16075,2,-2
2023-05-18 15:06:54,16075,16075,16075,2,0
2023-05-18 15:06:54,16075,16075,16075,10,0
2023-05-18 15:06:55,16075,16075,16075,2,0
2023-05-18 15:06:58,16075,16075,16075,20,0
2023-05-18 15:07:04,16075,16075,16075,2,0
2023-05-18 15:07:05,16076,16076,16076,4,4
2023-05-18 15:07:12,16076,16076,16076,2,0
2023-05-18 15:07:18,16076,16076,16076,2,0
2023-05-18 15:07:23,16076,16076,16076,2,0
2023-05-18 15:07:24,16077,16077,16077,10,10
2023-05-18 15:07:24,16077,16077,16077,2,0
2023-05-18 15:07:24,16078,16078,16078,8,8
2023-05-18 15:07:25,16078,16078,16078,2,0
2023-05-18 15:07:33,16078,16078,16078,2,0
2023-05-18 15:07:34,16077,16077,16077,2,-2
2023-05-18 15:07:34,16077,16077,16077,2,0
2023-05-18 15:07:39,16079,16079,16079,2,2
2023-05-18 15:07:53,16079,16079,16079,6,0
2023-05-18 15:08:00,16078,16078,16078,2,-2
2023-05-18 15:08:00,16078,16078,16078,2,0
2023-05-18 15:08:00,16077,16077,16077,2,-2
2023-05-18 15:08:00,16078,16078,16078,2,2
2023-05-18 15:08:01,16079,16079,16079,16,16
2023-05-18 15:08:05,16079,16079,16079,2,0
2023-05-18 15:08:07,16079,16079,16079,2,0
2023-05-18 15:08:12,16079,16079,16079,2,0
2023-05-18 15:08:12,16079,16079,16079,2,0
2023-05-18 15:08:15,16079,16079,16079,4,0
2023-05-18 15:08:16,16078,16078,16078,2,-2
2023-05-18 15:08:16,16078,16078,16078,2,0
2023-05-18 15:08:24,16079,16079,16079,10,10
2023-05-18 15:08:25,16079,16079,16079,2,0
2023-05-18 15:08:25,16079,16079,16079,4,0
2023-05-18 15:08:25,16079,16079,16079,6,0
2023-05-18 15:08:25,16079,16079,16079,8,0
2023-05-18 15:08:27,16080,16080,16080,44,44
2023-05-18 15:08:28,16081,16081,16081,2,2
2023-05-18 15:08:28,16081,16081,16081,58,0
2023-05-18 15:08:28,16082,16082,16082,70,70
2023-05-18 15:08:28,16083,16083,16083,2,2
2023-05-18 15:08:28,16083,16083,16083,2,0
2023-05-18 15:08:28,16083,16083,16083,2,0
2023-05-18 15:08:28,16083,16083,16083,4,0
2023-05-18 15:08:28,16083,16083,16083,4,0
2023-05-18 15:08:28,16083,16083,16083,6,0
2023-05-18 15:08:30,16083,16083,16083,2,0
2023-05-18 15:08:31,16084,16084,16084,2,2
2023-05-18 15:08:31,16084,16084,16084,2,0
2023-05-18 15:08:31,16084,16084,16084,4,0
2023-05-18 15:08:31,16085,16085,16085,4,4
2023-05-18 15:08:31,16085,16085,16085,6,0
2023-05-18 15:08:31,16085,16085,16085,2,0
2023-05-18 15:08:31,16085,16085,16085,6,0
2023-05-18 15:08:31,16085,16085,16085,2,0
2023-05-18 15:08:31,16085,16085,16085,4,0
2023-05-18 15:08:31,16086,16086,16086,4,4
2023-05-18 15:08:31,16086,16086,16086,2,0
2023-05-18 15:08:31,16086,16086,16086,6,0
2023-05-18 15:08:31,16087,16087,16087,2,2
2023-05-18 15:08:31,16087,16087,16087,2,0
2023-05-18 15:08:31,16087,16087,16087,2,0
2023-05-18 15:08:31,16087,16087,16087,2,0
2023-05-18 15:08:31,16087,16087,16087,8,0
2023-05-18 15:08:31,16087,16087,16087,2,0
2023-05-18 15:08:31,16087,16087,16087,6,0
2023-05-18 15:08:31,16087,16087,16087,8,0
2023-05-18 15:08:31,16087,16087,16087,2,0
2023-05-18 15:08:31,16087,16087,16087,2,0
2023-05-18 15:08:31,16087,16087,16087,2,0
2023-05-18 15:08:31,16087,16087,16087,8,0
2023-05-18 15:08:31,16087,16087,16087,2,0
2023-05-18 15:08:31,16087,16087,16087,4,0
2023-05-18 15:08:31,16087,16087,16087,2,0
2023-05-18 15:08:31,16087,16087,16087,2,0
2023-05-18 15:08:31,16088,16088,16088,8,8
2023-05-18 15:08:31,16088,16088,16088,4,0
2023-05-18 15:08:31,16088,16088,16088,8,0
2023-05-18 15:08:31,16088,16088,16088,4,0
2023-05-18 15:08:32,16087,16087,16087,2,-2
2023-05-18 15:08:32,16087,16087,16087,2,0
2023-05-18 15:08:32,16087,16087,16087,2,0
2023-05-18 15:08:32,16087,16087,16087,2,0
2023-05-18 15:08:32,16087,16087,16087,2,0
2023-05-18 15:08:32,16087,16087,16087,2,0
2023-05-18 15:08:32,16087,16087,16087,2,0
2023-05-18 15:08:32,16087,16087,16087,2,0
2023-05-18 15:08:32,16087,16087,16087,2,0
2023-05-18 15:08:32,16087,16087,16087,8,0
2023-05-18 15:08:32,16087,16087,16087,2,0
2023-05-18 15:08:32,16087,16087,16087,2,0
2023-05-18 15:08:32,16087,16087,16087,2,0
2023-05-18 15:08:32,16087,16087,16087,2,0
2023-05-18 15:08:32,16087,16087,16087,2,0
2023-05-18 15:08:33,16087,16087,16087,2,0
2023-05-18 15:08:33,16087,16087,16087,2,0
2023-05-18 15:08:33,16087,16087,16087,2,0
2023-05-18 15:08:33,16087,16087,16087,2,0
2023-05-18 15:08:35,16086,16086,16086,2,-2
2023-05-18 15:08:35,16087,16087,16087,4,4
2023-05-18 15:08:36,16086,16086,16086,2,-2
2023-05-18 15:08:36,16085,16085,16085,2,-2
2023-05-18 15:08:36,16085,16085,16085,4,0
2023-05-18 15:08:36,16085,16085,16085,2,0
2023-05-18 15:08:36,16087,16087,16087,2,2
2023-05-18 15:08:37,16085,16085,16085,2,-2
2023-05-18 15:08:38,16086,16086,16086,2,2
2023-05-18 15:08:38,16086,16086,16086,8,0
2023-05-18 15:08:39,16086,16086,16086,6,0
2023-05-18 15:08:40,16085,16085,16085,8,-8
2023-05-18 15:08:40,16085,16085,16085,2,0
2023-05-18 15:08:41,16084,16084,16084,4,-4
2023-05-18 15:08:43,16085,16085,16085,2,2
2023-05-18 15:08:45,16085,16085,16085,2,0
2023-05-18 15:08:47,16085,16085,16085,24,0
2023-05-18 15:08:48,16085,16085,16085,2,0
2023-05-18 15:08:48,16086,16086,16086,6,6
2023-05-18 15:08:50,16086,16086,16086,2,0
2023-05-18 15:08:51,16086,16086,16086,6,0
2023-05-18 15:08:52,16086,16086,16086,2,0
2023-05-18 15:08:52,16086,16086,16086,2,0
2023-05-18 15:08:52,16085,16085,16085,2,-2
2023-05-18 15:08:54,16086,16086,16086,2,2
2023-05-18 15:08:54,16086,16086,16086,2,0
2023-05-18 15:08:56,16085,16085,16085,8,-8
2023-05-18 15:08:56,16085,16085,16085,6,0
2023-05-18 15:08:56,16086,16086,16086,2,2
2023-05-18 15:08:56,16085,16085,16085,4,-4
2023-05-18 15:08:57,16085,16085,16085,2,0
2023-05-18 15:09:00,16086,16086,16086,2,2
2023-05-18 15:09:00,16086,16086,16086,2,0
2023-05-18 15:09:00,16085,16085,16085,2,-2
2023-05-18 15:09:00,16086,16086,16086,4,4
2023-05-18 15:09:00,16086,16086,16086,2,0
2023-05-18 15:09:00,16087,16087,16087,2,2
2023-05-18 15:09:00,16087,16087,16087,2,0
2023-05-18 15:09:00,16087,16087,16087,2,0
2023-05-18 15:09:01,16087,16087,16087,2,0
2023-05-18 15:09:01,16087,16087,16087,2,0
2023-05-18 15:09:01,16087,16087,16087,2,0
2023-05-18 15:09:02,16087,16087,16087,2,0
2023-05-18 15:09:02,16087,16087,16087,2,0
2023-05-18 15:09:03,16087,16087,16087,2,0
2023-05-18 15:09:03,16086,16086,16086,2,-2
2023-05-18 15:09:03,16087,16087,16087,2,2
2023-05-18 15:09:04,16087,16087,16087,14,0
2023-05-18 15:09:04,16087,16087,16087,2,0
2023-05-18 15:09:05,16086,16086,16086,2,-2
2023-05-18 15:09:05,16086,16086,16086,2,0
2023-05-18 15:09:05,16086,16086,16086,2,0
2023-05-18 15:09:06,16086,16086,16086,2,0
2023-05-18 15:09:07,16086,16086,16086,2,0
2023-05-18 15:09:07,16086,16086,16086,2,0
2023-05-18 15:09:07,16087,16087,16087,4,4
2023-05-18 15:09:10,16086,16086,16086,2,-2
2023-05-18 15:09:10,16087,16087,16087,30,30
2023-05-18 15:09:10,16088,16088,16088,46,46
2023-05-18 15:09:10,16089,16089,16089,22,22
2023-05-18 15:09:11,16089,16089,16089,2,0
2023-05-18 15:09:11,16089,16089,16089,4,0
2023-05-18 15:09:11,16089,16089,16089,2,0
2023-05-18 15:09:11,16090,16090,16090,2,2
2023-05-18 15:09:11,16090,16090,16090,2,0
2023-05-18 15:09:11,16090,16090,16090,2,0
2023-05-18 15:09:11,16089,16089,16089,2,-2
2023-05-18 15:09:12,16089,16089,16089,2,0
2023-05-18 15:09:12,16089,16089,16089,10,0
2023-05-18 15:09:12,16088,16088,16088,2,-2
2023-05-18 15:09:12,16090,16090,16090,2,2
2023-05-18 15:09:13,16090,16090,16090,2,0
2023-05-18 15:09:13,16090,16090,16090,2,0
2023-05-18 15:09:13,16090,16090,16090,2,0
2023-05-18 15:09:13,16090,16090,16090,2,0
2023-05-18 15:09:14,16088,16088,16088,2,-2
2023-05-18 15:09:14,16086,16086,16086,2,-2
2023-05-18 15:09:15,16088,16088,16088,2,2
2023-05-18 15:09:15,16088,16088,16088,2,0
2023-05-18 15:09:15,16086,16086,16086,2,-2
2023-05-18 15:09:16,16087,16087,16087,2,2
2023-05-18 15:09:20,16087,16087,16087,2,0
2023-05-18 15:09:20,16087,16087,16087,4,0
2023-05-18 15:09:24,16087,16087,16087,2,0
2023-05-18 15:09:24,16088,16088,16088,2,2
2023-05-18 15:09:24,16087,16087,16087,2,-2
2023-05-18 15:09:24,16087,16087,16087,2,0
2023-05-18 15:09:24,16087,16087,16087,6,0
2023-05-18 15:09:24,16087,16087,16087,2,0
2023-05-18 15:09:26,16086,16086,16086,4,-4
2023-05-18 15:09:26,16086,16086,16086,6,0
2023-05-18 15:09:26,16086,16086,16086,4,0
2023-05-18 15:09:26,16086,16086,16086,10,0
2023-05-18 15:09:26,16086,16086,16086,2,0
2023-05-18 15:09:26,16086,16086,16086,2,0
2023-05-18 15:09:27,16087,16087,16087,2,2
2023-05-18 15:09:28,16087,16087,16087,2,0
2023-05-18 15:09:28,16087,16087,16087,2,0
2023-05-18 15:09:29,16086,16086,16086,8,-8
2023-05-18 15:09:30,16087,16087,16087,6,6
2023-05-18 15:09:30,16088,16088,16088,14,14
2023-05-18 15:09:31,16086,16086,16086,6,-6
2023-05-18 15:09:31,16086,16086,16086,6,0
2023-05-18 15:09:31,16086,16086,16086,2,0
2023-05-18 15:09:31,16086,16086,16086,4,0
2023-05-18 15:09:31,16086,16086,16086,2,0
2023-05-18 15:09:31,16086,16086,16086,6,0
2023-05-18 15:09:31,16086,16086,16086,6,0
2023-05-18 15:09:31,16086,16086,16086,2,0
2023-05-18 15:09:32,16086,16086,16086,2,0
2023-05-18 15:09:33,16086,16086,16086,2,0
2023-05-18 15:09:34,16085,16085,16085,2,-2
2023-05-18 15:09:34,16085,16085,16085,2,0
2023-05-18 15:09:34,16085,16085,16085,2,0
2023-05-18 15:09:34,16085,16085,16085,2,0
2023-05-18 15:09:34,16085,16085,16085,2,0
2023-05-18 15:09:34,16085,16085,16085,16,0
2023-05-18 15:09:34,16085,16085,16085,2,0
2023-05-18 15:09:34,16085,16085,16085,2,0
2023-05-18 15:09:34,16085,16085,16085,2,0
2023-05-18 15:09:34,16085,16085,16085,2,0
2023-05-18 15:09:34,16085,16085,16085,8,0
2023-05-18 15:09:34,16085,16085,16085,2,0
2023-05-18 15:09:34,16085,16085,16085,2,0
2023-05-18 15:09:34,16085,16085,16085,2,0
2023-05-18 15:09:34,16085,16085,16085,4,0
2023-05-18 15:09:35,16083,16083,16083,2,-2
2023-05-18 15:09:35,16083,16083,16083,2,0
2023-05-18 15:09:35,16083,16083,16083,4,0
2023-05-18 15:09:35,16082,16082,16082,4,-4
2023-05-18 15:09:35,16083,16083,16083,2,2
2023-05-18 15:09:35,16083,16083,16083,6,0
2023-05-18 15:09:35,16083,16083,16083,2,0
2023-05-18 15:09:37,16083,16083,16083,2,0
2023-05-18 15:09:39,16085,16085,16085,2,2
2023-05-18 15:09:42,16083,16083,16083,2,-2
2023-05-18 15:09:42,16085,16085,16085,2,2
2023-05-18 15:09:52,16084,16084,16084,2,-2
2023-05-18 15:09:52,16084,16084,16084,2,0
2023-05-18 15:09:54,16084,16084,16084,2,0
2023-05-18 15:09:57,16084,16084,16084,2,0
2023-05-18 15:09:58,16084,16084,16084,4,0
2023-05-18 15:10:00,16085,16085,16085,2,2
2023-05-18 15:10:00,16085,16085,16085,2,0
2023-05-18 15:10:00,16085,16085,16085,2,0
2023-05-18 15:10:00,16085,16085,16085,10,0
2023-05-18 15:10:00,16085,16085,16085,2,0
2023-05-18 15:10:00,16085,16085,16085,2,0
2023-05-18 15:10:00,16086,16086,16086,2,2
2023-05-18 15:10:03,16085,16085,16085,2,-2
2023-05-18 15:10:04,16085,16085,16085,4,0
2023-05-18 15:10:04,16085,16085,16085,6,0
2023-05-18 15:10:04,16085,16085,16085,6,0
2023-05-18 15:10:04,16085,16085,16085,2,0
2023-05-18 15:10:04,16085,16085,16085,2,0
2023-05-18 15:10:04,16086,16086,16086,2,2
2023-05-18 15:10:05,16086,16086,16086,2,0
2023-05-18 15:10:05,16086,16086,16086,12,0
2023-05-18 15:10:06,16087,16087,16087,4,4
2023-05-18 15:10:06,16086,16086,16086,4,-4
2023-05-18 15:10:06,16086,16086,16086,2,0
2023-05-18 15:10:08,16087,16087,16087,4,4
2023-05-18 15:10:08,16086,16086,16086,2,-2
2023-05-18 15:10:08,16087,16087,16087,2,2
2023-05-18 15:10:09,16086,16086,16086,2,-2
2023-05-18 15:10:09,16086,16086,16086,2,0
2023-05-18 15:10:13,16086,16086,16086,2,0
2023-05-18 15:10:13,16086,16086,16086,2,0
2023-05-18 15:10:15,16086,16086,16086,2,0
2023-05-18 15:10:16,16086,16086,16086,4,0
2023-05-18 15:10:23,16086,16086,16086,2,0
2023-05-18 15:10:24,16087,16087,16087,12,12
2023-05-18 15:10:31,16087,16087,16087,2,0
2023-05-18 15:10:31,16086,16086,16086,8,-8
2023-05-18 15:10:31,16086,16086,16086,4,0
2023-05-18 15:10:31,16086,16086,16086,4,0
2023-05-18 15:10:31,16086,16086,16086,4,0
2023-05-18 15:10:33,16086,16086,16086,6,0
2023-05-18 15:10:33,16086,16086,16086,6,0
2023-05-18 15:10:33,16086,16086,16086,6,0
2023-05-18 15:10:33,16086,16086,16086,6,0
2023-05-18 15:10:33,16086,16086,16086,4,0
2023-05-18 15:10:33,16086,16086,16086,2,0
2023-05-18 15:10:33,16086,16086,16086,2,0
2023-05-18 15:10:33,16086,16086,16086,4,0
2023-05-18 15:10:33,16086,16086,16086,2,0
2023-05-18 15:10:33,16085,16085,16085,4,-4
2023-05-18 15:10:33,16085,16085,16085,2,0
2023-05-18 15:10:33,16085,16085,16085,6,0
2023-05-18 15:10:34,16087,16087,16087,2,2
2023-05-18 15:10:40,16087,16087,16087,2,0
2023-05-18 15:10:42,16087,16087,16087,6,0
2023-05-18 15:10:44,16088,16088,16088,6,6
2023-05-18 15:10:44,16088,16088,16088,28,0
2023-05-18 15:10:44,16088,16088,16088,2,0
2023-05-18 15:10:51,16088,16088,16088,2,0
2023-05-18 15:10:59,16088,16088,16088,2,0
2023-05-18 15:10:59,16089,16089,16089,40,40
2023-05-18 15:10:59,16089,16089,16089,2,0
2023-05-18 15:11:00,16088,16088,16088,2,-2
2023-05-18 15:11:01,16088,16088,16088,2,0
2023-05-18 15:11:02,16088,16088,16088,2,0
2023-05-18 15:11:02,16088,16088,16088,2,0
2023-05-18 15:11:03,16088,16088,16088,4,0
2023-05-18 15:11:04,16089,16089,16089,4,4
2023-05-18 15:11:08,16089,16089,16089,2,0
2023-05-18 15:11:10,16090,16090,16090,4,4
2023-05-18 15:11:12,16090,16090,16090,2,0
2023-05-18 15:11:12,16090,16090,16090,4,0
2023-05-18 15:11:12,16090,16090,16090,22,0
2023-05-18 15:11:12,16090,16090,16090,4,0
2023-05-18 15:11:12,16090,16090,16090,2,0
2023-05-18 15:11:12,16091,16091,16091,4,4
2023-05-18 15:11:12,16092,16092,16092,36,36
2023-05-18 15:11:13,16091,16091,16091,4,-4
2023-05-18 15:11:13,16092,16092,16092,8,8
2023-05-18 15:11:15,16092,16092,16092,2,0
2023-05-18 15:11:16,16092,16092,16092,2,0
2023-05-18 15:11:17,16092,16092,16092,2,0
2023-05-18 15:11:17,16092,16092,16092,4,0
2023-05-18 15:11:17,16092,16092,16092,2,0
2023-05-18 15:11:18,16092,16092,16092,2,0
2023-05-18 15:11:18,16092,16092,16092,2,0
2023-05-18 15:11:20,16092,16092,16092,4,0
2023-05-18 15:11:20,16092,16092,16092,2,0
2023-05-18 15:11:20,16092,16092,16092,6,0
2023-05-18 15:11:20,16092,16092,16092,4,0
2023-05-18 15:11:20,16092,16092,16092,2,0
2023-05-18 15:11:20,16092,16092,16092,2,0
2023-05-18 15:11:21,16093,16093,16093,4,4
2023-05-18 15:11:22,16091,16091,16091,2,-2
2023-05-18 15:11:22,16091,16091,16091,2,0
2023-05-18 15:11:22,16093,16093,16093,20,20
2023-05-18 15:11:22,16093,16093,16093,2,0
2023-05-18 15:11:22,16093,16093,16093,2,0
2023-05-18 15:11:23,16091,16091,16091,6,-6
2023-05-18 15:11:23,16091,16091,16091,2,0
2023-05-18 15:11:23,16091,16091,16091,2,0
2023-05-18 15:11:23,16091,16091,16091,4,0
2023-05-18 15:11:23,16091,16091,16091,2,0
2023-05-18 15:11:23,16091,16091,16091,2,0
2023-05-18 15:11:23,16091,16091,16091,2,0
2023-05-18 15:11:23,16091,16091,16091,2,0
2023-05-18 15:11:27,16092,16092,16092,2,2
2023-05-18 15:11:31,16092,16092,16092,8,0
2023-05-18 15:11:31,16093,16093,16093,12,12
2023-05-18 15:11:31,16092,16092,16092,4,-4
2023-05-18 15:11:31,16093,16093,16093,2,2
2023-05-18 15:11:33,16092,16092,16092,2,-2
2023-05-18 15:11:34,16092,16092,16092,6,0
2023-05-18 15:11:34,16093,16093,16093,4,4
2023-05-18 15:11:34,16092,16092,16092,2,-2
2023-05-18 15:11:34,16093,16093,16093,28,28
2023-05-18 15:11:34,16094,16094,16094,10,10
2023-05-18 15:11:35,16094,16094,16094,4,0
2023-05-18 15:11:35,16093,16093,16093,2,-2
2023-05-18 15:11:36,16093,16093,16093,2,0
2023-05-18 15:11:36,16094,16094,16094,2,2
2023-05-18 15:11:37,16094,16094,16094,2,0
2023-05-18 15:11:38,16093,16093,16093,2,-2
2023-05-18 15:11:38,16093,16093,16093,6,0
2023-05-18 15:11:38,16093,16093,16093,2,0
2023-05-18 15:11:38,16093,16093,16093,4,0
2023-05-18 15:11:38,16092,16092,16092,2,-2
2023-05-18 15:11:38,16092,16092,16092,4,0
2023-05-18 15:11:38,16092,16092,16092,4,0
2023-05-18 15:11:40,16092,16092,16092,6,0
2023-05-18 15:11:40,16092,16092,16092,8,0
2023-05-18 15:11:40,16092,16092,16092,2,0
2023-05-18 15:11:40,16092,16092,16092,2,0
2023-05-18 15:11:40,16091,16091,16091,2,-2
2023-05-18 15:11:40,16091,16091,16091,2,0
2023-05-18 15:11:40,16091,16091,16091,2,0
2023-05-18 15:11:40,16091,16091,16091,4,0
2023-05-18 15:11:40,16091,16091,16091,6,0
2023-05-18 15:11:40,16091,16091,16091,2,0
2023-05-18 15:11:40,16091,16091,16091,2,0
2023-05-18 15:11:40,16091,16091,16091,2,0
2023-05-18 15:11:40,16091,16091,16091,6,0
2023-05-18 15:11:40,16092,16092,16092,2,2
2023-05-18 15:11:41,16093,16093,16093,4,4
2023-05-18 15:11:43,16092,16092,16092,8,-8
2023-05-18 15:11:43,16093,16093,16093,2,2
2023-05-18 15:11:43,16093,16093,16093,2,0
2023-05-18 15:11:46,16092,16092,16092,2,-2
2023-05-18 15:11:46,16092,16092,16092,4,0
2023-05-18 15:11:46,16092,16092,16092,2,0
2023-05-18 15:11:46,16092,16092,16092,2,0
2023-05-18 15:11:46,16092,16092,16092,2,0
2023-05-18 15:11:46,16092,16092,16092,6,0
2023-05-18 15:11:46,16092,16092,16092,2,0
2023-05-18 15:11:46,16092,16092,16092,2,0
2023-05-18 15:11:46,16092,16092,16092,4,0
2023-05-18 15:11:46,16092,16092,16092,24,0
2023-05-18 15:11:46,16092,16092,16092,2,0
2023-05-18 15:11:46,16092,16092,16092,4,0
2023-05-18 15:11:46,16091,16091,16091,4,-4
2023-05-18 15:11:46,16091,16091,16091,2,0
2023-05-18 15:11:48,16092,16092,16092,2,2
2023-05-18 15:11:50,16092,16092,16092,4,0
2023-05-18 15:11:50,16091,16091,16091,2,-2
2023-05-18 15:11:50,16091,16091,16091,2,0
2023-05-18 15:11:50,16091,16091,16091,2,0
2023-05-18 15:11:51,16092,16092,16092,2,2
2023-05-18 15:11:52,16091,16091,16091,2,-2
2023-05-18 15:11:52,16092,16092,16092,2,2
2023-05-18 15:11:53,16092,16092,16092,2,0
2023-05-18 15:11:55,16091,16091,16091,2,-2
2023-05-18 15:11:56,16092,16092,16092,2,2
2023-05-18 15:11:56,16092,16092,16092,4,0
2023-05-18 15:11:56,16092,16092,16092,4,0
2023-05-18 15:11:56,16092,16092,16092,6,0
2023-05-18 15:11:56,16092,16092,16092,4,0
2023-05-18 15:11:56,16092,16092,16092,2,0
2023-05-18 15:11:56,16092,16092,16092,2,0
2023-05-18 15:11:56,16092,16092,16092,2,0
2023-05-18 15:11:56,16093,16093,16093,2,2
2023-05-18 15:11:57,16093,16093,16093,2,0
2023-05-18 15:11:57,16093,16093,16093,2,0
2023-05-18 15:11:57,16093,16093,16093,4,0
2023-05-18 15:11:57,16093,16093,16093,2,0
2023-05-18 15:11:57,16093,16093,16093,2,0
2023-05-18 15:11:58,16093,16093,16093,2,0
2023-05-18 15:11:58,16093,16093,16093,2,0
2023-05-18 15:11:58,16094,16094,16094,4,4
2023-05-18 15:11:58,16093,16093,16093,2,-2
2023-05-18 15:11:58,16093,16093,16093,2,0
2023-05-18 15:11:59,16093,16093,16093,2,0
2023-05-18 15:11:59,16094,16094,16094,32,32
2023-05-18 15:12:00,16095,16095,16095,8,8
2023-05-18 15:12:00,16095,16095,16095,2,0
2023-05-18 15:12:00,16095,16095,16095,4,0
2023-05-18 15:12:00,16095,16095,16095,4,0
2023-05-18 15:12:00,16095,16095,16095,2,0
2023-05-18 15:12:00,16094,16094,16094,6,-6
2023-05-18 15:12:00,16095,16095,16095,2,2
2023-05-18 15:12:02,16094,16094,16094,2,-2
2023-05-18 15:12:02,16095,16095,16095,2,2
2023-05-18 15:12:02,16095,16095,16095,2,0
2023-05-18 15:12:02,16094,16094,16094,2,-2
2023-05-18 15:12:03,16094,16094,16094,2,0
2023-05-18 15:12:04,16095,16095,16095,2,2
2023-05-18 15:12:04,16095,16095,16095,12,0
2023-05-18 15:12:04,16096,16096,16096,34,34
2023-05-18 15:12:04,16097,16097,16097,88,88
2023-05-18 15:12:04,16098,16098,16098,6,6
2023-05-18 15:12:04,16097,16097,16097,10,-10
2023-05-18 15:12:04,16098,16098,16098,2,2
2023-05-18 15:12:04,16098,16098,16098,10,0
2023-05-18 15:12:04,16096,16096,16096,2,-2
2023-05-18 15:12:05,16096,16096,16096,2,0
2023-05-18 15:12:05,16096,16096,16096,2,0
2023-05-18 15:12:05,16096,16096,16096,2,0
2023-05-18 15:12:05,16096,16096,16096,2,0
2023-05-18 15:12:05,16096,16096,16096,2,0
2023-05-18 15:12:06,16096,16096,16096,2,0
2023-05-18 15:12:06,16097,16097,16097,20,20
2023-05-18 15:12:07,16097,16097,16097,4,0
2023-05-18 15:12:09,16097,16097,16097,2,0
2023-05-18 15:12:10,16097,16097,16097,10,0
2023-05-18 15:12:10,16096,16096,16096,2,-2
2023-05-18 15:12:12,16097,16097,16097,2,2
2023-05-18 15:12:12,16097,16097,16097,2,0
2023-05-18 15:12:12,16097,16097,16097,12,0
2023-05-18 15:12:12,16097,16097,16097,2,0
2023-05-18 15:12:12,16096,16096,16096,2,-2
2023-05-18 15:12:13,16096,16096,16096,2,0
2023-05-18 15:12:13,16097,16097,16097,2,2
2023-05-18 15:12:13,16096,16096,16096,2,-2
2023-05-18 15:12:13,16096,16096,16096,2,0
2023-05-18 15:12:13,16096,16096,16096,2,0
2023-05-18 15:12:15,16095,16095,16095,2,-2
2023-05-18 15:12:15,16096,16096,16096,6,6
2023-05-18 15:12:16,16095,16095,16095,2,-2
2023-05-18 15:12:16,16096,16096,16096,2,2
2023-05-18 15:12:17,16096,16096,16096,2,0
2023-05-18 15:12:18,16095,16095,16095,2,-2
2023-05-18 15:12:19,16096,16096,16096,2,2
2023-05-18 15:12:19,16096,16096,16096,10,0
2023-05-18 15:12:19,16096,16096,16096,4,0
2023-05-18 15:12:20,16096,16096,16096,4,0
2023-05-18 15:12:21,16096,16096,16096,2,0
2023-05-18 15:12:22,16096,16096,16096,4,0
2023-05-18 15:12:23,16096,16096,16096,10,0
2023-05-18 15:12:23,16096,16096,16096,4,0
2023-05-18 15:12:24,16096,16096,16096,2,0
2023-05-18 15:12:28,16096,16096,16096,4,0
2023-05-18 15:12:28,16095,16095,16095,4,-4
2023-05-18 15:12:30,16096,16096,16096,4,4
2023-05-18 15:12:30,16097,16097,16097,6,6
2023-05-18 15:12:31,16097,16097,16097,2,0
2023-05-18 15:12:33,16096,16096,16096,2,-2
2023-05-18 15:12:34,16096,16096,16096,2,0
2023-05-18 15:12:34,16096,16096,16096,2,0
2023-05-18 15:12:34,16096,16096,16096,2,0
2023-05-18 15:12:34,16096,16096,16096,2,0
2023-05-18 15:12:35,16096,16096,16096,10,0
2023-05-18 15:12:36,16096,16096,16096,6,0
2023-05-18 15:12:36,16095,16095,16095,2,-2
2023-05-18 15:12:37,16096,16096,16096,2,2
2023-05-18 15:12:40,16096,16096,16096,2,0
2023-05-18 15:12:41,16096,16096,16096,2,0
2023-05-18 15:12:42,16096,16096,16096,2,0
2023-05-18 15:12:45,16096,16096,16096,2,0
2023-05-18 15:12:47,16097,16097,16097,2,2
2023-05-18 15:12:55,16097,16097,16097,2,0
2023-05-18 15:12:56,16097,16097,16097,12,0
2023-05-18 15:12:58,16097,16097,16097,2,0
2023-05-18 15:12:59,16096,16096,16096,2,-2
2023-05-18 15:12:59,16097,16097,16097,2,2
2023-05-18 15:13:00,16096,16096,16096,2,-2
2023-05-18 15:13:00,16096,16096,16096,2,0
2023-05-18 15:13:00,16096,16096,16096,2,0
2023-05-18 15:13:00,16096,16096,16096,4,0
2023-05-18 15:13:00,16096,16096,16096,6,0
2023-05-18 15:13:01,16097,16097,16097,2,2
2023-05-18 15:13:01,16097,16097,16097,4,0
2023-05-18 15:13:03,16097,16097,16097,2,0
2023-05-18 15:13:03,16097,16097,16097,10,0
2023-05-18 15:13:03,16098,16098,16098,2,2
2023-05-18 15:13:03,16098,16098,16098,2,0
2023-05-18 15:13:03,16098,16098,16098,2,0
2023-05-18 15:13:04,16098,16098,16098,2,0
2023-05-18 15:13:04,16098,16098,16098,2,0
2023-05-18 15:13:04,16098,16098,16098,2,0
2023-05-18 15:13:04,16098,16098,16098,2,0
2023-05-18 15:13:04,16098,16098,16098,2,0
2023-05-18 15:13:04,16097,16097,16097,2,-2
2023-05-18 15:13:04,16098,16098,16098,4,4
2023-05-18 15:13:05,16098,16098,16098,10,0
2023-05-18 15:13:06,16098,16098,16098,2,0
2023-05-18 15:13:06,16097,16097,16097,2,-2
2023-05-18 15:13:07,16098,16098,16098,2,2
2023-05-18 15:13:07,16097,16097,16097,2,-2
2023-05-18 15:13:08,16098,16098,16098,2,2
2023-05-18 15:13:10,16098,16098,16098,2,0
2023-05-18 15:13:10,16097,16097,16097,2,-2
2023-05-18 15:13:10,16098,16098,16098,2,2
2023-05-18 15:13:12,16098,16098,16098,22,0
2023-05-18 15:13:12,16098,16098,16098,6,0
2023-05-18 15:13:15,16098,16098,16098,4,0
2023-05-18 15:13:15,16098,16098,16098,4,0
2023-05-18 15:13:15,16098,16098,16098,2,0
2023-05-18 15:13:15,16098,16098,16098,6,0
2023-05-18 15:13:15,16098,16098,16098,2,0
2023-05-18 15:13:15,16098,16098,16098,2,0
2023-05-18 15:13:15,16098,16098,16098,2,0
2023-05-18 15:13:15,16098,16098,16098,2,0
2023-05-18 15:13:15,16098,16098,16098,4,0
2023-05-18 15:13:15,16098,16098,16098,4,0
2023-05-18 15:13:15,16098,16098,16098,6,0
2023-05-18 15:13:15,16098,16098,16098,8,0
2023-05-18 15:13:15,16098,16098,16098,4,0
2023-05-18 15:13:15,16097,16097,16097,4,-4
2023-05-18 15:13:15,16097,16097,16097,4,0
2023-05-18 15:13:15,16099,16099,16099,2,2
2023-05-18 15:13:17,16099,16099,16099,16,0
2023-05-18 15:13:19,16098,16098,16098,2,-2
2023-05-18 15:13:21,16098,16098,16098,2,0
2023-05-18 15:13:21,16098,16098,16098,2,0
2023-05-18 15:13:28,16098,16098,16098,2,0
2023-05-18 15:13:28,16099,16099,16099,2,2
2023-05-18 15:13:28,16099,16099,16099,6,0
2023-05-18 15:13:28,16099,16099,16099,2,0
2023-05-18 15:13:29,16099,16099,16099,16,0
2023-05-18 15:13:29,16099,16099,16099,2,0
2023-05-18 15:13:31,16100,16100,16100,54,54
2023-05-18 15:13:31,16101,16101,16101,6,6
2023-05-18 15:13:31,16101,16101,16101,16,0
2023-05-18 15:13:31,16102,16102,16102,6,6
2023-05-18 15:13:31,16101,16101,16101,2,-2
2023-05-18 15:13:31,16101,16101,16101,4,0
2023-05-18 15:13:31,16101,16101,16101,2,0
2023-05-18 15:13:31,16101,16101,16101,6,0
2023-05-18 15:13:31,16101,16101,16101,2,0
2023-05-18 15:13:31,16100,16100,16100,6,-6
2023-05-18 15:13:31,16100,16100,16100,4,0
2023-05-18 15:13:31,16100,16100,16100,2,0
2023-05-18 15:13:31,16100,16100,16100,10,0
2023-05-18 15:13:31,16098,16098,16098,4,-4
2023-05-18 15:13:31,16099,16099,16099,2,2
2023-05-18 15:13:31,16099,16099,16099,2,0
2023-05-18 15:13:31,16099,16099,16099,2,0
2023-05-18 15:13:32,16099,16099,16099,2,0
2023-05-18 15:13:33,16099,16099,16099,2,0
2023-05-18 15:13:38,16100,16100,16100,16,16
2023-05-18 15:13:38,16099,16099,16099,2,-2
2023-05-18 15:13:40,16100,16100,16100,4,4
2023-05-18 15:13:40,16099,16099,16099,2,-2
2023-05-18 15:13:41,16099,16099,16099,2,0
2023-05-18 15:13:41,16099,16099,16099,2,0
2023-05-18 15:13:41,16099,16099,16099,2,0
2023-05-18 15:13:41,16100,16100,16100,2,2
2023-05-18 15:13:42,16100,16100,16100,20,0
2023-05-18 15:13:42,16100,16100,16100,6,0
2023-05-18 15:13:43,16100,16100,16100,2,0
2023-05-18 15:13:45,16102,16102,16102,2,2
2023-05-18 15:13:45,16102,16102,16102,2,0
2023-05-18 15:13:45,16102,16102,16102,2,0
2023-05-18 15:13:47,16102,16102,16102,2,0
2023-05-18 15:13:47,16102,16102,16102,2,0
2023-05-18 15:13:50,16103,16103,16103,2,2
2023-05-18 15:13:51,16103,16103,16103,8,0
2023-05-18 15:13:52,16103,16103,16103,6,0
2023-05-18 15:13:53,16102,16102,16102,2,-2
2023-05-18 15:13:53,16102,16102,16102,2,0
2023-05-18 15:13:56,16103,16103,16103,10,10
2023-05-18 15:13:57,16103,16103,16103,10,0
2023-05-18 15:13:58,16103,16103,16103,2,0
2023-05-18 15:13:59,16102,16102,16102,4,-4
2023-05-18 15:13:59,16102,16102,16102,2,0
2023-05-18 15:13:59,16102,16102,16102,2,0
2023-05-18 15:13:59,16102,16102,16102,2,0
2023-05-18 15:13:59,16102,16102,16102,4,0
2023-05-18 15:13:59,16102,16102,16102,2,0
2023-05-18 15:13:59,16102,16102,16102,4,0
2023-05-18 15:13:59,16103,16103,16103,2,2
2023-05-18 15:14:00,16103,16103,16103,2,0
2023-05-18 15:14:00,16103,16103,16103,16,0
2023-05-18 15:14:00,16103,16103,16103,2,0
2023-05-18 15:14:00,16103,16103,16103,2,0
2023-05-18 15:14:00,16103,16103,16103,2,0
2023-05-18 15:14:02,16103,16103,16103,2,0
2023-05-18 15:14:03,16103,16103,16103,2,0
2023-05-18 15:14:03,16103,16103,16103,2,0
2023-05-18 15:14:04,16103,16103,16103,12,0
2023-05-18 15:14:04,16103,16103,16103,2,0
2023-05-18 15:14:06,16103,16103,16103,6,0
2023-05-18 15:14:06,16103,16103,16103,4,0
2023-05-18 15:14:06,16103,16103,16103,2,0
2023-05-18 15:14:06,16103,16103,16103,2,0
2023-05-18 15:14:06,16103,16103,16103,2,0
2023-05-18 15:14:06,16103,16103,16103,4,0
2023-05-18 15:14:06,16103,16103,16103,14,0
2023-05-18 15:14:06,16103,16103,16103,6,0
2023-05-18 15:14:06,16103,16103,16103,2,0
2023-05-18 15:14:06,16103,16103,16103,2,0
2023-05-18 15:14:07,16102,16102,16102,2,-2
2023-05-18 15:14:07,16102,16102,16102,2,0
2023-05-18 15:14:07,16102,16102,16102,4,0
2023-05-18 15:14:07,16102,16102,16102,2,0
2023-05-18 15:14:07,16102,16102,16102,2,0
2023-05-18 15:14:07,16102,16102,16102,2,0
2023-05-18 15:14:07,16102,16102,16102,2,0
2023-05-18 15:14:07,16102,16102,16102,2,0
2023-05-18 15:14:07,16101,16101,16101,2,-2
2023-05-18 15:14:07,16101,16101,16101,2,0
2023-05-18 15:14:07,16101,16101,16101,2,0
2023-05-18 15:14:07,16102,16102,16102,2,2
2023-05-18 15:14:07,16101,16101,16101,2,-2
2023-05-18 15:14:07,16101,16101,16101,2,0
2023-05-18 15:14:07,16101,16101,16101,4,0
2023-05-18 15:14:08,16101,16101,16101,2,0
2023-05-18 15:14:08,16101,16101,16101,4,0
2023-05-18 15:14:08,16100,16100,16100,2,-2
2023-05-18 15:14:08,16100,16100,16100,2,0
2023-05-18 15:14:08,16100,16100,16100,4,0
2023-05-18 15:14:08,16100,16100,16100,4,0
2023-05-18 15:14:08,16102,16102,16102,10,10
2023-05-18 15:14:08,16102,16102,16102,6,0
2023-05-18 15:14:11,16101,16101,16101,2,-2
2023-05-18 15:14:12,16101,16101,16101,10,0
2023-05-18 15:14:12,16100,16100,16100,2,-2
2023-05-18 15:14:12,16100,16100,16100,4,0
2023-05-18 15:14:12,16100,16100,16100,6,0
2023-05-18 15:14:12,16100,16100,16100,2,0
2023-05-18 15:14:12,16100,16100,16100,2,0
2023-05-18 15:14:12,16100,16100,16100,2,0
2023-05-18 15:14:12,16100,16100,16100,4,0
2023-05-18 15:14:12,16100,16100,16100,2,0
2023-05-18 15:14:12,16100,16100,16100,2,0
2023-05-18 15:14:13,16101,16101,16101,2,2
2023-05-18 15:14:14,16100,16100,16100,2,-2
2023-05-18 15:14:14,16100,16100,16100,2,0
2023-05-18 15:14:14,16100,16100,16100,2,0
2023-05-18 15:14:14,16100,16100,16100,2,0
2023-05-18 15:14:15,16099,16099,16099,2,-2
2023-05-18 15:14:15,16099,16099,16099,2,0
2023-05-18 15:14:17,16100,16100,16100,2,2
2023-05-18 15:14:17,16100,16100,16100,4,0
2023-05-18 15:14:17,16100,16100,16100,2,0
2023-05-18 15:14:17,16100,16100,16100,6,0
2023-05-18 15:14:18,16100,16100,16100,2,0
2023-05-18 15:14:19,16100,16100,16100,2,0
2023-05-18 15:14:19,16100,16100,16100,2,0
2023-05-18 15:14:22,16101,16101,16101,6,6
2023-05-18 15:14:23,16101,16101,16101,10,0
2023-05-18 15:14:25,16102,16102,16102,4,4
2023-05-18 15:14:25,16102,16102,16102,2,0
2023-05-18 15:14:25,16102,16102,16102,4,0
2023-05-18 15:14:25,16102,16102,16102,4,0
2023-05-18 15:14:25,16102,16102,16102,2,0
2023-05-18 15:14:25,16102,16102,16102,4,0
2023-05-18 15:14:25,16102,16102,16102,2,0
2023-05-18 15:14:26,16101,16101,16101,2,-2
2023-05-18 15:14:26,16101,16101,16101,2,0
2023-05-18 15:14:26,16102,16102,16102,2,2
2023-05-18 15:14:28,16101,16101,16101,2,-2
2023-05-18 15:14:28,16102,16102,16102,4,4
2023-05-18 15:14:28,16103,16103,16103,2,2
2023-05-18 15:14:28,16102,16102,16102,2,-2
2023-05-18 15:14:28,16102,16102,16102,2,0
2023-05-18 15:14:29,16102,16102,16102,2,0
2023-05-18 15:14:29,16102,16102,16102,10,0
2023-05-18 15:14:30,16102,16102,16102,2,0
2023-05-18 15:14:32,16101,16101,16101,4,-4
2023-05-18 15:14:32,16101,16101,16101,2,0
2023-05-18 15:14:32,16101,16101,16101,2,0
2023-05-18 15:14:32,16101,16101,16101,2,0
2023-05-18 15:14:32,16101,16101,16101,2,0
2023-05-18 15:14:32,16101,16101,16101,6,0
2023-05-18 15:14:32,16101,16101,16101,6,0
2023-05-18 15:14:32,16101,16101,16101,6,0
2023-05-18 15:14:32,16101,16101,16101,2,0
2023-05-18 15:14:33,16101,16101,16101,2,0
2023-05-18 15:14:33,16101,16101,16101,20,0
2023-05-18 15:14:36,16102,16102,16102,2,2
2023-05-18 15:14:36,16101,16101,16101,2,-2
2023-05-18 15:14:37,16101,16101,16101,2,0
2023-05-18 15:14:37,16101,16101,16101,2,0
2023-05-18 15:14:38,16101,16101,16101,2,0
2023-05-18 15:14:39,16102,16102,16102,4,4
2023-05-18 15:14:39,16101,16101,16101,2,-2
2023-05-18 15:14:39,16101,16101,16101,2,0
2023-05-18 15:14:40,16102,16102,16102,2,2
2023-05-18 15:14:40,16101,16101,16101,2,-2
2023-05-18 15:14:40,16102,16102,16102,2,2
2023-05-18 15:14:42,16101,16101,16101,2,-2
2023-05-18 15:14:43,16102,16102,16102,2,2
2023-05-18 15:14:44,16101,16101,16101,2,-2
2023-05-18 15:14:45,16101,16101,16101,2,0
2023-05-18 15:14:50,16102,16102,16102,2,2
2023-05-18 15:14:50,16102,16102,16102,2,0
2023-05-18 15:14:51,16101,16101,16101,6,-6
2023-05-18 15:14:51,16101,16101,16101,6,0
2023-05-18 15:14:51,16101,16101,16101,2,0
2023-05-18 15:14:51,16101,16101,16101,6,0
2023-05-18 15:14:51,16101,16101,16101,2,0
2023-05-18 15:14:51,16101,16101,16101,4,0
2023-05-18 15:14:51,16101,16101,16101,2,0
2023-05-18 15:14:51,16101,16101,16101,6,0
2023-05-18 15:14:51,16101,16101,16101,2,0
2023-05-18 15:14:51,16101,16101,16101,4,0
2023-05-18 15:14:51,16101,16101,16101,6,0
2023-05-18 15:14:51,16102,16102,16102,2,2
2023-05-18 15:14:52,16101,16101,16101,2,-2
2023-05-18 15:14:52,16101,16101,16101,2,0
2023-05-18 15:14:58,16101,16101,16101,2,0
2023-05-18 15:14:59,16101,16101,16101,10,0
2023-05-18 15:15:00,16101,16101,16101,2,0
2023-05-18 15:15:00,16101,16101,16101,2,0
2023-05-18 15:15:00,16101,16101,16101,2,0
2023-05-18 15:15:00,16101,16101,16101,2,0
2023-05-18 15:15:00,16101,16101,16101,2,0
2023-05-18 15:15:00,16101,16101,16101,2,0
2023-05-18 15:15:00,16101,16101,16101,2,0
2023-05-18 15:15:00,16101,16101,16101,2,0
2023-05-18 15:15:00,16101,16101,16101,2,0
2023-05-18 15:15:00,16102,16102,16102,2,2
2023-05-18 15:15:01,16102,16102,16102,2,0
2023-05-18 15:15:01,16101,16101,16101,2,-2
2023-05-18 15:15:01,16101,16101,16101,2,0
2023-05-18 15:15:01,16100,16100,16100,2,-2
2023-05-18 15:15:01,16102,16102,16102,2,2
2023-05-18 15:15:01,16100,16100,16100,2,-2
2023-05-18 15:15:01,16100,16100,16100,4,0
2023-05-18 15:15:08,16101,16101,16101,6,6
2023-05-18 15:15:09,16100,16100,16100,10,-10
2023-05-18 15:15:09,16101,16101,16101,2,2
2023-05-18 15:15:09,16100,16100,16100,2,-2
2023-05-18 15:15:10,16100,16100,16100,2,0
2023-05-18 15:15:11,16101,16101,16101,6,6
2023-05-18 15:15:11,16100,16100,16100,2,-2
2023-05-18 15:15:14,16100,16100,16100,10,0
2023-05-18 15:15:14,16100,16100,16100,4,0
2023-05-18 15:15:14,16100,16100,16100,6,0
2023-05-18 15:15:14,16100,16100,16100,8,0
2023-05-18 15:15:14,16100,16100,16100,12,0
2023-05-18 15:15:14,16100,16100,16100,6,0
2023-05-18 15:15:14,16100,16100,16100,2,0
2023-05-18 15:15:14,16100,16100,16100,2,0
2023-05-18 15:15:14,16100,16100,16100,2,0
2023-05-18 15:15:14,16100,16100,16100,2,0
2023-05-18 15:15:14,16100,16100,16100,2,0
2023-05-18 15:15:14,16100,16100,16100,2,0
2023-05-18 15:15:14,16100,16100,16100,24,0
2023-05-18 15:15:14,16100,16100,16100,4,0
2023-05-18 15:15:14,16100,16100,16100,2,0
2023-05-18 15:15:14,16100,16100,16100,4,0
2023-05-18 15:15:14,16100,16100,16100,2,0
2023-05-18 15:15:14,16099,16099,16099,2,-2
2023-05-18 15:15:14,16099,16099,16099,2,0
2023-05-18 15:15:14,16099,16099,16099,2,0
2023-05-18 15:15:14,16099,16099,16099,2,0
2023-05-18 15:15:14,16099,16099,16099,2,0
2023-05-18 15:15:15,16099,16099,16099,4,0
2023-05-18 15:15:15,16099,16099,16099,2,0
2023-05-18 15:15:15,16099,16099,16099,2,0
2023-05-18 15:15:15,16099,16099,16099,2,0
2023-05-18 15:15:16,16100,16100,16100,2,2
2023-05-18 15:15:16,16101,16101,16101,2,2
2023-05-18 15:15:17,16100,16100,16100,6,-6
2023-05-18 15:15:18,16100,16100,16100,2,0
2023-05-18 15:15:18,16099,16099,16099,2,-2
2023-05-18 15:15:18,16099,16099,16099,2,0
2023-05-18 15:15:18,16099,16099,16099,4,0
2023-05-18 15:15:19,16099,16099,16099,2,0
2023-05-18 15:15:19,16099,16099,16099,2,0
2023-05-18 15:15:19,16099,16099,16099,2,0
2023-05-18 15:15:20,16100,16100,16100,2,2
2023-05-18 15:15:20,16100,16100,16100,26,0
2023-05-18 15:15:20,16100,16100,16100,4,0
2023-05-18 15:15:20,16100,16100,16100,2,0
2023-05-18 15:15:26,16099,16099,16099,2,-2
2023-05-18 15:15:28,16100,16100,16100,4,4
2023-05-18 15:15:35,16100,16100,16100,2,0
2023-05-18 15:15:36,16100,16100,16100,2,0
2023-05-18 15:15:40,16100,16100,16100,2,0
2023-05-18 15:15:47,16099,16099,16099,2,-2
2023-05-18 15:15:48,16099,16099,16099,2,0
2023-05-18 15:15:48,16099,16099,16099,2,0
2023-05-18 15:15:48,16099,16099,16099,2,0
2023-05-18 15:15:48,16099,16099,16099,2,0
2023-05-18 15:15:51,16099,16099,16099,2,0
2023-05-18 15:15:52,16099,16099,16099,2,0
2023-05-18 15:15:52,16099,16099,16099,2,0
2023-05-18 15:15:52,16099,16099,16099,2,0
2023-05-18 15:15:52,16099,16099,16099,2,0
2023-05-18 15:15:52,16099,16099,16099,4,0
2023-05-18 15:15:53,16099,16099,16099,2,0
2023-05-18 15:16:02,16098,16098,16098,2,-2
2023-05-18 15:16:02,16098,16098,16098,2,0
2023-05-18 15:16:03,16098,16098,16098,2,0
2023-05-18 15:16:03,16098,16098,16098,10,0
2023-05-18 15:16:03,16098,16098,16098,2,0
2023-05-18 15:16:03,16098,16098,16098,18,0
2023-05-18 15:16:03,16098,16098,16098,2,0
2023-05-18 15:16:03,16098,16098,16098,2,0
2023-05-18 15:16:03,16098,16098,16098,2,0
2023-05-18 15:16:03,16098,16098,16098,2,0
2023-05-18 15:16:06,16099,16099,16099,2,2
2023-05-18 15:16:07,16098,16098,16098,2,-2
2023-05-18 15:16:08,16097,16097,16097,2,-2
2023-05-18 15:16:09,16098,16098,16098,2,2
2023-05-18 15:16:09,16098,16098,16098,2,0
2023-05-18 15:16:09,16098,16098,16098,2,0
2023-05-18 15:16:09,16098,16098,16098,2,0
2023-05-18 15:16:09,16098,16098,16098,2,0
2023-05-18 15:16:09,16097,16097,16097,4,-4
2023-05-18 15:16:09,16097,16097,16097,2,0
2023-05-18 15:16:09,16097,16097,16097,2,0
2023-05-18 15:16:09,16097,16097,16097,2,0
2023-05-18 15:16:11,16097,16097,16097,4,0
2023-05-18 15:16:13,16097,16097,16097,2,0
2023-05-18 15:16:13,16098,16098,16098,2,2
2023-05-18 15:16:14,16097,16097,16097,2,-2
2023-05-18 15:16:15,16097,16097,16097,2,0
2023-05-18 15:16:15,16097,16097,16097,2,0
2023-05-18 15:16:18,16097,16097,16097,2,0
2023-05-18 15:16:18,16097,16097,16097,2,0
2023-05-18 15:16:18,16097,16097,16097,6,0
2023-05-18 15:16:18,16098,16098,16098,2,2
2023-05-18 15:16:18,16098,16098,16098,2,0
2023-05-18 15:16:18,16098,16098,16098,2,0
2023-05-18 15:16:20,16097,16097,16097,2,-2
2023-05-18 15:16:20,16097,16097,16097,2,0
2023-05-18 15:16:20,16097,16097,16097,2,0
2023-05-18 15:16:20,16097,16097,16097,2,0
2023-05-18 15:16:25,16097,16097,16097,2,0
2023-05-18 15:16:27,16097,16097,16097,8,0
2023-05-18 15:16:27,16097,16097,16097,2,0
2023-05-18 15:16:28,16097,16097,16097,2,0
2023-05-18 15:16:28,16097,16097,16097,2,0
2023-05-18 15:16:28,16097,16097,16097,2,0
2023-05-18 15:16:28,16097,16097,16097,2,0
2023-05-18 15:16:28,16097,16097,16097,2,0
2023-05-18 15:16:28,16097,16097,16097,2,0
2023-05-18 15:16:28,16097,16097,16097,2,0
2023-05-18 15:16:28,16097,16097,16097,2,0
2023-05-18 15:16:28,16098,16098,16098,2,2
2023-05-18 15:16:28,16098,16098,16098,2,0
2023-05-18 15:16:28,16098,16098,16098,2,0
2023-05-18 15:16:28,16098,16098,16098,2,0
2023-05-18 15:16:34,16097,16097,16097,2,-2
2023-05-18 15:16:34,16097,16097,16097,2,0
2023-05-18 15:16:34,16097,16097,16097,2,0
2023-05-18 15:16:34,16097,16097,16097,4,0
2023-05-18 15:16:34,16097,16097,16097,2,0
2023-05-18 15:16:34,16097,16097,16097,2,0
2023-05-18 15:16:34,16097,16097,16097,2,0
2023-05-18 15:16:35,16097,16097,16097,2,0
2023-05-18 15:16:35,16096,16096,16096,2,-2
2023-05-18 15:16:35,16096,16096,16096,2,0
2023-05-18 15:16:39,16097,16097,16097,4,4
2023-05-18 15:16:41,16097,16097,16097,8,0
2023-05-18 15:16:41,16097,16097,16097,2,0
2023-05-18 15:16:41,16096,16096,16096,2,-2
2023-05-18 15:16:42,16097,16097,16097,8,8
2023-05-18 15:16:44,16097,16097,16097,2,0
2023-05-18 15:16:49,16098,16098,16098,20,20
2023-05-18 15:16:54,16098,16098,16098,2,0
2023-05-18 15:16:54,16099,16099,16099,2,2
2023-05-18 15:16:54,16098,16098,16098,2,-2
2023-05-18 15:16:54,16098,16098,16098,2,0
2023-05-18 15:16:55,16098,16098,16098,2,0
2023-05-18 15:16:55,16098,16098,16098,2,0
2023-05-18 15:16:57,16098,16098,16098,2,0
2023-05-18 15:16:59,16098,16098,16098,2,0
2023-05-18 15:16:59,16098,16098,16098,4,0
2023-05-18 15:16:59,16098,16098,16098,2,0
2023-05-18 15:17:00,16098,16098,16098,2,0
2023-05-18 15:17:00,16097,16097,16097,4,-4
2023-05-18 15:17:00,16097,16097,16097,2,0
2023-05-18 15:17:00,16097,16097,16097,2,0
2023-05-18 15:17:00,16097,16097,16097,2,0
2023-05-18 15:17:05,16097,16097,16097,2,0
2023-05-18 15:17:08,16096,16096,16096,2,-2
2023-05-18 15:17:10,16096,16096,16096,2,0
2023-05-18 15:17:10,16096,16096,16096,4,0
2023-05-18 15:17:10,16096,16096,16096,2,0
2023-05-18 15:17:10,16096,16096,16096,2,0
2023-05-18 15:17:10,16096,16096,16096,2,0
2023-05-18 15:17:14,16097,16097,16097,6,6
2023-05-18 15:17:16,16097,16097,16097,6,0
2023-05-18 15:17:17,16097,16097,16097,2,0
2023-05-18 15:17:20,16097,16097,16097,2,0
2023-05-18 15:17:20,16099,16099,16099,2,2
2023-05-18 15:17:24,16098,16098,16098,2,-2
2023-05-18 15:17:24,16098,16098,16098,2,0
2023-05-18 15:17:24,16098,16098,16098,2,0
2023-05-18 15:17:25,16099,16099,16099,4,4
2023-05-18 15:17:33,16098,16098,16098,2,-2
2023-05-18 15:17:33,16098,16098,16098,2,0
2023-05-18 15:17:33,16099,16099,16099,8,8
2023-05-18 15:17:37,16099,16099,16099,2,0
2023-05-18 15:17:38,16098,16098,16098,2,-2
2023-05-18 15:17:38,16098,16098,16098,2,0
2023-05-18 15:17:38,16098,16098,16098,6,0
2023-05-18 15:17:40,16098,16098,16098,2,0
2023-05-18 15:17:41,16098,16098,16098,4,0
2023-05-18 15:17:41,16098,16098,16098,4,0
2023-05-18 15:17:41,16098,16098,16098,2,0
2023-05-18 15:17:44,16098,16098,16098,2,0
2023-05-18 15:17:44,16098,16098,16098,2,0
2023-05-18 15:17:51,16099,16099,16099,4,4
2023-05-18 15:17:51,16099,16099,16099,6,0
2023-05-18 15:17:52,16100,16100,16100,12,12
2023-05-18 15:17:55,16100,16100,16100,2,0
2023-05-18 15:17:56,16100,16100,16100,2,0
2023-05-18 15:17:58,16100,16100,16100,2,0
2023-05-18 15:18:01,16100,16100,16100,4,0
2023-05-18 15:18:05,16100,16100,16100,2,0
2023-05-18 15:18:05,16100,16100,16100,8,0
2023-05-18 15:18:05,16100,16100,16100,8,0
2023-05-18 15:18:05,16100,16100,16100,10,0
2023-05-18 15:18:05,16101,16101,16101,2,2
2023-05-18 15:18:05,16101,16101,16101,12,0
2023-05-18 15:18:06,16101,16101,16101,2,0
2023-05-18 15:18:09,16100,16100,16100,2,-2
2023-05-18 15:18:09,16102,16102,16102,2,2
2023-05-18 15:18:16,16101,16101,16101,8,-8
2023-05-18 15:18:16,16101,16101,16101,4,0
2023-05-18 15:18:18,16102,16102,16102,2,2
2023-05-18 15:18:19,16101,16101,16101,2,-2
2023-05-18 15:18:21,16102,16102,16102,2,2
2023-05-18 15:18:21,16101,16101,16101,2,-2
2023-05-18 15:18:26,16102,16102,16102,4,4
2023-05-18 15:18:26,16102,16102,16102,10,0
2023-05-18 15:18:26,16102,16102,16102,2,0
2023-05-18 15:18:31,16102,16102,16102,2,0
2023-05-18 15:18:34,16102,16102,16102,2,0
2023-05-18 15:18:35,16102,16102,16102,2,0
2023-05-18 15:18:35,16102,16102,16102,2,0
2023-05-18 15:18:35,16102,16102,16102,4,0
2023-05-18 15:18:35,16102,16102,16102,6,0
2023-05-18 15:18:35,16102,16102,16102,2,0
2023-05-18 15:18:35,16102,16102,16102,2,0
2023-05-18 15:18:35,16102,16102,16102,2,0
2023-05-18 15:18:42,16102,16102,16102,6,0
2023-05-18 15:18:43,16103,16103,16103,2,2
2023-05-18 15:18:43,16103,16103,16103,2,0
2023-05-18 15:18:43,16103,16103,16103,2,0
2023-05-18 15:18:43,16103,16103,16103,2,0
2023-05-18 15:18:43,16102,16102,16102,2,-2
2023-05-18 15:18:43,16102,16102,16102,2,0
2023-05-18 15:18:43,16102,16102,16102,2,0
2023-05-18 15:18:43,16102,16102,16102,2,0
2023-05-18 15:18:43,16102,16102,16102,2,0
2023-05-18 15:18:43,16102,16102,16102,2,0
2023-05-18 15:18:47,16102,16102,16102,4,0
2023-05-18 15:18:49,16102,16102,16102,4,0
2023-05-18 15:18:50,16102,16102,16102,4,0
2023-05-18 15:18:52,16102,16102,16102,4,0
2023-05-18 15:19:00,16101,16101,16101,4,-4
2023-05-18 15:19:00,16101,16101,16101,2,0
2023-05-18 15:19:02,16102,16102,16102,2,2
2023-05-18 15:19:04,16102,16102,16102,2,0
2023-05-18 15:19:06,16102,16102,16102,2,0
2023-05-18 15:19:10,16102,16102,16102,6,0
2023-05-18 15:19:10,16102,16102,16102,2,0
2023-05-18 15:19:10,16102,16102,16102,2,0
2023-05-18 15:19:10,16102,16102,16102,2,0
2023-05-18 15:19:10,16102,16102,16102,2,0
2023-05-18 15:19:22,16101,16101,16101,2,-2
2023-05-18 15:19:22,16101,16101,16101,4,0
2023-05-18 15:19:22,16101,16101,16101,2,0
2023-05-18 15:19:22,16101,16101,16101,2,0
2023-05-18 15:19:24,16102,16102,16102,6,6
2023-05-18 15:19:30,16101,16101,16101,2,-2
2023-05-18 15:19:32,16100,16100,16100,4,-4
2023-05-18 15:19:38,16100,16100,16100,4,0
2023-05-18 15:19:38,16100,16100,16100,2,0
2023-05-18 15:19:38,16100,16100,16100,2,0
2023-05-18 15:19:41,16101,16101,16101,2,2
2023-05-18 15:19:41,16101,16101,16101,2,0
2023-05-18 15:19:42,16101,16101,16101,2,0
2023-05-18 15:19:44,16101,16101,16101,2,0
2023-05-18 15:19:44,16100,16100,16100,2,-2
2023-05-18 15:19:45,16101,16101,16101,2,2
2023-05-18 15:19:50,16100,16100,16100,6,-6
2023-05-18 15:19:50,16100,16100,16100,2,0
2023-05-18 15:19:50,16100,16100,16100,12,0
2023-05-18 15:19:52,16100,16100,16100,2,0
2023-05-18 15:19:55,16100,16100,16100,2,0
2023-05-18 15:20:00,16100,16100,16100,2,0
2023-05-18 15:20:07,16101,16101,16101,2,2
2023-05-18 15:20:08,16101,16101,16101,12,0
2023-05-18 15:20:08,16101,16101,16101,8,0
2023-05-18 15:20:08,16101,16101,16101,8,0
2023-05-18 15:20:08,16102,16102,16102,4,4
2023-05-18 15:20:08,16102,16102,16102,8,0
2023-05-18 15:20:12,16102,16102,16102,8,0
2023-05-18 15:20:16,16102,16102,16102,4,0
2023-05-18 15:20:23,16102,16102,16102,2,0
2023-05-18 15:20:23,16102,16102,16102,2,0
2023-05-18 15:20:24,16102,16102,16102,2,0
2023-05-18 15:20:35,16101,16101,16101,2,-2
2023-05-18 15:20:35,16101,16101,16101,2,0
2023-05-18 15:20:37,16101,16101,16101,2,0
2023-05-18 15:20:39,16101,16101,16101,4,0
2023-05-18 15:20:39,16101,16101,16101,2,0
2023-05-18 15:20:42,16101,16101,16101,2,0
2023-05-18 15:20:43,16102,16102,16102,2,2
2023-05-18 15:20:46,16102,16102,16102,2,0
2023-05-18 15:20:52,16102,16102,16102,2,0
2023-05-18 15:20:55,16102,16102,16102,2,0
2023-05-18 15:20:56,16102,16102,16102,2,0
2023-05-18 15:21:02,16102,16102,16102,2,0
2023-05-18 15:21:03,16102,16102,16102,10,0
2023-05-18 15:21:04,16102,16102,16102,2,0
2023-05-18 15:21:09,16102,16102,16102,2,0
2023-05-18 15:21:09,16103,16103,16103,2,2
2023-05-18 15:21:09,16103,16103,16103,2,0
2023-05-18 15:21:09,16103,16103,16103,2,0
2023-05-18 15:21:09,16103,16103,16103,2,0
2023-05-18 15:21:12,16102,16102,16102,2,-2
2023-05-18 15:21:13,16102,16102,16102,2,0
2023-05-18 15:21:13,16102,16102,16102,2,0
2023-05-18 15:21:14,16102,16102,16102,2,0
2023-05-18 15:21:14,16102,16102,16102,2,0
2023-05-18 15:21:16,16102,16102,16102,2,0
2023-05-18 15:21:19,16102,16102,16102,2,0
2023-05-18 15:21:22,16102,16102,16102,2,0
2023-05-18 15:21:24,16102,16102,16102,2,0
2023-05-18 15:21:27,16102,16102,16102,2,0
2023-05-18 15:21:32,16101,16101,16101,2,-2
2023-05-18 15:21:32,16101,16101,16101,2,0
2023-05-18 15:21:32,16101,16101,16101,2,0
2023-05-18 15:21:32,16101,16101,16101,2,0
2023-05-18 15:21:32,16101,16101,16101,4,0
2023-05-18 15:21:32,16101,16101,16101,8,0
2023-05-18 15:21:35,16101,16101,16101,2,0
2023-05-18 15:21:35,16101,16101,16101,2,0
2023-05-18 15:21:36,16101,16101,16101,2,0
2023-05-18 15:21:36,16101,16101,16101,2,0
2023-05-18 15:21:37,16101,16101,16101,2,0
2023-05-18 15:21:38,16101,16101,16101,2,0
2023-05-18 15:21:41,16100,16100,16100,2,-2
2023-05-18 15:21:41,16101,16101,16101,2,2
2023-05-18 15:21:41,16101,16101,16101,12,0
2023-05-18 15:21:45,16100,16100,16100,2,-2
2023-05-18 15:21:49,16101,16101,16101,2,2
2023-05-18 15:21:51,16101,16101,16101,4,0
2023-05-18 15:21:52,16101,16101,16101,2,0
2023-05-18 15:21:54,16101,16101,16101,2,0
2023-05-18 15:21:55,16101,16101,16101,4,0
2023-05-18 15:21:55,16101,16101,16101,2,0
2023-05-18 15:21:55,16101,16101,16101,2,0
2023-05-18 15:21:55,16101,16101,16101,2,0
2023-05-18 15:21:55,16101,16101,16101,12,0
2023-05-18 15:21:55,16101,16101,16101,2,0
2023-05-18 15:21:58,16100,16100,16100,2,-2
2023-05-18 15:21:58,16101,16101,16101,2,2
2023-05-18 15:21:58,16100,16100,16100,4,-4
2023-05-18 15:21:58,16100,16100,16100,2,0
2023-05-18 15:21:58,16100,16100,16100,4,0
2023-05-18 15:21:58,16100,16100,16100,2,0
2023-05-18 15:21:58,16100,16100,16100,2,0
2023-05-18 15:21:58,16100,16100,16100,4,0
2023-05-18 15:21:58,16100,16100,16100,2,0
2023-05-18 15:21:58,16100,16100,16100,6,0
2023-05-18 15:21:58,16100,16100,16100,2,0
2023-05-18 15:21:58,16100,16100,16100,2,0
2023-05-18 15:21:58,16100,16100,16100,2,0
2023-05-18 15:21:58,16100,16100,16100,6,0
2023-05-18 15:21:58,16100,16100,16100,2,0
2023-05-18 15:21:58,16100,16100,16100,2,0
2023-05-18 15:21:58,16100,16100,16100,4,0
2023-05-18 15:21:58,16100,16100,16100,2,0
2023-05-18 15:21:58,16100,16100,16100,2,0
2023-05-18 15:21:58,16100,16100,16100,2,0
2023-05-18 15:21:58,16100,16100,16100,2,0
2023-05-18 15:21:58,16100,16100,16100,2,0
2023-05-18 15:21:59,16099,16099,16099,2,-2
2023-05-18 15:21:59,16099,16099,16099,2,0
2023-05-18 15:21:59,16099,16099,16099,2,0
2023-05-18 15:21:59,16099,16099,16099,2,0
2023-05-18 15:21:59,16099,16099,16099,2,0
2023-05-18 15:21:59,16098,16098,16098,4,-4
2023-05-18 15:21:59,16098,16098,16098,2,0
2023-05-18 15:21:59,16098,16098,16098,6,0
2023-05-18 15:21:59,16098,16098,16098,6,0
2023-05-18 15:21:59,16098,16098,16098,2,0
2023-05-18 15:21:59,16098,16098,16098,2,0
2023-05-18 15:21:59,16098,16098,16098,2,0
2023-05-18 15:21:59,16098,16098,16098,2,0
2023-05-18 15:21:59,16098,16098,16098,4,0
2023-05-18 15:21:59,16098,16098,16098,2,0
2023-05-18 15:22:02,16098,16098,16098,2,0
2023-05-18 15:22:02,16097,16097,16097,4,-4
2023-05-18 15:22:02,16097,16097,16097,2,0
2023-05-18 15:22:02,16097,16097,16097,4,0
2023-05-18 15:22:02,16096,16096,16096,2,-2
2023-05-18 15:22:02,16096,16096,16096,4,0
2023-05-18 15:22:02,16096,16096,16096,2,0
2023-05-18 15:22:02,16096,16096,16096,4,0
2023-05-18 15:22:04,16096,16096,16096,2,0
2023-05-18 15:22:04,16097,16097,16097,2,2
2023-05-18 15:22:07,16097,16097,16097,2,0
2023-05-18 15:22:07,16097,16097,16097,4,0
2023-05-18 15:22:07,16097,16097,16097,2,0
2023-05-18 15:22:07,16097,16097,16097,2,0
2023-05-18 15:22:07,16097,16097,16097,6,0
2023-05-18 15:22:07,16097,16097,16097,6,0
2023-05-18 15:22:07,16097,16097,16097,4,0
2023-05-18 15:22:07,16097,16097,16097,2,0
2023-05-18 15:22:07,16097,16097,16097,2,0
2023-05-18 15:22:09,16096,16096,16096,2,-2
2023-05-18 15:22:09,16096,16096,16096,2,0
2023-05-18 15:22:09,16096,16096,16096,2,0
2023-05-18 15:22:09,16096,16096,16096,2,0
2023-05-18 15:22:09,16095,16095,16095,2,-2
2023-05-18 15:22:09,16095,16095,16095,4,0
2023-05-18 15:22:09,16095,16095,16095,2,0
2023-05-18 15:22:09,16095,16095,16095,2,0
2023-05-18 15:22:09,16095,16095,16095,2,0
2023-05-18 15:22:10,16095,16095,16095,6,0
2023-05-18 15:22:10,16095,16095,16095,2,0
2023-05-18 15:22:10,16095,16095,16095,2,0
2023-05-18 15:22:14,16096,16096,16096,2,2
2023-05-18 15:22:14,16096,16096,16096,2,0
2023-05-18 15:22:14,16096,16096,16096,2,0
2023-05-18 15:22:14,16096,16096,16096,4,0
2023-05-18 15:22:16,16096,16096,16096,2,0
2023-05-18 15:22:16,16096,16096,16096,2,0
2023-05-18 15:22:18,16096,16096,16096,2,0
2023-05-18 15:22:18,16096,16096,16096,2,0
2023-05-18 15:22:19,16096,16096,16096,2,0
2023-05-18 15:22:21,16096,16096,16096,2,0
2023-05-18 15:22:22,16096,16096,16096,2,0
2023-05-18 15:22:25,16095,16095,16095,2,-2
2023-05-18 15:22:25,16095,16095,16095,2,0
2023-05-18 15:22:25,16095,16095,16095,4,0
2023-05-18 15:22:35,16095,16095,16095,2,0
2023-05-18 15:22:35,16095,16095,16095,2,0
2023-05-18 15:22:37,16095,16095,16095,2,0
2023-05-18 15:22:39,16096,16096,16096,4,4
2023-05-18 15:22:39,16096,16096,16096,2,0
2023-05-18 15:22:39,16096,16096,16096,6,0
2023-05-18 15:22:39,16096,16096,16096,4,0
2023-05-18 15:22:39,16096,16096,16096,8,0
2023-05-18 15:22:40,16096,16096,16096,2,0
2023-05-18 15:22:40,16096,16096,16096,2,0
2023-05-18 15:22:46,16096,16096,16096,2,0
2023-05-18 15:22:47,16096,16096,16096,2,0
2023-05-18 15:22:56,16097,16097,16097,2,2
2023-05-18 15:23:06,16098,16098,16098,8,8
2023-05-18 15:23:06,16100,16100,16100,2,2
2023-05-18 15:23:13,16098,16098,16098,2,-2
2023-05-18 15:23:17,16098,16098,16098,2,0
2023-05-18 15:23:22,16098,16098,16098,10,0
2023-05-18 15:23:23,16098,16098,16098,10,0
2023-05-18 15:23:25,16098,16098,16098,10,0
2023-05-18 15:23:29,16097,16097,16097,2,-2
2023-05-18 15:23:29,16097,16097,16097,2,0
2023-05-18 15:23:30,16098,16098,16098,2,2
2023-05-18 15:23:31,16097,16097,16097,2,-2
2023-05-18 15:23:31,16097,16097,16097,2,0
2023-05-18 15:23:31,16097,16097,16097,6,0
2023-05-18 15:23:31,16097,16097,16097,4,0
2023-05-18 15:23:40,16096,16096,16096,2,-2
2023-05-18 15:23:43,16096,16096,16096,2,0
2023-05-18 15:23:44,16096,16096,16096,2,0
2023-05-18 15:23:46,16097,16097,16097,2,2
2023-05-18 15:23:46,16096,16096,16096,2,-2
2023-05-18 15:23:46,16096,16096,16096,2,0
2023-05-18 15:23:46,16096,16096,16096,2,0
2023-05-18 15:23:46,16096,16096,16096,2,0
2023-05-18 15:23:46,16096,16096,16096,2,0
2023-05-18 15:23:49,16097,16097,16097,2,2
2023-05-18 15:23:49,16096,16096,16096,2,-2
2023-05-18 15:23:52,16096,16096,16096,2,0
2023-05-18 15:23:52,16096,16096,16096,2,0
2023-05-18 15:24:00,16096,16096,16096,2,0
2023-05-18 15:24:00,16096,16096,16096,4,0
2023-05-18 15:24:01,16096,16096,16096,12,0
2023-05-18 15:24:01,16096,16096,16096,2,0
2023-05-18 15:24:04,16096,16096,16096,2,0
2023-05-18 15:24:05,16096,16096,16096,12,0
2023-05-18 15:24:11,16095,16095,16095,2,-2
2023-05-18 15:24:15,16095,16095,16095,4,0
2023-05-18 15:24:15,16095,16095,16095,2,0
2023-05-18 15:24:15,16095,16095,16095,2,0
2023-05-18 15:24:15,16095,16095,16095,4,0
2023-05-18 15:24:15,16095,16095,16095,2,0
2023-05-18 15:24:15,16095,16095,16095,2,0
2023-05-18 15:24:15,16095,16095,16095,2,0
2023-05-18 15:24:15,16095,16095,16095,2,0
2023-05-18 15:24:15,16095,16095,16095,2,0
2023-05-18 15:24:15,16095,16095,16095,2,0
2023-05-18 15:24:15,16095,16095,16095,2,0
2023-05-18 15:24:15,16095,16095,16095,2,0
2023-05-18 15:24:19,16094,16094,16094,2,-2
2023-05-18 15:24:19,16094,16094,16094,4,0
2023-05-18 15:24:19,16094,16094,16094,2,0
2023-05-18 15:24:19,16094,16094,16094,2,0
2023-05-18 15:24:19,16094,16094,16094,2,0
2023-05-18 15:24:19,16094,16094,16094,2,0
2023-05-18 15:24:21,16094,16094,16094,2,0
2023-05-18 15:24:22,16094,16094,16094,2,0
2023-05-18 15:24:24,16093,16093,16093,2,-2
2023-05-18 15:24:25,16093,16093,16093,4,0
2023-05-18 15:24:25,16093,16093,16093,2,0
2023-05-18 15:24:25,16093,16093,16093,2,0
2023-05-18 15:24:25,16093,16093,16093,6,0
2023-05-18 15:24:25,16093,16093,16093,4,0
2023-05-18 15:24:25,16093,16093,16093,2,0
2023-05-18 15:24:27,16093,16093,16093,2,0
2023-05-18 15:24:31,16094,16094,16094,2,2
2023-05-18 15:24:31,16094,16094,16094,6,0
2023-05-18 15:24:31,16094,16094,16094,2,0
2023-05-18 15:24:32,16095,16095,16095,2,2
2023-05-18 15:24:34,16094,16094,16094,2,-2
2023-05-18 15:24:36,16094,16094,16094,4,0
2023-05-18 15:24:37,16094,16094,16094,2,0
2023-05-18 15:24:39,16095,16095,16095,10,10
2023-05-18 15:24:56,16095,16095,16095,2,0
2023-05-18 15:24:57,16096,16096,16096,10,10
2023-05-18 15:24:58,16095,16095,16095,2,-2
2023-05-18 15:24:58,16095,16095,16095,2,0
2023-05-18 15:25:13,16095,16095,16095,2,0
2023-05-18 15:25:19,16094,16094,16094,2,-2
2023-05-18 15:25:21,16094,16094,16094,2,0
2023-05-18 15:25:27,16094,16094,16094,2,0
2023-05-18 15:25:28,16094,16094,16094,2,0
2023-05-18 15:25:33,16094,16094,16094,2,0
2023-05-18 15:25:33,16094,16094,16094,2,0
2023-05-18 15:25:33,16094,16094,16094,4,0
2023-05-18 15:25:33,16094,16094,16094,8,0
2023-05-18 15:25:35,16094,16094,16094,2,0
2023-05-18 15:25:37,16095,16095,16095,4,4
2023-05-18 15:25:38,16095,16095,16095,2,0
2023-05-18 15:25:39,16094,16094,16094,2,-2
2023-05-18 15:25:49,16094,16094,16094,2,0
2023-05-18 15:25:49,16094,16094,16094,2,0
2023-05-18 15:25:59,16094,16094,16094,2,0
2023-05-18 15:25:59,16094,16094,16094,2,0
2023-05-18 15:26:01,16095,16095,16095,18,18
2023-05-18 15:26:01,16095,16095,16095,2,0
2023-05-18 15:26:04,16096,16096,16096,2,2
2023-05-18 15:26:04,16096,16096,16096,6,0
2023-05-18 15:26:05,16095,16095,16095,2,-2
2023-05-18 15:26:13,16095,16095,16095,2,0
2023-05-18 15:26:16,16096,16096,16096,4,4
2023-05-18 15:26:16,16096,16096,16096,4,0
2023-05-18 15:26:29,16096,16096,16096,2,0
2023-05-18 15:26:30,16097,16097,16097,2,2
2023-05-18 15:26:36,16097,16097,16097,2,0
2023-05-18 15:26:46,16097,16097,16097,2,0
2023-05-18 15:26:46,16097,16097,16097,2,0
2023-05-18 15:26:46,16097,16097,16097,2,0
2023-05-18 15:26:46,16097,16097,16097,2,0
2023-05-18 15:26:46,16097,16097,16097,2,0
2023-05-18 15:26:47,16097,16097,16097,2,0
2023-05-18 15:26:47,16097,16097,16097,2,0
2023-05-18 15:26:47,16097,16097,16097,6,0
2023-05-18 15:26:49,16097,16097,16097,2,0
2023-05-18 15:27:07,16096,16096,16096,2,-2
2023-05-18 15:27:07,16096,16096,16096,2,0
2023-05-18 15:27:12,16096,16096,16096,2,0
2023-05-18 15:27:14,16096,16096,16096,8,0
2023-05-18 15:27:14,16096,16096,16096,2,0
2023-05-18 15:27:14,16096,16096,16096,2,0
2023-05-18 15:27:17,16097,16097,16097,6,6
2023-05-18 15:27:20,16096,16096,16096,2,-2
2023-05-18 15:27:20,16096,16096,16096,2,0
2023-05-18 15:27:29,16096,16096,16096,2,0
2023-05-18 15:28:03,16097,16097,16097,2,2
2023-05-18 15:28:03,16097,16097,16097,4,0
2023-05-18 15:28:03,16097,16097,16097,2,0
2023-05-18 15:28:03,16097,16097,16097,26,0
2023-05-18 15:28:09,16098,16098,16098,2,2
2023-05-18 15:28:09,16098,16098,16098,10,0
2023-05-18 15:28:09,16098,16098,16098,2,0
2023-05-18 15:28:09,16098,16098,16098,4,0
2023-05-18 15:28:09,16098,16098,16098,2,0
2023-05-18 15:28:09,16098,16098,16098,2,0
2023-05-18 15:28:10,16098,16098,16098,2,0
2023-05-18 15:28:14,16098,16098,16098,2,0
2023-05-18 15:28:17,16098,16098,16098,2,0
2023-05-18 15:28:21,16098,16098,16098,2,0
2023-05-18 15:28:22,16098,16098,16098,24,0
2023-05-18 15:28:22,16098,16098,16098,2,0
2023-05-18 15:28:22,16098,16098,16098,2,0
2023-05-18 15:28:26,16098,16098,16098,6,0
2023-05-18 15:28:37,16098,16098,16098,4,0
2023-05-18 15:28:40,16099,16099,16099,4,4
2023-05-18 15:28:48,16100,16100,16100,8,8
2023-05-18 15:28:52,16100,16100,16100,2,0
2023-05-18 15:28:52,16100,16100,16100,12,0
2023-05-18 15:28:52,16100,16100,16100,2,0
2023-05-18 15:28:53,16100,16100,16100,2,0
2023-05-18 15:28:56,16099,16099,16099,2,-2
2023-05-18 15:28:56,16099,16099,16099,2,0
2023-05-18 15:28:56,16099,16099,16099,2,0
2023-05-18 15:28:58,16100,16100,16100,2,2
2023-05-18 15:29:01,16100,16100,16100,4,0
2023-05-18 15:29:03,16100,16100,16100,2,0
2023-05-18 15:29:03,16100,16100,16100,10,0
2023-05-18 15:29:03,16100,16100,16100,2,0
2023-05-18 15:29:04,16100,16100,16100,6,0
2023-05-18 15:29:04,16101,16101,16101,2,2
2023-05-18 15:29:04,16101,16101,16101,2,0
2023-05-18 15:29:04,16101,16101,16101,2,0
2023-05-18 15:29:04,16101,16101,16101,2,0
2023-05-18 15:29:04,16101,16101,16101,2,0
2023-05-18 15:29:08,16101,16101,16101,2,0
2023-05-18 15:29:09,16102,16102,16102,10,10
2023-05-18 15:29:10,16101,16101,16101,2,-2
2023-05-18 15:29:18,16101,16101,16101,2,0
2023-05-18 15:29:27,16101,16101,16101,4,0
2023-05-18 15:29:28,16101,16101,16101,2,0
2023-05-18 15:29:29,16101,16101,16101,2,0
2023-05-18 15:29:32,16100,16100,16100,2,-2
2023-05-18 15:29:35,16100,16100,16100,2,0
2023-05-18 15:29:36,16100,16100,16100,4,0
2023-05-18 15:29:41,16101,16101,16101,2,2
2023-05-18 15:29:48,16101,16101,16101,8,0
2023-05-18 15:29:51,16101,16101,16101,2,0
2023-05-18 15:29:57,16102,16102,16102,12,12
2023-05-18 15:29:57,16102,16102,16102,2,0
2023-05-18 15:30:00,16102,16102,16102,12,0
2023-05-18 15:30:00,16102,16102,16102,4,0
2023-05-18 15:30:01,16102,16102,16102,2,0
2023-05-18 15:30:01,16103,16103,16103,2,2
2023-05-18 15:30:01,16103,16103,16103,2,0
2023-05-18 15:30:01,16103,16103,16103,2,0
2023-05-18 15:30:01,16103,16103,16103,2,0
2023-05-18 15:30:01,16103,16103,16103,2,0
2023-05-18 15:30:01,16104,16104,16104,2,2
2023-05-18 15:30:02,16104,16104,16104,4,0
2023-05-18 15:30:02,16104,16104,16104,2,0
2023-05-18 15:30:02,16103,16103,16103,2,-2
2023-05-18 15:30:02,16104,16104,16104,2,2
2023-05-18 15:30:03,16103,16103,16103,2,-2
2023-05-18 15:30:03,16103,16103,16103,2,0
2023-05-18 15:30:03,16103,16103,16103,6,0
2023-05-18 15:30:03,16103,16103,16103,6,0
2023-05-18 15:30:03,16103,16103,16103,2,0
2023-05-18 15:30:03,16103,16103,16103,2,0
2023-05-18 15:30:05,16104,16104,16104,2,2
2023-05-18 15:30:06,16102,16102,16102,2,-2
2023-05-18 15:30:07,16103,16103,16103,2,2
2023-05-18 15:30:08,16103,16103,16103,2,0
2023-05-18 15:30:09,16104,16104,16104,2,2
2023-05-18 15:30:10,16104,16104,16104,2,0
2023-05-18 15:30:11,16103,16103,16103,2,-2
2023-05-18 15:30:11,16102,16102,16102,2,-2
2023-05-18 15:30:11,16102,16102,16102,2,0
2023-05-18 15:30:15,16103,16103,16103,2,2
2023-05-18 15:30:16,16103,16103,16103,2,0
2023-05-18 15:30:19,16103,16103,16103,2,0
2023-05-18 15:30:19,16103,16103,16103,2,0
2023-05-18 15:30:19,16103,16103,16103,2,0
2023-05-18 15:30:21,16104,16104,16104,2,2
2023-05-18 15:30:22,16104,16104,16104,2,0
2023-05-18 15:30:24,16104,16104,16104,2,0
2023-05-18 15:30:26,16104,16104,16104,4,0
2023-05-18 15:30:27,16104,16104,16104,2,0
2023-05-18 15:30:28,16104,16104,16104,8,0
2023-05-18 15:30:28,16103,16103,16103,4,-4
2023-05-18 15:30:32,16103,16103,16103,2,0
2023-05-18 15:30:33,16104,16104,16104,2,2
2023-05-18 15:30:39,16104,16104,16104,4,0
2023-05-18 15:30:44,16104,16104,16104,2,0
2023-05-18 15:30:44,16104,16104,16104,14,0
2023-05-18 15:30:45,16103,16103,16103,8,-8
2023-05-18 15:30:45,16103,16103,16103,2,0
2023-05-18 15:30:45,16104,16104,16104,2,2
2023-05-18 15:30:48,16103,16103,16103,2,-2
2023-05-18 15:30:52,16104,16104,16104,2,2
2023-05-18 15:30:54,16104,16104,16104,2,0
2023-05-18 15:30:56,16104,16104,16104,6,0
2023-05-18 15:30:57,16103,16103,16103,2,-2
2023-05-18 15:30:57,16103,16103,16103,2,0
2023-05-18 15:30:57,16103,16103,16103,4,0
2023-05-18 15:30:57,16103,16103,16103,2,0
2023-05-18 15:30:57,16103,16103,16103,4,0
2023-05-18 15:30:57,16103,16103,16103,2,0
2023-05-18 15:30:57,16103,16103,16103,4,0
2023-05-18 15:30:59,16104,16104,16104,2,2
2023-05-18 15:31:01,16104,16104,16104,2,0
2023-05-18 15:31:03,16103,16103,16103,2,-2
2023-05-18 15:31:04,16103,16103,16103,4,0
2023-05-18 15:31:05,16103,16103,16103,2,0
2023-05-18 15:31:05,16103,16103,16103,2,0
2023-05-18 15:31:06,16103,16103,16103,2,0
2023-05-18 15:31:06,16104,16104,16104,2,2
2023-05-18 15:31:09,16103,16103,16103,2,-2
2023-05-18 15:31:11,16103,16103,16103,2,0
2023-05-18 15:31:12,16103,16103,16103,2,0
2023-05-18 15:31:12,16104,16104,16104,2,2
2023-05-18 15:31:13,16103,16103,16103,2,-2
2023-05-18 15:31:14,16103,16103,16103,2,0
2023-05-18 15:31:23,16103,16103,16103,2,0
2023-05-18 15:31:26,16103,16103,16103,2,0
2023-05-18 15:31:26,16103,16103,16103,2,0
2023-05-18 15:31:27,16104,16104,16104,6,6
2023-05-18 15:31:27,16104,16104,16104,6,0
2023-05-18 15:31:27,16104,16104,16104,2,0
2023-05-18 15:31:27,16105,16105,16105,22,22
2023-05-18 15:31:27,16105,16105,16105,6,0
2023-05-18 15:31:28,16106,16106,16106,4,4
2023-05-18 15:31:28,16106,16106,16106,2,0
2023-05-18 15:31:28,16106,16106,16106,2,0
2023-05-18 15:31:28,16106,16106,16106,2,0
2023-05-18 15:31:28,16106,16106,16106,2,0
2023-05-18 15:31:28,16106,16106,16106,6,0
2023-05-18 15:31:28,16105,16105,16105,2,-2
2023-05-18 15:31:30,16106,16106,16106,8,8
2023-05-18 15:31:32,16106,16106,16106,2,0
2023-05-18 15:31:33,16106,16106,16106,2,0
2023-05-18 15:31:33,16105,16105,16105,2,-2
2023-05-18 15:31:36,16106,16106,16106,2,2
2023-05-18 15:31:38,16106,16106,16106,2,0
2023-05-18 15:31:38,16107,16107,16107,2,2
2023-05-18 15:31:39,16107,16107,16107,2,0
2023-05-18 15:31:41,16107,16107,16107,46,0
2023-05-18 15:31:45,16108,16108,16108,4,4
2023-05-18 15:31:45,16108,16108,16108,2,0
2023-05-18 15:31:45,16108,16108,16108,2,0
2023-05-18 15:31:45,16107,16107,16107,2,-2
2023-05-18 15:31:47,16107,16107,16107,2,0
2023-05-18 15:31:48,16108,16108,16108,2,2
2023-05-18 15:31:49,16108,16108,16108,2,0
2023-05-18 15:31:50,16108,16108,16108,2,0
2023-05-18 15:31:51,16108,16108,16108,4,0
2023-05-18 15:31:52,16108,16108,16108,4,0
2023-05-18 15:31:53,16108,16108,16108,2,0
2023-05-18 15:31:53,16108,16108,16108,2,0
2023-05-18 15:31:54,16108,16108,16108,2,0
2023-05-18 15:31:54,16108,16108,16108,2,0
2023-05-18 15:31:57,16107,16107,16107,2,-2
2023-05-18 15:31:58,16107,16107,16107,4,0
2023-05-18 15:32:01,16107,16107,16107,2,0
2023-05-18 15:32:01,16107,16107,16107,2,0
2023-05-18 15:32:01,16107,16107,16107,2,0
2023-05-18 15:32:01,16107,16107,16107,2,0
2023-05-18 15:32:01,16107,16107,16107,4,0
2023-05-18 15:32:01,16107,16107,16107,10,0
2023-05-18 15:32:01,16107,16107,16107,6,0
2023-05-18 15:32:01,16107,16107,16107,2,0
2023-05-18 15:32:01,16107,16107,16107,4,0
2023-05-18 15:32:01,16106,16106,16106,2,-2
2023-05-18 15:32:01,16106,16106,16106,2,0
2023-05-18 15:32:01,16106,16106,16106,2,0
2023-05-18 15:32:02,16107,16107,16107,4,4
2023-05-18 15:32:02,16106,16106,16106,2,-2
2023-05-18 15:32:02,16106,16106,16106,2,0
2023-05-18 15:32:02,16106,16106,16106,2,0
2023-05-18 15:32:02,16105,16105,16105,2,-2
2023-05-18 15:32:02,16105,16105,16105,2,0
2023-05-18 15:32:02,16105,16105,16105,2,0
2023-05-18 15:32:02,16105,16105,16105,2,0
2023-05-18 15:32:02,16105,16105,16105,2,0
2023-05-18 15:32:02,16105,16105,16105,2,0
2023-05-18 15:32:02,16105,16105,16105,2,0
2023-05-18 15:32:02,16106,16106,16106,2,2
2023-05-18 15:32:02,16105,16105,16105,2,-2
2023-05-18 15:32:02,16105,16105,16105,2,0
2023-05-18 15:32:02,16105,16105,16105,2,0
2023-05-18 15:32:02,16105,16105,16105,2,0
2023-05-18 15:32:03,16105,16105,16105,2,0
2023-05-18 15:32:04,16106,16106,16106,8,8
2023-05-18 15:32:08,16105,16105,16105,6,-6
2023-05-18 15:32:08,16105,16105,16105,2,0
2023-05-18 15:32:08,16106,16106,16106,2,2
2023-05-18 15:32:09,16105,16105,16105,8,-8
2023-05-18 15:32:09,16105,16105,16105,10,0
2023-05-18 15:32:09,16105,16105,16105,2,0
2023-05-18 15:32:09,16105,16105,16105,4,0
2023-05-18 15:32:11,16105,16105,16105,16,0
2023-05-18 15:32:11,16105,16105,16105,4,0
2023-05-18 15:32:11,16106,16106,16106,4,4
2023-05-18 15:32:11,16106,16106,16106,4,0
2023-05-18 15:32:14,16105,16105,16105,2,-2
2023-05-18 15:32:17,16105,16105,16105,2,0
2023-05-18 15:32:20,16105,16105,16105,2,0
2023-05-18 15:32:23,16106,16106,16106,2,2
2023-05-18 15:32:24,16106,16106,16106,2,0
2023-05-18 15:32:24,16105,16105,16105,2,-2
2023-05-18 15:32:24,16105,16105,16105,2,0
2023-05-18 15:32:24,16105,16105,16105,2,0
2023-05-18 15:32:24,16106,16106,16106,2,2
2023-05-18 15:32:26,16106,16106,16106,2,0
2023-05-18 15:32:27,16106,16106,16106,2,0
2023-05-18 15:32:28,16106,16106,16106,2,0
2023-05-18 15:32:28,16106,16106,16106,2,0
2023-05-18 15:32:29,16106,16106,16106,2,0
2023-05-18 15:32:33,16106,16106,16106,2,0
2023-05-18 15:32:33,16106,16106,16106,6,0
2023-05-18 15:32:33,16106,16106,16106,2,0
2023-05-18 15:32:35,16106,16106,16106,2,0
2023-05-18 15:32:36,16106,16106,16106,2,0
2023-05-18 15:32:36,16106,16106,16106,2,0
2023-05-18 15:32:39,16105,16105,16105,2,-2
2023-05-18 15:32:40,16105,16105,16105,2,0
2023-05-18 15:32:40,16105,16105,16105,4,0
2023-05-18 15:32:40,16105,16105,16105,2,0
2023-05-18 15:32:42,16105,16105,16105,2,0
2023-05-18 15:32:43,16105,16105,16105,2,0
2023-05-18 15:32:44,16105,16105,16105,2,0
2023-05-18 15:32:44,16105,16105,16105,2,0
2023-05-18 15:32:44,16105,16105,16105,2,0
2023-05-18 15:32:44,16104,16104,16104,2,-2
2023-05-18 15:32:44,16104,16104,16104,2,0
2023-05-18 15:32:45,16105,16105,16105,2,2
2023-05-18 15:32:45,16105,16105,16105,2,0
2023-05-18 15:32:45,16105,16105,16105,4,0
2023-05-18 15:32:50,16104,16104,16104,2,-2
2023-05-18 15:32:53,16104,16104,16104,2,0
2023-05-18 15:32:53,16104,16104,16104,2,0
2023-05-18 15:32:57,16104,16104,16104,2,0
2023-05-18 15:33:02,16104,16104,16104,2,0
2023-05-18 15:33:02,16104,16104,16104,2,0
2023-05-18 15:33:07,16105,16105,16105,2,2
2023-05-18 15:33:09,16105,16105,16105,2,0
2023-05-18 15:33:11,16105,16105,16105,4,0
2023-05-18 15:33:16,16105,16105,16105,2,0
2023-05-18 15:33:18,16105,16105,16105,2,0
2023-05-18 15:33:18,16104,16104,16104,2,-2
2023-05-18 15:33:25,16105,16105,16105,16,16
2023-05-18 15:33:32,16105,16105,16105,2,0
2023-05-18 15:33:33,16105,16105,16105,2,0
2023-05-18 15:33:33,16105,16105,16105,2,0
2023-05-18 15:33:34,16105,16105,16105,2,0
2023-05-18 15:33:36,16105,16105,16105,2,0
2023-05-18 15:33:41,16104,16104,16104,2,-2
2023-05-18 15:33:41,16104,16104,16104,4,0
2023-05-18 15:33:41,16104,16104,16104,2,0
2023-05-18 15:33:41,16105,16105,16105,2,2
2023-05-18 15:33:42,16105,16105,16105,2,0
2023-05-18 15:33:43,16105,16105,16105,6,0
2023-05-18 15:33:46,16105,16105,16105,2,0
2023-05-18 15:33:46,16105,16105,16105,2,0
2023-05-18 15:33:49,16105,16105,16105,2,0
2023-05-18 15:33:49,16105,16105,16105,2,0
2023-05-18 15:33:49,16105,16105,16105,2,0
2023-05-18 15:33:49,16104,16104,16104,2,-2
2023-05-18 15:33:49,16105,16105,16105,2,2
2023-05-18 15:33:58,16104,16104,16104,2,-2
2023-05-18 15:33:58,16104,16104,16104,2,0
2023-05-18 15:33:58,16104,16104,16104,2,0
2023-05-18 15:33:58,16103,16103,16103,4,-4
2023-05-18 15:33:59,16104,16104,16104,2,2
2023-05-18 15:34:00,16103,16103,16103,2,-2
2023-05-18 15:34:00,16103,16103,16103,2,0
2023-05-18 15:34:00,16103,16103,16103,2,0
2023-05-18 15:34:00,16103,16103,16103,6,0
2023-05-18 15:34:00,16103,16103,16103,2,0
2023-05-18 15:34:08,16104,16104,16104,2,2
2023-05-18 15:34:14,16104,16104,16104,2,0
2023-05-18 15:34:14,16104,16104,16104,2,0
2023-05-18 15:34:14,16104,16104,16104,2,0
2023-05-18 15:34:14,16104,16104,16104,2,0
2023-05-18 15:34:14,16104,16104,16104,2,0
2023-05-18 15:34:14,16104,16104,16104,2,0
2023-05-18 15:34:18,16104,16104,16104,2,0
2023-05-18 15:34:18,16104,16104,16104,2,0
2023-05-18 15:34:21,16104,16104,16104,2,0
2023-05-18 15:34:22,16104,16104,16104,2,0
2023-05-18 15:34:24,16104,16104,16104,4,0
2023-05-18 15:34:27,16105,16105,16105,2,2
2023-05-18 15:34:38,16106,16106,16106,2,2
2023-05-18 15:34:42,16106,16106,16106,10,0
2023-05-18 15:34:44,16106,16106,16106,6,0
2023-05-18 15:34:52,16107,16107,16107,10,10
2023-05-18 15:34:52,16107,16107,16107,2,0
2023-05-18 15:35:00,16107,16107,16107,2,0
2023-05-18 15:35:00,16107,16107,16107,2,0
2023-05-18 15:35:00,16107,16107,16107,2,0
2023-05-18 15:35:01,16107,16107,16107,2,0
2023-05-18 15:35:03,16107,16107,16107,2,0
2023-05-18 15:35:06,16107,16107,16107,2,0
2023-05-18 15:35:08,16107,16107,16107,2,0
2023-05-18 15:35:08,16107,16107,16107,2,0
2023-05-18 15:35:11,16107,16107,16107,2,0
2023-05-18 15:35:11,16107,16107,16107,2,0
2023-05-18 15:35:20,16107,16107,16107,2,0
2023-05-18 15:35:22,16108,16108,16108,2,2
2023-05-18 15:35:23,16108,16108,16108,2,0
2023-05-18 15:35:25,16108,16108,16108,6,0
2023-05-18 15:35:29,16108,16108,16108,2,0
2023-05-18 15:35:29,16108,16108,16108,6,0
2023-05-18 15:35:29,16107,16107,16107,2,-2
2023-05-18 15:35:31,16108,16108,16108,2,2
2023-05-18 15:35:34,16107,16107,16107,2,-2
2023-05-18 15:35:35,16107,16107,16107,2,0
2023-05-18 15:35:35,16106,16106,16106,4,-4
2023-05-18 15:35:35,16106,16106,16106,2,0
2023-05-18 15:35:35,16105,16105,16105,2,-2
2023-05-18 15:35:35,16105,16105,16105,4,0
2023-05-18 15:35:35,16105,16105,16105,6,0
2023-05-18 15:35:35,16105,16105,16105,2,0
2023-05-18 15:35:35,16105,16105,16105,2,0
2023-05-18 15:35:35,16105,16105,16105,2,0
2023-05-18 15:35:35,16104,16104,16104,2,-2
2023-05-18 15:35:35,16104,16104,16104,2,0
2023-05-18 15:35:35,16104,16104,16104,2,0
2023-05-18 15:35:35,16104,16104,16104,2,0
2023-05-18 15:35:35,16104,16104,16104,2,0
2023-05-18 15:35:39,16105,16105,16105,2,2
2023-05-18 15:35:40,16105,16105,16105,2,0
2023-05-18 15:35:44,16105,16105,16105,2,0
2023-05-18 15:35:44,16105,16105,16105,2,0
2023-05-18 15:35:45,16105,16105,16105,2,0
2023-05-18 15:35:45,16105,16105,16105,2,0
2023-05-18 15:35:45,16105,16105,16105,2,0
2023-05-18 15:35:45,16105,16105,16105,2,0
2023-05-18 15:35:45,16105,16105,16105,4,0
2023-05-18 15:35:45,16105,16105,16105,8,0
2023-05-18 15:35:45,16105,16105,16105,2,0
2023-05-18 15:36:17,16106,16106,16106,2,2
2023-05-18 15:36:17,16106,16106,16106,2,0
2023-05-18 15:36:18,16106,16106,16106,2,0
2023-05-18 15:36:19,16106,16106,16106,2,0
2023-05-18 15:36:22,16106,16106,16106,4,0
2023-05-18 15:36:22,16106,16106,16106,2,0
2023-05-18 15:36:22,16106,16106,16106,2,0
2023-05-18 15:36:23,16107,16107,16107,2,2
2023-05-18 15:36:26,16106,16106,16106,2,-2
2023-05-18 15:36:29,16106,16106,16106,10,0
2023-05-18 15:36:35,16106,16106,16106,2,0
2023-05-18 15:36:37,16105,16105,16105,2,-2
2023-05-18 15:36:46,16105,16105,16105,2,0
2023-05-18 15:37:03,16105,16105,16105,2,0
2023-05-18 15:37:03,16106,16106,16106,2,2
2023-05-18 15:37:03,16106,16106,16106,2,0
2023-05-18 15:37:03,16106,16106,16106,2,0
2023-05-18 15:37:03,16106,16106,16106,2,0
2023-05-18 15:37:03,16106,16106,16106,2,0
2023-05-18 15:37:04,16106,16106,16106,2,0
2023-05-18 15:37:04,16106,16106,16106,2,0
2023-05-18 15:37:05,16106,16106,16106,2,0
2023-05-18 15:37:07,16106,16106,16106,2,0
2023-05-18 15:37:10,16106,16106,16106,2,0
2023-05-18 15:37:26,16106,16106,16106,2,0
2023-05-18 15:37:26,16106,16106,16106,2,0
2023-05-18 15:37:27,16106,16106,16106,10,0
2023-05-18 15:37:28,16106,16106,16106,2,0
2023-05-18 15:37:30,16106,16106,16106,4,0
2023-05-18 15:37:34,16105,16105,16105,2,-2
2023-05-18 15:37:35,16105,16105,16105,2,0
2023-05-18 15:37:39,16106,16106,16106,2,2
2023-05-18 15:37:49,16106,16106,16106,4,0
2023-05-18 15:37:49,16107,16107,16107,6,6
2023-05-18 15:37:54,16107,16107,16107,2,0
2023-05-18 15:38:02,16107,16107,16107,2,0
2023-05-18 15:38:04,16106,16106,16106,2,-2
2023-05-18 15:38:15,16106,16106,16106,2,0
2023-05-18 15:38:26,16107,16107,16107,2,2
2023-05-18 15:38:28,16106,16106,16106,2,-2
2023-05-18 15:38:29,16107,16107,16107,2,2
2023-05-18 15:38:29,16106,16106,16106,2,-2
2023-05-18 15:38:33,16107,16107,16107,2,2
2023-05-18 15:38:33,16107,16107,16107,18,0
2023-05-18 15:38:33,16107,16107,16107,2,0
2023-05-18 15:38:36,16108,16108,16108,2,2
2023-05-18 15:38:37,16108,16108,16108,4,0
2023-05-18 15:38:41,16108,16108,16108,2,0
2023-05-18 15:38:41,16108,16108,16108,2,0
2023-05-18 15:38:41,16108,16108,16108,2,0
2023-05-18 15:38:41,16108,16108,16108,6,0
2023-05-18 15:38:41,16108,16108,16108,4,0
2023-05-18 15:38:41,16108,16108,16108,12,0
2023-05-18 15:38:42,16109,16109,16109,2,2
2023-05-18 15:38:44,16108,16108,16108,2,-2
2023-05-18 15:38:45,16108,16108,16108,2,0
2023-05-18 15:38:50,16109,16109,16109,2,2
2023-05-18 15:38:50,16108,16108,16108,2,-2
2023-05-18 15:38:51,16109,16109,16109,14,14
2023-05-18 15:38:51,16108,16108,16108,2,-2
2023-05-18 15:38:51,16109,16109,16109,2,2
2023-05-18 15:38:52,16109,16109,16109,2,0
2023-05-18 15:38:54,16109,16109,16109,2,0
2023-05-18 15:38:55,16109,16109,16109,26,0
2023-05-18 15:38:57,16110,16110,16110,14,14
2023-05-18 15:38:57,16110,16110,16110,2,0
2023-05-18 15:38:57,16110,16110,16110,2,0
2023-05-18 15:38:57,16110,16110,16110,2,0
2023-05-18 15:38:58,16109,16109,16109,2,-2
2023-05-18 15:38:59,16110,16110,16110,4,4
2023-05-18 15:39:01,16110,16110,16110,2,0
2023-05-18 15:39:01,16110,16110,16110,8,0
2023-05-18 15:39:01,16110,16110,16110,2,0
2023-05-18 15:39:04,16110,16110,16110,2,0
2023-05-18 15:39:07,16110,16110,16110,2,0
2023-05-18 15:39:08,16110,16110,16110,2,0
2023-05-18 15:39:09,16110,16110,16110,10,0
2023-05-18 15:39:09,16110,16110,16110,2,0
2023-05-18 15:39:10,16111,16111,16111,2,2
2023-05-18 15:39:10,16111,16111,16111,6,0
2023-05-18 15:39:10,16111,16111,16111,4,0
2023-05-18 15:39:10,16111,16111,16111,18,0
2023-05-18 15:39:10,16110,16110,16110,2,-2
2023-05-18 15:39:10,16110,16110,16110,2,0
2023-05-18 15:39:10,16110,16110,16110,2,0
2023-05-18 15:39:12,16111,16111,16111,2,2
2023-05-18 15:39:12,16110,16110,16110,2,-2
2023-05-18 15:39:13,16111,16111,16111,2,2
2023-05-18 15:39:14,16112,16112,16112,2,2
2023-05-18 15:39:14,16112,16112,16112,8,0
2023-05-18 15:39:14,16112,16112,16112,6,0
2023-05-18 15:39:14,16112,16112,16112,2,0
2023-05-18 15:39:14,16112,16112,16112,4,0
2023-05-18 15:39:14,16111,16111,16111,2,-2
2023-05-18 15:39:16,16112,16112,16112,10,10
2023-05-18 15:39:17,16112,16112,16112,6,0
2023-05-18 15:39:17,16113,16113,16113,4,4
2023-05-18 15:39:17,16113,16113,16113,20,0
2023-05-18 15:39:17,16114,16114,16114,10,10
2023-05-18 15:39:18,16112,16112,16112,2,-2
2023-05-18 15:39:18,16113,16113,16113,2,2
2023-05-18 15:39:19,16113,16113,16113,16,0
2023-05-18 15:39:19,16112,16112,16112,2,-2
2023-05-18 15:39:19,16113,16113,16113,2,2
2023-05-18 15:39:20,16112,16112,16112,2,-2
2023-05-18 15:39:20,16112,16112,16112,2,0
2023-05-18 15:39:21,16113,16113,16113,4,4
2023-05-18 15:39:21,16113,16113,16113,2,0
2023-05-18 15:39:22,16112,16112,16112,2,-2
2023-05-18 15:39:22,16113,16113,16113,4,4
2023-05-18 15:39:23,16112,16112,16112,2,-2
2023-05-18 15:39:27,16113,16113,16113,2,2
2023-05-18 15:39:28,16113,16113,16113,20,0
2023-05-18 15:39:28,16114,16114,16114,4,4
2023-05-18 15:39:28,16112,16112,16112,2,-2
2023-05-18 15:39:28,16114,16114,16114,4,4
2023-05-18 15:39:31,16113,16113,16113,2,-2
2023-05-18 15:39:31,16113,16113,16113,4,0
2023-05-18 15:39:33,16114,16114,16114,4,4
2023-05-18 15:39:33,16115,16115,16115,6,6
2023-05-18 15:39:33,16113,16113,16113,4,-4
2023-05-18 15:39:33,16115,16115,16115,2,2
2023-05-18 15:39:33,16115,16115,16115,2,0
2023-05-18 15:39:33,16115,16115,16115,12,0
2023-05-18 15:39:33,16115,16115,16115,2,0
2023-05-18 15:39:33,16115,16115,16115,6,0
2023-05-18 15:39:33,16115,16115,16115,20,0
2023-05-18 15:39:33,16116,16116,16116,2,2
2023-05-18 15:39:33,16116,16116,16116,2,0
2023-05-18 15:39:33,16114,16114,16114,2,-2
2023-05-18 15:39:33,16114,16114,16114,2,0
2023-05-18 15:39:34,16115,16115,16115,2,2
2023-05-18 15:39:36,16115,16115,16115,4,0
2023-05-18 15:39:36,16115,16115,16115,10,0
2023-05-18 15:39:37,16115,16115,16115,2,0
2023-05-18 15:39:37,16114,16114,16114,2,-2
2023-05-18 15:39:37,16116,16116,16116,2,2
2023-05-18 15:39:37,16115,16115,16115,2,-2
2023-05-18 15:39:38,16115,16115,16115,2,0
2023-05-18 15:39:39,16115,16115,16115,16,0
2023-05-18 15:39:39,16114,16114,16114,2,-2
2023-05-18 15:39:39,16114,16114,16114,2,0
2023-05-18 15:39:39,16114,16114,16114,2,0
2023-05-18 15:39:39,16114,16114,16114,4,0
2023-05-18 15:39:39,16114,16114,16114,2,0
2023-05-18 15:39:39,16114,16114,16114,2,0
2023-05-18 15:39:39,16114,16114,16114,2,0
2023-05-18 15:39:39,16114,16114,16114,2,0
2023-05-18 15:39:39,16114,16114,16114,6,0
2023-05-18 15:39:39,16114,16114,16114,2,0
2023-05-18 15:39:40,16114,16114,16114,2,0
2023-05-18 15:39:40,16114,16114,16114,4,0
2023-05-18 15:39:41,16114,16114,16114,4,0
2023-05-18 15:39:45,16114,16114,16114,2,0
2023-05-18 15:39:45,16114,16114,16114,2,0
2023-05-18 15:39:46,16114,16114,16114,10,0
2023-05-18 15:39:48,16114,16114,16114,10,0
2023-05-18 15:39:48,16114,16114,16114,2,0
2023-05-18 15:39:50,16114,16114,16114,6,0
2023-05-18 15:39:51,16115,16115,16115,12,12
2023-05-18 15:39:54,16116,16116,16116,2,2
2023-05-18 15:39:55,16116,16116,16116,2,0
2023-05-18 15:39:57,16115,16115,16115,2,-2
2023-05-18 15:39:57,16115,16115,16115,2,0
2023-05-18 15:39:58,16116,16116,16116,2,2
2023-05-18 15:39:59,16116,16116,16116,2,0
2023-05-18 15:40:01,16116,16116,16116,2,0
2023-05-18 15:40:01,16116,16116,16116,4,0
2023-05-18 15:40:01,16115,16115,16115,2,-2
2023-05-18 15:40:02,16116,16116,16116,2,2
2023-05-18 15:40:02,16116,16116,16116,2,0
2023-05-18 15:40:03,16116,16116,16116,24,0
2023-05-18 15:40:03,16117,16117,16117,2,2
2023-05-18 15:40:03,16117,16117,16117,2,0
2023-05-18 15:40:03,16117,16117,16117,58,0
2023-05-18 15:40:03,16117,16117,16117,2,0
2023-05-18 15:40:03,16117,16117,16117,2,0
2023-05-18 15:40:03,16116,16116,16116,2,-2
2023-05-18 15:40:05,16116,16116,16116,2,0
2023-05-18 15:40:08,16116,16116,16116,2,0
2023-05-18 15:40:08,16117,16117,16117,2,2
2023-05-18 15:40:09,16116,16116,16116,6,-6
2023-05-18 15:40:17,16116,16116,16116,2,0
2023-05-18 15:40:17,16116,16116,16116,4,0
2023-05-18 15:40:17,16116,16116,16116,2,0
2023-05-18 15:40:17,16116,16116,16116,2,0
2023-05-18 15:40:17,16116,16116,16116,2,0
2023-05-18 15:40:18,16116,16116,16116,2,0
2023-05-18 15:40:22,16116,16116,16116,2,0
2023-05-18 15:40:22,16116,16116,16116,2,0
2023-05-18 15:40:23,16116,16116,16116,2,0
2023-05-18 15:40:24,16116,16116,16116,2,0
2023-05-18 15:40:25,16116,16116,16116,2,0
2023-05-18 15:40:25,16116,16116,16116,2,0
2023-05-18 15:40:26,16116,16116,16116,2,0
2023-05-18 15:40:26,16116,16116,16116,2,0
2023-05-18 15:40:27,16116,16116,16116,8,0
2023-05-18 15:40:27,16116,16116,16116,2,0
2023-05-18 15:40:27,16116,16116,16116,2,0
2023-05-18 15:40:28,16116,16116,16116,2,0
2023-05-18 15:40:28,16116,16116,16116,2,0
2023-05-18 15:40:30,16116,16116,16116,2,0
2023-05-18 15:40:32,16117,16117,16117,2,2
2023-05-18 15:40:32,16117,16117,16117,2,0
2023-05-18 15:40:33,16117,16117,16117,4,0
2023-05-18 15:40:35,16116,16116,16116,2,-2
2023-05-18 15:40:36,16116,16116,16116,2,0
2023-05-18 15:40:38,16117,16117,16117,2,2
2023-05-18 15:40:38,16117,16117,16117,4,0
2023-05-18 15:40:39,16116,16116,16116,2,-2
2023-05-18 15:40:39,16116,16116,16116,2,0
2023-05-18 15:40:39,16116,16116,16116,18,0
2023-05-18 15:40:40,16117,16117,16117,32,32
2023-05-18 15:40:40,16117,16117,16117,4,0
2023-05-18 15:40:42,16117,16117,16117,2,0
2023-05-18 15:40:42,16117,16117,16117,2,0
2023-05-18 15:40:43,16117,16117,16117,8,0
2023-05-18 15:40:44,16117,16117,16117,4,0
2023-05-18 15:40:47,16117,16117,16117,2,0
2023-05-18 15:40:48,16117,16117,16117,2,0
2023-05-18 15:40:48,16118,16118,16118,16,16
2023-05-18 15:40:48,16116,16116,16116,2,-2
2023-05-18 15:40:48,16116,16116,16116,4,0
2023-05-18 15:40:49,16117,16117,16117,2,2
2023-05-18 15:40:49,16117,16117,16117,2,0
2023-05-18 15:40:49,16117,16117,16117,2,0
2023-05-18 15:40:51,16117,16117,16117,2,0
2023-05-18 15:40:51,16117,16117,16117,2,0
2023-05-18 15:40:54,16117,16117,16117,2,0
2023-05-18 15:40:54,16117,16117,16117,2,0
2023-05-18 15:40:54,16117,16117,16117,2,0
2023-05-18 15:40:54,16117,16117,16117,2,0
2023-05-18 15:40:56,16117,16117,16117,8,0
2023-05-18 15:40:57,16117,16117,16117,2,0
2023-05-18 15:40:59,16117,16117,16117,12,0
2023-05-18 15:40:59,16117,16117,16117,4,0
2023-05-18 15:41:00,16117,16117,16117,2,0
2023-05-18 15:41:00,16118,16118,16118,2,2
2023-05-18 15:41:01,16118,16118,16118,8,0
2023-05-18 15:41:06,16118,16118,16118,4,0
2023-05-18 15:41:06,16118,16118,16118,10,0
2023-05-18 15:41:07,16118,16118,16118,2,0
2023-05-18 15:41:08,16117,16117,16117,2,-2
2023-05-18 15:41:13,16118,16118,16118,4,4
2023-05-18 15:41:16,16118,16118,16118,2,0
2023-05-18 15:41:19,16118,16118,16118,2,0
2023-05-18 15:41:19,16118,16118,16118,2,0
2023-05-18 15:41:20,16118,16118,16118,2,0
2023-05-18 15:41:20,16118,16118,16118,2,0
2023-05-18 15:41:21,16118,16118,16118,2,0
2023-05-18 15:41:22,16118,16118,16118,2,0
2023-05-18 15:41:22,16118,16118,16118,4,0
2023-05-18 15:41:22,16118,16118,16118,2,0
2023-05-18 15:41:23,16118,16118,16118,2,0
2023-05-18 15:41:23,16118,16118,16118,2,0
2023-05-18 15:41:23,16118,16118,16118,2,0
