2020-06-24 15:00:00.082,11520,11521,11520,15,-15
2020-06-24 15:00:00.083,11520,11521,11520,1,-1
2020-06-24 15:00:00.138,11520,11521,11520,3,-3
2020-06-24 15:00:00.215,11520,11521,11519,5,-5
2020-06-24 15:00:00.278,11519,11520,11519,1,-1
2020-06-24 15:00:00.278,11519,11520,11518,2,-2
2020-06-24 15:00:00.299,11519,11520,11519,1,1
2020-06-24 15:00:00.374,11519,11520,11519,1,-1
2020-06-24 15:00:00.727,11519,11520,11519,4,-4
2020-06-24 15:00:00.727,11519,11520,11518,10,-10
2020-06-24 15:00:01.193,11518,11519,11518,1,-1
2020-06-24 15:00:01.800,11519,11520,11520,6,6
2020-06-24 15:00:01.804,11519,11520,11520,2,2
2020-06-24 15:00:01.807,11519,11520,11520,1,1
2020-06-24 15:00:01.832,11519,11520,11520,1,1
2020-06-24 15:00:02.104,11519,11520,11519,5,-5
2020-06-24 15:00:02.353,11517,11519,11519,1,1
2020-06-24 15:00:02.459,11518,11520,11520,1,1
2020-06-24 15:00:02.686,11518,11520,11519,9,-9
2020-06-24 15:00:02.687,11518,11520,11519,1,-1
2020-06-24 15:00:03.454,11519,11520,11520,2,2
2020-06-24 15:00:03.454,11519,11520,11520,2,2
2020-06-24 15:00:04.103,11520,11521,11520,4,-4
2020-06-24 15:00:04.321,11519,11521,11521,1,1
2020-06-24 15:00:04.353,11519,11521,11521,1,1
2020-06-24 15:00:04.370,11519,11521,11521,1,1
2020-06-24 15:00:04.384,11519,11521,11521,1,1
2020-06-24 15:00:04.418,11520,11521,11521,1,1
2020-06-24 15:00:04.439,11520,11521,11521,1,1
2020-06-24 15:00:04.474,11520,11521,11521,1,1
2020-06-24 15:00:05.762,11520,11521,11520,1,-1
2020-06-24 15:00:06.387,11519,11520,11519,2,-2
2020-06-24 15:00:07.894,11517,11518,11517,2,-2
2020-06-24 15:00:08.288,11517,11519,11519,2,2
2020-06-24 15:00:08.710,11517,11519,11519,1,1
2020-06-24 15:00:10.670,11517,11518,11517,4,-4
2020-06-24 15:00:11.052,11516,11518,11518,6,6
2020-06-24 15:00:11.922,11517,11518,11517,1,-1
2020-06-24 15:00:13.168,11516,11517,11516,2,-2
2020-06-24 15:00:13.335,11516,11517,11516,1,-1
2020-06-24 15:00:13.471,11516,11517,11517,1,1
2020-06-24 15:00:14.950,11515,11517,11517,9,9
2020-06-24 15:00:14.950,11515,11517,11518,8,8
2020-06-24 15:00:14.950,11515,11517,11518,2,2
2020-06-24 15:00:16.301,11517,11518,11518,1,1
2020-06-24 15:00:16.672,11518,11519,11519,1,1
2020-06-24 15:00:18.609,11518,11519,11519,1,1
2020-06-24 15:00:20.226,11519,11520,11519,1,-1
2020-06-24 15:00:20.243,11519,11520,11519,4,-4
2020-06-24 15:00:20.263,11518,11519,11518,2,-2
2020-06-24 15:00:20.263,11518,11519,11518,2,-2
2020-06-24 15:00:20.293,11518,11519,11519,1,1
2020-06-24 15:00:20.405,11518,11519,11518,2,-2
2020-06-24 15:00:20.443,11518,11519,11519,1,1
2020-06-24 15:00:20.485,11518,11519,11518,1,-1
2020-06-24 15:00:20.966,11518,11519,11518,1,-1
2020-06-24 15:00:21.260,11517,11518,11518,1,1
2020-06-24 15:00:21.996,11517,11519,11519,2,2
2020-06-24 15:00:24.110,11518,11519,11519,1,1
2020-06-24 15:00:26.928,11518,11520,11520,1,1
2020-06-24 15:00:27.715,11518,11519,11519,1,1
2020-06-24 15:00:28.396,11519,11520,11519,1,-1
2020-06-24 15:00:28.622,11518,11520,11519,1,-1
2020-06-24 15:00:28.665,11518,11519,11518,2,-2
2020-06-24 15:00:28.665,11518,11519,11518,2,-2
2020-06-24 15:00:28.666,11518,11519,11518,2,-2
2020-06-24 15:00:29.298,11517,11518,11518,1,1
2020-06-24 15:00:31.849,11517,11518,11518,1,1
2020-06-24 15:00:33.848,11517,11518,11518,1,1
2020-06-24 15:00:34.135,11517,11518,11517,1,-1
2020-06-24 15:00:34.137,11517,11518,11517,1,-1
2020-06-24 15:00:34.513,11516,11518,11516,10,-10
2020-06-24 15:00:34.551,11516,11518,11516,1,-1
2020-06-24 15:00:35.246,11515,11517,11517,1,1
2020-06-24 15:00:35.498,11515,11517,11516,1,-1
2020-06-24 15:00:37.185,11515,11517,11517,1,1
2020-06-24 15:00:37.471,11516,11517,11516,4,-4
2020-06-24 15:00:43.725,11516,11517,11517,1,1
2020-06-24 15:00:48.548,11516,11517,11517,1,1
2020-06-24 15:00:48.913,11516,11517,11517,4,4
2020-06-24 15:00:55.114,11517,11518,11518,1,1
2020-06-24 15:00:57.078,11517,11518,11518,1,1
2020-06-24 15:00:58.059,11517,11518,11518,1,1
2020-06-24 15:00:59.490,11518,11519,11519,2,2
2020-06-24 15:00:59.947,11518,11519,11519,1,1
2020-06-24 15:00:59.986,11518,11519,11519,1,1
2020-06-24 15:01:00.072,11518,11519,11518,1,-1
2020-06-24 15:01:00.088,11518,11519,11519,1,1
2020-06-24 15:01:00.546,11518,11519,11518,4,-4
2020-06-24 15:01:03.224,11518,11519,11518,2,-2
2020-06-24 15:01:03.781,11518,11519,11518,5,-5
2020-06-24 15:01:03.966,11517,11518,11518,3,3
2020-06-24 15:01:04.368,11517,11519,11518,2,-2
2020-06-24 15:01:06.725,11518,11519,11518,1,-1
2020-06-24 15:01:08.477,11518,11519,11518,1,-1
2020-06-24 15:01:09.887,11517,11518,11517,2,-2
2020-06-24 15:01:10.239,11516,11518,11516,3,-3
2020-06-24 15:01:13.034,11516,11517,11517,2,2
2020-06-24 15:01:17.125,11516,11517,11516,9,-9
2020-06-24 15:01:17.192,11515,11516,11516,1,1
2020-06-24 15:01:19.382,11516,11517,11516,1,-1
2020-06-24 15:01:23.122,11516,11517,11517,2,2
2020-06-24 15:01:23.426,11516,11517,11516,1,-1
2020-06-24 15:01:25.510,11516,11517,11516,1,-1
2020-06-24 15:01:26.546,11516,11517,11517,1,1
2020-06-24 15:01:32.513,11517,11518,11518,3,3
2020-06-24 15:01:35.729,11517,11518,11517,1,-1
2020-06-24 15:01:37.717,11518,11519,11518,1,1
2020-06-24 15:01:40.541,11517,11518,11518,1,1
2020-06-24 15:01:42.691,11518,11519,11518,2,-2
2020-06-24 15:01:47.437,11518,11519,11518,3,-3
2020-06-24 15:01:47.474,11518,11519,11519,1,1
2020-06-24 15:01:53.608,11518,11519,11518,1,-1
2020-06-24 15:01:53.947,11517,11518,11518,1,1
2020-06-24 15:01:54.829,11517,11518,11518,1,1
2020-06-24 15:01:55.907,11517,11518,11517,1,-1
2020-06-24 15:01:55.913,11517,11518,11517,1,-1
2020-06-24 15:01:56.102,11517,11518,11518,1,1
2020-06-24 15:01:57.512,11517,11518,11517,1,-1
2020-06-24 15:01:57.513,11517,11518,11517,1,-1
2020-06-24 15:01:57.513,11517,11518,11517,2,-2
2020-06-24 15:01:57.513,11517,11518,11517,2,-2
2020-06-24 15:01:57.885,11516,11517,11516,7,-7
2020-06-24 15:01:59.896,11515,11516,11516,1,1
2020-06-24 15:02:00.076,11515,11516,11515,1,-1
2020-06-24 15:02:02.579,11515,11516,11516,2,2
2020-06-24 15:02:03.682,11515,11517,11515,1,-1
2020-06-24 15:02:14.413,11516,11517,11516,10,10
2020-06-24 15:02:14.815,11516,11517,11516,5,-5
2020-06-24 15:02:15.088,11515,11516,11515,10,-10
2020-06-24 15:02:15.312,11515,11516,11515,10,-10
2020-06-24 15:02:16.499,11515,11516,11515,1,-1
2020-06-24 15:02:29.259,11515,11517,11515,1,-1
2020-06-24 15:02:29.279,11515,11517,11517,1,1
2020-06-24 15:02:30.628,11515,11517,11517,1,1
2020-06-24 15:02:33.230,11516,11517,11516,2,-2
2020-06-24 15:02:34.309,11516,11517,11516,2,-2
2020-06-24 15:02:35.235,11516,11517,11516,1,-1
2020-06-24 15:02:38.260,11516,11517,11517,3,3
2020-06-24 15:02:40.697,11517,11518,11517,3,-3
2020-06-24 15:02:40.832,11516,11517,11517,2,2
2020-06-24 15:02:40.833,11516,11517,11517,1,1
2020-06-24 15:02:40.968,11516,11517,11516,10,-10
2020-06-24 15:02:41.192,11516,11518,11516,10,-10
2020-06-24 15:02:42.863,11515,11516,11515,10,-10
2020-06-24 15:02:45.434,11515,11516,11516,1,1
2020-06-24 15:02:47.492,11515,11516,11515,1,-1
2020-06-24 15:02:49.900,11515,11516,11515,1,-1
2020-06-24 15:02:50.888,11515,11516,11515,1,-1
2020-06-24 15:02:53.962,11515,11516,11515,1,-1
2020-06-24 15:02:54.256,11515,11516,11516,1,1
2020-06-24 15:02:56.271,11515,11516,11516,1,1
2020-06-24 15:02:59.183,11515,11516,11516,2,2
2020-06-24 15:03:00.100,11515,11516,11515,1,-1
2020-06-24 15:03:00.434,11515,11516,11515,1,-1
2020-06-24 15:03:00.439,11515,11516,11515,1,-1
2020-06-24 15:03:00.445,11515,11516,11515,1,-1
2020-06-24 15:03:00.464,11515,11516,11515,1,-1
2020-06-24 15:03:00.471,11515,11516,11515,1,-1
2020-06-24 15:03:05.476,11515,11516,11515,1,-1
2020-06-24 15:03:06.024,11515,11516,11515,8,-8
2020-06-24 15:03:07.625,11514,11515,11514,3,-3
2020-06-24 15:03:08.615,11514,11515,11514,2,-2
2020-06-24 15:03:08.665,11514,11515,11514,4,-4
2020-06-24 15:03:08.666,11514,11515,11514,6,-6
2020-06-24 15:03:09.899,11513,11514,11513,18,-18
2020-06-24 15:03:11.227,11513,11514,11514,1,1
2020-06-24 15:03:11.696,11512,11513,11512,1,-1
2020-06-24 15:03:15.975,11512,11513,11513,1,1
2020-06-24 15:03:17.435,11512,11513,11513,1,1
2020-06-24 15:03:17.708,11513,11514,11513,3,-3
2020-06-24 15:03:17.709,11513,11514,11513,1,-1
2020-06-24 15:03:18.150,11512,11514,11512,3,-3
2020-06-24 15:03:19.411,11512,11514,11512,2,-2
2020-06-24 15:03:23.426,11512,11513,11512,1,-1
2020-06-24 15:03:23.650,11512,11513,11512,1,-1
2020-06-24 15:03:29.158,11512,11513,11513,1,1
2020-06-24 15:03:29.393,11512,11513,11512,1,-1
2020-06-24 15:03:33.126,11512,11513,11512,1,-1
2020-06-24 15:03:33.645,11512,11513,11513,1,1
2020-06-24 15:03:34.472,11512,11513,11513,1,1
2020-06-24 15:03:34.473,11512,11513,11513,5,5
2020-06-24 15:03:36.178,11513,11514,11513,1,-1
2020-06-24 15:03:37.290,11513,11514,11514,2,2
2020-06-24 15:03:39.254,11513,11514,11514,1,1
2020-06-24 15:03:39.254,11513,11514,11515,1,1
2020-06-24 15:03:39.724,11514,11515,11515,1,1
2020-06-24 15:03:49.481,11514,11515,11515,1,1
2020-06-24 15:03:49.819,11514,11515,11514,2,-2
2020-06-24 15:03:51.652,11513,11514,11513,1,-1
2020-06-24 15:03:52.655,11512,11513,11513,1,1
2020-06-24 15:03:53.564,11513,11514,11513,1,-1
2020-06-24 15:03:55.494,11512,11514,11512,2,-2
2020-06-24 15:04:00.072,11512,11514,11512,1,-1
2020-06-24 15:04:00.403,11513,11514,11513,1,1
2020-06-24 15:04:02.628,11512,11514,11512,1,-1
2020-06-24 15:04:02.986,11512,11514,11512,1,-1
2020-06-24 15:04:03.332,11513,11514,11513,1,1
2020-06-24 15:04:03.549,11512,11513,11512,3,-3
2020-06-24 15:04:03.570,11512,11513,11512,1,-1
2020-06-24 15:04:05.702,11512,11513,11512,1,-1
2020-06-24 15:04:11.877,11512,11513,11513,1,1
2020-06-24 15:04:11.878,11512,11513,11513,2,2
2020-06-24 15:04:12.049,11513,11514,11513,2,-2
2020-06-24 15:04:12.120,11513,11514,11513,1,-1
2020-06-24 15:04:12.674,11512,11514,11514,2,2
2020-06-24 15:04:22.636,11513,11514,11514,1,1
2020-06-24 15:04:23.589,11513,11514,11513,1,-1
2020-06-24 15:04:31.418,11513,11514,11514,8,8
2020-06-24 15:04:31.418,11513,11514,11514,9,9
2020-06-24 15:04:31.418,11513,11514,11514,1,1
2020-06-24 15:04:31.418,11513,11514,11514,21,21
2020-06-24 15:04:31.418,11513,11514,11514,2,2
2020-06-24 15:04:31.418,11513,11514,11514,1,1
2020-06-24 15:04:31.418,11513,11514,11514,1,1
2020-06-24 15:04:31.418,11513,11514,11514,8,8
2020-06-24 15:04:31.418,11513,11514,11514,3,3
2020-06-24 15:04:31.418,11513,11514,11514,1,1
2020-06-24 15:04:32.009,11514,11515,11514,3,-3
2020-06-24 15:04:33.010,11514,11515,11515,1,1
2020-06-24 15:04:33.166,11514,11515,11515,1,1
2020-06-24 15:04:34.685,11514,11515,11515,1,1
2020-06-24 15:04:34.893,11514,11515,11515,1,1
2020-06-24 15:04:37.456,11514,11515,11515,1,1
2020-06-24 15:04:37.649,11514,11515,11515,1,1
2020-06-24 15:04:40.407,11513,11515,11515,1,1
2020-06-24 15:04:40.552,11513,11515,11515,1,1
2020-06-24 15:04:41.970,11514,11515,11515,1,1
2020-06-24 15:04:44.804,11514,11515,11514,2,-2
2020-06-24 15:04:48.138,11513,11514,11514,1,1
2020-06-24 15:04:50.020,11513,11514,11513,12,-12
2020-06-24 15:04:50.021,11513,11514,11513,1,-1
2020-06-24 15:04:56.173,11513,11514,11514,1,1
2020-06-24 15:04:56.183,11513,11514,11514,1,1
2020-06-24 15:04:56.205,11513,11514,11514,1,1
2020-06-24 15:04:56.230,11513,11514,11514,1,1
2020-06-24 15:04:56.237,11513,11514,11514,1,1
2020-06-24 15:05:00.080,11513,11514,11513,1,-1
2020-06-24 15:05:09.415,11513,11514,11514,7,7
2020-06-24 15:05:09.416,11513,11514,11514,1,1
2020-06-24 15:05:09.416,11513,11514,11514,8,8
2020-06-24 15:05:09.416,11513,11514,11514,3,3
2020-06-24 15:05:10.661,11514,11515,11515,2,2
2020-06-24 15:05:10.832,11514,11515,11515,8,8
2020-06-24 15:05:16.116,11514,11515,11515,1,1
2020-06-24 15:05:17.911,11514,11515,11514,1,-1
2020-06-24 15:05:18.493,11514,11515,11514,1,-1
2020-06-24 15:05:20.772,11514,11515,11515,2,2
2020-06-24 15:05:21.378,11514,11515,11515,1,1
2020-06-24 15:05:26.275,11515,11516,11515,3,-3
2020-06-24 15:05:28.421,11515,11516,11515,1,-1
2020-06-24 15:05:28.728,11515,11516,11515,1,-1
2020-06-24 15:05:29.134,11515,11516,11515,1,-1
2020-06-24 15:05:36.385,11515,11516,11515,1,-1
2020-06-24 15:05:39.392,11515,11516,11516,4,4
2020-06-24 15:05:39.392,11515,11516,11516,5,5
2020-06-24 15:05:39.502,11515,11516,11517,2,2
2020-06-24 15:05:39.572,11516,11517,11516,1,-1
2020-06-24 15:05:42.518,11516,11517,11517,1,1
2020-06-24 15:05:43.998,11516,11517,11517,2,2
2020-06-24 15:05:44.035,11516,11517,11517,9,9
2020-06-24 15:05:44.817,11517,11518,11518,3,3
2020-06-24 15:05:44.817,11517,11518,11518,1,1
2020-06-24 15:05:45.387,11517,11519,11519,2,2
2020-06-24 15:05:45.474,11517,11519,11517,4,-4
2020-06-24 15:05:45.719,11517,11519,11519,2,2
2020-06-24 15:05:47.066,11517,11518,11518,1,1
2020-06-24 15:05:47.666,11518,11519,11519,1,1
2020-06-24 15:05:48.241,11519,11520,11519,1,-1
2020-06-24 15:05:49.512,11519,11520,11520,7,7
2020-06-24 15:05:50.223,11519,11520,11520,7,7
2020-06-24 15:05:50.227,11519,11520,11520,1,1
2020-06-24 15:05:50.227,11519,11520,11520,1,1
2020-06-24 15:05:50.227,11519,11520,11520,4,4
2020-06-24 15:05:50.410,11519,11521,11519,1,-1
2020-06-24 15:05:50.729,11519,11521,11520,1,1
2020-06-24 15:05:50.729,11519,11521,11521,1,1
2020-06-24 15:05:51.486,11519,11520,11519,1,-1
2020-06-24 15:05:51.603,11519,11520,11520,2,2
2020-06-24 15:05:54.510,11520,11521,11521,2,2
2020-06-24 15:05:55.090,11520,11521,11521,2,2
2020-06-24 15:05:55.662,11520,11521,11521,1,1
2020-06-24 15:05:56.674,11520,11521,11521,1,1
2020-06-24 15:05:58.061,11521,11522,11521,1,-1
2020-06-24 15:05:59.056,11521,11522,11521,1,-1
2020-06-24 15:05:59.265,11520,11522,11521,4,-4
2020-06-24 15:05:59.265,11520,11522,11522,1,1
2020-06-24 15:05:59.492,11520,11522,11522,3,3
2020-06-24 15:06:00.041,11520,11521,11521,1,1
2020-06-24 15:06:00.963,11520,11521,11521,1,1
2020-06-24 15:06:02.161,11521,11522,11522,1,1
2020-06-24 15:06:04.530,11521,11522,11521,1,-1
2020-06-24 15:06:05.020,11521,11522,11522,1,1
2020-06-24 15:06:05.436,11521,11522,11522,1,1
2020-06-24 15:06:05.678,11521,11522,11522,1,1
2020-06-24 15:06:06.153,11521,11522,11521,1,-1
2020-06-24 15:06:06.153,11521,11522,11521,5,-5
2020-06-24 15:06:06.154,11521,11522,11521,3,-3
2020-06-24 15:06:06.234,11521,11522,11520,1,-1
2020-06-24 15:06:07.889,11520,11521,11520,1,-1
2020-06-24 15:06:07.889,11520,11521,11520,4,-4
2020-06-24 15:06:07.889,11520,11521,11520,1,-1
2020-06-24 15:06:14.119,11519,11520,11519,1,-1
2020-06-24 15:06:15.805,11519,11520,11520,2,2
2020-06-24 15:06:19.920,11520,11521,11521,1,1
2020-06-24 15:06:19.920,11520,11521,11521,4,4
2020-06-24 15:06:20.082,11521,11522,11521,1,-1
2020-06-24 15:06:29.714,11520,11521,11521,2,2
2020-06-24 15:06:29.852,11521,11522,11521,1,-1
2020-06-24 15:06:42.244,11521,11522,11522,1,1
2020-06-24 15:06:45.384,11521,11522,11521,1,-1
2020-06-24 15:06:48.192,11521,11522,11522,1,1
2020-06-24 15:06:50.773,11521,11522,11522,6,6
2020-06-24 15:06:53.978,11521,11522,11521,1,-1
2020-06-24 15:06:55.569,11521,11522,11522,2,2
2020-06-24 15:06:59.440,11522,11523,11523,2,2
2020-06-24 15:07:01.765,11522,11523,11523,1,1
2020-06-24 15:07:01.928,11522,11523,11523,6,6
2020-06-24 15:07:02.013,11522,11523,11522,1,-1
2020-06-24 15:07:02.370,11522,11523,11523,1,1
2020-06-24 15:07:03.165,11522,11523,11522,4,-4
2020-06-24 15:07:03.618,11522,11523,11523,1,1
2020-06-24 15:07:05.033,11522,11523,11522,1,-1
2020-06-24 15:07:05.044,11522,11523,11523,1,1
2020-06-24 15:07:09.449,11522,11523,11523,1,1
2020-06-24 15:07:09.795,11522,11523,11523,2,2
2020-06-24 15:07:11.339,11522,11523,11523,5,5
2020-06-24 15:07:14.329,11522,11523,11523,2,2
2020-06-24 15:07:18.572,11522,11523,11523,2,2
2020-06-24 15:07:21.454,11522,11523,11523,2,2
2020-06-24 15:07:24.449,11522,11523,11523,2,2
2020-06-24 15:07:24.707,11522,11523,11523,2,2
2020-06-24 15:07:24.708,11522,11523,11523,4,4
2020-06-24 15:07:24.709,11522,11523,11523,1,1
2020-06-24 15:07:35.133,11522,11523,11523,1,1
2020-06-24 15:07:37.314,11522,11523,11523,1,1
2020-06-24 15:07:37.670,11522,11523,11522,12,-12
2020-06-24 15:07:37.670,11522,11523,11522,4,-4
2020-06-24 15:07:46.262,11521,11522,11522,1,1
2020-06-24 15:07:46.409,11521,11522,11522,1,1
2020-06-24 15:07:46.841,11522,11523,11522,1,-1
2020-06-24 15:07:56.245,11522,11523,11522,1,-1
2020-06-24 15:07:56.310,11522,11523,11522,14,-14
2020-06-24 15:07:56.310,11522,11523,11521,22,-22
2020-06-24 15:07:58.793,11520,11521,11520,1,-1
2020-06-24 15:07:59.016,11520,11521,11520,1,-1
2020-06-24 15:08:01.170,11520,11521,11520,2,-2
2020-06-24 15:08:02.176,11520,11521,11520,1,-1
2020-06-24 15:08:02.249,11520,11521,11520,1,-1
2020-06-24 15:08:02.319,11520,11521,11521,9,9
2020-06-24 15:08:02.715,11520,11521,11521,1,1
2020-06-24 15:08:05.123,11520,11521,11520,2,-2
2020-06-24 15:08:05.188,11520,11521,11520,1,-1
2020-06-24 15:08:05.427,11519,11521,11519,1,-1
2020-06-24 15:08:06.742,11520,11521,11520,2,2
2020-06-24 15:08:06.958,11520,11521,11520,1,-1
2020-06-24 15:08:07.249,11520,11521,11520,1,-1
2020-06-24 15:08:10.603,11520,11521,11520,1,-1
2020-06-24 15:08:10.654,11520,11521,11520,2,-2
2020-06-24 15:08:10.935,11520,11521,11521,29,29
2020-06-24 15:08:10.936,11520,11521,11522,6,6
2020-06-24 15:08:18.133,11522,11523,11522,2,-2
2020-06-24 15:08:18.142,11522,11523,11522,1,-1
2020-06-24 15:08:20.480,11522,11523,11523,1,1
2020-06-24 15:08:20.480,11522,11523,11523,1,1
2020-06-24 15:08:20.480,11522,11523,11523,3,3
2020-06-24 15:08:20.480,11522,11523,11523,1,1
2020-06-24 15:08:20.481,11522,11523,11523,2,2
2020-06-24 15:08:20.647,11523,11524,11523,1,-1
2020-06-24 15:08:27.012,11523,11524,11524,2,2
2020-06-24 15:08:29.086,11523,11524,11524,1,1
2020-06-24 15:08:29.086,11523,11524,11524,2,2
2020-06-24 15:08:29.086,11523,11524,11524,6,6
2020-06-24 15:08:29.086,11523,11524,11524,1,1
2020-06-24 15:08:29.086,11523,11524,11524,8,8
2020-06-24 15:08:32.136,11524,11525,11525,19,19
2020-06-24 15:08:32.136,11524,11525,11525,1,1
2020-06-24 15:08:32.136,11524,11525,11525,1,1
2020-06-24 15:08:32.138,11524,11525,11525,12,12
2020-06-24 15:08:32.527,11525,11526,11526,4,4
2020-06-24 15:08:32.678,11525,11526,11526,1,1
2020-06-24 15:08:32.899,11525,11526,11526,1,1
2020-06-24 15:08:33.067,11525,11526,11526,1,1
2020-06-24 15:08:33.121,11525,11526,11526,1,1
2020-06-24 15:08:34.102,11526,11527,11526,2,-2
2020-06-24 15:08:35.319,11525,11526,11525,1,-1
2020-06-24 15:08:38.148,11525,11526,11526,1,1
2020-06-24 15:08:38.221,11525,11526,11526,8,8
2020-06-24 15:08:39.837,11526,11527,11527,1,1
2020-06-24 15:08:40.921,11526,11527,11527,1,1
2020-06-24 15:08:41.613,11526,11527,11527,1,1
2020-06-24 15:08:42.471,11526,11527,11527,1,1
2020-06-24 15:08:43.301,11526,11527,11526,1,-1
2020-06-24 15:08:44.538,11526,11527,11527,12,12
2020-06-24 15:08:44.538,11526,11527,11528,8,8
2020-06-24 15:08:44.723,11526,11528,11528,1,1
2020-06-24 15:08:46.661,11526,11527,11526,1,-1
2020-06-24 15:08:47.259,11526,11527,11527,1,1
2020-06-24 15:08:47.924,11526,11527,11527,1,1
2020-06-24 15:08:47.984,11526,11527,11527,1,1
2020-06-24 15:08:50.231,11526,11527,11527,1,1
2020-06-24 15:08:52.562,11526,11527,11527,7,7
2020-06-24 15:08:53.135,11526,11527,11526,1,-1
2020-06-24 15:08:53.135,11526,11527,11526,1,-1
2020-06-24 15:08:53.135,11526,11527,11526,5,-5
2020-06-24 15:08:53.135,11526,11527,11526,6,-6
2020-06-24 15:08:58.678,11525,11526,11526,1,1
2020-06-24 15:09:00.072,11525,11526,11525,1,-1
2020-06-24 15:09:00.072,11525,11526,11525,1,-1
2020-06-24 15:09:00.075,11525,11526,11525,4,-4
2020-06-24 15:09:00.183,11524,11525,11525,5,5
2020-06-24 15:09:00.296,11524,11525,11524,1,-1
2020-06-24 15:09:11.968,11524,11525,11525,1,1
2020-06-24 15:09:11.982,11524,11525,11525,1,1
2020-06-24 15:09:17.018,11524,11525,11525,4,4
2020-06-24 15:09:17.816,11524,11525,11525,2,2
2020-06-24 15:09:19.942,11524,11526,11524,1,-1
2020-06-24 15:09:30.355,11524,11525,11525,1,1
2020-06-24 15:09:30.598,11525,11526,11526,3,3
2020-06-24 15:09:32.002,11525,11526,11525,2,-2
2020-06-24 15:09:42.714,11525,11526,11525,1,-1
2020-06-24 15:09:44.853,11525,11526,11526,3,3
2020-06-24 15:09:44.853,11525,11526,11526,3,3
2020-06-24 15:09:44.853,11525,11526,11526,2,2
2020-06-24 15:09:44.853,11525,11526,11526,1,1
2020-06-24 15:09:44.853,11525,11526,11526,1,1
2020-06-24 15:09:46.858,11526,11527,11527,4,4
2020-06-24 15:09:46.858,11526,11527,11527,1,1
2020-06-24 15:09:46.858,11526,11527,11527,2,2
2020-06-24 15:09:53.703,11527,11528,11527,1,-1
2020-06-24 15:10:04.859,11526,11527,11526,2,-2
2020-06-24 15:10:05.136,11525,11526,11525,3,-3
2020-06-24 15:10:05.295,11524,11525,11525,1,1
2020-06-24 15:10:08.148,11525,11526,11525,1,-1
2020-06-24 15:10:10.472,11524,11526,11526,3,3
2020-06-24 15:10:14.037,11526,11527,11526,1,-1
2020-06-24 15:10:14.147,11525,11526,11526,2,2
2020-06-24 15:10:15.596,11525,11527,11527,1,1
2020-06-24 15:10:22.214,11526,11527,11526,1,-1
2020-06-24 15:10:22.352,11526,11527,11526,1,-1
2020-06-24 15:10:24.269,11525,11526,11526,1,1
2020-06-24 15:10:25.766,11525,11526,11526,5,5
2020-06-24 15:10:26.829,11525,11526,11526,1,1
2020-06-24 15:10:29.738,11525,11526,11526,2,2
2020-06-24 15:10:32.950,11526,11527,11526,1,-1
2020-06-24 15:10:33.704,11526,11527,11526,1,-1
2020-06-24 15:10:46.433,11526,11527,11526,1,-1
2020-06-24 15:10:47.716,11526,11527,11527,2,2
2020-06-24 15:10:55.090,11526,11527,11526,1,-1
2020-06-24 15:10:58.000,11526,11527,11526,1,-1
2020-06-24 15:11:02.461,11525,11526,11526,1,1
2020-06-24 15:11:02.647,11525,11526,11526,1,1
2020-06-24 15:11:03.243,11526,11527,11526,1,-1
2020-06-24 15:11:04.610,11526,11527,11526,2,-2
2020-06-24 15:11:05.445,11525,11526,11526,1,1
2020-06-24 15:11:10.070,11525,11526,11525,1,-1
2020-06-24 15:11:14.480,11525,11526,11525,5,-5
2020-06-24 15:11:16.034,11525,11526,11525,1,-1
2020-06-24 15:11:18.107,11525,11526,11526,1,1
2020-06-24 15:11:23.371,11525,11526,11525,1,-1
2020-06-24 15:11:24.952,11524,11525,11525,1,1
2020-06-24 15:11:33.788,11524,11525,11524,1,-1
2020-06-24 15:11:35.277,11524,11525,11524,1,-1
2020-06-24 15:11:37.807,11524,11525,11525,1,1
2020-06-24 15:11:41.386,11524,11525,11524,1,-1
2020-06-24 15:11:46.997,11524,11525,11524,1,-1
2020-06-24 15:11:57.344,11524,11525,11525,1,1
2020-06-24 15:11:57.876,11524,11525,11525,5,5
2020-06-24 15:11:57.877,11524,11525,11525,10,10
2020-06-24 15:11:59.337,11524,11526,11526,4,4
2020-06-24 15:12:05.703,11524,11526,11526,1,1
2020-06-24 15:12:08.312,11524,11526,11525,1,-1
2020-06-24 15:12:09.897,11524,11525,11524,5,-5
2020-06-24 15:12:16.342,11524,11525,11525,1,1
2020-06-24 15:12:21.260,11524,11525,11524,7,-7
2020-06-24 15:12:25.084,11523,11524,11524,8,8
2020-06-24 15:12:27.361,11524,11525,11524,5,-5
2020-06-24 15:12:29.118,11523,11524,11523,1,-1
2020-06-24 15:12:39.825,11523,11524,11524,1,1
2020-06-24 15:12:52.031,11523,11524,11524,1,1
2020-06-24 15:12:56.201,11523,11524,11523,2,-2
2020-06-24 15:13:00.734,11523,11524,11523,1,-1
2020-06-24 15:13:00.735,11523,11524,11523,1,-1
2020-06-24 15:13:00.735,11523,11524,11523,2,-2
2020-06-24 15:13:01.992,11522,11523,11523,1,1
2020-06-24 15:13:05.274,11522,11523,11523,1,1
2020-06-24 15:13:09.980,11522,11523,11523,2,2
2020-06-24 15:13:10.363,11523,11524,11523,1,-1
2020-06-24 15:13:15.930,11523,11524,11523,1,-1
2020-06-24 15:13:18.600,11523,11524,11523,1,-1
2020-06-24 15:13:18.846,11523,11524,11523,1,-1
2020-06-24 15:13:20.986,11522,11523,11523,1,1
2020-06-24 15:13:21.238,11523,11524,11523,2,-2
2020-06-24 15:13:23.135,11523,11524,11523,1,-1
2020-06-24 15:13:32.625,11523,11524,11523,2,-2
2020-06-24 15:13:54.851,11522,11523,11522,1,-1
2020-06-24 15:14:02.166,11522,11523,11523,1,1
2020-06-24 15:14:02.588,11522,11523,11523,1,1
2020-06-24 15:14:02.588,11522,11523,11524,1,1
2020-06-24 15:14:13.872,11523,11524,11523,1,-1
2020-06-24 15:14:16.338,11522,11523,11522,1,-1
2020-06-24 15:14:43.416,11522,11523,11523,1,1
2020-06-24 15:14:43.671,11522,11523,11522,1,-1
2020-06-24 15:14:43.707,11522,11523,11522,1,-1
2020-06-24 15:14:43.747,11522,11523,11522,1,-1
2020-06-24 15:14:48.038,11522,11523,11522,1,-1
2020-06-24 15:14:51.898,11522,11523,11523,5,5
2020-06-24 15:14:57.035,11523,11524,11523,1,-1
2020-06-24 15:15:01.594,11522,11524,11524,1,1
2020-06-24 15:15:06.013,11522,11523,11523,1,1
2020-06-24 15:15:06.013,11522,11523,11523,1,1
2020-06-24 15:15:06.368,11523,11524,11523,2,-2
2020-06-24 15:15:06.649,11522,11523,11522,8,-8
2020-06-24 15:15:07.281,11522,11523,11523,3,3
2020-06-24 15:15:07.757,11522,11523,11523,1,1
2020-06-24 15:15:10.037,11522,11523,11522,2,-2
2020-06-24 15:15:22.519,11523,11524,11524,4,4
2020-06-24 15:15:22.520,11523,11524,11524,4,4
2020-06-24 15:15:22.811,11523,11525,11524,1,-1
2020-06-24 15:15:26.320,11524,11525,11525,1,1
2020-06-24 15:15:26.320,11524,11525,11525,3,3
2020-06-24 15:15:26.320,11524,11525,11525,1,1
2020-06-24 15:15:26.320,11524,11525,11525,1,1
2020-06-24 15:15:26.320,11524,11525,11525,1,1
2020-06-24 15:15:26.320,11524,11525,11525,1,1
2020-06-24 15:15:26.320,11524,11525,11525,1,1
2020-06-24 15:15:26.496,11525,11526,11525,1,-1
2020-06-24 15:15:32.242,11524,11525,11525,1,1
2020-06-24 15:15:47.543,11525,11526,11525,1,-1
2020-06-24 15:15:49.576,11525,11526,11525,1,-1
2020-06-24 15:15:56.987,11524,11525,11524,1,-1
2020-06-24 15:15:56.994,11524,11525,11523,1,-1
2020-06-24 15:15:59.811,11524,11525,11525,3,3
2020-06-24 15:16:01.634,11524,11525,11524,1,-1
2020-06-24 15:16:01.904,11524,11525,11525,2,2
2020-06-24 15:16:02.272,11524,11525,11525,6,6
2020-06-24 15:16:02.456,11524,11525,11525,1,1
2020-06-24 15:16:04.771,11525,11526,11525,4,-4
2020-06-24 15:16:13.779,11524,11525,11524,2,-2
2020-06-24 15:16:17.556,11524,11525,11525,2,2
2020-06-24 15:16:19.690,11524,11525,11525,1,1
2020-06-24 15:16:19.994,11525,11526,11525,2,-2
2020-06-24 15:16:21.903,11524,11526,11524,1,-1
2020-06-24 15:16:22.877,11524,11525,11524,1,-1
2020-06-24 15:16:25.765,11524,11525,11524,2,-2
2020-06-24 15:16:26.935,11523,11525,11523,10,-10
2020-06-24 15:16:35.595,11523,11524,11524,1,1
2020-06-24 15:16:49.632,11524,11525,11524,5,-5
2020-06-24 15:17:02.144,11523,11524,11524,4,4
2020-06-24 15:17:04.815,11523,11524,11524,5,5
2020-06-24 15:17:10.425,11523,11524,11524,2,2
2020-06-24 15:17:21.290,11523,11524,11523,9,-9
2020-06-24 15:17:29.404,11522,11523,11522,9,-9
2020-06-24 15:17:29.405,11522,11523,11522,1,-1
2020-06-24 15:17:30.513,11521,11522,11521,1,-1
2020-06-24 15:17:37.110,11521,11522,11521,1,-1
2020-06-24 15:17:38.877,11521,11522,11521,15,-15
2020-06-24 15:17:39.991,11520,11521,11521,1,1
2020-06-24 15:17:40.444,11521,11522,11521,1,-1
2020-06-24 15:17:44.228,11521,11522,11521,1,-1
2020-06-24 15:17:44.890,11520,11521,11521,1,1
2020-06-24 15:17:46.323,11520,11521,11521,3,3
2020-06-24 15:17:48.675,11520,11521,11520,1,-1
2020-06-24 15:17:48.942,11520,11521,11520,1,-1
2020-06-24 15:17:49.030,11520,11521,11521,1,1
2020-06-24 15:17:49.030,11520,11521,11522,3,3
2020-06-24 15:17:49.545,11521,11522,11521,1,-1
2020-06-24 15:17:54.123,11521,11522,11522,1,1
2020-06-24 15:17:54.241,11521,11522,11521,1,-1
2020-06-24 15:18:12.668,11521,11522,11522,3,3
2020-06-24 15:18:15.455,11521,11522,11521,2,-2
2020-06-24 15:18:16.073,11521,11522,11521,1,-1
2020-06-24 15:18:17.348,11520,11521,11522,2,2
2020-06-24 15:18:22.606,11521,11522,11522,1,1
2020-06-24 15:18:27.609,11521,11522,11521,1,-1
2020-06-24 15:18:29.133,11520,11521,11520,1,-1
2020-06-24 15:18:33.554,11520,11521,11520,1,-1
2020-06-24 15:18:44.998,11520,11521,11521,1,1
2020-06-24 15:18:48.210,11520,11521,11521,1,1
2020-06-24 15:18:52.248,11520,11521,11520,1,-1
2020-06-24 15:18:56.263,11520,11521,11520,1,-1
2020-06-24 15:18:57.542,11520,11521,11520,2,-2
2020-06-24 15:18:57.542,11520,11521,11520,4,-4
2020-06-24 15:18:57.542,11520,11521,11520,1,-1
2020-06-24 15:18:57.542,11520,11521,11520,1,-1
2020-06-24 15:18:57.542,11520,11521,11520,1,-1
2020-06-24 15:18:57.542,11520,11521,11520,1,-1
2020-06-24 15:19:07.891,11520,11521,11520,1,-1
2020-06-24 15:19:08.235,11519,11520,11519,3,-3
2020-06-24 15:19:08.235,11519,11520,11519,3,-3
2020-06-24 15:19:08.611,11519,11520,11520,4,4
2020-06-24 15:19:13.476,11520,11521,11520,1,-1
2020-06-24 15:19:16.063,11519,11520,11520,1,1
2020-06-24 15:19:16.753,11519,11520,11520,1,1
2020-06-24 15:19:18.049,11520,11521,11520,1,-1
2020-06-24 15:19:18.872,11520,11521,11520,1,-1
2020-06-24 15:19:24.905,11520,11521,11521,2,2
2020-06-24 15:19:25.247,11520,11521,11521,1,1
2020-06-24 15:19:42.538,11520,11521,11520,9,-9
2020-06-24 15:19:49.323,11519,11521,11521,5,5
2020-06-24 15:19:50.437,11520,11521,11519,1,-1
2020-06-24 15:19:58.462,11519,11521,11519,1,-1
2020-06-24 15:20:06.868,11519,11520,11520,1,1
2020-06-24 15:20:06.868,11519,11520,11521,4,4
2020-06-24 15:20:09.818,11520,11521,11520,1,-1
2020-06-24 15:20:21.103,11520,11521,11520,1,-1
2020-06-24 15:20:21.103,11520,11521,11520,1,-1
2020-06-24 15:20:24.630,11520,11521,11520,1,-1
2020-06-24 15:20:26.857,11520,11521,11520,1,-1
2020-06-24 15:20:30.195,11519,11520,11520,1,1
2020-06-24 15:20:36.747,11520,11521,11521,1,1
2020-06-24 15:20:55.998,11520,11521,11520,1,-1
2020-06-24 15:20:58.925,11519,11520,11520,1,1
2020-06-24 15:21:02.911,11519,11520,11519,10,-10
2020-06-24 15:21:02.911,11519,11520,11519,1,-1
2020-06-24 15:21:07.943,11518,11520,11520,1,1
2020-06-24 15:21:08.148,11519,11520,11520,1,1
2020-06-24 15:21:08.208,11519,11520,11520,1,1
2020-06-24 15:21:08.248,11519,11520,11520,1,1
2020-06-24 15:21:08.622,11519,11521,11521,1,1
2020-06-24 15:21:08.987,11519,11521,11521,1,1
2020-06-24 15:21:10.500,11519,11520,11520,2,2
2020-06-24 15:21:11.598,11519,11521,11519,1,-1
2020-06-24 15:21:26.901,11519,11520,11520,1,1
2020-06-24 15:21:27.248,11520,11521,11520,1,-1
2020-06-24 15:21:32.009,11520,11521,11521,4,4
2020-06-24 15:21:32.010,11520,11521,11521,15,15
2020-06-24 15:21:32.010,11520,11521,11521,5,5
2020-06-24 15:21:32.010,11520,11521,11521,6,6
2020-06-24 15:21:32.010,11520,11521,11521,3,3
2020-06-24 15:21:33.385,11521,11522,11522,2,2
2020-06-24 15:21:33.386,11521,11522,11522,2,2
2020-06-24 15:21:33.386,11521,11522,11522,4,4
2020-06-24 15:21:46.107,11521,11523,11521,1,-1
2020-06-24 15:21:50.690,11521,11522,11521,1,-1
2020-06-24 15:21:58.322,11522,11523,11523,1,1
2020-06-24 15:22:01.657,11522,11523,11523,1,1
2020-06-24 15:22:05.416,11522,11523,11522,1,-1
2020-06-24 15:22:13.822,11522,11523,11522,3,-3
2020-06-24 15:22:19.216,11522,11523,11522,2,-2
2020-06-24 15:22:19.255,11522,11523,11522,1,-1
2020-06-24 15:22:20.412,11521,11522,11521,1,-1
2020-06-24 15:22:20.413,11521,11522,11521,1,-1
2020-06-24 15:22:21.065,11520,11522,11522,1,1
2020-06-24 15:22:24.832,11520,11522,11520,10,-10
2020-06-24 15:22:25.038,11520,11521,11520,4,-4
2020-06-24 15:22:26.816,11520,11521,11520,1,-1
2020-06-24 15:22:29.534,11519,11520,11519,10,-10
2020-06-24 15:22:29.806,11518,11519,11518,10,-10
2020-06-24 15:22:30.143,11518,11520,11518,1,-1
2020-06-24 15:22:31.558,11519,11520,11519,1,1
2020-06-24 15:22:33.038,11518,11520,11520,1,1
2020-06-24 15:22:33.867,11519,11520,11519,1,-1
2020-06-24 15:22:37.548,11519,11520,11519,1,-1
2020-06-24 15:22:37.622,11519,11520,11519,3,-3
2020-06-24 15:22:37.622,11519,11520,11519,5,-5
2020-06-24 15:22:44.248,11518,11519,11519,1,1
2020-06-24 15:22:46.745,11519,11520,11519,1,-1
2020-06-24 15:22:46.836,11518,11519,11518,1,-1
2020-06-24 15:22:48.086,11518,11520,11520,1,1
2020-06-24 15:22:48.362,11519,11520,11519,1,-1
2020-06-24 15:22:59.843,11519,11520,11520,2,2
2020-06-24 15:23:00.377,11519,11520,11519,6,-6
2020-06-24 15:23:02.383,11518,11519,11518,3,-3
2020-06-24 15:23:02.383,11518,11519,11518,1,-1
2020-06-24 15:23:02.383,11518,11519,11518,4,-4
2020-06-24 15:23:05.138,11517,11518,11518,1,1
2020-06-24 15:23:07.137,11517,11518,11517,1,-1
2020-06-24 15:23:07.451,11517,11518,11517,1,-1
2020-06-24 15:23:15.229,11517,11518,11517,4,-4
2020-06-24 15:23:15.230,11517,11518,11517,1,-1
2020-06-24 15:23:15.619,11516,11517,11517,1,1
2020-06-24 15:23:15.716,11516,11517,11517,1,1
2020-06-24 15:23:19.214,11516,11517,11517,1,1
2020-06-24 15:23:19.685,11516,11517,11517,1,1
2020-06-24 15:23:23.240,11516,11518,11516,1,-1
2020-06-24 15:23:25.355,11516,11518,11516,1,-1
2020-06-24 15:23:27.267,11516,11518,11518,1,1
2020-06-24 15:23:28.087,11516,11517,11517,1,1
2020-06-24 15:23:28.113,11516,11517,11516,1,-1
2020-06-24 15:23:30.232,11516,11517,11516,1,-1
2020-06-24 15:23:38.275,11516,11517,11516,4,-4
2020-06-24 15:23:38.993,11515,11516,11516,2,2
2020-06-24 15:23:40.941,11516,11517,11516,2,-2
2020-06-24 15:23:41.306,11515,11516,11515,4,-4
2020-06-24 15:23:43.446,11515,11516,11516,1,1
2020-06-24 15:23:53.389,11515,11516,11516,3,3
2020-06-24 15:23:53.389,11515,11516,11517,1,1
2020-06-24 15:23:54.821,11516,11517,11516,1,-1
2020-06-24 15:23:57.583,11516,11517,11517,1,1
2020-06-24 15:23:57.769,11517,11518,11516,1,-1
2020-06-24 15:23:59.732,11516,11518,11516,1,-1
2020-06-24 15:24:02.204,11516,11517,11516,7,-7
2020-06-24 15:24:02.402,11516,11517,11516,1,-1
2020-06-24 15:24:02.422,11516,11517,11515,2,-2
2020-06-24 15:24:02.918,11515,11516,11516,2,2
2020-06-24 15:24:06.151,11516,11518,11518,1,1
2020-06-24 15:24:11.077,11517,11518,11517,1,-1
2020-06-24 15:24:16.440,11517,11518,11518,1,1
2020-06-24 15:24:32.525,11517,11518,11518,1,1
2020-06-24 15:24:32.526,11517,11518,11518,1,1
2020-06-24 15:24:32.526,11517,11518,11518,1,1
2020-06-24 15:24:35.141,11518,11519,11518,1,-1
2020-06-24 15:24:35.834,11518,11519,11519,1,1
2020-06-24 15:24:37.522,11518,11519,11519,1,1
2020-06-24 15:24:41.723,11518,11519,11519,1,1
2020-06-24 15:24:42.001,11518,11519,11519,1,1
2020-06-24 15:24:44.673,11519,11520,11519,1,-1
2020-06-24 15:24:49.541,11518,11519,11518,1,-1
2020-06-24 15:25:02.408,11518,11519,11519,6,6
2020-06-24 15:25:06.942,11518,11519,11518,1,-1
2020-06-24 15:25:09.304,11518,11519,11519,1,1
2020-06-24 15:25:10.217,11518,11519,11518,1,-1
2020-06-24 15:25:12.904,11518,11520,11518,1,-1
2020-06-24 15:25:32.441,11519,11520,11520,1,1
2020-06-24 15:25:32.878,11519,11520,11519,1,-1
2020-06-24 15:25:47.540,11518,11519,11518,1,-1
2020-06-24 15:25:47.942,11517,11518,11518,1,1
2020-06-24 15:26:00.132,11518,11519,11518,1,-1
2020-06-24 15:26:03.432,11518,11519,11518,1,-1
2020-06-24 15:26:10.740,11517,11518,11517,3,-3
2020-06-24 15:26:12.546,11516,11517,11516,2,-2
2020-06-24 15:26:12.574,11516,11517,11516,2,-2
2020-06-24 15:26:13.074,11516,11517,11516,1,-1
2020-06-24 15:26:13.074,11516,11517,11515,2,-2
2020-06-24 15:26:13.239,11515,11517,11515,1,-1
2020-06-24 15:26:15.924,11515,11517,11515,1,-1
2020-06-24 15:26:19.970,11515,11516,11516,1,1
2020-06-24 15:26:20.399,11515,11516,11516,8,8
2020-06-24 15:26:20.401,11515,11516,11516,2,2
2020-06-24 15:26:25.590,11515,11517,11517,1,1
2020-06-24 15:26:27.155,11516,11517,11516,1,-1
2020-06-24 15:26:36.283,11516,11517,11516,1,-1
2020-06-24 15:26:44.958,11517,11518,11517,2,2
2020-06-24 15:26:57.750,11517,11519,11517,1,-1
2020-06-24 15:27:02.154,11517,11518,11517,10,-10
2020-06-24 15:27:02.343,11517,11518,11517,1,-1
2020-06-24 15:27:09.014,11517,11518,11517,1,-1
2020-06-24 15:27:14.767,11517,11518,11517,1,-1
2020-06-24 15:27:15.371,11517,11518,11517,1,-1
2020-06-24 15:27:24.395,11517,11518,11517,1,-1
2020-06-24 15:27:33.795,11517,11518,11517,1,-1
2020-06-24 15:27:34.271,11517,11518,11518,1,1
2020-06-24 15:27:39.249,11517,11518,11518,1,1
2020-06-24 15:28:01.153,11518,11519,11519,1,1
2020-06-24 15:28:01.520,11518,11519,11519,2,2
2020-06-24 15:28:02.364,11518,11519,11518,4,-4
2020-06-24 15:28:03.611,11517,11518,11517,1,-1
2020-06-24 15:28:04.787,11517,11518,11518,1,1
2020-06-24 15:28:13.901,11517,11518,11518,1,1
2020-06-24 15:28:17.717,11517,11518,11518,3,3
2020-06-24 15:28:27.993,11517,11518,11518,1,1
2020-06-24 15:28:42.916,11517,11518,11518,1,1
2020-06-24 15:28:47.110,11517,11518,11518,1,1
2020-06-24 15:28:48.834,11517,11518,11517,11,-11
2020-06-24 15:28:48.835,11517,11518,11517,1,-1
2020-06-24 15:28:48.835,11517,11518,11517,5,-5
2020-06-24 15:28:48.835,11517,11518,11517,2,-2
2020-06-24 15:28:48.835,11517,11518,11517,1,-1
2020-06-24 15:28:48.835,11517,11518,11517,9,-9
2020-06-24 15:28:48.835,11517,11518,11517,4,-4
2020-06-24 15:28:48.972,11516,11517,11516,1,-1
2020-06-24 15:28:49.018,11516,11517,11516,1,-1
2020-06-24 15:28:49.019,11516,11517,11516,2,-2
2020-06-24 15:28:57.593,11516,11517,11517,1,1
2020-06-24 15:29:33.830,11516,11517,11516,4,-4
2020-06-24 15:29:33.830,11516,11517,11516,12,-12
2020-06-24 15:29:44.564,11515,11516,11516,1,1
2020-06-24 15:29:49.611,11516,11517,11516,1,-1
2020-06-24 15:29:52.036,11515,11516,11515,24,-24
2020-06-24 15:29:53.159,11514,11515,11515,1,1
2020-06-24 15:29:56.122,11514,11515,11514,1,-1
2020-06-24 15:29:56.651,11514,11515,11514,19,-19
2020-06-24 15:29:57.966,11513,11514,11514,1,1
2020-06-24 15:30:00.253,11514,11515,11514,1,-1
2020-06-24 15:30:00.842,11514,11515,11514,1,-1
2020-06-24 15:30:00.849,11514,11515,11514,1,-1
2020-06-24 15:30:00.855,11514,11515,11514,1,-1
2020-06-24 15:30:00.883,11514,11515,11514,1,-1
2020-06-24 15:30:00.900,11514,11515,11514,1,-1
2020-06-24 15:30:01.248,11514,11515,11514,1,-1
2020-06-24 15:30:02.879,11514,11515,11515,1,1
2020-06-24 15:30:02.892,11514,11515,11514,2,-2
2020-06-24 15:30:02.896,11514,11515,11513,1,-1
2020-06-24 15:30:02.903,11514,11515,11513,1,-1
2020-06-24 15:30:02.904,11514,11515,11513,2,-2
2020-06-24 15:30:02.907,11514,11515,11513,1,-1
2020-06-24 15:30:02.908,11514,11515,11513,1,-1
2020-06-24 15:30:02.909,11514,11515,11513,1,-1
2020-06-24 15:30:02.914,11514,11515,11513,1,-1
2020-06-24 15:30:02.915,11514,11515,11513,2,-2
2020-06-24 15:30:02.915,11514,11515,11513,8,-8
2020-06-24 15:30:05.323,11514,11515,11514,1,1
2020-06-24 15:30:08.118,11514,11515,11514,5,-5
2020-06-24 15:30:09.072,11514,11515,11514,1,-1
2020-06-24 15:30:10.872,11513,11514,11514,1,1
2020-06-24 15:30:11.140,11513,11515,11513,5,-5
2020-06-24 15:30:14.574,11514,11515,11515,2,2
2020-06-24 15:30:15.789,11514,11515,11514,1,-1
2020-06-24 15:30:16.886,11514,11515,11514,2,-2
2020-06-24 15:30:16.989,11513,11515,11513,1,-1
2020-06-24 15:30:17.537,11513,11515,11515,1,1
2020-06-24 15:30:19.037,11514,11515,11515,1,1
2020-06-24 15:30:21.726,11515,11516,11515,1,-1
2020-06-24 15:30:26.624,11514,11515,11514,1,-1
2020-06-24 15:30:35.156,11514,11515,11515,7,7
2020-06-24 15:30:38.393,11515,11516,11515,1,-1
2020-06-24 15:30:38.602,11515,11516,11515,1,-1
2020-06-24 15:30:40.249,11515,11516,11516,1,1
2020-06-24 15:30:44.497,11515,11516,11516,1,1
2020-06-24 15:30:51.627,11516,11517,11516,1,-1
2020-06-24 15:30:57.466,11516,11517,11516,1,-1
2020-06-24 15:31:02.291,11516,11517,11517,10,10
2020-06-24 15:31:03.047,11516,11517,11516,1,-1
2020-06-24 15:31:03.134,11516,11517,11516,1,-1
2020-06-24 15:31:03.138,11516,11517,11516,1,-1
2020-06-24 15:31:04.033,11516,11517,11517,2,2
2020-06-24 15:31:04.033,11516,11517,11517,2,2
2020-06-24 15:31:04.033,11516,11517,11517,2,2
2020-06-24 15:31:04.033,11516,11517,11517,1,1
2020-06-24 15:31:06.030,11517,11518,11517,1,-1
2020-06-24 15:31:10.249,11516,11517,11516,5,-5
2020-06-24 15:31:11.709,11515,11517,11517,3,3
2020-06-24 15:31:11.719,11515,11517,11517,1,1
2020-06-24 15:31:18.884,11516,11517,11517,1,1
2020-06-24 15:31:37.766,11515,11516,11516,1,1
2020-06-24 15:31:44.045,11516,11517,11516,1,-1
2020-06-24 15:32:00.086,11516,11517,11516,2,-2
2020-06-24 15:32:02.177,11516,11517,11517,1,1
2020-06-24 15:33:10.469,11516,11517,11517,8,8
2020-06-24 15:33:10.469,11516,11517,11517,1,1
2020-06-24 15:33:10.469,11516,11517,11517,9,9
2020-06-24 15:33:10.470,11516,11517,11517,1,1
2020-06-24 15:33:11.600,11517,11518,11517,1,-1
2020-06-24 15:33:20.697,11517,11518,11518,2,2
2020-06-24 15:33:24.220,11517,11518,11518,1,1
2020-06-24 15:33:24.220,11517,11518,11518,2,2
2020-06-24 15:33:29.364,11518,11519,11519,1,1
2020-06-24 15:33:36.005,11518,11519,11519,1,1
2020-06-24 15:33:37.046,11518,11519,11519,1,1
2020-06-24 15:33:39.947,11518,11519,11518,1,-1
2020-06-24 15:33:45.734,11518,11519,11518,3,-3
2020-06-24 15:33:57.464,11517,11518,11517,1,-1
2020-06-24 15:33:57.570,11516,11517,11517,1,1
2020-06-24 15:34:11.662,11516,11517,11517,2,2
2020-06-24 15:34:23.350,11517,11518,11518,4,4
2020-06-24 15:34:23.350,11517,11518,11518,3,3
2020-06-24 15:34:23.350,11517,11518,11518,4,4
2020-06-24 15:34:23.350,11517,11518,11518,1,1
2020-06-24 15:34:24.345,11518,11519,11518,3,-3
2020-06-24 15:34:24.345,11518,11519,11517,3,-3
2020-06-24 15:34:27.849,11517,11519,11519,1,1
2020-06-24 15:34:28.888,11517,11518,11518,1,1
2020-06-24 15:34:33.664,11517,11518,11518,1,1
2020-06-24 15:34:42.888,11518,11519,11518,1,-1
2020-06-24 15:34:42.888,11518,11519,11518,1,-1
2020-06-24 15:34:56.657,11518,11519,11518,6,-6
2020-06-24 15:35:01.573,11517,11518,11518,1,1
2020-06-24 15:35:04.713,11517,11518,11518,2,2
2020-06-24 15:35:07.291,11517,11518,11518,1,1
2020-06-24 15:35:41.701,11518,11519,11519,2,2
2020-06-24 15:35:41.701,11518,11519,11519,4,4
2020-06-24 15:35:41.701,11518,11519,11519,1,1
2020-06-24 15:35:42.642,11519,11520,11519,1,-1
2020-06-24 15:35:47.157,11519,11520,11519,2,-2
2020-06-24 15:35:50.419,11519,11520,11519,1,-1
2020-06-24 15:35:50.732,11518,11519,11518,1,-1
2020-06-24 15:36:09.041,11519,11520,11519,1,1
2020-06-24 15:36:09.152,11519,11520,11519,1,-1
2020-06-24 15:36:29.625,11519,11520,11520,1,1
2020-06-24 15:36:29.882,11519,11520,11519,1,-1
2020-06-24 15:36:48.087,11519,11520,11520,1,1
2020-06-24 15:36:56.975,11519,11520,11520,5,5
2020-06-24 15:36:58.556,11519,11520,11520,5,5
2020-06-24 15:37:07.864,11519,11520,11519,2,-2
2020-06-24 15:37:13.605,11518,11520,11520,1,1
2020-06-24 15:37:17.360,11518,11520,11520,1,1
2020-06-24 15:37:20.998,11518,11519,11518,1,-1
2020-06-24 15:37:23.218,11517,11518,11517,1,-1
2020-06-24 15:37:23.219,11517,11518,11517,2,-2
2020-06-24 15:37:23.219,11517,11518,11517,1,-1
2020-06-24 15:37:23.219,11517,11518,11517,4,-4
2020-06-24 15:37:23.220,11517,11518,11517,1,-1
2020-06-24 15:37:24.861,11516,11517,11516,10,-10
2020-06-24 15:37:26.324,11516,11517,11516,2,-2
2020-06-24 15:37:37.413,11515,11517,11515,1,-1
2020-06-24 15:37:37.628,11515,11517,11515,1,-1
2020-06-24 15:37:50.694,11515,11516,11516,1,1
2020-06-24 15:37:53.882,11516,11517,11517,1,1
2020-06-24 15:37:56.357,11516,11517,11516,1,-1
2020-06-24 15:37:57.566,11515,11517,11517,1,1
2020-06-24 15:38:01.691,11516,11517,11516,2,-2
2020-06-24 15:38:02.759,11515,11517,11517,2,2
2020-06-24 15:38:06.140,11515,11516,11515,2,-2
2020-06-24 15:38:09.646,11515,11516,11515,1,-1
2020-06-24 15:38:09.673,11515,11516,11516,1,1
2020-06-24 15:38:23.967,11515,11516,11516,5,5
2020-06-24 15:38:24.021,11515,11516,11515,5,-5
2020-06-24 15:38:24.580,11515,11516,11515,5,-5
2020-06-24 15:38:28.410,11515,11516,11516,4,4
2020-06-24 15:38:30.763,11515,11516,11515,5,-5
2020-06-24 15:38:35.201,11515,11516,11515,2,-2
2020-06-24 15:38:40.945,11514,11515,11514,1,-1
2020-06-24 15:38:41.500,11514,11515,11514,2,-2
2020-06-24 15:38:41.500,11514,11515,11514,2,-2
2020-06-24 15:38:43.446,11513,11514,11513,12,-12
2020-06-24 15:38:43.447,11513,11514,11513,2,-2
2020-06-24 15:38:43.447,11513,11514,11513,1,-1
2020-06-24 15:38:44.839,11512,11513,11512,2,-2
2020-06-24 15:38:44.839,11512,11513,11512,13,-13
2020-06-24 15:38:44.839,11512,11513,11512,1,-1
2020-06-24 15:38:44.840,11512,11513,11512,1,-1
2020-06-24 15:38:44.840,11512,11513,11512,1,-1
2020-06-24 15:38:44.852,11512,11513,11511,4,-4
2020-06-24 15:38:44.915,11511,11512,11511,1,-1
2020-06-24 15:38:44.947,11511,11512,11511,13,-13
2020-06-24 15:38:44.947,11511,11512,11510,17,-17
2020-06-24 15:38:44.954,11511,11512,11511,3,3
2020-06-24 15:38:45.029,11510,11511,11510,2,-2
2020-06-24 15:38:45.080,11510,11511,11510,1,-1
2020-06-24 15:38:45.121,11510,11511,11510,1,-1
2020-06-24 15:38:45.267,11510,11511,11510,1,-1
2020-06-24 15:38:46.296,11510,11511,11510,1,-1
2020-06-24 15:38:46.387,11510,11511,11510,2,-2
2020-06-24 15:38:46.486,11510,11511,11510,1,-1
2020-06-24 15:38:46.687,11510,11511,11510,1,-1
2020-06-24 15:38:46.687,11510,11511,11510,1,-1
2020-06-24 15:38:46.688,11510,11511,11510,5,-5
2020-06-24 15:38:46.688,11510,11511,11510,1,-1
2020-06-24 15:38:46.688,11510,11511,11510,1,-1
2020-06-24 15:38:46.688,11510,11511,11510,8,-8
2020-06-24 15:38:48.323,11509,11510,11509,7,-7
2020-06-24 15:38:48.324,11509,11510,11509,5,-5
2020-06-24 15:38:48.324,11509,11510,11509,1,-1
2020-06-24 15:38:48.324,11509,11510,11509,1,-1
2020-06-24 15:38:48.324,11509,11510,11509,2,-2
2020-06-24 15:38:48.324,11509,11510,11509,1,-1
2020-06-24 15:38:48.424,11508,11509,11508,5,-5
2020-06-24 15:38:48.482,11508,11509,11508,3,-3
2020-06-24 15:38:48.591,11508,11509,11508,5,-5
2020-06-24 15:38:48.691,11508,11509,11508,1,-1
2020-06-24 15:38:48.894,11508,11509,11508,1,-1
2020-06-24 15:38:49.409,11508,11509,11508,1,-1
2020-06-24 15:38:49.505,11508,11509,11508,1,-1
2020-06-24 15:38:50.289,11507,11508,11507,2,-2
2020-06-24 15:38:50.398,11507,11508,11508,2,2
2020-06-24 15:38:50.408,11507,11508,11507,1,-1
2020-06-24 15:38:50.984,11507,11508,11508,2,2
2020-06-24 15:38:52.887,11507,11508,11507,2,-2
2020-06-24 15:38:53.309,11506,11507,11507,1,1
2020-06-24 15:38:53.544,11506,11507,11507,2,2
2020-06-24 15:38:54.390,11506,11507,11506,2,-2
2020-06-24 15:38:54.553,11506,11507,11507,1,1
2020-06-24 15:38:54.777,11506,11507,11506,1,-1
2020-06-24 15:38:54.801,11506,11507,11506,1,-1
2020-06-24 15:38:54.913,11506,11507,11506,2,-2
2020-06-24 15:38:54.914,11506,11507,11506,2,-2
2020-06-24 15:38:55.059,11505,11506,11506,2,2
2020-06-24 15:38:55.385,11505,11506,11506,1,1
2020-06-24 15:38:56.160,11505,11506,11506,1,1
2020-06-24 15:38:56.201,11505,11506,11505,4,-4
2020-06-24 15:38:56.201,11505,11506,11505,8,-8
2020-06-24 15:38:56.201,11505,11506,11505,7,-7
2020-06-24 15:38:56.255,11505,11506,11504,4,-4
2020-06-24 15:38:56.316,11504,11505,11504,3,-3
2020-06-24 15:38:56.359,11504,11505,11504,2,-2
2020-06-24 15:38:56.374,11504,11505,11504,2,-2
2020-06-24 15:38:56.375,11504,11505,11504,2,-2
2020-06-24 15:38:56.375,11504,11505,11504,10,-10
2020-06-24 15:38:56.375,11504,11505,11504,2,-2
2020-06-24 15:38:56.375,11504,11505,11504,1,-1
2020-06-24 15:38:56.379,11504,11505,11503,1,-1
2020-06-24 15:38:56.379,11504,11505,11503,1,-1
2020-06-24 15:38:56.411,11503,11504,11503,1,-1
2020-06-24 15:38:56.413,11503,11504,11503,1,-1
2020-06-24 15:38:56.434,11503,11504,11504,1,1
2020-06-24 15:38:56.461,11503,11504,11503,5,-5
2020-06-24 15:38:56.466,11503,11504,11503,2,-2
2020-06-24 15:38:56.481,11503,11504,11503,1,-1
2020-06-24 15:38:56.518,11503,11504,11503,1,-1
2020-06-24 15:38:56.531,11503,11504,11503,3,-3
2020-06-24 15:38:56.534,11503,11504,11503,1,-1
2020-06-24 15:38:56.536,11503,11504,11503,2,-2
2020-06-24 15:38:56.575,11503,11504,11503,1,-1
2020-06-24 15:38:56.590,11503,11504,11503,1,-1
2020-06-24 15:38:56.604,11503,11504,11503,1,-1
2020-06-24 15:38:56.618,11503,11504,11503,1,-1
2020-06-24 15:38:56.622,11503,11504,11503,5,-5
2020-06-24 15:38:56.622,11503,11504,11503,2,-2
2020-06-24 15:38:56.627,11503,11504,11503,1,-1
2020-06-24 15:38:56.640,11502,11504,11502,12,-12
2020-06-24 15:38:56.663,11502,11504,11502,1,-1
2020-06-24 15:38:56.665,11502,11504,11502,1,-1
2020-06-24 15:38:56.732,11502,11504,11502,1,-1
2020-06-24 15:38:56.741,11502,11504,11502,12,-12
2020-06-24 15:38:56.763,11502,11503,11502,1,-1
2020-06-24 15:38:56.771,11502,11503,11503,1,1
2020-06-24 15:38:56.778,11502,11503,11501,1,-1
2020-06-24 15:38:56.783,11502,11503,11501,1,-1
2020-06-24 15:38:56.801,11502,11503,11501,2,-2
2020-06-24 15:38:56.805,11502,11503,11501,5,-5
2020-06-24 15:38:56.809,11502,11503,11501,4,-4
2020-06-24 15:38:56.816,11502,11503,11501,3,-3
2020-06-24 15:38:56.816,11502,11503,11500,1,-1
2020-06-24 15:38:56.816,11502,11503,11500,1,-1
2020-06-24 15:38:56.824,11502,11503,11500,4,-4
2020-06-24 15:38:56.831,11502,11503,11500,1,-1
2020-06-24 15:38:56.836,11502,11503,11500,1,-1
2020-06-24 15:38:56.836,11502,11503,11500,4,-4
2020-06-24 15:38:56.837,11502,11503,11500,5,-5
2020-06-24 15:38:56.837,11502,11503,11500,2,-2
2020-06-24 15:38:56.837,11502,11503,11500,4,-4
2020-06-24 15:38:56.847,11502,11503,11500,5,-5
2020-06-24 15:38:56.847,11502,11503,11500,8,-8
2020-06-24 15:38:56.852,11502,11503,11500,4,-4
2020-06-24 15:38:56.852,11502,11503,11500,1,-1
2020-06-24 15:38:56.852,11502,11503,11500,1,-1
2020-06-24 15:38:56.852,11502,11503,11500,1,-1
2020-06-24 15:38:56.855,11502,11503,11500,5,-5
2020-06-24 15:38:56.864,11502,11503,11500,1,-1
2020-06-24 15:38:56.866,11502,11503,11500,4,-4
2020-06-24 15:38:56.877,11502,11503,11499,4,-4
2020-06-24 15:38:56.889,11499,11500,11499,3,-3
2020-06-24 15:38:56.890,11499,11500,11499,4,-4
2020-06-24 15:38:56.892,11499,11500,11499,1,-1
2020-06-24 15:38:56.893,11499,11500,11499,2,-2
2020-06-24 15:38:56.894,11499,11500,11498,4,-4
2020-06-24 15:38:56.918,11499,11500,11498,1,-1
2020-06-24 15:38:56.986,11499,11500,11498,1,-1
2020-06-24 15:38:56.987,11499,11500,11498,2,-2
2020-06-24 15:38:56.987,11499,11500,11498,1,-1
2020-06-24 15:38:56.989,11499,11500,11498,5,-5
2020-06-24 15:38:56.990,11499,11500,11498,2,-2
2020-06-24 15:38:56.990,11499,11500,11498,1,-1
2020-06-24 15:38:56.996,11499,11500,11497,2,-2
2020-06-24 15:38:57.002,11499,11500,11497,1,-1
2020-06-24 15:38:57.006,11499,11500,11497,1,-1
2020-06-24 15:38:57.015,11497,11498,11497,2,-2
2020-06-24 15:38:57.016,11497,11498,11497,3,-3
2020-06-24 15:38:57.016,11497,11498,11497,1,-1
2020-06-24 15:38:57.016,11497,11498,11497,3,-3
2020-06-24 15:38:57.017,11497,11498,11497,4,-4
2020-06-24 15:38:57.027,11497,11498,11496,1,-1
2020-06-24 15:38:57.034,11497,11498,11496,1,-1
2020-06-24 15:38:57.036,11497,11498,11496,1,-1
2020-06-24 15:38:57.043,11497,11498,11496,2,-2
2020-06-24 15:38:57.048,11497,11498,11496,2,-2
2020-06-24 15:38:57.058,11497,11498,11496,2,-2
2020-06-24 15:38:57.065,11497,11498,11496,1,-1
2020-06-24 15:38:57.075,11497,11498,11497,1,1
2020-06-24 15:38:57.112,11497,11498,11496,1,-1
2020-06-24 15:38:57.129,11497,11498,11496,2,-2
2020-06-24 15:38:57.130,11497,11498,11496,1,-1
2020-06-24 15:38:57.130,11497,11498,11496,1,-1
2020-06-24 15:38:57.138,11496,11497,11496,12,-12
2020-06-24 15:38:57.139,11496,11497,11495,2,-2
2020-06-24 15:38:57.154,11496,11497,11495,2,-2
2020-06-24 15:38:57.164,11496,11497,11495,1,-1
2020-06-24 15:38:57.164,11496,11497,11495,1,-1
2020-06-24 15:38:57.173,11496,11497,11495,1,-1
2020-06-24 15:38:57.175,11496,11497,11495,5,-5
2020-06-24 15:38:57.183,11496,11497,11495,5,-5
2020-06-24 15:38:57.189,11496,11497,11495,1,-1
2020-06-24 15:38:57.198,11496,11497,11495,1,-1
2020-06-24 15:38:57.209,11496,11497,11495,2,-2
2020-06-24 15:38:57.209,11496,11497,11494,2,-2
2020-06-24 15:38:57.209,11496,11497,11494,1,-1
2020-06-24 15:38:57.210,11496,11497,11494,1,-1
2020-06-24 15:38:57.212,11496,11497,11495,1,1
2020-06-24 15:38:57.219,11496,11497,11494,1,-1
2020-06-24 15:38:57.219,11496,11497,11494,1,-1
2020-06-24 15:38:57.221,11496,11497,11494,4,-4
2020-06-24 15:38:57.224,11496,11497,11494,2,-2
2020-06-24 15:38:57.225,11496,11497,11494,1,-1
2020-06-24 15:38:57.234,11496,11497,11494,4,-4
2020-06-24 15:38:57.234,11496,11497,11493,2,-2
2020-06-24 15:38:57.244,11496,11497,11494,5,5
2020-06-24 15:38:57.252,11496,11497,11493,2,-2
2020-06-24 15:38:57.266,11493,11495,11493,2,-2
2020-06-24 15:38:57.277,11493,11495,11493,1,-1
2020-06-24 15:38:57.302,11493,11495,11493,1,-1
2020-06-24 15:38:57.304,11493,11495,11493,1,-1
2020-06-24 15:38:57.314,11493,11495,11493,1,-1
2020-06-24 15:38:57.315,11493,11495,11495,2,2
2020-06-24 15:38:57.326,11493,11495,11493,1,-1
2020-06-24 15:38:57.326,11493,11495,11493,1,-1
2020-06-24 15:38:57.336,11493,11495,11493,1,-1
2020-06-24 15:38:57.341,11493,11495,11493,1,-1
2020-06-24 15:38:57.343,11493,11495,11493,1,-1
2020-06-24 15:38:57.347,11493,11495,11493,2,-2
2020-06-24 15:38:57.351,11493,11495,11493,2,-2
2020-06-24 15:38:57.355,11493,11495,11493,1,-1
2020-06-24 15:38:57.378,11493,11495,11493,3,-3
2020-06-24 15:38:57.378,11493,11495,11493,2,-2
2020-06-24 15:38:57.378,11493,11495,11492,10,-10
2020-06-24 15:38:57.388,11493,11495,11493,5,5
2020-06-24 15:38:57.389,11493,11495,11492,1,-1
2020-06-24 15:38:57.407,11493,11495,11492,2,-2
2020-06-24 15:38:57.422,11493,11495,11492,1,-1
2020-06-24 15:38:57.423,11493,11495,11492,3,-3
2020-06-24 15:38:57.423,11493,11495,11491,1,-1
2020-06-24 15:38:57.426,11493,11495,11492,4,4
2020-06-24 15:38:57.434,11493,11495,11491,1,-1
2020-06-24 15:38:57.441,11493,11495,11494,1,1
2020-06-24 15:38:57.441,11493,11495,11491,3,-3
2020-06-24 15:38:57.450,11493,11495,11494,1,1
2020-06-24 15:38:57.455,11493,11495,11491,4,-4
2020-06-24 15:38:57.455,11493,11495,11490,1,-1
2020-06-24 15:38:57.459,11493,11495,11491,2,2
2020-06-24 15:38:57.492,11493,11495,11492,4,4
2020-06-24 15:38:57.492,11493,11495,11491,6,-6
2020-06-24 15:38:57.492,11493,11495,11490,2,-2
2020-06-24 15:38:57.518,11490,11493,11490,1,-1
2020-06-24 15:38:57.523,11490,11493,11490,2,-2
2020-06-24 15:38:57.536,11490,11493,11490,1,-1
2020-06-24 15:38:57.558,11490,11493,11491,1,1
2020-06-24 15:38:57.567,11490,11493,11490,1,-1
2020-06-24 15:38:57.578,11490,11493,11490,2,-2
2020-06-24 15:38:57.594,11490,11493,11490,4,-4
2020-06-24 15:38:57.596,11490,11493,11490,1,-1
2020-06-24 15:38:57.602,11490,11493,11490,2,-2
2020-06-24 15:38:57.619,11490,11493,11490,1,-1
2020-06-24 15:38:57.622,11490,11493,11490,3,-3
2020-06-24 15:38:57.624,11490,11493,11490,1,-1
2020-06-24 15:38:57.629,11490,11493,11490,1,-1
2020-06-24 15:38:57.638,11490,11493,11490,1,-1
2020-06-24 15:38:57.642,11490,11493,11490,1,-1
2020-06-24 15:38:57.643,11490,11493,11490,1,-1
2020-06-24 15:38:57.645,11490,11493,11490,1,-1
2020-06-24 15:38:57.652,11490,11493,11490,1,-1
2020-06-24 15:38:57.655,11490,11493,11490,1,-1
2020-06-24 15:38:57.661,11490,11493,11490,1,-1
2020-06-24 15:38:57.677,11490,11493,11490,1,-1
2020-06-24 15:38:57.678,11490,11493,11490,5,-5
2020-06-24 15:38:57.685,11490,11493,11490,1,-1
2020-06-24 15:38:57.692,11490,11493,11490,1,-1
2020-06-24 15:38:57.714,11490,11493,11490,1,-1
2020-06-24 15:38:57.722,11490,11493,11490,1,-1
2020-06-24 15:38:57.722,11490,11493,11490,2,-2
2020-06-24 15:38:57.724,11490,11493,11490,1,-1
2020-06-24 15:38:57.742,11490,11493,11490,1,-1
2020-06-24 15:38:57.745,11490,11493,11490,1,-1
2020-06-24 15:38:57.750,11490,11493,11490,1,-1
2020-06-24 15:38:57.758,11490,11493,11490,4,-4
2020-06-24 15:38:57.759,11490,11493,11490,2,-2
2020-06-24 15:38:57.764,11490,11491,11490,3,-3
2020-06-24 15:38:57.764,11490,11491,11489,2,-2
2020-06-24 15:38:57.779,11490,11491,11489,1,-1
2020-06-24 15:38:57.785,11490,11491,11489,2,-2
2020-06-24 15:38:57.796,11490,11491,11489,1,-1
2020-06-24 15:38:57.797,11490,11491,11489,2,-2
2020-06-24 15:38:57.823,11490,11491,11489,2,-2
2020-06-24 15:38:57.866,11490,11491,11488,1,-1
2020-06-24 15:38:57.869,11490,11491,11488,1,-1
2020-06-24 15:38:57.871,11490,11491,11488,1,-1
2020-06-24 15:38:57.882,11490,11491,11488,1,-1
2020-06-24 15:38:57.887,11488,11490,11488,2,-2
2020-06-24 15:38:57.888,11488,11490,11488,2,-2
2020-06-24 15:38:57.890,11488,11490,11488,4,-4
2020-06-24 15:38:57.893,11488,11490,11488,3,-3
2020-06-24 15:38:57.894,11488,11490,11488,2,-2
2020-06-24 15:38:57.917,11488,11490,11487,2,-2
2020-06-24 15:38:57.919,11488,11490,11487,4,-4
2020-06-24 15:38:57.929,11488,11490,11487,1,-1
2020-06-24 15:38:57.932,11488,11490,11487,1,-1
2020-06-24 15:38:57.937,11488,11490,11487,1,-1
2020-06-24 15:38:57.938,11488,11490,11487,1,-1
2020-06-24 15:38:57.944,11488,11490,11487,3,-3
2020-06-24 15:38:57.956,11488,11490,11487,2,-2
2020-06-24 15:38:57.957,11488,11490,11487,1,-1
2020-06-24 15:38:57.972,11488,11490,11487,1,-1
2020-06-24 15:38:57.988,11488,11490,11488,1,1
2020-06-24 15:38:58.013,11487,11488,11487,1,-1
2020-06-24 15:38:58.020,11487,11488,11486,2,-2
2020-06-24 15:38:58.021,11487,11488,11487,1,1
2020-06-24 15:38:58.023,11487,11488,11486,1,-1
2020-06-24 15:38:58.030,11487,11488,11486,1,-1
2020-06-24 15:38:58.035,11487,11488,11487,3,3
2020-06-24 15:38:58.057,11487,11488,11488,1,1
2020-06-24 15:38:58.060,11487,11488,11486,3,-3
2020-06-24 15:38:58.064,11487,11488,11486,2,-2
2020-06-24 15:38:58.081,11487,11488,11486,1,-1
2020-06-24 15:38:58.088,11487,11488,11486,1,-1
2020-06-24 15:38:58.106,11487,11488,11486,1,-1
2020-06-24 15:38:58.106,11487,11488,11486,4,-4
2020-06-24 15:38:58.129,11487,11488,11486,8,-8
2020-06-24 15:38:58.129,11487,11488,11485,1,-1
2020-06-24 15:38:58.138,11486,11487,11486,3,3
2020-06-24 15:38:58.138,11486,11487,11485,2,-2
2020-06-24 15:38:58.140,11486,11487,11485,20,-20
2020-06-24 15:38:58.151,11486,11487,11484,1,-1
2020-06-24 15:38:58.152,11486,11487,11484,1,-1
2020-06-24 15:38:58.164,11486,11487,11484,1,-1
2020-06-24 15:38:58.175,11486,11487,11484,2,-2
2020-06-24 15:38:58.198,11486,11487,11483,1,-1
2020-06-24 15:38:58.217,11486,11487,11485,1,1
2020-06-24 15:38:58.222,11486,11487,11485,1,-1
2020-06-24 15:38:58.223,11486,11487,11485,1,-1
2020-06-24 15:38:58.262,11485,11487,11485,2,-2
2020-06-24 15:38:58.285,11485,11487,11485,1,-1
2020-06-24 15:38:58.285,11485,11487,11487,10,10
2020-06-24 15:38:58.285,11485,11487,11487,1,1
2020-06-24 15:38:58.289,11485,11487,11486,1,-1
2020-06-24 15:38:58.308,11485,11487,11486,1,-1
2020-06-24 15:38:58.308,11485,11487,11486,1,-1
2020-06-24 15:38:58.317,11485,11487,11486,1,-1
2020-06-24 15:38:58.319,11485,11487,11487,1,1
2020-06-24 15:38:58.360,11485,11487,11486,2,-2
2020-06-24 15:38:58.370,11485,11487,11486,1,-1
2020-06-24 15:38:58.372,11485,11487,11486,1,-1
2020-06-24 15:38:58.374,11485,11487,11486,2,-2
2020-06-24 15:38:58.374,11485,11487,11485,2,-2
2020-06-24 15:38:58.380,11485,11487,11485,3,-3
2020-06-24 15:38:58.384,11485,11487,11485,1,-1
2020-06-24 15:38:58.392,11485,11487,11485,1,-1
2020-06-24 15:38:58.397,11485,11487,11487,1,1
2020-06-24 15:38:58.402,11485,11487,11487,3,3
2020-06-24 15:38:58.402,11485,11487,11488,3,3
2020-06-24 15:38:58.405,11485,11487,11489,6,6
2020-06-24 15:38:58.410,11485,11487,11488,3,3
2020-06-24 15:38:58.412,11485,11487,11489,1,1
2020-06-24 15:38:58.415,11485,11487,11489,2,2
2020-06-24 15:38:58.421,11485,11487,11489,2,2
2020-06-24 15:38:58.430,11485,11487,11488,1,1
2020-06-24 15:38:58.441,11485,11487,11489,1,1
2020-06-24 15:38:58.448,11485,11487,11489,1,1
2020-06-24 15:38:58.449,11485,11487,11490,1,1
2020-06-24 15:38:58.456,11485,11487,11489,1,1
2020-06-24 15:38:58.467,11485,11487,11489,1,1
2020-06-24 15:38:58.471,11485,11487,11488,2,2
2020-06-24 15:38:58.478,11485,11487,11488,3,3
2020-06-24 15:38:58.496,11485,11487,11487,1,1
2020-06-24 15:38:58.504,11485,11487,11487,1,1
2020-06-24 15:38:58.507,11485,11487,11487,6,6
2020-06-24 15:38:58.517,11487,11489,11487,1,-1
2020-06-24 15:38:58.527,11487,11489,11487,4,-4
2020-06-24 15:38:58.536,11487,11489,11486,3,-3
2020-06-24 15:38:58.551,11487,11489,11486,1,-1
2020-06-24 15:38:58.574,11487,11489,11486,1,-1
2020-06-24 15:38:58.576,11487,11489,11486,2,-2
2020-06-24 15:38:58.576,11487,11489,11485,2,-2
2020-06-24 15:38:58.580,11487,11489,11485,1,-1
2020-06-24 15:38:58.591,11487,11489,11487,1,1
2020-06-24 15:38:58.624,11487,11489,11487,1,-1
2020-06-24 15:38:58.626,11487,11489,11486,1,-1
2020-06-24 15:38:58.634,11487,11489,11486,2,-2
2020-06-24 15:38:58.634,11487,11489,11485,3,-3
2020-06-24 15:38:58.646,11485,11488,11486,4,4
2020-06-24 15:38:58.649,11485,11488,11487,2,2
2020-06-24 15:38:58.664,11485,11488,11485,8,-8
2020-06-24 15:38:58.664,11485,11488,11484,2,-2
2020-06-24 15:38:58.685,11485,11488,11486,2,2
2020-06-24 15:38:58.694,11485,11488,11485,4,-4
2020-06-24 15:38:58.704,11485,11488,11486,4,4
2020-06-24 15:38:58.711,11485,11488,11484,1,-1
2020-06-24 15:38:58.729,11485,11488,11484,1,-1
2020-06-24 15:38:58.762,11484,11486,11484,3,-3
2020-06-24 15:38:58.784,11484,11486,11485,1,1
2020-06-24 15:38:58.784,11484,11486,11484,3,-3
2020-06-24 15:38:58.861,11484,11486,11485,2,2
2020-06-24 15:38:58.884,11484,11486,11485,1,-1
2020-06-24 15:38:58.884,11484,11486,11484,3,-3
2020-06-24 15:38:58.895,11484,11486,11484,4,-4
2020-06-24 15:38:58.950,11484,11486,11484,1,-1
2020-06-24 15:38:58.984,11484,11486,11484,2,-2
2020-06-24 15:38:58.987,11484,11486,11484,1,-1
2020-06-24 15:38:58.987,11484,11486,11483,1,-1
2020-06-24 15:38:59.019,11483,11485,11483,2,-2
2020-06-24 15:38:59.035,11483,11485,11483,1,-1
2020-06-24 15:38:59.062,11483,11485,11483,1,-1
2020-06-24 15:38:59.065,11483,11485,11483,1,-1
2020-06-24 15:38:59.074,11483,11485,11484,1,1
2020-06-24 15:38:59.078,11483,11485,11483,1,-1
2020-06-24 15:38:59.098,11483,11485,11483,1,-1
2020-06-24 15:38:59.105,11483,11485,11483,1,-1
2020-06-24 15:38:59.160,11482,11484,11482,1,-1
2020-06-24 15:38:59.183,11482,11484,11482,1,-1
2020-06-24 15:38:59.183,11482,11484,11482,1,-1
2020-06-24 15:38:59.186,11482,11484,11482,3,-3
2020-06-24 15:38:59.194,11482,11484,11482,1,-1
2020-06-24 15:38:59.222,11482,11484,11483,9,9
2020-06-24 15:38:59.223,11482,11484,11483,1,-1
2020-06-24 15:38:59.231,11482,11484,11483,3,-3
2020-06-24 15:38:59.238,11482,11484,11482,1,-1
2020-06-24 15:38:59.249,11482,11484,11482,1,-1
2020-06-24 15:38:59.278,11482,11483,11482,1,-1
2020-06-24 15:38:59.280,11482,11483,11482,1,-1
2020-06-24 15:38:59.294,11482,11483,11483,1,1
2020-06-24 15:38:59.298,11482,11483,11482,1,-1
2020-06-24 15:38:59.322,11482,11483,11482,2,-2
2020-06-24 15:38:59.332,11482,11483,11482,2,-2
2020-06-24 15:38:59.345,11482,11483,11481,1,-1
2020-06-24 15:38:59.346,11482,11483,11481,1,-1
2020-06-24 15:38:59.348,11482,11483,11481,2,-2
2020-06-24 15:38:59.349,11482,11483,11481,1,-1
2020-06-24 15:38:59.367,11482,11483,11481,1,-1
2020-06-24 15:38:59.377,11482,11483,11480,1,-1
2020-06-24 15:38:59.384,11482,11483,11480,1,-1
2020-06-24 15:38:59.387,11480,11482,11480,2,-2
2020-06-24 15:38:59.398,11480,11482,11480,2,-2
2020-06-24 15:38:59.400,11480,11482,11480,2,-2
2020-06-24 15:38:59.409,11480,11482,11482,1,1
2020-06-24 15:38:59.447,11480,11482,11480,1,-1
2020-06-24 15:38:59.474,11480,11482,11482,1,1
2020-06-24 15:38:59.502,11480,11482,11480,1,-1
2020-06-24 15:38:59.538,11480,11482,11480,1,-1
2020-06-24 15:38:59.557,11480,11482,11480,1,-1
2020-06-24 15:38:59.587,11480,11482,11480,2,-2
2020-06-24 15:38:59.589,11480,11482,11480,2,-2
2020-06-24 15:38:59.596,11480,11482,11480,4,-4
2020-06-24 15:38:59.597,11480,11482,11480,1,-1
2020-06-24 15:38:59.628,11480,11482,11481,1,1
2020-06-24 15:38:59.670,11480,11481,11481,4,4
2020-06-24 15:38:59.674,11480,11481,11480,1,-1
2020-06-24 15:38:59.696,11480,11481,11481,1,1
2020-06-24 15:38:59.713,11480,11481,11480,1,-1
2020-06-24 15:38:59.745,11480,11481,11480,5,-5
2020-06-24 15:38:59.834,11480,11481,11481,1,1
2020-06-24 15:38:59.914,11480,11481,11480,1,-1
2020-06-24 15:38:59.921,11480,11481,11480,1,-1
2020-06-24 15:38:59.924,11480,11481,11480,1,-1
2020-06-24 15:38:59.925,11480,11481,11480,2,-2
2020-06-24 15:38:59.966,11480,11481,11479,1,-1
2020-06-24 15:38:59.985,11480,11481,11479,1,-1
2020-06-24 15:38:59.991,11480,11481,11479,1,-1
2020-06-24 15:39:00.011,11480,11481,11479,1,-1
2020-06-24 15:39:00.012,11479,11480,11480,1,1
2020-06-24 15:39:00.036,11479,11480,11479,1,-1
2020-06-24 15:39:00.047,11479,11480,11479,1,-1
2020-06-24 15:39:00.061,11479,11480,11479,3,-3
2020-06-24 15:39:00.061,11479,11480,11479,2,-2
2020-06-24 15:39:00.062,11479,11480,11478,5,-5
2020-06-24 15:39:00.062,11479,11480,11478,3,-3
2020-06-24 15:39:00.063,11479,11480,11477,2,-2
2020-06-24 15:39:00.067,11479,11480,11477,6,-6
2020-06-24 15:39:00.071,11479,11480,11476,1,-1
2020-06-24 15:39:00.081,11479,11480,11476,3,-3
2020-06-24 15:39:00.116,11479,11480,11476,3,-3
2020-06-24 15:39:00.131,11479,11480,11475,14,-14
2020-06-24 15:39:00.132,11479,11480,11474,2,-2
2020-06-24 15:39:00.191,11474,11475,11474,2,-2
2020-06-24 15:39:00.198,11474,11475,11474,1,-1
2020-06-24 15:39:00.229,11474,11475,11475,1,1
2020-06-24 15:39:00.241,11474,11475,11475,4,4
2020-06-24 15:39:00.241,11474,11475,11475,3,3
2020-06-24 15:39:00.253,11474,11475,11474,1,-1
2020-06-24 15:39:00.259,11474,11475,11474,1,-1
2020-06-24 15:39:00.283,11474,11475,11474,1,-1
2020-06-24 15:39:00.288,11474,11475,11475,7,7
2020-06-24 15:39:00.288,11474,11475,11476,2,2
2020-06-24 15:39:00.288,11474,11475,11477,1,1
2020-06-24 15:39:00.289,11474,11475,11476,3,3
2020-06-24 15:39:00.289,11474,11475,11476,1,1
2020-06-24 15:39:00.306,11474,11475,11477,1,1
2020-06-24 15:39:00.314,11474,11475,11477,2,2
2020-06-24 15:39:00.326,11474,11475,11477,1,1
2020-06-24 15:39:00.329,11474,11475,11477,1,1
2020-06-24 15:39:00.331,11474,11475,11477,1,1
2020-06-24 15:39:00.377,11474,11475,11477,2,2
2020-06-24 15:39:00.417,11477,11479,11478,1,1
2020-06-24 15:39:00.423,11477,11479,11477,4,-4
2020-06-24 15:39:00.423,11477,11479,11476,1,-1
2020-06-24 15:39:00.425,11477,11479,11476,2,-2
2020-06-24 15:39:00.461,11477,11479,11478,4,4
2020-06-24 15:39:00.464,11477,11479,11476,1,-1
2020-06-24 15:39:00.481,11477,11479,11476,2,-2
2020-06-24 15:39:00.496,11477,11479,11475,1,-1
2020-06-24 15:39:00.496,11477,11479,11475,2,-2
2020-06-24 15:39:00.516,11475,11477,11475,2,-2
2020-06-24 15:39:00.524,11475,11477,11474,5,-5
2020-06-24 15:39:00.554,11475,11477,11475,2,2
2020-06-24 15:39:00.561,11475,11477,11474,1,-1
2020-06-24 15:39:00.564,11475,11477,11474,1,-1
2020-06-24 15:39:00.576,11475,11477,11475,4,4
2020-06-24 15:39:00.579,11475,11477,11474,2,-2
2020-06-24 15:39:00.582,11475,11477,11474,1,-1
2020-06-24 15:39:00.586,11475,11477,11476,3,3
2020-06-24 15:39:00.586,11475,11477,11477,2,2
2020-06-24 15:39:00.591,11475,11477,11476,1,-1
2020-06-24 15:39:00.591,11475,11477,11477,4,4
2020-06-24 15:39:00.597,11475,11477,11475,1,-1
2020-06-24 15:39:00.597,11475,11477,11474,1,-1
2020-06-24 15:39:00.598,11475,11477,11474,2,-2
2020-06-24 15:39:00.598,11475,11477,11474,1,-1
2020-06-24 15:39:00.600,11475,11477,11478,2,2
2020-06-24 15:39:00.676,11474,11479,11474,1,-1
2020-06-24 15:39:00.679,11474,11479,11474,2,-2
2020-06-24 15:39:00.691,11474,11479,11474,1,-1
2020-06-24 15:39:00.706,11474,11479,11473,1,-1
2020-06-24 15:39:00.706,11474,11479,11477,1,1
2020-06-24 15:39:00.714,11474,11479,11473,1,-1
2020-06-24 15:39:00.736,11474,11479,11474,1,1
2020-06-24 15:39:00.749,11474,11479,11474,1,-1
2020-06-24 15:39:00.797,11473,11477,11473,1,-1
2020-06-24 15:39:00.862,11473,11477,11473,1,-1
2020-06-24 15:39:00.915,11473,11477,11473,1,-1
2020-06-24 15:39:00.920,11473,11477,11473,1,-1
2020-06-24 15:39:00.922,11473,11477,11473,1,-1
2020-06-24 15:39:00.945,11473,11477,11476,4,4
2020-06-24 15:39:00.945,11473,11477,11477,4,4
2020-06-24 15:39:00.946,11473,11477,11477,1,1
2020-06-24 15:39:00.946,11473,11477,11477,1,1
2020-06-24 15:39:00.989,11473,11477,11474,1,-1
2020-06-24 15:39:01.008,11473,11477,11474,1,-1
2020-06-24 15:39:01.012,11474,11478,11474,4,-4
2020-06-24 15:39:01.082,11474,11478,11474,1,-1
2020-06-24 15:39:01.143,11474,11476,11474,4,-4
2020-06-24 15:39:01.143,11474,11476,11473,6,-6
2020-06-24 15:39:01.143,11474,11476,11472,3,-3
2020-06-24 15:39:01.143,11474,11476,11474,1,1
2020-06-24 15:39:01.146,11474,11476,11472,2,-2
2020-06-24 15:39:01.148,11474,11476,11471,4,-4
2020-06-24 15:39:01.148,11474,11476,11471,3,-3
2020-06-24 15:39:01.148,11474,11476,11470,6,-6
2020-06-24 15:39:01.149,11474,11476,11472,1,1
2020-06-24 15:39:01.152,11474,11476,11470,3,-3
2020-06-24 15:39:01.154,11474,11476,11470,3,-3
2020-06-24 15:39:01.154,11474,11476,11470,1,-1
2020-06-24 15:39:01.154,11474,11476,11470,1,-1
2020-06-24 15:39:01.154,11474,11476,11470,1,-1
2020-06-24 15:39:01.155,11474,11476,11470,3,-3
2020-06-24 15:39:01.155,11474,11476,11469,2,-2
2020-06-24 15:39:01.157,11474,11476,11468,3,-3
2020-06-24 15:39:01.164,11474,11476,11468,5,-5
2020-06-24 15:39:01.164,11474,11476,11468,9,-9
2020-06-24 15:39:01.164,11474,11476,11468,2,-2
2020-06-24 15:39:01.174,11474,11476,11468,3,-3
2020-06-24 15:39:01.175,11474,11476,11468,8,-8
2020-06-24 15:39:01.175,11474,11476,11467,1,-1
2020-06-24 15:39:01.175,11474,11476,11466,5,-5
2020-06-24 15:39:01.175,11474,11476,11465,23,-23
2020-06-24 15:39:01.180,11474,11476,11465,1,-1
2020-06-24 15:39:01.203,11474,11476,11465,2,-2
2020-06-24 15:39:01.217,11474,11476,11465,2,-2
2020-06-24 15:39:01.225,11474,11476,11471,1,1
2020-06-24 15:39:01.225,11474,11476,11472,7,7
2020-06-24 15:39:01.244,11474,11476,11472,1,-1
2020-06-24 15:39:01.278,11469,11472,11469,1,-1
2020-06-24 15:39:01.301,11469,11472,11466,1,-1
2020-06-24 15:39:01.301,11469,11472,11466,1,-1
2020-06-24 15:39:01.301,11469,11472,11465,2,-2
2020-06-24 15:39:01.338,11469,11472,11465,2,-2
2020-06-24 15:39:01.341,11469,11472,11465,6,-6
2020-06-24 15:39:01.343,11469,11472,11465,3,-3
2020-06-24 15:39:01.343,11469,11472,11465,2,-2
2020-06-24 15:39:01.344,11469,11472,11465,2,-2
2020-06-24 15:39:01.351,11469,11472,11465,1,-1
2020-06-24 15:39:01.390,11465,11466,11465,1,-1
2020-06-24 15:39:01.414,11465,11466,11465,2,-2
2020-06-24 15:39:01.447,11465,11466,11466,1,1
2020-06-24 15:39:01.487,11465,11466,11465,2,-2
2020-06-24 15:39:01.512,11465,11466,11466,1,1
2020-06-24 15:39:01.513,11465,11466,11466,1,1
2020-06-24 15:39:01.517,11465,11466,11465,4,-4
2020-06-24 15:39:01.517,11465,11466,11465,2,-2
2020-06-24 15:39:01.517,11465,11466,11465,5,-5
2020-06-24 15:39:01.518,11465,11466,11465,4,-4
2020-06-24 15:39:01.518,11465,11466,11465,2,-2
2020-06-24 15:39:01.521,11465,11466,11466,1,1
2020-06-24 15:39:01.559,11465,11466,11464,1,-1
2020-06-24 15:39:01.560,11465,11466,11464,4,-4
2020-06-24 15:39:01.560,11465,11466,11464,4,-4
2020-06-24 15:39:01.560,11465,11466,11464,1,-1
2020-06-24 15:39:01.570,11465,11466,11463,1,-1
2020-06-24 15:39:01.589,11465,11466,11463,2,-2
2020-06-24 15:39:01.602,11465,11466,11462,1,-1
2020-06-24 15:39:01.608,11465,11466,11463,2,2
2020-06-24 15:39:01.612,11465,11466,11462,2,-2
2020-06-24 15:39:01.622,11465,11466,11462,1,-1
2020-06-24 15:39:01.622,11465,11466,11461,2,-2
2020-06-24 15:39:01.637,11461,11463,11463,2,2
2020-06-24 15:39:01.661,11461,11463,11463,2,2
2020-06-24 15:39:01.665,11461,11463,11461,2,-2
2020-06-24 15:39:01.671,11461,11463,11461,2,-2
2020-06-24 15:39:01.672,11461,11463,11463,3,3
2020-06-24 15:39:01.687,11461,11463,11461,1,-1
2020-06-24 15:39:01.687,11461,11463,11460,2,-2
2020-06-24 15:39:01.715,11461,11463,11461,1,1
2020-06-24 15:39:01.716,11461,11463,11463,3,3
2020-06-24 15:39:01.719,11461,11463,11461,1,-1
2020-06-24 15:39:01.719,11461,11463,11461,1,-1
2020-06-24 15:39:01.721,11461,11463,11463,2,2
2020-06-24 15:39:01.721,11461,11463,11464,2,2
2020-06-24 15:39:01.725,11461,11463,11461,1,-1
2020-06-24 15:39:01.738,11461,11463,11461,1,-1
2020-06-24 15:39:01.738,11461,11463,11460,1,-1
2020-06-24 15:39:01.746,11461,11463,11460,1,-1
2020-06-24 15:39:01.755,11461,11463,11463,1,1
2020-06-24 15:39:01.757,11461,11463,11460,2,-2
2020-06-24 15:39:01.762,11460,11464,11460,2,-2
2020-06-24 15:39:01.773,11460,11464,11460,1,-1
2020-06-24 15:39:01.791,11460,11464,11460,1,-1
2020-06-24 15:39:01.792,11460,11464,11463,2,2
2020-06-24 15:39:01.819,11460,11464,11460,1,-1
2020-06-24 15:39:01.835,11460,11464,11460,1,-1
2020-06-24 15:39:01.849,11460,11464,11460,2,-2
2020-06-24 15:39:01.860,11460,11464,11463,1,1
2020-06-24 15:39:01.866,11460,11464,11461,1,-1
2020-06-24 15:39:01.879,11460,11464,11463,1,1
2020-06-24 15:39:01.879,11460,11464,11464,9,9
2020-06-24 15:39:01.886,11460,11464,11464,1,1
2020-06-24 15:39:01.887,11464,11465,11464,1,-1
2020-06-24 15:39:01.921,11464,11465,11464,2,-2
2020-06-24 15:39:01.921,11464,11465,11462,2,-2
2020-06-24 15:39:01.957,11464,11465,11463,1,1
2020-06-24 15:39:01.957,11464,11465,11464,1,1
2020-06-24 15:39:01.967,11464,11465,11461,1,-1
2020-06-24 15:39:01.967,11464,11465,11460,1,-1
2020-06-24 15:39:01.972,11464,11465,11464,3,3
2020-06-24 15:39:01.977,11464,11465,11462,1,-1
2020-06-24 15:39:01.977,11464,11465,11461,1,-1
2020-06-24 15:39:02.013,11460,11464,11464,1,1
2020-06-24 15:39:02.013,11460,11464,11465,1,1
2020-06-24 15:39:02.039,11460,11464,11460,1,-1
2020-06-24 15:39:02.047,11460,11464,11464,1,1
2020-06-24 15:39:02.049,11460,11464,11464,1,1
2020-06-24 15:39:02.073,11460,11464,11461,1,-1
2020-06-24 15:39:02.085,11460,11464,11464,1,1
2020-06-24 15:39:02.085,11460,11464,11465,4,4
2020-06-24 15:39:02.085,11460,11464,11466,3,3
2020-06-24 15:39:02.086,11460,11464,11466,1,1
2020-06-24 15:39:02.086,11460,11464,11466,1,1
2020-06-24 15:39:02.088,11460,11464,11466,1,1
2020-06-24 15:39:02.088,11460,11464,11466,1,1
2020-06-24 15:39:02.103,11460,11464,11463,1,-1
2020-06-24 15:39:02.118,11460,11464,11462,1,-1
2020-06-24 15:39:02.121,11460,11464,11462,1,-1
2020-06-24 15:39:02.121,11460,11464,11461,1,-1
2020-06-24 15:39:02.131,11460,11464,11460,2,-2
2020-06-24 15:39:02.141,11460,11464,11464,2,2
2020-06-24 15:39:02.142,11460,11464,11465,1,1
2020-06-24 15:39:02.151,11460,11464,11466,7,7
2020-06-24 15:39:02.153,11460,11464,11465,1,1
2020-06-24 15:39:02.153,11460,11464,11465,1,1
2020-06-24 15:39:02.154,11460,11464,11466,5,5
2020-06-24 15:39:02.154,11460,11464,11466,1,1
2020-06-24 15:39:02.154,11460,11464,11466,2,2
2020-06-24 15:39:02.160,11460,11464,11466,2,2
2020-06-24 15:39:02.169,11460,11464,11466,1,1
2020-06-24 15:39:02.188,11460,11464,11464,1,1
2020-06-24 15:39:02.198,11460,11464,11465,1,1
2020-06-24 15:39:02.210,11460,11464,11460,1,-1
2020-06-24 15:39:02.223,11460,11464,11464,2,2
2020-06-24 15:39:02.253,11460,11464,11464,1,1
2020-06-24 15:39:02.261,11460,11464,11465,1,1
2020-06-24 15:39:02.325,11464,11466,11465,1,-1
2020-06-24 15:39:02.365,11464,11466,11466,11,11
2020-06-24 15:39:02.366,11464,11466,11466,63,63
2020-06-24 15:39:02.366,11464,11466,11467,3,3
2020-06-24 15:39:02.367,11464,11466,11468,6,6
2020-06-24 15:39:02.368,11464,11466,11469,1,1
2020-06-24 15:39:02.368,11464,11466,11470,1,1
2020-06-24 15:39:02.368,11464,11466,11471,1,1
2020-06-24 15:39:02.369,11464,11466,11469,1,1
2020-06-24 15:39:02.369,11464,11466,11471,1,1
2020-06-24 15:39:02.369,11464,11466,11472,2,2
2020-06-24 15:39:02.369,11464,11466,11472,1,1
2020-06-24 15:39:02.370,11464,11466,11471,3,3
2020-06-24 15:39:02.370,11464,11466,11473,1,1
2020-06-24 15:39:02.370,11464,11466,11472,1,1
2020-06-24 15:39:02.371,11464,11466,11472,1,1
2020-06-24 15:39:02.372,11464,11466,11474,1,1
2020-06-24 15:39:02.388,11472,11475,11475,3,3
2020-06-24 15:39:02.393,11472,11475,11474,2,-2
2020-06-24 15:39:02.394,11472,11475,11474,1,-1
2020-06-24 15:39:02.399,11472,11475,11475,1,1
2020-06-24 15:39:02.430,11472,11475,11474,2,-2
2020-06-24 15:39:02.477,11472,11475,11475,1,1
2020-06-24 15:39:02.477,11472,11475,11475,1,1
2020-06-24 15:39:02.483,11472,11475,11472,3,-3
2020-06-24 15:39:02.483,11472,11475,11472,1,-1
2020-06-24 15:39:02.483,11472,11475,11471,1,-1
2020-06-24 15:39:02.483,11472,11475,11470,1,-1
2020-06-24 15:39:02.504,11472,11475,11475,1,1
2020-06-24 15:39:02.512,11469,11475,11475,1,1
2020-06-24 15:39:02.515,11469,11475,11475,2,2
2020-06-24 15:39:02.582,11469,11475,11471,1,-1
2020-06-24 15:39:02.611,11469,11475,11476,5,5
2020-06-24 15:39:02.657,11470,11475,11472,1,-1
2020-06-24 15:39:02.663,11470,11475,11471,1,-1
2020-06-24 15:39:02.691,11470,11475,11475,3,3
2020-06-24 15:39:02.725,11470,11475,11472,3,-3
2020-06-24 15:39:02.725,11470,11475,11471,2,-2
2020-06-24 15:39:02.725,11470,11475,11470,4,-4
2020-06-24 15:39:02.725,11470,11475,11469,3,-3
2020-06-24 15:39:02.733,11470,11475,11475,1,1
2020-06-24 15:39:02.743,11470,11475,11476,3,3
2020-06-24 15:39:02.791,11471,11473,11473,1,1
2020-06-24 15:39:02.799,11471,11473,11473,1,1
2020-06-24 15:39:02.817,11471,11473,11473,1,1
2020-06-24 15:39:02.824,11471,11473,11473,1,1
2020-06-24 15:39:02.825,11471,11473,11473,2,2
2020-06-24 15:39:02.831,11471,11473,11473,1,1
2020-06-24 15:39:02.838,11471,11473,11473,1,1
2020-06-24 15:39:02.922,11473,11474,11474,1,1
2020-06-24 15:39:02.923,11473,11474,11474,1,1
2020-06-24 15:39:02.923,11473,11474,11474,1,1
2020-06-24 15:39:02.929,11473,11474,11473,1,-1
2020-06-24 15:39:02.930,11473,11474,11473,1,-1
2020-06-24 15:39:02.944,11473,11474,11473,1,-1
2020-06-24 15:39:03.026,11474,11475,11474,1,1
2020-06-24 15:39:03.113,11474,11475,11473,1,-1
2020-06-24 15:39:03.127,11474,11475,11473,6,-6
2020-06-24 15:39:03.150,11473,11474,11474,3,3
2020-06-24 15:39:03.207,11473,11474,11474,1,1
2020-06-24 15:39:03.214,11473,11474,11475,3,3
2020-06-24 15:39:03.265,11474,11476,11476,12,12
2020-06-24 15:39:03.265,11474,11476,11476,5,5
2020-06-24 15:39:03.266,11474,11476,11477,1,1
2020-06-24 15:39:03.266,11474,11476,11477,1,1
2020-06-24 15:39:03.266,11474,11476,11478,1,1
2020-06-24 15:39:03.267,11474,11476,11479,17,17
2020-06-24 15:39:03.267,11474,11476,11479,2,2
2020-06-24 15:39:03.267,11474,11476,11479,1,1
2020-06-24 15:39:03.267,11474,11476,11479,4,4
2020-06-24 15:39:03.268,11474,11476,11480,3,3
2020-06-24 15:39:03.268,11474,11476,11480,7,7
2020-06-24 15:39:03.268,11474,11476,11481,1,1
2020-06-24 15:39:03.280,11474,11476,11484,4,4
2020-06-24 15:39:03.371,11474,11476,11485,1,1
2020-06-24 15:39:03.371,11474,11476,11486,1,1
2020-06-24 15:39:03.372,11474,11476,11486,3,3
2020-06-24 15:39:03.372,11474,11476,11487,3,3
2020-06-24 15:39:03.372,11474,11476,11487,1,1
2020-06-24 15:39:03.372,11474,11476,11487,2,2
2020-06-24 15:39:03.372,11474,11476,11485,1,1
2020-06-24 15:39:03.400,11485,11488,11486,1,1
2020-06-24 15:39:03.400,11485,11488,11486,1,-1
2020-06-24 15:39:03.413,11485,11488,11487,1,1
2020-06-24 15:39:03.414,11485,11488,11488,3,3
2020-06-24 15:39:03.430,11485,11488,11485,1,-1
2020-06-24 15:39:03.430,11485,11488,11485,1,-1
2020-06-24 15:39:03.500,11485,11488,11485,1,-1
2020-06-24 15:39:03.511,11485,11488,11485,1,-1
2020-06-24 15:39:03.525,11484,11488,11486,2,2
2020-06-24 15:39:03.542,11484,11488,11485,1,-1
2020-06-24 15:39:03.543,11484,11488,11485,1,-1
2020-06-24 15:39:03.558,11484,11488,11485,1,-1
2020-06-24 15:39:03.568,11484,11488,11483,1,-1
2020-06-24 15:39:03.600,11484,11488,11485,3,3
2020-06-24 15:39:03.600,11484,11488,11486,1,1
2020-06-24 15:39:03.616,11484,11488,11483,1,-1
2020-06-24 15:39:03.626,11484,11488,11483,2,-2
2020-06-24 15:39:03.627,11484,11488,11485,2,2
2020-06-24 15:39:03.627,11484,11488,11486,1,1
2020-06-24 15:39:03.633,11484,11488,11483,1,-1
2020-06-24 15:39:03.656,11483,11486,11485,2,2
2020-06-24 15:39:03.656,11483,11486,11486,1,1
2020-06-24 15:39:03.658,11483,11486,11484,1,-1
2020-06-24 15:39:03.660,11483,11486,11486,1,1
2020-06-24 15:39:03.710,11483,11486,11484,2,-2
2020-06-24 15:39:03.888,11483,11485,11483,3,-3
2020-06-24 15:39:03.888,11483,11485,11482,1,-1
2020-06-24 15:39:03.911,11483,11485,11484,1,1
2020-06-24 15:39:03.911,11483,11485,11485,3,3
2020-06-24 15:39:04.075,11485,11486,11485,1,-1
2020-06-24 15:39:04.088,11485,11486,11485,15,-15
2020-06-24 15:39:04.089,11485,11486,11485,1,-1
2020-06-24 15:39:04.097,11485,11486,11483,1,-1
2020-06-24 15:39:04.132,11485,11486,11485,1,1
2020-06-24 15:39:04.159,11484,11486,11484,1,-1
2020-06-24 15:39:04.322,11483,11485,11485,1,1
2020-06-24 15:39:04.323,11483,11485,11486,3,3
2020-06-24 15:39:04.323,11483,11485,11487,5,5
2020-06-24 15:39:04.331,11483,11485,11488,1,1
2020-06-24 15:39:04.501,11487,11489,11489,1,1
2020-06-24 15:39:04.522,11487,11489,11489,1,1
2020-06-24 15:39:04.547,11487,11489,11487,1,-1
2020-06-24 15:39:04.548,11487,11489,11487,1,-1
2020-06-24 15:39:04.611,11487,11489,11489,1,1
2020-06-24 15:39:04.619,11487,11489,11489,1,1
2020-06-24 15:39:04.772,11487,11489,11486,4,-4
2020-06-24 15:39:04.814,11487,11489,11485,7,-7
2020-06-24 15:39:04.815,11487,11489,11484,2,-2
2020-06-24 15:39:04.853,11487,11489,11483,2,-2
2020-06-24 15:39:04.879,11487,11489,11482,5,-5
2020-06-24 15:39:04.879,11487,11489,11481,1,-1
2020-06-24 15:39:04.899,11481,11484,11483,1,1
2020-06-24 15:39:04.914,11481,11484,11482,1,-1
2020-06-24 15:39:04.953,11481,11484,11481,1,-1
2020-06-24 15:39:04.953,11481,11484,11481,1,-1
2020-06-24 15:39:05.012,11482,11483,11482,1,1
2020-06-24 15:39:05.055,11482,11483,11482,1,-1
2020-06-24 15:39:05.157,11481,11483,11481,1,-1
2020-06-24 15:39:05.157,11481,11483,11481,1,-1
2020-06-24 15:39:05.163,11481,11483,11481,1,-1
2020-06-24 15:39:05.260,11481,11483,11481,1,-1
2020-06-24 15:39:05.310,11481,11482,11481,1,-1
2020-06-24 15:39:05.387,11481,11482,11481,2,-2
2020-06-24 15:39:05.387,11481,11482,11481,2,-2
2020-06-24 15:39:05.389,11481,11482,11480,3,-3
2020-06-24 15:39:05.390,11481,11482,11479,1,-1
2020-06-24 15:39:05.391,11481,11482,11479,2,-2
2020-06-24 15:39:05.411,11481,11482,11478,1,-1
2020-06-24 15:39:05.441,11481,11482,11479,1,1
2020-06-24 15:39:05.448,11481,11482,11479,1,-1
2020-06-24 15:39:05.457,11481,11482,11477,1,-1
2020-06-24 15:39:05.624,11478,11479,11480,1,1
2020-06-24 15:39:05.637,11479,11480,11480,6,6
2020-06-24 15:39:05.644,11479,11480,11481,1,1
2020-06-24 15:39:05.819,11479,11481,11481,1,1
2020-06-24 15:39:05.934,11479,11481,11481,1,1
2020-06-24 15:39:05.962,11479,11481,11481,4,4
2020-06-24 15:39:05.963,11479,11481,11482,4,4
2020-06-24 15:39:05.963,11479,11481,11482,1,1
2020-06-24 15:39:05.995,11479,11481,11482,1,1
2020-06-24 15:39:06.012,11482,11483,11483,8,8
2020-06-24 15:39:06.172,11482,11484,11483,1,-1
2020-06-24 15:39:06.172,11482,11484,11483,1,-1
2020-06-24 15:39:06.232,11482,11484,11484,1,1
2020-06-24 15:39:06.261,11482,11484,11484,1,1
2020-06-24 15:39:06.444,11483,11485,11485,1,1
2020-06-24 15:39:06.582,11484,11486,11486,1,1
2020-06-24 15:39:06.582,11484,11486,11486,3,3
2020-06-24 15:39:06.586,11484,11486,11487,1,1
2020-06-24 15:39:06.607,11484,11486,11485,1,-1
2020-06-24 15:39:06.679,11486,11487,11486,1,1
2020-06-24 15:39:06.698,11486,11487,11485,2,-2
2020-06-24 15:39:06.703,11486,11487,11485,1,-1
2020-06-24 15:39:06.783,11485,11487,11485,2,-2
2020-06-24 15:39:06.845,11485,11487,11485,1,-1
2020-06-24 15:39:06.850,11485,11487,11485,1,-1
2020-06-24 15:39:06.885,11485,11487,11485,1,-1
2020-06-24 15:39:06.885,11485,11487,11484,1,-1
2020-06-24 15:39:06.885,11485,11487,11484,1,-1
2020-06-24 15:39:06.903,11484,11486,11484,1,-1
2020-06-24 15:39:06.903,11484,11486,11484,1,-1
2020-06-24 15:39:06.986,11484,11486,11484,1,-1
2020-06-24 15:39:06.987,11484,11486,11484,1,-1
2020-06-24 15:39:06.988,11484,11486,11484,2,-2
2020-06-24 15:39:07.010,11484,11486,11483,1,-1
2020-06-24 15:39:07.029,11483,11484,11483,4,-4
2020-06-24 15:39:07.066,11483,11484,11483,1,-1
2020-06-24 15:39:07.088,11483,11484,11482,1,-1
2020-06-24 15:39:07.190,11482,11483,11482,1,-1
2020-06-24 15:39:07.380,11482,11484,11482,1,-1
2020-06-24 15:39:07.410,11482,11483,11483,3,3
2020-06-24 15:39:07.410,11482,11483,11483,1,1
2020-06-24 15:39:07.504,11482,11483,11482,1,-1
2020-06-24 15:39:07.538,11482,11484,11482,1,-1
2020-06-24 15:39:07.581,11482,11484,11482,5,-5
2020-06-24 15:39:07.583,11482,11484,11481,2,-2
2020-06-24 15:39:07.584,11482,11484,11480,2,-2
2020-06-24 15:39:07.585,11482,11484,11480,1,-1
2020-06-24 15:39:07.589,11482,11484,11478,1,-1
2020-06-24 15:39:07.590,11482,11484,11478,1,-1
2020-06-24 15:39:07.591,11482,11484,11479,1,1
2020-06-24 15:39:07.591,11482,11484,11479,1,-1
2020-06-24 15:39:07.595,11482,11484,11479,1,-1
2020-06-24 15:39:07.600,11482,11484,11477,1,-1
2020-06-24 15:39:07.633,11482,11484,11479,1,1
2020-06-24 15:39:07.643,11477,11479,11477,1,-1
2020-06-24 15:39:07.678,11477,11479,11477,1,-1
2020-06-24 15:39:07.704,11477,11479,11477,1,-1
2020-06-24 15:39:07.735,11477,11479,11477,2,-2
2020-06-24 15:39:07.779,11477,11479,11477,1,-1
2020-06-24 15:39:07.779,11477,11479,11476,1,-1
2020-06-24 15:39:07.782,11477,11479,11476,1,-1
2020-06-24 15:39:07.845,11477,11479,11476,1,-1
2020-06-24 15:39:07.845,11477,11479,11475,1,-1
2020-06-24 15:39:07.867,11477,11479,11477,1,1
2020-06-24 15:39:07.887,11476,11477,11476,1,-1
2020-06-24 15:39:07.905,11476,11477,11475,3,-3
2020-06-24 15:39:07.925,11476,11477,11474,1,-1
2020-06-24 15:39:07.929,11476,11477,11474,1,-1
2020-06-24 15:39:07.946,11476,11477,11474,1,-1
2020-06-24 15:39:08.009,11476,11477,11476,1,1
2020-06-24 15:39:08.019,11476,11478,11476,1,-1
2020-06-24 15:39:08.020,11476,11478,11476,1,-1
2020-06-24 15:39:08.070,11476,11478,11476,1,-1
2020-06-24 15:39:08.087,11476,11478,11476,1,-1
2020-06-24 15:39:08.116,11476,11478,11476,1,-1
2020-06-24 15:39:08.172,11476,11478,11476,1,-1
2020-06-24 15:39:08.192,11476,11478,11477,1,1
2020-06-24 15:39:08.282,11476,11477,11476,1,-1
2020-06-24 15:39:08.286,11476,11477,11475,1,-1
2020-06-24 15:39:08.287,11476,11477,11476,4,4
2020-06-24 15:39:08.375,11476,11477,11475,1,-1
2020-06-24 15:39:08.416,11474,11477,11475,1,-1
2020-06-24 15:39:08.477,11474,11477,11475,2,-2
2020-06-24 15:39:08.790,11475,11477,11476,1,1
2020-06-24 15:39:08.790,11475,11477,11476,2,-2
2020-06-24 15:39:08.790,11475,11477,11476,1,-1
2020-06-24 15:39:08.790,11475,11477,11476,1,-1
2020-06-24 15:39:08.814,11475,11477,11477,1,1
2020-06-24 15:39:08.888,11475,11477,11477,1,1
2020-06-24 15:39:08.964,11475,11477,11475,1,-1
2020-06-24 15:39:09.008,11475,11477,11475,3,-3
2020-06-24 15:39:09.150,11474,11476,11476,1,1
2020-06-24 15:39:09.151,11474,11476,11476,1,1
2020-06-24 15:39:09.151,11474,11476,11476,1,1
2020-06-24 15:39:09.151,11474,11476,11476,1,1
2020-06-24 15:39:09.212,11474,11476,11477,5,5
2020-06-24 15:39:09.254,11474,11476,11478,3,3
2020-06-24 15:39:09.254,11474,11476,11478,1,1
2020-06-24 15:39:09.512,11478,11479,11479,1,1
2020-06-24 15:39:09.648,11478,11480,11480,1,1
2020-06-24 15:39:09.692,11478,11480,11480,1,1
2020-06-24 15:39:09.870,11480,11481,11481,1,1
2020-06-24 15:39:09.887,11480,11481,11481,1,1
2020-06-24 15:39:10.072,11480,11482,11480,2,-2
2020-06-24 15:39:10.093,11480,11482,11480,6,-6
2020-06-24 15:39:10.093,11480,11482,11481,1,1
2020-06-24 15:39:10.164,11480,11481,11480,1,-1
2020-06-24 15:39:10.414,11479,11481,11479,1,-1
2020-06-24 15:39:10.494,11479,11481,11480,1,1
2020-06-24 15:39:10.574,11479,11480,11480,2,2
2020-06-24 15:39:10.631,11479,11480,11481,1,1
2020-06-24 15:39:10.632,11479,11480,11481,1,1
2020-06-24 15:39:10.670,11480,11482,11482,1,1
2020-06-24 15:39:10.720,11480,11482,11480,1,-1
2020-06-24 15:39:10.868,11479,11480,11480,1,1
2020-06-24 15:39:10.887,11480,11481,11481,1,1
2020-06-24 15:39:10.981,11480,11481,11481,3,3
2020-06-24 15:39:11.279,11480,11482,11483,2,2
2020-06-24 15:39:11.495,11481,11483,11481,1,-1
2020-06-24 15:39:11.512,11481,11483,11483,1,1
2020-06-24 15:39:11.735,11482,11484,11484,1,1
2020-06-24 15:39:11.753,11482,11484,11484,1,1
2020-06-24 15:39:11.762,11483,11484,11484,1,1
2020-06-24 15:39:11.878,11483,11484,11483,2,-2
2020-06-24 15:39:12.034,11483,11485,11483,1,-1
2020-06-24 15:39:12.068,11483,11485,11483,4,-4
2020-06-24 15:39:12.139,11483,11484,11483,2,-2
2020-06-24 15:39:12.262,11482,11483,11482,1,-1
2020-06-24 15:39:12.391,11481,11482,11481,1,-1
2020-06-24 15:39:12.404,11481,11482,11481,2,-2
2020-06-24 15:39:12.448,11481,11482,11480,2,-2
2020-06-24 15:39:12.468,11481,11482,11479,1,-1
2020-06-24 15:39:12.468,11481,11482,11479,2,-2
2020-06-24 15:39:12.512,11478,11479,11479,1,1
2020-06-24 15:39:12.512,11478,11479,11478,1,-1
2020-06-24 15:39:12.631,11478,11479,11478,1,-1
2020-06-24 15:39:13.477,11478,11479,11479,7,7
2020-06-24 15:39:13.477,11478,11479,11479,3,3
2020-06-24 15:39:13.478,11478,11479,11480,1,1
2020-06-24 15:39:13.480,11478,11479,11479,6,6
2020-06-24 15:39:13.484,11478,11479,11479,1,1
2020-06-24 15:39:13.764,11480,11481,11481,1,1
2020-06-24 15:39:13.803,11480,11481,11482,1,1
2020-06-24 15:39:14.438,11480,11482,11482,1,1
2020-06-24 15:39:14.440,11480,11482,11482,5,5
2020-06-24 15:39:14.665,11480,11482,11482,2,2
2020-06-24 15:39:15.149,11481,11483,11481,1,-1
2020-06-24 15:39:15.167,11481,11483,11481,1,-1
2020-06-24 15:39:15.642,11481,11482,11482,1,1
2020-06-24 15:39:16.966,11481,11482,11482,1,1
2020-06-24 15:39:17.241,11481,11483,11481,2,-2
2020-06-24 15:39:17.282,11481,11483,11481,1,-1
2020-06-24 15:39:17.282,11481,11483,11481,1,-1
2020-06-24 15:39:17.346,11481,11483,11481,1,-1
2020-06-24 15:39:17.536,11480,11482,11482,1,1
2020-06-24 15:39:17.686,11480,11482,11482,1,1
2020-06-24 15:39:18.019,11480,11482,11482,5,5
2020-06-24 15:39:18.086,11480,11482,11482,1,1
2020-06-24 15:39:18.256,11481,11482,11482,1,1
2020-06-24 15:39:18.297,11481,11483,11481,1,-1
2020-06-24 15:39:18.310,11481,11483,11480,1,-1
2020-06-24 15:39:18.596,11480,11481,11481,1,1
2020-06-24 15:39:18.802,11481,11483,11481,1,-1
2020-06-24 15:39:19.044,11482,11483,11482,1,1
2020-06-24 15:39:19.142,11482,11483,11482,1,-1
2020-06-24 15:39:19.772,11482,11483,11483,1,1
2020-06-24 15:39:19.772,11482,11483,11483,1,1
2020-06-24 15:39:21.806,11482,11484,11484,13,13
2020-06-24 15:39:21.887,11484,11485,11485,3,3
2020-06-24 15:39:22.483,11485,11486,11486,5,5
2020-06-24 15:39:23.405,11486,11487,11487,2,2
2020-06-24 15:39:23.473,11486,11487,11487,1,1
2020-06-24 15:39:23.484,11486,11487,11488,6,6
2020-06-24 15:39:23.603,11487,11488,11487,6,-6
2020-06-24 15:39:23.603,11487,11488,11487,2,-2
2020-06-24 15:39:23.604,11487,11488,11486,1,-1
2020-06-24 15:39:23.606,11487,11488,11487,2,2
2020-06-24 15:39:23.621,11487,11488,11487,1,-1
2020-06-24 15:39:23.621,11487,11488,11487,1,-1
2020-06-24 15:39:23.734,11486,11488,11486,3,-3
2020-06-24 15:39:23.735,11486,11488,11486,1,-1
2020-06-24 15:39:25.213,11486,11487,11487,1,1
2020-06-24 15:39:25.493,11486,11487,11486,1,-1
2020-06-24 15:39:25.708,11486,11487,11486,1,-1
2020-06-24 15:39:25.809,11486,11487,11486,1,-1
2020-06-24 15:39:25.823,11486,11487,11487,1,1
2020-06-24 15:39:25.856,11486,11487,11487,1,1
2020-06-24 15:39:26.894,11486,11487,11486,1,-1
2020-06-24 15:39:26.894,11486,11487,11486,1,-1
2020-06-24 15:39:27.057,11485,11487,11485,3,-3
2020-06-24 15:39:27.279,11486,11487,11486,5,5
2020-06-24 15:39:28.586,11485,11487,11486,1,-1
2020-06-24 15:39:28.982,11485,11486,11485,2,-2
2020-06-24 15:39:29.879,11485,11486,11486,1,1
2020-06-24 15:39:29.941,11485,11486,11486,8,8
2020-06-24 15:39:29.942,11485,11486,11487,1,1
2020-06-24 15:39:29.942,11485,11486,11487,3,3
2020-06-24 15:39:30.441,11487,11488,11487,1,-1
2020-06-24 15:39:30.459,11487,11488,11487,1,-1
2020-06-24 15:39:30.708,11486,11487,11486,1,-1
2020-06-24 15:39:31.940,11487,11488,11487,7,7
2020-06-24 15:39:32.377,11486,11488,11488,2,2
2020-06-24 15:39:32.885,11487,11488,11487,1,-1
2020-06-24 15:39:33.038,11486,11488,11488,1,1
2020-06-24 15:39:33.214,11486,11488,11488,1,1
2020-06-24 15:39:33.393,11486,11488,11488,1,1
2020-06-24 15:39:34.394,11487,11488,11488,1,1
2020-06-24 15:39:35.379,11487,11489,11488,1,-1
2020-06-24 15:39:35.379,11487,11489,11489,3,3
2020-06-24 15:39:35.619,11488,11490,11488,1,-1
2020-06-24 15:39:35.648,11488,11489,11488,1,-1
2020-06-24 15:39:35.757,11488,11489,11489,1,1
2020-06-24 15:39:35.794,11487,11489,11487,1,-1
2020-06-24 15:39:36.024,11487,11488,11487,1,-1
2020-06-24 15:39:36.031,11487,11488,11487,1,-1
2020-06-24 15:39:36.072,11487,11488,11487,1,-1
2020-06-24 15:39:36.720,11486,11487,11487,1,1
2020-06-24 15:39:37.527,11486,11487,11487,1,1
2020-06-24 15:39:37.605,11486,11487,11487,1,1
2020-06-24 15:39:38.267,11486,11487,11486,7,-7
2020-06-24 15:39:38.268,11486,11487,11485,4,-4
2020-06-24 15:39:38.458,11484,11485,11485,1,1
2020-06-24 15:39:38.471,11484,11485,11486,1,1
2020-06-24 15:39:40.038,11484,11486,11485,4,-4
2020-06-24 15:39:40.334,11485,11486,11486,1,1
2020-06-24 15:39:40.459,11486,11487,11487,2,2
2020-06-24 15:39:40.542,11487,11488,11488,1,1
2020-06-24 15:39:40.624,11487,11488,11487,1,-1
2020-06-24 15:39:41.384,11486,11487,11486,2,-2
2020-06-24 15:39:41.561,11485,11487,11487,1,1
2020-06-24 15:39:41.755,11486,11487,11487,1,1
2020-06-24 15:39:42.058,11486,11487,11486,1,-1
2020-06-24 15:39:42.077,11486,11487,11485,2,-2
2020-06-24 15:39:42.077,11486,11487,11485,1,-1
2020-06-24 15:39:42.163,11484,11485,11485,2,2
2020-06-24 15:39:42.289,11484,11485,11485,1,1
2020-06-24 15:39:42.289,11484,11485,11486,3,3
2020-06-24 15:39:42.391,11484,11486,11486,5,5
2020-06-24 15:39:42.477,11484,11486,11485,2,-2
2020-06-24 15:39:42.514,11484,11486,11486,2,2
2020-06-24 15:39:42.737,11484,11485,11484,1,-1
2020-06-24 15:39:42.737,11484,11485,11484,4,-4
2020-06-24 15:39:43.142,11484,11485,11485,1,1
2020-06-24 15:39:43.345,11484,11485,11484,1,-1
2020-06-24 15:39:44.253,11484,11486,11485,1,1
2020-06-24 15:39:44.385,11485,11486,11485,1,-1
2020-06-24 15:39:44.672,11485,11486,11486,1,1
2020-06-24 15:39:45.150,11485,11487,11485,1,-1
2020-06-24 15:39:45.188,11485,11487,11485,1,-1
2020-06-24 15:39:46.512,11485,11486,11485,1,-1
2020-06-24 15:39:46.512,11485,11486,11484,6,-6
2020-06-24 15:39:47.017,11484,11486,11484,4,-4
2020-06-24 15:39:47.702,11484,11485,11485,4,4
2020-06-24 15:39:47.702,11484,11485,11486,1,1
2020-06-24 15:39:48.279,11484,11485,11484,1,-1
2020-06-24 15:39:48.304,11484,11485,11485,1,1
2020-06-24 15:39:48.380,11484,11485,11484,1,-1
2020-06-24 15:39:48.651,11485,11486,11485,1,1
2020-06-24 15:39:49.867,11486,11487,11486,1,1
2020-06-24 15:39:50.342,11486,11487,11486,3,-3
2020-06-24 15:39:50.353,11486,11487,11486,2,-2
2020-06-24 15:39:50.541,11485,11487,11487,1,1
2020-06-24 15:39:51.039,11485,11487,11485,1,-1
2020-06-24 15:39:51.088,11485,11487,11487,1,1
2020-06-24 15:39:51.096,11485,11487,11485,13,-13
2020-06-24 15:39:51.097,11485,11487,11485,7,-7
2020-06-24 15:39:51.802,11484,11486,11486,4,4
2020-06-24 15:39:52.287,11485,11486,11485,1,-1
2020-06-24 15:39:52.735,11484,11485,11485,1,1
2020-06-24 15:39:54.035,11484,11485,11485,2,2
2020-06-24 15:39:54.278,11484,11485,11484,3,-3
2020-06-24 15:39:54.278,11484,11485,11483,4,-4
2020-06-24 15:39:54.279,11484,11485,11483,1,-1
2020-06-24 15:39:54.292,11484,11485,11483,2,-2
2020-06-24 15:39:54.570,11482,11483,11483,1,1
2020-06-24 15:39:54.784,11483,11484,11484,1,1
2020-06-24 15:39:55.467,11482,11484,11482,20,-20
2020-06-24 15:39:55.668,11481,11483,11483,1,1
2020-06-24 15:39:56.060,11481,11483,11483,3,3
2020-06-24 15:39:56.222,11482,11483,11482,5,-5
2020-06-24 15:39:56.762,11482,11483,11483,1,1
2020-06-24 15:39:56.987,11482,11483,11482,1,-1
2020-06-24 15:39:57.525,11481,11483,11481,1,-1
2020-06-24 15:39:58.497,11482,11483,11482,1,1
2020-06-24 15:39:58.506,11482,11483,11482,1,-1
2020-06-24 15:39:58.633,11481,11482,11482,2,2
2020-06-24 15:39:58.645,11481,11482,11482,1,1
2020-06-24 15:39:58.734,11481,11482,11482,2,2
2020-06-24 15:39:58.865,11481,11482,11481,4,-4
2020-06-24 15:39:58.865,11481,11482,11481,3,-3
2020-06-24 15:39:59.028,11480,11481,11481,1,1
2020-06-24 15:39:59.036,11480,11481,11481,3,3
2020-06-24 15:39:59.918,11482,11483,11483,1,1
2020-06-24 15:40:00.016,11482,11483,11483,1,1
2020-06-24 15:40:00.305,11482,11483,11482,2,-2
2020-06-24 15:40:00.305,11482,11483,11481,1,-1
2020-06-24 15:40:00.376,11482,11483,11481,1,-1
2020-06-24 15:40:00.427,11481,11483,11481,5,-5
2020-06-24 15:40:00.713,11481,11483,11481,1,-1
2020-06-24 15:40:00.985,11480,11482,11480,8,-8
2020-06-24 15:40:00.985,11480,11482,11480,1,-1
2020-06-24 15:40:00.990,11480,11482,11479,2,-2
2020-06-24 15:40:00.995,11480,11482,11479,2,-2
2020-06-24 15:40:01.059,11478,11479,11479,2,2
2020-06-24 15:40:01.110,11478,11479,11479,1,1
2020-06-24 15:40:01.321,11478,11479,11478,3,-3
2020-06-24 15:40:01.392,11477,11478,11477,1,-1
2020-06-24 15:40:01.394,11477,11478,11477,1,-1
2020-06-24 15:40:01.395,11477,11478,11477,1,-1
2020-06-24 15:40:01.395,11477,11478,11477,1,-1
2020-06-24 15:40:01.397,11477,11478,11477,1,-1
2020-06-24 15:40:01.399,11477,11478,11478,1,1
2020-06-24 15:40:01.399,11477,11478,11477,1,-1
2020-06-24 15:40:01.400,11477,11478,11477,1,-1
2020-06-24 15:40:01.404,11477,11478,11477,2,-2
2020-06-24 15:40:01.407,11477,11478,11476,1,-1
2020-06-24 15:40:01.461,11477,11478,11477,1,1
2020-06-24 15:40:01.578,11476,11477,11476,1,-1
2020-06-24 15:40:01.637,11476,11478,11476,7,-7
2020-06-24 15:40:01.714,11476,11478,11478,1,1
2020-06-24 15:40:01.802,11477,11479,11476,1,-1
2020-06-24 15:40:01.803,11477,11479,11476,1,-1
2020-06-24 15:40:01.803,11477,11479,11476,1,-1
2020-06-24 15:40:01.804,11477,11479,11476,1,-1
2020-06-24 15:40:01.831,11477,11479,11477,1,1
2020-06-24 15:40:01.887,11476,11477,11476,1,-1
2020-06-24 15:40:02.000,11476,11477,11476,1,-1
2020-06-24 15:40:02.278,11475,11477,11475,1,-1
2020-06-24 15:40:02.459,11475,11477,11475,2,-2
2020-06-24 15:40:02.582,11475,11477,11475,1,-1
2020-06-24 15:40:02.659,11475,11477,11476,1,1
2020-06-24 15:40:02.751,11475,11477,11476,2,-2
2020-06-24 15:40:03.092,11476,11478,11476,1,-1
2020-06-24 15:40:03.197,11476,11478,11476,1,-1
2020-06-24 15:40:03.392,11476,11478,11476,1,-1
2020-06-24 15:40:03.680,11476,11478,11476,1,-1
2020-06-24 15:40:03.853,11476,11478,11476,1,-1
2020-06-24 15:40:03.895,11476,11477,11477,1,1
2020-06-24 15:40:04.119,11476,11478,11476,1,-1
2020-06-24 15:40:04.692,11476,11478,11476,1,-1
2020-06-24 15:40:05.032,11477,11478,11477,1,1
2020-06-24 15:40:05.086,11477,11478,11476,2,-2
2020-06-24 15:40:05.121,11477,11478,11476,1,-1
2020-06-24 15:40:05.212,11476,11478,11478,1,1
2020-06-24 15:40:05.427,11477,11478,11477,1,-1
2020-06-24 15:40:05.644,11477,11478,11477,1,-1
2020-06-24 15:40:06.011,11477,11478,11478,1,1
2020-06-24 15:40:06.293,11478,11479,11478,1,-1
2020-06-24 15:40:06.366,11478,11479,11479,2,2
2020-06-24 15:40:07.103,11479,11480,11480,1,1
2020-06-24 15:40:08.004,11480,11481,11480,4,-4
2020-06-24 15:40:08.287,11478,11480,11480,1,1
2020-06-24 15:40:09.066,11480,11481,11480,2,-2
2020-06-24 15:40:09.589,11480,11481,11481,3,3
2020-06-24 15:40:09.590,11480,11481,11482,1,1
2020-06-24 15:40:09.776,11480,11482,11482,1,1
2020-06-24 15:40:10.528,11480,11482,11480,1,-1
2020-06-24 15:40:10.961,11480,11481,11480,2,-2
2020-06-24 15:40:11.099,11480,11481,11481,1,1
2020-06-24 15:40:11.099,11480,11481,11482,1,1
2020-06-24 15:40:11.563,11480,11482,11482,1,1
2020-06-24 15:40:11.765,11480,11482,11480,1,-1
2020-06-24 15:40:11.787,11480,11482,11482,1,1
2020-06-24 15:40:12.004,11481,11482,11482,1,1
2020-06-24 15:40:12.917,11480,11482,11482,1,1
2020-06-24 15:40:13.875,11480,11481,11480,1,-1
2020-06-24 15:40:14.024,11480,11481,11480,3,-3
2020-06-24 15:40:15.059,11478,11479,11479,1,1
2020-06-24 15:40:15.285,11479,11480,11479,1,-1
2020-06-24 15:40:15.303,11479,11480,11478,1,-1
2020-06-24 15:40:15.326,11479,11480,11478,1,-1
2020-06-24 15:40:16.281,11478,11480,11478,1,-1
2020-06-24 15:40:16.310,11478,11480,11478,1,-1
2020-06-24 15:40:17.057,11478,11479,11478,1,-1
2020-06-24 15:40:17.956,11478,11479,11478,2,-2
2020-06-24 15:40:17.956,11478,11479,11477,1,-1
2020-06-24 15:40:17.974,11478,11479,11478,1,1
2020-06-24 15:40:18.134,11477,11478,11478,1,1
2020-06-24 15:40:18.703,11478,11479,11478,1,-1
2020-06-24 15:40:19.760,11478,11479,11478,1,-1
2020-06-24 15:40:20.003,11478,11479,11478,1,-1
2020-06-24 15:40:20.410,11477,11479,11477,2,-2
2020-06-24 15:40:20.771,11476,11478,11478,1,1
2020-06-24 15:40:20.893,11478,11479,11479,1,1
2020-06-24 15:40:21.326,11478,11479,11478,1,-1
2020-06-24 15:40:21.326,11478,11479,11477,4,-4
2020-06-24 15:40:21.652,11477,11479,11479,1,1
2020-06-24 15:40:21.741,11477,11479,11478,3,-3
2020-06-24 15:40:22.238,11478,11479,11479,1,1
2020-06-24 15:40:22.239,11478,11479,11479,1,1
2020-06-24 15:40:22.386,11479,11480,11479,3,-3
2020-06-24 15:40:22.938,11479,11480,11480,2,2
2020-06-24 15:40:22.938,11479,11480,11480,7,7
2020-06-24 15:40:22.938,11479,11480,11480,4,4
2020-06-24 15:40:22.939,11479,11480,11480,17,17
2020-06-24 15:40:22.940,11479,11480,11481,1,1
2020-06-24 15:40:23.083,11481,11482,11482,1,1
2020-06-24 15:40:23.378,11481,11482,11481,1,-1
2020-06-24 15:40:23.548,11480,11481,11480,1,-1
2020-06-24 15:40:23.761,11480,11481,11480,1,-1
2020-06-24 15:40:24.392,11480,11482,11480,1,-1
2020-06-24 15:40:24.919,11481,11482,11482,1,1
2020-06-24 15:40:25.093,11481,11483,11483,1,1
2020-06-24 15:40:25.256,11482,11483,11483,1,1
2020-06-24 15:40:26.274,11482,11483,11482,1,-1
2020-06-24 15:40:26.406,11481,11482,11481,1,-1
2020-06-24 15:40:26.725,11480,11482,11482,2,2
2020-06-24 15:40:27.128,11481,11482,11481,1,-1
2020-06-24 15:40:27.326,11481,11483,11483,1,1
2020-06-24 15:40:27.719,11481,11483,11482,1,-1
2020-06-24 15:40:27.800,11481,11483,11483,1,1
2020-06-24 15:40:27.809,11481,11483,11481,1,-1
2020-06-24 15:40:28.069,11481,11483,11481,4,-4
2020-06-24 15:40:28.714,11481,11483,11483,1,1
2020-06-24 15:40:29.383,11482,11483,11482,1,-1
2020-06-24 15:40:30.086,11480,11482,11480,1,-1
2020-06-24 15:40:31.050,11480,11482,11482,2,2
2020-06-24 15:40:31.531,11480,11481,11480,2,-2
2020-06-24 15:40:32.123,11479,11480,11480,1,1
2020-06-24 15:40:32.149,11479,11480,11480,1,1
2020-06-24 15:40:32.215,11479,11480,11479,1,-1
2020-06-24 15:40:33.127,11480,11481,11481,1,1
2020-06-24 15:40:34.136,11480,11481,11481,1,1
2020-06-24 15:40:35.333,11481,11482,11481,1,-1
2020-06-24 15:40:35.428,11480,11482,11482,1,1
2020-06-24 15:40:35.643,11480,11482,11480,1,-1
2020-06-24 15:40:36.015,11481,11482,11481,1,1
2020-06-24 15:40:37.057,11481,11482,11482,1,1
2020-06-24 15:40:37.057,11481,11482,11482,4,4
2020-06-24 15:40:38.015,11482,11483,11482,1,-1
2020-06-24 15:40:38.237,11481,11482,11482,5,5
2020-06-24 15:40:38.294,11482,11483,11482,1,-1
2020-06-24 15:40:38.547,11481,11483,11483,1,1
2020-06-24 15:40:39.487,11481,11482,11481,1,-1
2020-06-24 15:40:40.799,11482,11483,11482,1,1
2020-06-24 15:40:42.862,11482,11483,11482,1,-1
2020-06-24 15:40:44.661,11482,11483,11482,1,-1
2020-06-24 15:40:45.188,11481,11482,11481,1,-1
2020-06-24 15:40:47.212,11482,11483,11482,5,5
2020-06-24 15:40:48.266,11482,11483,11482,1,-1
2020-06-24 15:40:49.881,11482,11483,11482,1,-1
2020-06-24 15:40:51.462,11481,11483,11481,1,-1
2020-06-24 15:40:52.574,11481,11482,11481,1,-1
2020-06-24 15:40:53.270,11480,11481,11481,1,1
2020-06-24 15:40:53.769,11481,11482,11481,1,-1
2020-06-24 15:40:55.615,11481,11482,11481,3,-3
