2025-02-17 15:00:00.022,23529,23530,23542,88,88
2025-02-17 15:00:00.023,23542,23543,23542,2,-2
2025-02-17 15:00:00.023,23542,23543,23541,1,-1
2025-02-17 15:00:00.024,23542,23543,23541,1,-1
2025-02-17 15:00:00.024,23542,23543,23540,1,-1
2025-02-17 15:00:00.024,23542,23543,23540,1,-1
2025-02-17 15:00:00.024,23542,23543,23539,1,-1
2025-02-17 15:00:00.026,23542,23543,23539,1,-1
2025-02-17 15:00:00.028,23542,23543,23538,2,-2
2025-02-17 15:00:00.033,23542,23543,23537,2,-2
2025-02-17 15:00:00.055,23537,23543,23541,2,2
2025-02-17 15:00:00.055,23537,23543,23542,1,1
2025-02-17 15:00:00.055,23537,23543,23543,1,1
2025-02-17 15:00:00.060,23537,23543,23542,1,1
2025-02-17 15:00:00.069,23537,23542,23542,1,1
2025-02-17 15:00:00.069,23537,23542,23543,1,1
2025-02-17 15:00:00.070,23537,23542,23537,1,-1
2025-02-17 15:00:00.071,23537,23542,23537,1,-1
2025-02-17 15:00:00.072,23537,23542,23537,1,-1
2025-02-17 15:00:00.074,23537,23542,23536,1,-1
2025-02-17 15:00:00.075,23537,23542,23536,1,-1
2025-02-17 15:00:00.076,23537,23542,23536,1,-1
2025-02-17 15:00:00.080,23537,23542,23542,1,1
2025-02-17 15:00:00.102,23538,23542,23542,1,1
2025-02-17 15:00:00.104,23538,23542,23543,3,3
2025-02-17 15:00:00.104,23538,23542,23544,1,1
2025-02-17 15:00:00.105,23538,23542,23541,1,1
2025-02-17 15:00:00.118,23538,23542,23544,1,1
2025-02-17 15:00:00.118,23538,23542,23544,1,1
2025-02-17 15:00:00.118,23538,23542,23544,2,2
2025-02-17 15:00:00.137,23538,23542,23544,2,2
2025-02-17 15:00:00.142,23538,23542,23542,1,1
2025-02-17 15:00:00.169,23542,23544,23542,1,-1
2025-02-17 15:00:00.169,23542,23544,23542,1,-1
2025-02-17 15:00:00.170,23542,23544,23542,1,-1
2025-02-17 15:00:00.192,23542,23544,23544,1,1
2025-02-17 15:00:00.198,23542,23544,23544,1,1
2025-02-17 15:00:00.198,23542,23544,23545,1,1
2025-02-17 15:00:00.224,23542,23544,23542,1,-1
2025-02-17 15:00:00.224,23542,23544,23546,4,4
2025-02-17 15:00:00.225,23542,23544,23543,1,1
2025-02-17 15:00:00.242,23542,23544,23542,2,-2
2025-02-17 15:00:00.245,23542,23544,23542,1,-1
2025-02-17 15:00:00.250,23542,23544,23542,1,-1
2025-02-17 15:00:00.250,23542,23544,23543,1,-1
2025-02-17 15:00:00.265,23542,23544,23546,1,1
2025-02-17 15:00:00.292,23540,23547,23540,1,-1
2025-02-17 15:00:00.292,23540,23547,23539,1,-1
2025-02-17 15:00:00.315,23540,23547,23546,3,3
2025-02-17 15:00:00.320,23540,23547,23547,1,1
2025-02-17 15:00:00.327,23540,23547,23547,1,1
2025-02-17 15:00:00.340,23540,23547,23547,1,1
2025-02-17 15:00:00.340,23540,23547,23548,4,4
2025-02-17 15:00:00.351,23540,23547,23548,1,1
2025-02-17 15:00:00.358,23540,23547,23548,4,4
2025-02-17 15:00:00.358,23540,23547,23549,1,1
2025-02-17 15:00:00.358,23540,23547,23550,5,5
2025-02-17 15:00:00.362,23540,23547,23550,1,1
2025-02-17 15:00:00.372,23540,23547,23550,1,1
2025-02-17 15:00:00.378,23540,23547,23539,2,-2
2025-02-17 15:00:00.402,23540,23547,23550,1,1
2025-02-17 15:00:00.403,23540,23547,23550,1,1
2025-02-17 15:00:00.411,23542,23550,23542,2,-2
2025-02-17 15:00:00.411,23542,23550,23550,1,1
2025-02-17 15:00:00.419,23542,23550,23550,1,1
2025-02-17 15:00:00.447,23542,23550,23550,1,1
2025-02-17 15:00:00.450,23542,23550,23550,2,2
2025-02-17 15:00:00.465,23542,23550,23550,1,1
2025-02-17 15:00:00.466,23542,23550,23550,1,1
2025-02-17 15:00:00.475,23542,23550,23550,1,1
2025-02-17 15:00:00.478,23542,23550,23549,1,1
2025-02-17 15:00:00.481,23542,23550,23549,1,1
2025-02-17 15:00:00.529,23542,23550,23549,2,2
2025-02-17 15:00:00.580,23543,23549,23549,1,1
2025-02-17 15:00:00.581,23543,23549,23549,1,1
2025-02-17 15:00:00.593,23543,23549,23544,1,-1
2025-02-17 15:00:00.619,23543,23549,23548,1,1
2025-02-17 15:00:00.667,23544,23549,23549,1,1
2025-02-17 15:00:00.688,23544,23549,23548,1,1
2025-02-17 15:00:00.708,23544,23549,23549,2,2
2025-02-17 15:00:00.737,23544,23549,23549,1,1
2025-02-17 15:00:00.786,23544,23550,23550,3,3
2025-02-17 15:00:00.863,23544,23550,23550,1,1
2025-02-17 15:00:00.863,23544,23550,23550,1,1
2025-02-17 15:00:00.877,23544,23550,23550,1,1
2025-02-17 15:00:00.895,23544,23550,23550,1,1
2025-02-17 15:00:00.898,23544,23550,23550,1,1
2025-02-17 15:00:00.907,23544,23550,23544,1,-1
2025-02-17 15:00:00.908,23544,23550,23549,1,1
2025-02-17 15:00:00.913,23544,23549,23549,1,1
2025-02-17 15:00:00.915,23544,23549,23550,3,3
2025-02-17 15:00:00.927,23544,23549,23550,3,3
2025-02-17 15:00:00.927,23544,23549,23550,5,5
2025-02-17 15:00:00.947,23544,23549,23544,1,-1
2025-02-17 15:00:00.947,23544,23549,23551,1,1
2025-02-17 15:00:00.957,23544,23549,23550,2,2
2025-02-17 15:00:00.957,23544,23549,23551,1,1
2025-02-17 15:00:00.965,23544,23549,23544,1,-1
2025-02-17 15:00:00.970,23544,23549,23547,1,1
2025-02-17 15:00:00.976,23544,23549,23547,1,1
2025-02-17 15:00:00.976,23544,23549,23551,2,2
2025-02-17 15:00:00.995,23544,23549,23551,1,1
2025-02-17 15:00:01.023,23544,23549,23551,1,1
2025-02-17 15:00:01.039,23544,23552,23544,1,-1
2025-02-17 15:00:01.039,23544,23552,23543,1,-1
2025-02-17 15:00:01.040,23544,23552,23551,1,1
2025-02-17 15:00:01.079,23544,23552,23549,1,1
2025-02-17 15:00:01.083,23544,23552,23550,1,1
2025-02-17 15:00:01.083,23544,23552,23549,2,2
2025-02-17 15:00:01.122,23544,23552,23550,1,1
2025-02-17 15:00:01.151,23544,23552,23547,1,-1
2025-02-17 15:00:01.184,23543,23546,23543,1,-1
2025-02-17 15:00:01.184,23543,23546,23547,1,1
2025-02-17 15:00:01.184,23543,23546,23549,1,1
2025-02-17 15:00:01.290,23543,23549,23543,1,-1
2025-02-17 15:00:01.330,23543,23549,23549,1,1
2025-02-17 15:00:01.347,23543,23549,23543,1,-1
2025-02-17 15:00:01.350,23543,23549,23543,1,-1
2025-02-17 15:00:01.368,23543,23549,23545,2,-2
2025-02-17 15:00:01.368,23543,23549,23550,2,2
2025-02-17 15:00:01.371,23543,23549,23544,1,-1
2025-02-17 15:00:01.373,23543,23549,23550,1,1
2025-02-17 15:00:01.373,23543,23549,23548,1,1
2025-02-17 15:00:01.388,23543,23549,23550,1,1
2025-02-17 15:00:01.399,23543,23549,23551,1,1
2025-02-17 15:00:01.418,23543,23551,23551,1,1
2025-02-17 15:00:01.867,23543,23550,23543,1,-1
2025-02-17 15:00:02.014,23543,23550,23550,1,1
2025-02-17 15:00:02.014,23543,23550,23551,2,2
2025-02-17 15:00:02.053,23543,23552,23543,1,-1
2025-02-17 15:00:02.058,23543,23552,23542,1,-1
2025-02-17 15:00:02.182,23543,23550,23545,1,-1
2025-02-17 15:00:02.443,23543,23547,23543,1,-1
2025-02-17 15:00:02.526,23543,23547,23542,1,-1
2025-02-17 15:00:02.553,23540,23547,23547,1,1
2025-02-17 15:00:02.595,23540,23547,23546,1,1
2025-02-17 15:00:03.207,23542,23546,23542,1,-1
2025-02-17 15:00:03.317,23542,23546,23542,1,-1
2025-02-17 15:00:03.411,23542,23546,23544,1,-1
2025-02-17 15:00:03.422,23542,23546,23542,1,-1
2025-02-17 15:00:03.447,23542,23546,23546,1,1
2025-02-17 15:00:03.478,23542,23546,23546,1,1
2025-02-17 15:00:04.161,23542,23546,23542,7,-7
2025-02-17 15:00:04.225,23542,23546,23542,1,-1
2025-02-17 15:00:04.441,23539,23543,23539,1,-1
2025-02-17 15:00:04.443,23539,23543,23539,1,-1
2025-02-17 15:00:04.594,23538,23542,23542,1,1
2025-02-17 15:00:05.277,23539,23543,23539,1,-1
2025-02-17 15:00:07.640,23542,23543,23542,1,-1
2025-02-17 15:00:08.443,23540,23542,23540,2,-2
2025-02-17 15:00:09.226,23538,23542,23540,1,-1
2025-02-17 15:00:09.402,23538,23542,23540,1,-1
2025-02-17 15:00:10.431,23540,23542,23540,1,-1
2025-02-17 15:00:10.823,23538,23542,23538,1,-1
2025-02-17 15:00:11.528,23538,23540,23540,1,1
2025-02-17 15:00:11.771,23538,23542,23542,1,1
2025-02-17 15:00:13.823,23540,23542,23540,2,-2
2025-02-17 15:00:13.827,23540,23542,23541,4,-4
2025-02-17 15:00:15.914,23539,23542,23542,2,2
2025-02-17 15:00:15.915,23539,23542,23542,2,2
2025-02-17 15:00:15.917,23539,23542,23542,2,2
2025-02-17 15:00:15.918,23539,23542,23542,1,1
2025-02-17 15:00:15.919,23539,23542,23542,1,1
2025-02-17 15:00:15.920,23539,23542,23542,1,1
2025-02-17 15:00:17.097,23540,23543,23543,4,4
2025-02-17 15:00:17.098,23540,23543,23544,2,2
2025-02-17 15:00:17.098,23540,23543,23544,1,1
2025-02-17 15:00:17.098,23540,23543,23544,3,3
2025-02-17 15:00:17.099,23540,23543,23545,5,5
2025-02-17 15:00:17.252,23543,23546,23546,13,13
2025-02-17 15:00:17.508,23545,23547,23546,2,2
2025-02-17 15:00:17.711,23545,23546,23545,1,-1
2025-02-17 15:00:18.657,23542,23546,23546,1,1
2025-02-17 15:00:18.798,23545,23548,23548,1,1
2025-02-17 15:00:19.569,23543,23546,23543,1,-1
2025-02-17 15:00:20.001,23541,23545,23545,1,1
2025-02-17 15:00:20.002,23541,23545,23546,1,1
2025-02-17 15:00:20.003,23541,23545,23547,1,1
2025-02-17 15:00:20.078,23546,23548,23548,1,1
2025-02-17 15:00:20.388,23546,23548,23545,2,-2
2025-02-17 15:00:20.741,23542,23544,23544,2,2
2025-02-17 15:00:20.813,23543,23546,23544,2,-2
2025-02-17 15:00:20.814,23543,23546,23544,1,-1
2025-02-17 15:00:20.815,23543,23546,23544,1,-1
2025-02-17 15:00:20.971,23543,23546,23545,1,1
2025-02-17 15:00:21.152,23543,23546,23545,1,1
2025-02-17 15:00:21.565,23545,23548,23548,1,1
2025-02-17 15:00:22.022,23545,23548,23545,2,-2
2025-02-17 15:00:22.271,23544,23546,23544,1,-1
2025-02-17 15:00:22.271,23544,23546,23545,1,-1
2025-02-17 15:00:22.305,23544,23548,23545,2,-2
2025-02-17 15:00:22.305,23544,23548,23545,1,-1
2025-02-17 15:00:22.649,23543,23547,23542,2,-2
2025-02-17 15:00:22.649,23543,23547,23541,1,-1
2025-02-17 15:00:24.940,23541,23544,23541,1,-1
2025-02-17 15:00:24.966,23541,23544,23543,1,1
2025-02-17 15:00:27.004,23540,23544,23544,1,1
2025-02-17 15:00:27.282,23541,23544,23541,2,-2
2025-02-17 15:00:27.910,23542,23544,23542,1,-1
2025-02-17 15:00:28.399,23541,23543,23543,1,1
2025-02-17 15:00:28.400,23541,23543,23544,1,1
2025-02-17 15:00:28.537,23542,23545,23542,1,-1
2025-02-17 15:00:29.788,23541,23544,23544,4,4
2025-02-17 15:00:29.789,23541,23544,23544,1,1
2025-02-17 15:00:30.373,23542,23543,23543,1,1
2025-02-17 15:00:30.373,23542,23543,23544,1,1
2025-02-17 15:00:30.863,23542,23544,23542,2,-2
2025-02-17 15:00:30.863,23542,23544,23541,3,-3
2025-02-17 15:00:30.863,23542,23544,23541,1,-1
2025-02-17 15:00:30.976,23539,23542,23540,1,-1
2025-02-17 15:00:31.004,23539,23542,23542,6,6
2025-02-17 15:00:31.004,23539,23542,23542,6,6
2025-02-17 15:00:31.004,23539,23542,23542,1,1
2025-02-17 15:00:32.077,23541,23542,23541,2,-2
2025-02-17 15:00:33.554,23541,23542,23542,1,1
2025-02-17 15:00:34.358,23541,23542,23541,1,-1
2025-02-17 15:00:36.012,23539,23543,23543,8,8
2025-02-17 15:00:36.012,23539,23543,23544,2,2
2025-02-17 15:00:36.563,23541,23544,23541,1,-1
2025-02-17 15:00:37.547,23542,23545,23542,1,-1
2025-02-17 15:00:38.251,23543,23545,23543,1,-1
2025-02-17 15:00:38.349,23543,23545,23543,1,-1
2025-02-17 15:00:40.228,23541,23544,23544,1,1
2025-02-17 15:00:41.614,23541,23544,23544,1,1
2025-02-17 15:00:41.641,23541,23544,23544,1,1
2025-02-17 15:00:41.864,23543,23545,23544,2,2
2025-02-17 15:00:42.249,23543,23545,23543,1,-1
2025-02-17 15:00:42.801,23543,23545,23543,1,-1
2025-02-17 15:00:46.502,23541,23542,23542,1,1
2025-02-17 15:00:48.095,23541,23543,23543,1,1
2025-02-17 15:00:48.252,23541,23543,23543,1,1
2025-02-17 15:00:48.253,23541,23543,23543,5,5
2025-02-17 15:00:48.254,23541,23543,23544,2,2
2025-02-17 15:00:48.255,23541,23543,23544,1,1
2025-02-17 15:00:48.256,23541,23543,23544,1,1
2025-02-17 15:00:49.581,23543,23545,23544,1,1
2025-02-17 15:00:49.715,23543,23545,23543,1,-1
2025-02-17 15:00:50.012,23543,23545,23543,1,-1
2025-02-17 15:00:50.012,23543,23545,23542,3,-3
2025-02-17 15:00:50.319,23541,23544,23544,2,2
2025-02-17 15:00:50.614,23541,23544,23541,4,-4
2025-02-17 15:00:50.914,23540,23544,23544,1,1
2025-02-17 15:00:55.625,23540,23544,23544,1,1
2025-02-17 15:00:57.869,23542,23544,23544,4,4
2025-02-17 15:00:57.870,23542,23544,23544,1,1
2025-02-17 15:00:57.871,23542,23544,23544,1,1
2025-02-17 15:00:57.951,23543,23544,23543,1,-1
2025-02-17 15:00:57.995,23543,23544,23544,1,1
2025-02-17 15:00:57.995,23543,23544,23545,3,3
2025-02-17 15:00:58.013,23543,23544,23545,1,1
2025-02-17 15:00:58.013,23543,23544,23546,3,3
2025-02-17 15:00:58.022,23543,23544,23544,1,1
2025-02-17 15:00:59.902,23543,23544,23544,1,1
2025-02-17 15:00:59.902,23543,23544,23544,1,1
2025-02-17 15:00:59.986,23543,23546,23546,1,1
2025-02-17 15:01:00.014,23543,23546,23546,1,1
2025-02-17 15:01:00.014,23543,23546,23547,2,2
2025-02-17 15:01:00.044,23544,23547,23547,1,1
2025-02-17 15:01:00.054,23544,23547,23548,4,4
2025-02-17 15:01:00.054,23544,23547,23547,1,1
2025-02-17 15:01:00.061,23544,23547,23546,2,2
2025-02-17 15:01:00.067,23544,23547,23548,1,1
2025-02-17 15:01:00.070,23544,23547,23548,2,2
2025-02-17 15:01:00.130,23544,23547,23549,1,1
2025-02-17 15:01:00.135,23544,23547,23549,1,1
2025-02-17 15:01:00.145,23544,23547,23549,3,3
2025-02-17 15:01:00.152,23544,23547,23549,1,1
2025-02-17 15:01:00.153,23544,23547,23549,2,2
2025-02-17 15:01:00.153,23544,23547,23550,1,1
2025-02-17 15:01:00.189,23548,23550,23548,1,-1
2025-02-17 15:01:00.190,23548,23550,23548,1,-1
2025-02-17 15:01:00.461,23544,23547,23549,3,3
2025-02-17 15:01:00.461,23544,23547,23547,3,3
2025-02-17 15:01:00.461,23544,23547,23548,5,5
2025-02-17 15:01:00.462,23544,23547,23547,1,1
2025-02-17 15:01:00.463,23544,23547,23546,1,1
2025-02-17 15:01:00.782,23545,23548,23545,1,-1
2025-02-17 15:01:01.128,23544,23548,23548,1,1
2025-02-17 15:01:01.163,23544,23548,23544,1,-1
2025-02-17 15:01:01.488,23543,23546,23546,1,1
2025-02-17 15:01:01.562,23543,23546,23546,1,1
2025-02-17 15:01:02.433,23543,23547,23547,1,1
2025-02-17 15:01:03.783,23543,23544,23544,1,1
2025-02-17 15:01:03.783,23543,23544,23544,2,2
2025-02-17 15:01:03.969,23544,23546,23546,1,1
2025-02-17 15:01:03.969,23544,23546,23547,2,2
2025-02-17 15:01:04.098,23545,23548,23548,1,1
2025-02-17 15:01:04.823,23545,23548,23545,1,-1
2025-02-17 15:01:05.958,23547,23549,23547,3,-3
2025-02-17 15:01:07.249,23546,23547,23547,1,1
2025-02-17 15:01:07.344,23546,23549,23546,1,-1
2025-02-17 15:01:07.493,23546,23549,23549,3,3
2025-02-17 15:01:07.750,23546,23549,23546,2,-2
2025-02-17 15:01:07.837,23546,23548,23546,1,-1
2025-02-17 15:01:07.860,23546,23548,23545,1,-1
2025-02-17 15:01:07.880,23546,23548,23545,1,-1
2025-02-17 15:01:07.889,23546,23548,23545,1,-1
2025-02-17 15:01:07.890,23546,23548,23545,1,-1
2025-02-17 15:01:08.443,23544,23547,23547,1,1
2025-02-17 15:01:10.679,23544,23547,23544,1,-1
2025-02-17 15:01:13.129,23545,23546,23546,1,1
2025-02-17 15:01:14.348,23546,23547,23546,1,-1
2025-02-17 15:01:14.348,23546,23547,23545,5,-5
2025-02-17 15:01:14.348,23546,23547,23544,4,-4
2025-02-17 15:01:14.853,23543,23546,23545,1,1
2025-02-17 15:01:15.505,23542,23546,23545,1,1
2025-02-17 15:01:18.618,23544,23546,23544,1,-1
2025-02-17 15:01:20.844,23544,23545,23545,2,2
2025-02-17 15:01:20.844,23544,23545,23546,2,2
2025-02-17 15:01:20.913,23545,23546,23545,1,-1
2025-02-17 15:01:20.914,23545,23546,23544,1,-1
2025-02-17 15:01:22.328,23543,23545,23543,1,-1
2025-02-17 15:01:22.468,23543,23545,23543,1,-1
2025-02-17 15:01:22.815,23542,23544,23544,1,1
2025-02-17 15:01:22.878,23542,23544,23543,1,1
2025-02-17 15:01:23.278,23543,23545,23543,1,-1
2025-02-17 15:01:23.280,23543,23545,23542,1,-1
2025-02-17 15:01:23.280,23543,23545,23542,1,-1
2025-02-17 15:01:23.585,23541,23543,23541,2,-2
2025-02-17 15:01:25.611,23540,23542,23540,16,-16
2025-02-17 15:01:25.612,23540,23542,23539,1,-1
2025-02-17 15:01:25.714,23538,23540,23538,1,-1
2025-02-17 15:01:25.848,23538,23540,23540,3,3
2025-02-17 15:01:25.849,23538,23540,23540,2,2
2025-02-17 15:01:25.850,23538,23540,23540,1,1
2025-02-17 15:01:28.027,23540,23542,23542,3,3
2025-02-17 15:01:29.964,23540,23542,23542,2,2
2025-02-17 15:01:30.963,23541,23543,23541,1,-1
2025-02-17 15:01:31.325,23541,23542,23541,1,-1
2025-02-17 15:01:32.494,23541,23543,23542,1,-1
2025-02-17 15:01:32.495,23541,23543,23543,1,1
2025-02-17 15:01:32.568,23543,23544,23543,2,-2
2025-02-17 15:01:37.065,23541,23545,23545,1,1
2025-02-17 15:01:40.590,23542,23544,23544,2,2
2025-02-17 15:01:41.376,23542,23544,23544,1,1
2025-02-17 15:01:41.377,23542,23544,23544,1,1
2025-02-17 15:01:42.078,23542,23544,23544,1,1
2025-02-17 15:01:44.021,23542,23544,23542,1,-1
2025-02-17 15:01:45.454,23542,23544,23542,1,-1
2025-02-17 15:01:47.314,23541,23542,23542,1,1
2025-02-17 15:01:47.314,23541,23542,23542,1,1
2025-02-17 15:01:50.228,23541,23543,23541,1,-1
2025-02-17 15:01:50.906,23540,23542,23541,1,-1
2025-02-17 15:01:51.903,23540,23542,23542,4,4
2025-02-17 15:02:00.055,23541,23543,23543,1,1
2025-02-17 15:02:00.550,23541,23543,23543,1,1
2025-02-17 15:02:02.762,23541,23542,23542,1,1
2025-02-17 15:02:02.978,23541,23543,23541,4,-4
2025-02-17 15:02:03.049,23540,23543,23540,4,-4
2025-02-17 15:02:03.050,23540,23543,23540,1,-1
2025-02-17 15:02:03.090,23540,23543,23540,2,-2
2025-02-17 15:02:03.091,23540,23543,23539,1,-1
2025-02-17 15:02:03.091,23540,23543,23539,1,-1
2025-02-17 15:02:03.099,23540,23543,23538,2,-2
2025-02-17 15:02:04.402,23540,23541,23540,1,-1
2025-02-17 15:02:06.705,23538,23540,23538,1,-1
2025-02-17 15:02:08.741,23539,23540,23539,2,-2
2025-02-17 15:02:11.525,23539,23540,23539,1,-1
2025-02-17 15:02:12.799,23539,23540,23539,1,-1
2025-02-17 15:02:14.904,23539,23540,23540,4,4
2025-02-17 15:02:14.952,23540,23542,23540,1,-1
2025-02-17 15:02:14.964,23540,23542,23540,1,-1
2025-02-17 15:02:17.765,23541,23542,23542,2,2
2025-02-17 15:02:20.632,23540,23542,23542,1,1
2025-02-17 15:02:21.786,23541,23543,23543,4,4
2025-02-17 15:02:22.081,23541,23543,23543,1,1
2025-02-17 15:02:24.087,23542,23543,23542,1,-1
2025-02-17 15:02:28.881,23539,23541,23542,2,2
2025-02-17 15:02:28.881,23539,23541,23541,1,1
2025-02-17 15:02:31.443,23539,23542,23541,1,1
2025-02-17 15:02:33.817,23539,23541,23541,1,1
2025-02-17 15:02:35.273,23539,23542,23542,1,1
2025-02-17 15:02:35.632,23539,23542,23542,1,1
2025-02-17 15:02:38.319,23539,23542,23542,1,1
2025-02-17 15:02:43.614,23539,23541,23539,1,-1
2025-02-17 15:02:47.661,23540,23541,23541,1,1
2025-02-17 15:02:47.661,23540,23541,23541,1,1
2025-02-17 15:02:50.973,23541,23542,23541,1,-1
2025-02-17 15:02:51.097,23540,23542,23540,1,-1
2025-02-17 15:02:51.097,23540,23542,23540,1,-1
2025-02-17 15:02:51.097,23540,23542,23540,2,-2
2025-02-17 15:02:51.097,23540,23542,23540,2,-2
2025-02-17 15:02:51.097,23540,23542,23540,5,-5
2025-02-17 15:02:51.097,23540,23542,23540,2,-2
2025-02-17 15:02:52.623,23540,23542,23540,2,-2
2025-02-17 15:02:55.645,23539,23540,23540,1,1
2025-02-17 15:02:57.515,23539,23540,23539,1,-1
2025-02-17 15:03:00.042,23538,23540,23540,3,3
2025-02-17 15:03:00.042,23538,23540,23541,3,3
2025-02-17 15:03:00.043,23538,23540,23542,3,3
2025-02-17 15:03:00.043,23538,23540,23541,4,4
2025-02-17 15:03:00.049,23538,23540,23542,2,2
2025-02-17 15:03:00.049,23538,23540,23543,1,1
2025-02-17 15:03:00.061,23538,23540,23543,6,6
2025-02-17 15:03:00.071,23538,23540,23541,1,1
2025-02-17 15:03:00.145,23538,23540,23543,2,2
2025-02-17 15:03:00.145,23538,23540,23544,4,4
2025-02-17 15:03:00.155,23538,23540,23544,3,3
2025-02-17 15:03:00.157,23538,23540,23544,1,1
2025-02-17 15:03:00.171,23543,23545,23545,3,3
2025-02-17 15:03:00.183,23543,23545,23545,3,3
2025-02-17 15:03:00.183,23543,23545,23545,1,1
2025-02-17 15:03:00.184,23543,23545,23545,2,2
2025-02-17 15:03:00.184,23543,23545,23545,1,1
2025-02-17 15:03:00.201,23543,23545,23546,3,3
2025-02-17 15:03:00.201,23543,23545,23546,2,2
2025-02-17 15:03:00.542,23543,23546,23543,1,-1
2025-02-17 15:03:00.728,23542,23545,23542,1,-1
2025-02-17 15:03:02.249,23541,23543,23541,1,-1
2025-02-17 15:03:02.830,23541,23543,23541,1,-1
2025-02-17 15:03:04.259,23540,23543,23543,1,1
2025-02-17 15:03:07.677,23540,23543,23543,1,1
2025-02-17 15:03:08.145,23540,23543,23543,3,3
2025-02-17 15:03:08.479,23541,23543,23541,4,-4
2025-02-17 15:03:08.488,23541,23543,23541,1,-1
2025-02-17 15:03:11.537,23540,23543,23543,1,1
2025-02-17 15:03:11.992,23540,23544,23540,1,-1
2025-02-17 15:03:18.599,23540,23541,23540,1,-1
2025-02-17 15:03:24.032,23539,23540,23539,1,-1
2025-02-17 15:03:24.498,23539,23540,23540,1,1
2025-02-17 15:03:28.209,23539,23540,23539,1,-1
2025-02-17 15:03:28.210,23539,23540,23539,3,-3
2025-02-17 15:03:34.966,23538,23539,23539,1,1
2025-02-17 15:03:34.967,23538,23539,23540,1,1
2025-02-17 15:03:34.967,23538,23539,23540,3,3
2025-02-17 15:03:34.968,23538,23539,23541,4,4
2025-02-17 15:03:34.968,23538,23539,23541,2,2
2025-02-17 15:03:34.968,23538,23539,23541,1,1
2025-02-17 15:03:35.069,23541,23544,23541,1,-1
2025-02-17 15:03:38.290,23540,23543,23543,2,2
2025-02-17 15:03:41.500,23541,23543,23543,1,1
2025-02-17 15:03:41.799,23541,23543,23541,2,-2
2025-02-17 15:03:47.520,23541,23543,23541,1,-1
2025-02-17 15:03:49.652,23542,23543,23543,1,1
2025-02-17 15:03:50.822,23542,23543,23542,1,-1
2025-02-17 15:03:52.896,23541,23543,23543,1,1
2025-02-17 15:04:00.344,23540,23542,23540,1,-1
2025-02-17 15:04:01.010,23539,23542,23539,1,-1
2025-02-17 15:04:12.994,23540,23542,23540,1,-1
2025-02-17 15:04:13.137,23539,23541,23539,2,-2
2025-02-17 15:04:13.629,23539,23540,23539,1,-1
2025-02-17 15:04:13.629,23539,23540,23539,1,-1
2025-02-17 15:04:13.629,23539,23540,23539,6,-6
2025-02-17 15:04:17.007,23538,23540,23538,5,-5
2025-02-17 15:04:17.007,23538,23540,23538,3,-3
2025-02-17 15:04:18.759,23536,23538,23538,4,4
2025-02-17 15:04:18.759,23536,23538,23539,1,1
2025-02-17 15:04:20.079,23536,23540,23536,2,-2
2025-02-17 15:04:20.172,23536,23539,23536,3,-3
2025-02-17 15:04:23.229,23536,23539,23536,1,-1
2025-02-17 15:04:24.883,23537,23538,23537,1,-1
2025-02-17 15:04:25.289,23536,23538,23536,1,-1
2025-02-17 15:04:28.783,23536,23538,23538,1,1
2025-02-17 15:04:29.459,23536,23538,23536,1,-1
2025-02-17 15:04:30.638,23536,23537,23536,1,-1
2025-02-17 15:04:30.639,23536,23537,23536,2,-2
2025-02-17 15:04:35.796,23536,23537,23536,1,-1
2025-02-17 15:04:37.925,23535,23537,23537,4,4
2025-02-17 15:04:37.925,23535,23537,23538,1,1
2025-02-17 15:04:47.729,23535,23537,23535,7,-7
2025-02-17 15:04:49.404,23534,23535,23535,1,1
2025-02-17 15:04:49.854,23534,23535,23534,10,-10
2025-02-17 15:04:51.863,23534,23535,23535,4,4
2025-02-17 15:04:51.863,23534,23535,23536,1,1
2025-02-17 15:04:55.328,23534,23536,23534,1,-1
2025-02-17 15:04:55.328,23534,23536,23533,5,-5
2025-02-17 15:04:55.329,23534,23536,23533,1,-1
2025-02-17 15:04:55.887,23532,23533,23532,3,-3
2025-02-17 15:04:55.888,23532,23533,23532,1,-1
2025-02-17 15:04:55.888,23532,23533,23532,1,-1
2025-02-17 15:04:56.623,23532,23533,23532,1,-1
2025-02-17 15:04:59.625,23532,23533,23532,1,-1
2025-02-17 15:05:00.492,23532,23533,23532,1,-1
2025-02-17 15:05:00.492,23532,23533,23532,2,-2
2025-02-17 15:05:07.339,23531,23532,23531,2,-2
2025-02-17 15:05:07.339,23531,23532,23531,1,-1
2025-02-17 15:05:08.584,23530,23532,23530,4,-4
2025-02-17 15:05:10.438,23530,23532,23530,1,-1
2025-02-17 15:05:11.408,23530,23532,23532,1,1
2025-02-17 15:05:11.408,23530,23532,23532,1,1
2025-02-17 15:05:11.530,23531,23533,23532,1,1
2025-02-17 15:05:11.530,23531,23533,23533,2,2
2025-02-17 15:05:12.172,23531,23533,23531,2,-2
2025-02-17 15:05:12.172,23531,23533,23530,1,-1
2025-02-17 15:05:17.866,23531,23532,23531,1,-1
2025-02-17 15:05:20.341,23530,23531,23530,1,-1
2025-02-17 15:05:20.341,23530,23531,23530,1,-1
2025-02-17 15:05:20.342,23530,23531,23530,1,-1
2025-02-17 15:05:20.342,23530,23531,23530,2,-2
2025-02-17 15:05:20.413,23528,23530,23530,1,1
2025-02-17 15:05:20.415,23528,23530,23531,1,1
2025-02-17 15:05:23.451,23528,23530,23528,2,-2
2025-02-17 15:05:25.248,23527,23530,23530,1,1
2025-02-17 15:05:26.921,23528,23531,23528,3,-3
2025-02-17 15:05:27.119,23527,23528,23528,1,1
2025-02-17 15:05:28.106,23527,23528,23528,1,1
2025-02-17 15:05:32.909,23527,23528,23528,3,3
2025-02-17 15:05:33.229,23527,23528,23527,1,-1
2025-02-17 15:05:34.205,23527,23528,23527,1,-1
2025-02-17 15:05:35.064,23527,23528,23528,1,1
2025-02-17 15:05:35.064,23527,23528,23528,1,1
2025-02-17 15:05:35.064,23527,23528,23528,1,1
2025-02-17 15:05:35.064,23527,23528,23528,3,3
2025-02-17 15:05:35.064,23527,23528,23528,2,2
2025-02-17 15:05:35.064,23527,23528,23528,2,2
2025-02-17 15:05:35.094,23527,23528,23528,1,1
2025-02-17 15:05:36.830,23528,23529,23529,1,1
2025-02-17 15:05:36.975,23529,23530,23530,1,1
2025-02-17 15:05:36.975,23529,23530,23530,2,2
2025-02-17 15:05:39.658,23530,23531,23531,2,2
2025-02-17 15:05:39.658,23530,23531,23531,1,1
2025-02-17 15:05:40.373,23531,23532,23531,1,-1
2025-02-17 15:05:40.373,23531,23532,23530,1,-1
2025-02-17 15:05:41.500,23530,23532,23530,1,-1
2025-02-17 15:05:48.088,23530,23531,23531,2,2
2025-02-17 15:05:48.203,23530,23532,23531,3,3
2025-02-17 15:05:51.267,23530,23532,23531,1,1
2025-02-17 15:05:51.554,23530,23532,23531,1,1
2025-02-17 15:05:53.863,23530,23532,23532,1,1
2025-02-17 15:05:55.083,23531,23532,23532,1,1
2025-02-17 15:05:58.213,23531,23532,23532,1,1
2025-02-17 15:05:59.104,23531,23532,23532,2,2
2025-02-17 15:05:59.865,23532,23533,23532,1,-1
2025-02-17 15:06:00.863,23532,23533,23533,1,1
2025-02-17 15:06:04.795,23532,23533,23532,1,-1
2025-02-17 15:06:06.660,23531,23533,23531,1,-1
2025-02-17 15:06:16.282,23531,23532,23531,1,-1
2025-02-17 15:06:20.101,23531,23532,23532,1,1
2025-02-17 15:06:24.915,23532,23533,23532,2,-2
2025-02-17 15:06:24.915,23532,23533,23531,1,-1
2025-02-17 15:06:38.155,23532,23533,23533,1,1
2025-02-17 15:06:38.156,23532,23533,23533,1,1
2025-02-17 15:06:38.156,23532,23533,23533,1,1
2025-02-17 15:06:38.156,23532,23533,23533,1,1
2025-02-17 15:06:42.059,23532,23533,23533,1,1
2025-02-17 15:06:47.792,23533,23534,23534,2,2
2025-02-17 15:06:51.929,23534,23535,23535,2,2
2025-02-17 15:06:57.918,23535,23536,23536,1,1
2025-02-17 15:06:57.918,23535,23536,23536,2,2
2025-02-17 15:06:57.919,23535,23536,23536,1,1
2025-02-17 15:07:00.401,23536,23537,23537,1,1
2025-02-17 15:07:02.983,23535,23537,23537,1,1
2025-02-17 15:07:07.151,23536,23537,23537,1,1
2025-02-17 15:07:07.534,23536,23537,23537,1,1
2025-02-17 15:07:10.181,23536,23537,23537,1,1
2025-02-17 15:07:10.181,23536,23537,23537,3,3
2025-02-17 15:07:13.279,23537,23539,23539,1,1
2025-02-17 15:07:14.677,23537,23539,23537,2,-2
2025-02-17 15:07:22.880,23537,23539,23537,2,-2
2025-02-17 15:07:22.880,23537,23539,23537,1,-1
2025-02-17 15:07:22.901,23537,23539,23535,1,-1
2025-02-17 15:07:32.160,23534,23538,23534,1,-1
2025-02-17 15:07:32.614,23535,23538,23538,1,1
2025-02-17 15:07:32.652,23535,23538,23538,2,2
2025-02-17 15:07:32.652,23535,23538,23539,3,3
2025-02-17 15:07:32.746,23537,23539,23539,1,1
2025-02-17 15:07:32.750,23537,23539,23539,1,1
2025-02-17 15:07:32.768,23537,23539,23540,1,1
2025-02-17 15:07:32.769,23537,23539,23540,3,3
2025-02-17 15:07:32.783,23537,23539,23542,1,1
2025-02-17 15:07:32.794,23541,23542,23542,1,1
2025-02-17 15:07:32.795,23541,23542,23542,1,1
2025-02-17 15:07:32.795,23541,23542,23542,1,1
2025-02-17 15:07:32.798,23541,23542,23543,2,2
2025-02-17 15:07:32.799,23541,23542,23544,1,1
2025-02-17 15:07:33.480,23541,23543,23543,1,1
2025-02-17 15:07:33.589,23541,23544,23544,1,1
2025-02-17 15:07:33.610,23541,23544,23544,1,1
2025-02-17 15:07:33.640,23541,23544,23544,1,1
2025-02-17 15:07:33.646,23541,23544,23545,1,1
2025-02-17 15:07:34.037,23543,23546,23546,1,1
2025-02-17 15:07:34.200,23543,23546,23546,1,1
2025-02-17 15:07:34.968,23541,23544,23544,1,1
2025-02-17 15:07:36.925,23543,23544,23544,1,1
2025-02-17 15:07:37.106,23543,23546,23546,1,1
2025-02-17 15:07:37.107,23543,23546,23544,1,-1
2025-02-17 15:07:37.108,23543,23546,23544,2,-2
2025-02-17 15:07:38.702,23543,23545,23543,1,-1
2025-02-17 15:07:42.513,23543,23545,23543,1,-1
2025-02-17 15:07:42.517,23543,23545,23542,2,-2
2025-02-17 15:07:44.374,23540,23542,23542,1,1
2025-02-17 15:07:44.432,23541,23543,23541,1,-1
2025-02-17 15:07:45.595,23539,23543,23543,1,1
2025-02-17 15:07:47.923,23541,23543,23543,1,1
2025-02-17 15:07:48.593,23543,23545,23543,1,-1
2025-02-17 15:07:49.894,23544,23545,23544,1,-1
2025-02-17 15:07:49.942,23544,23545,23545,1,1
2025-02-17 15:07:51.844,23543,23544,23543,1,-1
2025-02-17 15:07:51.876,23543,23544,23543,2,-2
2025-02-17 15:07:53.714,23542,23544,23542,1,-1
2025-02-17 15:08:02.434,23542,23544,23542,1,-1
2025-02-17 15:08:06.662,23542,23544,23542,1,-1
2025-02-17 15:08:07.193,23542,23543,23543,1,1
2025-02-17 15:08:07.553,23542,23543,23542,1,-1
2025-02-17 15:08:07.615,23542,23543,23542,1,-1
2025-02-17 15:08:12.699,23542,23543,23542,1,-1
2025-02-17 15:08:12.789,23542,23543,23543,2,2
2025-02-17 15:08:16.294,23543,23544,23543,1,-1
2025-02-17 15:08:25.683,23543,23544,23544,1,1
2025-02-17 15:08:25.683,23543,23544,23545,1,1
2025-02-17 15:08:29.739,23543,23544,23544,1,1
2025-02-17 15:08:29.739,23543,23544,23545,1,1
2025-02-17 15:08:30.730,23543,23545,23545,1,1
2025-02-17 15:08:30.730,23543,23545,23546,6,6
2025-02-17 15:08:30.730,23543,23545,23547,3,3
2025-02-17 15:08:30.739,23543,23545,23546,1,1
2025-02-17 15:08:31.649,23545,23548,23547,5,5
2025-02-17 15:08:31.649,23545,23548,23548,4,4
2025-02-17 15:08:31.649,23545,23548,23549,1,1
2025-02-17 15:08:32.523,23546,23549,23549,9,9
2025-02-17 15:08:32.523,23546,23549,23550,1,1
2025-02-17 15:08:32.558,23548,23550,23550,3,3
2025-02-17 15:08:33.386,23548,23550,23548,2,-2
2025-02-17 15:08:33.491,23547,23549,23549,1,1
2025-02-17 15:08:33.491,23547,23549,23550,9,9
2025-02-17 15:08:35.087,23548,23550,23549,1,1
2025-02-17 15:08:35.637,23549,23550,23550,1,1
2025-02-17 15:08:35.802,23549,23550,23549,1,-1
2025-02-17 15:08:35.930,23548,23550,23550,1,1
2025-02-17 15:08:37.199,23549,23550,23550,1,1
2025-02-17 15:08:38.569,23549,23550,23550,1,1
2025-02-17 15:08:38.569,23549,23550,23551,1,1
2025-02-17 15:08:38.571,23549,23550,23551,2,2
2025-02-17 15:08:38.699,23549,23551,23551,1,1
2025-02-17 15:08:38.761,23549,23551,23551,1,1
2025-02-17 15:08:38.872,23549,23551,23551,3,3
2025-02-17 15:08:38.872,23549,23551,23552,8,8
2025-02-17 15:08:38.873,23549,23551,23552,1,1
2025-02-17 15:08:38.874,23549,23551,23552,1,1
2025-02-17 15:08:38.874,23549,23551,23551,3,3
2025-02-17 15:08:38.906,23549,23551,23551,1,1
2025-02-17 15:08:38.937,23550,23552,23552,2,2
2025-02-17 15:08:38.937,23550,23552,23553,12,12
2025-02-17 15:08:38.937,23550,23552,23554,1,1
2025-02-17 15:08:38.946,23550,23552,23554,5,5
2025-02-17 15:08:38.947,23550,23552,23552,1,1
2025-02-17 15:08:38.948,23550,23552,23552,1,1
2025-02-17 15:08:38.958,23550,23552,23551,1,1
2025-02-17 15:08:38.994,23550,23552,23554,2,2
2025-02-17 15:08:39.049,23551,23555,23555,1,1
2025-02-17 15:08:39.065,23551,23555,23555,4,4
2025-02-17 15:08:39.094,23551,23555,23555,1,1
2025-02-17 15:08:39.179,23552,23555,23555,1,1
2025-02-17 15:08:39.188,23552,23555,23552,1,-1
2025-02-17 15:08:39.189,23552,23555,23552,1,-1
2025-02-17 15:08:39.253,23552,23555,23551,2,-2
2025-02-17 15:08:39.254,23552,23555,23551,1,-1
2025-02-17 15:08:39.377,23550,23553,23550,1,-1
2025-02-17 15:08:39.564,23550,23553,23553,2,2
2025-02-17 15:08:39.566,23550,23553,23551,1,-1
2025-02-17 15:08:39.566,23550,23553,23551,1,-1
2025-02-17 15:08:40.029,23551,23553,23550,1,-1
2025-02-17 15:08:40.030,23551,23553,23550,2,-2
2025-02-17 15:08:41.583,23549,23551,23551,3,3
2025-02-17 15:08:41.802,23549,23551,23551,1,1
2025-02-17 15:08:42.565,23549,23550,23549,1,-1
2025-02-17 15:08:42.565,23549,23550,23549,2,-2
2025-02-17 15:08:42.567,23549,23550,23547,1,-1
2025-02-17 15:08:42.570,23549,23550,23547,1,-1
2025-02-17 15:08:42.570,23549,23550,23546,1,-1
2025-02-17 15:08:42.720,23546,23549,23549,2,2
2025-02-17 15:08:42.723,23546,23549,23550,1,1
2025-02-17 15:08:42.726,23546,23549,23551,1,1
2025-02-17 15:08:42.755,23546,23549,23551,7,7
2025-02-17 15:08:42.755,23546,23549,23551,1,1
2025-02-17 15:08:44.247,23549,23552,23552,1,1
2025-02-17 15:08:44.872,23549,23552,23552,1,1
2025-02-17 15:08:46.324,23550,23551,23551,1,1
2025-02-17 15:08:46.324,23550,23551,23553,1,1
2025-02-17 15:08:46.974,23550,23553,23553,1,1
2025-02-17 15:08:49.128,23550,23553,23553,4,4
2025-02-17 15:08:49.129,23550,23553,23553,1,1
2025-02-17 15:08:49.754,23550,23553,23553,1,1
2025-02-17 15:08:50.411,23551,23554,23554,2,2
2025-02-17 15:08:52.415,23551,23554,23554,1,1
2025-02-17 15:08:56.029,23552,23554,23554,3,3
2025-02-17 15:08:56.030,23552,23554,23553,1,1
2025-02-17 15:08:56.057,23553,23554,23553,1,-1
2025-02-17 15:08:58.372,23552,23554,23553,1,-1
2025-02-17 15:09:00.332,23551,23553,23553,2,2
2025-02-17 15:09:00.335,23551,23553,23554,1,1
2025-02-17 15:09:00.773,23551,23554,23554,2,2
2025-02-17 15:09:03.363,23552,23554,23554,2,2
2025-02-17 15:09:04.803,23552,23553,23553,1,1
2025-02-17 15:09:07.305,23552,23554,23552,1,-1
2025-02-17 15:09:14.337,23552,23554,23552,1,-1
2025-02-17 15:09:17.559,23551,23553,23551,1,-1
2025-02-17 15:09:43.496,23548,23550,23550,1,1
2025-02-17 15:09:48.833,23549,23550,23550,3,3
2025-02-17 15:09:48.834,23549,23550,23551,4,4
2025-02-17 15:09:48.834,23549,23550,23551,1,1
2025-02-17 15:09:48.835,23549,23550,23552,1,1
2025-02-17 15:09:48.935,23552,23553,23552,3,-3
2025-02-17 15:09:48.935,23552,23553,23551,2,-2
2025-02-17 15:09:50.208,23551,23553,23551,1,-1
2025-02-17 15:09:55.024,23551,23552,23551,1,-1
2025-02-17 15:09:57.629,23550,23552,23550,1,-1
2025-02-17 15:10:01.476,23550,23551,23551,1,1
2025-02-17 15:10:01.477,23550,23551,23551,1,1
2025-02-17 15:10:02.034,23551,23552,23552,1,1
2025-02-17 15:10:03.689,23552,23553,23553,2,2
2025-02-17 15:10:03.690,23552,23553,23554,8,8
2025-02-17 15:10:03.692,23552,23553,23554,1,1
2025-02-17 15:10:07.011,23553,23555,23553,1,-1
2025-02-17 15:10:09.926,23552,23553,23553,2,2
2025-02-17 15:10:09.927,23552,23553,23553,1,1
2025-02-17 15:10:14.593,23551,23553,23553,1,1
2025-02-17 15:10:19.044,23550,23552,23552,2,2
2025-02-17 15:10:19.044,23550,23552,23553,5,5
2025-02-17 15:10:19.977,23550,23553,23553,1,1
2025-02-17 15:10:27.977,23551,23553,23553,1,1
2025-02-17 15:10:29.027,23551,23553,23551,1,-1
2025-02-17 15:10:36.192,23551,23553,23551,1,-1
2025-02-17 15:10:36.446,23551,23553,23553,2,2
2025-02-17 15:10:44.829,23551,23553,23553,2,2
2025-02-17 15:10:45.265,23551,23553,23553,7,7
2025-02-17 15:10:45.265,23551,23553,23553,1,1
2025-02-17 15:10:45.266,23551,23553,23553,1,1
2025-02-17 15:10:45.935,23553,23554,23554,2,2
2025-02-17 15:10:46.225,23553,23555,23553,1,-1
2025-02-17 15:10:46.419,23553,23555,23553,2,-2
2025-02-17 15:10:52.829,23551,23554,23552,2,-2
2025-02-17 15:10:52.829,23551,23554,23551,3,-3
2025-02-17 15:10:59.930,23551,23553,23551,2,-2
2025-02-17 15:11:04.550,23551,23553,23553,1,1
2025-02-17 15:11:18.116,23552,23553,23553,1,1
2025-02-17 15:11:21.273,23552,23553,23553,1,1
2025-02-17 15:11:21.273,23552,23553,23553,4,4
2025-02-17 15:11:21.274,23552,23553,23553,1,1
2025-02-17 15:11:21.931,23553,23554,23553,1,-1
2025-02-17 15:11:25.785,23552,23554,23553,1,-1
2025-02-17 15:11:33.976,23552,23553,23553,1,1
2025-02-17 15:11:34.694,23552,23553,23553,1,1
2025-02-17 15:11:36.727,23552,23553,23553,1,1
2025-02-17 15:11:36.727,23552,23553,23553,1,1
2025-02-17 15:11:36.976,23553,23554,23554,1,1
2025-02-17 15:11:41.451,23552,23554,23554,1,1
2025-02-17 15:11:42.376,23552,23554,23552,4,-4
2025-02-17 15:11:42.999,23552,23553,23552,1,-1
2025-02-17 15:11:45.687,23551,23553,23551,4,-4
2025-02-17 15:11:45.689,23551,23553,23550,12,-12
2025-02-17 15:11:47.392,23549,23550,23550,2,2
2025-02-17 15:11:47.652,23549,23550,23549,5,-5
2025-02-17 15:11:49.603,23548,23550,23548,1,-1
2025-02-17 15:11:49.605,23548,23550,23548,1,-1
2025-02-17 15:11:49.605,23548,23550,23548,1,-1
2025-02-17 15:11:49.605,23548,23550,23548,1,-1
2025-02-17 15:11:49.605,23548,23550,23548,1,-1
2025-02-17 15:11:49.605,23548,23550,23548,1,-1
2025-02-17 15:11:49.605,23548,23550,23548,1,-1
2025-02-17 15:11:49.605,23548,23550,23548,1,-1
2025-02-17 15:11:49.605,23548,23550,23548,3,-3
2025-02-17 15:11:52.453,23547,23549,23549,1,1
2025-02-17 15:11:59.508,23547,23548,23548,1,1
2025-02-17 15:12:00.818,23547,23548,23548,1,1
2025-02-17 15:12:00.819,23547,23548,23548,1,1
2025-02-17 15:12:00.819,23547,23548,23548,1,1
2025-02-17 15:12:00.927,23548,23549,23548,1,-1
2025-02-17 15:12:01.490,23548,23549,23548,1,-1
2025-02-17 15:12:01.491,23548,23549,23548,1,-1
2025-02-17 15:12:02.361,23547,23549,23549,2,2
2025-02-17 15:12:02.361,23547,23549,23550,1,1
2025-02-17 15:12:02.363,23547,23549,23550,1,1
2025-02-17 15:12:02.363,23547,23549,23551,1,1
2025-02-17 15:12:02.364,23547,23549,23551,1,1
2025-02-17 15:12:02.371,23547,23549,23552,1,1
2025-02-17 15:12:02.371,23547,23549,23551,1,1
2025-02-17 15:12:02.484,23549,23552,23552,2,2
2025-02-17 15:12:02.486,23549,23552,23553,1,1
2025-02-17 15:12:02.509,23549,23552,23553,1,1
2025-02-17 15:12:02.530,23549,23552,23553,1,1
2025-02-17 15:12:02.567,23551,23553,23553,1,1
2025-02-17 15:12:02.872,23551,23554,23553,4,4
2025-02-17 15:12:03.427,23550,23553,23553,1,1
2025-02-17 15:12:07.322,23550,23552,23552,1,1
2025-02-17 15:12:07.322,23550,23552,23553,2,2
2025-02-17 15:12:16.629,23549,23550,23550,1,1
2025-02-17 15:12:16.629,23549,23550,23550,1,1
2025-02-17 15:12:22.620,23550,23551,23551,1,1
2025-02-17 15:12:26.326,23550,23551,23550,1,-1
2025-02-17 15:12:28.205,23550,23551,23550,1,-1
2025-02-17 15:12:28.206,23550,23551,23550,1,-1
2025-02-17 15:12:28.206,23550,23551,23550,1,-1
2025-02-17 15:12:29.432,23549,23550,23550,1,1
2025-02-17 15:12:29.700,23549,23551,23549,1,-1
2025-02-17 15:12:40.073,23547,23549,23547,5,-5
2025-02-17 15:12:40.256,23546,23548,23546,3,-3
2025-02-17 15:12:42.713,23545,23547,23545,1,-1
2025-02-17 15:12:43.113,23545,23547,23545,1,-1
2025-02-17 15:12:48.332,23543,23546,23545,1,1
2025-02-17 15:12:48.961,23543,23544,23544,2,2
2025-02-17 15:12:49.069,23543,23545,23543,1,-1
2025-02-17 15:12:54.839,23543,23544,23543,1,-1
2025-02-17 15:12:58.846,23542,23544,23543,3,-3
2025-02-17 15:12:59.169,23542,23544,23543,1,-1
2025-02-17 15:13:12.113,23542,23543,23542,1,-1
2025-02-17 15:13:14.368,23541,23542,23542,1,1
2025-02-17 15:13:15.090,23542,23543,23542,1,-1
2025-02-17 15:13:15.717,23541,23542,23542,1,1
2025-02-17 15:13:16.460,23541,23543,23541,1,-1
2025-02-17 15:13:20.250,23540,23542,23540,1,-1
2025-02-17 15:13:20.250,23540,23542,23540,1,-1
2025-02-17 15:13:20.598,23538,23539,23538,1,-1
2025-02-17 15:13:20.803,23538,23539,23538,1,-1
2025-02-17 15:13:25.025,23538,23539,23538,1,-1
2025-02-17 15:13:25.025,23538,23539,23537,1,-1
2025-02-17 15:13:25.997,23538,23539,23539,1,1
2025-02-17 15:13:26.479,23538,23539,23538,1,-1
2025-02-17 15:13:29.846,23537,23538,23538,1,1
2025-02-17 15:13:33.743,23537,23538,23538,1,1
2025-02-17 15:13:40.313,23537,23538,23538,1,1
2025-02-17 15:13:40.314,23537,23538,23538,3,3
2025-02-17 15:13:46.750,23537,23538,23538,1,1
2025-02-17 15:13:52.051,23537,23538,23538,1,1
2025-02-17 15:13:53.021,23537,23538,23538,1,1
2025-02-17 15:13:55.727,23538,23539,23539,1,1
2025-02-17 15:13:55.727,23538,23539,23539,1,1
2025-02-17 15:13:55.755,23538,23539,23539,1,1
2025-02-17 15:13:57.632,23538,23539,23539,1,1
2025-02-17 15:14:00.578,23539,23540,23539,1,-1
2025-02-17 15:14:00.816,23538,23540,23540,1,1
2025-02-17 15:14:07.864,23540,23541,23540,1,-1
2025-02-17 15:14:17.215,23539,23541,23539,5,-5
2025-02-17 15:14:21.242,23538,23540,23538,2,-2
2025-02-17 15:14:21.242,23538,23540,23538,2,-2
2025-02-17 15:14:21.244,23538,23540,23537,1,-1
2025-02-17 15:14:21.245,23538,23540,23537,1,-1
2025-02-17 15:14:21.957,23536,23537,23537,1,1
2025-02-17 15:14:22.229,23536,23537,23537,1,1
2025-02-17 15:14:22.988,23536,23537,23536,1,-1
2025-02-17 15:14:22.988,23536,23537,23536,1,-1
2025-02-17 15:14:25.111,23535,23537,23535,1,-1
2025-02-17 15:14:25.202,23535,23537,23535,1,-1
2025-02-17 15:14:25.202,23535,23537,23535,2,-2
2025-02-17 15:14:28.992,23534,23535,23535,1,1
2025-02-17 15:14:30.966,23534,23535,23534,1,-1
2025-02-17 15:14:31.532,23534,23535,23535,3,3
2025-02-17 15:14:32.217,23534,23535,23535,1,1
2025-02-17 15:14:33.005,23534,23535,23535,1,1
2025-02-17 15:14:33.005,23534,23535,23537,1,1
2025-02-17 15:14:33.326,23534,23537,23537,1,1
2025-02-17 15:14:33.330,23534,23537,23538,1,1
2025-02-17 15:14:33.335,23534,23537,23538,1,1
2025-02-17 15:14:39.677,23536,23537,23537,1,1
2025-02-17 15:14:39.891,23536,23538,23536,1,-1
2025-02-17 15:14:44.520,23536,23537,23536,1,-1
2025-02-17 15:14:51.040,23536,23537,23536,1,-1
2025-02-17 15:14:51.041,23536,23537,23536,5,-5
2025-02-17 15:15:02.681,23534,23536,23534,2,-2
2025-02-17 15:15:03.643,23533,23535,23533,1,-1
2025-02-17 15:15:03.643,23533,23535,23533,1,-1
2025-02-17 15:15:06.401,23532,23534,23532,4,-4
2025-02-17 15:15:10.316,23532,23533,23533,1,1
2025-02-17 15:15:17.331,23533,23534,23534,3,3
2025-02-17 15:15:17.359,23533,23534,23534,1,1
2025-02-17 15:15:23.121,23534,23537,23537,1,1
2025-02-17 15:15:29.430,23535,23537,23537,1,1
2025-02-17 15:15:31.486,23536,23537,23537,1,1
2025-02-17 15:15:33.330,23537,23538,23538,1,1
2025-02-17 15:15:35.369,23537,23539,23539,1,1
2025-02-17 15:15:35.902,23539,23542,23542,1,1
2025-02-17 15:15:38.204,23541,23542,23542,2,2
2025-02-17 15:15:38.803,23541,23542,23542,2,2
2025-02-17 15:15:38.819,23541,23542,23542,1,1
2025-02-17 15:15:38.819,23541,23542,23543,1,1
2025-02-17 15:15:40.503,23543,23544,23543,1,-1
2025-02-17 15:15:41.302,23543,23544,23544,2,2
2025-02-17 15:15:43.389,23543,23545,23543,1,-1
2025-02-17 15:15:47.895,23543,23544,23544,1,1
2025-02-17 15:15:54.053,23544,23545,23544,1,-1
2025-02-17 15:15:58.370,23544,23545,23545,1,1
2025-02-17 15:16:04.211,23544,23545,23545,1,1
2025-02-17 15:16:07.866,23544,23545,23545,1,1
2025-02-17 15:16:09.084,23544,23545,23545,1,1
2025-02-17 15:16:10.060,23544,23545,23545,3,3
2025-02-17 15:16:10.060,23544,23545,23546,1,1
2025-02-17 15:16:12.145,23546,23547,23546,1,-1
2025-02-17 15:16:18.367,23546,23547,23547,1,1
2025-02-17 15:16:18.367,23546,23547,23547,2,2
2025-02-17 15:16:19.574,23546,23548,23548,2,2
2025-02-17 15:16:26.590,23548,23549,23549,2,2
2025-02-17 15:16:26.681,23548,23550,23550,1,1
2025-02-17 15:16:26.683,23548,23550,23550,1,1
2025-02-17 15:16:27.167,23549,23551,23549,2,-2
2025-02-17 15:16:34.405,23550,23551,23551,1,1
2025-02-17 15:16:35.980,23550,23551,23551,2,2
2025-02-17 15:16:36.522,23550,23551,23551,2,2
2025-02-17 15:16:40.003,23551,23552,23551,1,-1
2025-02-17 15:16:42.052,23551,23552,23551,2,-2
2025-02-17 15:16:44.604,23549,23551,23551,1,1
2025-02-17 15:16:53.063,23550,23551,23551,1,1
2025-02-17 15:16:54.833,23550,23551,23551,3,3
2025-02-17 15:16:54.834,23550,23551,23551,2,2
2025-02-17 15:16:54.834,23550,23551,23551,1,1
2025-02-17 15:16:54.834,23550,23551,23551,1,1
2025-02-17 15:16:55.264,23550,23551,23551,1,1
2025-02-17 15:16:56.604,23550,23552,23550,5,-5
2025-02-17 15:16:57.162,23550,23552,23550,8,-8
2025-02-17 15:17:00.048,23549,23551,23549,1,-1
2025-02-17 15:17:00.441,23548,23549,23549,1,1
2025-02-17 15:17:00.444,23548,23549,23550,1,1
2025-02-17 15:17:00.456,23548,23549,23551,3,3
2025-02-17 15:17:00.679,23549,23551,23551,1,1
2025-02-17 15:17:09.297,23549,23550,23550,1,1
2025-02-17 15:17:10.861,23549,23551,23549,1,-1
2025-02-17 15:17:16.636,23549,23550,23549,1,-1
2025-02-17 15:17:43.111,23547,23549,23547,1,-1
2025-02-17 15:17:43.111,23547,23549,23547,1,-1
2025-02-17 15:17:50.109,23546,23548,23546,1,-1
2025-02-17 15:17:50.387,23546,23547,23546,1,-1
2025-02-17 15:18:11.565,23545,23546,23546,1,1
2025-02-17 15:18:12.013,23545,23546,23546,1,1
2025-02-17 15:18:24.716,23545,23546,23545,1,-1
2025-02-17 15:18:24.867,23544,23546,23546,1,1
2025-02-17 15:18:28.269,23545,23546,23545,1,-1
2025-02-17 15:18:28.271,23545,23546,23544,1,-1
2025-02-17 15:18:28.271,23545,23546,23544,1,-1
2025-02-17 15:18:31.283,23541,23544,23543,2,2
2025-02-17 15:18:31.289,23541,23544,23541,1,-1
2025-02-17 15:18:40.263,23540,23541,23540,1,-1
2025-02-17 15:18:43.482,23540,23541,23541,2,2
2025-02-17 15:18:51.896,23539,23541,23541,1,1
2025-02-17 15:18:55.113,23539,23541,23541,1,1
2025-02-17 15:19:08.046,23539,23540,23540,1,1
2025-02-17 15:19:08.707,23539,23540,23540,1,1
2025-02-17 15:19:08.830,23539,23541,23541,1,1
2025-02-17 15:19:13.728,23540,23541,23540,2,-2
2025-02-17 15:19:18.186,23540,23541,23541,1,1
2025-02-17 15:19:20.734,23540,23541,23541,2,2
2025-02-17 15:19:29.251,23540,23541,23541,1,1
2025-02-17 15:19:33.472,23541,23542,23541,1,-1
2025-02-17 15:19:34.557,23540,23542,23542,1,1
2025-02-17 15:19:43.252,23541,23542,23543,3,3
2025-02-17 15:19:43.252,23541,23542,23544,2,2
2025-02-17 15:19:43.252,23541,23542,23542,5,5
2025-02-17 15:19:44.301,23541,23544,23544,2,2
2025-02-17 15:19:44.301,23541,23544,23545,8,8
2025-02-17 15:19:53.297,23541,23544,23544,1,1
2025-02-17 15:19:53.298,23541,23544,23544,1,1
2025-02-17 15:19:53.327,23541,23544,23545,1,1
2025-02-17 15:19:55.437,23543,23545,23543,3,-3
2025-02-17 15:19:55.437,23543,23545,23542,4,-4
2025-02-17 15:19:55.437,23543,23545,23541,3,-3
2025-02-17 15:20:04.391,23541,23543,23542,1,-1
2025-02-17 15:20:12.277,23541,23543,23541,1,-1
2025-02-17 15:20:27.281,23540,23542,23540,2,-2
2025-02-17 15:20:28.605,23539,23540,23540,1,1
2025-02-17 15:20:47.712,23540,23541,23540,1,-1
2025-02-17 15:20:47.713,23540,23541,23539,3,-3
2025-02-17 15:20:48.356,23537,23539,23539,1,1
2025-02-17 15:20:58.111,23538,23540,23538,1,-1
2025-02-17 15:21:15.525,23537,23539,23537,1,-1
2025-02-17 15:21:15.809,23536,23538,23536,1,-1
2025-02-17 15:21:15.810,23536,23538,23536,1,-1
2025-02-17 15:21:15.836,23536,23538,23536,1,-1
2025-02-17 15:21:17.955,23535,23536,23535,1,-1
2025-02-17 15:21:21.928,23535,23537,23537,1,1
2025-02-17 15:21:41.493,23537,23538,23538,4,4
2025-02-17 15:21:41.521,23537,23538,23538,1,1
2025-02-17 15:21:41.522,23537,23538,23539,2,2
2025-02-17 15:21:50.201,23538,23540,23540,1,1
2025-02-17 15:21:58.239,23537,23540,23540,1,1
2025-02-17 15:22:01.095,23537,23540,23540,3,3
2025-02-17 15:22:03.409,23538,23540,23540,1,1
2025-02-17 15:22:06.777,23540,23541,23540,1,-1
2025-02-17 15:22:12.007,23540,23541,23541,1,1
2025-02-17 15:22:13.681,23540,23541,23541,1,1
2025-02-17 15:22:20.823,23541,23542,23542,1,1
2025-02-17 15:22:20.823,23541,23542,23542,3,3
2025-02-17 15:22:21.002,23542,23544,23542,1,-1
2025-02-17 15:22:25.708,23542,23544,23543,1,-1
2025-02-17 15:22:31.532,23543,23545,23544,1,-1
2025-02-17 15:22:33.019,23543,23545,23544,4,-4
2025-02-17 15:22:37.499,23543,23544,23543,1,-1
2025-02-17 15:22:41.932,23542,23543,23542,1,-1
2025-02-17 15:22:46.493,23542,23543,23542,1,-1
2025-02-17 15:22:49.787,23541,23543,23541,1,-1
2025-02-17 15:22:51.816,23540,23543,23540,1,-1
2025-02-17 15:23:01.114,23540,23542,23542,1,1
2025-02-17 15:23:01.197,23541,23542,23541,1,-1
2025-02-17 15:23:02.964,23540,23542,23542,1,1
2025-02-17 15:23:03.025,23540,23542,23542,1,1
2025-02-17 15:23:07.654,23542,23544,23542,3,-3
2025-02-17 15:23:11.853,23540,23542,23542,1,1
2025-02-17 15:23:13.285,23540,23541,23541,1,1
2025-02-17 15:23:14.915,23540,23541,23540,1,-1
2025-02-17 15:23:16.443,23538,23541,23540,5,5
2025-02-17 15:23:17.436,23538,23540,23540,2,2
2025-02-17 15:23:23.531,23538,23541,23541,3,3
2025-02-17 15:23:31.527,23540,23541,23541,2,2
2025-02-17 15:23:35.770,23540,23542,23542,3,3
2025-02-17 15:23:37.908,23543,23545,23544,1,1
2025-02-17 15:23:51.492,23544,23545,23545,2,2
2025-02-17 15:23:52.811,23544,23545,23545,1,1
2025-02-17 15:23:55.582,23545,23546,23545,1,-1
2025-02-17 15:24:00.089,23544,23545,23544,1,-1
2025-02-17 15:24:00.090,23544,23545,23543,1,-1
2025-02-17 15:24:07.985,23542,23545,23545,3,3
2025-02-17 15:24:23.161,23541,23543,23541,1,-1
2025-02-17 15:24:57.741,23541,23543,23541,2,-2
2025-02-17 15:25:09.434,23541,23543,23541,1,-1
2025-02-17 15:25:09.434,23541,23543,23541,2,-2
2025-02-17 15:25:09.645,23540,23542,23542,1,1
2025-02-17 15:25:09.650,23540,23542,23542,2,2
2025-02-17 15:25:09.656,23540,23542,23543,3,3
2025-02-17 15:25:19.554,23543,23544,23543,1,-1
2025-02-17 15:25:30.585,23541,23543,23543,1,1
2025-02-17 15:25:53.676,23542,23543,23543,2,2
2025-02-17 15:25:53.705,23542,23543,23543,1,1
2025-02-17 15:25:53.712,23542,23543,23542,1,-1
2025-02-17 15:26:04.024,23542,23543,23542,3,-3
2025-02-17 15:26:07.623,23541,23543,23541,2,-2
2025-02-17 15:26:10.325,23541,23543,23543,1,1
2025-02-17 15:26:10.325,23541,23543,23543,2,2
2025-02-17 15:26:38.455,23540,23541,23541,1,1
2025-02-17 15:26:50.779,23542,23543,23543,3,3
2025-02-17 15:26:50.780,23542,23543,23543,1,1
2025-02-17 15:27:34.727,23541,23543,23543,3,3
2025-02-17 15:27:34.727,23541,23543,23544,7,7
2025-02-17 15:27:41.863,23542,23544,23544,1,1
2025-02-17 15:27:41.863,23542,23544,23545,5,5
2025-02-17 15:27:41.863,23542,23544,23546,4,4
2025-02-17 15:27:46.932,23543,23546,23546,3,3
2025-02-17 15:27:46.932,23543,23546,23547,7,7
2025-02-17 15:27:54.552,23545,23547,23547,1,1
2025-02-17 15:27:58.908,23545,23547,23547,1,1
2025-02-17 15:27:59.437,23545,23547,23548,8,8
2025-02-17 15:27:59.437,23545,23547,23549,11,11
2025-02-17 15:27:59.437,23545,23547,23547,1,1
2025-02-17 15:27:59.439,23545,23547,23549,2,2
2025-02-17 15:27:59.497,23545,23547,23548,1,1
2025-02-17 15:28:00.765,23547,23549,23547,1,-1
2025-02-17 15:28:09.116,23547,23548,23548,1,1
2025-02-17 15:28:14.107,23547,23549,23549,1,1
2025-02-17 15:28:15.692,23547,23550,23548,1,-1
2025-02-17 15:28:22.385,23549,23550,23550,2,2
2025-02-17 15:28:23.303,23549,23550,23550,3,3
2025-02-17 15:28:26.938,23549,23550,23549,2,-2
2025-02-17 15:28:26.938,23549,23550,23549,1,-1
2025-02-17 15:28:27.887,23548,23550,23550,1,1
2025-02-17 15:28:30.875,23548,23550,23550,1,1
2025-02-17 15:28:41.575,23548,23550,23548,1,-1
2025-02-17 15:28:56.142,23547,23549,23546,2,-2
2025-02-17 15:28:56.142,23547,23549,23547,4,-4
2025-02-17 15:29:15.922,23545,23546,23545,1,-1
2025-02-17 15:29:17.163,23545,23546,23545,1,-1
2025-02-17 15:29:17.658,23545,23546,23545,1,-1
2025-02-17 15:29:17.658,23545,23546,23545,1,-1
2025-02-17 15:29:17.658,23545,23546,23545,1,-1
2025-02-17 15:29:39.406,23543,23545,23543,1,-1
2025-02-17 15:29:48.140,23543,23545,23543,1,-1
2025-02-17 15:29:51.438,23542,23545,23545,1,1
2025-02-17 15:29:57.953,23542,23545,23542,1,-1
2025-02-17 15:29:58.984,23542,23545,23542,1,-1
2025-02-17 15:30:00.007,23542,23544,23542,1,-1
2025-02-17 15:30:00.007,23542,23544,23542,2,-2
2025-02-17 15:30:00.172,23541,23542,23542,1,1
2025-02-17 15:30:00.184,23541,23542,23543,3,3
2025-02-17 15:30:00.193,23541,23542,23543,2,2
2025-02-17 15:30:00.273,23541,23542,23544,1,1
2025-02-17 15:30:00.390,23542,23545,23545,2,2
2025-02-17 15:30:02.580,23541,23543,23541,1,-1
2025-02-17 15:30:03.189,23541,23543,23541,1,-1
2025-02-17 15:30:03.189,23541,23543,23540,6,-6
2025-02-17 15:30:03.189,23541,23543,23539,3,-3
2025-02-17 15:30:03.837,23539,23542,23542,1,1
2025-02-17 15:30:03.922,23540,23542,23542,1,1
2025-02-17 15:30:04.976,23541,23543,23543,2,2
2025-02-17 15:30:05.429,23542,23543,23543,1,1
2025-02-17 15:30:05.515,23542,23543,23543,1,1
2025-02-17 15:30:05.585,23542,23545,23542,1,-1
2025-02-17 15:30:05.999,23542,23545,23545,1,1
2025-02-17 15:30:16.379,23543,23545,23545,2,2
2025-02-17 15:30:50.497,23545,23547,23545,1,-1
2025-02-17 15:31:16.045,23545,23546,23545,1,-1
2025-02-17 15:32:07.161,23543,23544,23544,1,1
2025-02-17 15:32:07.162,23543,23544,23544,1,1
2025-02-17 15:32:16.662,23543,23544,23543,1,-1
2025-02-17 15:32:16.662,23543,23544,23543,1,-1
2025-02-17 15:32:17.238,23542,23544,23544,1,1
2025-02-17 15:32:18.366,23542,23544,23544,1,1
2025-02-17 15:32:32.131,23542,23543,23542,1,-1
2025-02-17 15:32:32.131,23542,23543,23541,1,-1
2025-02-17 15:32:33.762,23540,23542,23540,1,-1
2025-02-17 15:32:35.478,23539,23540,23539,1,-1
2025-02-17 15:32:38.030,23538,23540,23538,1,-1
2025-02-17 15:32:38.327,23538,23540,23538,1,-1
2025-02-17 15:33:04.341,23538,23539,23538,1,-1
2025-02-17 15:33:04.341,23538,23539,23538,1,-1
2025-02-17 15:33:04.341,23538,23539,23538,1,-1
2025-02-17 15:33:04.341,23538,23539,23538,2,-2
2025-02-17 15:33:14.939,23537,23538,23538,3,3
2025-02-17 15:33:14.967,23537,23538,23538,1,1
2025-02-17 15:33:15.887,23538,23539,23538,1,-1
2025-02-17 15:33:18.231,23538,23539,23538,1,-1
2025-02-17 15:33:30.024,23537,23538,23537,1,-1
2025-02-17 15:33:30.024,23537,23538,23536,1,-1
2025-02-17 15:33:30.026,23537,23538,23535,6,-6
2025-02-17 15:33:37.846,23535,23536,23535,1,-1
2025-02-17 15:33:39.809,23534,23536,23534,6,-6
2025-02-17 15:33:39.930,23534,23535,23534,1,-1
2025-02-17 15:33:41.165,23534,23535,23535,1,1
2025-02-17 15:33:46.950,23535,23536,23536,3,3
2025-02-17 15:33:56.978,23535,23537,23537,1,1
2025-02-17 15:34:05.633,23536,23537,23537,1,1
2025-02-17 15:34:05.911,23537,23538,23538,1,1
2025-02-17 15:34:08.233,23537,23538,23537,1,-1
2025-02-17 15:34:13.961,23537,23538,23538,2,2
2025-02-17 15:34:21.773,23538,23539,23538,1,-1
2025-02-17 15:34:24.265,23537,23538,23538,1,1
2025-02-17 15:34:24.265,23537,23538,23538,1,1
2025-02-17 15:34:24.265,23537,23538,23538,3,3
2025-02-17 15:34:25.431,23538,23539,23538,1,-1
2025-02-17 15:34:26.247,23538,23539,23539,2,2
2025-02-17 15:34:28.059,23539,23541,23539,1,-1
2025-02-17 15:34:31.201,23540,23542,23542,1,1
2025-02-17 15:34:45.040,23542,23544,23542,1,-1
2025-02-17 15:34:46.431,23541,23544,23544,2,2
2025-02-17 15:34:50.882,23543,23544,23544,1,1
2025-02-17 15:34:50.943,23544,23545,23544,1,-1
2025-02-17 15:35:29.612,23541,23542,23541,1,-1
2025-02-17 15:35:41.574,23538,23539,23539,1,1
2025-02-17 15:35:41.574,23538,23539,23539,1,1
2025-02-17 15:35:45.293,23538,23539,23539,1,1
2025-02-17 15:35:57.296,23539,23541,23539,1,-1
2025-02-17 15:36:00.383,23539,23541,23539,1,-1
2025-02-17 15:36:36.660,23538,23540,23540,1,1
2025-02-17 15:36:42.652,23538,23540,23540,1,1
2025-02-17 15:36:49.206,23538,23539,23539,1,1
2025-02-17 15:37:02.802,23539,23540,23540,1,1
2025-02-17 15:37:02.802,23539,23540,23540,1,1
2025-02-17 15:37:02.802,23539,23540,23540,1,1
2025-02-17 15:37:02.832,23539,23540,23540,1,1
2025-02-17 15:37:08.134,23539,23542,23539,1,-1
2025-02-17 15:37:22.649,23539,23542,23539,1,-1
2025-02-17 15:37:40.213,23539,23540,23540,1,1
2025-02-17 15:38:46.233,23539,23540,23540,1,1
2025-02-17 15:38:46.233,23539,23540,23540,1,1
2025-02-17 15:39:16.709,23539,23541,23539,1,-1
2025-02-17 15:39:16.710,23539,23541,23538,6,-6
2025-02-17 15:39:21.056,23537,23538,23537,1,-1
2025-02-17 15:39:21.057,23537,23538,23537,2,-2
2025-02-17 15:39:28.370,23535,23537,23537,1,1
2025-02-17 15:39:43.216,23536,23537,23537,1,1
2025-02-17 15:39:52.857,23537,23538,23537,1,-1
2025-02-17 15:39:53.940,23536,23538,23536,1,-1
2025-02-17 15:40:00.238,23536,23538,23538,1,1
2025-02-17 15:40:00.383,23537,23538,23539,1,1
2025-02-17 15:40:00.383,23537,23538,23538,1,1
2025-02-17 15:40:00.414,23538,23539,23539,1,1
2025-02-17 15:40:00.414,23538,23539,23540,1,1
2025-02-17 15:40:17.692,23538,23539,23538,2,-2
2025-02-17 15:40:37.744,23536,23537,23537,1,1
2025-02-17 15:40:37.744,23536,23537,23537,2,2
2025-02-17 15:41:01.563,23536,23538,23536,1,-1
2025-02-17 15:41:01.563,23536,23538,23536,1,-1
2025-02-17 15:41:07.169,23535,23536,23535,1,-1
2025-02-17 15:41:07.169,23535,23536,23535,1,-1
2025-02-17 15:41:07.170,23535,23536,23534,5,-5
2025-02-17 15:41:08.069,23533,23535,23533,1,-1
2025-02-17 15:41:08.179,23533,23535,23533,1,-1
2025-02-17 15:41:09.634,23533,23534,23533,1,-1
2025-02-17 15:41:09.709,23533,23534,23533,1,-1
2025-02-17 15:41:11.167,23533,23534,23533,1,-1
2025-02-17 15:41:17.034,23533,23534,23534,1,1
2025-02-17 15:41:17.437,23533,23534,23533,1,-1
2025-02-17 15:41:17.437,23533,23534,23532,1,-1
2025-02-17 15:41:22.607,23533,23534,23533,1,-1
2025-02-17 15:41:26.137,23532,23534,23532,1,-1
2025-02-17 15:41:26.137,23532,23534,23531,9,-9
2025-02-17 15:41:26.139,23532,23534,23530,8,-8
2025-02-17 15:41:26.140,23532,23534,23530,1,-1
2025-02-17 15:41:26.140,23532,23534,23530,1,-1
2025-02-17 15:41:26.141,23532,23534,23529,1,-1
2025-02-17 15:41:26.189,23528,23530,23528,1,-1
2025-02-17 15:41:26.202,23528,23530,23528,1,-1
2025-02-17 15:41:26.310,23528,23530,23528,1,-1
2025-02-17 15:41:26.334,23528,23530,23528,2,-2
2025-02-17 15:41:26.905,23527,23529,23529,1,1
2025-02-17 15:41:29.431,23527,23529,23529,1,1
2025-02-17 15:41:31.271,23528,23529,23529,2,2
2025-02-17 15:41:31.837,23529,23530,23530,1,1
2025-02-17 15:41:32.952,23530,23532,23530,2,-2
2025-02-17 15:41:40.065,23530,23531,23530,1,-1
2025-02-17 15:41:40.906,23529,23531,23529,1,-1
2025-02-17 15:41:41.899,23527,23530,23530,1,1
2025-02-17 15:41:46.654,23528,23530,23528,1,-1
2025-02-17 15:41:48.520,23527,23530,23530,1,1
2025-02-17 15:42:01.352,23527,23529,23527,1,-1
2025-02-17 15:42:03.131,23527,23529,23527,2,-2
2025-02-17 15:42:03.131,23527,23529,23526,5,-5
2025-02-17 15:42:03.133,23527,23529,23525,1,-1
2025-02-17 15:42:03.133,23527,23529,23525,8,-8
2025-02-17 15:42:03.198,23523,23525,23523,1,-1
2025-02-17 15:42:03.207,23523,23525,23523,1,-1
2025-02-17 15:42:03.326,23523,23524,23523,1,-1
2025-02-17 15:42:03.556,23523,23525,23523,1,-1
2025-02-17 15:42:06.314,23524,23526,23524,1,-1
2025-02-17 15:42:07.152,23524,23526,23526,1,1
2025-02-17 15:42:09.233,23524,23526,23524,1,-1
2025-02-17 15:42:11.385,23524,23526,23524,1,-1
2025-02-17 15:42:12.420,23524,23526,23524,3,-3
2025-02-17 15:42:12.421,23524,23526,23524,2,-2
2025-02-17 15:42:13.987,23524,23525,23524,1,-1
2025-02-17 15:42:18.010,23524,23525,23524,1,-1
2025-02-17 15:42:20.354,23524,23525,23525,1,1
2025-02-17 15:42:20.354,23524,23525,23525,1,1
2025-02-17 15:42:20.354,23524,23525,23525,1,1
2025-02-17 15:42:23.702,23524,23525,23526,1,1
2025-02-17 15:42:23.702,23524,23525,23525,1,1
2025-02-17 15:42:28.278,23524,23526,23526,1,1
2025-02-17 15:42:30.706,23526,23527,23527,1,1
2025-02-17 15:42:30.780,23526,23527,23527,1,1
2025-02-17 15:42:34.166,23526,23527,23526,3,-3
2025-02-17 15:42:55.589,23524,23526,23526,1,1
2025-02-17 15:42:59.275,23525,23526,23525,1,-1
2025-02-17 15:42:59.741,23524,23526,23526,1,1
2025-02-17 15:43:04.797,23524,23526,23526,1,1
2025-02-17 15:43:06.990,23524,23525,23524,2,-2
2025-02-17 15:43:06.990,23524,23525,23524,1,-1
2025-02-17 15:43:06.990,23524,23525,23524,1,-1
2025-02-17 15:43:06.990,23524,23525,23524,1,-1
2025-02-17 15:43:06.991,23524,23525,23524,2,-2
2025-02-17 15:43:07.563,23522,23524,23524,1,1
2025-02-17 15:43:09.513,23522,23523,23522,1,-1
2025-02-17 15:43:09.513,23522,23523,23522,1,-1
2025-02-17 15:43:09.513,23522,23523,23522,1,-1
2025-02-17 15:43:09.513,23522,23523,23522,1,-1
2025-02-17 15:43:09.609,23521,23522,23521,1,-1
2025-02-17 15:43:09.651,23521,23522,23521,1,-1
2025-02-17 15:43:09.655,23521,23522,23521,1,-1
2025-02-17 15:43:09.699,23521,23523,23521,1,-1
2025-02-17 15:43:09.926,23520,23522,23520,1,-1
2025-02-17 15:43:10.061,23520,23522,23520,1,-1
2025-02-17 15:43:10.064,23520,23522,23520,2,-2
2025-02-17 15:43:15.501,23520,23522,23522,1,1
2025-02-17 15:43:15.971,23521,23522,23522,1,1
2025-02-17 15:43:15.971,23521,23522,23522,1,1
2025-02-17 15:43:23.110,23522,23524,23522,1,-1
2025-02-17 15:43:25.250,23521,23524,23524,4,4
2025-02-17 15:43:25.250,23521,23524,23523,2,2
2025-02-17 15:43:25.251,23521,23524,23524,9,9
2025-02-17 15:43:31.009,23523,23525,23525,3,3
2025-02-17 15:43:31.010,23523,23525,23525,1,1
2025-02-17 15:43:31.600,23525,23526,23525,1,-1
2025-02-17 15:43:31.726,23525,23526,23525,1,-1
2025-02-17 15:43:33.082,23525,23526,23526,1,1
2025-02-17 15:43:33.082,23525,23526,23526,2,2
2025-02-17 15:43:33.774,23525,23528,23528,1,1
2025-02-17 15:43:52.164,23528,23529,23528,1,-1
2025-02-17 15:43:54.811,23526,23528,23526,1,-1
2025-02-17 15:44:04.926,23526,23527,23526,1,-1
2025-02-17 15:44:05.624,23525,23527,23525,7,-7
2025-02-17 15:44:05.624,23525,23527,23525,2,-2
2025-02-17 15:44:05.647,23525,23527,23525,1,-1
2025-02-17 15:44:19.054,23521,23524,23520,14,-14
2025-02-17 15:44:19.054,23521,23524,23521,5,-5
2025-02-17 15:44:19.054,23521,23524,23522,1,-1
2025-02-17 15:44:23.798,23520,23522,23520,1,-1
2025-02-17 15:44:24.405,23520,23522,23520,1,-1
2025-02-17 15:44:24.850,23520,23522,23520,1,-1
2025-02-17 15:44:26.133,23520,23522,23520,2,-2
2025-02-17 15:44:26.133,23520,23522,23519,6,-6
2025-02-17 15:44:26.133,23520,23522,23518,2,-2
2025-02-17 15:44:26.517,23518,23521,23521,1,1
2025-02-17 15:44:26.653,23518,23521,23521,1,1
2025-02-17 15:44:32.405,23520,23521,23520,1,-1
2025-02-17 15:44:32.405,23520,23521,23520,1,-1
2025-02-17 15:44:41.958,23518,23520,23520,1,1
2025-02-17 15:44:42.344,23518,23520,23518,1,-1
2025-02-17 15:44:43.204,23518,23519,23518,1,-1
2025-02-17 15:44:43.204,23518,23519,23518,1,-1
2025-02-17 15:44:43.288,23517,23519,23519,3,3
2025-02-17 15:44:46.266,23517,23519,23518,1,1
2025-02-17 15:44:48.783,23517,23519,23517,1,-1
2025-02-17 15:44:52.177,23518,23519,23519,1,1
2025-02-17 15:44:52.178,23518,23519,23519,1,1
2025-02-17 15:44:57.213,23518,23519,23519,1,1
2025-02-17 15:44:57.763,23518,23520,23520,1,1
2025-02-17 15:45:00.925,23519,23520,23519,1,-1
2025-02-17 15:45:02.106,23519,23520,23519,1,-1
2025-02-17 15:45:02.631,23518,23520,23520,4,4
2025-02-17 15:45:06.322,23518,23520,23518,1,-1
2025-02-17 15:45:06.772,23518,23520,23518,1,-1
2025-02-17 15:45:08.439,23518,23520,23520,1,1
2025-02-17 15:45:15.973,23518,23520,23519,1,1
2025-02-17 15:45:17.683,23518,23520,23520,1,1
2025-02-17 15:45:26.386,23518,23519,23519,1,1
2025-02-17 15:45:27.288,23518,23519,23518,3,-3
2025-02-17 15:45:27.288,23518,23519,23517,6,-6
2025-02-17 15:45:36.490,23516,23517,23517,1,1
2025-02-17 15:45:49.353,23516,23517,23517,1,1
2025-02-17 15:45:51.795,23516,23517,23517,1,1
2025-02-17 15:46:04.904,23516,23517,23517,2,2
2025-02-17 15:46:04.904,23516,23517,23518,3,3
2025-02-17 15:46:06.192,23516,23519,23516,2,-2
2025-02-17 15:46:09.482,23516,23517,23517,1,1
2025-02-17 15:46:09.538,23516,23518,23518,1,1
2025-02-17 15:46:10.750,23516,23518,23517,1,1
2025-02-17 15:46:14.398,23516,23518,23518,1,1
2025-02-17 15:46:17.958,23516,23517,23516,3,-3
2025-02-17 15:46:18.852,23515,23517,23517,1,1
2025-02-17 15:46:19.220,23515,23517,23513,13,-13
2025-02-17 15:46:19.220,23515,23517,23514,3,-3
2025-02-17 15:46:19.220,23515,23517,23515,1,-1
2025-02-17 15:46:19.313,23512,23514,23512,2,-2
2025-02-17 15:46:19.327,23512,23514,23512,2,-2
2025-02-17 15:46:21.151,23512,23515,23515,1,1
2025-02-17 15:46:23.501,23513,23515,23513,1,-1
2025-02-17 15:46:26.006,23513,23515,23515,1,1
2025-02-17 15:46:27.308,23513,23515,23515,2,2
2025-02-17 15:46:30.851,23514,23516,23516,1,1
2025-02-17 15:46:32.716,23514,23516,23516,1,1
2025-02-17 15:46:36.961,23514,23515,23515,1,1
2025-02-17 15:46:37.869,23514,23516,23516,1,1
2025-02-17 15:46:41.133,23516,23517,23516,2,-2
2025-02-17 15:46:41.269,23515,23516,23516,1,1
2025-02-17 15:46:41.311,23515,23516,23516,1,1
2025-02-17 15:46:43.801,23515,23516,23518,1,1
2025-02-17 15:46:43.801,23515,23516,23516,1,1
2025-02-17 15:46:43.801,23515,23516,23517,1,1
2025-02-17 15:46:45.159,23515,23518,23518,4,4
2025-02-17 15:47:01.291,23518,23519,23519,1,1
2025-02-17 15:47:04.833,23518,23520,23520,4,4
2025-02-17 15:47:18.157,23520,23521,23521,1,1
2025-02-17 15:47:18.158,23520,23521,23521,2,2
2025-02-17 15:47:22.678,23521,23524,23524,5,5
2025-02-17 15:47:22.809,23522,23525,23525,1,1
2025-02-17 15:47:34.360,23522,23524,23524,4,4
2025-02-17 15:47:34.360,23522,23524,23525,1,1
2025-02-17 15:47:41.925,23522,23524,23522,1,-1
2025-02-17 15:47:42.860,23521,23523,23521,1,-1
2025-02-17 15:47:48.620,23520,23521,23520,2,-2
2025-02-17 15:47:48.852,23518,23520,23521,2,2
2025-02-17 15:47:48.852,23518,23520,23520,4,4
2025-02-17 15:48:00.167,23521,23522,23522,1,1
2025-02-17 15:48:00.227,23521,23522,23522,1,1
2025-02-17 15:48:17.439,23523,23524,23524,1,1
2025-02-17 15:48:24.976,23523,23524,23524,1,1
2025-02-17 15:48:25.590,23523,23524,23524,1,1
2025-02-17 15:48:27.475,23524,23525,23525,1,1
2025-02-17 15:48:30.119,23523,23524,23524,1,1
2025-02-17 15:48:33.672,23524,23525,23524,1,-1
2025-02-17 15:49:02.499,23522,23524,23523,1,-1
2025-02-17 15:49:02.500,23522,23524,23522,7,-7
2025-02-17 15:49:03.435,23520,23522,23520,1,-1
2025-02-17 15:49:09.591,23518,23520,23520,1,1
2025-02-17 15:49:33.105,23520,23521,23520,1,-1
2025-02-17 15:49:37.732,23519,23521,23519,1,-1
2025-02-17 15:49:37.732,23519,23521,23519,1,-1
2025-02-17 15:49:42.667,23518,23520,23518,5,-5
2025-02-17 15:49:44.400,23516,23519,23519,1,1
2025-02-17 15:49:45.370,23517,23519,23517,1,-1
2025-02-17 15:49:45.743,23515,23518,23515,1,-1
2025-02-17 15:49:49.495,23515,23516,23515,1,-1
2025-02-17 15:49:54.163,23515,23516,23515,1,-1
2025-02-17 15:49:56.323,23515,23516,23515,1,-1
2025-02-17 15:49:58.949,23515,23516,23516,2,2
2025-02-17 15:49:58.949,23515,23516,23516,2,2
2025-02-17 15:50:01.992,23516,23517,23516,1,-1
2025-02-17 15:50:04.560,23516,23517,23517,1,1
2025-02-17 15:50:05.796,23516,23517,23516,1,-1
2025-02-17 15:50:12.394,23515,23516,23515,3,-3
2025-02-17 15:50:15.094,23514,23515,23515,1,1
2025-02-17 15:50:16.047,23515,23517,23515,1,-1
2025-02-17 15:50:21.938,23515,23517,23515,4,-4
2025-02-17 15:50:22.486,23514,23515,23515,1,1
2025-02-17 15:50:28.027,23514,23517,23514,6,-6
2025-02-17 15:50:28.331,23514,23515,23515,1,1
2025-02-17 15:50:40.732,23515,23516,23516,1,1
2025-02-17 15:50:40.733,23515,23516,23517,1,1
2025-02-17 15:50:41.385,23516,23519,23516,3,-3
2025-02-17 15:50:53.818,23516,23517,23516,1,-1
2025-02-17 15:50:53.819,23516,23517,23516,1,-1
2025-02-17 15:50:53.819,23516,23517,23516,1,-1
2025-02-17 15:50:53.819,23516,23517,23516,1,-1
2025-02-17 15:51:15.551,23515,23516,23515,1,-1
2025-02-17 15:51:15.551,23515,23516,23515,1,-1
2025-02-17 15:51:19.020,23514,23516,23514,1,-1
2025-02-17 15:51:22.238,23514,23515,23514,1,-1
2025-02-17 15:51:22.583,23513,23514,23513,1,-1
2025-02-17 15:51:23.934,23513,23514,23514,3,3
2025-02-17 15:51:24.562,23513,23514,23513,1,-1
2025-02-17 15:51:25.482,23512,23513,23512,1,-1
2025-02-17 15:51:27.315,23511,23513,23511,1,-1
2025-02-17 15:51:27.430,23511,23513,23511,1,-1
2025-02-17 15:51:27.525,23511,23513,23511,1,-1
2025-02-17 15:51:27.952,23511,23512,23511,1,-1
2025-02-17 15:51:28.971,23510,23512,23512,1,1
2025-02-17 15:51:29.671,23510,23513,23510,2,-2
2025-02-17 15:51:30.081,23511,23512,23511,1,-1
2025-02-17 15:51:30.081,23511,23512,23510,1,-1
2025-02-17 15:51:30.252,23510,23512,23510,2,-2
2025-02-17 15:51:30.263,23510,23512,23510,1,-1
2025-02-17 15:51:30.268,23510,23512,23510,3,-3
2025-02-17 15:51:30.329,23510,23511,23510,2,-2
2025-02-17 15:51:30.356,23510,23511,23509,1,-1
2025-02-17 15:51:30.389,23510,23511,23508,1,-1
2025-02-17 15:51:30.393,23510,23511,23508,1,-1
2025-02-17 15:51:30.417,23508,23509,23508,1,-1
2025-02-17 15:51:30.600,23509,23511,23509,1,-1
2025-02-17 15:51:31.314,23508,23511,23508,1,-1
2025-02-17 15:51:31.612,23509,23511,23509,1,-1
2025-02-17 15:51:32.223,23509,23511,23511,1,1
2025-02-17 15:51:33.782,23510,23511,23510,1,-1
2025-02-17 15:51:33.782,23510,23511,23509,1,-1
2025-02-17 15:51:33.797,23509,23511,23509,2,-2
2025-02-17 15:51:37.175,23508,23511,23509,6,-6
2025-02-17 15:51:38.408,23508,23509,23509,1,1
2025-02-17 15:51:45.341,23509,23511,23511,2,2
2025-02-17 15:51:45.948,23511,23512,23511,1,-1
2025-02-17 15:51:49.952,23510,23512,23510,7,-7
2025-02-17 15:51:53.520,23509,23512,23509,1,-1
2025-02-17 15:51:53.861,23509,23511,23509,1,-1
2025-02-17 15:52:00.035,23510,23511,23511,2,2
2025-02-17 15:52:00.545,23510,23512,23510,2,-2
2025-02-17 15:52:05.229,23509,23512,23509,3,-3
2025-02-17 15:52:05.411,23509,23512,23509,3,-3
2025-02-17 15:52:14.647,23509,23512,23509,1,-1
2025-02-17 15:52:24.963,23511,23512,23511,1,-1
2025-02-17 15:52:30.702,23511,23512,23512,1,1
2025-02-17 15:52:41.207,23511,23512,23511,1,-1
2025-02-17 15:52:45.921,23511,23512,23511,1,-1
2025-02-17 15:52:53.110,23511,23512,23511,2,-2
2025-02-17 15:52:59.166,23510,23511,23511,1,1
2025-02-17 15:53:04.378,23510,23511,23511,2,2
2025-02-17 15:53:04.407,23510,23511,23511,1,1
2025-02-17 15:53:11.876,23511,23512,23512,2,2
2025-02-17 15:53:11.877,23511,23512,23512,1,1
2025-02-17 15:53:11.877,23511,23512,23512,2,2
2025-02-17 15:53:12.960,23512,23514,23512,1,-1
2025-02-17 15:53:13.632,23512,23514,23514,3,3
2025-02-17 15:53:13.685,23512,23514,23514,1,1
2025-02-17 15:53:24.571,23512,23514,23512,1,-1
2025-02-17 15:53:27.824,23512,23514,23514,1,1
2025-02-17 15:53:30.957,23512,23514,23512,1,-1
2025-02-17 15:53:43.308,23512,23514,23512,1,-1
2025-02-17 15:53:51.096,23512,23514,23512,1,-1
2025-02-17 15:54:02.293,23512,23514,23514,1,1
2025-02-17 15:54:02.293,23512,23514,23514,1,1
2025-02-17 15:54:29.819,23513,23515,23515,4,4
2025-02-17 15:54:43.253,23515,23517,23516,1,1
2025-02-17 15:54:47.401,23515,23517,23517,1,1
2025-02-17 15:55:12.732,23517,23518,23517,2,-2
2025-02-17 15:55:13.427,23515,23517,23515,2,-2
2025-02-17 15:55:13.504,23515,23517,23514,2,-2
2025-02-17 15:55:26.648,23514,23517,23515,1,-1
2025-02-17 15:56:00.435,23515,23516,23515,1,-1
2025-02-17 15:56:03.016,23514,23515,23514,1,-1
2025-02-17 15:56:03.016,23514,23515,23514,1,-1
2025-02-17 15:56:03.039,23513,23514,23514,1,1
2025-02-17 15:56:18.850,23513,23515,23513,1,-1
2025-02-17 15:56:18.851,23513,23515,23513,1,-1
2025-02-17 15:56:23.758,23512,23513,23513,2,2
2025-02-17 15:56:39.437,23514,23515,23514,1,-1
2025-02-17 15:56:43.264,23514,23515,23514,1,-1
2025-02-17 15:56:48.892,23514,23515,23514,1,-1
2025-02-17 15:57:17.905,23513,23515,23513,2,-2
2025-02-17 15:57:18.235,23513,23515,23513,1,-1
2025-02-17 15:57:25.545,23512,23513,23513,7,7
2025-02-17 15:57:38.173,23513,23514,23513,1,-1
2025-02-17 15:57:48.421,23513,23514,23514,2,2
2025-02-17 15:57:48.421,23513,23514,23514,1,1
2025-02-17 15:57:48.538,23514,23515,23514,1,-1
2025-02-17 15:57:54.389,23513,23514,23514,1,1
2025-02-17 15:58:27.760,23513,23514,23514,1,1
2025-02-17 15:58:28.033,23513,23515,23513,1,-1
2025-02-17 15:58:28.040,23513,23515,23513,1,-1
2025-02-17 15:58:28.067,23513,23515,23513,1,-1
2025-02-17 15:58:28.067,23513,23515,23512,2,-2
2025-02-17 15:58:28.195,23512,23513,23512,1,-1
2025-02-17 15:58:28.211,23512,23513,23512,1,-1
2025-02-17 15:58:45.557,23513,23514,23514,1,1
2025-02-17 15:58:56.828,23513,23514,23513,1,-1
2025-02-17 15:59:00.231,23512,23513,23512,1,-1
2025-02-17 15:59:00.233,23512,23513,23511,7,-7
2025-02-17 15:59:00.235,23512,23513,23510,1,-1
2025-02-17 15:59:04.003,23510,23513,23510,1,-1
2025-02-17 15:59:04.203,23510,23513,23510,1,-1
2025-02-17 15:59:07.278,23510,23513,23510,1,-1
2025-02-17 15:59:14.842,23511,23513,23513,1,1
2025-02-17 15:59:17.317,23513,23514,23514,2,2
2025-02-17 15:59:17.317,23513,23514,23515,1,1
2025-02-17 15:59:18.647,23513,23515,23515,1,1
2025-02-17 15:59:18.662,23514,23516,23516,1,1
2025-02-17 15:59:18.662,23514,23516,23516,1,1
2025-02-17 15:59:18.674,23514,23516,23516,1,1
2025-02-17 15:59:18.830,23516,23517,23516,1,-1
2025-02-17 15:59:32.059,23514,23516,23516,1,1
2025-02-17 15:59:33.396,23514,23515,23514,3,-3
2025-02-17 15:59:40.320,23513,23514,23514,1,1
2025-02-17 15:59:44.586,23513,23514,23514,1,1
2025-02-17 15:59:47.141,23513,23514,23513,1,-1
2025-02-17 15:59:47.896,23512,23514,23514,4,4
2025-02-17 15:59:49.835,23513,23515,23515,1,1
2025-02-17 16:00:00.062,23513,23515,23515,1,1
2025-02-17 16:00:00.120,23513,23515,23515,1,1
2025-02-17 16:00:00.424,23513,23515,23513,1,-1
2025-02-17 16:00:00.491,23513,23515,23514,1,-1
2025-02-17 16:00:00.510,23513,23515,23513,2,-2
2025-02-17 16:00:00.518,23513,23515,23512,1,-1
2025-02-17 16:00:00.522,23513,23515,23511,9,-9
2025-02-17 16:00:00.522,23513,23515,23510,11,-11
2025-02-17 16:00:00.522,23513,23515,23512,4,-4
2025-02-17 16:00:00.523,23513,23515,23509,12,-12
2025-02-17 16:00:00.524,23513,23515,23510,8,-8
2025-02-17 16:00:00.525,23513,23515,23509,1,-1
2025-02-17 16:00:00.540,23508,23509,23508,1,-1
2025-02-17 16:00:00.541,23508,23509,23508,1,-1
2025-02-17 16:00:00.541,23508,23509,23508,2,-2
2025-02-17 16:00:00.541,23508,23509,23508,5,-5
2025-02-17 16:00:00.696,23507,23508,23507,1,-1
2025-02-17 16:00:00.696,23507,23508,23506,1,-1
2025-02-17 16:00:00.699,23507,23508,23506,1,-1
2025-02-17 16:00:00.700,23507,23508,23506,2,-2
2025-02-17 16:00:00.801,23506,23508,23506,1,-1
2025-02-17 16:00:00.820,23506,23508,23506,1,-1
2025-02-17 16:00:00.898,23506,23508,23506,1,-1
2025-02-17 16:00:00.955,23506,23507,23507,1,1
2025-02-17 16:00:00.956,23506,23507,23506,1,-1
2025-02-17 16:00:00.959,23506,23507,23507,1,1
2025-02-17 16:00:01.046,23506,23508,23506,1,-1
2025-02-17 16:00:01.140,23506,23508,23506,1,-1
2025-02-17 16:00:01.304,23506,23508,23508,1,1
2025-02-17 16:00:01.459,23507,23509,23507,1,-1
2025-02-17 16:00:02.729,23507,23509,23507,1,-1
2025-02-17 16:00:05.110,23506,23508,23508,1,1
2025-02-17 16:00:05.544,23507,23509,23509,1,1
2025-02-17 16:00:06.504,23509,23510,23510,1,1
2025-02-17 16:00:06.504,23509,23510,23510,3,3
2025-02-17 16:00:06.505,23509,23510,23510,2,2
2025-02-17 16:00:06.505,23509,23510,23510,1,1
2025-02-17 16:00:06.505,23509,23510,23510,1,1
2025-02-17 16:00:06.505,23509,23510,23510,2,2
2025-02-17 16:00:06.505,23509,23510,23510,4,4
2025-02-17 16:00:06.505,23509,23510,23510,1,1
2025-02-17 16:00:06.505,23509,23510,23510,1,1
2025-02-17 16:00:06.505,23509,23510,23510,1,1
2025-02-17 16:00:07.466,23509,23510,23510,1,1
2025-02-17 16:00:07.466,23509,23510,23510,1,1
2025-02-17 16:00:08.287,23511,23513,23512,1,1
2025-02-17 16:00:09.261,23512,23514,23512,1,-1
2025-02-17 16:00:10.377,23512,23513,23512,1,-1
2025-02-17 16:00:16.705,23512,23513,23512,2,-2
2025-02-17 16:00:16.705,23512,23513,23511,2,-2
2025-02-17 16:00:16.859,23511,23513,23511,1,-1
2025-02-17 16:00:24.733,23512,23513,23512,2,-2
2025-02-17 16:00:25.489,23512,23513,23512,1,-1
2025-02-17 16:00:27.006,23512,23513,23512,1,-1
2025-02-17 16:00:36.361,23512,23513,23512,1,-1
2025-02-17 16:00:44.585,23511,23512,23511,1,-1
2025-02-17 16:00:52.722,23509,23512,23510,1,-1
2025-02-17 16:01:01.748,23509,23510,23510,2,2
2025-02-17 16:01:02.136,23510,23513,23510,1,-1
2025-02-17 16:01:06.214,23511,23513,23513,1,1
2025-02-17 16:01:12.543,23513,23514,23513,1,-1
2025-02-17 16:01:12.663,23512,23514,23514,1,1
2025-02-17 16:01:18.201,23513,23514,23513,1,-1
2025-02-17 16:01:23.743,23512,23514,23512,1,-1
2025-02-17 16:01:41.205,23513,23514,23514,1,1
2025-02-17 16:01:41.376,23514,23515,23513,2,-2
2025-02-17 16:01:41.376,23514,23515,23512,1,-1
2025-02-17 16:01:41.794,23512,23515,23513,1,-1
2025-02-17 16:01:45.286,23512,23514,23512,1,-1
2025-02-17 16:01:51.595,23512,23514,23514,2,2
2025-02-17 16:01:51.812,23513,23515,23513,1,-1
2025-02-17 16:01:56.469,23512,23514,23511,1,-1
2025-02-17 16:01:59.334,23512,23513,23512,1,-1
2025-02-17 16:02:02.139,23511,23513,23511,2,-2
2025-02-17 16:02:02.139,23511,23513,23510,14,-14
2025-02-17 16:02:02.140,23511,23513,23510,2,-2
2025-02-17 16:02:04.458,23509,23510,23509,1,-1
2025-02-17 16:02:04.458,23509,23510,23509,1,-1
2025-02-17 16:02:04.716,23507,23509,23507,1,-1
2025-02-17 16:02:04.729,23507,23509,23507,1,-1
2025-02-17 16:02:09.302,23508,23510,23508,2,-2
2025-02-17 16:02:12.688,23509,23510,23509,2,-2
2025-02-17 16:02:13.873,23509,23510,23507,1,-1
2025-02-17 16:02:13.906,23509,23510,23509,5,-5
2025-02-17 16:02:15.924,23508,23510,23510,6,6
2025-02-17 16:02:15.924,23508,23510,23510,12,12
2025-02-17 16:02:20.780,23509,23512,23509,4,-4
2025-02-17 16:02:20.780,23509,23512,23508,6,-6
2025-02-17 16:02:21.716,23508,23510,23508,10,-10
2025-02-17 16:02:21.717,23508,23510,23508,1,-1
2025-02-17 16:02:25.310,23508,23511,23508,3,-3
2025-02-17 16:02:25.310,23508,23511,23507,1,-1
2025-02-17 16:02:29.283,23508,23510,23508,2,-2
2025-02-17 16:02:33.555,23507,23508,23508,2,2
2025-02-17 16:02:33.556,23507,23508,23508,1,1
2025-02-17 16:02:39.915,23509,23511,23509,1,-1
2025-02-17 16:02:46.659,23509,23510,23510,2,2
2025-02-17 16:02:47.008,23509,23512,23509,1,-1
2025-02-17 16:03:01.474,23510,23512,23511,1,-1
2025-02-17 16:03:01.623,23510,23512,23510,10,-10
2025-02-17 16:03:01.974,23510,23512,23510,1,-1
2025-02-17 16:03:02.604,23509,23512,23509,10,-10
2025-02-17 16:03:06.051,23509,23511,23509,4,-4
2025-02-17 16:03:06.051,23509,23511,23508,1,-1
2025-02-17 16:03:19.314,23509,23511,23509,4,-4
2025-02-17 16:03:22.808,23508,23509,23508,1,-1
2025-02-17 16:03:28.833,23508,23509,23509,1,1
2025-02-17 16:03:29.837,23508,23509,23509,2,2
2025-02-17 16:03:35.651,23508,23509,23509,1,1
2025-02-17 16:03:43.658,23509,23510,23509,1,-1
2025-02-17 16:03:45.314,23508,23510,23508,10,-10
2025-02-17 16:03:45.315,23508,23510,23507,1,-1
2025-02-17 16:03:45.316,23508,23510,23507,1,-1
2025-02-17 16:03:52.091,23507,23508,23507,15,-15
2025-02-17 16:03:52.091,23507,23508,23507,1,-1
2025-02-17 16:03:52.092,23507,23508,23506,1,-1
2025-02-17 16:03:52.092,23507,23508,23506,3,-3
2025-02-17 16:03:52.092,23507,23508,23506,6,-6
2025-02-17 16:03:52.093,23507,23508,23506,1,-1
2025-02-17 16:03:52.093,23507,23508,23506,1,-1
2025-02-17 16:03:52.093,23507,23508,23506,1,-1
2025-02-17 16:03:52.093,23507,23508,23506,1,-1
2025-02-17 16:03:52.093,23507,23508,23506,1,-1
2025-02-17 16:03:52.094,23507,23508,23505,2,-2
2025-02-17 16:03:52.094,23507,23508,23505,1,-1
2025-02-17 16:03:52.172,23504,23506,23504,1,-1
2025-02-17 16:03:52.195,23504,23506,23504,1,-1
2025-02-17 16:03:54.243,23504,23506,23506,1,1
2025-02-17 16:03:56.765,23505,23508,23506,5,-5
2025-02-17 16:03:56.766,23505,23508,23507,1,1
2025-02-17 16:04:04.075,23506,23509,23506,2,-2
2025-02-17 16:04:04.988,23507,23508,23507,1,-1
2025-02-17 16:04:12.799,23506,23509,23506,2,-2
2025-02-17 16:04:19.027,23506,23509,23506,1,-1
2025-02-17 16:04:21.673,23506,23509,23506,1,-1
2025-02-17 16:04:48.415,23506,23509,23509,2,2
2025-02-17 16:04:48.415,23506,23509,23510,6,6
2025-02-17 16:04:48.634,23509,23512,23509,1,-1
2025-02-17 16:04:51.548,23510,23511,23511,1,1
2025-02-17 16:04:57.108,23510,23511,23511,2,2
2025-02-17 16:05:02.357,23510,23512,23512,1,1
2025-02-17 16:05:03.308,23510,23512,23512,1,1
2025-02-17 16:05:03.309,23510,23512,23512,1,1
2025-02-17 16:05:03.309,23510,23512,23512,1,1
2025-02-17 16:05:07.685,23511,23513,23513,1,1
2025-02-17 16:05:11.948,23513,23514,23513,1,-1
2025-02-17 16:05:18.976,23512,23514,23512,1,-1
2025-02-17 16:05:22.680,23511,23514,23514,1,1
2025-02-17 16:05:24.025,23511,23514,23514,1,1
2025-02-17 16:05:24.025,23511,23514,23515,9,9
2025-02-17 16:05:25.692,23513,23516,23516,2,2
2025-02-17 16:05:25.692,23513,23516,23517,8,8
2025-02-17 16:05:26.139,23516,23518,23518,1,1
2025-02-17 16:05:28.338,23516,23518,23516,1,-1
2025-02-17 16:05:31.046,23516,23518,23518,2,2
2025-02-17 16:05:31.046,23516,23518,23519,1,1
2025-02-17 16:05:35.562,23516,23518,23518,2,2
2025-02-17 16:05:35.562,23516,23518,23519,1,1
2025-02-17 16:05:35.937,23516,23519,23519,4,4
2025-02-17 16:05:35.937,23516,23519,23520,6,6
2025-02-17 16:05:36.890,23517,23520,23521,4,4
2025-02-17 16:05:36.890,23517,23520,23520,6,6
2025-02-17 16:05:37.030,23518,23521,23521,1,1
2025-02-17 16:05:39.307,23518,23521,23521,2,2
2025-02-17 16:05:40.751,23519,23521,23519,1,-1
2025-02-17 16:05:46.138,23516,23519,23519,3,3
2025-02-17 16:05:48.620,23517,23519,23519,2,2
2025-02-17 16:05:48.620,23517,23519,23520,1,1
2025-02-17 16:05:48.730,23517,23520,23519,1,1
2025-02-17 16:05:53.184,23516,23519,23519,2,2
2025-02-17 16:06:00.949,23517,23520,23517,1,-1
2025-02-17 16:06:05.844,23516,23519,23517,1,-1
2025-02-17 16:06:13.395,23516,23518,23518,1,1
2025-02-17 16:06:13.707,23517,23520,23519,1,1
2025-02-17 16:06:24.551,23519,23520,23519,2,-2
2025-02-17 16:06:35.363,23517,23519,23519,2,2
2025-02-17 16:06:35.422,23519,23520,23519,1,-1
2025-02-17 16:06:40.461,23519,23520,23519,1,-1
2025-02-17 16:06:46.016,23516,23519,23519,2,2
2025-02-17 16:06:46.016,23516,23519,23520,7,7
2025-02-17 16:06:46.016,23516,23519,23521,1,1
2025-02-17 16:06:52.326,23518,23520,23520,1,1
2025-02-17 16:06:52.528,23518,23520,23520,1,1
2025-02-17 16:06:54.658,23518,23521,23521,4,4
2025-02-17 16:06:54.658,23518,23521,23522,6,6
2025-02-17 16:07:01.302,23520,23521,23520,1,-1
2025-02-17 16:07:01.724,23518,23521,23521,5,5
2025-02-17 16:07:03.178,23519,23522,23522,1,1
2025-02-17 16:07:08.953,23519,23521,23521,1,1
2025-02-17 16:07:21.528,23519,23521,23521,1,1
2025-02-17 16:07:27.903,23521,23522,23521,2,-2
2025-02-17 16:07:28.743,23521,23522,23521,2,-2
2025-02-17 16:07:29.010,23520,23521,23521,1,1
2025-02-17 16:07:47.914,23521,23522,23521,1,-1
2025-02-17 16:07:47.939,23521,23522,23521,1,-1
2025-02-17 16:07:50.909,23520,23521,23521,1,1
2025-02-17 16:07:51.775,23520,23521,23521,1,1
2025-02-17 16:07:51.776,23520,23521,23521,1,1
2025-02-17 16:07:52.239,23521,23522,23521,1,-1
2025-02-17 16:07:57.874,23521,23522,23522,1,1
2025-02-17 16:07:57.874,23521,23522,23522,1,1
2025-02-17 16:07:57.874,23521,23522,23522,3,3
2025-02-17 16:08:16.148,23522,23523,23523,1,1
2025-02-17 16:08:16.148,23522,23523,23523,1,1
2025-02-17 16:08:19.209,23523,23524,23524,1,1
2025-02-17 16:08:19.310,23523,23524,23524,1,1
2025-02-17 16:08:19.778,23523,23524,23524,1,1
2025-02-17 16:08:25.239,23522,23524,23522,2,-2
2025-02-17 16:08:25.239,23522,23524,23521,8,-8
2025-02-17 16:08:25.761,23519,23521,23521,1,1
2025-02-17 16:08:31.521,23519,23521,23519,3,-3
2025-02-17 16:09:04.389,23520,23521,23521,2,2
2025-02-17 16:09:04.523,23521,23522,23521,4,-4
2025-02-17 16:09:06.520,23520,23521,23521,3,3
2025-02-17 16:09:06.520,23520,23521,23521,1,1
2025-02-17 16:09:08.717,23520,23521,23521,1,1
2025-02-17 16:09:12.315,23520,23521,23521,2,2
2025-02-17 16:09:12.535,23521,23522,23521,3,-3
2025-02-17 16:09:16.377,23520,23521,23520,1,-1
2025-02-17 16:09:16.378,23520,23521,23520,1,-1
2025-02-17 16:09:39.001,23520,23521,23521,1,1
2025-02-17 16:09:43.205,23520,23521,23521,2,2
2025-02-17 16:09:43.410,23521,23522,23521,2,-2
2025-02-17 16:09:49.931,23520,23521,23521,4,4
2025-02-17 16:09:49.932,23520,23521,23522,3,3
2025-02-17 16:09:50.160,23522,23523,23522,3,-3
2025-02-17 16:09:50.160,23522,23523,23521,12,-12
2025-02-17 16:09:53.053,23520,23521,23521,1,1
2025-02-17 16:09:53.229,23520,23521,23521,1,1
2025-02-17 16:09:57.873,23520,23521,23521,1,1
2025-02-17 16:09:57.874,23520,23521,23522,1,1
2025-02-17 16:09:58.035,23521,23523,23521,2,-2
2025-02-17 16:09:59.927,23520,23521,23521,1,1
2025-02-17 16:10:00.153,23520,23521,23520,1,-1
2025-02-17 16:10:00.154,23520,23521,23520,4,-4
2025-02-17 16:10:00.203,23519,23521,23520,1,-1
2025-02-17 16:10:07.503,23519,23521,23519,1,-1
2025-02-17 16:10:42.620,23519,23520,23519,1,-1
2025-02-17 16:10:47.492,23519,23520,23519,1,-1
2025-02-17 16:10:47.528,23519,23520,23518,1,-1
2025-02-17 16:10:49.798,23516,23518,23518,3,3
2025-02-17 16:10:49.800,23516,23518,23518,2,2
2025-02-17 16:11:04.567,23516,23517,23516,1,-1
2025-02-17 16:11:04.567,23516,23517,23516,1,-1
2025-02-17 16:11:11.285,23515,23516,23515,1,-1
2025-02-17 16:11:11.285,23515,23516,23515,2,-2
2025-02-17 16:11:11.429,23514,23516,23514,1,-1
2025-02-17 16:11:11.990,23514,23516,23516,1,1
2025-02-17 16:11:23.024,23516,23517,23517,3,3
2025-02-17 16:11:23.523,23517,23520,23517,2,-2
2025-02-17 16:11:42.997,23518,23520,23520,2,2
2025-02-17 16:11:48.627,23520,23521,23520,1,-1
2025-02-17 16:11:55.862,23520,23521,23520,1,-1
2025-02-17 16:11:56.997,23518,23521,23520,5,5
2025-02-17 16:12:23.522,23519,23520,23520,2,2
2025-02-17 16:12:24.399,23519,23521,23520,1,1
2025-02-17 16:12:28.439,23519,23520,23519,1,-1
2025-02-17 16:13:01.729,23519,23520,23519,1,-1
2025-02-17 16:13:02.482,23518,23520,23519,1,-1
2025-02-17 16:13:10.558,23518,23519,23519,2,2
2025-02-17 16:13:43.134,23519,23520,23520,2,2
2025-02-17 16:13:43.134,23519,23520,23520,1,1
2025-02-17 16:14:05.250,23520,23521,23521,3,3
2025-02-17 16:14:05.250,23520,23521,23521,1,1
2025-02-17 16:14:05.398,23521,23522,23521,2,-2
2025-02-17 16:14:12.845,23520,23521,23521,1,1
2025-02-17 16:14:12.845,23520,23521,23522,1,1
2025-02-17 16:14:19.283,23521,23522,23522,1,1
2025-02-17 16:14:19.731,23521,23523,23523,1,1
2025-02-17 16:14:23.408,23522,23523,23523,1,1
2025-02-17 16:14:48.512,23520,23522,23520,2,-2
2025-02-17 16:14:50.513,23520,23522,23520,2,-2
2025-02-17 16:14:57.541,23520,23522,23520,2,-2
2025-02-17 16:15:01.546,23520,23521,23520,1,-1
2025-02-17 16:15:01.548,23520,23521,23519,5,-5
2025-02-17 16:15:01.570,23520,23521,23520,1,-1
2025-02-17 16:15:01.897,23518,23520,23520,1,1
2025-02-17 16:15:05.677,23518,23520,23520,4,4
2025-02-17 16:15:05.788,23518,23521,23518,1,-1
2025-02-17 16:15:06.784,23519,23521,23519,1,-1
2025-02-17 16:15:07.784,23519,23521,23519,1,-1
2025-02-17 16:15:07.914,23518,23521,23518,1,-1
2025-02-17 16:15:08.785,23518,23521,23518,1,-1
2025-02-17 16:15:16.453,23519,23520,23519,1,-1
2025-02-17 16:15:18.204,23517,23520,23517,2,-2
2025-02-17 16:15:19.286,23516,23518,23518,1,1
2025-02-17 16:15:26.487,23516,23518,23516,3,-3
2025-02-17 16:15:31.521,23516,23518,23516,1,-1
2025-02-17 16:15:31.538,23516,23518,23516,1,-1
2025-02-17 16:15:31.538,23516,23518,23516,1,-1
2025-02-17 16:15:36.165,23515,23518,23515,2,-2
2025-02-17 16:15:45.591,23515,23517,23515,2,-2
2025-02-17 16:15:51.368,23515,23517,23515,1,-1
2025-02-17 16:15:55.238,23514,23515,23514,1,-1
2025-02-17 16:15:56.059,23512,23515,23512,2,-2
2025-02-17 16:16:05.105,23511,23513,23511,2,-2
2025-02-17 16:16:05.105,23511,23513,23511,1,-1
2025-02-17 16:16:05.177,23510,23513,23513,1,1
2025-02-17 16:16:05.177,23510,23513,23513,1,1
2025-02-17 16:16:05.289,23510,23513,23510,1,-1
2025-02-17 16:16:05.845,23510,23512,23510,1,-1
2025-02-17 16:16:06.247,23510,23512,23510,1,-1
2025-02-17 16:16:09.480,23509,23511,23509,2,-2
2025-02-17 16:16:09.538,23508,23511,23511,1,1
2025-02-17 16:16:09.538,23508,23511,23511,1,1
2025-02-17 16:16:09.558,23508,23511,23509,1,-1
2025-02-17 16:16:12.033,23509,23511,23510,1,-1
2025-02-17 16:16:13.381,23509,23511,23509,1,-1
2025-02-17 16:16:28.908,23509,23511,23509,2,-2
2025-02-17 16:16:29.576,23509,23511,23509,1,-1
2025-02-17 16:16:29.577,23509,23511,23508,5,-5
2025-02-17 16:16:29.596,23509,23511,23509,1,-1
2025-02-17 16:16:29.664,23507,23509,23509,1,1
2025-02-17 16:16:30.519,23507,23509,23509,1,1
2025-02-17 16:16:31.215,23507,23508,23508,1,1
2025-02-17 16:16:33.425,23507,23508,23508,1,1
2025-02-17 16:16:33.425,23507,23508,23509,1,1
2025-02-17 16:16:34.860,23507,23510,23509,1,1
2025-02-17 16:17:01.334,23507,23508,23507,1,-1
2025-02-17 16:17:02.922,23506,23508,23506,1,-1
2025-02-17 16:17:02.922,23506,23508,23506,2,-2
2025-02-17 16:17:02.922,23506,23508,23506,1,-1
2025-02-17 16:17:02.927,23506,23508,23505,1,-1
2025-02-17 16:17:02.927,23506,23508,23505,3,-3
2025-02-17 16:17:03.478,23504,23506,23506,1,1
2025-02-17 16:17:07.058,23505,23506,23506,2,2
2025-02-17 16:17:22.553,23507,23510,23510,1,1
2025-02-17 16:17:22.938,23507,23510,23510,1,1
2025-02-17 16:17:22.942,23507,23510,23511,1,1
2025-02-17 16:17:27.389,23509,23511,23511,1,1
2025-02-17 16:17:27.414,23509,23512,23512,1,1
2025-02-17 16:17:29.642,23509,23512,23512,2,2
2025-02-17 16:17:33.743,23509,23512,23512,1,1
2025-02-17 16:17:37.722,23510,23512,23510,1,-1
2025-02-17 16:17:55.620,23509,23510,23510,2,2
2025-02-17 16:18:02.935,23510,23511,23511,1,1
2025-02-17 16:18:02.959,23510,23511,23511,1,1
2025-02-17 16:18:03.964,23510,23511,23510,1,-1
2025-02-17 16:18:05.165,23509,23511,23509,4,-4
2025-02-17 16:18:06.998,23508,23511,23511,3,3
2025-02-17 16:18:09.965,23510,23512,23510,1,-1
2025-02-17 16:18:09.993,23510,23512,23510,1,-1
2025-02-17 16:18:16.564,23509,23510,23509,1,-1
2025-02-17 16:18:22.863,23506,23509,23506,1,-1
2025-02-17 16:18:25.871,23507,23508,23508,1,1
2025-02-17 16:18:31.036,23507,23508,23508,1,1
2025-02-17 16:18:37.551,23508,23509,23508,2,-2
2025-02-17 16:18:37.551,23508,23509,23507,1,-1
2025-02-17 16:18:39.735,23507,23509,23507,2,-2
2025-02-17 16:18:39.735,23507,23509,23506,1,-1
2025-02-17 16:18:46.080,23507,23509,23507,1,-1
2025-02-17 16:18:59.417,23508,23509,23508,1,-1
2025-02-17 16:19:11.416,23507,23508,23507,1,-1
2025-02-17 16:19:19.601,23506,23507,23507,1,1
2025-02-17 16:19:20.039,23506,23509,23506,2,-2
2025-02-17 16:19:45.763,23506,23508,23506,1,-1
2025-02-17 16:19:47.636,23506,23507,23507,3,3
2025-02-17 16:19:51.387,23506,23508,23506,1,-1
2025-02-17 16:20:00.353,23505,23507,23505,1,-1
2025-02-17 16:20:00.494,23505,23507,23505,3,-3
2025-02-17 16:20:10.389,23506,23507,23506,1,-1
2025-02-17 16:20:17.010,23505,23506,23506,1,1
2025-02-17 16:20:33.586,23505,23508,23505,5,-5
2025-02-17 16:20:50.691,23506,23508,23506,1,-1
2025-02-17 16:20:50.878,23506,23508,23507,1,-1
2025-02-17 16:20:51.536,23506,23508,23506,1,-1
2025-02-17 16:20:51.536,23506,23508,23505,4,-4
2025-02-17 16:20:55.463,23505,23507,23505,2,-2
2025-02-17 16:21:04.483,23505,23507,23505,1,-1
2025-02-17 16:21:04.540,23504,23507,23504,1,-1
2025-02-17 16:21:04.540,23504,23507,23504,1,-1
2025-02-17 16:21:06.452,23504,23506,23506,1,1
2025-02-17 16:21:06.538,23504,23507,23504,1,-1
2025-02-17 16:21:23.117,23506,23507,23506,1,-1
2025-02-17 16:21:23.163,23505,23507,23505,1,-1
2025-02-17 16:21:28.550,23505,23507,23506,1,-1
2025-02-17 16:21:32.829,23505,23506,23506,1,1
2025-02-17 16:21:32.914,23505,23506,23505,1,-1
2025-02-17 16:21:32.914,23505,23506,23505,1,-1
2025-02-17 16:21:33.224,23504,23506,23506,1,1
2025-02-17 16:21:33.649,23504,23506,23504,3,-3
2025-02-17 16:21:35.320,23503,23504,23503,1,-1
2025-02-17 16:21:35.417,23503,23504,23504,4,4
2025-02-17 16:21:35.430,23503,23504,23503,1,-1
2025-02-17 16:21:35.689,23503,23504,23504,1,1
2025-02-17 16:21:35.725,23503,23504,23503,1,-1
2025-02-17 16:21:37.725,23503,23504,23503,1,-1
2025-02-17 16:21:41.159,23502,23503,23503,1,1
2025-02-17 16:21:41.160,23502,23503,23503,2,2
2025-02-17 16:21:43.826,23503,23504,23504,6,6
2025-02-17 16:21:43.878,23503,23504,23507,1,1
2025-02-17 16:21:50.398,23504,23506,23504,1,-1
2025-02-17 16:21:56.023,23503,23506,23503,1,-1
2025-02-17 16:22:02.440,23503,23505,23503,1,-1
2025-02-17 16:22:02.952,23503,23505,23503,2,-2
2025-02-17 16:22:03.550,23502,23505,23505,1,1
2025-02-17 16:22:04.898,23503,23505,23503,1,-1
2025-02-17 16:22:05.082,23503,23505,23503,1,-1
2025-02-17 16:22:05.125,23503,23505,23505,2,2
2025-02-17 16:22:05.390,23503,23506,23502,1,-1
2025-02-17 16:22:05.579,23502,23505,23502,1,-1
2025-02-17 16:22:05.585,23502,23505,23502,1,-1
2025-02-17 16:22:05.588,23502,23505,23502,2,-2
2025-02-17 16:22:11.687,23502,23505,23502,1,-1
2025-02-17 16:22:22.606,23502,23505,23502,1,-1
2025-02-17 16:22:27.354,23502,23505,23502,1,-1
2025-02-17 16:22:27.419,23502,23504,23502,1,-1
2025-02-17 16:22:27.551,23502,23504,23502,1,-1
2025-02-17 16:22:27.732,23502,23504,23502,1,-1
2025-02-17 16:22:27.929,23502,23504,23502,1,-1
2025-02-17 16:22:27.930,23502,23504,23502,5,-5
2025-02-17 16:22:28.098,23501,23503,23501,1,-1
2025-02-17 16:22:28.163,23501,23502,23501,1,-1
2025-02-17 16:22:28.164,23501,23502,23501,1,-1
2025-02-17 16:22:28.164,23501,23502,23501,7,-7
2025-02-17 16:22:28.166,23501,23502,23500,1,-1
2025-02-17 16:22:28.166,23501,23502,23500,1,-1
2025-02-17 16:22:28.166,23501,23502,23500,1,-1
2025-02-17 16:22:28.166,23501,23502,23500,4,-4
2025-02-17 16:22:28.166,23501,23502,23500,1,-1
2025-02-17 16:22:28.166,23501,23502,23500,2,-2
2025-02-17 16:22:28.166,23501,23502,23500,1,-1
2025-02-17 16:22:28.168,23501,23502,23499,1,-1
2025-02-17 16:22:28.168,23501,23502,23499,1,-1
2025-02-17 16:22:28.168,23501,23502,23499,1,-1
2025-02-17 16:22:28.168,23501,23502,23499,2,-2
2025-02-17 16:22:28.168,23501,23502,23499,1,-1
2025-02-17 16:22:28.168,23501,23502,23499,1,-1
2025-02-17 16:22:28.169,23501,23502,23499,1,-1
2025-02-17 16:22:28.169,23501,23502,23499,1,-1
2025-02-17 16:22:28.169,23501,23502,23499,1,-1
2025-02-17 16:22:28.169,23501,23502,23499,2,-2
2025-02-17 16:22:28.172,23501,23502,23498,2,-2
2025-02-17 16:22:28.297,23498,23500,23498,4,-4
2025-02-17 16:22:28.317,23498,23500,23497,1,-1
2025-02-17 16:22:28.335,23498,23500,23497,1,-1
2025-02-17 16:22:28.337,23498,23500,23497,1,-1
2025-02-17 16:22:28.516,23497,23499,23497,1,-1
2025-02-17 16:22:28.682,23497,23500,23497,1,-1
2025-02-17 16:22:29.543,23498,23500,23500,1,1
2025-02-17 16:22:31.831,23498,23500,23498,1,-1
2025-02-17 16:22:32.270,23497,23500,23500,1,1
2025-02-17 16:22:36.259,23498,23500,23498,1,-1
2025-02-17 16:22:42.789,23498,23500,23498,1,-1
2025-02-17 16:22:42.914,23498,23499,23498,1,-1
2025-02-17 16:22:45.016,23496,23499,23499,1,1
2025-02-17 16:22:51.804,23496,23499,23499,1,1
2025-02-17 16:22:59.137,23496,23498,23497,1,1
2025-02-17 16:23:00.512,23497,23498,23497,1,-1
2025-02-17 16:23:00.671,23496,23498,23496,4,-4
2025-02-17 16:23:01.828,23496,23498,23498,1,1
2025-02-17 16:23:02.408,23497,23499,23498,1,1
2025-02-17 16:23:04.721,23498,23499,23498,2,-2
2025-02-17 16:23:08.169,23497,23499,23497,1,-1
2025-02-17 16:23:19.413,23497,23499,23499,2,2
2025-02-17 16:23:19.661,23498,23500,23500,1,1
2025-02-17 16:23:20.173,23498,23500,23498,1,-1
2025-02-17 16:23:23.702,23498,23500,23498,2,-2
2025-02-17 16:23:24.088,23497,23500,23500,1,1
2025-02-17 16:23:42.376,23499,23500,23499,1,-1
2025-02-17 16:23:54.068,23499,23500,23500,5,5
2025-02-17 16:23:54.093,23499,23500,23501,1,1
2025-02-17 16:23:54.977,23501,23503,23501,1,-1
2025-02-17 16:23:57.753,23502,23504,23504,1,1
2025-02-17 16:24:02.834,23503,23505,23503,1,-1
2025-02-17 16:24:03.214,23503,23505,23503,2,-2
2025-02-17 16:24:03.214,23503,23505,23502,2,-2
2025-02-17 16:24:03.268,23503,23505,23501,1,-1
2025-02-17 16:24:03.268,23503,23505,23500,3,-3
2025-02-17 16:24:03.268,23503,23505,23502,1,-1
2025-02-17 16:24:03.575,23499,23502,23499,3,-3
2025-02-17 16:24:03.773,23499,23502,23502,1,1
2025-02-17 16:24:03.867,23500,23503,23503,1,1
2025-02-17 16:24:05.943,23500,23503,23500,1,-1
2025-02-17 16:24:06.045,23500,23503,23503,1,1
2025-02-17 16:24:29.619,23499,23501,23501,4,4
2025-02-17 16:24:36.134,23500,23502,23501,1,1
2025-02-17 16:24:43.276,23500,23503,23503,2,2
2025-02-17 16:24:59.460,23501,23503,23503,1,1
2025-02-17 16:24:59.460,23501,23503,23503,1,1
2025-02-17 16:24:59.485,23501,23503,23504,1,1
2025-02-17 16:25:17.598,23505,23506,23505,1,-1
2025-02-17 16:25:17.963,23505,23506,23505,1,-1
2025-02-17 16:25:17.967,23505,23506,23505,1,-1
2025-02-17 16:25:17.968,23505,23506,23505,1,-1
2025-02-17 16:25:18.678,23503,23506,23503,1,-1
2025-02-17 16:25:18.825,23503,23506,23503,3,-3
2025-02-17 16:25:18.865,23503,23506,23503,3,-3
2025-02-17 16:25:19.314,23501,23504,23501,1,-1
2025-02-17 16:25:19.591,23501,23504,23501,3,-3
2025-02-17 16:25:19.591,23501,23504,23500,4,-4
2025-02-17 16:26:33.689,23501,23502,23501,3,-3
2025-02-17 16:26:33.689,23501,23502,23501,1,-1
2025-02-17 16:26:33.712,23501,23502,23501,2,-2
2025-02-17 16:26:35.052,23500,23501,23501,1,1
2025-02-17 16:26:47.336,23501,23502,23501,1,-1
2025-02-17 16:27:03.159,23500,23502,23500,14,-14
2025-02-17 16:27:03.160,23499,23502,23499,1,-1
2025-02-17 16:27:03.161,23499,23502,23499,2,-2
2025-02-17 16:27:03.161,23499,23502,23499,2,-2
2025-02-17 16:27:03.510,23498,23499,23498,1,-1
2025-02-17 16:27:03.736,23498,23499,23499,1,1
2025-02-17 16:27:04.640,23498,23499,23499,1,1
2025-02-17 16:27:04.708,23498,23499,23499,1,1
2025-02-17 16:27:28.351,23498,23499,23498,1,-1
2025-02-17 16:27:28.351,23498,23499,23498,4,-4
2025-02-17 16:27:28.605,23496,23497,23496,1,-1
2025-02-17 16:27:36.989,23495,23496,23496,1,1
2025-02-17 16:27:36.989,23495,23496,23496,1,1
2025-02-17 16:27:36.989,23495,23496,23496,1,1
2025-02-17 16:27:39.098,23495,23497,23497,1,1
2025-02-17 16:27:49.728,23496,23498,23496,3,-3
2025-02-17 16:27:53.943,23497,23499,23499,1,1
2025-02-17 16:27:53.943,23497,23499,23500,4,4
2025-02-17 16:28:07.616,23497,23500,23497,10,-10
2025-02-17 16:28:08.815,23496,23499,23496,7,-7
2025-02-17 16:28:08.815,23496,23499,23495,3,-3
2025-02-17 16:28:08.923,23495,23497,23495,1,-1
2025-02-17 16:28:08.934,23495,23497,23494,1,-1
2025-02-17 16:28:08.937,23495,23497,23494,1,-1
2025-02-17 16:28:09.032,23495,23497,23496,1,-1
2025-02-17 16:28:09.040,23494,23497,23494,2,-2
2025-02-17 16:28:09.274,23494,23497,23497,1,1
2025-02-17 16:28:10.290,23494,23497,23494,8,-8
2025-02-17 16:28:10.290,23494,23497,23493,2,-2
2025-02-17 16:28:10.460,23493,23496,23493,2,-2
2025-02-17 16:28:10.813,23493,23495,23493,1,-1
2025-02-17 16:28:15.527,23493,23495,23494,2,-2
2025-02-17 16:28:22.684,23494,23496,23492,2,-2
2025-02-17 16:28:22.684,23494,23496,23493,7,-7
2025-02-17 16:28:22.684,23494,23496,23494,1,-1
2025-02-17 16:28:22.828,23492,23495,23492,4,-4
2025-02-17 16:28:22.829,23492,23495,23492,3,-3
2025-02-17 16:28:22.934,23491,23494,23491,1,-1
2025-02-17 16:28:23.738,23491,23494,23491,5,-5
2025-02-17 16:28:23.738,23491,23494,23490,5,-5
2025-02-17 16:28:23.741,23491,23494,23493,2,2
2025-02-17 16:28:23.872,23491,23493,23491,1,-1
2025-02-17 16:28:26.608,23491,23493,23491,3,-3
2025-02-17 16:28:26.608,23491,23493,23490,7,-7
2025-02-17 16:28:27.210,23491,23493,23491,1,-1
2025-02-17 16:28:29.683,23492,23493,23492,1,-1
2025-02-17 16:28:32.838,23491,23493,23489,6,-6
2025-02-17 16:28:32.838,23491,23493,23490,3,-3
2025-02-17 16:28:32.838,23491,23493,23491,1,-1
2025-02-17 16:28:36.470,23489,23492,23489,3,-3
2025-02-17 16:28:36.470,23489,23492,23488,7,-7
2025-02-17 16:28:36.590,23488,23491,23488,1,-1
2025-02-17 16:28:36.596,23488,23491,23488,1,-1
2025-02-17 16:28:39.242,23489,23492,23489,8,-8
2025-02-17 16:28:39.242,23489,23492,23488,2,-2
2025-02-17 16:28:39.409,23488,23491,23488,1,-1
2025-02-17 16:28:44.296,23489,23492,23489,3,-3
2025-02-17 16:28:51.448,23490,23493,23493,1,1
2025-02-17 16:28:54.281,23492,23493,23493,1,1
2025-02-17 16:28:59.109,23493,23495,23493,1,-1
2025-02-17 16:28:59.408,23492,23495,23492,1,-1
2025-02-17 16:29:01.339,23491,23493,23492,1,-1
2025-02-17 16:29:01.545,23491,23493,23490,1,-1
2025-02-17 16:29:01.545,23491,23493,23491,1,-1
2025-02-17 16:29:01.679,23491,23493,23491,1,-1
2025-02-17 16:29:03.094,23492,23494,23492,1,-1
2025-02-17 16:29:03.094,23492,23494,23491,3,-3
2025-02-17 16:29:03.094,23492,23494,23490,5,-5
2025-02-17 16:29:03.094,23492,23494,23489,1,-1
2025-02-17 16:29:03.459,23489,23492,23489,1,-1
2025-02-17 16:29:04.489,23489,23492,23489,5,-5
2025-02-17 16:29:04.489,23489,23492,23488,5,-5
2025-02-17 16:29:06.508,23488,23490,23490,1,1
2025-02-17 16:29:06.639,23488,23490,23488,6,-6
2025-02-17 16:29:06.639,23488,23490,23487,4,-4
2025-02-17 16:29:06.681,23487,23490,23487,1,-1
2025-02-17 16:29:06.691,23487,23490,23487,1,-1
2025-02-17 16:29:06.738,23487,23490,23486,1,-1
2025-02-17 16:29:06.738,23487,23490,23487,1,-1
2025-02-17 16:29:06.759,23487,23490,23489,2,2
2025-02-17 16:29:06.912,23487,23489,23487,4,-4
2025-02-17 16:29:07.452,23486,23489,23489,1,1
2025-02-17 16:29:07.617,23488,23490,23488,5,-5
2025-02-17 16:29:07.617,23488,23490,23487,4,-4
2025-02-17 16:29:07.617,23488,23490,23486,1,-1
2025-02-17 16:29:09.394,23488,23490,23488,1,-1
2025-02-17 16:29:09.512,23488,23490,23490,1,1
2025-02-17 16:29:10.193,23488,23490,23488,2,-2
2025-02-17 16:29:14.120,23487,23489,23487,1,-1
2025-02-17 16:29:18.308,23488,23490,23488,2,-2
2025-02-17 16:29:18.308,23488,23490,23487,8,-8
2025-02-17 16:29:20.051,23487,23489,23486,7,-7
2025-02-17 16:29:20.051,23487,23489,23487,3,-3
2025-02-17 16:29:20.152,23487,23489,23488,1,-1
2025-02-17 16:29:20.237,23486,23488,23488,1,1
2025-02-17 16:29:21.628,23486,23489,23487,1,-1
2025-02-17 16:29:21.673,23487,23490,23489,1,1
2025-02-17 16:29:23.894,23487,23490,23487,2,-2
2025-02-17 16:29:24.255,23487,23489,23489,1,1
2025-02-17 16:29:35.344,23488,23490,23490,8,8
2025-02-17 16:29:35.345,23488,23490,23490,1,1
2025-02-17 16:29:35.345,23488,23490,23490,1,1
2025-02-17 16:29:37.511,23490,23492,23490,1,-1
2025-02-17 16:29:39.542,23489,23490,23490,1,1
2025-02-17 16:29:45.709,23488,23491,23488,2,-2
2025-02-17 16:29:49.850,23487,23491,23487,1,-1
2025-02-17 16:30:00.003,23488,23489,23489,1,1
2025-02-17 16:30:00.003,23488,23489,23490,1,1
2025-02-17 16:30:00.065,23489,23491,23489,1,-1
2025-02-17 16:30:00.183,23488,23491,23488,1,-1
2025-02-17 16:30:00.192,23488,23491,23488,2,-2
2025-02-17 16:30:00.192,23488,23491,23487,2,-2
2025-02-17 16:30:00.192,23488,23491,23487,1,-1
2025-02-17 16:30:00.192,23488,23491,23487,1,-1
2025-02-17 16:30:00.269,23488,23491,23487,1,-1
2025-02-17 16:30:00.290,23487,23489,23487,1,-1
2025-02-17 16:30:00.496,23487,23489,23488,1,-1
2025-02-17 16:30:00.618,23487,23489,23487,1,-1
2025-02-17 16:30:01.515,23487,23488,23488,1,1
2025-02-17 16:30:01.751,23487,23489,23487,1,-1
2025-02-17 16:30:01.774,23487,23489,23487,1,-1
2025-02-17 16:30:02.123,23487,23489,23487,1,-1
2025-02-17 16:30:02.443,23487,23489,23487,1,-1
2025-02-17 16:30:03.820,23487,23490,23487,1,-1
2025-02-17 16:30:06.385,23488,23491,23488,1,-1
2025-02-17 16:30:09.802,23488,23490,23490,1,1
2025-02-17 16:30:11.644,23490,23491,23490,1,-1
2025-02-17 16:30:14.552,23489,23491,23491,1,1
2025-02-17 16:30:14.552,23489,23491,23491,5,5
2025-02-17 16:30:15.609,23490,23492,23490,1,-1
2025-02-17 16:30:17.025,23490,23491,23490,1,-1
2025-02-17 16:30:17.251,23489,23491,23491,1,1
2025-02-17 16:30:24.693,23489,23491,23489,1,-1
2025-02-17 16:30:26.595,23489,23491,23491,1,1
2025-02-17 16:30:27.087,23489,23491,23491,1,1
2025-02-17 16:30:30.212,23489,23491,23489,3,-3
2025-02-17 16:30:30.214,23489,23491,23490,2,-2
2025-02-17 16:30:34.738,23489,23491,23491,1,1
2025-02-17 16:30:34.962,23490,23491,23491,2,2
2025-02-17 16:30:34.962,23490,23491,23491,1,1
2025-02-17 16:30:40.511,23490,23491,23491,1,1
2025-02-17 16:30:44.566,23491,23492,23492,1,1
2025-02-17 16:30:48.564,23491,23492,23492,1,1
2025-02-17 16:30:48.663,23491,23493,23491,1,-1
2025-02-17 16:30:59.665,23491,23492,23492,2,2
2025-02-17 16:31:08.193,23492,23493,23492,1,-1
2025-02-17 16:31:11.310,23491,23492,23491,1,-1
2025-02-17 16:31:11.414,23491,23492,23492,1,1
2025-02-17 16:31:12.204,23491,23493,23491,2,-2
2025-02-17 16:31:31.370,23490,23491,23490,2,-2
2025-02-17 16:31:31.370,23490,23491,23489,1,-1
2025-02-17 16:31:40.323,23489,23491,23490,2,-2
2025-02-17 16:31:52.982,23490,23492,23490,1,-1
2025-02-17 16:31:55.869,23490,23492,23492,1,1
2025-02-17 16:32:01.967,23491,23492,23491,1,-1
2025-02-17 16:32:06.199,23490,23492,23490,2,-2
2025-02-17 16:32:12.541,23490,23492,23490,1,-1
2025-02-17 16:32:13.514,23489,23491,23492,2,2
