2024-06-07 15:00:00.056,21894,21900,21898,50,50
2024-06-07 15:00:00.200,21894,21898,21898,2,2
2024-06-07 15:00:00.350,21894,21898,21898,1,1
2024-06-07 15:00:00.375,21894,21898,21898,1,1
2024-06-07 15:00:00.380,21894,21898,21898,1,1
2024-06-07 15:00:00.382,21894,21898,21898,1,1
2024-06-07 15:00:00.393,21895,21900,21900,1,1
2024-06-07 15:00:00.399,21895,21900,21900,1,1
2024-06-07 15:00:00.453,21895,21900,21900,1,1
2024-06-07 15:00:00.492,21895,21900,21900,1,1
2024-06-07 15:00:00.521,21895,21900,21900,1,1
2024-06-07 15:00:00.537,21895,21900,21900,1,1
2024-06-07 15:00:00.541,21895,21900,21900,1,1
2024-06-07 15:00:00.542,21895,21900,21900,7,7
2024-06-07 15:00:00.544,21895,21900,21895,1,-1
2024-06-07 15:00:00.544,21895,21900,21895,1,-1
2024-06-07 15:00:00.544,21895,21900,21895,2,-2
2024-06-07 15:00:00.637,21895,21900,21900,1,1
2024-06-07 15:00:00.643,21899,21901,21901,1,1
2024-06-07 15:00:00.653,21899,21901,21901,1,1
2024-06-07 15:00:00.660,21899,21901,21902,1,1
2024-06-07 15:00:00.666,21899,21901,21902,1,1
2024-06-07 15:00:00.681,21899,21901,21902,1,1
2024-06-07 15:00:00.727,21899,21901,21902,1,1
2024-06-07 15:00:00.769,21901,21902,21902,2,2
2024-06-07 15:00:00.776,21901,21902,21902,1,1
2024-06-07 15:00:00.780,21901,21902,21903,1,1
2024-06-07 15:00:00.786,21901,21902,21903,1,1
2024-06-07 15:00:00.793,21901,21902,21904,1,1
2024-06-07 15:00:00.827,21901,21902,21904,1,1
2024-06-07 15:00:00.833,21901,21902,21904,3,3
2024-06-07 15:00:00.833,21901,21902,21905,1,1
2024-06-07 15:00:00.890,21901,21902,21905,2,2
2024-06-07 15:00:00.897,21904,21905,21905,1,1
2024-06-07 15:00:00.916,21904,21905,21905,1,1
2024-06-07 15:00:00.934,21904,21905,21905,1,1
2024-06-07 15:00:00.943,21904,21905,21905,1,1
2024-06-07 15:00:00.948,21904,21905,21903,2,-2
2024-06-07 15:00:00.948,21904,21905,21904,1,-1
2024-06-07 15:00:00.967,21904,21905,21905,1,1
2024-06-07 15:00:00.989,21904,21905,21905,1,1
2024-06-07 15:00:00.989,21904,21905,21906,1,1
2024-06-07 15:00:01.000,21904,21905,21904,2,-2
2024-06-07 15:00:01.000,21904,21905,21903,1,-1
2024-06-07 15:00:01.002,21904,21905,21906,1,1
2024-06-07 15:00:01.029,21903,21906,21903,1,-1
2024-06-07 15:00:01.029,21903,21906,21903,1,-1
2024-06-07 15:00:01.058,21903,21906,21906,1,1
2024-06-07 15:00:01.070,21903,21906,21906,3,3
2024-06-07 15:00:01.070,21903,21906,21907,1,1
2024-06-07 15:00:01.076,21903,21906,21907,4,4
2024-06-07 15:00:01.242,21906,21907,21906,2,-2
2024-06-07 15:00:01.266,21906,21907,21907,1,1
2024-06-07 15:00:01.287,21906,21908,21906,1,-1
2024-06-07 15:00:01.365,21906,21908,21907,1,-1
2024-06-07 15:00:01.549,21904,21907,21907,1,1
2024-06-07 15:00:02.222,21905,21908,21905,1,-1
2024-06-07 15:00:02.545,21905,21906,21906,1,1
2024-06-07 15:00:02.688,21905,21907,21905,2,-2
2024-06-07 15:00:02.810,21905,21906,21905,1,-1
2024-06-07 15:00:03.081,21905,21906,21906,1,1
2024-06-07 15:00:03.081,21905,21906,21907,1,1
2024-06-07 15:00:03.244,21905,21907,21907,1,1
2024-06-07 15:00:03.657,21905,21906,21905,3,-3
2024-06-07 15:00:03.657,21905,21906,21905,1,-1
2024-06-07 15:00:03.657,21905,21906,21905,1,-1
2024-06-07 15:00:03.735,21905,21906,21904,1,-1
2024-06-07 15:00:03.752,21905,21906,21904,2,-2
2024-06-07 15:00:03.752,21905,21906,21904,1,-1
2024-06-07 15:00:03.934,21903,21905,21903,8,-8
2024-06-07 15:00:04.713,21903,21904,21904,2,2
2024-06-07 15:00:04.908,21903,21904,21903,2,-2
2024-06-07 15:00:04.954,21903,21904,21904,1,1
2024-06-07 15:00:04.984,21903,21904,21904,2,2
2024-06-07 15:00:04.997,21903,21904,21905,1,1
2024-06-07 15:00:05.120,21903,21905,21903,2,-2
2024-06-07 15:00:05.365,21903,21905,21903,1,-1
2024-06-07 15:00:05.474,21903,21905,21905,1,1
2024-06-07 15:00:06.472,21903,21905,21903,2,-2
2024-06-07 15:00:07.514,21902,21905,21902,5,-5
2024-06-07 15:00:07.514,21902,21905,21902,2,-2
2024-06-07 15:00:07.538,21901,21904,21904,2,2
2024-06-07 15:00:07.539,21901,21904,21905,9,9
2024-06-07 15:00:07.638,21901,21904,21905,2,2
2024-06-07 15:00:08.288,21904,21906,21905,1,1
2024-06-07 15:00:08.528,21904,21906,21904,1,-1
2024-06-07 15:00:08.540,21904,21906,21906,4,4
2024-06-07 15:00:08.638,21904,21906,21906,2,2
2024-06-07 15:00:08.916,21904,21907,21905,6,-6
2024-06-07 15:00:09.540,21905,21907,21907,4,4
2024-06-07 15:00:09.582,21905,21907,21907,1,1
2024-06-07 15:00:09.582,21905,21907,21907,1,1
2024-06-07 15:00:09.589,21905,21907,21906,1,1
2024-06-07 15:00:10.060,21906,21908,21908,7,7
2024-06-07 15:00:10.060,21906,21908,21909,3,3
2024-06-07 15:00:10.061,21906,21908,21909,9,9
2024-06-07 15:00:10.064,21906,21908,21910,4,4
2024-06-07 15:00:10.065,21906,21908,21910,4,4
2024-06-07 15:00:10.066,21906,21908,21910,8,8
2024-06-07 15:00:10.158,21909,21911,21911,1,1
2024-06-07 15:00:10.203,21909,21911,21909,2,-2
2024-06-07 15:00:10.220,21909,21911,21911,1,1
2024-06-07 15:00:10.221,21909,21911,21911,5,5
2024-06-07 15:00:10.230,21909,21911,21911,1,1
2024-06-07 15:00:10.233,21909,21911,21911,2,2
2024-06-07 15:00:10.233,21909,21911,21912,1,1
2024-06-07 15:00:10.241,21909,21911,21912,1,1
2024-06-07 15:00:10.241,21909,21911,21912,1,1
2024-06-07 15:00:10.243,21909,21911,21912,1,1
2024-06-07 15:00:10.249,21909,21911,21912,1,1
2024-06-07 15:00:10.257,21909,21911,21912,1,1
2024-06-07 15:00:10.267,21910,21912,21912,1,1
2024-06-07 15:00:10.280,21910,21912,21913,1,1
2024-06-07 15:00:10.288,21910,21912,21913,1,1
2024-06-07 15:00:10.298,21910,21912,21913,1,1
2024-06-07 15:00:10.301,21910,21912,21910,1,-1
2024-06-07 15:00:10.319,21910,21912,21913,1,1
2024-06-07 15:00:10.328,21910,21912,21911,1,1
2024-06-07 15:00:10.333,21910,21912,21913,1,1
2024-06-07 15:00:10.380,21910,21912,21913,1,1
2024-06-07 15:00:10.428,21910,21913,21913,1,1
2024-06-07 15:00:10.465,21910,21913,21913,1,1
2024-06-07 15:00:10.466,21910,21913,21913,1,1
2024-06-07 15:00:10.478,21910,21913,21913,1,1
2024-06-07 15:00:10.483,21910,21913,21913,1,1
2024-06-07 15:00:10.483,21910,21913,21913,1,1
2024-06-07 15:00:10.485,21910,21913,21913,1,1
2024-06-07 15:00:10.505,21910,21913,21914,2,2
2024-06-07 15:00:10.505,21910,21913,21913,1,1
2024-06-07 15:00:10.540,21911,21914,21914,2,2
2024-06-07 15:00:10.554,21911,21914,21911,1,-1
2024-06-07 15:00:10.576,21911,21914,21914,1,1
2024-06-07 15:00:10.580,21911,21914,21914,1,1
2024-06-07 15:00:10.621,21911,21914,21912,1,-1
2024-06-07 15:00:10.746,21911,21914,21914,7,7
2024-06-07 15:00:10.749,21911,21914,21914,3,3
2024-06-07 15:00:10.759,21911,21914,21914,1,1
2024-06-07 15:00:10.770,21912,21915,21915,1,1
2024-06-07 15:00:10.770,21912,21915,21915,1,1
2024-06-07 15:00:10.793,21912,21915,21915,2,2
2024-06-07 15:00:10.802,21912,21915,21915,6,6
2024-06-07 15:00:10.838,21912,21915,21915,6,6
2024-06-07 15:00:10.909,21915,21916,21916,2,2
2024-06-07 15:00:10.918,21915,21916,21915,1,-1
2024-06-07 15:00:10.938,21915,21916,21916,3,3
2024-06-07 15:00:11.085,21914,21917,21916,1,1
2024-06-07 15:00:11.312,21915,21917,21915,2,-2
2024-06-07 15:00:11.473,21915,21917,21915,2,-2
2024-06-07 15:00:11.485,21915,21917,21914,3,-3
2024-06-07 15:00:11.500,21915,21917,21916,1,-1
2024-06-07 15:00:11.538,21913,21916,21916,2,2
2024-06-07 15:00:11.638,21913,21916,21917,10,10
2024-06-07 15:00:11.684,21914,21917,21917,2,2
2024-06-07 15:00:11.738,21914,21917,21917,2,2
2024-06-07 15:00:11.838,21914,21917,21917,1,1
2024-06-07 15:00:11.846,21914,21917,21918,1,1
2024-06-07 15:00:12.134,21914,21918,21915,3,-3
2024-06-07 15:00:12.199,21914,21917,21914,3,-3
2024-06-07 15:00:12.238,21914,21917,21917,3,3
2024-06-07 15:00:12.338,21914,21918,21917,1,1
2024-06-07 15:00:12.631,21915,21918,21915,1,-1
2024-06-07 15:00:12.638,21915,21918,21916,1,-1
2024-06-07 15:00:13.089,21915,21918,21915,1,-1
2024-06-07 15:00:13.138,21915,21918,21918,2,2
2024-06-07 15:00:13.421,21915,21918,21918,1,1
2024-06-07 15:00:13.652,21915,21917,21917,1,1
2024-06-07 15:00:13.957,21915,21918,21915,1,-1
2024-06-07 15:00:14.122,21915,21918,21915,2,-2
2024-06-07 15:00:14.150,21914,21917,21915,1,-1
2024-06-07 15:00:14.170,21914,21917,21917,2,2
2024-06-07 15:00:14.170,21914,21917,21918,2,2
2024-06-07 15:00:14.206,21914,21917,21915,1,-1
2024-06-07 15:00:14.262,21914,21917,21918,1,1
2024-06-07 15:00:14.296,21915,21918,21915,2,-2
2024-06-07 15:00:14.868,21914,21917,21917,5,5
2024-06-07 15:00:14.868,21914,21917,21918,5,5
2024-06-07 15:00:14.868,21914,21917,21919,2,2
2024-06-07 15:00:14.874,21914,21917,21916,1,1
2024-06-07 15:00:14.921,21915,21919,21915,2,-2
2024-06-07 15:00:15.452,21915,21918,21915,1,-1
2024-06-07 15:00:15.452,21915,21918,21914,2,-2
2024-06-07 15:00:16.068,21913,21916,21916,1,1
2024-06-07 15:00:16.147,21913,21916,21916,2,2
2024-06-07 15:00:16.287,21913,21916,21916,1,1
2024-06-07 15:00:16.846,21913,21916,21913,2,-2
2024-06-07 15:00:16.877,21913,21916,21915,4,4
2024-06-07 15:00:17.632,21913,21915,21915,1,1
2024-06-07 15:00:17.947,21913,21915,21915,1,1
2024-06-07 15:00:17.950,21913,21915,21915,1,1
2024-06-07 15:00:18.663,21913,21915,21915,1,1
2024-06-07 15:00:19.168,21914,21915,21914,2,-2
2024-06-07 15:00:19.380,21913,21915,21913,1,-1
2024-06-07 15:00:19.438,21912,21914,21914,1,1
2024-06-07 15:00:19.531,21913,21915,21913,1,-1
2024-06-07 15:00:19.531,21913,21915,21912,1,-1
2024-06-07 15:00:20.293,21912,21915,21915,2,2
2024-06-07 15:00:21.377,21914,21916,21914,1,-1
2024-06-07 15:00:22.120,21912,21914,21914,1,1
2024-06-07 15:00:24.417,21912,21914,21912,1,-1
2024-06-07 15:00:24.725,21912,21914,21913,1,-1
2024-06-07 15:00:24.726,21912,21914,21913,1,-1
2024-06-07 15:00:25.563,21912,21913,21913,1,1
2024-06-07 15:00:25.629,21912,21913,21912,1,-1
2024-06-07 15:00:26.135,21911,21914,21912,1,-1
2024-06-07 15:00:27.169,21911,21912,21912,1,1
2024-06-07 15:00:28.215,21911,21912,21911,1,-1
2024-06-07 15:00:28.965,21911,21912,21911,1,-1
2024-06-07 15:00:29.007,21911,21912,21911,1,-1
2024-06-07 15:00:29.141,21911,21912,21911,1,-1
2024-06-07 15:00:29.417,21911,21912,21911,3,-3
2024-06-07 15:00:30.068,21910,21912,21910,4,-4
2024-06-07 15:00:30.094,21910,21912,21910,1,-1
2024-06-07 15:00:31.714,21909,21911,21909,1,-1
2024-06-07 15:00:31.982,21908,21910,21910,2,2
2024-06-07 15:00:32.148,21908,21910,21910,1,1
2024-06-07 15:00:35.419,21908,21910,21908,4,-4
2024-06-07 15:00:35.537,21908,21910,21910,1,1
2024-06-07 15:00:37.038,21908,21910,21910,1,1
2024-06-07 15:00:37.539,21908,21910,21910,1,1
2024-06-07 15:00:37.783,21908,21910,21910,3,3
2024-06-07 15:00:39.045,21910,21911,21910,3,-3
2024-06-07 15:00:40.953,21908,21910,21910,1,1
2024-06-07 15:00:41.839,21908,21909,21909,1,1
2024-06-07 15:00:42.039,21908,21909,21909,1,1
2024-06-07 15:00:42.039,21908,21909,21909,3,3
2024-06-07 15:00:42.039,21908,21909,21909,1,1
2024-06-07 15:00:42.313,21909,21911,21911,1,1
2024-06-07 15:00:43.633,21909,21910,21908,1,-1
2024-06-07 15:00:43.633,21909,21910,21909,4,-4
2024-06-07 15:00:43.819,21908,21910,21908,1,-1
2024-06-07 15:00:44.046,21907,21908,21907,1,-1
2024-06-07 15:00:44.718,21905,21908,21905,2,-2
2024-06-07 15:00:44.789,21904,21907,21904,1,-1
2024-06-07 15:00:44.845,21904,21907,21904,1,-1
2024-06-07 15:00:46.190,21904,21907,21907,1,1
2024-06-07 15:00:46.668,21905,21907,21907,1,1
2024-06-07 15:00:46.912,21905,21907,21905,1,-1
2024-06-07 15:00:49.649,21904,21907,21904,1,-1
2024-06-07 15:00:50.252,21904,21906,21904,1,-1
2024-06-07 15:00:50.463,21904,21906,21906,1,1
2024-06-07 15:00:51.182,21904,21906,21904,1,-1
2024-06-07 15:00:51.411,21902,21905,21905,1,1
2024-06-07 15:00:52.047,21904,21905,21904,1,-1
2024-06-07 15:00:53.661,21902,21904,21904,1,1
2024-06-07 15:00:54.839,21902,21904,21904,1,1
2024-06-07 15:00:54.840,21902,21904,21904,3,3
2024-06-07 15:00:54.951,21903,21905,21905,1,1
2024-06-07 15:00:54.951,21903,21905,21905,1,1
2024-06-07 15:00:54.953,21903,21905,21905,1,1
2024-06-07 15:00:54.959,21903,21905,21906,1,1
2024-06-07 15:00:54.966,21903,21905,21907,1,1
2024-06-07 15:00:55.043,21905,21907,21905,2,-2
2024-06-07 15:00:55.658,21904,21907,21904,2,-2
2024-06-07 15:00:58.730,21904,21905,21905,1,1
2024-06-07 15:00:59.688,21904,21906,21905,1,1
2024-06-07 15:00:59.690,21904,21906,21906,1,1
2024-06-07 15:00:59.733,21904,21906,21907,1,1
2024-06-07 15:01:00.006,21907,21908,21908,2,2
2024-06-07 15:01:00.007,21907,21908,21909,1,1
2024-06-07 15:01:00.008,21907,21908,21910,4,4
2024-06-07 15:01:00.008,21907,21908,21910,2,2
2024-06-07 15:01:00.009,21907,21908,21911,1,1
2024-06-07 15:01:00.010,21907,21908,21912,3,3
2024-06-07 15:01:00.011,21907,21908,21913,1,1
2024-06-07 15:01:00.011,21907,21908,21914,2,2
2024-06-07 15:01:00.012,21907,21908,21914,1,1
2024-06-07 15:01:00.046,21912,21915,21915,1,1
2024-06-07 15:01:00.052,21912,21915,21915,1,1
2024-06-07 15:01:00.053,21912,21915,21915,2,2
2024-06-07 15:01:00.053,21912,21915,21915,1,1
2024-06-07 15:01:00.054,21912,21915,21916,2,2
2024-06-07 15:01:00.054,21912,21915,21916,4,4
2024-06-07 15:01:00.055,21912,21915,21916,2,2
2024-06-07 15:01:00.055,21912,21915,21916,1,1
2024-06-07 15:01:00.062,21912,21915,21915,4,4
2024-06-07 15:01:00.062,21912,21915,21914,2,2
2024-06-07 15:01:00.063,21912,21915,21914,2,2
2024-06-07 15:01:00.064,21912,21915,21913,1,-1
2024-06-07 15:01:00.064,21912,21915,21913,2,-2
2024-06-07 15:01:00.088,21912,21915,21914,1,1
2024-06-07 15:01:00.091,21912,21915,21914,1,1
2024-06-07 15:01:00.097,21912,21915,21914,1,1
2024-06-07 15:01:00.097,21912,21915,21915,5,5
2024-06-07 15:01:00.097,21912,21915,21916,2,2
2024-06-07 15:01:00.099,21912,21915,21915,1,1
2024-06-07 15:01:00.105,21912,21915,21916,1,1
2024-06-07 15:01:00.172,21914,21916,21914,2,-2
2024-06-07 15:01:00.173,21914,21916,21916,1,1
2024-06-07 15:01:00.173,21914,21916,21916,1,1
2024-06-07 15:01:00.177,21914,21916,21917,1,1
2024-06-07 15:01:00.229,21914,21916,21914,3,-3
2024-06-07 15:01:00.247,21914,21916,21917,2,2
2024-06-07 15:01:00.292,21915,21917,21915,2,-2
2024-06-07 15:01:00.512,21913,21915,21915,3,3
2024-06-07 15:01:00.517,21912,21915,21915,2,2
2024-06-07 15:01:00.578,21912,21915,21915,1,1
2024-06-07 15:01:00.599,21912,21915,21912,3,-3
2024-06-07 15:01:00.830,21911,21914,21914,1,1
2024-06-07 15:01:00.891,21911,21914,21911,1,-1
2024-06-07 15:01:01.122,21911,21914,21911,1,-1
2024-06-07 15:01:01.545,21911,21913,21911,1,-1
2024-06-07 15:01:01.546,21911,21913,21910,1,-1
2024-06-07 15:01:01.547,21911,21913,21908,3,-3
2024-06-07 15:01:01.548,21911,21913,21908,2,-2
2024-06-07 15:01:02.358,21907,21909,21908,1,-1
2024-06-07 15:01:02.836,21907,21909,21907,1,-1
2024-06-07 15:01:03.234,21907,21909,21907,2,-2
2024-06-07 15:01:03.355,21905,21907,21905,3,-3
2024-06-07 15:01:03.455,21904,21907,21904,3,-3
2024-06-07 15:01:03.502,21904,21907,21906,1,1
2024-06-07 15:01:03.557,21904,21906,21904,3,-3
2024-06-07 15:01:03.655,21904,21906,21904,2,-2
2024-06-07 15:01:03.754,21904,21906,21905,4,-4
2024-06-07 15:01:03.755,21904,21906,21906,6,6
2024-06-07 15:01:05.293,21907,21908,21907,1,-1
2024-06-07 15:01:06.121,21906,21908,21908,1,1
2024-06-07 15:01:06.259,21908,21911,21908,3,-3
2024-06-07 15:01:06.268,21908,21911,21911,1,1
2024-06-07 15:01:06.359,21908,21911,21908,3,-3
2024-06-07 15:01:06.458,21908,21910,21908,3,-3
2024-06-07 15:01:06.559,21907,21910,21907,1,-1
2024-06-07 15:01:07.007,21907,21910,21910,1,1
2024-06-07 15:01:07.871,21908,21910,21910,1,1
2024-06-07 15:01:08.162,21908,21910,21909,2,2
2024-06-07 15:01:08.221,21908,21910,21908,1,-1
2024-06-07 15:01:08.334,21908,21910,21908,1,-1
2024-06-07 15:01:08.707,21908,21910,21908,1,-1
2024-06-07 15:01:08.801,21908,21910,21910,1,1
2024-06-07 15:01:08.940,21908,21910,21910,2,2
2024-06-07 15:01:08.984,21908,21910,21908,1,-1
2024-06-07 15:01:11.525,21908,21910,21910,1,1
2024-06-07 15:01:12.715,21908,21910,21909,1,1
2024-06-07 15:01:15.499,21909,21910,21909,4,-4
2024-06-07 15:01:15.815,21908,21910,21909,2,-2
2024-06-07 15:01:17.173,21909,21910,21909,1,-1
2024-06-07 15:01:18.443,21908,21909,21909,1,1
2024-06-07 15:01:19.617,21909,21910,21909,1,-1
2024-06-07 15:01:19.865,21909,21910,21909,1,-1
2024-06-07 15:01:20.297,21909,21910,21909,1,-1
2024-06-07 15:01:20.667,21909,21910,21909,1,-1
2024-06-07 15:01:21.357,21909,21910,21909,1,-1
2024-06-07 15:01:23.101,21908,21909,21908,1,-1
2024-06-07 15:01:23.101,21908,21909,21908,2,-2
2024-06-07 15:01:23.101,21908,21909,21908,3,-3
2024-06-07 15:01:23.101,21908,21909,21908,8,-8
2024-06-07 15:01:23.172,21907,21908,21907,7,-7
2024-06-07 15:01:24.340,21906,21908,21906,1,-1
2024-06-07 15:01:24.340,21906,21908,21906,1,-1
2024-06-07 15:01:24.340,21906,21908,21906,1,-1
2024-06-07 15:01:24.340,21906,21908,21906,1,-1
2024-06-07 15:01:24.340,21906,21908,21906,1,-1
2024-06-07 15:01:24.340,21906,21908,21906,1,-1
2024-06-07 15:01:24.340,21906,21908,21906,1,-1
2024-06-07 15:01:24.341,21906,21908,21906,3,-3
2024-06-07 15:01:25.823,21905,21907,21907,1,1
2024-06-07 15:01:30.558,21906,21909,21907,1,-1
2024-06-07 15:01:30.616,21906,21909,21906,1,-1
2024-06-07 15:01:31.269,21906,21909,21906,1,-1
2024-06-07 15:01:32.089,21906,21909,21906,1,-1
2024-06-07 15:01:33.278,21906,21908,21908,1,1
2024-06-07 15:01:33.278,21906,21908,21909,3,3
2024-06-07 15:01:33.467,21907,21909,21907,1,-1
2024-06-07 15:01:33.917,21906,21909,21907,1,-1
2024-06-07 15:01:33.975,21906,21909,21906,1,-1
2024-06-07 15:01:34.280,21906,21909,21906,1,-1
2024-06-07 15:01:35.407,21906,21909,21906,1,-1
2024-06-07 15:01:35.446,21906,21909,21906,1,-1
2024-06-07 15:01:36.555,21906,21909,21906,2,-2
2024-06-07 15:01:41.633,21906,21908,21906,1,-1
2024-06-07 15:01:42.377,21906,21908,21906,3,-3
2024-06-07 15:01:43.104,21906,21908,21906,1,-1
2024-06-07 15:01:43.291,21905,21907,21907,1,1
2024-06-07 15:01:44.285,21905,21907,21907,1,1
2024-06-07 15:01:44.443,21905,21907,21905,9,-9
2024-06-07 15:01:44.445,21905,21907,21904,1,-1
2024-06-07 15:01:44.662,21903,21905,21905,1,1
2024-06-07 15:01:45.910,21903,21905,21905,1,1
2024-06-07 15:01:50.657,21904,21905,21904,1,-1
2024-06-07 15:01:50.871,21903,21905,21903,1,-1
2024-06-07 15:01:51.441,21903,21905,21905,1,1
2024-06-07 15:01:52.977,21905,21908,21908,1,1
2024-06-07 15:01:53.510,21905,21908,21905,1,-1
2024-06-07 15:01:53.943,21905,21908,21905,2,-2
2024-06-07 15:01:55.403,21905,21908,21905,1,-1
2024-06-07 15:01:56.472,21905,21908,21905,2,-2
2024-06-07 15:01:59.658,21906,21908,21906,1,-1
2024-06-07 15:02:00.478,21906,21908,21908,1,1
2024-06-07 15:02:00.509,21906,21908,21906,1,-1
2024-06-07 15:02:00.877,21906,21908,21906,1,-1
2024-06-07 15:02:00.946,21905,21908,21908,1,1
2024-06-07 15:02:00.946,21905,21908,21908,1,1
2024-06-07 15:02:00.946,21905,21908,21908,7,7
2024-06-07 15:02:00.947,21905,21908,21909,4,4
2024-06-07 15:02:00.948,21905,21908,21910,3,3
2024-06-07 15:02:00.949,21905,21908,21910,3,3
2024-06-07 15:02:00.949,21905,21908,21911,2,2
2024-06-07 15:02:01.003,21905,21908,21911,1,1
2024-06-07 15:02:01.060,21910,21912,21912,2,2
2024-06-07 15:02:01.421,21910,21912,21910,1,-1
2024-06-07 15:02:03.045,21911,21912,21911,1,-1
2024-06-07 15:02:09.770,21910,21911,21910,2,-2
2024-06-07 15:02:10.219,21909,21911,21909,1,-1
2024-06-07 15:02:15.471,21908,21910,21908,2,-2
2024-06-07 15:02:15.795,21907,21910,21909,1,1
2024-06-07 15:02:19.433,21907,21910,21910,2,2
2024-06-07 15:02:20.524,21907,21910,21907,1,-1
2024-06-07 15:02:26.304,21906,21908,21907,1,-1
2024-06-07 15:02:27.585,21906,21908,21906,2,-2
2024-06-07 15:02:27.585,21906,21908,21906,2,-2
2024-06-07 15:02:27.587,21906,21908,21905,3,-3
2024-06-07 15:02:27.588,21906,21908,21904,9,-9
2024-06-07 15:02:27.589,21906,21908,21904,3,-3
2024-06-07 15:02:27.733,21903,21904,21903,1,-1
2024-06-07 15:02:27.899,21903,21904,21904,1,1
2024-06-07 15:02:27.900,21903,21904,21905,5,5
2024-06-07 15:02:28.915,21905,21907,21908,1,1
2024-06-07 15:02:28.915,21905,21907,21907,1,1
2024-06-07 15:02:29.904,21906,21908,21906,1,-1
2024-06-07 15:02:30.233,21906,21908,21906,1,-1
2024-06-07 15:02:32.261,21905,21908,21905,1,-1
2024-06-07 15:02:33.785,21905,21908,21908,1,1
2024-06-07 15:02:34.399,21906,21908,21908,1,1
2024-06-07 15:02:34.457,21906,21908,21907,1,1
2024-06-07 15:02:37.223,21907,21909,21907,1,-1
2024-06-07 15:02:40.213,21907,21908,21907,3,-3
2024-06-07 15:02:43.467,21906,21907,21907,1,1
2024-06-07 15:02:45.220,21906,21908,21908,1,1
2024-06-07 15:02:45.222,21906,21908,21909,2,2
2024-06-07 15:02:47.023,21908,21910,21910,3,3
2024-06-07 15:02:47.023,21908,21910,21910,1,1
2024-06-07 15:02:47.024,21908,21910,21911,3,3
2024-06-07 15:02:47.024,21908,21910,21911,4,4
2024-06-07 15:02:47.024,21908,21910,21911,1,1
2024-06-07 15:02:47.024,21908,21910,21911,2,2
2024-06-07 15:02:47.024,21908,21910,21911,4,4
2024-06-07 15:02:47.154,21911,21912,21911,1,-1
2024-06-07 15:02:48.718,21911,21912,21911,1,-1
2024-06-07 15:02:49.589,21910,21911,21910,1,-1
2024-06-07 15:02:49.589,21910,21911,21909,2,-2
2024-06-07 15:02:50.433,21909,21910,21910,3,3
2024-06-07 15:02:50.754,21909,21911,21912,1,1
2024-06-07 15:02:52.456,21910,21912,21912,1,1
2024-06-07 15:02:53.386,21911,21913,21911,3,-3
2024-06-07 15:02:54.858,21910,21912,21911,2,-2
2024-06-07 15:02:54.947,21910,21912,21912,1,1
2024-06-07 15:02:56.649,21910,21912,21910,3,-3
2024-06-07 15:02:58.266,21912,21913,21912,1,-1
2024-06-07 15:02:59.025,21911,21913,21911,2,-2
2024-06-07 15:03:00.010,21911,21913,21913,1,1
2024-06-07 15:03:00.035,21911,21913,21913,2,2
2024-06-07 15:03:00.038,21911,21913,21913,1,1
2024-06-07 15:03:00.067,21911,21913,21913,1,1
2024-06-07 15:03:00.076,21911,21913,21913,4,4
2024-06-07 15:03:01.105,21913,21915,21913,1,-1
2024-06-07 15:03:04.502,21913,21915,21913,1,-1
2024-06-07 15:03:05.709,21913,21915,21913,1,-1
2024-06-07 15:03:06.067,21912,21913,21912,1,-1
2024-06-07 15:03:06.496,21911,21913,21913,5,5
2024-06-07 15:03:06.523,21911,21914,21914,2,2
2024-06-07 15:03:07.258,21912,21914,21913,1,1
2024-06-07 15:03:07.299,21912,21914,21914,2,2
2024-06-07 15:03:07.551,21912,21914,21914,4,4
2024-06-07 15:03:07.551,21912,21914,21915,1,1
2024-06-07 15:03:08.171,21913,21915,21915,1,1
2024-06-07 15:03:10.465,21914,21917,21917,1,1
2024-06-07 15:03:10.524,21914,21917,21914,1,-1
2024-06-07 15:03:10.691,21914,21915,21914,1,-1
2024-06-07 15:03:10.718,21914,21915,21915,1,1
2024-06-07 15:03:10.719,21914,21915,21916,3,3
2024-06-07 15:03:11.432,21914,21915,21915,1,1
2024-06-07 15:03:11.935,21914,21915,21914,1,-1
2024-06-07 15:03:12.879,21913,21915,21915,3,3
2024-06-07 15:03:12.879,21913,21915,21916,2,2
2024-06-07 15:03:16.035,21914,21916,21914,1,-1
2024-06-07 15:03:16.137,21914,21916,21914,2,-2
2024-06-07 15:03:16.140,21913,21914,21913,1,-1
2024-06-07 15:03:16.767,21913,21915,21915,1,1
2024-06-07 15:03:16.968,21913,21915,21913,2,-2
2024-06-07 15:03:17.567,21912,21914,21914,1,1
2024-06-07 15:03:19.532,21912,21914,21912,1,-1
2024-06-07 15:03:19.686,21911,21913,21911,1,-1
2024-06-07 15:03:22.513,21911,21912,21912,1,1
2024-06-07 15:03:22.613,21911,21912,21912,1,1
2024-06-07 15:03:24.232,21911,21913,21911,1,-1
2024-06-07 15:03:25.917,21911,21913,21912,1,-1
2024-06-07 15:03:26.349,21911,21913,21913,1,1
2024-06-07 15:03:27.008,21911,21913,21911,1,-1
2024-06-07 15:03:27.869,21910,21912,21912,2,2
2024-06-07 15:03:31.355,21912,21913,21912,1,-1
2024-06-07 15:03:34.366,21911,21913,21912,1,-1
2024-06-07 15:03:34.591,21912,21913,21913,1,1
2024-06-07 15:03:36.030,21912,21913,21912,1,-1
2024-06-07 15:03:38.953,21912,21913,21913,5,5
2024-06-07 15:03:38.954,21912,21913,21914,2,2
2024-06-07 15:03:38.954,21912,21913,21913,5,5
2024-06-07 15:03:41.463,21912,21914,21914,1,1
2024-06-07 15:03:41.465,21912,21914,21914,1,1
2024-06-07 15:03:43.617,21913,21915,21913,1,-1
2024-06-07 15:03:46.049,21913,21915,21915,1,1
2024-06-07 15:03:47.413,21913,21916,21913,1,-1
2024-06-07 15:03:48.097,21913,21914,21914,1,1
2024-06-07 15:03:50.106,21913,21914,21914,1,1
2024-06-07 15:03:51.454,21914,21916,21914,1,-1
2024-06-07 15:03:51.524,21914,21916,21914,1,-1
2024-06-07 15:03:52.066,21914,21916,21916,1,1
2024-06-07 15:03:54.958,21912,21914,21914,1,1
2024-06-07 15:03:55.349,21912,21914,21913,1,1
2024-06-07 15:03:55.515,21912,21913,21912,1,-1
2024-06-07 15:03:56.779,21912,21913,21913,1,1
2024-06-07 15:03:57.862,21912,21913,21912,2,-2
2024-06-07 15:04:00.010,21911,21913,21912,1,-1
2024-06-07 15:04:00.221,21911,21912,21911,1,-1
2024-06-07 15:04:00.691,21911,21912,21912,1,1
2024-06-07 15:04:01.272,21911,21912,21911,2,-2
2024-06-07 15:04:01.367,21911,21912,21911,1,-1
2024-06-07 15:04:01.923,21910,21911,21911,3,3
2024-06-07 15:04:03.422,21910,21911,21910,11,-11
2024-06-07 15:04:03.423,21910,21911,21910,2,-2
2024-06-07 15:04:03.423,21910,21911,21910,1,-1
2024-06-07 15:04:03.423,21910,21911,21910,1,-1
2024-06-07 15:04:03.423,21910,21911,21910,11,-11
2024-06-07 15:04:03.423,21910,21911,21910,2,-2
2024-06-07 15:04:03.423,21910,21911,21910,1,-1
2024-06-07 15:04:03.423,21910,21911,21910,6,-6
2024-06-07 15:04:04.327,21909,21911,21909,1,-1
2024-06-07 15:04:04.656,21909,21911,21911,1,1
2024-06-07 15:04:04.658,21909,21911,21911,1,1
2024-06-07 15:04:05.866,21910,21912,21910,1,-1
2024-06-07 15:04:08.422,21910,21912,21912,1,1
2024-06-07 15:04:08.422,21910,21912,21912,3,3
2024-06-07 15:04:08.423,21910,21912,21913,2,2
2024-06-07 15:04:08.423,21910,21912,21914,4,4
2024-06-07 15:04:08.424,21910,21912,21914,2,2
2024-06-07 15:04:08.425,21910,21912,21916,3,3
2024-06-07 15:04:08.425,21910,21912,21915,2,2
2024-06-07 15:04:08.425,21910,21912,21915,1,1
2024-06-07 15:04:08.425,21910,21912,21915,6,6
2024-06-07 15:04:08.431,21910,21912,21915,1,1
2024-06-07 15:04:08.432,21910,21912,21915,1,1
2024-06-07 15:04:08.433,21910,21912,21915,1,1
2024-06-07 15:04:09.015,21913,21915,21914,5,5
2024-06-07 15:04:09.015,21913,21915,21913,5,-5
2024-06-07 15:04:09.688,21913,21915,21913,1,-1
2024-06-07 15:04:09.696,21913,21915,21913,1,-1
2024-06-07 15:04:13.945,21913,21915,21913,1,-1
2024-06-07 15:04:20.241,21913,21915,21913,1,-1
2024-06-07 15:04:21.372,21912,21915,21914,1,1
2024-06-07 15:04:22.870,21912,21914,21912,1,-1
2024-06-07 15:04:25.698,21912,21913,21912,1,-1
2024-06-07 15:04:26.974,21912,21913,21913,2,2
2024-06-07 15:04:30.430,21912,21914,21912,2,-2
2024-06-07 15:04:31.824,21912,21914,21912,1,-1
2024-06-07 15:04:35.407,21911,21913,21911,1,-1
2024-06-07 15:04:41.143,21912,21913,21912,1,-1
2024-06-07 15:04:44.894,21911,21912,21912,1,1
2024-06-07 15:04:44.894,21911,21912,21912,1,1
2024-06-07 15:04:45.200,21911,21913,21913,1,1
2024-06-07 15:04:47.348,21911,21913,21913,2,2
2024-06-07 15:04:47.349,21911,21913,21913,1,1
2024-06-07 15:04:52.370,21911,21912,21911,5,-5
2024-06-07 15:04:52.924,21911,21912,21911,2,-2
2024-06-07 15:04:58.520,21910,21911,21910,1,-1
2024-06-07 15:04:59.779,21910,21911,21911,5,5
2024-06-07 15:05:00.268,21910,21911,21913,3,3
2024-06-07 15:05:00.268,21910,21911,21911,4,4
2024-06-07 15:05:00.268,21910,21911,21912,5,5
2024-06-07 15:05:00.281,21910,21911,21911,1,1
2024-06-07 15:05:00.559,21911,21913,21913,2,2
2024-06-07 15:05:05.639,21912,21913,21912,1,-1
2024-06-07 15:05:15.056,21911,21913,21913,3,3
2024-06-07 15:05:15.057,21911,21913,21913,1,1
2024-06-07 15:05:15.057,21911,21913,21913,1,1
2024-06-07 15:05:17.033,21912,21914,21914,5,5
2024-06-07 15:05:17.145,21912,21914,21914,1,1
2024-06-07 15:05:17.145,21912,21914,21914,1,1
2024-06-07 15:05:17.150,21912,21914,21915,1,1
2024-06-07 15:05:18.091,21914,21915,21915,1,1
2024-06-07 15:05:18.091,21914,21915,21915,1,1
2024-06-07 15:05:18.091,21914,21915,21915,4,4
2024-06-07 15:05:18.145,21915,21916,21916,1,1
2024-06-07 15:05:18.146,21915,21916,21916,1,1
2024-06-07 15:05:19.987,21915,21917,21915,1,-1
2024-06-07 15:05:22.261,21914,21916,21916,1,1
2024-06-07 15:05:23.523,21914,21916,21914,5,-5
2024-06-07 15:05:23.729,21913,21915,21913,1,-1
2024-06-07 15:05:24.167,21912,21914,21914,1,1
2024-06-07 15:05:30.034,21913,21914,21914,1,1
2024-06-07 15:05:30.472,21913,21914,21913,1,-1
2024-06-07 15:05:35.400,21911,21913,21911,3,-3
2024-06-07 15:05:38.450,21911,21913,21911,1,-1
2024-06-07 15:05:38.451,21911,21913,21911,2,-2
2024-06-07 15:05:40.263,21911,21912,21911,1,-1
2024-06-07 15:05:41.098,21910,21912,21911,1,-1
2024-06-07 15:05:41.676,21910,21911,21910,1,-1
2024-06-07 15:05:41.677,21910,21911,21910,3,-3
2024-06-07 15:05:41.909,21910,21911,21910,14,-14
2024-06-07 15:05:41.909,21910,21911,21910,4,-4
2024-06-07 15:05:41.909,21910,21911,21910,2,-2
2024-06-07 15:05:41.910,21910,21911,21910,10,-10
2024-06-07 15:05:41.910,21910,21911,21910,1,-1
2024-06-07 15:05:41.910,21910,21911,21910,1,-1
2024-06-07 15:05:41.910,21910,21911,21910,2,-2
2024-06-07 15:05:41.911,21910,21911,21909,2,-2
2024-06-07 15:05:41.912,21910,21911,21909,1,-1
2024-06-07 15:05:42.145,21909,21911,21909,1,-1
2024-06-07 15:05:42.333,21908,21910,21908,1,-1
2024-06-07 15:05:42.681,21908,21910,21908,2,-2
2024-06-07 15:05:43.452,21907,21908,21907,1,-1
2024-06-07 15:05:43.877,21906,21908,21908,1,1
2024-06-07 15:05:49.126,21906,21907,21907,1,1
2024-06-07 15:05:49.956,21907,21909,21909,1,1
2024-06-07 15:05:50.382,21907,21909,21909,3,3
2024-06-07 15:05:50.382,21907,21909,21910,2,2
2024-06-07 15:05:50.739,21908,21910,21910,5,5
2024-06-07 15:05:52.401,21908,21911,21908,1,-1
2024-06-07 15:05:52.646,21908,21911,21911,5,5
2024-06-07 15:05:53.069,21909,21911,21911,4,4
2024-06-07 15:05:53.069,21909,21911,21911,1,1
2024-06-07 15:05:53.127,21909,21911,21912,2,2
2024-06-07 15:05:55.234,21909,21910,21910,2,2
2024-06-07 15:05:55.234,21909,21910,21912,3,3
2024-06-07 15:05:55.876,21909,21912,21912,5,5
2024-06-07 15:05:57.394,21910,21912,21912,2,2
2024-06-07 15:05:57.395,21910,21912,21912,3,3
2024-06-07 15:05:57.983,21910,21912,21912,3,3
2024-06-07 15:05:59.066,21912,21913,21912,1,-1
2024-06-07 15:05:59.066,21912,21913,21912,1,-1
2024-06-07 15:06:00.231,21910,21912,21910,1,-1
2024-06-07 15:06:01.377,21910,21912,21911,3,-3
2024-06-07 15:06:01.377,21910,21912,21912,2,2
2024-06-07 15:06:03.207,21909,21911,21911,2,2
2024-06-07 15:06:03.811,21909,21911,21911,4,4
2024-06-07 15:06:05.190,21910,21911,21910,1,-1
2024-06-07 15:06:07.902,21910,21912,21912,1,1
2024-06-07 15:06:09.868,21909,21911,21911,4,4
2024-06-07 15:06:10.430,21909,21912,21910,3,-3
2024-06-07 15:06:16.783,21910,21911,21910,1,-1
2024-06-07 15:06:17.021,21909,21911,21911,1,1
2024-06-07 15:06:20.232,21908,21910,21910,1,1
2024-06-07 15:06:20.232,21908,21910,21910,1,1
2024-06-07 15:06:20.285,21908,21910,21910,1,1
2024-06-07 15:06:21.419,21908,21909,21908,1,-1
2024-06-07 15:06:22.291,21908,21909,21908,5,-5
2024-06-07 15:06:26.064,21907,21908,21908,4,4
2024-06-07 15:06:26.064,21907,21908,21908,1,1
2024-06-07 15:06:27.982,21908,21909,21909,3,3
2024-06-07 15:06:27.984,21908,21909,21909,2,2
2024-06-07 15:06:30.594,21909,21910,21909,1,-1
2024-06-07 15:06:32.665,21909,21910,21910,1,1
2024-06-07 15:06:32.666,21909,21910,21910,2,2
2024-06-07 15:06:34.603,21909,21911,21909,3,-3
2024-06-07 15:06:35.912,21909,21911,21910,5,-5
2024-06-07 15:06:38.516,21909,21910,21910,1,1
2024-06-07 15:06:40.224,21909,21910,21909,1,-1
2024-06-07 15:06:40.933,21908,21910,21910,2,2
2024-06-07 15:06:42.704,21908,21909,21908,2,-2
2024-06-07 15:06:42.706,21908,21909,21908,2,-2
2024-06-07 15:06:43.032,21907,21909,21909,1,1
2024-06-07 15:06:43.358,21907,21909,21909,3,3
2024-06-07 15:06:48.405,21907,21908,21908,1,1
2024-06-07 15:06:50.707,21907,21908,21908,1,1
2024-06-07 15:06:50.893,21907,21908,21908,1,1
2024-06-07 15:06:55.301,21907,21908,21908,3,3
2024-06-07 15:06:55.301,21907,21908,21909,2,2
2024-06-07 15:06:55.666,21907,21909,21907,1,-1
2024-06-07 15:06:55.774,21907,21909,21909,5,5
2024-06-07 15:06:57.523,21907,21909,21909,5,5
2024-06-07 15:06:57.935,21907,21910,21909,5,5
2024-06-07 15:07:01.454,21909,21910,21909,1,-1
2024-06-07 15:07:01.468,21909,21910,21909,1,-1
2024-06-07 15:07:01.658,21907,21908,21907,1,-1
2024-06-07 15:07:05.260,21907,21908,21908,3,3
2024-06-07 15:07:06.590,21908,21910,21910,5,5
2024-06-07 15:07:08.602,21908,21909,21908,1,-1
2024-06-07 15:07:09.457,21908,21909,21909,1,1
2024-06-07 15:07:09.457,21908,21909,21909,1,1
2024-06-07 15:07:09.457,21908,21909,21909,1,1
2024-06-07 15:07:15.151,21909,21910,21910,5,5
2024-06-07 15:07:15.851,21909,21910,21910,1,1
2024-06-07 15:07:15.851,21909,21910,21910,2,2
2024-06-07 15:07:15.852,21909,21910,21912,1,1
2024-06-07 15:07:15.852,21909,21910,21911,4,4
2024-06-07 15:07:15.852,21909,21910,21912,2,2
2024-06-07 15:07:15.852,21909,21910,21912,6,6
2024-06-07 15:07:15.852,21909,21910,21912,6,6
2024-06-07 15:07:15.853,21909,21910,21913,1,1
2024-06-07 15:07:15.853,21909,21910,21913,12,12
2024-06-07 15:07:15.854,21909,21910,21914,1,1
2024-06-07 15:07:15.854,21909,21910,21914,2,2
2024-06-07 15:07:19.538,21913,21914,21913,1,-1
2024-06-07 15:07:19.538,21913,21914,21913,6,-6
2024-06-07 15:07:21.509,21912,21913,21913,1,1
2024-06-07 15:07:21.689,21912,21914,21912,1,-1
2024-06-07 15:07:22.832,21912,21914,21914,5,5
2024-06-07 15:07:23.450,21912,21915,21915,1,1
2024-06-07 15:07:24.721,21912,21915,21915,4,4
2024-06-07 15:07:25.645,21913,21916,21913,2,-2
2024-06-07 15:07:28.104,21913,21915,21913,3,-3
2024-06-07 15:07:30.577,21912,21914,21912,1,-1
2024-06-07 15:07:34.783,21912,21914,21914,1,1
2024-06-07 15:07:40.317,21912,21915,21915,3,3
2024-06-07 15:07:41.390,21912,21914,21912,1,-1
2024-06-07 15:07:42.217,21912,21913,21913,1,1
2024-06-07 15:07:44.732,21912,21914,21914,2,2
2024-06-07 15:07:44.732,21912,21914,21915,18,18
2024-06-07 15:07:45.186,21915,21916,21916,1,1
2024-06-07 15:07:45.228,21915,21916,21915,1,-1
2024-06-07 15:07:47.319,21915,21916,21915,1,-1
2024-06-07 15:07:47.412,21915,21916,21916,16,16
2024-06-07 15:07:47.413,21915,21916,21917,1,1
2024-06-07 15:07:47.413,21915,21916,21917,5,5
2024-06-07 15:07:47.413,21915,21916,21917,3,3
2024-06-07 15:07:47.715,21917,21918,21918,1,1
2024-06-07 15:07:47.716,21917,21918,21918,2,2
2024-06-07 15:07:47.716,21917,21918,21918,3,3
2024-06-07 15:07:47.765,21917,21918,21919,1,1
2024-06-07 15:07:47.854,21917,21919,21919,1,1
2024-06-07 15:07:48.030,21917,21919,21917,5,-5
2024-06-07 15:07:48.035,21917,21919,21917,5,-5
2024-06-07 15:07:48.139,21917,21919,21917,4,-4
2024-06-07 15:07:48.139,21917,21919,21916,1,-1
2024-06-07 15:07:48.143,21916,21919,21916,5,-5
2024-06-07 15:07:48.496,21916,21918,21918,2,2
2024-06-07 15:07:48.502,21916,21918,21919,2,2
2024-06-07 15:07:48.514,21916,21918,21920,2,2
2024-06-07 15:07:48.526,21917,21920,21920,1,1
2024-06-07 15:07:48.534,21917,21920,21920,1,1
2024-06-07 15:07:48.536,21917,21920,21920,2,2
2024-06-07 15:07:48.537,21917,21920,21918,1,-1
2024-06-07 15:07:48.609,21917,21920,21920,1,1
2024-06-07 15:07:48.660,21918,21920,21920,1,1
2024-06-07 15:07:48.818,21918,21920,21919,1,1
2024-06-07 15:07:49.065,21917,21919,21917,1,-1
2024-06-07 15:07:51.513,21917,21919,21919,3,3
2024-06-07 15:07:51.980,21917,21919,21919,1,1
2024-06-07 15:07:57.460,21918,21920,21918,2,-2
2024-06-07 15:07:57.570,21918,21919,21918,1,-1
2024-06-07 15:07:57.810,21918,21919,21919,1,1
2024-06-07 15:07:58.724,21918,21920,21920,14,14
2024-06-07 15:07:58.726,21918,21920,21921,1,1
2024-06-07 15:07:58.726,21918,21920,21921,1,1
2024-06-07 15:07:58.726,21918,21920,21921,5,5
2024-06-07 15:07:59.247,21920,21922,21920,1,-1
2024-06-07 15:07:59.441,21920,21922,21922,2,2
2024-06-07 15:07:59.458,21920,21922,21922,1,1
2024-06-07 15:07:59.458,21920,21922,21922,1,1
2024-06-07 15:07:59.676,21920,21922,21920,1,-1
2024-06-07 15:07:59.852,21920,21922,21921,1,-1
2024-06-07 15:08:00.048,21920,21922,21922,1,1
2024-06-07 15:08:00.121,21920,21922,21920,1,-1
2024-06-07 15:08:00.146,21920,21922,21922,1,1
2024-06-07 15:08:00.204,21920,21922,21920,2,-2
2024-06-07 15:08:00.333,21919,21922,21919,1,-1
2024-06-07 15:08:00.514,21919,21922,21921,1,1
2024-06-07 15:08:01.449,21919,21920,21919,1,-1
2024-06-07 15:08:01.520,21919,21920,21920,1,1
2024-06-07 15:08:01.701,21919,21920,21920,1,1
2024-06-07 15:08:04.375,21920,21922,21920,1,-1
2024-06-07 15:08:07.816,21920,21922,21920,3,-3
2024-06-07 15:08:07.917,21920,21922,21922,1,1
2024-06-07 15:08:08.774,21920,21922,21922,1,1
2024-06-07 15:08:10.250,21921,21922,21921,1,-1
2024-06-07 15:08:12.441,21920,21922,21922,1,1
2024-06-07 15:08:12.712,21920,21922,21922,1,1
2024-06-07 15:08:13.269,21920,21922,21920,2,-2
2024-06-07 15:08:16.123,21920,21922,21920,1,-1
2024-06-07 15:08:17.188,21920,21921,21920,1,-1
2024-06-07 15:08:19.574,21920,21921,21920,1,-1
2024-06-07 15:08:19.644,21920,21921,21921,1,1
2024-06-07 15:08:19.654,21920,21921,21921,1,1
2024-06-07 15:08:20.382,21920,21921,21920,5,-5
2024-06-07 15:08:20.384,21920,21921,21920,1,-1
2024-06-07 15:08:20.482,21919,21921,21921,1,1
2024-06-07 15:08:20.545,21919,21921,21921,3,3
2024-06-07 15:08:20.677,21919,21921,21921,2,2
2024-06-07 15:08:21.363,21920,21921,21920,1,-1
2024-06-07 15:08:23.949,21919,21920,21920,2,2
2024-06-07 15:08:25.054,21919,21920,21919,2,-2
2024-06-07 15:08:25.512,21918,21920,21918,2,-2
2024-06-07 15:08:26.535,21917,21919,21919,2,2
2024-06-07 15:08:26.749,21918,21920,21918,1,-1
2024-06-07 15:08:30.511,21918,21920,21918,1,-1
2024-06-07 15:08:30.520,21918,21920,21920,1,1
2024-06-07 15:08:30.596,21918,21920,21919,1,1
2024-06-07 15:08:38.522,21917,21920,21919,2,2
2024-06-07 15:08:40.673,21917,21920,21920,1,1
2024-06-07 15:08:40.771,21918,21920,21920,1,1
2024-06-07 15:08:43.175,21917,21919,21919,2,2
2024-06-07 15:08:46.569,21917,21918,21917,4,-4
2024-06-07 15:08:48.428,21917,21918,21918,1,1
2024-06-07 15:08:49.212,21917,21918,21917,2,-2
2024-06-07 15:08:49.257,21917,21918,21918,1,1
2024-06-07 15:08:52.672,21917,21918,21918,1,1
2024-06-07 15:08:52.673,21917,21918,21918,4,4
2024-06-07 15:08:52.673,21917,21918,21918,1,1
2024-06-07 15:08:52.865,21918,21919,21918,1,-1
2024-06-07 15:08:53.810,21918,21919,21919,4,4
2024-06-07 15:08:53.810,21918,21919,21920,2,2
2024-06-07 15:08:58.647,21918,21920,21918,1,-1
2024-06-07 15:09:00.545,21917,21920,21917,1,-1
2024-06-07 15:09:01.029,21918,21920,21920,1,1
2024-06-07 15:09:01.232,21918,21920,21920,1,1
2024-06-07 15:09:01.341,21918,21920,21918,3,-3
2024-06-07 15:09:04.640,21918,21920,21920,1,1
2024-06-07 15:09:05.878,21918,21920,21920,1,1
2024-06-07 15:09:09.148,21918,21919,21918,3,-3
2024-06-07 15:09:09.149,21918,21919,21918,1,-1
2024-06-07 15:09:09.149,21918,21919,21918,1,-1
2024-06-07 15:09:09.149,21918,21919,21918,1,-1
2024-06-07 15:09:09.149,21918,21919,21918,2,-2
2024-06-07 15:09:09.149,21918,21919,21918,1,-1
2024-06-07 15:09:10.528,21917,21919,21917,2,-2
2024-06-07 15:09:11.770,21917,21919,21917,3,-3
2024-06-07 15:09:12.593,21917,21919,21919,1,1
2024-06-07 15:09:13.027,21917,21919,21919,2,2
2024-06-07 15:09:13.703,21917,21919,21919,3,3
2024-06-07 15:09:13.769,21917,21919,21917,1,-1
2024-06-07 15:09:13.851,21917,21919,21917,2,-2
2024-06-07 15:09:14.132,21917,21919,21917,5,-5
2024-06-07 15:09:14.189,21916,21917,21916,1,-1
2024-06-07 15:09:15.071,21916,21917,21916,3,-3
2024-06-07 15:09:21.347,21916,21917,21916,2,-2
2024-06-07 15:09:21.347,21916,21917,21916,1,-1
2024-06-07 15:09:22.151,21915,21917,21916,1,-1
2024-06-07 15:09:22.154,21915,21917,21916,1,-1
2024-06-07 15:09:22.350,21915,21917,21915,1,-1
2024-06-07 15:09:24.174,21916,21917,21917,1,1
2024-06-07 15:09:24.174,21916,21917,21917,2,2
2024-06-07 15:09:24.174,21916,21917,21917,1,1
2024-06-07 15:09:24.174,21916,21917,21917,22,22
2024-06-07 15:09:24.174,21916,21917,21918,2,2
2024-06-07 15:09:24.696,21917,21920,21920,1,1
2024-06-07 15:09:30.752,21918,21919,21919,1,1
2024-06-07 15:09:30.859,21918,21920,21918,1,-1
2024-06-07 15:09:30.963,21918,21920,21918,1,-1
2024-06-07 15:09:31.345,21917,21920,21920,1,1
2024-06-07 15:09:32.660,21918,21919,21918,1,-1
2024-06-07 15:09:34.553,21916,21918,21918,1,1
2024-06-07 15:09:38.499,21916,21918,21918,3,3
2024-06-07 15:09:38.500,21916,21918,21918,2,2
2024-06-07 15:09:40.588,21918,21919,21918,1,-1
2024-06-07 15:09:41.309,21918,21919,21918,2,-2
2024-06-07 15:09:42.926,21917,21918,21918,1,1
2024-06-07 15:09:45.935,21917,21918,21918,1,1
2024-06-07 15:09:47.465,21918,21919,21918,1,-1
2024-06-07 15:09:48.279,21916,21918,21917,1,-1
2024-06-07 15:09:50.583,21916,21918,21916,2,-2
2024-06-07 15:09:51.587,21915,21917,21917,4,4
2024-06-07 15:09:51.588,21915,21917,21917,2,2
2024-06-07 15:09:57.823,21916,21918,21918,6,6
2024-06-07 15:09:58.215,21916,21918,21918,4,4
2024-06-07 15:09:58.215,21916,21918,21918,2,2
2024-06-07 15:10:00.253,21917,21919,21916,1,-1
2024-06-07 15:10:00.417,21916,21918,21918,1,1
2024-06-07 15:10:00.635,21916,21919,21919,1,1
2024-06-07 15:10:01.242,21916,21919,21917,2,-2
2024-06-07 15:10:01.242,21916,21919,21918,1,1
2024-06-07 15:10:01.242,21916,21919,21919,3,3
2024-06-07 15:10:01.254,21916,21919,21917,1,-1
2024-06-07 15:10:02.974,21916,21917,21917,1,1
2024-06-07 15:10:04.029,21916,21917,21917,2,2
2024-06-07 15:10:04.213,21917,21919,21919,5,5
2024-06-07 15:10:04.214,21917,21919,21919,5,5
2024-06-07 15:10:06.501,21918,21920,21920,12,12
2024-06-07 15:10:06.502,21918,21920,21920,2,2
2024-06-07 15:10:06.504,21918,21920,21921,1,1
2024-06-07 15:10:06.582,21920,21922,21920,1,-1
2024-06-07 15:10:07.204,21920,21922,21920,1,-1
2024-06-07 15:10:07.341,21920,21922,21922,3,3
2024-06-07 15:10:07.417,21921,21923,21923,2,2
2024-06-07 15:10:07.533,21921,21923,21923,1,1
2024-06-07 15:10:07.542,21921,21923,21923,2,2
2024-06-07 15:10:07.546,21921,21923,21921,1,-1
2024-06-07 15:10:09.829,21922,21923,21923,3,3
2024-06-07 15:10:11.154,21922,21924,21924,1,1
2024-06-07 15:10:12.564,21922,21924,21924,1,1
2024-06-07 15:10:12.967,21922,21924,21922,1,-1
2024-06-07 15:10:14.334,21922,21924,21924,1,1
2024-06-07 15:10:14.654,21922,21924,21924,1,1
2024-06-07 15:10:15.467,21922,21924,21924,3,3
2024-06-07 15:10:18.249,21922,21924,21924,5,5
2024-06-07 15:10:20.361,21920,21923,21920,1,-1
2024-06-07 15:10:20.404,21920,21923,21923,1,1
2024-06-07 15:10:21.338,21920,21923,21921,1,-1
2024-06-07 15:10:21.395,21921,21923,21921,1,-1
2024-06-07 15:10:21.624,21921,21923,21923,2,2
2024-06-07 15:10:22.566,21923,21924,21923,3,-3
2024-06-07 15:10:26.254,21921,21923,21923,1,1
2024-06-07 15:10:26.946,21921,21924,21924,3,3
2024-06-07 15:10:30.272,21922,21923,21922,1,-1
2024-06-07 15:10:30.315,21922,21923,21923,1,1
2024-06-07 15:10:30.522,21922,21923,21923,1,1
2024-06-07 15:10:30.863,21922,21924,21922,1,-1
2024-06-07 15:10:32.425,21922,21924,21922,1,-1
2024-06-07 15:10:32.835,21921,21923,21923,5,5
2024-06-07 15:10:37.562,21923,21924,21924,1,1
2024-06-07 15:10:37.832,21923,21924,21924,2,2
2024-06-07 15:10:37.832,21923,21924,21924,1,1
2024-06-07 15:10:40.274,21923,21924,21924,1,1
2024-06-07 15:10:40.785,21924,21925,21925,1,1
2024-06-07 15:10:40.925,21924,21925,21925,23,23
2024-06-07 15:10:40.926,21924,21925,21926,2,2
2024-06-07 15:10:40.927,21924,21925,21926,5,5
2024-06-07 15:10:40.928,21924,21925,21926,5,5
2024-06-07 15:10:40.928,21924,21925,21926,1,1
2024-06-07 15:10:40.928,21924,21925,21926,1,1
2024-06-07 15:10:40.928,21924,21925,21926,1,1
2024-06-07 15:10:41.043,21925,21927,21927,2,2
2024-06-07 15:10:41.162,21926,21927,21926,1,-1
2024-06-07 15:10:41.867,21925,21926,21926,1,1
2024-06-07 15:10:42.585,21925,21926,21925,1,-1
2024-06-07 15:10:42.585,21925,21926,21924,4,-4
2024-06-07 15:10:43.042,21924,21926,21924,1,-1
2024-06-07 15:10:43.427,21924,21926,21925,1,-1
2024-06-07 15:10:44.018,21923,21924,21924,1,1
2024-06-07 15:10:46.491,21924,21926,21926,1,1
2024-06-07 15:10:47.746,21924,21925,21925,1,1
2024-06-07 15:10:48.483,21925,21927,21927,4,4
2024-06-07 15:10:49.993,21925,21926,21926,1,1
2024-06-07 15:10:52.005,21925,21926,21925,2,-2
2024-06-07 15:10:52.325,21925,21926,21926,1,1
2024-06-07 15:10:52.873,21925,21926,21926,2,2
2024-06-07 15:10:53.211,21925,21926,21926,1,1
2024-06-07 15:10:53.694,21925,21927,21927,1,1
2024-06-07 15:10:55.546,21926,21927,21926,1,-1
2024-06-07 15:10:56.232,21925,21927,21925,3,-3
2024-06-07 15:10:56.340,21925,21926,21925,1,-1
2024-06-07 15:10:56.505,21924,21926,21926,1,1
2024-06-07 15:11:00.292,21924,21926,21924,2,-2
2024-06-07 15:11:00.395,21924,21926,21926,1,1
2024-06-07 15:11:00.750,21924,21926,21926,1,1
2024-06-07 15:11:00.884,21924,21926,21926,1,1
2024-06-07 15:11:01.032,21924,21926,21926,1,1
2024-06-07 15:11:01.184,21924,21926,21926,1,1
2024-06-07 15:11:01.323,21924,21926,21926,1,1
2024-06-07 15:11:01.469,21924,21926,21926,1,1
2024-06-07 15:11:01.608,21924,21926,21926,1,1
2024-06-07 15:11:01.770,21924,21926,21926,1,1
2024-06-07 15:11:01.916,21924,21926,21926,1,1
2024-06-07 15:11:02.076,21924,21926,21926,1,1
2024-06-07 15:11:02.237,21924,21926,21926,1,1
2024-06-07 15:11:02.371,21924,21926,21926,1,1
2024-06-07 15:11:02.510,21924,21926,21926,1,1
2024-06-07 15:11:02.641,21924,21926,21926,1,1
2024-06-07 15:11:02.802,21924,21926,21926,1,1
2024-06-07 15:11:02.887,21924,21926,21926,2,2
2024-06-07 15:11:02.888,21924,21926,21926,1,1
2024-06-07 15:11:02.941,21924,21926,21926,1,1
2024-06-07 15:11:03.099,21924,21927,21927,1,1
2024-06-07 15:11:03.186,21924,21927,21926,4,4
2024-06-07 15:11:03.216,21924,21927,21926,2,2
2024-06-07 15:11:03.233,21924,21927,21926,1,1
2024-06-07 15:11:03.233,21924,21927,21927,1,1
2024-06-07 15:11:03.252,21924,21927,21927,1,1
2024-06-07 15:11:03.261,21924,21927,21927,1,1
2024-06-07 15:11:03.286,21925,21927,21927,1,1
2024-06-07 15:11:03.311,21925,21927,21927,1,1
2024-06-07 15:11:03.336,21925,21927,21927,1,1
2024-06-07 15:11:03.336,21925,21927,21927,1,1
2024-06-07 15:11:03.361,21925,21927,21927,1,1
2024-06-07 15:11:03.386,21925,21927,21928,1,1
2024-06-07 15:11:03.399,21925,21928,21928,1,1
2024-06-07 15:11:03.411,21925,21928,21928,1,1
2024-06-07 15:11:03.436,21925,21928,21928,1,1
2024-06-07 15:11:03.461,21925,21928,21928,1,1
2024-06-07 15:11:03.486,21925,21928,21928,1,1
2024-06-07 15:11:03.511,21925,21928,21928,1,1
2024-06-07 15:11:03.546,21925,21928,21928,1,1
2024-06-07 15:11:06.673,21925,21927,21925,1,-1
2024-06-07 15:11:06.784,21924,21926,21926,1,1
2024-06-07 15:11:07.952,21924,21926,21926,2,2
2024-06-07 15:11:08.166,21924,21926,21926,4,4
2024-06-07 15:11:09.921,21924,21927,21926,1,1
2024-06-07 15:11:10.349,21924,21927,21924,1,-1
2024-06-07 15:11:10.408,21924,21927,21924,1,-1
2024-06-07 15:11:12.231,21924,21926,21925,1,-1
2024-06-07 15:11:13.103,21924,21926,21924,1,-1
2024-06-07 15:11:13.126,21924,21926,21923,1,-1
2024-06-07 15:11:13.210,21923,21925,21923,2,-2
2024-06-07 15:11:13.501,21922,21923,21922,1,-1
2024-06-07 15:11:13.502,21922,21923,21922,1,-1
2024-06-07 15:11:14.540,21921,21923,21923,2,2
2024-06-07 15:11:17.205,21922,21923,21922,1,-1
2024-06-07 15:11:18.642,21921,21923,21923,1,1
2024-06-07 15:11:18.771,21921,21923,21923,1,1
2024-06-07 15:11:20.594,21921,21923,21923,1,1
2024-06-07 15:11:23.117,21921,21923,21921,9,-9
2024-06-07 15:11:23.117,21921,21923,21920,1,-1
2024-06-07 15:11:23.165,21921,21923,21921,3,-3
2024-06-07 15:11:23.165,21921,21923,21920,2,-2
2024-06-07 15:11:24.414,21921,21923,21921,1,-1
2024-06-07 15:11:24.745,21920,21921,21920,3,-3
2024-06-07 15:11:24.779,21918,21920,21918,1,-1
2024-06-07 15:11:25.470,21918,21920,21918,1,-1
2024-06-07 15:11:25.823,21918,21920,21918,2,-2
2024-06-07 15:11:26.112,21917,21918,21918,5,5
2024-06-07 15:11:27.611,21917,21919,21918,3,3
2024-06-07 15:11:27.611,21917,21919,21918,1,1
2024-06-07 15:11:27.612,21917,21919,21918,1,1
2024-06-07 15:11:28.757,21917,21918,21917,1,-1
2024-06-07 15:11:29.015,21917,21918,21917,2,-2
2024-06-07 15:11:29.391,21917,21918,21917,1,-1
2024-06-07 15:11:29.396,21916,21918,21917,1,-1
2024-06-07 15:11:30.015,21916,21917,21916,1,-1
2024-06-07 15:11:30.053,21916,21918,21916,1,-1
2024-06-07 15:11:30.518,21917,21918,21917,1,-1
2024-06-07 15:11:32.015,21917,21918,21917,2,-2
2024-06-07 15:11:35.015,21917,21918,21918,3,3
2024-06-07 15:11:35.016,21917,21918,21917,1,-1
2024-06-07 15:11:39.800,21918,21919,21918,2,-2
2024-06-07 15:11:41.623,21917,21919,21917,1,-1
2024-06-07 15:11:42.125,21917,21919,21917,2,-2
2024-06-07 15:11:42.168,21917,21918,21917,1,-1
2024-06-07 15:11:46.346,21916,21918,21917,1,-1
2024-06-07 15:11:46.692,21916,21918,21917,1,-1
2024-06-07 15:11:50.494,21917,21918,21917,1,-1
2024-06-07 15:11:50.548,21916,21917,21917,1,1
2024-06-07 15:11:52.740,21916,21917,21916,10,-10
2024-06-07 15:11:52.742,21916,21917,21915,1,-1
2024-06-07 15:11:52.742,21916,21917,21915,1,-1
2024-06-07 15:11:52.742,21916,21917,21915,3,-3
2024-06-07 15:11:52.742,21916,21917,21915,2,-2
2024-06-07 15:11:52.742,21916,21917,21915,1,-1
2024-06-07 15:11:52.742,21916,21917,21915,1,-1
2024-06-07 15:11:52.804,21914,21915,21915,1,1
2024-06-07 15:11:54.389,21914,21916,21916,1,1
2024-06-07 15:11:54.994,21914,21916,21914,1,-1
2024-06-07 15:11:57.140,21914,21916,21914,2,-2
2024-06-07 15:12:00.722,21914,21916,21914,1,-1
2024-06-07 15:12:01.002,21914,21916,21916,1,1
2024-06-07 15:12:01.070,21915,21917,21917,1,1
2024-06-07 15:12:01.239,21915,21917,21917,1,1
2024-06-07 15:12:01.454,21915,21917,21917,1,1
2024-06-07 15:12:05.624,21915,21918,21915,1,-1
2024-06-07 15:12:05.698,21917,21918,21917,1,-1
2024-06-07 15:12:10.935,21916,21917,21916,1,-1
2024-06-07 15:12:11.632,21915,21917,21917,1,1
2024-06-07 15:12:24.650,21914,21916,21916,1,1
2024-06-07 15:12:27.879,21914,21916,21916,2,2
2024-06-07 15:12:29.944,21914,21915,21914,1,-1
2024-06-07 15:12:32.003,21914,21915,21914,1,-1
2024-06-07 15:12:32.102,21914,21915,21915,1,1
2024-06-07 15:12:35.478,21914,21915,21915,2,2
2024-06-07 15:12:35.582,21914,21915,21914,3,-3
2024-06-07 15:12:36.324,21913,21915,21915,1,1
2024-06-07 15:12:37.744,21914,21916,21914,2,-2
2024-06-07 15:12:44.724,21914,21915,21915,1,1
2024-06-07 15:12:44.725,21914,21915,21915,1,1
2024-06-07 15:12:59.227,21914,21915,21915,1,1
2024-06-07 15:12:59.227,21914,21915,21915,5,5
2024-06-07 15:13:00.181,21914,21916,21916,2,2
2024-06-07 15:13:00.181,21914,21916,21916,1,1
2024-06-07 15:13:00.226,21914,21916,21915,1,1
2024-06-07 15:13:00.238,21914,21916,21915,1,1
2024-06-07 15:13:00.567,21915,21917,21915,1,-1
2024-06-07 15:13:03.831,21914,21917,21915,1,-1
2024-06-07 15:13:15.379,21915,21917,21915,1,-1
2024-06-07 15:13:15.493,21915,21917,21915,1,-1
2024-06-07 15:13:16.076,21915,21917,21915,5,-5
2024-06-07 15:13:17.333,21915,21917,21915,1,-1
2024-06-07 15:13:20.593,21915,21917,21915,2,-2
2024-06-07 15:13:25.133,21915,21917,21916,1,-1
2024-06-07 15:13:29.720,21916,21917,21916,1,-1
2024-06-07 15:13:30.229,21916,21917,21916,1,-1
2024-06-07 15:13:33.721,21916,21917,21916,1,-1
2024-06-07 15:13:35.371,21916,21917,21917,2,2
2024-06-07 15:13:38.155,21917,21918,21918,2,2
2024-06-07 15:13:38.293,21917,21919,21917,2,-2
2024-06-07 15:13:43.668,21917,21919,21917,1,-1
2024-06-07 15:13:43.861,21917,21919,21917,2,-2
2024-06-07 15:13:43.979,21916,21919,21919,1,1
2024-06-07 15:13:46.917,21918,21919,21919,1,1
2024-06-07 15:13:50.390,21918,21919,21919,2,2
2024-06-07 15:13:50.567,21918,21920,21918,1,-1
2024-06-07 15:13:53.892,21917,21920,21920,1,1
2024-06-07 15:13:59.670,21919,21920,21919,1,-1
2024-06-07 15:14:00.359,21918,21919,21919,1,1
2024-06-07 15:14:00.877,21918,21919,21918,1,-1
2024-06-07 15:14:00.997,21917,21919,21917,1,-1
2024-06-07 15:14:02.532,21916,21919,21918,1,1
2024-06-07 15:14:04.028,21916,21918,21916,2,-2
2024-06-07 15:14:06.534,21915,21918,21917,1,1
2024-06-07 15:14:09.155,21916,21917,21916,1,-1
2024-06-07 15:14:14.130,21916,21917,21917,2,2
2024-06-07 15:14:15.136,21916,21917,21916,1,-1
2024-06-07 15:14:15.920,21915,21917,21916,4,-4
2024-06-07 15:14:17.123,21915,21917,21917,1,1
2024-06-07 15:14:17.347,21915,21917,21917,1,1
2024-06-07 15:14:18.434,21916,21918,21916,1,-1
2024-06-07 15:14:28.343,21916,21917,21916,2,-2
2024-06-07 15:14:29.834,21915,21917,21917,1,1
2024-06-07 15:14:30.971,21915,21917,21916,1,1
2024-06-07 15:14:32.097,21917,21918,21918,1,1
2024-06-07 15:14:33.306,21918,21919,21918,2,-2
2024-06-07 15:14:36.711,21918,21919,21919,1,1
2024-06-07 15:14:38.327,21919,21920,21920,1,1
2024-06-07 15:14:40.211,21920,21921,21921,3,3
2024-06-07 15:14:42.521,21921,21922,21922,1,1
2024-06-07 15:14:43.328,21921,21922,21922,1,1
2024-06-07 15:14:44.421,21922,21923,21923,2,2
2024-06-07 15:14:44.647,21923,21925,21925,1,1
2024-06-07 15:14:49.513,21924,21925,21925,1,1
2024-06-07 15:14:50.354,21924,21925,21924,1,-1
2024-06-07 15:14:50.537,21924,21925,21924,1,-1
2024-06-07 15:14:51.513,21923,21925,21924,1,-1
2024-06-07 15:14:51.868,21923,21924,21923,1,-1
2024-06-07 15:14:57.112,21922,21923,21923,1,1
2024-06-07 15:14:58.167,21922,21923,21922,1,-1
2024-06-07 15:15:00.298,21920,21922,21920,1,-1
2024-06-07 15:15:00.420,21920,21922,21922,1,1
2024-06-07 15:15:00.832,21921,21923,21923,1,1
2024-06-07 15:15:00.854,21921,21923,21924,1,1
2024-06-07 15:15:00.854,21921,21923,21923,1,1
2024-06-07 15:15:00.904,21922,21925,21922,1,-1
2024-06-07 15:15:01.049,21924,21925,21925,6,6
2024-06-07 15:15:01.056,21924,21925,21926,2,2
2024-06-07 15:15:01.056,21924,21925,21927,2,2
2024-06-07 15:15:01.094,21924,21925,21927,1,1
2024-06-07 15:15:01.146,21925,21927,21926,1,1
2024-06-07 15:15:01.146,21925,21927,21926,1,1
2024-06-07 15:15:01.146,21925,21927,21927,1,1
2024-06-07 15:15:01.154,21925,21927,21927,1,1
2024-06-07 15:15:01.161,21925,21927,21927,2,2
2024-06-07 15:15:01.189,21925,21927,21927,1,1
2024-06-07 15:15:01.189,21925,21927,21928,1,1
2024-06-07 15:15:01.333,21925,21927,21927,1,1
2024-06-07 15:15:01.393,21925,21927,21927,4,4
2024-06-07 15:15:01.426,21925,21927,21927,4,4
2024-06-07 15:15:01.642,21925,21927,21927,1,1
2024-06-07 15:15:03.599,21925,21927,21925,1,-1
2024-06-07 15:15:03.897,21924,21926,21925,1,-1
2024-06-07 15:15:04.482,21924,21925,21924,3,-3
2024-06-07 15:15:06.077,21924,21925,21924,1,-1
2024-06-07 15:15:06.308,21923,21924,21924,1,1
2024-06-07 15:15:07.342,21923,21925,21923,1,-1
2024-06-07 15:15:07.395,21921,21923,21923,1,1
2024-06-07 15:15:07.396,21921,21923,21923,1,1
2024-06-07 15:15:07.396,21921,21923,21924,1,1
2024-06-07 15:15:07.396,21921,21923,21924,1,1
2024-06-07 15:15:07.914,21922,21925,21925,1,1
2024-06-07 15:15:08.483,21922,21925,21922,2,-2
2024-06-07 15:15:08.510,21922,21925,21922,2,-2
2024-06-07 15:15:12.661,21922,21923,21922,1,-1
2024-06-07 15:15:13.115,21922,21923,21923,1,1
2024-06-07 15:15:13.115,21922,21923,21924,1,1
2024-06-07 15:15:26.083,21922,21924,21922,2,-2
2024-06-07 15:15:26.179,21920,21922,21920,4,-4
2024-06-07 15:15:26.179,21920,21922,21919,2,-2
2024-06-07 15:15:26.331,21919,21920,21919,1,-1
2024-06-07 15:15:33.919,21918,21920,21920,3,3
2024-06-07 15:15:33.944,21918,21920,21920,1,1
2024-06-07 15:15:34.021,21919,21921,21921,1,1
2024-06-07 15:15:45.821,21919,21921,21921,3,3
2024-06-07 15:15:48.800,21919,21921,21919,2,-2
2024-06-07 15:15:57.799,21919,21920,21919,1,-1
2024-06-07 15:16:00.538,21918,21920,21918,1,-1
2024-06-07 15:16:00.753,21918,21920,21918,1,-1
2024-06-07 15:16:00.801,21918,21920,21920,2,2
2024-06-07 15:16:00.814,21918,21920,21920,1,1
2024-06-07 15:16:00.816,21918,21920,21920,1,1
2024-06-07 15:16:00.885,21918,21920,21918,1,-1
2024-06-07 15:16:01.160,21918,21920,21918,1,-1
2024-06-07 15:16:01.231,21918,21920,21920,2,2
2024-06-07 15:16:01.885,21919,21920,21919,1,-1
2024-06-07 15:16:02.809,21919,21920,21920,1,1
2024-06-07 15:16:06.428,21918,21919,21918,1,-1
2024-06-07 15:16:11.001,21917,21918,21917,1,-1
2024-06-07 15:16:11.019,21917,21918,21918,1,1
2024-06-07 15:16:11.019,21917,21918,21918,1,1
2024-06-07 15:16:11.020,21917,21918,21918,1,1
2024-06-07 15:16:11.020,21917,21918,21919,1,1
2024-06-07 15:16:11.021,21917,21918,21919,1,1
2024-06-07 15:16:11.021,21917,21918,21919,1,1
2024-06-07 15:16:11.025,21917,21918,21919,1,1
2024-06-07 15:16:16.875,21918,21919,21918,1,-1
2024-06-07 15:16:18.237,21917,21919,21918,1,-1
2024-06-07 15:16:18.823,21917,21919,21917,1,-1
2024-06-07 15:16:20.483,21917,21919,21918,1,-1
2024-06-07 15:16:20.522,21917,21919,21919,1,1
2024-06-07 15:16:20.674,21917,21919,21917,1,-1
2024-06-07 15:16:23.673,21917,21919,21917,1,-1
2024-06-07 15:16:25.275,21918,21920,21918,1,-1
2024-06-07 15:16:30.237,21917,21919,21917,1,-1
2024-06-07 15:16:38.708,21918,21920,21919,1,-1
2024-06-07 15:16:38.766,21918,21920,21918,1,-1
2024-06-07 15:16:38.769,21918,21920,21920,1,1
2024-06-07 15:16:38.769,21918,21920,21920,1,1
2024-06-07 15:16:39.261,21919,21921,21919,2,-2
2024-06-07 15:16:41.724,21919,21921,21919,1,-1
2024-06-07 15:16:46.188,21919,21921,21921,1,1
2024-06-07 15:16:50.199,21919,21921,21921,1,1
2024-06-07 15:16:53.889,21920,21921,21920,1,-1
2024-06-07 15:16:56.732,21919,21921,21921,1,1
2024-06-07 15:17:00.849,21918,21921,21918,1,-1
2024-06-07 15:17:00.878,21918,21921,21918,2,-2
2024-06-07 15:17:00.878,21918,21921,21917,4,-4
2024-06-07 15:17:01.178,21916,21919,21916,4,-4
2024-06-07 15:17:01.274,21916,21918,21916,7,-7
2024-06-07 15:17:01.274,21916,21918,21915,9,-9
2024-06-07 15:17:02.751,21915,21917,21915,3,-3
2024-06-07 15:17:02.839,21915,21917,21915,1,-1
2024-06-07 15:17:03.751,21914,21916,21914,2,-2
2024-06-07 15:17:03.847,21914,21916,21916,1,1
2024-06-07 15:17:06.307,21914,21917,21914,4,-4
2024-06-07 15:17:06.816,21915,21916,21915,1,-1
2024-06-07 15:17:09.742,21915,21917,21915,3,-3
2024-06-07 15:17:09.742,21915,21917,21914,3,-3
2024-06-07 15:17:13.391,21914,21917,21914,1,-1
2024-06-07 15:17:14.437,21915,21917,21915,2,-2
2024-06-07 15:17:16.488,21915,21916,21916,1,1
2024-06-07 15:17:20.572,21916,21919,21919,2,2
2024-06-07 15:17:21.674,21917,21919,21919,2,2
2024-06-07 15:17:22.800,21917,21919,21919,1,1
2024-06-07 15:17:24.320,21917,21919,21917,5,-5
2024-06-07 15:17:24.321,21917,21919,21917,1,-1
2024-06-07 15:17:30.562,21917,21919,21917,1,-1
2024-06-07 15:17:30.827,21917,21919,21917,2,-2
2024-06-07 15:17:30.827,21917,21919,21916,4,-4
2024-06-07 15:17:31.788,21915,21918,21915,6,-6
2024-06-07 15:17:35.002,21915,21917,21915,3,-3
2024-06-07 15:17:37.235,21915,21917,21915,1,-1
2024-06-07 15:17:42.797,21915,21917,21916,1,-1
2024-06-07 15:17:43.821,21915,21918,21915,3,-3
2024-06-07 15:17:46.920,21915,21918,21915,1,-1
2024-06-07 15:17:50.392,21915,21917,21917,1,1
2024-06-07 15:17:52.731,21915,21918,21915,6,-6
2024-06-07 15:17:54.936,21915,21917,21915,3,-3
2024-06-07 15:17:54.936,21915,21917,21915,1,-1
2024-06-07 15:17:54.936,21915,21917,21915,2,-2
2024-06-07 15:17:54.993,21915,21917,21914,1,-1
2024-06-07 15:17:58.158,21914,21916,21914,6,-6
2024-06-07 15:17:58.480,21914,21915,21914,1,-1
2024-06-07 15:17:58.502,21914,21915,21914,5,-5
2024-06-07 15:17:59.362,21913,21915,21913,2,-2
2024-06-07 15:17:59.580,21913,21914,21913,4,-4
2024-06-07 15:17:59.580,21913,21914,21913,10,-10
2024-06-07 15:17:59.580,21913,21914,21913,2,-2
2024-06-07 15:17:59.580,21913,21914,21913,8,-8
2024-06-07 15:17:59.580,21913,21914,21913,3,-3
2024-06-07 15:17:59.581,21913,21914,21913,2,-2
2024-06-07 15:18:00.137,21912,21913,21912,12,-12
2024-06-07 15:18:00.233,21911,21912,21911,1,-1
2024-06-07 15:18:00.550,21911,21913,21913,1,1
2024-06-07 15:18:01.660,21911,21913,21913,1,1
2024-06-07 15:18:02.667,21911,21913,21911,1,-1
2024-06-07 15:18:03.499,21911,21913,21913,5,5
2024-06-07 15:18:04.469,21911,21913,21911,1,-1
2024-06-07 15:18:05.871,21911,21913,21912,1,-1
2024-06-07 15:18:07.025,21911,21913,21910,1,-1
2024-06-07 15:18:07.025,21911,21913,21911,1,-1
2024-06-07 15:18:07.192,21910,21913,21910,1,-1
2024-06-07 15:18:07.204,21910,21913,21910,5,-5
2024-06-07 15:18:07.255,21910,21913,21912,1,1
2024-06-07 15:18:08.123,21909,21912,21909,3,-3
2024-06-07 15:18:08.217,21909,21911,21909,1,-1
2024-06-07 15:18:08.829,21909,21911,21909,1,-1
2024-06-07 15:18:08.917,21909,21911,21909,1,-1
2024-06-07 15:18:10.202,21909,21910,21910,2,2
2024-06-07 15:18:10.789,21909,21912,21909,4,-4
2024-06-07 15:18:10.850,21909,21912,21912,1,1
2024-06-07 15:18:12.234,21909,21912,21912,2,2
2024-06-07 15:18:12.897,21909,21912,21909,1,-1
2024-06-07 15:18:13.479,21909,21912,21910,1,-1
2024-06-07 15:18:16.685,21910,21913,21910,1,-1
2024-06-07 15:18:21.196,21911,21912,21911,1,-1
2024-06-07 15:18:23.703,21909,21912,21909,1,-1
2024-06-07 15:18:25.522,21909,21911,21909,3,-3
2024-06-07 15:18:37.907,21910,21911,21910,1,-1
2024-06-07 15:18:39.385,21910,21911,21911,1,1
2024-06-07 15:18:41.597,21910,21911,21910,1,-1
2024-06-07 15:18:43.240,21910,21911,21911,4,4
2024-06-07 15:18:43.356,21911,21913,21911,1,-1
2024-06-07 15:18:48.905,21912,21914,21912,3,-3
2024-06-07 15:19:00.632,21912,21913,21912,1,-1
2024-06-07 15:19:00.824,21912,21913,21912,1,-1
2024-06-07 15:19:01.207,21911,21913,21911,1,-1
2024-06-07 15:19:01.398,21911,21913,21913,2,2
2024-06-07 15:19:10.712,21911,21912,21912,2,2
2024-06-07 15:19:10.716,21911,21912,21912,1,1
2024-06-07 15:19:11.230,21912,21913,21912,1,-1
2024-06-07 15:19:11.468,21911,21913,21913,1,1
2024-06-07 15:19:22.114,21912,21914,21913,1,1
2024-06-07 15:19:25.595,21913,21914,21913,1,-1
2024-06-07 15:19:26.998,21912,21914,21914,1,1
2024-06-07 15:19:33.628,21912,21914,21914,5,5
2024-06-07 15:19:36.775,21913,21914,21913,1,-1
2024-06-07 15:19:42.507,21912,21913,21912,1,-1
2024-06-07 15:19:49.131,21912,21913,21912,2,-2
2024-06-07 15:19:50.040,21912,21913,21912,2,-2
2024-06-07 15:19:51.966,21912,21913,21912,1,-1
2024-06-07 15:19:51.967,21912,21913,21912,1,-1
2024-06-07 15:19:54.952,21912,21913,21912,1,-1
2024-06-07 15:20:00.708,21912,21914,21912,1,-1
2024-06-07 15:20:05.105,21911,21913,21911,1,-1
2024-06-07 15:20:11.186,21911,21913,21911,1,-1
2024-06-07 15:20:11.933,21912,21913,21912,1,-1
2024-06-07 15:20:17.222,21911,21913,21911,8,-8
2024-06-07 15:20:17.222,21911,21913,21911,2,-2
2024-06-07 15:20:17.222,21911,21913,21911,2,-2
2024-06-07 15:20:17.222,21911,21913,21911,4,-4
2024-06-07 15:20:17.223,21911,21913,21911,2,-2
2024-06-07 15:20:17.223,21911,21913,21911,4,-4
2024-06-07 15:20:17.223,21911,21913,21911,2,-2
2024-06-07 15:20:17.223,21911,21913,21911,4,-4
2024-06-07 15:20:17.223,21911,21913,21911,3,-3
2024-06-07 15:20:17.223,21911,21913,21911,1,-1
2024-06-07 15:20:17.223,21911,21913,21911,3,-3
2024-06-07 15:20:17.294,21910,21911,21910,6,-6
2024-06-07 15:20:17.294,21910,21911,21910,1,-1
2024-06-07 15:20:17.307,21910,21911,21910,2,-2
2024-06-07 15:20:17.433,21909,21911,21910,1,-1
2024-06-07 15:20:17.433,21909,21911,21909,5,-5
2024-06-07 15:20:17.810,21909,21912,21909,2,-2
2024-06-07 15:20:20.495,21910,21912,21910,1,-1
2024-06-07 15:20:22.292,21910,21912,21910,1,-1
2024-06-07 15:20:24.080,21910,21912,21910,1,-1
2024-06-07 15:20:25.454,21909,21912,21910,2,-2
2024-06-07 15:20:25.511,21909,21912,21910,1,-1
2024-06-07 15:20:30.477,21909,21911,21909,1,-1
2024-06-07 15:20:32.533,21909,21910,21909,1,-1
2024-06-07 15:20:34.936,21909,21910,21909,1,-1
2024-06-07 15:20:36.279,21908,21909,21908,2,-2
2024-06-07 15:20:38.475,21908,21909,21909,2,2
2024-06-07 15:20:46.877,21908,21910,21909,1,1
2024-06-07 15:20:50.969,21908,21909,21908,5,-5
2024-06-07 15:20:51.028,21908,21909,21908,1,-1
2024-06-07 15:20:53.076,21908,21909,21908,1,-1
2024-06-07 15:20:53.623,21908,21909,21908,1,-1
2024-06-07 15:20:54.520,21908,21909,21908,1,-1
2024-06-07 15:20:55.427,21908,21909,21908,1,-1
2024-06-07 15:20:58.904,21908,21909,21908,2,-2
2024-06-07 15:20:59.907,21908,21909,21908,3,-3
2024-06-07 15:20:59.907,21908,21909,21907,2,-2
2024-06-07 15:21:00.106,21907,21909,21907,1,-1
2024-06-07 15:21:00.212,21907,21909,21907,1,-1
2024-06-07 15:21:00.310,21907,21908,21907,1,-1
2024-06-07 15:21:00.802,21907,21908,21908,3,3
2024-06-07 15:21:05.847,21907,21908,21908,1,1
2024-06-07 15:21:06.573,21908,21909,21908,1,-1
2024-06-07 15:21:07.503,21907,21909,21909,1,1
2024-06-07 15:21:07.719,21907,21909,21907,2,-2
2024-06-07 15:21:07.813,21907,21909,21909,1,1
2024-06-07 15:21:07.813,21907,21909,21909,1,1
2024-06-07 15:21:07.813,21907,21909,21909,1,1
2024-06-07 15:21:07.813,21907,21909,21909,1,1
2024-06-07 15:21:07.813,21907,21909,21909,1,1
2024-06-07 15:21:07.813,21907,21909,21910,4,4
2024-06-07 15:21:07.814,21907,21909,21911,6,6
2024-06-07 15:21:07.814,21907,21909,21911,2,2
2024-06-07 15:21:07.814,21907,21909,21910,4,4
2024-06-07 15:21:07.814,21907,21909,21911,2,2
2024-06-07 15:21:07.815,21907,21909,21912,2,2
2024-06-07 15:21:07.815,21907,21909,21912,6,6
2024-06-07 15:21:07.815,21907,21909,21912,1,1
2024-06-07 15:21:07.817,21907,21909,21913,1,1
2024-06-07 15:21:07.859,21907,21909,21912,1,1
2024-06-07 15:21:07.859,21907,21909,21912,4,4
2024-06-07 15:21:07.873,21907,21909,21913,1,1
2024-06-07 15:21:09.812,21911,21912,21913,7,7
2024-06-07 15:21:09.812,21911,21912,21912,5,5
2024-06-07 15:21:10.218,21911,21914,21911,1,-1
2024-06-07 15:21:20.638,21911,21914,21911,1,-1
2024-06-07 15:21:22.895,21911,21914,21911,2,-2
2024-06-07 15:21:32.010,21911,21913,21911,1,-1
2024-06-07 15:21:32.165,21911,21913,21911,6,-6
2024-06-07 15:21:36.778,21910,21912,21910,2,-2
2024-06-07 15:21:36.947,21908,21910,21908,4,-4
2024-06-07 15:21:36.947,21908,21910,21907,2,-2
2024-06-07 15:21:40.674,21907,21910,21910,1,1
2024-06-07 15:21:44.447,21907,21910,21907,1,-1
2024-06-07 15:21:49.214,21908,21910,21908,1,-1
2024-06-07 15:21:56.870,21908,21910,21908,1,-1
2024-06-07 15:22:06.902,21907,21910,21908,1,-1
2024-06-07 15:22:06.960,21907,21910,21907,1,-1
2024-06-07 15:22:07.243,21907,21910,21907,1,-1
2024-06-07 15:22:15.793,21908,21910,21909,1,-1
2024-06-07 15:22:18.511,21908,21910,21908,3,-3
2024-06-07 15:22:18.511,21908,21910,21907,6,-6
2024-06-07 15:22:19.951,21907,21910,21908,1,-1
2024-06-07 15:22:20.913,21907,21910,21907,1,-1
2024-06-07 15:22:23.261,21907,21910,21907,3,-3
2024-06-07 15:22:32.558,21907,21908,21907,1,-1
2024-06-07 15:22:34.369,21907,21908,21908,6,6
2024-06-07 15:22:34.508,21908,21909,21909,1,1
2024-06-07 15:22:34.508,21908,21909,21909,1,1
2024-06-07 15:22:34.509,21908,21909,21909,4,4
2024-06-07 15:22:34.735,21909,21911,21909,2,-2
2024-06-07 15:22:34.735,21909,21911,21908,10,-10
2024-06-07 15:22:39.371,21907,21908,21908,6,6
2024-06-07 15:22:49.623,21908,21909,21909,1,1
2024-06-07 15:22:55.575,21908,21909,21909,2,2
2024-06-07 15:23:01.859,21909,21911,21909,1,-1
2024-06-07 15:23:04.767,21909,21910,21909,1,-1
2024-06-07 15:23:10.810,21909,21910,21909,1,-1
2024-06-07 15:23:14.808,21908,21910,21910,6,6
2024-06-07 15:23:14.808,21908,21910,21911,6,6
2024-06-07 15:23:23.574,21909,21910,21909,1,-1
2024-06-07 15:23:24.249,21908,21909,21908,2,-2
2024-06-07 15:23:24.250,21908,21909,21908,2,-2
2024-06-07 15:23:24.267,21908,21909,21908,1,-1
2024-06-07 15:23:24.633,21907,21908,21907,2,-2
2024-06-07 15:23:34.955,21907,21908,21907,1,-1
2024-06-07 15:23:34.955,21907,21908,21907,1,-1
2024-06-07 15:23:34.956,21907,21908,21907,1,-1
2024-06-07 15:23:34.956,21907,21908,21907,4,-4
2024-06-07 15:23:40.172,21906,21908,21906,1,-1
2024-06-07 15:23:40.184,21906,21908,21907,1,-1
2024-06-07 15:23:40.240,21906,21908,21906,1,-1
2024-06-07 15:23:40.287,21906,21908,21908,1,1
2024-06-07 15:23:40.376,21906,21908,21906,1,-1
2024-06-07 15:23:45.906,21906,21909,21906,3,-3
2024-06-07 15:23:46.573,21906,21908,21906,1,-1
2024-06-07 15:23:46.912,21906,21908,21907,1,-1
2024-06-07 15:23:48.508,21907,21908,21908,1,1
2024-06-07 15:23:51.030,21907,21910,21907,5,-5
2024-06-07 15:23:54.248,21906,21908,21907,1,-1
2024-06-07 15:23:55.198,21906,21908,21908,3,3
2024-06-07 15:24:10.917,21908,21909,21908,1,-1
2024-06-07 15:24:11.734,21906,21908,21906,1,-1
2024-06-07 15:24:14.447,21906,21908,21908,1,1
2024-06-07 15:24:17.485,21906,21907,21906,1,-1
2024-06-07 15:24:17.485,21906,21907,21906,1,-1
2024-06-07 15:24:17.554,21905,21907,21905,4,-4
2024-06-07 15:24:17.554,21905,21907,21904,2,-2
2024-06-07 15:24:17.710,21904,21906,21904,1,-1
2024-06-07 15:24:17.744,21904,21906,21904,1,-1
2024-06-07 15:24:17.772,21904,21905,21904,3,-3
2024-06-07 15:24:17.772,21904,21905,21903,3,-3
2024-06-07 15:24:20.190,21904,21905,21904,1,-1
2024-06-07 15:24:24.973,21904,21905,21904,1,-1
2024-06-07 15:24:25.790,21904,21905,21904,1,-1
2024-06-07 15:24:25.791,21904,21905,21904,1,-1
2024-06-07 15:24:26.950,21904,21905,21904,1,-1
2024-06-07 15:24:28.935,21904,21905,21905,1,1
2024-06-07 15:24:30.793,21904,21905,21905,1,1
2024-06-07 15:24:32.322,21904,21905,21904,5,-5
2024-06-07 15:24:32.322,21904,21905,21903,4,-4
2024-06-07 15:24:43.464,21904,21905,21905,5,5
2024-06-07 15:24:44.871,21905,21906,21905,1,-1
2024-06-07 15:24:46.650,21905,21906,21906,1,1
2024-06-07 15:24:48.388,21905,21907,21905,1,-1
2024-06-07 15:25:00.749,21905,21907,21905,1,-1
2024-06-07 15:25:01.317,21905,21907,21905,1,-1
2024-06-07 15:25:01.396,21904,21907,21907,1,1
2024-06-07 15:25:01.396,21904,21907,21907,1,1
2024-06-07 15:25:01.901,21905,21907,21907,1,1
2024-06-07 15:25:04.020,21905,21907,21905,1,-1
2024-06-07 15:25:08.269,21905,21906,21905,1,-1
2024-06-07 15:25:12.667,21905,21907,21907,1,1
2024-06-07 15:25:13.454,21905,21907,21905,5,-5
2024-06-07 15:25:17.459,21905,21907,21905,4,-4
2024-06-07 15:25:18.950,21904,21905,21904,1,-1
2024-06-07 15:25:19.021,21903,21904,21904,1,1
2024-06-07 15:25:19.391,21903,21904,21904,10,10
2024-06-07 15:25:19.391,21903,21904,21904,1,1
2024-06-07 15:25:20.465,21903,21905,21905,1,1
2024-06-07 15:25:21.066,21903,21905,21903,12,-12
2024-06-07 15:25:23.747,21902,21904,21902,1,-1
2024-06-07 15:25:25.062,21902,21904,21902,12,-12
2024-06-07 15:25:26.853,21901,21904,21901,6,-6
2024-06-07 15:25:26.986,21901,21903,21901,1,-1
2024-06-07 15:25:27.071,21901,21902,21901,1,-1
2024-06-07 15:25:27.146,21901,21902,21902,1,1
2024-06-07 15:25:27.847,21901,21902,21902,9,9
2024-06-07 15:25:31.350,21902,21903,21902,1,-1
2024-06-07 15:25:31.350,21902,21903,21901,8,-8
2024-06-07 15:25:31.350,21902,21903,21900,1,-1
2024-06-07 15:25:31.413,21900,21903,21900,1,-1
2024-06-07 15:25:31.496,21900,21903,21900,1,-1
2024-06-07 15:25:31.504,21900,21903,21900,1,-1
2024-06-07 15:25:31.514,21900,21903,21900,1,-1
2024-06-07 15:25:31.560,21900,21903,21900,3,-3
2024-06-07 15:25:33.431,21901,21903,21901,1,-1
2024-06-07 15:25:34.005,21901,21903,21903,1,1
2024-06-07 15:25:34.306,21901,21903,21903,1,1
2024-06-07 15:25:35.100,21902,21903,21903,1,1
2024-06-07 15:25:35.858,21902,21903,21903,1,1
2024-06-07 15:25:39.786,21902,21903,21903,2,2
2024-06-07 15:25:40.241,21903,21905,21903,1,-1
2024-06-07 15:25:41.811,21902,21904,21902,2,-2
2024-06-07 15:25:54.440,21901,21904,21902,1,-1
2024-06-07 15:25:55.278,21902,21904,21902,1,-1
2024-06-07 15:25:55.467,21902,21904,21903,1,-1
2024-06-07 15:25:55.572,21901,21903,21901,1,-1
2024-06-07 15:25:56.704,21901,21903,21902,1,-1
2024-06-07 15:25:57.451,21902,21903,21902,2,-2
2024-06-07 15:25:59.000,21901,21903,21901,1,-1
2024-06-07 15:26:00.066,21902,21903,21902,1,-1
2024-06-07 15:26:00.220,21901,21902,21901,1,-1
2024-06-07 15:26:03.154,21901,21902,21901,1,-1
2024-06-07 15:26:08.219,21901,21902,21901,1,-1
2024-06-07 15:26:08.786,21900,21901,21900,1,-1
2024-06-07 15:26:10.312,21900,21901,21900,1,-1
2024-06-07 15:26:10.337,21900,21901,21901,1,1
2024-06-07 15:26:10.456,21900,21901,21901,1,1
2024-06-07 15:26:10.744,21900,21901,21901,1,1
2024-06-07 15:26:10.942,21900,21901,21900,13,-13
2024-06-07 15:26:12.416,21900,21901,21900,3,-3
2024-06-07 15:26:13.041,21900,21901,21901,1,1
2024-06-07 15:26:13.294,21900,21901,21901,1,1
2024-06-07 15:26:13.891,21900,21901,21900,5,-5
2024-06-07 15:26:15.272,21900,21901,21900,1,-1
2024-06-07 15:26:18.290,21900,21901,21900,1,-1
2024-06-07 15:26:20.184,21900,21901,21900,7,-7
2024-06-07 15:26:20.242,21900,21901,21900,1,-1
2024-06-07 15:26:20.243,21900,21901,21900,1,-1
2024-06-07 15:26:20.243,21900,21901,21900,1,-1
2024-06-07 15:26:20.243,21900,21901,21900,1,-1
2024-06-07 15:26:20.243,21900,21901,21900,1,-1
2024-06-07 15:26:21.087,21899,21900,21899,2,-2
2024-06-07 15:26:24.874,21899,21900,21900,1,1
2024-06-07 15:26:26.792,21899,21900,21900,3,3
2024-06-07 15:26:29.462,21899,21900,21899,1,-1
2024-06-07 15:26:29.858,21899,21900,21899,10,-10
2024-06-07 15:26:35.546,21899,21900,21899,1,-1
2024-06-07 15:26:37.018,21898,21899,21898,1,-1
2024-06-07 15:26:37.147,21898,21899,21898,10,-10
2024-06-07 15:26:37.148,21898,21899,21898,4,-4
2024-06-07 15:26:37.148,21898,21899,21898,7,-7
2024-06-07 15:26:37.149,21898,21899,21898,1,-1
2024-06-07 15:26:37.149,21898,21899,21898,2,-2
2024-06-07 15:26:37.746,21897,21899,21897,1,-1
2024-06-07 15:26:42.739,21897,21899,21897,1,-1
2024-06-07 15:26:42.901,21897,21898,21897,1,-1
2024-06-07 15:26:42.938,21897,21898,21897,1,-1
2024-06-07 15:26:43.567,21897,21898,21898,1,1
2024-06-07 15:26:45.050,21897,21898,21897,1,-1
2024-06-07 15:26:47.075,21897,21898,21897,1,-1
2024-06-07 15:26:50.817,21897,21898,21898,1,1
2024-06-07 15:26:50.876,21897,21898,21897,1,-1
2024-06-07 15:26:51.203,21897,21898,21897,1,-1
2024-06-07 15:26:51.374,21897,21898,21897,1,-1
2024-06-07 15:26:52.909,21897,21898,21898,1,1
2024-06-07 15:26:54.552,21897,21898,21897,1,-1
2024-06-07 15:26:54.700,21897,21898,21897,1,-1
2024-06-07 15:26:54.914,21897,21898,21897,3,-3
2024-06-07 15:26:54.947,21897,21898,21897,1,-1
2024-06-07 15:26:55.047,21897,21898,21897,1,-1
2024-06-07 15:26:55.294,21896,21897,21897,3,3
2024-06-07 15:26:58.030,21896,21897,21896,2,-2
2024-06-07 15:26:58.060,21896,21897,21896,1,-1
2024-06-07 15:26:58.148,21895,21897,21895,1,-1
2024-06-07 15:26:58.185,21895,21897,21895,10,-10
2024-06-07 15:26:58.224,21895,21897,21894,1,-1
2024-06-07 15:26:58.231,21895,21897,21894,3,-3
2024-06-07 15:26:58.231,21895,21897,21893,7,-7
2024-06-07 15:26:58.233,21895,21897,21892,1,-1
2024-06-07 15:26:58.271,21892,21894,21892,1,-1
2024-06-07 15:26:58.284,21892,21894,21892,1,-1
2024-06-07 15:26:58.286,21892,21894,21892,1,-1
2024-06-07 15:26:58.287,21892,21894,21892,1,-1
2024-06-07 15:26:58.288,21892,21894,21891,1,-1
2024-06-07 15:26:58.289,21892,21894,21892,1,-1
2024-06-07 15:26:58.297,21892,21894,21891,1,-1
2024-06-07 15:26:58.298,21892,21894,21891,1,-1
2024-06-07 15:26:58.303,21892,21894,21891,1,-1
2024-06-07 15:26:58.308,21892,21894,21891,1,-1
2024-06-07 15:26:58.309,21892,21894,21891,1,-1
2024-06-07 15:26:58.310,21892,21894,21891,1,-1
2024-06-07 15:26:58.310,21892,21894,21891,1,-1
2024-06-07 15:26:58.310,21892,21894,21891,1,-1
2024-06-07 15:26:58.320,21892,21894,21890,2,-2
2024-06-07 15:26:58.325,21892,21894,21890,2,-2
2024-06-07 15:26:58.326,21892,21894,21890,12,-12
2024-06-07 15:26:58.326,21892,21894,21889,9,-9
2024-06-07 15:26:58.327,21892,21894,21890,2,-2
2024-06-07 15:26:58.329,21892,21894,21888,2,-2
2024-06-07 15:26:58.330,21892,21894,21888,2,-2
2024-06-07 15:26:58.335,21892,21894,21888,4,-4
2024-06-07 15:26:58.335,21892,21894,21888,3,-3
2024-06-07 15:26:58.335,21892,21894,21888,1,-1
2024-06-07 15:26:58.336,21892,21894,21888,3,-3
2024-06-07 15:26:58.336,21892,21894,21888,1,-1
2024-06-07 15:26:58.351,21892,21894,21887,1,-1
2024-06-07 15:26:58.351,21892,21894,21888,1,-1
2024-06-07 15:26:58.351,21892,21894,21888,4,-4
2024-06-07 15:26:58.365,21892,21894,21888,1,-1
2024-06-07 15:26:58.386,21892,21894,21888,1,-1
2024-06-07 15:26:58.475,21888,21890,21890,1,1
2024-06-07 15:26:58.489,21888,21890,21890,1,1
2024-06-07 15:26:58.504,21888,21890,21891,1,1
2024-06-07 15:26:58.504,21888,21890,21892,3,3
2024-06-07 15:26:58.513,21888,21890,21891,1,1
2024-06-07 15:26:58.521,21890,21892,21890,1,-1
2024-06-07 15:26:58.528,21890,21892,21890,1,-1
2024-06-07 15:26:58.560,21890,21892,21890,1,-1
2024-06-07 15:26:58.605,21890,21892,21890,1,-1
2024-06-07 15:26:58.701,21890,21892,21892,1,1
2024-06-07 15:26:58.710,21890,21892,21890,1,-1
2024-06-07 15:26:58.854,21891,21892,21891,1,-1
2024-06-07 15:26:58.869,21891,21892,21891,1,-1
2024-06-07 15:26:58.932,21891,21892,21891,1,-1
2024-06-07 15:26:59.822,21891,21892,21892,1,1
2024-06-07 15:26:59.823,21891,21892,21892,1,1
2024-06-07 15:27:00.258,21891,21892,21891,1,-1
2024-06-07 15:27:02.775,21890,21891,21891,4,4
2024-06-07 15:27:02.775,21890,21891,21892,9,9
2024-06-07 15:27:02.775,21890,21891,21893,2,2
2024-06-07 15:27:02.800,21890,21891,21891,2,2
2024-06-07 15:27:02.893,21891,21893,21891,1,-1
2024-06-07 15:27:02.968,21891,21893,21891,1,-1
2024-06-07 15:27:03.005,21891,21893,21891,1,-1
2024-06-07 15:27:03.005,21891,21893,21891,2,-2
2024-06-07 15:27:03.800,21890,21892,21890,2,-2
2024-06-07 15:27:04.882,21890,21892,21892,1,1
2024-06-07 15:27:05.760,21890,21891,21890,1,-1
2024-06-07 15:27:05.760,21890,21891,21890,2,-2
2024-06-07 15:27:09.748,21890,21891,21890,2,-2
2024-06-07 15:27:10.358,21890,21891,21890,1,-1
2024-06-07 15:27:11.435,21890,21891,21890,2,-2
2024-06-07 15:27:11.630,21889,21890,21889,2,-2
2024-06-07 15:27:12.926,21889,21890,21889,2,-2
2024-06-07 15:27:14.055,21889,21890,21890,1,1
2024-06-07 15:27:14.055,21889,21890,21890,5,5
2024-06-07 15:27:14.881,21890,21892,21890,1,-1
2024-06-07 15:27:15.302,21890,21892,21892,1,1
2024-06-07 15:27:16.346,21891,21893,21891,1,-1
2024-06-07 15:27:17.066,21891,21892,21891,3,-3
2024-06-07 15:27:20.199,21891,21892,21891,4,-4
2024-06-07 15:27:20.270,21890,21892,21890,1,-1
2024-06-07 15:27:20.271,21890,21892,21890,1,-1
2024-06-07 15:27:20.934,21890,21891,21891,1,1
2024-06-07 15:27:21.014,21890,21891,21890,1,-1
2024-06-07 15:27:22.564,21891,21892,21891,1,-1
2024-06-07 15:27:25.906,21891,21892,21891,1,-1
2024-06-07 15:27:26.509,21890,21892,21892,1,1
2024-06-07 15:27:29.148,21892,21894,21893,1,1
2024-06-07 15:27:29.476,21891,21894,21891,1,-1
2024-06-07 15:27:30.946,21891,21893,21893,1,1
2024-06-07 15:27:33.437,21891,21893,21893,1,1
2024-06-07 15:27:36.001,21891,21892,21892,1,1
2024-06-07 15:27:36.215,21891,21892,21892,1,1
2024-06-07 15:27:39.431,21893,21894,21893,3,-3
2024-06-07 15:27:40.195,21893,21894,21893,2,-2
2024-06-07 15:27:42.447,21892,21894,21892,3,-3
2024-06-07 15:27:42.994,21892,21894,21894,1,1
2024-06-07 15:27:44.152,21893,21895,21893,1,-1
2024-06-07 15:27:44.500,21892,21894,21892,3,-3
2024-06-07 15:27:44.500,21892,21894,21891,2,-2
2024-06-07 15:27:44.793,21891,21893,21893,1,1
2024-06-07 15:27:47.655,21891,21892,21892,1,1
2024-06-07 15:27:47.891,21891,21894,21891,5,-5
2024-06-07 15:27:48.574,21891,21893,21891,1,-1
2024-06-07 15:27:48.622,21891,21893,21893,2,2
2024-06-07 15:27:56.873,21892,21895,21893,1,-1
2024-06-07 15:28:01.412,21894,21895,21894,1,-1
2024-06-07 15:28:01.786,21894,21895,21894,1,-1
2024-06-07 15:28:01.906,21892,21894,21892,1,-1
2024-06-07 15:28:02.000,21892,21894,21892,1,-1
2024-06-07 15:28:02.583,21892,21894,21894,3,3
2024-06-07 15:28:04.152,21894,21895,21894,2,-2
2024-06-07 15:28:08.483,21894,21895,21894,1,-1
2024-06-07 15:28:09.033,21894,21895,21895,2,2
2024-06-07 15:28:09.033,21894,21895,21895,1,1
2024-06-07 15:28:09.033,21894,21895,21895,6,6
2024-06-07 15:28:09.034,21894,21895,21895,1,1
2024-06-07 15:28:09.034,21894,21895,21895,2,2
2024-06-07 15:28:09.034,21894,21895,21895,5,5
2024-06-07 15:28:09.166,21895,21897,21897,2,2
2024-06-07 15:28:09.546,21895,21897,21895,1,-1
2024-06-07 15:28:09.578,21895,21897,21895,1,-1
2024-06-07 15:28:10.071,21895,21896,21895,1,-1
2024-06-07 15:28:10.434,21894,21896,21894,1,-1
2024-06-07 15:28:11.410,21895,21896,21895,1,-1
2024-06-07 15:28:16.611,21895,21896,21896,4,4
2024-06-07 15:28:16.611,21895,21896,21897,1,1
2024-06-07 15:28:16.680,21895,21897,21895,1,-1
2024-06-07 15:28:19.900,21894,21897,21894,1,-1
2024-06-07 15:28:21.406,21894,21897,21896,1,1
2024-06-07 15:28:25.331,21894,21896,21894,1,-1
2024-06-07 15:28:33.002,21894,21896,21895,1,-1
2024-06-07 15:28:34.411,21895,21896,21896,5,5
2024-06-07 15:28:37.333,21895,21896,21895,7,-7
2024-06-07 15:28:40.195,21894,21895,21894,3,-3
2024-06-07 15:28:40.253,21894,21895,21894,1,-1
2024-06-07 15:28:41.333,21894,21895,21895,2,2
2024-06-07 15:28:43.422,21894,21895,21895,2,2
2024-06-07 15:28:43.488,21894,21895,21894,4,-4
2024-06-07 15:28:50.334,21894,21895,21894,1,-1
2024-06-07 15:28:51.393,21894,21895,21895,2,2
2024-06-07 15:28:54.803,21894,21896,21894,1,-1
2024-06-07 15:28:55.921,21894,21896,21895,1,-1
2024-06-07 15:28:56.576,21895,21896,21895,1,-1
2024-06-07 15:29:01.064,21895,21896,21895,1,-1
2024-06-07 15:29:02.190,21894,21896,21896,1,1
2024-06-07 15:29:02.226,21894,21896,21896,1,1
2024-06-07 15:29:02.556,21894,21896,21894,1,-1
2024-06-07 15:29:06.104,21895,21896,21896,1,1
2024-06-07 15:29:12.866,21895,21897,21896,1,1
2024-06-07 15:29:16.960,21896,21897,21897,1,1
2024-06-07 15:29:21.052,21896,21897,21896,1,-1
2024-06-07 15:29:25.823,21896,21897,21897,2,2
2024-06-07 15:29:25.823,21896,21897,21897,7,7
2024-06-07 15:29:25.824,21896,21897,21897,1,1
2024-06-07 15:29:25.824,21896,21897,21897,1,1
2024-06-07 15:29:27.234,21897,21899,21897,1,-1
2024-06-07 15:29:29.273,21897,21899,21897,6,-6
2024-06-07 15:29:32.215,21896,21897,21896,3,-3
2024-06-07 15:29:32.407,21896,21897,21897,4,4
2024-06-07 15:29:33.033,21896,21897,21897,2,2
2024-06-07 15:29:33.666,21896,21897,21897,1,1
2024-06-07 15:29:36.062,21896,21897,21896,1,-1
2024-06-07 15:29:36.062,21896,21897,21896,1,-1
2024-06-07 15:29:36.062,21896,21897,21896,1,-1
2024-06-07 15:29:36.062,21896,21897,21896,1,-1
2024-06-07 15:29:36.062,21896,21897,21896,1,-1
2024-06-07 15:29:36.063,21896,21897,21896,1,-1
2024-06-07 15:29:38.711,21895,21897,21895,1,-1
2024-06-07 15:29:40.464,21895,21897,21895,2,-2
2024-06-07 15:29:43.187,21895,21897,21895,1,-1
2024-06-07 15:29:44.731,21895,21897,21896,1,-1
2024-06-07 15:29:47.429,21895,21897,21895,1,-1
2024-06-07 15:29:58.399,21895,21896,21895,1,-1
2024-06-07 15:30:00.194,21895,21896,21895,1,-1
2024-06-07 15:30:00.196,21895,21896,21895,3,-3
2024-06-07 15:30:00.196,21895,21896,21894,7,-7
2024-06-07 15:30:00.426,21893,21895,21895,1,1
2024-06-07 15:30:00.426,21893,21895,21893,1,-1
2024-06-07 15:30:00.429,21893,21895,21893,2,-2
2024-06-07 15:30:00.501,21893,21895,21894,1,-1
2024-06-07 15:30:00.501,21893,21895,21894,1,-1
2024-06-07 15:30:00.600,21892,21894,21894,1,1
2024-06-07 15:30:00.658,21893,21895,21893,1,-1
2024-06-07 15:30:01.446,21892,21894,21894,3,3
2024-06-07 15:30:01.649,21892,21894,21894,3,3
2024-06-07 15:30:01.649,21892,21894,21895,1,1
2024-06-07 15:30:01.913,21893,21895,21895,1,1
2024-06-07 15:30:01.920,21893,21895,21895,1,1
2024-06-07 15:30:01.976,21893,21895,21895,1,1
2024-06-07 15:30:02.117,21893,21895,21893,1,-1
2024-06-07 15:30:02.148,21893,21895,21895,1,1
2024-06-07 15:30:03.961,21894,21896,21894,1,-1
2024-06-07 15:30:10.578,21893,21894,21893,1,-1
2024-06-07 15:30:12.992,21892,21894,21893,1,-1
2024-06-07 15:30:13.780,21893,21894,21894,1,1
2024-06-07 15:30:13.780,21893,21894,21894,1,1
2024-06-07 15:30:13.781,21893,21894,21894,1,1
2024-06-07 15:30:13.781,21893,21894,21894,1,1
2024-06-07 15:30:16.297,21894,21895,21894,1,-1
2024-06-07 15:30:17.318,21894,21895,21893,2,-2
2024-06-07 15:30:17.318,21894,21895,21894,3,-3
2024-06-07 15:30:21.353,21894,21895,21895,1,1
2024-06-07 15:30:21.365,21894,21895,21895,4,4
2024-06-07 15:30:21.390,21894,21895,21895,1,1
2024-06-07 15:30:24.105,21895,21896,21896,2,2
2024-06-07 15:30:27.810,21895,21896,21896,1,1
2024-06-07 15:30:27.810,21895,21896,21897,1,1
2024-06-07 15:30:34.696,21895,21897,21896,1,1
2024-06-07 15:30:34.703,21895,21897,21897,1,1
2024-06-07 15:30:34.703,21895,21897,21897,8,8
2024-06-07 15:30:34.703,21895,21897,21897,17,17
2024-06-07 15:30:34.703,21895,21897,21897,3,3
2024-06-07 15:30:34.705,21895,21897,21898,1,1
2024-06-07 15:30:37.108,21898,21899,21898,1,-1
2024-06-07 15:30:38.890,21896,21898,21898,1,1
2024-06-07 15:30:39.769,21896,21898,21897,1,1
2024-06-07 15:30:39.837,21896,21898,21898,1,1
2024-06-07 15:30:41.377,21896,21898,21896,1,-1
2024-06-07 15:30:44.770,21897,21898,21897,2,-2
2024-06-07 15:30:48.693,21896,21898,21898,1,1
2024-06-07 15:30:49.784,21896,21898,21896,1,-1
2024-06-07 15:30:49.785,21896,21898,21896,1,-1
2024-06-07 15:30:49.785,21896,21898,21896,1,-1
2024-06-07 15:30:49.785,21896,21898,21896,1,-1
2024-06-07 15:30:57.669,21895,21896,21895,1,-1
2024-06-07 15:31:00.204,21895,21896,21895,2,-2
2024-06-07 15:31:00.261,21895,21896,21894,3,-3
2024-06-07 15:31:00.296,21893,21896,21893,1,-1
2024-06-07 15:31:00.353,21893,21896,21893,1,-1
2024-06-07 15:31:00.445,21894,21896,21894,1,-1
2024-06-07 15:31:08.929,21894,21895,21895,2,2
2024-06-07 15:31:09.345,21895,21896,21895,1,-1
2024-06-07 15:31:11.550,21894,21896,21894,1,-1
2024-06-07 15:31:13.283,21893,21895,21893,2,-2
2024-06-07 15:31:19.294,21893,21895,21893,1,-1
2024-06-07 15:31:19.527,21894,21895,21894,1,-1
2024-06-07 15:31:20.392,21894,21895,21895,1,1
2024-06-07 15:31:20.392,21894,21895,21895,1,1
2024-06-07 15:31:25.768,21894,21895,21895,2,2
2024-06-07 15:31:31.256,21893,21895,21895,1,1
2024-06-07 15:31:45.319,21893,21895,21895,1,1
2024-06-07 15:31:54.520,21893,21895,21895,1,1
2024-06-07 15:31:54.601,21893,21895,21894,1,1
2024-06-07 15:31:57.086,21894,21895,21895,1,1
2024-06-07 15:32:03.004,21896,21898,21897,1,1
2024-06-07 15:32:03.040,21897,21898,21898,1,1
2024-06-07 15:32:03.481,21896,21898,21896,1,-1
2024-06-07 15:32:07.639,21896,21898,21898,3,3
2024-06-07 15:32:08.703,21897,21898,21898,1,1
2024-06-07 15:32:14.756,21897,21898,21898,1,1
2024-06-07 15:32:20.235,21897,21898,21897,1,-1
2024-06-07 15:32:23.272,21897,21898,21898,1,1
2024-06-07 15:32:28.387,21898,21899,21898,1,-1
2024-06-07 15:32:33.079,21897,21899,21897,1,-1
2024-06-07 15:32:35.511,21897,21899,21898,2,-2
2024-06-07 15:32:38.609,21897,21899,21897,1,-1
2024-06-07 15:32:39.609,21898,21899,21898,1,-1
2024-06-07 15:32:45.793,21897,21898,21897,1,-1
2024-06-07 15:32:45.802,21897,21898,21897,7,-7
2024-06-07 15:32:48.346,21895,21897,21895,1,-1
2024-06-07 15:33:00.426,21897,21899,21899,10,10
2024-06-07 15:33:00.426,21897,21899,21900,16,16
2024-06-07 15:33:00.426,21897,21899,21901,8,8
2024-06-07 15:33:00.486,21897,21899,21900,1,1
2024-06-07 15:33:00.529,21900,21901,21900,1,-1
2024-06-07 15:33:00.628,21900,21901,21900,2,-2
2024-06-07 15:33:05.285,21899,21900,21899,2,-2
2024-06-07 15:33:06.204,21898,21900,21901,8,8
2024-06-07 15:33:06.204,21898,21900,21900,2,2
2024-06-07 15:33:06.286,21899,21901,21899,5,-5
2024-06-07 15:33:12.513,21898,21900,21898,2,-2
2024-06-07 15:33:13.115,21898,21900,21898,1,-1
2024-06-07 15:33:14.431,21898,21900,21898,2,-2
2024-06-07 15:33:16.929,21898,21899,21899,1,1
2024-06-07 15:33:19.199,21898,21899,21899,1,1
2024-06-07 15:33:20.469,21898,21899,21898,1,-1
2024-06-07 15:33:24.172,21898,21899,21898,2,-2
2024-06-07 15:33:31.797,21896,21898,21898,1,1
2024-06-07 15:33:40.208,21896,21897,21896,1,-1
2024-06-07 15:33:41.722,21895,21897,21897,4,4
2024-06-07 15:33:41.722,21895,21897,21898,7,7
2024-06-07 15:33:52.543,21897,21898,21897,1,-1
2024-06-07 15:33:53.180,21897,21898,21897,1,-1
2024-06-07 15:34:00.100,21897,21898,21897,1,-1
2024-06-07 15:34:00.100,21897,21898,21897,2,-2
2024-06-07 15:34:02.690,21897,21898,21897,1,-1
2024-06-07 15:34:18.123,21896,21897,21897,3,3
2024-06-07 15:34:27.684,21896,21898,21896,1,-1
2024-06-07 15:34:28.074,21896,21898,21896,1,-1
2024-06-07 15:34:41.547,21896,21897,21896,1,-1
2024-06-07 15:34:44.306,21895,21896,21895,2,-2
2024-06-07 15:34:44.369,21895,21896,21895,1,-1
2024-06-07 15:34:52.393,21895,21896,21895,1,-1
2024-06-07 15:34:54.013,21894,21896,21896,1,1
2024-06-07 15:34:57.255,21894,21896,21894,1,-1
2024-06-07 15:34:57.538,21894,21895,21894,2,-2
2024-06-07 15:35:04.042,21893,21895,21893,3,-3
2024-06-07 15:35:04.064,21893,21895,21893,1,-1
2024-06-07 15:35:04.202,21892,21893,21892,1,-1
2024-06-07 15:35:04.334,21892,21894,21894,1,1
2024-06-07 15:35:04.460,21892,21894,21894,1,1
2024-06-07 15:35:04.511,21892,21894,21892,1,-1
2024-06-07 15:35:08.055,21892,21893,21892,1,-1
2024-06-07 15:35:08.146,21892,21893,21893,1,1
2024-06-07 15:35:08.599,21892,21893,21893,1,1
2024-06-07 15:35:10.765,21892,21894,21892,1,-1
2024-06-07 15:35:10.771,21892,21894,21894,1,1
2024-06-07 15:35:10.771,21892,21894,21894,1,1
2024-06-07 15:35:10.989,21892,21894,21892,3,-3
2024-06-07 15:35:11.047,21892,21893,21892,1,-1
2024-06-07 15:35:12.321,21892,21893,21892,4,-4
2024-06-07 15:35:16.017,21892,21893,21892,1,-1
2024-06-07 15:35:16.017,21892,21893,21892,2,-2
2024-06-07 15:35:16.017,21892,21893,21892,2,-2
2024-06-07 15:35:16.017,21892,21893,21892,6,-6
2024-06-07 15:35:16.017,21892,21893,21892,2,-2
2024-06-07 15:35:16.017,21892,21893,21892,1,-1
2024-06-07 15:35:16.017,21892,21893,21892,6,-6
2024-06-07 15:35:17.352,21892,21893,21893,1,1
2024-06-07 15:35:17.723,21892,21893,21892,1,-1
2024-06-07 15:35:17.930,21891,21893,21891,1,-1
2024-06-07 15:35:21.134,21891,21892,21891,1,-1
2024-06-07 15:35:21.145,21891,21892,21892,1,1
2024-06-07 15:35:21.518,21891,21892,21892,1,1
2024-06-07 15:35:21.792,21891,21893,21893,2,2
2024-06-07 15:35:22.873,21891,21892,21891,4,-4
2024-06-07 15:35:27.003,21891,21892,21893,5,5
2024-06-07 15:35:27.003,21891,21892,21892,3,3
2024-06-07 15:35:27.004,21891,21892,21893,3,3
2024-06-07 15:35:27.006,21891,21892,21894,1,1
2024-06-07 15:35:27.006,21891,21892,21894,4,4
2024-06-07 15:35:27.044,21893,21895,21895,1,1
2024-06-07 15:35:38.329,21891,21892,21891,2,-2
2024-06-07 15:35:52.104,21890,21892,21890,1,-1
2024-06-07 15:35:52.416,21890,21892,21890,2,-2
2024-06-07 15:35:52.476,21890,21892,21890,1,-1
2024-06-07 15:35:53.346,21890,21892,21889,2,-2
2024-06-07 15:35:53.346,21890,21892,21890,3,-3
2024-06-07 15:35:55.357,21889,21890,21890,1,1
2024-06-07 15:35:59.262,21890,21891,21890,1,-1
2024-06-07 15:36:02.674,21889,21890,21889,1,-1
2024-06-07 15:36:02.705,21889,21890,21889,3,-3
2024-06-07 15:36:02.706,21889,21890,21889,1,-1
2024-06-07 15:36:06.877,21888,21889,21888,5,-5
2024-06-07 15:36:07.167,21887,21888,21887,2,-2
2024-06-07 15:36:07.310,21887,21888,21887,2,-2
2024-06-07 15:36:08.663,21887,21889,21887,1,-1
2024-06-07 15:36:08.872,21887,21889,21888,1,-1
2024-06-07 15:36:09.186,21887,21889,21887,1,-1
2024-06-07 15:36:10.226,21886,21888,21886,1,-1
2024-06-07 15:36:10.285,21886,21888,21886,1,-1
2024-06-07 15:36:10.358,21886,21888,21887,1,-1
2024-06-07 15:36:10.535,21886,21889,21886,2,-2
2024-06-07 15:36:10.640,21886,21889,21886,2,-2
2024-06-07 15:36:11.928,21886,21889,21887,2,-2
2024-06-07 15:36:13.335,21887,21889,21887,2,-2
2024-06-07 15:36:14.283,21887,21889,21887,1,-1
2024-06-07 15:36:16.238,21887,21889,21887,2,-2
2024-06-07 15:36:19.980,21887,21888,21887,1,-1
2024-06-07 15:36:20.465,21886,21887,21886,4,-4
2024-06-07 15:36:20.465,21886,21887,21885,1,-1
2024-06-07 15:36:20.543,21885,21887,21885,1,-1
2024-06-07 15:36:20.543,21885,21887,21885,1,-1
2024-06-07 15:36:20.783,21885,21887,21885,1,-1
2024-06-07 15:36:22.145,21885,21887,21887,2,2
2024-06-07 15:36:23.321,21885,21887,21885,3,-3
2024-06-07 15:36:26.808,21886,21887,21886,1,-1
2024-06-07 15:36:27.980,21885,21887,21885,5,-5
2024-06-07 15:36:28.875,21885,21887,21885,2,-2
2024-06-07 15:36:30.274,21885,21887,21886,1,-1
2024-06-07 15:36:32.247,21885,21887,21885,1,-1
2024-06-07 15:36:32.251,21885,21887,21885,1,-1
2024-06-07 15:36:32.436,21885,21887,21885,3,-3
2024-06-07 15:36:32.449,21885,21887,21885,4,-4
2024-06-07 15:36:33.032,21885,21887,21885,1,-1
2024-06-07 15:36:33.145,21885,21887,21887,1,1
2024-06-07 15:36:33.146,21885,21887,21887,8,8
2024-06-07 15:36:33.173,21885,21887,21888,1,1
2024-06-07 15:36:33.194,21885,21887,21887,2,2
2024-06-07 15:36:33.550,21886,21888,21886,1,-1
2024-06-07 15:36:33.914,21886,21888,21886,4,-4
2024-06-07 15:36:36.110,21886,21888,21887,1,-1
2024-06-07 15:36:36.156,21886,21887,21886,1,-1
2024-06-07 15:36:40.212,21886,21887,21886,2,-2
2024-06-07 15:36:41.112,21886,21887,21887,1,1
2024-06-07 15:36:41.287,21886,21888,21886,4,-4
2024-06-07 15:36:44.336,21886,21888,21886,1,-1
2024-06-07 15:36:46.132,21886,21888,21888,5,5
2024-06-07 15:36:48.123,21887,21888,21888,6,6
2024-06-07 15:36:48.124,21887,21888,21888,1,1
2024-06-07 15:36:48.124,21887,21888,21888,1,1
2024-06-07 15:36:48.124,21887,21888,21888,1,1
2024-06-07 15:36:50.623,21888,21889,21889,1,1
2024-06-07 15:36:50.998,21888,21889,21888,4,-4
2024-06-07 15:36:54.677,21886,21888,21888,4,4
2024-06-07 15:36:55.848,21887,21889,21887,1,-1
2024-06-07 15:36:57.267,21887,21889,21887,2,-2
2024-06-07 15:36:59.087,21887,21888,21887,1,-1
2024-06-07 15:36:59.316,21886,21888,21888,1,1
2024-06-07 15:37:01.343,21886,21888,21887,1,1
2024-06-07 15:37:03.604,21885,21887,21887,1,1
2024-06-07 15:37:03.662,21886,21888,21886,1,-1
2024-06-07 15:37:03.786,21885,21888,21888,1,1
2024-06-07 15:37:06.919,21885,21887,21885,2,-2
2024-06-07 15:37:06.919,21885,21887,21885,2,-2
2024-06-07 15:37:06.919,21885,21887,21885,1,-1
2024-06-07 15:37:06.920,21885,21887,21885,1,-1
2024-06-07 15:37:07.157,21884,21886,21884,2,-2
2024-06-07 15:37:07.332,21884,21886,21884,1,-1
2024-06-07 15:37:07.377,21884,21886,21884,1,-1
2024-06-07 15:37:07.395,21884,21886,21884,1,-1
2024-06-07 15:37:07.407,21884,21886,21884,1,-1
2024-06-07 15:37:07.424,21884,21886,21884,1,-1
2024-06-07 15:37:11.192,21884,21887,21884,1,-1
2024-06-07 15:37:12.865,21884,21887,21886,1,1
2024-06-07 15:37:19.412,21884,21886,21886,1,1
2024-06-07 15:37:21.517,21885,21886,21885,1,-1
2024-06-07 15:37:21.619,21885,21886,21886,1,1
2024-06-07 15:37:21.636,21885,21886,21886,3,3
2024-06-07 15:37:22.102,21886,21887,21886,2,-2
2024-06-07 15:37:26.211,21886,21887,21886,1,-1
2024-06-07 15:37:26.933,21886,21887,21886,1,-1
2024-06-07 15:37:30.135,21885,21887,21885,1,-1
2024-06-07 15:37:32.346,21885,21887,21885,1,-1
2024-06-07 15:37:33.007,21885,21887,21885,1,-1
2024-06-07 15:37:34.990,21886,21887,21886,1,-1
2024-06-07 15:37:37.438,21885,21887,21885,5,-5
2024-06-07 15:37:40.194,21886,21887,21886,6,-6
2024-06-07 15:37:45.517,21885,21886,21885,1,-1
2024-06-07 15:37:45.829,21885,21886,21885,1,-1
2024-06-07 15:37:47.290,21885,21886,21885,1,-1
2024-06-07 15:37:47.290,21885,21886,21885,2,-2
2024-06-07 15:37:51.976,21884,21885,21885,1,1
2024-06-07 15:37:53.374,21884,21885,21885,7,7
2024-06-07 15:37:54.426,21885,21886,21885,1,-1
2024-06-07 15:37:56.536,21885,21886,21885,2,-2
2024-06-07 15:37:58.187,21884,21886,21884,1,-1
2024-06-07 15:38:00.354,21884,21886,21884,1,-1
2024-06-07 15:38:00.557,21884,21885,21884,2,-2
2024-06-07 15:38:00.557,21884,21885,21883,3,-3
2024-06-07 15:38:04.840,21883,21885,21885,1,1
2024-06-07 15:38:04.888,21883,21885,21883,5,-5
2024-06-07 15:38:04.889,21883,21885,21883,1,-1
2024-06-07 15:38:04.971,21882,21883,21882,1,-1
2024-06-07 15:38:05.039,21882,21883,21882,1,-1
2024-06-07 15:38:05.130,21882,21883,21882,1,-1
2024-06-07 15:38:06.106,21882,21883,21883,1,1
2024-06-07 15:38:06.106,21882,21883,21883,1,1
2024-06-07 15:38:06.107,21882,21883,21883,2,2
2024-06-07 15:38:09.834,21882,21884,21882,7,-7
2024-06-07 15:38:10.652,21882,21883,21882,4,-4
2024-06-07 15:38:10.652,21882,21883,21881,2,-2
2024-06-07 15:38:10.838,21881,21882,21881,3,-3
2024-06-07 15:38:10.838,21881,21882,21880,11,-11
2024-06-07 15:38:10.859,21881,21882,21881,2,-2
2024-06-07 15:38:14.483,21880,21881,21880,1,-1
2024-06-07 15:38:16.547,21880,21882,21881,1,-1
2024-06-07 15:38:19.585,21881,21882,21882,1,1
2024-06-07 15:38:19.585,21881,21882,21882,7,7
2024-06-07 15:38:19.585,21881,21882,21882,2,2
2024-06-07 15:38:20.812,21882,21883,21882,1,-1
2024-06-07 15:38:22.259,21882,21883,21883,2,2
2024-06-07 15:38:23.660,21882,21883,21883,1,1
2024-06-07 15:38:23.661,21882,21883,21883,1,1
2024-06-07 15:38:23.661,21882,21883,21883,2,2
2024-06-07 15:38:23.661,21882,21883,21883,2,2
2024-06-07 15:38:26.533,21883,21884,21884,1,1
2024-06-07 15:38:26.533,21883,21884,21884,1,1
2024-06-07 15:38:26.533,21883,21884,21884,1,1
2024-06-07 15:38:37.268,21884,21885,21884,1,-1
2024-06-07 15:38:37.875,21884,21885,21884,4,-4
2024-06-07 15:38:38.620,21883,21884,21884,1,1
2024-06-07 15:38:41.954,21884,21885,21884,2,-2
2024-06-07 15:38:48.483,21882,21884,21884,1,1
2024-06-07 15:38:58.618,21883,21884,21884,2,2
2024-06-07 15:39:00.214,21883,21884,21883,1,-1
2024-06-07 15:39:00.468,21883,21884,21883,1,-1
2024-06-07 15:39:01.335,21882,21884,21883,1,-1
2024-06-07 15:39:01.623,21882,21883,21882,1,-1
2024-06-07 15:39:01.625,21882,21883,21882,1,-1
2024-06-07 15:39:01.626,21882,21883,21882,3,-3
2024-06-07 15:39:15.513,21881,21883,21881,4,-4
2024-06-07 15:39:19.439,21882,21883,21882,1,-1
2024-06-07 15:39:19.439,21882,21883,21881,1,-1
2024-06-07 15:39:21.392,21882,21883,21882,1,-1
2024-06-07 15:39:22.225,21881,21883,21881,1,-1
2024-06-07 15:39:27.040,21881,21883,21883,1,1
2024-06-07 15:39:27.757,21881,21883,21881,2,-2
2024-06-07 15:39:27.865,21881,21883,21881,2,-2
2024-06-07 15:39:27.865,21881,21883,21881,1,-1
2024-06-07 15:39:27.865,21881,21883,21881,4,-4
2024-06-07 15:39:27.866,21881,21883,21880,6,-6
2024-06-07 15:39:27.866,21881,21883,21880,5,-5
2024-06-07 15:39:27.866,21881,21883,21880,2,-2
2024-06-07 15:39:27.867,21881,21883,21880,4,-4
2024-06-07 15:39:27.867,21881,21883,21880,1,-1
2024-06-07 15:39:27.867,21881,21883,21880,6,-6
2024-06-07 15:39:27.868,21881,21883,21880,1,-1
2024-06-07 15:39:28.524,21880,21881,21880,1,-1
2024-06-07 15:39:28.524,21880,21881,21880,6,-6
2024-06-07 15:39:28.524,21880,21881,21880,2,-2
2024-06-07 15:39:28.524,21880,21881,21880,1,-1
2024-06-07 15:39:28.587,21880,21881,21880,1,-1
2024-06-07 15:39:28.876,21880,21881,21880,5,-5
2024-06-07 15:39:29.335,21880,21881,21880,1,-1
2024-06-07 15:39:29.747,21879,21881,21879,2,-2
2024-06-07 15:39:29.747,21879,21881,21879,6,-6
2024-06-07 15:39:32.617,21879,21881,21879,5,-5
2024-06-07 15:39:34.159,21879,21881,21879,1,-1
2024-06-07 15:39:34.541,21879,21881,21879,1,-1
2024-06-07 15:39:36.024,21879,21882,21879,1,-1
2024-06-07 15:39:37.301,21879,21881,21879,5,-5
2024-06-07 15:39:37.301,21879,21881,21879,1,-1
2024-06-07 15:39:37.302,21879,21881,21879,1,-1
2024-06-07 15:39:37.302,21879,21881,21879,1,-1
2024-06-07 15:39:39.229,21879,21880,21879,1,-1
2024-06-07 15:39:41.356,21879,21880,21880,1,1
2024-06-07 15:39:43.214,21879,21880,21879,1,-1
2024-06-07 15:39:43.326,21879,21880,21879,1,-1
2024-06-07 15:39:44.606,21878,21879,21879,1,1
2024-06-07 15:39:45.478,21878,21879,21878,1,-1
2024-06-07 15:39:46.593,21878,21879,21878,1,-1
2024-06-07 15:39:48.214,21878,21879,21878,1,-1
2024-06-07 15:39:56.494,21878,21879,21878,1,-1
2024-06-07 15:40:00.017,21878,21879,21879,6,6
2024-06-07 15:40:00.019,21878,21879,21880,1,1
2024-06-07 15:40:00.020,21878,21879,21880,2,2
2024-06-07 15:40:00.020,21878,21879,21880,1,1
2024-06-07 15:40:00.020,21878,21879,21880,1,1
2024-06-07 15:40:00.020,21878,21879,21880,2,2
2024-06-07 15:40:00.192,21879,21881,21879,3,-3
2024-06-07 15:40:00.517,21878,21881,21878,2,-2
2024-06-07 15:40:00.679,21878,21880,21879,1,-1
2024-06-07 15:40:00.679,21878,21880,21879,1,-1
2024-06-07 15:40:00.779,21878,21881,21878,1,-1
2024-06-07 15:40:00.830,21878,21881,21879,1,-1
2024-06-07 15:40:01.495,21879,21881,21879,1,-1
2024-06-07 15:40:01.520,21878,21880,21878,10,-10
2024-06-07 15:40:01.521,21878,21880,21877,1,-1
2024-06-07 15:40:01.521,21878,21880,21878,2,-2
2024-06-07 15:40:01.708,21877,21879,21877,1,-1
2024-06-07 15:40:01.718,21877,21879,21877,1,-1
2024-06-07 15:40:01.721,21877,21879,21877,1,-1
2024-06-07 15:40:01.749,21877,21879,21877,1,-1
2024-06-07 15:40:02.930,21877,21879,21879,1,1
2024-06-07 15:40:07.077,21879,21881,21881,1,1
2024-06-07 15:40:08.635,21880,21882,21880,1,-1
2024-06-07 15:40:08.646,21880,21882,21879,1,-1
2024-06-07 15:40:08.646,21880,21882,21880,1,-1
2024-06-07 15:40:08.646,21880,21882,21880,1,-1
2024-06-07 15:40:09.136,21880,21882,21880,3,-3
2024-06-07 15:40:09.661,21881,21882,21881,4,-4
2024-06-07 15:40:09.661,21881,21882,21880,2,-2
2024-06-07 15:40:09.661,21881,21882,21879,5,-5
2024-06-07 15:40:12.124,21879,21881,21879,1,-1
2024-06-07 15:40:16.876,21880,21881,21881,1,1
2024-06-07 15:40:19.355,21881,21882,21881,1,-1
2024-06-07 15:40:20.570,21881,21882,21881,1,-1
2024-06-07 15:40:20.645,21881,21882,21881,1,-1
2024-06-07 15:40:20.646,21881,21882,21881,1,-1
2024-06-07 15:40:23.847,21880,21881,21881,1,1
2024-06-07 15:40:25.181,21880,21881,21881,1,1
2024-06-07 15:40:26.981,21880,21881,21881,1,1
2024-06-07 15:40:32.122,21881,21882,21882,1,1
2024-06-07 15:40:32.123,21881,21882,21882,1,1
2024-06-07 15:40:32.123,21881,21882,21882,1,1
2024-06-07 15:40:32.145,21881,21882,21881,1,-1
2024-06-07 15:40:32.145,21881,21882,21881,1,-1
2024-06-07 15:40:32.145,21881,21882,21881,1,-1
2024-06-07 15:40:32.146,21881,21882,21881,1,-1
2024-06-07 15:40:32.146,21881,21882,21880,1,-1
2024-06-07 15:40:32.146,21881,21882,21880,1,-1
2024-06-07 15:40:32.146,21881,21882,21880,1,-1
2024-06-07 15:40:32.146,21881,21882,21880,1,-1
2024-06-07 15:40:32.146,21881,21882,21880,1,-1
2024-06-07 15:40:32.149,21881,21882,21880,1,-1
2024-06-07 15:40:40.414,21880,21881,21881,1,1
2024-06-07 15:40:49.275,21880,21881,21881,1,1
2024-06-07 15:40:50.279,21880,21881,21880,1,-1
2024-06-07 15:40:52.733,21880,21881,21881,1,1
2024-06-07 15:40:57.194,21880,21881,21881,3,3
2024-06-07 15:40:57.194,21880,21881,21881,2,2
2024-06-07 15:40:57.436,21881,21882,21882,2,2
2024-06-07 15:40:57.436,21881,21882,21882,1,1
2024-06-07 15:40:57.436,21881,21882,21882,2,2
2024-06-07 15:40:57.437,21881,21882,21883,1,1
2024-06-07 15:40:57.437,21881,21882,21883,6,6
2024-06-07 15:40:57.437,21881,21882,21882,2,2
2024-06-07 15:40:57.437,21881,21882,21882,36,36
2024-06-07 15:40:57.438,21881,21882,21883,2,2
2024-06-07 15:41:00.252,21883,21885,21883,1,-1
2024-06-07 15:41:01.386,21883,21885,21884,1,-1
2024-06-07 15:41:01.906,21883,21885,21885,4,4
2024-06-07 15:41:01.906,21883,21885,21886,1,1
2024-06-07 15:41:03.141,21884,21886,21886,1,1
2024-06-07 15:41:09.073,21885,21887,21887,1,1
2024-06-07 15:41:09.983,21886,21888,21888,1,1
2024-06-07 15:41:11.282,21886,21887,21887,1,1
2024-06-07 15:41:11.949,21886,21888,21886,1,-1
2024-06-07 15:41:13.881,21886,21888,21886,1,-1
2024-06-07 15:41:19.074,21886,21887,21886,1,-1
2024-06-07 15:41:19.075,21886,21887,21886,1,-1
2024-06-07 15:41:21.737,21885,21887,21887,1,1
2024-06-07 15:41:28.401,21886,21887,21886,1,-1
2024-06-07 15:41:29.705,21885,21886,21885,2,-2
2024-06-07 15:41:29.705,21885,21886,21885,2,-2
2024-06-07 15:41:41.107,21885,21886,21886,1,1
