2023-03-06 15:00:00,15772,15772,15772,110,0
2023-03-06 15:00:00,15771,15771,15771,2,-2
2023-03-06 15:00:00,15771,15771,15771,2,0
2023-03-06 15:00:00,15771,15771,15771,2,0
2023-03-06 15:00:00,15770,15770,15770,2,-2
2023-03-06 15:00:00,15772,15772,15772,2,2
2023-03-06 15:00:00,15771,15771,15771,2,-2
2023-03-06 15:00:00,15771,15771,15771,2,0
2023-03-06 15:00:00,15772,15772,15772,4,4
2023-03-06 15:00:00,15773,15773,15773,2,2
2023-03-06 15:00:00,15773,15773,15773,4,0
2023-03-06 15:00:00,15774,15774,15774,6,6
2023-03-06 15:00:00,15774,15774,15774,4,0
2023-03-06 15:00:00,15774,15774,15774,4,0
2023-03-06 15:00:00,15772,15772,15772,2,-2
2023-03-06 15:00:00,15771,15771,15771,2,-2
2023-03-06 15:00:00,15771,15771,15771,2,0
2023-03-06 15:00:00,15773,15773,15773,2,2
2023-03-06 15:00:00,15770,15770,15770,2,-2
2023-03-06 15:00:00,15773,15773,15773,2,2
2023-03-06 15:00:00,15773,15773,15773,2,0
2023-03-06 15:00:00,15771,15771,15771,2,-2
2023-03-06 15:00:00,15773,15773,15773,2,2
2023-03-06 15:00:00,15771,15771,15771,2,-2
2023-03-06 15:00:00,15771,15771,15771,2,0
2023-03-06 15:00:01,15771,15771,15771,2,0
2023-03-06 15:00:01,15771,15771,15771,2,0
2023-03-06 15:00:02,15771,15771,15771,2,0
2023-03-06 15:00:03,15771,15771,15771,2,0
2023-03-06 15:00:03,15772,15772,15772,2,2
2023-03-06 15:00:04,15772,15772,15772,8,0
2023-03-06 15:00:04,15772,15772,15772,2,0
2023-03-06 15:00:04,15772,15772,15772,2,0
2023-03-06 15:00:04,15773,15773,15773,2,2
2023-03-06 15:00:05,15771,15771,15771,2,-2
2023-03-06 15:00:05,15771,15771,15771,2,0
2023-03-06 15:00:05,15770,15770,15770,2,-2
2023-03-06 15:00:05,15772,15772,15772,2,2
2023-03-06 15:00:05,15772,15772,15772,2,0
2023-03-06 15:00:05,15770,15770,15770,6,-6
2023-03-06 15:00:06,15771,15771,15771,2,2
2023-03-06 15:00:06,15769,15769,15769,2,-2
2023-03-06 15:00:06,15769,15769,15769,2,0
2023-03-06 15:00:06,15769,15769,15769,2,0
2023-03-06 15:00:06,15771,15771,15771,2,2
2023-03-06 15:00:07,15771,15771,15771,2,0
2023-03-06 15:00:07,15772,15772,15772,10,10
2023-03-06 15:00:09,15773,15773,15773,2,2
2023-03-06 15:00:09,15773,15773,15773,2,0
2023-03-06 15:00:09,15773,15773,15773,2,0
2023-03-06 15:00:09,15773,15773,15773,10,0
2023-03-06 15:00:10,15774,15774,15774,2,2
2023-03-06 15:00:11,15774,15774,15774,2,0
2023-03-06 15:00:11,15774,15774,15774,2,0
2023-03-06 15:00:12,15773,15773,15773,2,-2
2023-03-06 15:00:12,15775,15775,15775,2,2
2023-03-06 15:00:13,15774,15774,15774,2,-2
2023-03-06 15:00:14,15773,15773,15773,2,-2
2023-03-06 15:00:14,15775,15775,15775,2,2
2023-03-06 15:00:15,15773,15773,15773,2,-2
2023-03-06 15:00:15,15773,15773,15773,2,0
2023-03-06 15:00:15,15773,15773,15773,4,0
2023-03-06 15:00:18,15773,15773,15773,2,0
2023-03-06 15:00:18,15773,15773,15773,6,0
2023-03-06 15:00:18,15773,15773,15773,2,0
2023-03-06 15:00:18,15773,15773,15773,2,0
2023-03-06 15:00:20,15773,15773,15773,2,0
2023-03-06 15:00:24,15772,15772,15772,2,-2
2023-03-06 15:00:24,15772,15772,15772,2,0
2023-03-06 15:00:24,15772,15772,15772,2,0
2023-03-06 15:00:24,15773,15773,15773,2,2
2023-03-06 15:00:25,15773,15773,15773,10,0
2023-03-06 15:00:26,15774,15774,15774,6,6
2023-03-06 15:00:27,15773,15773,15773,2,-2
2023-03-06 15:00:27,15774,15774,15774,6,6
2023-03-06 15:00:29,15774,15774,15774,6,0
2023-03-06 15:00:29,15774,15774,15774,8,0
2023-03-06 15:00:29,15774,15774,15774,12,0
2023-03-06 15:00:29,15775,15775,15775,2,2
2023-03-06 15:00:30,15775,15775,15775,6,0
2023-03-06 15:00:30,15775,15775,15775,2,0
2023-03-06 15:00:32,15775,15775,15775,2,0
2023-03-06 15:00:32,15775,15775,15775,6,0
2023-03-06 15:00:33,15775,15775,15775,6,0
2023-03-06 15:00:33,15775,15775,15775,2,0
2023-03-06 15:00:33,15775,15775,15775,6,0
2023-03-06 15:00:34,15775,15775,15775,2,0
2023-03-06 15:00:37,15775,15775,15775,6,0
2023-03-06 15:00:39,15776,15776,15776,2,2
2023-03-06 15:00:40,15776,15776,15776,2,0
2023-03-06 15:00:41,15775,15775,15775,2,-2
2023-03-06 15:00:41,15775,15775,15775,2,0
2023-03-06 15:00:44,15775,15775,15775,2,0
2023-03-06 15:00:44,15775,15775,15775,2,0
2023-03-06 15:00:48,15774,15774,15774,2,-2
2023-03-06 15:00:48,15774,15774,15774,4,0
2023-03-06 15:00:48,15774,15774,15774,2,0
2023-03-06 15:00:50,15774,15774,15774,18,0
2023-03-06 15:00:50,15775,15775,15775,4,4
2023-03-06 15:00:53,15775,15775,15775,2,0
2023-03-06 15:00:53,15775,15775,15775,2,0
2023-03-06 15:00:53,15775,15775,15775,20,0
2023-03-06 15:00:56,15775,15775,15775,2,0
2023-03-06 15:01:00,15775,15775,15775,2,0
2023-03-06 15:01:00,15775,15775,15775,2,0
2023-03-06 15:01:00,15775,15775,15775,2,0
2023-03-06 15:01:00,15776,15776,15776,2,2
2023-03-06 15:01:00,15776,15776,15776,2,0
2023-03-06 15:01:00,15776,15776,15776,2,0
2023-03-06 15:01:02,15773,15773,15773,2,-2
2023-03-06 15:01:03,15773,15773,15773,2,0
2023-03-06 15:01:03,15775,15775,15775,2,2
2023-03-06 15:01:04,15773,15773,15773,4,-4
2023-03-06 15:01:05,15774,15774,15774,2,2
2023-03-06 15:01:07,15773,15773,15773,2,-2
2023-03-06 15:01:07,15773,15773,15773,2,0
2023-03-06 15:01:07,15773,15773,15773,2,0
2023-03-06 15:01:08,15773,15773,15773,2,0
2023-03-06 15:01:11,15773,15773,15773,2,0
2023-03-06 15:01:16,15772,15772,15772,2,-2
2023-03-06 15:01:18,15773,15773,15773,2,2
2023-03-06 15:01:19,15773,15773,15773,2,0
2023-03-06 15:01:22,15773,15773,15773,2,0
2023-03-06 15:01:25,15772,15772,15772,2,-2
2023-03-06 15:01:25,15772,15772,15772,2,0
2023-03-06 15:01:25,15772,15772,15772,4,0
2023-03-06 15:01:25,15772,15772,15772,2,0
2023-03-06 15:01:25,15772,15772,15772,2,0
2023-03-06 15:01:25,15772,15772,15772,2,0
2023-03-06 15:01:25,15772,15772,15772,2,0
2023-03-06 15:01:26,15771,15771,15771,2,-2
2023-03-06 15:01:26,15771,15771,15771,4,0
2023-03-06 15:01:26,15771,15771,15771,2,0
2023-03-06 15:01:26,15771,15771,15771,2,0
2023-03-06 15:01:26,15771,15771,15771,2,0
2023-03-06 15:01:26,15771,15771,15771,2,0
2023-03-06 15:01:27,15771,15771,15771,2,0
2023-03-06 15:01:27,15772,15772,15772,2,2
2023-03-06 15:01:27,15772,15772,15772,2,0
2023-03-06 15:01:32,15771,15771,15771,18,-18
2023-03-06 15:01:32,15772,15772,15772,2,2
2023-03-06 15:01:33,15770,15770,15770,2,-2
2023-03-06 15:01:33,15770,15770,15770,2,0
2023-03-06 15:01:33,15770,15770,15770,2,0
2023-03-06 15:01:33,15770,15770,15770,2,0
2023-03-06 15:01:35,15770,15770,15770,2,0
2023-03-06 15:01:35,15770,15770,15770,2,0
2023-03-06 15:01:39,15771,15771,15771,2,2
2023-03-06 15:01:40,15771,15771,15771,4,0
2023-03-06 15:01:41,15772,15772,15772,6,6
2023-03-06 15:01:42,15772,15772,15772,10,0
2023-03-06 15:01:42,15772,15772,15772,2,0
2023-03-06 15:01:45,15772,15772,15772,2,0
2023-03-06 15:01:46,15772,15772,15772,2,0
2023-03-06 15:01:48,15771,15771,15771,4,-4
2023-03-06 15:01:48,15771,15771,15771,2,0
2023-03-06 15:01:48,15771,15771,15771,2,0
2023-03-06 15:01:48,15771,15771,15771,10,0
2023-03-06 15:01:48,15771,15771,15771,2,0
2023-03-06 15:01:48,15771,15771,15771,2,0
2023-03-06 15:01:51,15771,15771,15771,2,0
2023-03-06 15:01:51,15771,15771,15771,2,0
2023-03-06 15:01:55,15770,15770,15770,2,-2
2023-03-06 15:01:55,15770,15770,15770,2,0
2023-03-06 15:01:55,15770,15770,15770,4,0
2023-03-06 15:01:55,15770,15770,15770,2,0
2023-03-06 15:01:55,15770,15770,15770,6,0
2023-03-06 15:01:58,15769,15769,15769,4,-4
2023-03-06 15:02:00,15768,15768,15768,8,-8
2023-03-06 15:02:00,15768,15768,15768,2,0
2023-03-06 15:02:00,15768,15768,15768,2,0
2023-03-06 15:02:00,15768,15768,15768,2,0
2023-03-06 15:02:00,15767,15767,15767,2,-2
2023-03-06 15:02:00,15767,15767,15767,2,0
2023-03-06 15:02:08,15766,15766,15766,2,-2
2023-03-06 15:02:09,15766,15766,15766,2,0
2023-03-06 15:02:10,15767,15767,15767,2,2
2023-03-06 15:02:10,15767,15767,15767,2,0
2023-03-06 15:02:11,15767,15767,15767,2,0
2023-03-06 15:02:13,15767,15767,15767,6,0
2023-03-06 15:02:16,15768,15768,15768,2,2
2023-03-06 15:02:20,15767,15767,15767,2,-2
2023-03-06 15:02:22,15767,15767,15767,2,0
2023-03-06 15:02:22,15767,15767,15767,4,0
2023-03-06 15:02:24,15767,15767,15767,2,0
2023-03-06 15:02:24,15767,15767,15767,2,0
2023-03-06 15:02:24,15767,15767,15767,2,0
2023-03-06 15:02:26,15766,15766,15766,2,-2
2023-03-06 15:02:29,15766,15766,15766,2,0
2023-03-06 15:02:33,15767,15767,15767,2,2
2023-03-06 15:02:34,15767,15767,15767,2,0
2023-03-06 15:02:36,15767,15767,15767,12,0
2023-03-06 15:02:40,15767,15767,15767,2,0
2023-03-06 15:02:41,15768,15768,15768,2,2
2023-03-06 15:02:42,15767,15767,15767,2,-2
2023-03-06 15:02:48,15767,15767,15767,2,0
2023-03-06 15:02:48,15768,15768,15768,2,2
2023-03-06 15:02:49,15768,15768,15768,2,0
2023-03-06 15:02:49,15768,15768,15768,2,0
2023-03-06 15:02:49,15768,15768,15768,4,0
2023-03-06 15:02:49,15768,15768,15768,2,0
2023-03-06 15:02:50,15768,15768,15768,4,0
2023-03-06 15:02:50,15768,15768,15768,2,0
2023-03-06 15:02:50,15768,15768,15768,4,0
2023-03-06 15:02:50,15768,15768,15768,2,0
2023-03-06 15:02:51,15768,15768,15768,2,0
2023-03-06 15:02:51,15768,15768,15768,2,0
2023-03-06 15:02:51,15767,15767,15767,2,-2
2023-03-06 15:02:54,15768,15768,15768,2,2
2023-03-06 15:02:54,15767,15767,15767,2,-2
2023-03-06 15:02:56,15767,15767,15767,2,0
2023-03-06 15:03:00,15767,15767,15767,6,0
2023-03-06 15:03:00,15767,15767,15767,2,0
2023-03-06 15:03:00,15767,15767,15767,2,0
2023-03-06 15:03:00,15767,15767,15767,2,0
2023-03-06 15:03:00,15767,15767,15767,2,0
2023-03-06 15:03:00,15767,15767,15767,2,0
2023-03-06 15:03:00,15768,15768,15768,8,8
2023-03-06 15:03:00,15768,15768,15768,2,0
2023-03-06 15:03:00,15768,15768,15768,2,0
2023-03-06 15:03:00,15768,15768,15768,2,0
2023-03-06 15:03:00,15768,15768,15768,4,0
2023-03-06 15:03:00,15767,15767,15767,2,-2
2023-03-06 15:03:00,15767,15767,15767,2,0
2023-03-06 15:03:00,15767,15767,15767,2,0
2023-03-06 15:03:00,15767,15767,15767,4,0
2023-03-06 15:03:00,15769,15769,15769,2,2
2023-03-06 15:03:03,15769,15769,15769,2,0
2023-03-06 15:03:06,15769,15769,15769,2,0
2023-03-06 15:03:06,15769,15769,15769,2,0
2023-03-06 15:03:08,15770,15770,15770,6,6
2023-03-06 15:03:12,15770,15770,15770,2,0
2023-03-06 15:03:14,15770,15770,15770,2,0
2023-03-06 15:03:19,15770,15770,15770,2,0
2023-03-06 15:03:19,15770,15770,15770,2,0
2023-03-06 15:03:20,15770,15770,15770,4,0
2023-03-06 15:03:20,15770,15770,15770,4,0
2023-03-06 15:03:20,15770,15770,15770,4,0
2023-03-06 15:03:22,15771,15771,15771,2,2
2023-03-06 15:03:22,15771,15771,15771,2,0
2023-03-06 15:03:22,15771,15771,15771,2,0
2023-03-06 15:03:24,15772,15772,15772,6,6
2023-03-06 15:03:24,15773,15773,15773,2,2
2023-03-06 15:03:29,15772,15772,15772,2,-2
2023-03-06 15:03:29,15773,15773,15773,4,4
2023-03-06 15:03:34,15772,15772,15772,2,-2
2023-03-06 15:03:41,15773,15773,15773,2,2
2023-03-06 15:03:41,15773,15773,15773,4,0
2023-03-06 15:03:42,15773,15773,15773,2,0
2023-03-06 15:03:45,15773,15773,15773,2,0
2023-03-06 15:03:49,15773,15773,15773,2,0
2023-03-06 15:03:53,15773,15773,15773,2,0
2023-03-06 15:03:58,15773,15773,15773,2,0
2023-03-06 15:04:04,15773,15773,15773,4,0
2023-03-06 15:04:04,15773,15773,15773,2,0
2023-03-06 15:04:09,15773,15773,15773,18,0
2023-03-06 15:04:11,15773,15773,15773,2,0
2023-03-06 15:04:11,15773,15773,15773,2,0
2023-03-06 15:04:15,15773,15773,15773,2,0
2023-03-06 15:04:15,15773,15773,15773,2,0
2023-03-06 15:04:15,15773,15773,15773,2,0
2023-03-06 15:04:16,15772,15772,15772,2,-2
2023-03-06 15:04:16,15773,15773,15773,2,2
2023-03-06 15:04:21,15772,15772,15772,2,-2
2023-03-06 15:04:21,15772,15772,15772,2,0
2023-03-06 15:04:21,15772,15772,15772,2,0
2023-03-06 15:04:21,15772,15772,15772,2,0
2023-03-06 15:04:22,15771,15771,15771,2,-2
2023-03-06 15:04:22,15771,15771,15771,2,0
2023-03-06 15:04:22,15771,15771,15771,2,0
2023-03-06 15:04:22,15771,15771,15771,2,0
2023-03-06 15:04:22,15771,15771,15771,2,0
2023-03-06 15:04:24,15771,15771,15771,2,0
2023-03-06 15:04:24,15772,15772,15772,22,22
2023-03-06 15:04:25,15771,15771,15771,2,-2
2023-03-06 15:04:26,15771,15771,15771,2,0
2023-03-06 15:04:26,15771,15771,15771,4,0
2023-03-06 15:04:31,15773,15773,15773,6,6
2023-03-06 15:04:31,15772,15772,15772,2,-2
2023-03-06 15:04:32,15773,15773,15773,2,2
2023-03-06 15:04:35,15772,15772,15772,2,-2
2023-03-06 15:04:35,15772,15772,15772,2,0
2023-03-06 15:04:39,15772,15772,15772,2,0
2023-03-06 15:05:00,15771,15771,15771,2,-2
2023-03-06 15:05:02,15771,15771,15771,2,0
2023-03-06 15:05:02,15771,15771,15771,4,0
2023-03-06 15:05:03,15771,15771,15771,4,0
2023-03-06 15:05:04,15771,15771,15771,2,0
2023-03-06 15:05:04,15771,15771,15771,2,0
2023-03-06 15:05:06,15770,15770,15770,20,-20
2023-03-06 15:05:06,15770,15770,15770,2,0
2023-03-06 15:05:06,15770,15770,15770,2,0
2023-03-06 15:05:06,15770,15770,15770,4,0
2023-03-06 15:05:12,15770,15770,15770,2,0
2023-03-06 15:05:12,15770,15770,15770,2,0
2023-03-06 15:05:43,15771,15771,15771,2,2
2023-03-06 15:05:43,15772,15772,15772,2,2
2023-03-06 15:05:43,15772,15772,15772,2,0
2023-03-06 15:05:43,15772,15772,15772,2,0
2023-03-06 15:05:43,15772,15772,15772,2,0
2023-03-06 15:05:43,15772,15772,15772,4,0
2023-03-06 15:05:43,15772,15772,15772,2,0
2023-03-06 15:05:43,15772,15772,15772,2,0
2023-03-06 15:05:43,15772,15772,15772,2,0
2023-03-06 15:05:48,15771,15771,15771,2,-2
2023-03-06 15:05:48,15771,15771,15771,2,0
2023-03-06 15:05:48,15771,15771,15771,4,0
2023-03-06 15:05:53,15771,15771,15771,4,0
2023-03-06 15:05:53,15772,15772,15772,10,10
2023-03-06 15:05:54,15771,15771,15771,2,-2
2023-03-06 15:06:04,15770,15770,15770,2,-2
2023-03-06 15:06:04,15770,15770,15770,2,0
2023-03-06 15:06:04,15769,15769,15769,2,-2
2023-03-06 15:06:04,15769,15769,15769,2,0
2023-03-06 15:06:06,15769,15769,15769,2,0
2023-03-06 15:06:06,15769,15769,15769,2,0
2023-03-06 15:06:07,15769,15769,15769,18,0
2023-03-06 15:06:07,15769,15769,15769,2,0
2023-03-06 15:06:12,15770,15770,15770,2,2
2023-03-06 15:06:12,15771,15771,15771,4,4
2023-03-06 15:06:17,15770,15770,15770,2,-2
2023-03-06 15:06:19,15771,15771,15771,2,2
2023-03-06 15:06:21,15769,15769,15769,2,-2
2023-03-06 15:06:34,15770,15770,15770,2,2
2023-03-06 15:06:40,15770,15770,15770,2,0
2023-03-06 15:06:49,15771,15771,15771,6,6
2023-03-06 15:06:49,15771,15771,15771,2,0
2023-03-06 15:06:49,15771,15771,15771,2,0
2023-03-06 15:06:49,15771,15771,15771,4,0
2023-03-06 15:06:49,15771,15771,15771,2,0
2023-03-06 15:06:49,15771,15771,15771,2,0
2023-03-06 15:06:49,15771,15771,15771,2,0
2023-03-06 15:06:49,15771,15771,15771,4,0
2023-03-06 15:06:49,15771,15771,15771,2,0
2023-03-06 15:06:56,15771,15771,15771,2,0
2023-03-06 15:06:56,15771,15771,15771,2,0
2023-03-06 15:06:58,15770,15770,15770,2,-2
2023-03-06 15:06:58,15770,15770,15770,6,0
2023-03-06 15:07:03,15771,15771,15771,2,2
2023-03-06 15:07:08,15771,15771,15771,2,0
2023-03-06 15:07:27,15771,15771,15771,2,0
2023-03-06 15:07:27,15772,15772,15772,2,2
2023-03-06 15:07:27,15772,15772,15772,2,0
2023-03-06 15:07:29,15772,15772,15772,2,0
2023-03-06 15:07:29,15772,15772,15772,4,0
2023-03-06 15:07:30,15773,15773,15773,2,2
2023-03-06 15:07:30,15773,15773,15773,8,0
2023-03-06 15:07:31,15774,15774,15774,10,10
2023-03-06 15:07:32,15775,15775,15775,6,6
2023-03-06 15:07:33,15774,15774,15774,2,-2
2023-03-06 15:07:37,15774,15774,15774,2,0
2023-03-06 15:07:43,15774,15774,15774,2,0
2023-03-06 15:07:43,15774,15774,15774,2,0
2023-03-06 15:07:49,15774,15774,15774,2,0
2023-03-06 15:07:49,15774,15774,15774,2,0
2023-03-06 15:07:52,15775,15775,15775,2,2
2023-03-06 15:07:59,15774,15774,15774,2,-2
2023-03-06 15:08:04,15775,15775,15775,2,2
2023-03-06 15:08:04,15775,15775,15775,6,0
2023-03-06 15:08:04,15775,15775,15775,10,0
2023-03-06 15:08:08,15776,15776,15776,2,2
2023-03-06 15:08:08,15776,15776,15776,4,0
2023-03-06 15:08:12,15775,15775,15775,2,-2
2023-03-06 15:08:12,15775,15775,15775,2,0
2023-03-06 15:08:12,15775,15775,15775,2,0
2023-03-06 15:08:12,15775,15775,15775,2,0
2023-03-06 15:08:13,15776,15776,15776,2,2
2023-03-06 15:08:16,15776,15776,15776,10,0
2023-03-06 15:08:22,15776,15776,15776,2,0
2023-03-06 15:08:26,15775,15775,15775,2,-2
2023-03-06 15:08:27,15775,15775,15775,2,0
2023-03-06 15:08:27,15775,15775,15775,2,0
2023-03-06 15:08:27,15775,15775,15775,2,0
2023-03-06 15:08:27,15775,15775,15775,2,0
2023-03-06 15:08:30,15775,15775,15775,2,0
2023-03-06 15:08:38,15775,15775,15775,2,0
2023-03-06 15:08:43,15775,15775,15775,2,0
2023-03-06 15:08:44,15774,15774,15774,2,-2
2023-03-06 15:08:44,15774,15774,15774,2,0
2023-03-06 15:08:44,15774,15774,15774,4,0
2023-03-06 15:08:44,15774,15774,15774,2,0
2023-03-06 15:08:44,15774,15774,15774,2,0
2023-03-06 15:08:44,15774,15774,15774,4,0
2023-03-06 15:08:44,15774,15774,15774,2,0
2023-03-06 15:08:44,15774,15774,15774,4,0
2023-03-06 15:08:45,15775,15775,15775,2,2
2023-03-06 15:08:53,15774,15774,15774,4,-4
2023-03-06 15:08:53,15775,15775,15775,2,2
2023-03-06 15:09:00,15774,15774,15774,6,-6
2023-03-06 15:09:08,15775,15775,15775,2,2
2023-03-06 15:09:11,15774,15774,15774,2,-2
2023-03-06 15:09:14,15774,15774,15774,2,0
2023-03-06 15:09:35,15773,15773,15773,2,-2
2023-03-06 15:09:36,15773,15773,15773,2,0
2023-03-06 15:09:37,15773,15773,15773,2,0
2023-03-06 15:09:42,15773,15773,15773,2,0
2023-03-06 15:09:53,15773,15773,15773,2,0
2023-03-06 15:09:53,15772,15772,15772,2,-2
2023-03-06 15:09:53,15772,15772,15772,2,0
2023-03-06 15:09:54,15772,15772,15772,2,0
2023-03-06 15:10:02,15771,15771,15771,2,-2
2023-03-06 15:10:02,15771,15771,15771,2,0
2023-03-06 15:10:02,15771,15771,15771,2,0
2023-03-06 15:10:02,15771,15771,15771,2,0
2023-03-06 15:10:02,15771,15771,15771,2,0
2023-03-06 15:10:02,15771,15771,15771,2,0
2023-03-06 15:10:06,15771,15771,15771,4,0
2023-03-06 15:10:06,15772,15772,15772,2,2
2023-03-06 15:10:12,15771,15771,15771,2,-2
2023-03-06 15:10:12,15771,15771,15771,2,0
2023-03-06 15:10:13,15772,15772,15772,6,6
2023-03-06 15:10:13,15772,15772,15772,2,0
2023-03-06 15:10:18,15772,15772,15772,2,0
2023-03-06 15:10:24,15773,15773,15773,2,2
2023-03-06 15:10:28,15773,15773,15773,2,0
2023-03-06 15:10:28,15773,15773,15773,2,0
2023-03-06 15:10:28,15773,15773,15773,2,0
2023-03-06 15:10:33,15772,15772,15772,2,-2
2023-03-06 15:10:38,15773,15773,15773,4,4
2023-03-06 15:10:38,15774,15774,15774,2,2
2023-03-06 15:10:38,15774,15774,15774,2,0
2023-03-06 15:10:52,15772,15772,15772,4,-4
2023-03-06 15:11:04,15772,15772,15772,4,0
2023-03-06 15:11:04,15772,15772,15772,2,0
2023-03-06 15:11:04,15772,15772,15772,2,0
2023-03-06 15:11:04,15772,15772,15772,2,0
2023-03-06 15:11:04,15772,15772,15772,2,0
2023-03-06 15:11:04,15771,15771,15771,2,-2
2023-03-06 15:11:05,15771,15771,15771,4,0
2023-03-06 15:11:12,15772,15772,15772,2,2
2023-03-06 15:11:15,15772,15772,15772,2,0
2023-03-06 15:11:17,15772,15772,15772,2,0
2023-03-06 15:11:18,15772,15772,15772,2,0
2023-03-06 15:11:19,15773,15773,15773,2,2
2023-03-06 15:11:19,15772,15772,15772,4,-4
2023-03-06 15:11:26,15773,15773,15773,2,2
2023-03-06 15:11:26,15773,15773,15773,2,0
2023-03-06 15:11:26,15773,15773,15773,2,0
2023-03-06 15:11:26,15773,15773,15773,2,0
2023-03-06 15:11:30,15774,15774,15774,4,4
2023-03-06 15:11:39,15774,15774,15774,2,0
2023-03-06 15:11:39,15774,15774,15774,6,0
2023-03-06 15:11:40,15774,15774,15774,4,0
2023-03-06 15:11:40,15775,15775,15775,50,50
2023-03-06 15:11:42,15776,15776,15776,4,4
2023-03-06 15:11:43,15776,15776,15776,2,0
2023-03-06 15:11:44,15776,15776,15776,4,0
2023-03-06 15:11:44,15776,15776,15776,2,0
2023-03-06 15:11:44,15776,15776,15776,2,0
2023-03-06 15:11:44,15776,15776,15776,12,0
2023-03-06 15:11:44,15776,15776,15776,4,0
2023-03-06 15:11:49,15775,15775,15775,2,-2
2023-03-06 15:11:51,15775,15775,15775,8,0
2023-03-06 15:11:51,15775,15775,15775,2,0
2023-03-06 15:11:51,15775,15775,15775,2,0
2023-03-06 15:11:51,15775,15775,15775,4,0
2023-03-06 15:11:51,15775,15775,15775,4,0
2023-03-06 15:11:51,15775,15775,15775,2,0
2023-03-06 15:11:51,15775,15775,15775,2,0
2023-03-06 15:11:51,15775,15775,15775,2,0
2023-03-06 15:11:51,15775,15775,15775,4,0
2023-03-06 15:11:51,15775,15775,15775,2,0
2023-03-06 15:11:51,15775,15775,15775,6,0
2023-03-06 15:11:51,15775,15775,15775,2,0
2023-03-06 15:11:51,15774,15774,15774,2,-2
2023-03-06 15:11:51,15774,15774,15774,2,0
2023-03-06 15:11:51,15774,15774,15774,2,0
2023-03-06 15:11:51,15774,15774,15774,2,0
2023-03-06 15:11:51,15774,15774,15774,4,0
2023-03-06 15:11:51,15774,15774,15774,4,0
2023-03-06 15:11:51,15774,15774,15774,2,0
2023-03-06 15:11:51,15774,15774,15774,4,0
2023-03-06 15:11:51,15774,15774,15774,4,0
2023-03-06 15:11:51,15774,15774,15774,2,0
2023-03-06 15:11:51,15774,15774,15774,2,0
2023-03-06 15:11:51,15774,15774,15774,2,0
2023-03-06 15:11:51,15774,15774,15774,10,0
2023-03-06 15:11:51,15774,15774,15774,4,0
2023-03-06 15:11:51,15773,15773,15773,2,-2
2023-03-06 15:11:51,15773,15773,15773,2,0
2023-03-06 15:11:52,15773,15773,15773,2,0
2023-03-06 15:11:53,15773,15773,15773,2,0
2023-03-06 15:11:53,15773,15773,15773,4,0
2023-03-06 15:11:53,15773,15773,15773,6,0
2023-03-06 15:11:53,15773,15773,15773,2,0
2023-03-06 15:11:59,15773,15773,15773,2,0
2023-03-06 15:12:06,15774,15774,15774,2,2
2023-03-06 15:12:06,15775,15775,15775,2,2
2023-03-06 15:12:06,15775,15775,15775,2,0
2023-03-06 15:12:06,15775,15775,15775,2,0
2023-03-06 15:12:06,15775,15775,15775,2,0
2023-03-06 15:12:06,15775,15775,15775,2,0
2023-03-06 15:12:06,15775,15775,15775,2,0
2023-03-06 15:12:06,15775,15775,15775,2,0
2023-03-06 15:12:06,15775,15775,15775,2,0
2023-03-06 15:12:06,15775,15775,15775,2,0
2023-03-06 15:12:06,15776,15776,15776,2,2
2023-03-06 15:12:10,15775,15775,15775,2,-2
2023-03-06 15:12:26,15774,15774,15774,2,-2
2023-03-06 15:12:26,15774,15774,15774,2,0
2023-03-06 15:12:26,15775,15775,15775,2,2
2023-03-06 15:12:38,15775,15775,15775,4,0
2023-03-06 15:12:39,15776,15776,15776,2,2
2023-03-06 15:12:48,15776,15776,15776,2,0
2023-03-06 15:13:04,15776,15776,15776,2,0
2023-03-06 15:13:08,15776,15776,15776,2,0
2023-03-06 15:13:10,15776,15776,15776,2,0
2023-03-06 15:13:10,15776,15776,15776,2,0
2023-03-06 15:13:19,15776,15776,15776,2,0
2023-03-06 15:13:36,15777,15777,15777,8,8
2023-03-06 15:13:40,15777,15777,15777,4,0
2023-03-06 15:13:41,15777,15777,15777,6,0
2023-03-06 15:13:47,15777,15777,15777,6,0
2023-03-06 15:13:52,15777,15777,15777,4,0
2023-03-06 15:13:56,15777,15777,15777,2,0
2023-03-06 15:14:04,15778,15778,15778,2,2
2023-03-06 15:14:04,15778,15778,15778,2,0
2023-03-06 15:14:04,15778,15778,15778,8,0
2023-03-06 15:14:04,15778,15778,15778,16,0
2023-03-06 15:14:04,15778,15778,15778,2,0
2023-03-06 15:14:08,15779,15779,15779,4,4
2023-03-06 15:14:09,15779,15779,15779,10,0
2023-03-06 15:14:11,15779,15779,15779,12,0
2023-03-06 15:14:12,15779,15779,15779,2,0
2023-03-06 15:14:14,15778,15778,15778,2,-2
2023-03-06 15:14:14,15778,15778,15778,2,0
2023-03-06 15:14:16,15779,15779,15779,2,2
2023-03-06 15:14:19,15779,15779,15779,4,0
2023-03-06 15:14:19,15778,15778,15778,8,-8
2023-03-06 15:14:19,15777,15777,15777,2,-2
2023-03-06 15:14:29,15777,15777,15777,2,0
2023-03-06 15:14:32,15779,15779,15779,4,4
2023-03-06 15:14:36,15778,15778,15778,2,-2
2023-03-06 15:14:41,15779,15779,15779,4,4
2023-03-06 15:14:44,15778,15778,15778,4,-4
2023-03-06 15:14:48,15778,15778,15778,2,0
2023-03-06 15:14:51,15778,15778,15778,2,0
2023-03-06 15:14:58,15779,15779,15779,4,4
2023-03-06 15:14:59,15779,15779,15779,2,0
2023-03-06 15:15:03,15779,15779,15779,6,0
2023-03-06 15:15:04,15779,15779,15779,2,0
2023-03-06 15:15:04,15780,15780,15780,2,2
2023-03-06 15:15:04,15780,15780,15780,2,0
2023-03-06 15:15:04,15779,15779,15779,4,-4
2023-03-06 15:15:04,15779,15779,15779,2,0
2023-03-06 15:15:04,15779,15779,15779,4,0
2023-03-06 15:15:04,15779,15779,15779,2,0
2023-03-06 15:15:04,15779,15779,15779,2,0
2023-03-06 15:15:04,15779,15779,15779,2,0
2023-03-06 15:15:05,15778,15778,15778,2,-2
2023-03-06 15:15:05,15778,15778,15778,2,0
2023-03-06 15:15:05,15778,15778,15778,4,0
2023-03-06 15:15:05,15778,15778,15778,2,0
2023-03-06 15:15:05,15778,15778,15778,2,0
2023-03-06 15:15:05,15778,15778,15778,4,0
2023-03-06 15:15:05,15778,15778,15778,2,0
2023-03-06 15:15:05,15778,15778,15778,2,0
2023-03-06 15:15:05,15778,15778,15778,6,0
2023-03-06 15:15:06,15779,15779,15779,2,2
2023-03-06 15:15:11,15779,15779,15779,2,0
2023-03-06 15:15:13,15779,15779,15779,12,0
2023-03-06 15:15:16,15780,15780,15780,2,2
2023-03-06 15:15:18,15780,15780,15780,2,0
2023-03-06 15:15:20,15780,15780,15780,4,0
2023-03-06 15:15:21,15780,15780,15780,2,0
2023-03-06 15:15:23,15780,15780,15780,2,0
2023-03-06 15:15:24,15779,15779,15779,2,-2
2023-03-06 15:15:28,15780,15780,15780,2,2
2023-03-06 15:15:39,15780,15780,15780,2,0
2023-03-06 15:15:40,15780,15780,15780,2,0
2023-03-06 15:15:43,15780,15780,15780,2,0
2023-03-06 15:15:44,15780,15780,15780,2,0
2023-03-06 15:15:46,15780,15780,15780,2,0
2023-03-06 15:15:53,15780,15780,15780,2,0
2023-03-06 15:15:57,15780,15780,15780,2,0
2023-03-06 15:16:00,15781,15781,15781,2,2
2023-03-06 15:16:00,15780,15780,15780,2,-2
2023-03-06 15:16:01,15781,15781,15781,2,2
2023-03-06 15:16:01,15781,15781,15781,4,0
2023-03-06 15:16:01,15781,15781,15781,2,0
2023-03-06 15:16:01,15781,15781,15781,2,0
2023-03-06 15:16:01,15781,15781,15781,2,0
2023-03-06 15:16:01,15781,15781,15781,12,0
2023-03-06 15:16:01,15781,15781,15781,2,0
2023-03-06 15:16:01,15781,15781,15781,4,0
2023-03-06 15:16:01,15781,15781,15781,2,0
2023-03-06 15:16:01,15781,15781,15781,2,0
2023-03-06 15:16:01,15781,15781,15781,2,0
2023-03-06 15:16:02,15781,15781,15781,2,0
2023-03-06 15:16:02,15780,15780,15780,2,-2
2023-03-06 15:16:03,15782,15782,15782,2,2
2023-03-06 15:16:05,15781,15781,15781,2,-2
2023-03-06 15:16:06,15781,15781,15781,2,0
2023-03-06 15:16:07,15781,15781,15781,2,0
2023-03-06 15:16:08,15781,15781,15781,2,0
2023-03-06 15:16:08,15781,15781,15781,2,0
2023-03-06 15:16:10,15780,15780,15780,2,-2
2023-03-06 15:16:15,15780,15780,15780,4,0
2023-03-06 15:16:15,15781,15781,15781,2,2
2023-03-06 15:16:16,15780,15780,15780,4,-4
2023-03-06 15:16:18,15781,15781,15781,2,2
2023-03-06 15:16:18,15780,15780,15780,2,-2
2023-03-06 15:16:20,15781,15781,15781,2,2
2023-03-06 15:16:27,15781,15781,15781,2,0
2023-03-06 15:16:27,15781,15781,15781,2,0
2023-03-06 15:16:29,15781,15781,15781,2,0
2023-03-06 15:16:37,15781,15781,15781,2,0
2023-03-06 15:16:52,15781,15781,15781,2,0
2023-03-06 15:16:59,15780,15780,15780,2,-2
2023-03-06 15:17:04,15780,15780,15780,2,0
2023-03-06 15:17:04,15780,15780,15780,4,0
2023-03-06 15:17:06,15780,15780,15780,2,0
2023-03-06 15:17:16,15781,15781,15781,2,2
2023-03-06 15:17:16,15780,15780,15780,2,-2
2023-03-06 15:17:16,15780,15780,15780,2,0
2023-03-06 15:17:20,15781,15781,15781,2,2
2023-03-06 15:17:20,15781,15781,15781,12,0
2023-03-06 15:17:20,15781,15781,15781,2,0
2023-03-06 15:17:24,15781,15781,15781,2,0
2023-03-06 15:17:29,15782,15782,15782,8,8
2023-03-06 15:17:29,15781,15781,15781,2,-2
2023-03-06 15:17:29,15781,15781,15781,2,0
2023-03-06 15:17:34,15781,15781,15781,2,0
2023-03-06 15:17:43,15781,15781,15781,2,0
2023-03-06 15:17:51,15780,15780,15780,2,-2
2023-03-06 15:17:52,15781,15781,15781,2,2
2023-03-06 15:18:07,15781,15781,15781,2,0
2023-03-06 15:18:08,15781,15781,15781,2,0
2023-03-06 15:18:10,15781,15781,15781,2,0
2023-03-06 15:18:10,15782,15782,15782,2,2
2023-03-06 15:18:19,15782,15782,15782,4,0
2023-03-06 15:18:19,15782,15782,15782,2,0
2023-03-06 15:18:19,15782,15782,15782,2,0
2023-03-06 15:18:19,15782,15782,15782,2,0
2023-03-06 15:18:20,15782,15782,15782,2,0
2023-03-06 15:18:20,15782,15782,15782,2,0
2023-03-06 15:18:20,15782,15782,15782,2,0
2023-03-06 15:18:20,15782,15782,15782,2,0
2023-03-06 15:18:20,15782,15782,15782,2,0
2023-03-06 15:18:20,15782,15782,15782,2,0
2023-03-06 15:18:20,15782,15782,15782,4,0
2023-03-06 15:18:20,15782,15782,15782,4,0
2023-03-06 15:18:22,15783,15783,15783,2,2
2023-03-06 15:18:26,15783,15783,15783,2,0
2023-03-06 15:18:27,15782,15782,15782,2,-2
2023-03-06 15:18:29,15783,15783,15783,4,4
2023-03-06 15:18:32,15782,15782,15782,2,-2
2023-03-06 15:18:32,15782,15782,15782,2,0
2023-03-06 15:18:36,15783,15783,15783,12,12
2023-03-06 15:18:36,15783,15783,15783,2,0
2023-03-06 15:18:36,15783,15783,15783,2,0
2023-03-06 15:18:47,15783,15783,15783,2,0
2023-03-06 15:18:48,15783,15783,15783,2,0
2023-03-06 15:18:52,15783,15783,15783,2,0
2023-03-06 15:18:53,15783,15783,15783,2,0
2023-03-06 15:19:06,15783,15783,15783,2,0
2023-03-06 15:19:06,15783,15783,15783,2,0
2023-03-06 15:19:06,15783,15783,15783,2,0
2023-03-06 15:19:11,15783,15783,15783,2,0
2023-03-06 15:19:24,15783,15783,15783,2,0
2023-03-06 15:19:26,15783,15783,15783,2,0
2023-03-06 15:19:28,15783,15783,15783,2,0
2023-03-06 15:19:30,15784,15784,15784,6,6
2023-03-06 15:19:30,15783,15783,15783,4,-4
2023-03-06 15:19:31,15784,15784,15784,2,2
2023-03-06 15:19:37,15783,15783,15783,2,-2
2023-03-06 15:19:38,15784,15784,15784,2,2
2023-03-06 15:19:38,15784,15784,15784,2,0
2023-03-06 15:19:40,15784,15784,15784,6,0
2023-03-06 15:19:41,15784,15784,15784,4,0
2023-03-06 15:19:42,15784,15784,15784,4,0
2023-03-06 15:19:47,15784,15784,15784,16,0
2023-03-06 15:19:47,15784,15784,15784,4,0
2023-03-06 15:19:47,15784,15784,15784,4,0
2023-03-06 15:19:47,15784,15784,15784,2,0
2023-03-06 15:19:51,15783,15783,15783,2,-2
2023-03-06 15:19:51,15783,15783,15783,2,0
2023-03-06 15:19:51,15783,15783,15783,4,0
2023-03-06 15:19:51,15783,15783,15783,2,0
2023-03-06 15:19:51,15783,15783,15783,2,0
2023-03-06 15:19:51,15783,15783,15783,2,0
2023-03-06 15:19:51,15783,15783,15783,2,0
2023-03-06 15:19:51,15783,15783,15783,2,0
2023-03-06 15:19:51,15783,15783,15783,2,0
2023-03-06 15:19:51,15783,15783,15783,2,0
2023-03-06 15:19:51,15783,15783,15783,2,0
2023-03-06 15:19:51,15783,15783,15783,4,0
2023-03-06 15:19:51,15783,15783,15783,18,0
2023-03-06 15:19:51,15783,15783,15783,2,0
2023-03-06 15:19:51,15783,15783,15783,2,0
2023-03-06 15:19:51,15783,15783,15783,2,0
2023-03-06 15:19:51,15783,15783,15783,2,0
2023-03-06 15:19:51,15783,15783,15783,2,0
2023-03-06 15:19:51,15783,15783,15783,2,0
2023-03-06 15:19:51,15783,15783,15783,2,0
2023-03-06 15:19:53,15784,15784,15784,2,2
2023-03-06 15:19:56,15783,15783,15783,2,-2
2023-03-06 15:19:56,15783,15783,15783,2,0
2023-03-06 15:19:58,15783,15783,15783,2,0
2023-03-06 15:19:58,15783,15783,15783,4,0
2023-03-06 15:19:58,15783,15783,15783,2,0
2023-03-06 15:19:58,15783,15783,15783,4,0
2023-03-06 15:19:58,15783,15783,15783,2,0
2023-03-06 15:19:58,15783,15783,15783,2,0
2023-03-06 15:20:05,15783,15783,15783,2,0
2023-03-06 15:20:32,15783,15783,15783,2,0
2023-03-06 15:20:37,15784,15784,15784,2,2
2023-03-06 15:20:37,15784,15784,15784,2,0
2023-03-06 15:20:37,15784,15784,15784,2,0
2023-03-06 15:20:40,15783,15783,15783,4,-4
2023-03-06 15:20:40,15783,15783,15783,2,0
2023-03-06 15:20:40,15783,15783,15783,2,0
2023-03-06 15:20:40,15783,15783,15783,2,0
2023-03-06 15:21:05,15783,15783,15783,2,0
2023-03-06 15:21:07,15784,15784,15784,4,4
2023-03-06 15:21:10,15783,15783,15783,2,-2
2023-03-06 15:21:10,15783,15783,15783,2,0
2023-03-06 15:21:10,15783,15783,15783,2,0
2023-03-06 15:21:10,15783,15783,15783,2,0
2023-03-06 15:21:10,15783,15783,15783,2,0
2023-03-06 15:21:10,15783,15783,15783,10,0
2023-03-06 15:21:10,15783,15783,15783,2,0
2023-03-06 15:21:10,15783,15783,15783,2,0
2023-03-06 15:21:10,15783,15783,15783,10,0
2023-03-06 15:21:10,15783,15783,15783,2,0
2023-03-06 15:21:10,15783,15783,15783,10,0
2023-03-06 15:21:10,15783,15783,15783,4,0
2023-03-06 15:21:18,15782,15782,15782,2,-2
2023-03-06 15:21:18,15782,15782,15782,2,0
2023-03-06 15:21:18,15782,15782,15782,4,0
2023-03-06 15:21:18,15782,15782,15782,2,0
2023-03-06 15:21:18,15782,15782,15782,10,0
2023-03-06 15:21:18,15782,15782,15782,2,0
2023-03-06 15:21:18,15782,15782,15782,2,0
2023-03-06 15:21:20,15782,15782,15782,22,0
2023-03-06 15:21:20,15783,15783,15783,12,12
2023-03-06 15:21:24,15781,15781,15781,4,-4
2023-03-06 15:21:24,15781,15781,15781,2,0
2023-03-06 15:21:24,15781,15781,15781,2,0
2023-03-06 15:21:26,15780,15780,15780,2,-2
2023-03-06 15:21:26,15780,15780,15780,2,0
2023-03-06 15:21:26,15780,15780,15780,2,0
2023-03-06 15:21:26,15780,15780,15780,2,0
2023-03-06 15:21:27,15780,15780,15780,2,0
2023-03-06 15:21:27,15780,15780,15780,2,0
2023-03-06 15:21:27,15780,15780,15780,2,0
2023-03-06 15:21:27,15780,15780,15780,2,0
2023-03-06 15:21:27,15780,15780,15780,2,0
2023-03-06 15:21:30,15781,15781,15781,2,2
2023-03-06 15:21:34,15780,15780,15780,2,-2
2023-03-06 15:21:35,15780,15780,15780,2,0
2023-03-06 15:21:35,15780,15780,15780,2,0
2023-03-06 15:21:35,15780,15780,15780,4,0
2023-03-06 15:21:35,15779,15779,15779,2,-2
2023-03-06 15:21:35,15779,15779,15779,2,0
2023-03-06 15:21:35,15779,15779,15779,2,0
2023-03-06 15:21:35,15779,15779,15779,2,0
2023-03-06 15:21:35,15779,15779,15779,4,0
2023-03-06 15:21:35,15779,15779,15779,6,0
2023-03-06 15:21:35,15779,15779,15779,6,0
2023-03-06 15:21:35,15779,15779,15779,2,0
2023-03-06 15:21:35,15779,15779,15779,2,0
2023-03-06 15:21:35,15779,15779,15779,4,0
2023-03-06 15:21:35,15779,15779,15779,2,0
2023-03-06 15:21:35,15779,15779,15779,2,0
2023-03-06 15:21:35,15779,15779,15779,2,0
2023-03-06 15:21:35,15779,15779,15779,4,0
2023-03-06 15:21:35,15778,15778,15778,2,-2
2023-03-06 15:21:39,15779,15779,15779,2,2
2023-03-06 15:21:41,15779,15779,15779,2,0
2023-03-06 15:21:43,15778,15778,15778,4,-4
2023-03-06 15:21:43,15779,15779,15779,2,2
2023-03-06 15:21:46,15779,15779,15779,4,0
2023-03-06 15:21:46,15778,15778,15778,2,-2
2023-03-06 15:21:46,15778,15778,15778,2,0
2023-03-06 15:21:46,15778,15778,15778,2,0
2023-03-06 15:21:46,15778,15778,15778,2,0
2023-03-06 15:21:46,15778,15778,15778,2,0
2023-03-06 15:21:46,15778,15778,15778,2,0
2023-03-06 15:21:53,15779,15779,15779,8,8
2023-03-06 15:21:55,15779,15779,15779,2,0
2023-03-06 15:21:55,15779,15779,15779,2,0
2023-03-06 15:22:07,15780,15780,15780,2,2
2023-03-06 15:22:11,15781,15781,15781,8,8
2023-03-06 15:22:13,15781,15781,15781,2,0
2023-03-06 15:22:17,15781,15781,15781,2,0
2023-03-06 15:22:28,15780,15780,15780,2,-2
2023-03-06 15:22:28,15780,15780,15780,2,0
2023-03-06 15:22:28,15780,15780,15780,2,0
2023-03-06 15:22:36,15779,15779,15779,2,-2
2023-03-06 15:22:40,15779,15779,15779,2,0
2023-03-06 15:22:40,15779,15779,15779,2,0
2023-03-06 15:22:41,15780,15780,15780,2,2
2023-03-06 15:22:41,15780,15780,15780,6,0
2023-03-06 15:22:41,15780,15780,15780,2,0
2023-03-06 15:22:49,15780,15780,15780,2,0
2023-03-06 15:22:55,15779,15779,15779,2,-2
2023-03-06 15:22:57,15780,15780,15780,2,2
2023-03-06 15:23:08,15779,15779,15779,2,-2
2023-03-06 15:23:09,15780,15780,15780,2,2
2023-03-06 15:23:09,15780,15780,15780,2,0
2023-03-06 15:23:09,15780,15780,15780,2,0
2023-03-06 15:23:09,15780,15780,15780,2,0
2023-03-06 15:23:17,15780,15780,15780,2,0
2023-03-06 15:23:21,15781,15781,15781,4,4
2023-03-06 15:23:21,15782,15782,15782,2,2
2023-03-06 15:23:25,15781,15781,15781,2,-2
2023-03-06 15:23:25,15782,15782,15782,2,2
2023-03-06 15:23:27,15782,15782,15782,4,0
2023-03-06 15:23:28,15782,15782,15782,2,0
2023-03-06 15:23:28,15783,15783,15783,4,4
2023-03-06 15:23:35,15782,15782,15782,2,-2
2023-03-06 15:23:35,15782,15782,15782,2,0
2023-03-06 15:23:40,15783,15783,15783,6,6
2023-03-06 15:23:42,15784,15784,15784,2,2
2023-03-06 15:23:44,15783,15783,15783,4,-4
2023-03-06 15:23:44,15783,15783,15783,2,0
2023-03-06 15:23:44,15784,15784,15784,2,2
2023-03-06 15:23:49,15784,15784,15784,4,0
2023-03-06 15:23:49,15784,15784,15784,2,0
2023-03-06 15:23:50,15783,15783,15783,2,-2
2023-03-06 15:23:51,15784,15784,15784,2,2
2023-03-06 15:24:01,15782,15782,15782,2,-2
2023-03-06 15:24:01,15782,15782,15782,4,0
2023-03-06 15:24:01,15784,15784,15784,6,6
2023-03-06 15:24:20,15783,15783,15783,2,-2
2023-03-06 15:24:38,15782,15782,15782,2,-2
2023-03-06 15:24:42,15783,15783,15783,2,2
2023-03-06 15:24:44,15783,15783,15783,2,0
2023-03-06 15:24:48,15783,15783,15783,2,0
2023-03-06 15:25:04,15783,15783,15783,2,0
2023-03-06 15:25:19,15783,15783,15783,2,0
2023-03-06 15:25:26,15783,15783,15783,2,0
2023-03-06 15:25:34,15783,15783,15783,2,0
2023-03-06 15:25:34,15784,15784,15784,8,8
2023-03-06 15:25:36,15784,15784,15784,10,0
2023-03-06 15:25:43,15783,15783,15783,2,-2
2023-03-06 15:25:48,15783,15783,15783,2,0
2023-03-06 15:25:53,15784,15784,15784,2,2
2023-03-06 15:25:54,15784,15784,15784,2,0
2023-03-06 15:26:02,15784,15784,15784,2,0
2023-03-06 15:26:14,15783,15783,15783,2,-2
2023-03-06 15:26:14,15783,15783,15783,4,0
2023-03-06 15:26:14,15783,15783,15783,2,0
2023-03-06 15:26:14,15783,15783,15783,2,0
2023-03-06 15:26:14,15783,15783,15783,2,0
2023-03-06 15:26:14,15783,15783,15783,2,0
2023-03-06 15:26:14,15783,15783,15783,4,0
2023-03-06 15:26:14,15783,15783,15783,2,0
2023-03-06 15:26:31,15783,15783,15783,2,0
2023-03-06 15:26:31,15784,15784,15784,2,2
2023-03-06 15:26:38,15783,15783,15783,2,-2
2023-03-06 15:26:40,15783,15783,15783,2,0
2023-03-06 15:26:52,15784,15784,15784,2,2
2023-03-06 15:27:18,15784,15784,15784,2,0
2023-03-06 15:27:18,15784,15784,15784,2,0
2023-03-06 15:27:19,15784,15784,15784,2,0
2023-03-06 15:27:19,15784,15784,15784,2,0
2023-03-06 15:27:23,15784,15784,15784,2,0
2023-03-06 15:27:25,15784,15784,15784,16,0
2023-03-06 15:27:28,15785,15785,15785,2,2
2023-03-06 15:27:34,15785,15785,15785,4,0
2023-03-06 15:27:45,15785,15785,15785,2,0
2023-03-06 15:27:45,15785,15785,15785,2,0
2023-03-06 15:27:52,15785,15785,15785,2,0
2023-03-06 15:28:04,15784,15784,15784,2,-2
2023-03-06 15:28:04,15785,15785,15785,2,2
2023-03-06 15:28:10,15785,15785,15785,2,0
2023-03-06 15:28:10,15784,15784,15784,4,-4
2023-03-06 15:28:15,15785,15785,15785,2,2
2023-03-06 15:28:19,15784,15784,15784,2,-2
2023-03-06 15:28:19,15784,15784,15784,2,0
2023-03-06 15:28:25,15784,15784,15784,2,0
2023-03-06 15:28:30,15784,15784,15784,2,0
2023-03-06 15:29:02,15784,15784,15784,2,0
2023-03-06 15:29:03,15784,15784,15784,2,0
2023-03-06 15:29:18,15785,15785,15785,2,2
2023-03-06 15:29:23,15784,15784,15784,2,-2
2023-03-06 15:29:30,15785,15785,15785,12,12
2023-03-06 15:29:30,15785,15785,15785,2,0
2023-03-06 15:29:30,15785,15785,15785,2,0
2023-03-06 15:29:30,15785,15785,15785,2,0
2023-03-06 15:29:30,15785,15785,15785,4,0
2023-03-06 15:29:30,15785,15785,15785,4,0
2023-03-06 15:29:35,15786,15786,15786,10,10
2023-03-06 15:29:37,15786,15786,15786,2,0
2023-03-06 15:29:44,15786,15786,15786,2,0
2023-03-06 15:29:44,15786,15786,15786,2,0
2023-03-06 15:29:44,15785,15785,15785,2,-2
2023-03-06 15:29:44,15785,15785,15785,2,0
2023-03-06 15:29:49,15787,15787,15787,12,12
2023-03-06 15:29:49,15787,15787,15787,2,0
2023-03-06 15:29:57,15787,15787,15787,2,0
2023-03-06 15:29:58,15787,15787,15787,2,0
2023-03-06 15:29:59,15788,15788,15788,10,10
2023-03-06 15:30:00,15786,15786,15786,2,-2
2023-03-06 15:30:00,15786,15786,15786,2,0
2023-03-06 15:30:00,15786,15786,15786,2,0
2023-03-06 15:30:00,15786,15786,15786,2,0
2023-03-06 15:30:00,15787,15787,15787,2,2
2023-03-06 15:30:00,15787,15787,15787,2,0
2023-03-06 15:30:00,15787,15787,15787,6,0
2023-03-06 15:30:03,15787,15787,15787,4,0
2023-03-06 15:30:03,15788,15788,15788,6,6
2023-03-06 15:30:04,15788,15788,15788,2,0
2023-03-06 15:30:05,15788,15788,15788,4,0
2023-03-06 15:30:07,15787,15787,15787,2,-2
2023-03-06 15:30:10,15788,15788,15788,2,2
2023-03-06 15:30:10,15788,15788,15788,2,0
2023-03-06 15:30:10,15788,15788,15788,12,0
2023-03-06 15:30:15,15788,15788,15788,2,0
2023-03-06 15:30:18,15788,15788,15788,4,0
2023-03-06 15:30:18,15787,15787,15787,2,-2
2023-03-06 15:30:25,15788,15788,15788,2,2
2023-03-06 15:30:25,15787,15787,15787,2,-2
2023-03-06 15:30:25,15787,15787,15787,2,0
2023-03-06 15:30:25,15787,15787,15787,2,0
2023-03-06 15:30:25,15787,15787,15787,2,0
2023-03-06 15:30:25,15787,15787,15787,2,0
2023-03-06 15:30:25,15787,15787,15787,4,0
2023-03-06 15:30:27,15787,15787,15787,4,0
2023-03-06 15:30:29,15786,15786,15786,2,-2
2023-03-06 15:30:29,15786,15786,15786,4,0
2023-03-06 15:30:29,15786,15786,15786,2,0
2023-03-06 15:30:29,15786,15786,15786,2,0
2023-03-06 15:30:34,15786,15786,15786,2,0
2023-03-06 15:30:38,15786,15786,15786,4,0
2023-03-06 15:30:44,15786,15786,15786,2,0
2023-03-06 15:30:48,15785,15785,15785,2,-2
2023-03-06 15:30:54,15785,15785,15785,2,0
2023-03-06 15:30:54,15785,15785,15785,2,0
2023-03-06 15:30:54,15785,15785,15785,2,0
2023-03-06 15:30:57,15785,15785,15785,2,0
2023-03-06 15:30:57,15785,15785,15785,2,0
2023-03-06 15:31:00,15784,15784,15784,2,-2
2023-03-06 15:31:09,15783,15783,15783,2,-2
2023-03-06 15:31:10,15785,15785,15785,2,2
2023-03-06 15:31:13,15783,15783,15783,2,-2
2023-03-06 15:31:18,15785,15785,15785,2,2
2023-03-06 15:31:21,15784,15784,15784,2,-2
2023-03-06 15:31:26,15784,15784,15784,2,0
2023-03-06 15:31:28,15784,15784,15784,2,0
2023-03-06 15:31:28,15786,15786,15786,2,2
2023-03-06 15:31:45,15786,15786,15786,2,0
2023-03-06 15:31:50,15785,15785,15785,2,-2
2023-03-06 15:31:50,15785,15785,15785,2,0
2023-03-06 15:31:53,15785,15785,15785,2,0
2023-03-06 15:32:14,15784,15784,15784,2,-2
2023-03-06 15:32:14,15784,15784,15784,4,0
2023-03-06 15:32:18,15784,15784,15784,4,0
2023-03-06 15:32:29,15783,15783,15783,2,-2
2023-03-06 15:32:29,15783,15783,15783,2,0
2023-03-06 15:32:33,15783,15783,15783,2,0
2023-03-06 15:32:33,15783,15783,15783,2,0
2023-03-06 15:32:38,15782,15782,15782,2,-2
2023-03-06 15:32:38,15782,15782,15782,2,0
2023-03-06 15:32:42,15782,15782,15782,2,0
2023-03-06 15:32:45,15782,15782,15782,2,0
2023-03-06 15:32:56,15782,15782,15782,2,0
2023-03-06 15:33:01,15783,15783,15783,2,2
2023-03-06 15:33:05,15782,15782,15782,4,-4
2023-03-06 15:33:05,15782,15782,15782,2,0
2023-03-06 15:33:05,15782,15782,15782,4,0
2023-03-06 15:33:09,15782,15782,15782,2,0
2023-03-06 15:33:13,15781,15781,15781,2,-2
2023-03-06 15:33:13,15781,15781,15781,2,0
2023-03-06 15:33:13,15781,15781,15781,2,0
2023-03-06 15:33:13,15781,15781,15781,2,0
2023-03-06 15:33:13,15781,15781,15781,2,0
2023-03-06 15:33:13,15781,15781,15781,4,0
2023-03-06 15:33:13,15781,15781,15781,4,0
2023-03-06 15:33:13,15781,15781,15781,2,0
2023-03-06 15:33:13,15781,15781,15781,2,0
2023-03-06 15:33:13,15781,15781,15781,2,0
2023-03-06 15:33:13,15781,15781,15781,2,0
2023-03-06 15:33:13,15781,15781,15781,2,0
2023-03-06 15:33:13,15781,15781,15781,2,0
2023-03-06 15:33:13,15780,15780,15780,4,-4
2023-03-06 15:33:13,15780,15780,15780,2,0
2023-03-06 15:33:13,15780,15780,15780,2,0
2023-03-06 15:33:13,15780,15780,15780,2,0
2023-03-06 15:33:13,15780,15780,15780,2,0
2023-03-06 15:33:13,15780,15780,15780,2,0
2023-03-06 15:33:13,15780,15780,15780,2,0
2023-03-06 15:33:13,15780,15780,15780,4,0
2023-03-06 15:33:13,15780,15780,15780,4,0
2023-03-06 15:33:13,15780,15780,15780,4,0
2023-03-06 15:33:13,15780,15780,15780,4,0
2023-03-06 15:33:13,15780,15780,15780,2,0
2023-03-06 15:33:13,15780,15780,15780,2,0
2023-03-06 15:33:13,15780,15780,15780,2,0
2023-03-06 15:33:13,15780,15780,15780,2,0
2023-03-06 15:33:13,15780,15780,15780,2,0
2023-03-06 15:33:13,15780,15780,15780,4,0
2023-03-06 15:33:13,15780,15780,15780,2,0
2023-03-06 15:33:13,15780,15780,15780,2,0
2023-03-06 15:33:13,15780,15780,15780,2,0
2023-03-06 15:33:14,15781,15781,15781,2,2
2023-03-06 15:33:15,15781,15781,15781,2,0
2023-03-06 15:33:17,15781,15781,15781,4,0
2023-03-06 15:33:19,15780,15780,15780,2,-2
2023-03-06 15:33:19,15780,15780,15780,2,0
2023-03-06 15:33:24,15780,15780,15780,2,0
2023-03-06 15:33:25,15780,15780,15780,2,0
2023-03-06 15:33:26,15780,15780,15780,2,0
2023-03-06 15:33:29,15780,15780,15780,2,0
2023-03-06 15:33:31,15781,15781,15781,4,4
2023-03-06 15:33:34,15780,15780,15780,2,-2
2023-03-06 15:33:38,15780,15780,15780,2,0
2023-03-06 15:33:41,15781,15781,15781,2,2
2023-03-06 15:33:42,15781,15781,15781,2,0
2023-03-06 15:33:43,15781,15781,15781,2,0
2023-03-06 15:33:43,15781,15781,15781,2,0
2023-03-06 15:34:02,15782,15782,15782,4,4
2023-03-06 15:34:02,15782,15782,15782,2,0
2023-03-06 15:34:02,15782,15782,15782,2,0
2023-03-06 15:34:02,15782,15782,15782,2,0
2023-03-06 15:34:02,15782,15782,15782,2,0
2023-03-06 15:34:03,15783,15783,15783,10,10
2023-03-06 15:34:10,15782,15782,15782,4,-4
2023-03-06 15:34:24,15782,15782,15782,2,0
2023-03-06 15:34:42,15781,15781,15781,2,-2
2023-03-06 15:34:47,15781,15781,15781,2,0
2023-03-06 15:34:48,15780,15780,15780,2,-2
2023-03-06 15:34:57,15781,15781,15781,2,2
2023-03-06 15:35:03,15782,15782,15782,2,2
2023-03-06 15:35:06,15782,15782,15782,2,0
2023-03-06 15:35:11,15780,15780,15780,2,-2
2023-03-06 15:35:43,15780,15780,15780,4,0
2023-03-06 15:35:46,15780,15780,15780,2,0
2023-03-06 15:35:54,15780,15780,15780,2,0
2023-03-06 15:35:59,15780,15780,15780,2,0
2023-03-06 15:36:20,15780,15780,15780,2,0
2023-03-06 15:36:23,15781,15781,15781,2,2
2023-03-06 15:36:23,15781,15781,15781,2,0
2023-03-06 15:36:23,15781,15781,15781,2,0
2023-03-06 15:36:33,15782,15782,15782,6,6
2023-03-06 15:36:33,15782,15782,15782,2,0
2023-03-06 15:36:33,15782,15782,15782,2,0
2023-03-06 15:36:33,15782,15782,15782,2,0
2023-03-06 15:37:00,15781,15781,15781,2,-2
2023-03-06 15:37:01,15780,15780,15780,4,-4
2023-03-06 15:37:01,15780,15780,15780,2,0
2023-03-06 15:37:01,15780,15780,15780,2,0
2023-03-06 15:37:01,15780,15780,15780,4,0
2023-03-06 15:37:01,15780,15780,15780,2,0
2023-03-06 15:37:01,15780,15780,15780,2,0
2023-03-06 15:37:01,15780,15780,15780,2,0
2023-03-06 15:37:01,15780,15780,15780,2,0
2023-03-06 15:37:01,15780,15780,15780,2,0
2023-03-06 15:37:01,15780,15780,15780,4,0
2023-03-06 15:37:01,15780,15780,15780,4,0
2023-03-06 15:37:01,15780,15780,15780,2,0
2023-03-06 15:37:01,15780,15780,15780,2,0
2023-03-06 15:37:01,15780,15780,15780,2,0
2023-03-06 15:37:01,15780,15780,15780,2,0
2023-03-06 15:37:01,15780,15780,15780,2,0
2023-03-06 15:37:01,15779,15779,15779,4,-4
2023-03-06 15:37:01,15779,15779,15779,2,0
2023-03-06 15:37:01,15779,15779,15779,2,0
2023-03-06 15:37:01,15779,15779,15779,2,0
2023-03-06 15:37:01,15779,15779,15779,4,0
2023-03-06 15:37:01,15779,15779,15779,4,0
2023-03-06 15:37:01,15779,15779,15779,4,0
2023-03-06 15:37:01,15779,15779,15779,2,0
2023-03-06 15:37:01,15779,15779,15779,2,0
2023-03-06 15:37:01,15779,15779,15779,2,0
2023-03-06 15:37:01,15779,15779,15779,2,0
2023-03-06 15:37:01,15779,15779,15779,2,0
2023-03-06 15:37:01,15779,15779,15779,2,0
2023-03-06 15:37:01,15779,15779,15779,4,0
2023-03-06 15:37:01,15779,15779,15779,4,0
2023-03-06 15:37:01,15779,15779,15779,2,0
2023-03-06 15:37:14,15780,15780,15780,20,20
2023-03-06 15:37:14,15781,15781,15781,46,46
2023-03-06 15:37:14,15781,15781,15781,4,0
2023-03-06 15:37:14,15781,15781,15781,10,0
2023-03-06 15:37:14,15781,15781,15781,2,0
2023-03-06 15:37:14,15781,15781,15781,2,0
2023-03-06 15:37:20,15781,15781,15781,2,0
2023-03-06 15:37:27,15782,15782,15782,2,2
2023-03-06 15:37:27,15782,15782,15782,2,0
2023-03-06 15:37:33,15783,15783,15783,2,2
2023-03-06 15:37:37,15784,15784,15784,2,2
2023-03-06 15:37:37,15784,15784,15784,2,0
2023-03-06 15:37:37,15784,15784,15784,2,0
2023-03-06 15:37:40,15785,15785,15785,2,2
2023-03-06 15:37:40,15785,15785,15785,2,0
2023-03-06 15:37:40,15785,15785,15785,4,0
2023-03-06 15:37:40,15785,15785,15785,2,0
2023-03-06 15:37:44,15786,15786,15786,18,18
2023-03-06 15:37:49,15786,15786,15786,2,0
2023-03-06 15:37:49,15786,15786,15786,2,0
2023-03-06 15:37:50,15786,15786,15786,2,0
2023-03-06 15:37:52,15786,15786,15786,2,0
2023-03-06 15:37:52,15786,15786,15786,2,0
2023-03-06 15:37:52,15786,15786,15786,4,0
2023-03-06 15:37:52,15786,15786,15786,2,0
2023-03-06 15:37:52,15786,15786,15786,2,0
2023-03-06 15:37:52,15786,15786,15786,8,0
2023-03-06 15:37:57,15787,15787,15787,2,2
2023-03-06 15:38:00,15787,15787,15787,2,0
2023-03-06 15:38:00,15786,15786,15786,2,-2
2023-03-06 15:38:00,15787,15787,15787,4,4
2023-03-06 15:38:02,15787,15787,15787,14,0
2023-03-06 15:38:08,15787,15787,15787,2,0
2023-03-06 15:38:08,15788,15788,15788,2,2
2023-03-06 15:38:08,15788,15788,15788,8,0
2023-03-06 15:38:09,15787,15787,15787,2,-2
2023-03-06 15:38:16,15787,15787,15787,2,0
2023-03-06 15:38:16,15787,15787,15787,2,0
2023-03-06 15:38:27,15786,15786,15786,2,-2
2023-03-06 15:38:29,15787,15787,15787,2,2
2023-03-06 15:38:40,15786,15786,15786,2,-2
2023-03-06 15:38:40,15785,15785,15785,2,-2
2023-03-06 15:38:40,15785,15785,15785,2,0
2023-03-06 15:38:46,15785,15785,15785,2,0
2023-03-06 15:39:11,15785,15785,15785,2,0
2023-03-06 15:39:15,15785,15785,15785,2,0
2023-03-06 15:39:24,15784,15784,15784,2,-2
2023-03-06 15:39:29,15785,15785,15785,2,2
2023-03-06 15:39:34,15784,15784,15784,2,-2
2023-03-06 15:39:34,15784,15784,15784,2,0
2023-03-06 15:39:34,15784,15784,15784,2,0
2023-03-06 15:39:34,15784,15784,15784,2,0
2023-03-06 15:39:44,15783,15783,15783,2,-2
2023-03-06 15:39:52,15783,15783,15783,2,0
2023-03-06 15:40:08,15785,15785,15785,2,2
2023-03-06 15:40:09,15783,15783,15783,2,-2
2023-03-06 15:40:09,15783,15783,15783,2,0
2023-03-06 15:40:09,15783,15783,15783,4,0
2023-03-06 15:40:13,15783,15783,15783,2,0
2023-03-06 15:40:14,15783,15783,15783,2,0
2023-03-06 15:40:16,15783,15783,15783,2,0
2023-03-06 15:40:19,15783,15783,15783,2,0
2023-03-06 15:40:26,15784,15784,15784,2,2
2023-03-06 15:40:34,15785,15785,15785,2,2
2023-03-06 15:40:40,15786,15786,15786,2,2
2023-03-06 15:40:50,15787,15787,15787,2,2
2023-03-06 15:41:00,15787,15787,15787,2,0
2023-03-06 15:41:00,15787,15787,15787,2,0
2023-03-06 15:41:00,15787,15787,15787,2,0
2023-03-06 15:41:01,15787,15787,15787,2,0
2023-03-06 15:41:01,15788,15788,15788,2,2
2023-03-06 15:41:01,15788,15788,15788,2,0
2023-03-06 15:41:05,15788,15788,15788,2,0
2023-03-06 15:41:05,15786,15786,15786,4,-4
2023-03-06 15:41:09,15788,15788,15788,2,2
2023-03-06 15:41:09,15787,15787,15787,2,-2
2023-03-06 15:41:11,15788,15788,15788,2,2
2023-03-06 15:41:11,15788,15788,15788,2,0
2023-03-06 15:41:25,15788,15788,15788,2,0
2023-03-06 15:41:25,15787,15787,15787,2,-2
2023-03-06 15:41:26,15787,15787,15787,2,0
2023-03-06 15:41:26,15788,15788,15788,2,2
2023-03-06 15:41:33,15788,15788,15788,2,0
2023-03-06 15:41:39,15788,15788,15788,2,0
2023-03-06 15:41:48,15787,15787,15787,2,-2
2023-03-06 15:41:48,15788,15788,15788,2,2
2023-03-06 15:41:49,15787,15787,15787,2,-2
2023-03-06 15:41:50,15788,15788,15788,2,2
2023-03-06 15:41:50,15786,15786,15786,2,-2
2023-03-06 15:41:55,15786,15786,15786,2,0
2023-03-06 15:42:00,15787,15787,15787,2,2
2023-03-06 15:42:00,15788,15788,15788,4,4
2023-03-06 15:42:05,15787,15787,15787,2,-2
2023-03-06 15:42:05,15788,15788,15788,2,2
2023-03-06 15:42:09,15787,15787,15787,2,-2
2023-03-06 15:42:12,15787,15787,15787,2,0
2023-03-06 15:42:17,15787,15787,15787,2,0
2023-03-06 15:42:18,15788,15788,15788,10,10
2023-03-06 15:42:18,15787,15787,15787,2,-2
2023-03-06 15:42:19,15788,15788,15788,2,2
2023-03-06 15:42:19,15789,15789,15789,8,8
2023-03-06 15:42:21,15789,15789,15789,10,0
2023-03-06 15:42:22,15788,15788,15788,2,-2
2023-03-06 15:42:22,15789,15789,15789,2,2
2023-03-06 15:42:23,15787,15787,15787,2,-2
2023-03-06 15:42:35,15789,15789,15789,2,2
2023-03-06 15:42:37,15789,15789,15789,2,0
2023-03-06 15:42:40,15789,15789,15789,2,0
2023-03-06 15:42:42,15789,15789,15789,20,0
2023-03-06 15:42:42,15789,15789,15789,2,0
2023-03-06 15:42:45,15789,15789,15789,2,0
2023-03-06 15:42:46,15789,15789,15789,2,0
2023-03-06 15:42:58,15789,15789,15789,6,0
2023-03-06 15:42:58,15789,15789,15789,2,0
2023-03-06 15:42:58,15789,15789,15789,2,0
2023-03-06 15:42:59,15788,15788,15788,2,-2
2023-03-06 15:43:09,15788,15788,15788,6,0
2023-03-06 15:43:20,15789,15789,15789,2,2
2023-03-06 15:43:27,15788,15788,15788,2,-2
2023-03-06 15:43:37,15789,15789,15789,2,2
2023-03-06 15:43:39,15788,15788,15788,2,-2
2023-03-06 15:43:43,15789,15789,15789,2,2
2023-03-06 15:44:00,15788,15788,15788,2,-2
2023-03-06 15:44:12,15789,15789,15789,8,8
2023-03-06 15:44:15,15789,15789,15789,2,0
2023-03-06 15:44:17,15789,15789,15789,2,0
2023-03-06 15:44:19,15788,15788,15788,6,-6
2023-03-06 15:44:22,15788,15788,15788,2,0
2023-03-06 15:44:23,15788,15788,15788,2,0
2023-03-06 15:44:25,15789,15789,15789,2,2
2023-03-06 15:44:26,15788,15788,15788,2,-2
2023-03-06 15:44:27,15788,15788,15788,2,0
2023-03-06 15:44:39,15789,15789,15789,2,2
2023-03-06 15:44:40,15789,15789,15789,4,0
2023-03-06 15:44:43,15789,15789,15789,12,0
2023-03-06 15:44:43,15789,15789,15789,8,0
2023-03-06 15:44:45,15789,15789,15789,4,0
2023-03-06 15:44:52,15789,15789,15789,2,0
2023-03-06 15:44:55,15789,15789,15789,2,0
2023-03-06 15:44:56,15789,15789,15789,2,0
2023-03-06 15:45:03,15789,15789,15789,2,0
2023-03-06 15:45:03,15789,15789,15789,2,0
2023-03-06 15:45:12,15789,15789,15789,2,0
2023-03-06 15:45:12,15790,15790,15790,2,2
2023-03-06 15:45:12,15790,15790,15790,2,0
2023-03-06 15:45:16,15790,15790,15790,4,0
2023-03-06 15:45:19,15790,15790,15790,2,0
2023-03-06 15:45:20,15789,15789,15789,2,-2
2023-03-06 15:45:20,15790,15790,15790,6,6
2023-03-06 15:45:27,15790,15790,15790,2,0
2023-03-06 15:45:32,15790,15790,15790,2,0
2023-03-06 15:45:36,15790,15790,15790,2,0
2023-03-06 15:45:36,15790,15790,15790,2,0
2023-03-06 15:45:36,15790,15790,15790,2,0
2023-03-06 15:45:36,15790,15790,15790,2,0
2023-03-06 15:45:36,15790,15790,15790,2,0
2023-03-06 15:45:36,15790,15790,15790,2,0
2023-03-06 15:45:37,15790,15790,15790,4,0
2023-03-06 15:45:38,15790,15790,15790,2,0
2023-03-06 15:45:38,15790,15790,15790,2,0
2023-03-06 15:45:38,15790,15790,15790,2,0
2023-03-06 15:45:38,15790,15790,15790,2,0
2023-03-06 15:45:38,15790,15790,15790,4,0
2023-03-06 15:45:38,15790,15790,15790,4,0
2023-03-06 15:45:38,15790,15790,15790,4,0
2023-03-06 15:45:38,15790,15790,15790,2,0
2023-03-06 15:45:38,15790,15790,15790,2,0
2023-03-06 15:45:38,15790,15790,15790,2,0
2023-03-06 15:45:38,15790,15790,15790,4,0
2023-03-06 15:45:38,15790,15790,15790,2,0
2023-03-06 15:45:40,15791,15791,15791,8,8
2023-03-06 15:45:41,15791,15791,15791,2,0
2023-03-06 15:45:41,15791,15791,15791,20,0
2023-03-06 15:45:41,15791,15791,15791,2,0
2023-03-06 15:45:41,15791,15791,15791,2,0
2023-03-06 15:45:43,15790,15790,15790,2,-2
2023-03-06 15:45:43,15791,15791,15791,2,2
2023-03-06 15:45:44,15791,15791,15791,2,0
2023-03-06 15:45:46,15790,15790,15790,2,-2
2023-03-06 15:45:46,15790,15790,15790,2,0
2023-03-06 15:45:49,15791,15791,15791,2,2
2023-03-06 15:45:51,15792,15792,15792,2,2
2023-03-06 15:45:57,15791,15791,15791,2,-2
2023-03-06 15:46:00,15791,15791,15791,2,0
2023-03-06 15:46:00,15792,15792,15792,2,2
2023-03-06 15:46:00,15791,15791,15791,2,-2
2023-03-06 15:46:00,15791,15791,15791,2,0
2023-03-06 15:46:00,15791,15791,15791,2,0
2023-03-06 15:46:00,15790,15790,15790,2,-2
2023-03-06 15:46:00,15790,15790,15790,2,0
2023-03-06 15:46:02,15792,15792,15792,4,4
2023-03-06 15:46:11,15792,15792,15792,2,0
2023-03-06 15:46:13,15792,15792,15792,2,0
2023-03-06 15:46:14,15792,15792,15792,2,0
2023-03-06 15:46:16,15791,15791,15791,2,-2
2023-03-06 15:46:16,15791,15791,15791,2,0
2023-03-06 15:46:16,15790,15790,15790,2,-2
2023-03-06 15:46:17,15790,15790,15790,2,0
2023-03-06 15:46:17,15790,15790,15790,2,0
2023-03-06 15:46:17,15790,15790,15790,2,0
2023-03-06 15:46:17,15790,15790,15790,2,0
2023-03-06 15:46:17,15790,15790,15790,2,0
2023-03-06 15:46:23,15790,15790,15790,2,0
2023-03-06 15:46:26,15789,15789,15789,2,-2
2023-03-06 15:46:26,15789,15789,15789,2,0
2023-03-06 15:46:26,15789,15789,15789,2,0
2023-03-06 15:46:26,15789,15789,15789,2,0
2023-03-06 15:46:40,15790,15790,15790,2,2
2023-03-06 15:46:40,15790,15790,15790,4,0
2023-03-06 15:47:00,15790,15790,15790,6,0
2023-03-06 15:47:00,15790,15790,15790,2,0
2023-03-06 15:47:03,15790,15790,15790,2,0
2023-03-06 15:47:14,15790,15790,15790,2,0
2023-03-06 15:47:20,15791,15791,15791,6,6
2023-03-06 15:47:30,15790,15790,15790,4,-4
2023-03-06 15:47:30,15790,15790,15790,2,0
2023-03-06 15:47:30,15790,15790,15790,2,0
2023-03-06 15:47:42,15790,15790,15790,2,0
2023-03-06 15:47:44,15790,15790,15790,2,0
2023-03-06 15:47:48,15790,15790,15790,2,0
2023-03-06 15:47:50,15789,15789,15789,2,-2
2023-03-06 15:47:50,15789,15789,15789,2,0
2023-03-06 15:48:12,15789,15789,15789,2,0
2023-03-06 15:48:14,15789,15789,15789,2,0
2023-03-06 15:48:15,15789,15789,15789,2,0
2023-03-06 15:48:19,15789,15789,15789,2,0
2023-03-06 15:48:25,15788,15788,15788,6,-6
2023-03-06 15:48:25,15788,15788,15788,2,0
2023-03-06 15:48:25,15788,15788,15788,2,0
2023-03-06 15:48:25,15788,15788,15788,2,0
2023-03-06 15:48:25,15788,15788,15788,2,0
2023-03-06 15:48:25,15788,15788,15788,2,0
2023-03-06 15:48:25,15788,15788,15788,2,0
2023-03-06 15:48:25,15788,15788,15788,2,0
2023-03-06 15:48:25,15788,15788,15788,2,0
2023-03-06 15:48:25,15788,15788,15788,4,0
2023-03-06 15:48:25,15788,15788,15788,2,0
2023-03-06 15:48:25,15788,15788,15788,8,0
2023-03-06 15:48:25,15789,15789,15789,12,12
2023-03-06 15:48:25,15787,15787,15787,2,-2
2023-03-06 15:48:46,15787,15787,15787,2,0
2023-03-06 15:48:47,15788,15788,15788,10,10
2023-03-06 15:48:54,15788,15788,15788,2,0
2023-03-06 15:48:57,15788,15788,15788,2,0
2023-03-06 15:48:58,15788,15788,15788,2,0
2023-03-06 15:49:01,15789,15789,15789,2,2
2023-03-06 15:49:30,15789,15789,15789,2,0
2023-03-06 15:49:37,15790,15790,15790,2,2
2023-03-06 15:49:39,15790,15790,15790,2,0
2023-03-06 15:49:46,15790,15790,15790,4,0
2023-03-06 15:49:58,15790,15790,15790,2,0
2023-03-06 15:50:02,15790,15790,15790,2,0
2023-03-06 15:50:02,15790,15790,15790,2,0
2023-03-06 15:50:13,15790,15790,15790,2,0
2023-03-06 15:50:13,15790,15790,15790,2,0
2023-03-06 15:50:25,15789,15789,15789,2,-2
2023-03-06 15:50:25,15789,15789,15789,2,0
2023-03-06 15:50:25,15789,15789,15789,2,0
2023-03-06 15:50:25,15789,15789,15789,4,0
2023-03-06 15:50:25,15789,15789,15789,4,0
2023-03-06 15:50:25,15789,15789,15789,4,0
2023-03-06 15:50:25,15789,15789,15789,2,0
2023-03-06 15:50:25,15789,15789,15789,2,0
2023-03-06 15:50:25,15789,15789,15789,2,0
2023-03-06 15:50:25,15789,15789,15789,2,0
2023-03-06 15:50:27,15790,15790,15790,4,4
2023-03-06 15:50:40,15788,15788,15788,8,-8
2023-03-06 15:50:40,15789,15789,15789,2,2
2023-03-06 15:50:45,15788,15788,15788,2,-2
2023-03-06 15:50:48,15788,15788,15788,10,0
2023-03-06 15:50:50,15788,15788,15788,2,0
2023-03-06 15:50:53,15788,15788,15788,2,0
2023-03-06 15:50:54,15788,15788,15788,8,0
2023-03-06 15:50:56,15788,15788,15788,6,0
2023-03-06 15:51:00,15788,15788,15788,4,0
2023-03-06 15:51:00,15788,15788,15788,2,0
2023-03-06 15:51:00,15788,15788,15788,2,0
2023-03-06 15:51:00,15788,15788,15788,2,0
2023-03-06 15:51:00,15788,15788,15788,2,0
2023-03-06 15:51:00,15788,15788,15788,2,0
2023-03-06 15:51:00,15788,15788,15788,2,0
2023-03-06 15:51:00,15788,15788,15788,2,0
2023-03-06 15:51:11,15787,15787,15787,4,-4
2023-03-06 15:51:11,15787,15787,15787,2,0
2023-03-06 15:51:35,15787,15787,15787,2,0
2023-03-06 15:51:35,15787,15787,15787,2,0
2023-03-06 15:51:45,15787,15787,15787,2,0
2023-03-06 15:51:47,15787,15787,15787,2,0
2023-03-06 15:51:47,15787,15787,15787,2,0
2023-03-06 15:51:47,15787,15787,15787,2,0
2023-03-06 15:51:47,15786,15786,15786,4,-4
2023-03-06 15:52:04,15786,15786,15786,2,0
2023-03-06 15:52:07,15786,15786,15786,2,0
2023-03-06 15:52:11,15786,15786,15786,2,0
2023-03-06 15:52:11,15786,15786,15786,2,0
2023-03-06 15:52:14,15786,15786,15786,2,0
2023-03-06 15:52:14,15786,15786,15786,2,0
2023-03-06 15:52:14,15786,15786,15786,6,0
2023-03-06 15:52:15,15786,15786,15786,2,0
2023-03-06 15:52:36,15787,15787,15787,2,2
2023-03-06 15:52:38,15786,15786,15786,2,-2
2023-03-06 15:52:46,15786,15786,15786,2,0
2023-03-06 15:52:46,15786,15786,15786,2,0
2023-03-06 15:52:46,15786,15786,15786,2,0
2023-03-06 15:52:46,15786,15786,15786,4,0
2023-03-06 15:52:53,15786,15786,15786,4,0
2023-03-06 15:53:00,15786,15786,15786,2,0
2023-03-06 15:53:00,15786,15786,15786,2,0
2023-03-06 15:53:25,15786,15786,15786,2,0
2023-03-06 15:53:25,15786,15786,15786,2,0
2023-03-06 15:53:26,15785,15785,15785,2,-2
2023-03-06 15:53:26,15785,15785,15785,2,0
2023-03-06 15:53:26,15785,15785,15785,2,0
2023-03-06 15:53:33,15785,15785,15785,2,0
2023-03-06 15:53:33,15785,15785,15785,2,0
2023-03-06 15:53:50,15785,15785,15785,2,0
2023-03-06 15:53:51,15785,15785,15785,2,0
2023-03-06 15:54:14,15786,15786,15786,4,4
2023-03-06 15:54:18,15786,15786,15786,2,0
2023-03-06 15:54:38,15786,15786,15786,2,0
2023-03-06 15:54:41,15786,15786,15786,10,0
2023-03-06 15:54:44,15786,15786,15786,2,0
2023-03-06 15:54:44,15786,15786,15786,2,0
2023-03-06 15:54:52,15786,15786,15786,2,0
2023-03-06 15:55:00,15787,15787,15787,2,2
2023-03-06 15:55:01,15786,15786,15786,2,-2
2023-03-06 15:55:01,15787,15787,15787,4,4
2023-03-06 15:55:09,15786,15786,15786,2,-2
2023-03-06 15:55:09,15786,15786,15786,2,0
2023-03-06 15:55:20,15786,15786,15786,2,0
2023-03-06 15:55:20,15786,15786,15786,2,0
2023-03-06 15:55:20,15786,15786,15786,2,0
2023-03-06 15:55:20,15786,15786,15786,4,0
2023-03-06 15:55:20,15786,15786,15786,2,0
2023-03-06 15:55:58,15786,15786,15786,2,0
2023-03-06 15:56:13,15786,15786,15786,2,0
2023-03-06 15:56:30,15787,15787,15787,2,2
2023-03-06 15:56:50,15787,15787,15787,2,0
2023-03-06 15:56:50,15787,15787,15787,12,0
2023-03-06 15:57:29,15787,15787,15787,2,0
2023-03-06 15:57:29,15787,15787,15787,2,0
2023-03-06 15:57:29,15787,15787,15787,2,0
2023-03-06 15:57:29,15787,15787,15787,2,0
2023-03-06 15:57:30,15787,15787,15787,2,0
2023-03-06 15:57:30,15787,15787,15787,2,0
2023-03-06 15:57:34,15787,15787,15787,2,0
2023-03-06 15:57:37,15787,15787,15787,2,0
2023-03-06 15:57:54,15787,15787,15787,6,0
2023-03-06 15:58:00,15786,15786,15786,2,-2
2023-03-06 15:58:00,15786,15786,15786,2,0
2023-03-06 15:58:37,15786,15786,15786,2,0
2023-03-06 15:58:53,15786,15786,15786,2,0
2023-03-06 15:58:53,15786,15786,15786,2,0
2023-03-06 15:58:53,15786,15786,15786,2,0
2023-03-06 15:59:00,15785,15785,15785,4,-4
2023-03-06 15:59:07,15785,15785,15785,2,0
2023-03-06 15:59:09,15786,15786,15786,2,2
2023-03-06 15:59:14,15786,15786,15786,6,0
2023-03-06 15:59:22,15787,15787,15787,2,2
2023-03-06 15:59:35,15786,15786,15786,4,-4
2023-03-06 15:59:55,15785,15785,15785,2,-2
2023-03-06 15:59:55,15785,15785,15785,2,0
2023-03-06 15:59:59,15785,15785,15785,2,0
2023-03-06 15:59:59,15785,15785,15785,2,0
2023-03-06 16:00:01,15785,15785,15785,2,0
2023-03-06 16:00:01,15785,15785,15785,40,0
2023-03-06 16:00:01,15785,15785,15785,2,0
2023-03-06 16:00:01,15785,15785,15785,2,0
2023-03-06 16:00:01,15785,15785,15785,2,0
2023-03-06 16:00:01,15785,15785,15785,2,0
2023-03-06 16:00:01,15785,15785,15785,2,0
2023-03-06 16:00:01,15784,15784,15784,2,-2
2023-03-06 16:00:01,15784,15784,15784,2,0
2023-03-06 16:00:01,15783,15783,15783,2,-2
2023-03-06 16:00:01,15783,15783,15783,2,0
2023-03-06 16:00:01,15783,15783,15783,2,0
2023-03-06 16:00:01,15783,15783,15783,2,0
2023-03-06 16:00:01,15783,15783,15783,16,0
2023-03-06 16:00:01,15783,15783,15783,2,0
2023-03-06 16:00:01,15782,15782,15782,4,-4
2023-03-06 16:00:01,15782,15782,15782,2,0
2023-03-06 16:00:01,15782,15782,15782,2,0
2023-03-06 16:00:01,15782,15782,15782,2,0
2023-03-06 16:00:01,15782,15782,15782,6,0
2023-03-06 16:00:01,15781,15781,15781,2,-2
2023-03-06 16:00:01,15781,15781,15781,2,0
2023-03-06 16:00:01,15781,15781,15781,2,0
2023-03-06 16:00:02,15781,15781,15781,2,0
2023-03-06 16:00:02,15781,15781,15781,2,0
2023-03-06 16:00:02,15781,15781,15781,2,0
2023-03-06 16:00:02,15781,15781,15781,2,0
2023-03-06 16:00:02,15781,15781,15781,2,0
2023-03-06 16:00:03,15781,15781,15781,2,0
2023-03-06 16:00:06,15782,15782,15782,2,2
2023-03-06 16:00:06,15782,15782,15782,2,0
2023-03-06 16:00:06,15781,15781,15781,2,-2
2023-03-06 16:00:06,15781,15781,15781,2,0
2023-03-06 16:00:15,15783,15783,15783,4,4
2023-03-06 16:00:27,15783,15783,15783,2,0
2023-03-06 16:00:28,15782,15782,15782,4,-4
2023-03-06 16:00:55,15781,15781,15781,2,-2
2023-03-06 16:00:56,15780,15780,15780,2,-2
2023-03-06 16:00:56,15780,15780,15780,2,0
2023-03-06 16:00:56,15780,15780,15780,2,0
2023-03-06 16:00:56,15780,15780,15780,2,0
2023-03-06 16:01:00,15781,15781,15781,2,2
2023-03-06 16:01:05,15781,15781,15781,2,0
2023-03-06 16:01:05,15781,15781,15781,4,0
2023-03-06 16:01:06,15781,15781,15781,2,0
2023-03-06 16:01:08,15780,15780,15780,2,-2
2023-03-06 16:01:08,15780,15780,15780,2,0
2023-03-06 16:01:10,15780,15780,15780,2,0
2023-03-06 16:01:11,15781,15781,15781,2,2
2023-03-06 16:01:18,15781,15781,15781,10,0
2023-03-06 16:01:18,15781,15781,15781,2,0
2023-03-06 16:01:18,15781,15781,15781,2,0
2023-03-06 16:01:21,15782,15782,15782,2,2
2023-03-06 16:01:21,15782,15782,15782,2,0
2023-03-06 16:01:23,15782,15782,15782,2,0
2023-03-06 16:01:37,15782,15782,15782,2,0
2023-03-06 16:01:37,15782,15782,15782,4,0
2023-03-06 16:01:38,15782,15782,15782,2,0
2023-03-06 16:01:38,15782,15782,15782,2,0
2023-03-06 16:01:41,15782,15782,15782,2,0
2023-03-06 16:01:41,15782,15782,15782,2,0
2023-03-06 16:01:52,15781,15781,15781,2,-2
2023-03-06 16:01:52,15781,15781,15781,2,0
2023-03-06 16:01:53,15781,15781,15781,2,0
2023-03-06 16:02:00,15782,15782,15782,2,2
2023-03-06 16:02:04,15781,15781,15781,2,-2
2023-03-06 16:02:30,15781,15781,15781,4,0
2023-03-06 16:02:31,15781,15781,15781,2,0
2023-03-06 16:02:36,15781,15781,15781,2,0
2023-03-06 16:02:37,15781,15781,15781,2,0
2023-03-06 16:02:37,15781,15781,15781,10,0
2023-03-06 16:02:37,15781,15781,15781,2,0
2023-03-06 16:02:42,15780,15780,15780,2,-2
2023-03-06 16:02:42,15780,15780,15780,6,0
2023-03-06 16:02:42,15780,15780,15780,2,0
2023-03-06 16:02:42,15780,15780,15780,2,0
2023-03-06 16:02:42,15780,15780,15780,2,0
2023-03-06 16:02:42,15780,15780,15780,2,0
2023-03-06 16:02:42,15780,15780,15780,2,0
2023-03-06 16:02:42,15780,15780,15780,2,0
2023-03-06 16:02:42,15780,15780,15780,2,0
2023-03-06 16:02:42,15780,15780,15780,2,0
2023-03-06 16:02:42,15780,15780,15780,2,0
2023-03-06 16:02:42,15780,15780,15780,2,0
2023-03-06 16:02:47,15780,15780,15780,4,0
2023-03-06 16:02:47,15781,15781,15781,2,2
2023-03-06 16:02:54,15780,15780,15780,2,-2
2023-03-06 16:02:56,15779,15779,15779,2,-2
2023-03-06 16:02:56,15779,15779,15779,2,0
2023-03-06 16:03:03,15779,15779,15779,4,0
2023-03-06 16:03:12,15779,15779,15779,2,0
2023-03-06 16:03:13,15780,15780,15780,2,2
2023-03-06 16:03:17,15780,15780,15780,2,0
2023-03-06 16:03:21,15780,15780,15780,2,0
2023-03-06 16:03:21,15780,15780,15780,2,0
2023-03-06 16:03:24,15781,15781,15781,6,6
2023-03-06 16:03:24,15781,15781,15781,4,0
2023-03-06 16:03:24,15781,15781,15781,8,0
2023-03-06 16:03:24,15781,15781,15781,6,0
2023-03-06 16:03:24,15781,15781,15781,4,0
2023-03-06 16:03:24,15781,15781,15781,2,0
2023-03-06 16:03:26,15780,15780,15780,2,-2
2023-03-06 16:03:30,15780,15780,15780,2,0
2023-03-06 16:03:32,15779,15779,15779,2,-2
2023-03-06 16:03:33,15780,15780,15780,2,2
2023-03-06 16:03:43,15780,15780,15780,2,0
2023-03-06 16:03:46,15780,15780,15780,2,0
2023-03-06 16:03:46,15780,15780,15780,2,0
2023-03-06 16:03:46,15779,15779,15779,2,-2
2023-03-06 16:03:46,15779,15779,15779,2,0
2023-03-06 16:04:00,15780,15780,15780,2,2
2023-03-06 16:04:00,15780,15780,15780,2,0
2023-03-06 16:04:00,15780,15780,15780,2,0
2023-03-06 16:04:00,15780,15780,15780,2,0
2023-03-06 16:04:04,15780,15780,15780,2,0
2023-03-06 16:04:04,15780,15780,15780,2,0
2023-03-06 16:04:05,15781,15781,15781,2,2
2023-03-06 16:04:10,15781,15781,15781,2,0
2023-03-06 16:04:17,15780,15780,15780,2,-2
2023-03-06 16:04:24,15781,15781,15781,2,2
2023-03-06 16:04:24,15781,15781,15781,4,0
2023-03-06 16:04:31,15781,15781,15781,2,0
2023-03-06 16:04:46,15781,15781,15781,2,0
2023-03-06 16:04:47,15781,15781,15781,2,0
2023-03-06 16:04:48,15781,15781,15781,2,0
2023-03-06 16:04:53,15781,15781,15781,2,0
2023-03-06 16:04:56,15780,15780,15780,2,-2
2023-03-06 16:04:56,15780,15780,15780,14,0
2023-03-06 16:04:56,15780,15780,15780,4,0
2023-03-06 16:04:56,15780,15780,15780,2,0
2023-03-06 16:04:57,15780,15780,15780,2,0
2023-03-06 16:05:03,15780,15780,15780,2,0
2023-03-06 16:05:03,15780,15780,15780,4,0
2023-03-06 16:05:05,15780,15780,15780,4,0
2023-03-06 16:05:06,15779,15779,15779,2,-2
2023-03-06 16:05:19,15779,15779,15779,2,0
2023-03-06 16:05:19,15779,15779,15779,2,0
2023-03-06 16:05:19,15779,15779,15779,4,0
2023-03-06 16:05:19,15779,15779,15779,2,0
2023-03-06 16:05:19,15779,15779,15779,4,0
2023-03-06 16:05:19,15779,15779,15779,2,0
2023-03-06 16:05:19,15779,15779,15779,4,0
2023-03-06 16:05:19,15779,15779,15779,2,0
2023-03-06 16:05:19,15779,15779,15779,2,0
2023-03-06 16:05:19,15779,15779,15779,2,0
2023-03-06 16:05:19,15779,15779,15779,2,0
2023-03-06 16:05:19,15779,15779,15779,2,0
2023-03-06 16:05:19,15779,15779,15779,2,0
2023-03-06 16:05:19,15779,15779,15779,2,0
2023-03-06 16:05:19,15779,15779,15779,2,0
2023-03-06 16:05:19,15779,15779,15779,2,0
2023-03-06 16:05:19,15778,15778,15778,2,-2
2023-03-06 16:05:19,15778,15778,15778,2,0
2023-03-06 16:05:23,15778,15778,15778,2,0
2023-03-06 16:05:23,15778,15778,15778,2,0
2023-03-06 16:05:23,15778,15778,15778,2,0
2023-03-06 16:05:33,15779,15779,15779,2,2
2023-03-06 16:05:42,15779,15779,15779,2,0
2023-03-06 16:05:45,15779,15779,15779,10,0
2023-03-06 16:05:46,15779,15779,15779,2,0
2023-03-06 16:05:49,15779,15779,15779,2,0
2023-03-06 16:05:49,15779,15779,15779,6,0
2023-03-06 16:05:49,15779,15779,15779,2,0
2023-03-06 16:05:54,15779,15779,15779,2,0
2023-03-06 16:05:56,15778,15778,15778,2,-2
2023-03-06 16:05:56,15778,15778,15778,2,0
2023-03-06 16:06:00,15778,15778,15778,2,0
2023-03-06 16:06:00,15778,15778,15778,2,0
2023-03-06 16:06:00,15778,15778,15778,8,0
2023-03-06 16:06:05,15778,15778,15778,2,0
2023-03-06 16:06:06,15779,15779,15779,2,2
2023-03-06 16:06:07,15779,15779,15779,2,0
2023-03-06 16:06:07,15779,15779,15779,2,0
2023-03-06 16:06:11,15779,15779,15779,2,0
2023-03-06 16:06:16,15779,15779,15779,10,0
2023-03-06 16:06:18,15779,15779,15779,2,0
2023-03-06 16:06:18,15779,15779,15779,2,0
2023-03-06 16:06:18,15779,15779,15779,2,0
2023-03-06 16:06:25,15779,15779,15779,2,0
2023-03-06 16:06:32,15780,15780,15780,2,2
2023-03-06 16:06:53,15779,15779,15779,2,-2
2023-03-06 16:06:58,15780,15780,15780,2,2
2023-03-06 16:07:00,15779,15779,15779,2,-2
2023-03-06 16:07:00,15779,15779,15779,2,0
2023-03-06 16:07:00,15779,15779,15779,2,0
2023-03-06 16:07:00,15779,15779,15779,2,0
2023-03-06 16:07:01,15779,15779,15779,2,0
2023-03-06 16:07:01,15778,15778,15778,4,-4
2023-03-06 16:07:01,15778,15778,15778,2,0
2023-03-06 16:07:01,15778,15778,15778,4,0
2023-03-06 16:07:01,15778,15778,15778,2,0
2023-03-06 16:07:01,15778,15778,15778,2,0
2023-03-06 16:07:01,15778,15778,15778,2,0
2023-03-06 16:07:01,15778,15778,15778,2,0
2023-03-06 16:07:01,15778,15778,15778,2,0
2023-03-06 16:07:01,15778,15778,15778,2,0
2023-03-06 16:07:01,15778,15778,15778,2,0
2023-03-06 16:07:01,15778,15778,15778,2,0
2023-03-06 16:07:01,15778,15778,15778,2,0
2023-03-06 16:07:01,15778,15778,15778,2,0
2023-03-06 16:07:01,15778,15778,15778,2,0
2023-03-06 16:07:01,15778,15778,15778,2,0
2023-03-06 16:07:01,15778,15778,15778,16,0
2023-03-06 16:07:01,15778,15778,15778,2,0
2023-03-06 16:07:01,15778,15778,15778,4,0
2023-03-06 16:07:01,15778,15778,15778,4,0
2023-03-06 16:07:01,15778,15778,15778,2,0
2023-03-06 16:07:01,15778,15778,15778,2,0
2023-03-06 16:07:01,15778,15778,15778,2,0
2023-03-06 16:07:01,15778,15778,15778,2,0
2023-03-06 16:07:01,15777,15777,15777,2,-2
2023-03-06 16:07:01,15777,15777,15777,2,0
2023-03-06 16:07:07,15777,15777,15777,2,0
2023-03-06 16:07:10,15777,15777,15777,2,0
2023-03-06 16:07:19,15777,15777,15777,4,0
2023-03-06 16:07:21,15778,15778,15778,2,2
2023-03-06 16:07:21,15778,15778,15778,2,0
2023-03-06 16:07:33,15778,15778,15778,2,0
2023-03-06 16:07:33,15777,15777,15777,2,-2
2023-03-06 16:07:45,15777,15777,15777,2,0
2023-03-06 16:07:45,15777,15777,15777,2,0
2023-03-06 16:07:45,15777,15777,15777,2,0
2023-03-06 16:07:45,15777,15777,15777,2,0
2023-03-06 16:07:45,15777,15777,15777,2,0
2023-03-06 16:07:45,15777,15777,15777,2,0
2023-03-06 16:07:49,15777,15777,15777,2,0
2023-03-06 16:07:52,15777,15777,15777,2,0
2023-03-06 16:07:52,15777,15777,15777,2,0
2023-03-06 16:07:52,15777,15777,15777,2,0
2023-03-06 16:07:59,15776,15776,15776,2,-2
2023-03-06 16:08:02,15776,15776,15776,2,0
2023-03-06 16:08:02,15776,15776,15776,2,0
2023-03-06 16:08:02,15776,15776,15776,8,0
2023-03-06 16:08:02,15776,15776,15776,2,0
2023-03-06 16:08:02,15776,15776,15776,2,0
2023-03-06 16:08:02,15776,15776,15776,4,0
2023-03-06 16:08:02,15776,15776,15776,2,0
2023-03-06 16:08:02,15776,15776,15776,2,0
2023-03-06 16:08:06,15775,15775,15775,2,-2
2023-03-06 16:08:06,15775,15775,15775,2,0
2023-03-06 16:08:06,15775,15775,15775,2,0
2023-03-06 16:08:06,15775,15775,15775,2,0
2023-03-06 16:08:06,15775,15775,15775,2,0
2023-03-06 16:08:06,15775,15775,15775,2,0
2023-03-06 16:08:06,15775,15775,15775,2,0
2023-03-06 16:08:06,15775,15775,15775,2,0
2023-03-06 16:08:06,15775,15775,15775,2,0
2023-03-06 16:08:06,15775,15775,15775,2,0
2023-03-06 16:08:06,15775,15775,15775,2,0
2023-03-06 16:08:06,15775,15775,15775,2,0
2023-03-06 16:08:06,15775,15775,15775,2,0
2023-03-06 16:08:06,15775,15775,15775,2,0
2023-03-06 16:08:06,15775,15775,15775,2,0
2023-03-06 16:08:06,15775,15775,15775,2,0
2023-03-06 16:08:06,15775,15775,15775,2,0
2023-03-06 16:08:06,15775,15775,15775,2,0
2023-03-06 16:08:06,15775,15775,15775,2,0
2023-03-06 16:08:06,15775,15775,15775,2,0
2023-03-06 16:08:06,15775,15775,15775,4,0
2023-03-06 16:08:06,15775,15775,15775,2,0
2023-03-06 16:08:06,15775,15775,15775,2,0
2023-03-06 16:08:06,15775,15775,15775,2,0
2023-03-06 16:08:06,15774,15774,15774,2,-2
2023-03-06 16:08:06,15774,15774,15774,2,0
2023-03-06 16:08:06,15774,15774,15774,2,0
2023-03-06 16:08:06,15773,15773,15773,2,-2
2023-03-06 16:08:06,15773,15773,15773,2,0
2023-03-06 16:08:06,15773,15773,15773,2,0
2023-03-06 16:08:08,15775,15775,15775,2,2
2023-03-06 16:08:09,15775,15775,15775,2,0
2023-03-06 16:08:09,15775,15775,15775,2,0
2023-03-06 16:08:09,15775,15775,15775,2,0
2023-03-06 16:08:09,15774,15774,15774,2,-2
2023-03-06 16:08:12,15775,15775,15775,2,2
2023-03-06 16:08:12,15775,15775,15775,2,0
2023-03-06 16:08:22,15775,15775,15775,2,0
2023-03-06 16:08:31,15774,15774,15774,2,-2
2023-03-06 16:08:31,15774,15774,15774,2,0
2023-03-06 16:08:35,15774,15774,15774,2,0
2023-03-06 16:08:35,15775,15775,15775,2,2
2023-03-06 16:08:42,15774,15774,15774,2,-2
2023-03-06 16:08:45,15774,15774,15774,2,0
2023-03-06 16:08:49,15774,15774,15774,2,0
2023-03-06 16:08:50,15774,15774,15774,2,0
2023-03-06 16:08:50,15774,15774,15774,4,0
2023-03-06 16:08:50,15774,15774,15774,6,0
2023-03-06 16:08:54,15773,15773,15773,2,-2
2023-03-06 16:08:55,15774,15774,15774,2,2
2023-03-06 16:08:55,15774,15774,15774,2,0
2023-03-06 16:08:55,15774,15774,15774,2,0
2023-03-06 16:08:55,15774,15774,15774,2,0
2023-03-06 16:08:55,15774,15774,15774,2,0
2023-03-06 16:08:55,15774,15774,15774,2,0
2023-03-06 16:08:56,15774,15774,15774,2,0
2023-03-06 16:08:56,15774,15774,15774,2,0
2023-03-06 16:09:01,15774,15774,15774,2,0
2023-03-06 16:09:02,15773,15773,15773,2,-2
2023-03-06 16:09:05,15773,15773,15773,2,0
2023-03-06 16:09:06,15773,15773,15773,2,0
2023-03-06 16:09:06,15773,15773,15773,4,0
2023-03-06 16:09:06,15773,15773,15773,4,0
2023-03-06 16:09:06,15773,15773,15773,2,0
2023-03-06 16:09:06,15773,15773,15773,4,0
2023-03-06 16:09:07,15773,15773,15773,2,0
2023-03-06 16:09:10,15772,15772,15772,2,-2
2023-03-06 16:09:10,15772,15772,15772,4,0
2023-03-06 16:09:10,15772,15772,15772,2,0
2023-03-06 16:09:10,15772,15772,15772,2,0
2023-03-06 16:09:10,15772,15772,15772,2,0
2023-03-06 16:09:10,15772,15772,15772,2,0
2023-03-06 16:09:10,15772,15772,15772,2,0
2023-03-06 16:09:10,15772,15772,15772,2,0
2023-03-06 16:09:12,15773,15773,15773,2,2
2023-03-06 16:09:13,15772,15772,15772,2,-2
2023-03-06 16:09:13,15773,15773,15773,2,2
2023-03-06 16:09:13,15772,15772,15772,2,-2
2023-03-06 16:09:13,15772,15772,15772,2,0
2023-03-06 16:09:13,15772,15772,15772,2,0
2023-03-06 16:09:13,15772,15772,15772,4,0
2023-03-06 16:09:15,15773,15773,15773,6,6
2023-03-06 16:09:15,15773,15773,15773,2,0
2023-03-06 16:09:18,15774,15774,15774,2,2
2023-03-06 16:09:20,15773,15773,15773,2,-2
2023-03-06 16:09:20,15773,15773,15773,2,0
2023-03-06 16:09:22,15774,15774,15774,8,8
2023-03-06 16:09:23,15775,15775,15775,2,2
2023-03-06 16:09:25,15777,15777,15777,2,2
2023-03-06 16:09:25,15777,15777,15777,2,0
2023-03-06 16:09:26,15777,15777,15777,2,0
2023-03-06 16:09:31,15777,15777,15777,2,0
2023-03-06 16:09:33,15776,15776,15776,2,-2
2023-03-06 16:09:45,15776,15776,15776,2,0
2023-03-06 16:09:49,15776,15776,15776,2,0
2023-03-06 16:09:54,15777,15777,15777,8,8
2023-03-06 16:09:54,15777,15777,15777,2,0
2023-03-06 16:09:55,15777,15777,15777,2,0
2023-03-06 16:10:02,15777,15777,15777,2,0
2023-03-06 16:10:02,15777,15777,15777,8,0
2023-03-06 16:10:02,15778,15778,15778,2,2
2023-03-06 16:10:04,15777,15777,15777,2,-2
2023-03-06 16:10:04,15777,15777,15777,4,0
2023-03-06 16:10:04,15777,15777,15777,2,0
2023-03-06 16:10:04,15777,15777,15777,2,0
2023-03-06 16:10:10,15778,15778,15778,4,4
2023-03-06 16:10:16,15778,15778,15778,2,0
2023-03-06 16:10:36,15778,15778,15778,2,0
2023-03-06 16:10:42,15778,15778,15778,2,0
2023-03-06 16:10:57,15779,15779,15779,2,2
2023-03-06 16:11:00,15778,15778,15778,2,-2
2023-03-06 16:11:23,15779,15779,15779,6,6
2023-03-06 16:11:23,15780,15780,15780,4,4
2023-03-06 16:11:24,15779,15779,15779,2,-2
2023-03-06 16:11:24,15778,15778,15778,2,-2
2023-03-06 16:11:24,15778,15778,15778,4,0
2023-03-06 16:11:24,15778,15778,15778,2,0
2023-03-06 16:11:33,15780,15780,15780,2,2
2023-03-06 16:11:34,15780,15780,15780,2,0
2023-03-06 16:11:46,15780,15780,15780,2,0
2023-03-06 16:11:46,15780,15780,15780,4,0
2023-03-06 16:11:50,15780,15780,15780,2,0
2023-03-06 16:11:50,15780,15780,15780,2,0
2023-03-06 16:11:50,15780,15780,15780,4,0
2023-03-06 16:11:56,15780,15780,15780,8,0
2023-03-06 16:12:00,15779,15779,15779,2,-2
2023-03-06 16:12:00,15779,15779,15779,2,0
2023-03-06 16:12:00,15780,15780,15780,2,2
2023-03-06 16:12:05,15779,15779,15779,2,-2
2023-03-06 16:12:06,15778,15778,15778,2,-2
2023-03-06 16:12:19,15778,15778,15778,2,0
2023-03-06 16:12:26,15779,15779,15779,2,2
2023-03-06 16:12:44,15780,15780,15780,2,2
2023-03-06 16:13:03,15778,15778,15778,2,-2
2023-03-06 16:13:03,15778,15778,15778,2,0
2023-03-06 16:13:03,15778,15778,15778,2,0
2023-03-06 16:13:03,15778,15778,15778,2,0
2023-03-06 16:13:03,15778,15778,15778,2,0
2023-03-06 16:13:03,15778,15778,15778,2,0
2023-03-06 16:13:03,15778,15778,15778,2,0
2023-03-06 16:13:03,15778,15778,15778,2,0
2023-03-06 16:13:03,15778,15778,15778,2,0
2023-03-06 16:13:03,15778,15778,15778,2,0
2023-03-06 16:13:03,15778,15778,15778,2,0
2023-03-06 16:13:03,15778,15778,15778,2,0
2023-03-06 16:13:03,15778,15778,15778,4,0
2023-03-06 16:13:03,15778,15778,15778,2,0
2023-03-06 16:13:03,15777,15777,15777,2,-2
2023-03-06 16:13:03,15777,15777,15777,2,0
2023-03-06 16:13:03,15777,15777,15777,2,0
2023-03-06 16:13:03,15777,15777,15777,2,0
2023-03-06 16:13:03,15776,15776,15776,2,-2
2023-03-06 16:13:03,15776,15776,15776,4,0
2023-03-06 16:13:03,15775,15775,15775,2,-2
2023-03-06 16:13:03,15775,15775,15775,2,0
2023-03-06 16:13:03,15775,15775,15775,2,0
2023-03-06 16:13:03,15775,15775,15775,2,0
2023-03-06 16:13:03,15775,15775,15775,2,0
2023-03-06 16:13:03,15775,15775,15775,2,0
2023-03-06 16:13:03,15775,15775,15775,2,0
2023-03-06 16:13:07,15777,15777,15777,10,10
2023-03-06 16:13:11,15778,15778,15778,2,2
2023-03-06 16:13:23,15778,15778,15778,2,0
2023-03-06 16:13:23,15778,15778,15778,2,0
2023-03-06 16:13:25,15778,15778,15778,8,0
2023-03-06 16:13:25,15777,15777,15777,2,-2
2023-03-06 16:13:25,15777,15777,15777,2,0
2023-03-06 16:13:25,15777,15777,15777,2,0
2023-03-06 16:13:25,15777,15777,15777,4,0
2023-03-06 16:13:37,15776,15776,15776,2,-2
2023-03-06 16:13:39,15775,15775,15775,2,-2
2023-03-06 16:13:41,15775,15775,15775,2,0
2023-03-06 16:13:44,15775,15775,15775,2,0
2023-03-06 16:13:44,15775,15775,15775,2,0
2023-03-06 16:13:45,15775,15775,15775,2,0
2023-03-06 16:13:48,15776,15776,15776,2,2
2023-03-06 16:13:56,15776,15776,15776,2,0
2023-03-06 16:14:03,15776,15776,15776,2,0
2023-03-06 16:14:11,15775,15775,15775,12,-12
2023-03-06 16:14:11,15775,15775,15775,4,0
2023-03-06 16:14:11,15775,15775,15775,2,0
2023-03-06 16:14:11,15775,15775,15775,2,0
2023-03-06 16:14:11,15775,15775,15775,2,0
2023-03-06 16:14:11,15775,15775,15775,4,0
2023-03-06 16:14:11,15775,15775,15775,2,0
2023-03-06 16:14:12,15775,15775,15775,2,0
2023-03-06 16:14:15,15775,15775,15775,2,0
2023-03-06 16:14:34,15775,15775,15775,2,0
2023-03-06 16:14:34,15775,15775,15775,2,0
2023-03-06 16:14:34,15775,15775,15775,2,0
2023-03-06 16:14:37,15776,15776,15776,4,4
2023-03-06 16:14:40,15776,15776,15776,2,0
2023-03-06 16:15:20,15777,15777,15777,6,6
2023-03-06 16:15:22,15776,15776,15776,2,-2
2023-03-06 16:15:22,15776,15776,15776,2,0
2023-03-06 16:15:25,15776,15776,15776,2,0
2023-03-06 16:15:29,15777,15777,15777,2,2
2023-03-06 16:16:00,15776,15776,15776,2,-2
2023-03-06 16:16:08,15776,15776,15776,2,0
2023-03-06 16:16:08,15776,15776,15776,2,0
2023-03-06 16:16:27,15775,15775,15775,2,-2
2023-03-06 16:16:28,15775,15775,15775,2,0
2023-03-06 16:16:28,15775,15775,15775,2,0
2023-03-06 16:16:28,15775,15775,15775,2,0
2023-03-06 16:16:28,15775,15775,15775,6,0
2023-03-06 16:16:28,15775,15775,15775,2,0
2023-03-06 16:16:28,15775,15775,15775,6,0
2023-03-06 16:16:28,15775,15775,15775,2,0
2023-03-06 16:16:28,15775,15775,15775,2,0
2023-03-06 16:16:59,15774,15774,15774,2,-2
2023-03-06 16:17:01,15774,15774,15774,2,0
2023-03-06 16:17:03,15773,15773,15773,2,-2
2023-03-06 16:17:03,15773,15773,15773,2,0
2023-03-06 16:17:03,15773,15773,15773,2,0
2023-03-06 16:17:08,15772,15772,15772,2,-2
2023-03-06 16:17:10,15772,15772,15772,2,0
2023-03-06 16:17:10,15772,15772,15772,2,0
2023-03-06 16:17:10,15772,15772,15772,4,0
2023-03-06 16:17:10,15772,15772,15772,2,0
2023-03-06 16:17:10,15772,15772,15772,2,0
2023-03-06 16:17:10,15772,15772,15772,2,0
2023-03-06 16:17:11,15771,15771,15771,2,-2
2023-03-06 16:17:11,15771,15771,15771,2,0
2023-03-06 16:17:16,15773,15773,15773,4,4
2023-03-06 16:17:16,15774,15774,15774,6,6
2023-03-06 16:17:18,15772,15772,15772,2,-2
2023-03-06 16:17:18,15772,15772,15772,2,0
2023-03-06 16:17:18,15772,15772,15772,2,0
2023-03-06 16:17:18,15772,15772,15772,4,0
2023-03-06 16:17:18,15772,15772,15772,2,0
2023-03-06 16:17:18,15774,15774,15774,10,10
2023-03-06 16:17:40,15773,15773,15773,2,-2
2023-03-06 16:17:40,15773,15773,15773,2,0
2023-03-06 16:17:51,15773,15773,15773,2,0
2023-03-06 16:18:00,15773,15773,15773,2,0
2023-03-06 16:18:02,15774,15774,15774,2,2
2023-03-06 16:18:02,15774,15774,15774,4,0
2023-03-06 16:18:02,15774,15774,15774,2,0
2023-03-06 16:18:20,15774,15774,15774,2,0
2023-03-06 16:18:23,15775,15775,15775,6,6
2023-03-06 16:18:24,15773,15773,15773,2,-2
2023-03-06 16:18:27,15774,15774,15774,2,2
2023-03-06 16:18:28,15774,15774,15774,2,0
2023-03-06 16:18:40,15773,15773,15773,2,-2
2023-03-06 16:18:45,15774,15774,15774,2,2
2023-03-06 16:18:56,15773,15773,15773,2,-2
2023-03-06 16:18:56,15773,15773,15773,8,0
2023-03-06 16:18:56,15773,15773,15773,2,0
2023-03-06 16:18:56,15773,15773,15773,2,0
2023-03-06 16:18:56,15773,15773,15773,2,0
2023-03-06 16:18:56,15773,15773,15773,2,0
2023-03-06 16:18:56,15773,15773,15773,2,0
2023-03-06 16:18:56,15773,15773,15773,2,0
2023-03-06 16:18:56,15773,15773,15773,2,0
2023-03-06 16:18:56,15773,15773,15773,2,0
2023-03-06 16:18:56,15773,15773,15773,2,0
2023-03-06 16:18:56,15773,15773,15773,2,0
2023-03-06 16:18:56,15773,15773,15773,2,0
2023-03-06 16:18:56,15773,15773,15773,2,0
2023-03-06 16:18:57,15773,15773,15773,2,0
2023-03-06 16:18:59,15772,15772,15772,8,-8
2023-03-06 16:19:01,15773,15773,15773,2,2
2023-03-06 16:19:03,15772,15772,15772,2,-2
2023-03-06 16:19:06,15772,15772,15772,4,0
2023-03-06 16:19:06,15772,15772,15772,2,0
2023-03-06 16:19:06,15772,15772,15772,2,0
2023-03-06 16:19:06,15772,15772,15772,2,0
2023-03-06 16:19:06,15772,15772,15772,2,0
2023-03-06 16:19:06,15772,15772,15772,2,0
2023-03-06 16:19:06,15772,15772,15772,2,0
2023-03-06 16:19:06,15772,15772,15772,2,0
2023-03-06 16:19:06,15772,15772,15772,2,0
2023-03-06 16:19:06,15771,15771,15771,2,-2
2023-03-06 16:19:06,15771,15771,15771,2,0
2023-03-06 16:19:06,15771,15771,15771,2,0
2023-03-06 16:19:07,15771,15771,15771,2,0
2023-03-06 16:19:07,15771,15771,15771,2,0
2023-03-06 16:19:07,15771,15771,15771,2,0
2023-03-06 16:19:07,15771,15771,15771,2,0
2023-03-06 16:19:07,15771,15771,15771,2,0
2023-03-06 16:19:07,15771,15771,15771,2,0
2023-03-06 16:19:07,15771,15771,15771,2,0
2023-03-06 16:19:07,15771,15771,15771,2,0
2023-03-06 16:19:20,15771,15771,15771,2,0
2023-03-06 16:19:29,15771,15771,15771,4,0
2023-03-06 16:19:32,15771,15771,15771,2,0
2023-03-06 16:19:39,15772,15772,15772,2,2
2023-03-06 16:19:39,15772,15772,15772,2,0
2023-03-06 16:19:39,15772,15772,15772,2,0
2023-03-06 16:19:39,15772,15772,15772,8,0
2023-03-06 16:19:39,15772,15772,15772,2,0
2023-03-06 16:19:39,15772,15772,15772,2,0
2023-03-06 16:19:39,15772,15772,15772,4,0
2023-03-06 16:19:39,15772,15772,15772,2,0
2023-03-06 16:19:39,15772,15772,15772,2,0
2023-03-06 16:19:39,15772,15772,15772,2,0
2023-03-06 16:19:39,15772,15772,15772,4,0
2023-03-06 16:19:44,15772,15772,15772,2,0
2023-03-06 16:19:44,15772,15772,15772,4,0
2023-03-06 16:19:49,15772,15772,15772,2,0
2023-03-06 16:19:53,15773,15773,15773,2,2
2023-03-06 16:19:53,15773,15773,15773,22,0
2023-03-06 16:19:54,15773,15773,15773,2,0
2023-03-06 16:19:54,15773,15773,15773,4,0
2023-03-06 16:19:57,15773,15773,15773,2,0
2023-03-06 16:20:00,15774,15774,15774,2,2
2023-03-06 16:20:00,15774,15774,15774,4,0
2023-03-06 16:20:00,15773,15773,15773,2,-2
2023-03-06 16:20:00,15773,15773,15773,2,0
2023-03-06 16:20:00,15773,15773,15773,2,0
2023-03-06 16:20:05,15773,15773,15773,2,0
2023-03-06 16:20:10,15773,15773,15773,4,0
2023-03-06 16:20:10,15773,15773,15773,2,0
2023-03-06 16:20:12,15773,15773,15773,2,0
2023-03-06 16:20:12,15773,15773,15773,4,0
2023-03-06 16:20:12,15773,15773,15773,4,0
2023-03-06 16:20:12,15773,15773,15773,4,0
2023-03-06 16:20:19,15774,15774,15774,2,2
2023-03-06 16:20:19,15774,15774,15774,2,0
2023-03-06 16:20:24,15775,15775,15775,2,2
2023-03-06 16:20:27,15774,15774,15774,2,-2
2023-03-06 16:20:27,15774,15774,15774,4,0
2023-03-06 16:20:28,15775,15775,15775,2,2
2023-03-06 16:20:34,15774,15774,15774,2,-2
2023-03-06 16:20:34,15774,15774,15774,2,0
2023-03-06 16:20:37,15774,15774,15774,6,0
2023-03-06 16:20:37,15773,15773,15773,2,-2
2023-03-06 16:20:37,15773,15773,15773,2,0
2023-03-06 16:20:37,15773,15773,15773,2,0
2023-03-06 16:20:38,15774,15774,15774,2,2
2023-03-06 16:20:45,15774,15774,15774,8,0
2023-03-06 16:20:52,15773,15773,15773,2,-2
2023-03-06 16:21:33,15774,15774,15774,2,2
2023-03-06 16:21:33,15774,15774,15774,4,0
2023-03-06 16:21:33,15774,15774,15774,2,0
2023-03-06 16:21:33,15774,15774,15774,4,0
2023-03-06 16:21:33,15774,15774,15774,2,0
2023-03-06 16:21:35,15775,15775,15775,10,10
2023-03-06 16:21:40,15775,15775,15775,2,0
2023-03-06 16:21:40,15776,15776,15776,8,8
2023-03-06 16:21:40,15777,15777,15777,2,2
2023-03-06 16:21:42,15776,15776,15776,2,-2
2023-03-06 16:21:52,15775,15775,15775,2,-2
2023-03-06 16:21:52,15775,15775,15775,2,0
2023-03-06 16:22:11,15775,15775,15775,2,0
2023-03-06 16:22:16,15775,15775,15775,2,0
2023-03-06 16:22:52,15775,15775,15775,2,0
2023-03-06 16:22:52,15775,15775,15775,2,0
2023-03-06 16:22:52,15775,15775,15775,2,0
2023-03-06 16:22:52,15775,15775,15775,2,0
2023-03-06 16:23:22,15776,15776,15776,2,2
2023-03-06 16:23:22,15776,15776,15776,2,0
2023-03-06 16:23:37,15776,15776,15776,2,0
2023-03-06 16:23:56,15776,15776,15776,2,0
2023-03-06 16:23:57,15776,15776,15776,6,0
2023-03-06 16:23:57,15776,15776,15776,2,0
2023-03-06 16:24:10,15776,15776,15776,2,0
2023-03-06 16:24:11,15776,15776,15776,2,0
2023-03-06 16:24:11,15776,15776,15776,2,0
2023-03-06 16:24:31,15777,15777,15777,2,2
2023-03-06 16:24:31,15777,15777,15777,2,0
2023-03-06 16:24:31,15777,15777,15777,6,0
2023-03-06 16:24:31,15777,15777,15777,4,0
2023-03-06 16:24:47,15777,15777,15777,2,0
2023-03-06 16:24:49,15777,15777,15777,4,0
2023-03-06 16:24:51,15777,15777,15777,2,0
2023-03-06 16:25:24,15777,15777,15777,2,0
2023-03-06 16:25:31,15776,15776,15776,4,-4
2023-03-06 16:25:31,15776,15776,15776,2,0
2023-03-06 16:25:31,15776,15776,15776,2,0
2023-03-06 16:25:31,15776,15776,15776,2,0
2023-03-06 16:25:44,15776,15776,15776,2,0
2023-03-06 16:26:08,15776,15776,15776,2,0
2023-03-06 16:26:29,15776,15776,15776,12,0
2023-03-06 16:26:29,15776,15776,15776,2,0
2023-03-06 16:26:42,15776,15776,15776,2,0
2023-03-06 16:26:43,15776,15776,15776,4,0
2023-03-06 16:26:53,15776,15776,15776,2,0
2023-03-06 16:27:01,15776,15776,15776,2,0
2023-03-06 16:27:11,15776,15776,15776,2,0
2023-03-06 16:27:29,15776,15776,15776,14,0
2023-03-06 16:27:29,15776,15776,15776,2,0
2023-03-06 16:27:29,15776,15776,15776,4,0
2023-03-06 16:27:40,15776,15776,15776,2,0
2023-03-06 16:27:40,15776,15776,15776,2,0
2023-03-06 16:27:40,15776,15776,15776,2,0
2023-03-06 16:28:04,15775,15775,15775,4,-4
2023-03-06 16:28:04,15775,15775,15775,2,0
2023-03-06 16:28:04,15775,15775,15775,2,0
2023-03-06 16:28:04,15775,15775,15775,4,0
2023-03-06 16:28:04,15775,15775,15775,2,0
2023-03-06 16:28:04,15775,15775,15775,2,0
2023-03-06 16:28:04,15775,15775,15775,2,0
2023-03-06 16:28:04,15775,15775,15775,6,0
2023-03-06 16:28:04,15775,15775,15775,2,0
2023-03-06 16:28:04,15775,15775,15775,2,0
2023-03-06 16:28:04,15775,15775,15775,2,0
2023-03-06 16:28:18,15775,15775,15775,2,0
2023-03-06 16:28:26,15775,15775,15775,2,0
2023-03-06 16:28:38,15774,15774,15774,2,-2
2023-03-06 16:28:38,15775,15775,15775,2,2
2023-03-06 16:28:46,15775,15775,15775,2,0
2023-03-06 16:28:46,15775,15775,15775,2,0
2023-03-06 16:28:46,15775,15775,15775,2,0
2023-03-06 16:28:46,15775,15775,15775,2,0
2023-03-06 16:28:49,15775,15775,15775,2,0
2023-03-06 16:28:59,15775,15775,15775,2,0
2023-03-06 16:29:12,15774,15774,15774,2,-2
2023-03-06 16:29:26,15775,15775,15775,2,2
2023-03-06 16:29:26,15775,15775,15775,8,0
2023-03-06 16:29:30,15775,15775,15775,2,0
2023-03-06 16:29:30,15775,15775,15775,2,0
2023-03-06 16:29:46,15775,15775,15775,2,0
2023-03-06 16:30:03,15774,15774,15774,2,-2
2023-03-06 16:30:03,15774,15774,15774,6,0
2023-03-06 16:30:03,15774,15774,15774,2,0
2023-03-06 16:30:03,15774,15774,15774,2,0
2023-03-06 16:30:03,15774,15774,15774,2,0
2023-03-06 16:30:03,15774,15774,15774,2,0
2023-03-06 16:30:03,15774,15774,15774,4,0
2023-03-06 16:30:03,15774,15774,15774,4,0
2023-03-06 16:30:03,15774,15774,15774,4,0
2023-03-06 16:30:03,15774,15774,15774,2,0
2023-03-06 16:30:03,15773,15773,15773,2,-2
2023-03-06 16:30:03,15775,15775,15775,2,2
2023-03-06 16:30:06,15774,15774,15774,2,-2
2023-03-06 16:30:06,15773,15773,15773,2,-2
2023-03-06 16:30:11,15773,15773,15773,2,0
2023-03-06 16:30:17,15772,15772,15772,2,-2
2023-03-06 16:30:18,15773,15773,15773,2,2
2023-03-06 16:30:18,15773,15773,15773,2,0
2023-03-06 16:30:23,15773,15773,15773,2,0
2023-03-06 16:30:28,15773,15773,15773,2,0
2023-03-06 16:30:32,15773,15773,15773,2,0
2023-03-06 16:30:33,15773,15773,15773,2,0
2023-03-06 16:30:35,15772,15772,15772,2,-2
2023-03-06 16:30:35,15772,15772,15772,2,0
2023-03-06 16:30:35,15772,15772,15772,2,0
2023-03-06 16:30:35,15772,15772,15772,2,0
2023-03-06 16:30:35,15772,15772,15772,2,0
2023-03-06 16:30:35,15772,15772,15772,2,0
2023-03-06 16:30:35,15772,15772,15772,2,0
2023-03-06 16:30:35,15772,15772,15772,2,0
2023-03-06 16:30:38,15771,15771,15771,2,-2
2023-03-06 16:30:39,15772,15772,15772,2,2
2023-03-06 16:30:40,15771,15771,15771,2,-2
2023-03-06 16:30:40,15771,15771,15771,4,0
2023-03-06 16:30:40,15771,15771,15771,2,0
2023-03-06 16:30:40,15771,15771,15771,2,0
2023-03-06 16:30:45,15771,15771,15771,10,0
2023-03-06 16:30:50,15771,15771,15771,2,0
2023-03-06 16:30:50,15771,15771,15771,2,0
2023-03-06 16:30:50,15771,15771,15771,2,0
2023-03-06 16:30:50,15771,15771,15771,2,0
2023-03-06 16:30:50,15771,15771,15771,2,0
2023-03-06 16:30:50,15770,15770,15770,6,-6
2023-03-06 16:30:50,15770,15770,15770,2,0
2023-03-06 16:30:53,15770,15770,15770,4,0
2023-03-06 16:31:00,15770,15770,15770,4,0
2023-03-06 16:31:00,15770,15770,15770,4,0
2023-03-06 16:31:00,15771,15771,15771,4,4
2023-03-06 16:31:01,15770,15770,15770,2,-2
2023-03-06 16:31:01,15770,15770,15770,2,0
2023-03-06 16:31:01,15770,15770,15770,2,0
2023-03-06 16:31:01,15770,15770,15770,2,0
2023-03-06 16:31:01,15770,15770,15770,2,0
2023-03-06 16:31:03,15771,15771,15771,6,6
2023-03-06 16:31:05,15770,15770,15770,12,-12
2023-03-06 16:31:05,15770,15770,15770,6,0
2023-03-06 16:31:07,15770,15770,15770,2,0
2023-03-06 16:31:09,15770,15770,15770,2,0
2023-03-06 16:31:11,15770,15770,15770,2,0
2023-03-06 16:31:13,15770,15770,15770,2,0
2023-03-06 16:31:15,15770,15770,15770,4,0
2023-03-06 16:31:17,15771,15771,15771,2,2
2023-03-06 16:31:17,15771,15771,15771,2,0
2023-03-06 16:31:17,15771,15771,15771,2,0
2023-03-06 16:31:18,15771,15771,15771,2,0
2023-03-06 16:31:18,15771,15771,15771,2,0
2023-03-06 16:31:18,15771,15771,15771,2,0
2023-03-06 16:31:18,15771,15771,15771,2,0
2023-03-06 16:31:23,15772,15772,15772,2,2
2023-03-06 16:31:23,15772,15772,15772,2,0
2023-03-06 16:31:23,15772,15772,15772,2,0
2023-03-06 16:31:23,15772,15772,15772,2,0
2023-03-06 16:31:23,15772,15772,15772,2,0
2023-03-06 16:31:41,15772,15772,15772,2,0
2023-03-06 16:31:41,15772,15772,15772,2,0
2023-03-06 16:31:52,15771,15771,15771,2,-2
2023-03-06 16:31:54,15772,15772,15772,4,4
2023-03-06 16:31:54,15771,15771,15771,2,-2
2023-03-06 16:31:55,15772,15772,15772,4,4
2023-03-06 16:31:56,15772,15772,15772,2,0
2023-03-06 16:31:57,15772,15772,15772,2,0
2023-03-06 16:31:57,15772,15772,15772,2,0
2023-03-06 16:32:07,15774,15774,15774,2,2
2023-03-06 16:32:08,15773,15773,15773,2,-2
2023-03-06 16:32:08,15773,15773,15773,2,0
2023-03-06 16:32:20,15775,15775,15775,2,2
2023-03-06 16:32:20,15775,15775,15775,2,0
2023-03-06 16:32:28,15775,15775,15775,2,0
2023-03-06 16:32:28,15775,15775,15775,4,0
2023-03-06 16:32:28,15775,15775,15775,2,0
2023-03-06 16:32:28,15775,15775,15775,8,0
2023-03-06 16:32:28,15775,15775,15775,8,0
2023-03-06 16:32:28,15775,15775,15775,2,0
2023-03-06 16:32:31,15775,15775,15775,2,0
2023-03-06 16:32:32,15775,15775,15775,6,0
2023-03-06 16:32:36,15774,15774,15774,2,-2
2023-03-06 16:32:36,15774,15774,15774,2,0
2023-03-06 16:32:48,15772,15772,15772,2,-2
2023-03-06 16:32:54,15772,15772,15772,2,0
2023-03-06 16:32:54,15773,15773,15773,2,2
2023-03-06 16:33:04,15772,15772,15772,2,-2
2023-03-06 16:33:04,15772,15772,15772,2,0
2023-03-06 16:33:04,15771,15771,15771,4,-4
2023-03-06 16:33:04,15771,15771,15771,2,0
2023-03-06 16:33:04,15771,15771,15771,2,0
2023-03-06 16:33:04,15770,15770,15770,2,-2
2023-03-06 16:33:04,15770,15770,15770,2,0
2023-03-06 16:33:04,15770,15770,15770,2,0
2023-03-06 16:33:04,15770,15770,15770,2,0
2023-03-06 16:33:05,15770,15770,15770,2,0
2023-03-06 16:33:07,15771,15771,15771,2,2
2023-03-06 16:33:10,15770,15770,15770,2,-2
2023-03-06 16:33:21,15771,15771,15771,2,2
2023-03-06 16:33:23,15771,15771,15771,2,0
2023-03-06 16:33:23,15770,15770,15770,2,-2
2023-03-06 16:33:23,15770,15770,15770,2,0
2023-03-06 16:33:23,15770,15770,15770,4,0
2023-03-06 16:33:26,15771,15771,15771,2,2
2023-03-06 16:33:41,15771,15771,15771,4,0
2023-03-06 16:33:43,15771,15771,15771,2,0
2023-03-06 16:33:45,15771,15771,15771,4,0
2023-03-06 16:33:51,15771,15771,15771,2,0
2023-03-06 16:33:56,15772,15772,15772,2,2
2023-03-06 16:33:56,15772,15772,15772,2,0
2023-03-06 16:33:56,15772,15772,15772,2,0
2023-03-06 16:34:06,15773,15773,15773,12,12
2023-03-06 16:34:33,15773,15773,15773,2,0
2023-03-06 16:34:35,15773,15773,15773,2,0
2023-03-06 16:34:46,15773,15773,15773,8,0
2023-03-06 16:34:46,15773,15773,15773,2,0
2023-03-06 16:34:53,15774,15774,15774,2,2
2023-03-06 16:34:53,15774,15774,15774,10,0
2023-03-06 16:35:00,15773,15773,15773,2,-2
2023-03-06 16:35:00,15773,15773,15773,2,0
2023-03-06 16:35:00,15773,15773,15773,2,0
2023-03-06 16:35:00,15773,15773,15773,2,0
2023-03-06 16:35:00,15773,15773,15773,2,0
2023-03-06 16:35:00,15773,15773,15773,2,0
2023-03-06 16:35:00,15773,15773,15773,2,0
2023-03-06 16:35:00,15773,15773,15773,2,0
2023-03-06 16:35:00,15773,15773,15773,2,0
2023-03-06 16:35:00,15773,15773,15773,2,0
2023-03-06 16:35:00,15773,15773,15773,2,0
2023-03-06 16:35:00,15773,15773,15773,2,0
2023-03-06 16:35:27,15774,15774,15774,2,2
2023-03-06 16:35:34,15774,15774,15774,2,0
2023-03-06 16:35:40,15774,15774,15774,8,0
2023-03-06 16:36:11,15775,15775,15775,4,4
2023-03-06 16:36:11,15775,15775,15775,2,0
2023-03-06 16:36:18,15775,15775,15775,2,0
2023-03-06 16:36:19,15775,15775,15775,2,0
2023-03-06 16:36:22,15775,15775,15775,2,0
2023-03-06 16:36:25,15775,15775,15775,2,0
2023-03-06 16:36:27,15775,15775,15775,2,0
2023-03-06 16:36:52,15774,15774,15774,4,-4
2023-03-06 16:36:52,15774,15774,15774,4,0
2023-03-06 16:37:00,15774,15774,15774,2,0
2023-03-06 16:37:00,15774,15774,15774,2,0
2023-03-06 16:37:00,15774,15774,15774,2,0
2023-03-06 16:37:04,15775,15775,15775,2,2
2023-03-06 16:37:05,15775,15775,15775,2,0
2023-03-06 16:37:14,15775,15775,15775,2,0
2023-03-06 16:37:15,15775,15775,15775,2,0
2023-03-06 16:37:19,15774,15774,15774,2,-2
2023-03-06 16:37:19,15774,15774,15774,4,0
2023-03-06 16:37:22,15774,15774,15774,2,0
2023-03-06 16:37:22,15774,15774,15774,2,0
2023-03-06 16:37:27,15775,15775,15775,2,2
2023-03-06 16:37:37,15774,15774,15774,2,-2
2023-03-06 16:37:37,15774,15774,15774,2,0
2023-03-06 16:37:37,15774,15774,15774,2,0
2023-03-06 16:38:00,15773,15773,15773,2,-2
2023-03-06 16:38:04,15774,15774,15774,2,2
2023-03-06 16:38:14,15775,15775,15775,6,6
2023-03-06 16:38:36,15776,15776,15776,28,28
2023-03-06 16:39:18,15776,15776,15776,4,0
2023-03-06 16:39:18,15776,15776,15776,2,0
2023-03-06 16:39:18,15776,15776,15776,2,0
2023-03-06 16:39:18,15776,15776,15776,2,0
2023-03-06 16:39:35,15776,15776,15776,6,0
2023-03-06 16:39:54,15776,15776,15776,2,0
2023-03-06 16:39:54,15776,15776,15776,4,0
2023-03-06 16:39:54,15776,15776,15776,2,0
2023-03-06 16:39:55,15776,15776,15776,2,0
2023-03-06 16:39:56,15777,15777,15777,6,6
2023-03-06 16:40:19,15776,15776,15776,2,-2
2023-03-06 16:40:20,15776,15776,15776,2,0
2023-03-06 16:40:23,15776,15776,15776,2,0
2023-03-06 16:40:23,15777,15777,15777,4,4
2023-03-06 16:40:33,15777,15777,15777,2,0
2023-03-06 16:40:39,15777,15777,15777,2,0
2023-03-06 16:40:39,15778,15778,15778,4,4
2023-03-06 16:40:39,15778,15778,15778,2,0
2023-03-06 16:40:47,15778,15778,15778,2,0
2023-03-06 16:40:48,15778,15778,15778,4,0
2023-03-06 16:40:53,15778,15778,15778,8,0
2023-03-06 16:41:06,15777,15777,15777,2,-2
2023-03-06 16:41:06,15777,15777,15777,2,0
2023-03-06 16:41:06,15777,15777,15777,2,0
2023-03-06 16:41:06,15777,15777,15777,2,0
2023-03-06 16:41:07,15778,15778,15778,6,6
2023-03-06 16:41:25,15777,15777,15777,4,-4
2023-03-06 16:41:25,15778,15778,15778,8,8
2023-03-06 16:41:26,15777,15777,15777,2,-2
2023-03-06 16:41:26,15777,15777,15777,2,0
2023-03-06 16:41:26,15777,15777,15777,2,0
2023-03-06 16:42:03,15778,15778,15778,2,2
2023-03-06 16:42:03,15777,15777,15777,2,-2
2023-03-06 16:42:04,15777,15777,15777,2,0
2023-03-06 16:42:04,15777,15777,15777,2,0
2023-03-06 16:42:10,15777,15777,15777,2,0
2023-03-06 16:42:32,15777,15777,15777,2,0
2023-03-06 16:42:34,15777,15777,15777,2,0
2023-03-06 16:43:06,15777,15777,15777,2,0
2023-03-06 16:43:06,15777,15777,15777,2,0
2023-03-06 16:43:06,15776,15776,15776,2,-2
2023-03-06 16:43:32,15778,15778,15778,4,4
2023-03-06 16:44:15,15777,15777,15777,2,-2
2023-03-06 16:44:39,15776,15776,15776,2,-2
2023-03-06 16:44:39,15776,15776,15776,2,0
2023-03-06 16:44:39,15776,15776,15776,2,0
2023-03-06 16:44:43,15776,15776,15776,2,0
2023-03-06 16:45:13,15776,15776,15776,2,0
2023-03-06 16:45:13,15776,15776,15776,2,0
2023-03-06 16:45:13,15776,15776,15776,2,0
2023-03-06 16:45:13,15776,15776,15776,2,0
2023-03-06 16:45:22,15777,15777,15777,2,2
2023-03-06 16:45:25,15777,15777,15777,2,0
2023-03-06 16:45:27,15777,15777,15777,2,0
2023-03-06 16:45:34,15777,15777,15777,2,0
2023-03-06 16:45:44,15777,15777,15777,2,0
2023-03-06 16:45:44,15777,15777,15777,2,0
2023-03-06 16:45:46,15777,15777,15777,2,0
2023-03-06 16:46:01,15778,15778,15778,2,2
2023-03-06 16:46:20,15778,15778,15778,2,0
2023-03-06 16:46:20,15778,15778,15778,4,0
2023-03-06 16:46:30,15779,15779,15779,2,2
2023-03-06 16:46:36,15779,15779,15779,6,0
2023-03-06 16:46:36,15779,15779,15779,2,0
2023-03-06 16:46:36,15779,15779,15779,4,0
2023-03-06 16:46:36,15779,15779,15779,2,0
2023-03-06 16:46:36,15779,15779,15779,8,0
2023-03-06 16:46:42,15780,15780,15780,2,2
2023-03-06 16:46:45,15780,15780,15780,6,0
2023-03-06 16:46:52,15780,15780,15780,10,0
2023-03-06 16:46:53,15780,15780,15780,2,0
2023-03-06 16:46:57,15780,15780,15780,2,0
2023-03-06 16:47:02,15780,15780,15780,2,0
2023-03-06 16:47:04,15780,15780,15780,2,0
2023-03-06 16:47:04,15780,15780,15780,2,0
2023-03-06 16:47:13,15781,15781,15781,4,4
2023-03-06 16:47:13,15781,15781,15781,2,0
2023-03-06 16:47:16,15780,15780,15780,6,-6
2023-03-06 16:47:38,15781,15781,15781,2,2
2023-03-06 16:47:58,15781,15781,15781,2,0
2023-03-06 16:48:01,15780,15780,15780,4,-4
2023-03-06 16:48:04,15781,15781,15781,4,4
2023-03-06 16:48:04,15781,15781,15781,2,0
2023-03-06 16:48:04,15781,15781,15781,2,0
2023-03-06 16:48:04,15781,15781,15781,8,0
2023-03-06 16:48:05,15780,15780,15780,2,-2
2023-03-06 16:48:10,15781,15781,15781,2,2
2023-03-06 16:48:28,15781,15781,15781,2,0
2023-03-06 16:49:08,15781,15781,15781,2,0
2023-03-06 16:49:10,15782,15782,15782,20,20
2023-03-06 16:49:10,15782,15782,15782,4,0
2023-03-06 16:49:10,15782,15782,15782,2,0
2023-03-06 16:49:12,15783,15783,15783,2,2
2023-03-06 16:49:12,15782,15782,15782,2,-2
2023-03-06 16:49:17,15783,15783,15783,2,2
2023-03-06 16:49:25,15783,15783,15783,2,0
2023-03-06 16:49:27,15783,15783,15783,2,0
2023-03-06 16:49:34,15783,15783,15783,10,0
2023-03-06 16:49:35,15783,15783,15783,4,0
2023-03-06 16:49:35,15783,15783,15783,2,0
2023-03-06 16:49:39,15783,15783,15783,4,0
2023-03-06 16:49:46,15784,15784,15784,2,2
2023-03-06 16:49:49,15783,15783,15783,2,-2
2023-03-06 16:50:05,15784,15784,15784,2,2
2023-03-06 16:50:05,15784,15784,15784,2,0
2023-03-06 16:50:05,15784,15784,15784,2,0
2023-03-06 16:50:05,15784,15784,15784,14,0
