2020-04-17,15:00:00.081000,10541,10542,10538,86
2020-04-17,15:00:00.082000,10538,10539,10539,1
2020-04-17,15:00:00.205000,10538,10539,10538,5
2020-04-17,15:00:00.223000,10538,10539,10538,3
2020-04-17,15:00:00.262000,10538,10539,10539,1
2020-04-17,15:00:00.290000,10538,10539,10539,1
2020-04-17,15:00:00.306000,10538,10540,10540,1
2020-04-17,15:00:00.311000,10538,10540,10540,1
2020-04-17,15:00:00.331000,10538,10540,10540,1
2020-04-17,15:00:00.332000,10538,10540,10540,11
2020-04-17,15:00:00.332000,10538,10540,10541,4
2020-04-17,15:00:00.344000,10538,10540,10541,3
2020-04-17,15:00:00.344000,10538,10540,10542,3
2020-04-17,15:00:00.357000,10538,10540,10542,1
2020-04-17,15:00:00.389000,10538,10540,10542,1
2020-04-17,15:00:00.405000,10538,10540,10541,1
2020-04-17,15:00:00.414000,10538,10540,10540,1
2020-04-17,15:00:00.524000,10539,10540,10538,8
2020-04-17,15:00:00.632000,10537,10540,10540,1
2020-04-17,15:00:00.651000,10537,10540,10540,1
2020-04-17,15:00:00.683000,10537,10540,10540,1
2020-04-17,15:00:00.742000,10537,10540,10541,1
2020-04-17,15:00:00.742000,10537,10540,10542,2
2020-04-17,15:00:00.769000,10537,10540,10542,1
2020-04-17,15:00:00.777000,10537,10540,10542,1
2020-04-17,15:00:00.935000,10539,10542,10542,1
2020-04-17,15:00:01.116000,10539,10543,10542,1
2020-04-17,15:00:01.116000,10539,10543,10543,1
2020-04-17,15:00:01.184000,10539,10544,10539,2
2020-04-17,15:00:01.198000,10539,10544,10538,1
2020-04-17,15:00:01.222000,10539,10544,10539,1
2020-04-17,15:00:01.246000,10539,10544,10538,1
2020-04-17,15:00:01.312000,10538,10543,10538,1
2020-04-17,15:00:01.342000,10538,10543,10539,1
2020-04-17,15:00:01.379000,10538,10543,10542,1
2020-04-17,15:00:01.379000,10538,10543,10543,2
2020-04-17,15:00:01.379000,10538,10543,10543,1
2020-04-17,15:00:01.423000,10538,10543,10539,2
2020-04-17,15:00:01.480000,10537,10543,10543,1
2020-04-17,15:00:01.480000,10537,10543,10544,1
2020-04-17,15:00:01.579000,10540,10542,10542,2
2020-04-17,15:00:01.582000,10540,10542,10544,2
2020-04-17,15:00:01.682000,10540,10544,10544,1
2020-04-17,15:00:01.683000,10540,10544,10544,2
2020-04-17,15:00:01.749000,10540,10544,10544,1
2020-04-17,15:00:02.081000,10542,10544,10544,1
2020-04-17,15:00:02.145000,10542,10544,10544,1
2020-04-17,15:00:02.182000,10542,10544,10544,1
2020-04-17,15:00:02.183000,10542,10544,10544,1
2020-04-17,15:00:02.284000,10542,10544,10544,1
2020-04-17,15:00:02.284000,10542,10544,10545,1
2020-04-17,15:00:02.305000,10543,10545,10544,4
2020-04-17,15:00:02.736000,10543,10544,10542,1
2020-04-17,15:00:02.740000,10543,10544,10543,1
2020-04-17,15:00:02.784000,10543,10544,10542,2
2020-04-17,15:00:03.087000,10541,10543,10541,3
2020-04-17,15:00:03.299000,10541,10543,10541,1
2020-04-17,15:00:03.301000,10541,10543,10542,1
2020-04-17,15:00:03.397000,10541,10543,10541,3
2020-04-17,15:00:03.482000,10540,10543,10541,1
2020-04-17,15:00:03.482000,10540,10543,10540,1
2020-04-17,15:00:03.592000,10540,10543,10543,3
2020-04-17,15:00:03.628000,10540,10543,10543,3
2020-04-17,15:00:03.633000,10540,10543,10542,1
2020-04-17,15:00:04.237000,10542,10543,10543,1
2020-04-17,15:00:04.304000,10542,10543,10543,1
2020-04-17,15:00:04.541000,10542,10544,10542,1
2020-04-17,15:00:04.572000,10542,10543,10542,1
2020-04-17,15:00:04.572000,10542,10543,10541,4
2020-04-17,15:00:04.659000,10542,10543,10542,2
2020-04-17,15:00:05.069000,10541,10542,10540,1
2020-04-17,15:00:05.171000,10541,10542,10540,1
2020-04-17,15:00:05.400000,10540,10542,10540,1
2020-04-17,15:00:05.448000,10539,10542,10540,2
2020-04-17,15:00:05.460000,10539,10542,10540,2
2020-04-17,15:00:05.802000,10540,10541,10541,1
2020-04-17,15:00:06.120000,10540,10541,10540,1
2020-04-17,15:00:06.178000,10539,10541,10541,1
2020-04-17,15:00:06.311000,10539,10541,10541,2
2020-04-17,15:00:06.542000,10539,10541,10541,1
2020-04-17,15:00:07.325000,10539,10541,10541,1
2020-04-17,15:00:07.651000,10539,10541,10542,1
2020-04-17,15:00:07.912000,10540,10542,10541,3
2020-04-17,15:00:08.300000,10541,10542,10542,1
2020-04-17,15:00:09.705000,10541,10542,10542,2
2020-04-17,15:00:09.706000,10541,10542,10543,1
2020-04-17,15:00:10.105000,10542,10543,10542,2
2020-04-17,15:00:10.113000,10542,10543,10543,1
2020-04-17,15:00:10.256000,10543,10544,10543,1
2020-04-17,15:00:10.408000,10543,10544,10544,1
2020-04-17,15:00:11.092000,10543,10544,10543,1
2020-04-17,15:00:11.291000,10543,10544,10543,1
2020-04-17,15:00:13.397000,10544,10545,10544,2
2020-04-17,15:00:13.717000,10544,10545,10545,15
2020-04-17,15:00:13.804000,10544,10545,10545,7
2020-04-17,15:00:13.929000,10545,10546,10546,14
2020-04-17,15:00:14.634000,10546,10547,10547,7
2020-04-17,15:00:15,10547,10548,10548,6
2020-04-17,15:00:15.221000,10548,10549,10549,1
2020-04-17,15:00:15.565000,10548,10549,10549,1
2020-04-17,15:00:15.565000,10548,10549,10550,1
2020-04-17,15:00:15.611000,10548,10549,10549,1
2020-04-17,15:00:15.719000,10548,10550,10549,1
2020-04-17,15:00:15.978000,10548,10550,10550,1
2020-04-17,15:00:16.118000,10548,10550,10548,4
2020-04-17,15:00:16.118000,10548,10550,10547,1
2020-04-17,15:00:16.263000,10547,10549,10549,1
2020-04-17,15:00:16.527000,10547,10549,10549,1
2020-04-17,15:00:16.532000,10547,10549,10547,4
2020-04-17,15:00:16.532000,10547,10549,10546,4
2020-04-17,15:00:16.532000,10547,10549,10545,2
2020-04-17,15:00:16.732000,10546,10547,10546,1
2020-04-17,15:00:17.132000,10545,10547,10546,1
2020-04-17,15:00:17.782000,10545,10547,10547,1
2020-04-17,15:00:18.905000,10545,10546,10546,2
2020-04-17,15:00:19.205000,10545,10546,10546,1
2020-04-17,15:00:19.877000,10545,10546,10545,1
2020-04-17,15:00:19.953000,10545,10546,10546,2
2020-04-17,15:00:21.084000,10545,10546,10545,1
2020-04-17,15:00:21.177000,10545,10546,10546,1
2020-04-17,15:00:21.429000,10545,10546,10545,1
2020-04-17,15:00:22.179000,10544,10545,10544,2
2020-04-17,15:00:22.245000,10544,10545,10543,2
2020-04-17,15:00:25.875000,10543,10544,10544,1
2020-04-17,15:00:26.546000,10543,10544,10543,2
2020-04-17,15:00:28.667000,10543,10544,10543,10
2020-04-17,15:00:28.668000,10543,10544,10543,1
2020-04-17,15:00:30.143000,10542,10543,10543,1
2020-04-17,15:00:30.510000,10542,10544,10543,1
2020-04-17,15:00:30.527000,10542,10544,10544,1
2020-04-17,15:00:30.780000,10542,10544,10542,1
2020-04-17,15:00:31.423000,10542,10543,10543,1
2020-04-17,15:00:31.986000,10542,10544,10542,1
2020-04-17,15:00:32.246000,10542,10544,10542,1
2020-04-17,15:00:32.246000,10542,10544,10542,1
2020-04-17,15:00:33.044000,10542,10543,10543,1
2020-04-17,15:00:33.881000,10542,10543,10542,1
2020-04-17,15:00:34.429000,10542,10543,10542,1
2020-04-17,15:00:34.508000,10542,10543,10541,1
2020-04-17,15:00:34.715000,10541,10543,10543,1
2020-04-17,15:00:35.293000,10541,10543,10543,2
2020-04-17,15:00:35.358000,10541,10543,10541,1
2020-04-17,15:00:35.499000,10541,10543,10542,2
2020-04-17,15:00:35.890000,10541,10543,10542,1
2020-04-17,15:00:36.820000,10541,10543,10542,1
2020-04-17,15:00:37.334000,10541,10543,10542,1
2020-04-17,15:00:39.149000,10541,10542,10542,1
2020-04-17,15:00:39.251000,10541,10543,10541,7
2020-04-17,15:00:39.327000,10541,10543,10543,1
2020-04-17,15:00:39.575000,10541,10543,10541,3
2020-04-17,15:00:41.272000,10541,10542,10542,1
2020-04-17,15:00:42.611000,10541,10542,10541,1
2020-04-17,15:00:42.612000,10541,10542,10541,3
2020-04-17,15:00:43.868000,10540,10541,10541,3
2020-04-17,15:00:44.150000,10541,10542,10541,2
2020-04-17,15:00:44.611000,10541,10542,10541,1
2020-04-17,15:00:44.679000,10541,10542,10542,1
2020-04-17,15:00:46.660000,10541,10542,10541,2
2020-04-17,15:00:46.979000,10541,10542,10542,2
2020-04-17,15:00:47.402000,10541,10542,10541,1
2020-04-17,15:00:47.733000,10541,10542,10541,3
2020-04-17,15:00:47.868000,10541,10542,10542,1
2020-04-17,15:00:48.180000,10541,10542,10542,1
2020-04-17,15:00:48.767000,10541,10542,10542,1
2020-04-17,15:00:48.804000,10541,10542,10542,2
2020-04-17,15:00:49.772000,10541,10542,10542,1
2020-04-17,15:00:50.179000,10541,10542,10542,1
2020-04-17,15:00:50.429000,10542,10543,10543,4
2020-04-17,15:00:51.805000,10542,10544,10542,1
2020-04-17,15:00:54.403000,10542,10544,10542,10
2020-04-17,15:00:54.606000,10541,10543,10541,1
2020-04-17,15:00:55.227000,10541,10543,10543,1
2020-04-17,15:00:55.305000,10541,10542,10542,2
2020-04-17,15:00:56.342000,10541,10543,10541,2
2020-04-17,15:00:56.937000,10542,10543,10542,1
2020-04-17,15:00:57.064000,10542,10543,10543,3
2020-04-17,15:00:57.293000,10542,10543,10542,1
2020-04-17,15:00:57.429000,10542,10543,10543,1
2020-04-17,15:00:58.189000,10542,10543,10542,1
2020-04-17,15:00:58.679000,10542,10543,10543,1
2020-04-17,15:01:00.031000,10542,10544,10542,2
2020-04-17,15:01:00.036000,10542,10544,10542,1
2020-04-17,15:01:00.054000,10542,10543,10542,1
2020-04-17,15:01:00.055000,10542,10543,10541,1
2020-04-17,15:01:00.068000,10542,10543,10541,1
2020-04-17,15:01:00.084000,10542,10543,10541,1
2020-04-17,15:01:00.118000,10542,10543,10541,1
2020-04-17,15:01:00.579000,10542,10543,10543,1
2020-04-17,15:01:00.929000,10542,10543,10543,2
2020-04-17,15:01:01.929000,10543,10544,10544,1
2020-04-17,15:01:02.344000,10543,10544,10543,1
2020-04-17,15:01:02.381000,10543,10544,10544,3
2020-04-17,15:01:02.954000,10543,10545,10545,2
2020-04-17,15:01:03.186000,10543,10545,10545,1
2020-04-17,15:01:03.697000,10543,10545,10543,1
2020-04-17,15:01:06.053000,10544,10545,10545,5
2020-04-17,15:01:06.054000,10544,10545,10545,1
2020-04-17,15:01:06.054000,10544,10545,10545,1
2020-04-17,15:01:06.282000,10544,10546,10546,4
2020-04-17,15:01:06.282000,10544,10546,10547,1
2020-04-17,15:01:06.999000,10546,10547,10546,1
2020-04-17,15:01:07.062000,10545,10547,10545,1
2020-04-17,15:01:07.325000,10544,10546,10544,2
2020-04-17,15:01:08.936000,10544,10545,10545,1
2020-04-17,15:01:09.698000,10544,10545,10545,1
2020-04-17,15:01:11.499000,10544,10545,10545,3
2020-04-17,15:01:11.795000,10545,10546,10545,1
2020-04-17,15:01:12.754000,10544,10546,10546,2
2020-04-17,15:01:13.449000,10544,10546,10544,1
2020-04-17,15:01:13.502000,10544,10546,10545,1
2020-04-17,15:01:14.467000,10544,10546,10545,1
2020-04-17,15:01:14.607000,10544,10546,10545,1
2020-04-17,15:01:14.900000,10544,10545,10545,4
2020-04-17,15:01:14.900000,10544,10545,10546,1
2020-04-17,15:01:18.656000,10545,10546,10545,1
2020-04-17,15:01:21.567000,10545,10546,10546,1
2020-04-17,15:01:23.184000,10545,10546,10546,3
2020-04-17,15:01:24.400000,10545,10546,10545,1
2020-04-17,15:01:24.766000,10545,10546,10545,1
2020-04-17,15:01:24.766000,10545,10546,10545,1
2020-04-17,15:01:26.106000,10544,10545,10545,1
2020-04-17,15:01:29.010000,10544,10545,10545,2
2020-04-17,15:01:30.438000,10545,10546,10545,1
2020-04-17,15:01:30.438000,10545,10546,10545,1
2020-04-17,15:01:33.778000,10544,10545,10544,1
2020-04-17,15:01:34.153000,10544,10545,10544,2
2020-04-17,15:01:34.154000,10544,10545,10544,1
2020-04-17,15:01:34.155000,10544,10545,10544,4
2020-04-17,15:01:34.319000,10543,10544,10544,5
2020-04-17,15:01:34.319000,10543,10544,10545,5
2020-04-17,15:01:35.136000,10543,10544,10544,1
2020-04-17,15:01:35.517000,10543,10544,10543,4
2020-04-17,15:01:35.908000,10542,10544,10542,2
2020-04-17,15:01:37.682000,10542,10543,10542,3
2020-04-17,15:01:40.493000,10542,10544,10542,1
2020-04-17,15:01:41.718000,10542,10544,10542,1
2020-04-17,15:01:42.583000,10542,10543,10542,4
2020-04-17,15:01:43.717000,10542,10543,10542,4
2020-04-17,15:01:44.318000,10542,10543,10543,1
2020-04-17,15:01:46.989000,10543,10544,10544,1
2020-04-17,15:01:47.345000,10543,10544,10543,1
2020-04-17,15:01:48.152000,10543,10544,10543,1
2020-04-17,15:01:48.160000,10543,10544,10544,2
2020-04-17,15:01:48.564000,10543,10544,10543,5
2020-04-17,15:01:49.651000,10541,10543,10543,5
2020-04-17,15:01:49.680000,10541,10543,10543,1
2020-04-17,15:01:49.761000,10541,10543,10543,1
2020-04-17,15:01:51.053000,10542,10544,10544,3
2020-04-17,15:01:54.332000,10542,10544,10544,1
2020-04-17,15:01:55.435000,10544,10545,10544,1
2020-04-17,15:01:55.435000,10544,10545,10543,1
2020-04-17,15:02:00.189000,10544,10545,10545,3
2020-04-17,15:02:00.838000,10545,10546,10545,1
2020-04-17,15:02:02.947000,10545,10546,10545,1
2020-04-17,15:02:04.322000,10545,10546,10545,5
2020-04-17,15:02:05.449000,10544,10545,10545,2
2020-04-17,15:02:05.449000,10544,10545,10545,1
2020-04-17,15:02:07.133000,10544,10545,10545,2
2020-04-17,15:02:08.840000,10544,10546,10544,1
2020-04-17,15:02:09.548000,10544,10545,10545,1
2020-04-17,15:02:10.145000,10544,10545,10544,1
2020-04-17,15:02:10.473000,10544,10545,10545,1
2020-04-17,15:02:11.198000,10544,10545,10544,5
2020-04-17,15:02:11.782000,10544,10545,10545,1
2020-04-17,15:02:11.968000,10544,10545,10545,1
2020-04-17,15:02:13.274000,10544,10545,10545,1
2020-04-17,15:02:15.571000,10544,10546,10544,1
2020-04-17,15:02:18.321000,10544,10545,10544,13
2020-04-17,15:02:18.360000,10544,10545,10543,2
2020-04-17,15:02:18.429000,10543,10544,10543,16
2020-04-17,15:02:18.772000,10542,10543,10542,3
2020-04-17,15:02:18.858000,10541,10543,10541,1
2020-04-17,15:02:18.859000,10541,10543,10541,1
2020-04-17,15:02:18.859000,10541,10543,10541,1
2020-04-17,15:02:19.312000,10541,10543,10543,1
2020-04-17,15:02:19.884000,10541,10542,10541,1
2020-04-17,15:02:21.726000,10541,10542,10541,1
2020-04-17,15:02:21.852000,10541,10542,10541,1
2020-04-17,15:02:24.809000,10541,10542,10541,1
2020-04-17,15:02:24.852000,10541,10542,10541,15
2020-04-17,15:02:26.174000,10540,10541,10541,2
2020-04-17,15:02:26.510000,10540,10542,10542,2
2020-04-17,15:02:28.640000,10540,10541,10540,1
2020-04-17,15:02:29.220000,10540,10541,10540,1
2020-04-17,15:02:29.608000,10540,10541,10540,2
2020-04-17,15:02:29.681000,10540,10541,10540,20
2020-04-17,15:02:31.561000,10540,10541,10540,1
2020-04-17,15:02:32.278000,10539,10540,10540,3
2020-04-17,15:02:33.245000,10539,10540,10539,8
2020-04-17,15:02:33.317000,10539,10540,10539,2
2020-04-17,15:02:33.850000,10539,10540,10540,1
2020-04-17,15:02:33.850000,10539,10540,10540,3
2020-04-17,15:02:33.850000,10539,10540,10540,1
2020-04-17,15:02:33.851000,10539,10540,10540,1
2020-04-17,15:02:35.510000,10539,10540,10540,1
2020-04-17,15:02:35.762000,10539,10541,10540,1
2020-04-17,15:02:36.774000,10539,10540,10539,1
2020-04-17,15:02:37.063000,10539,10540,10539,1
2020-04-17,15:02:37.590000,10538,10540,10538,1
2020-04-17,15:02:37.897000,10538,10540,10538,2
2020-04-17,15:02:38.009000,10538,10539,10538,1
2020-04-17,15:02:38.999000,10538,10539,10539,1
2020-04-17,15:02:39.502000,10538,10539,10539,1
2020-04-17,15:02:39.967000,10539,10540,10539,1
2020-04-17,15:02:39.967000,10539,10540,10538,1
2020-04-17,15:02:41.708000,10538,10540,10538,1
2020-04-17,15:02:43.087000,10538,10540,10538,1
2020-04-17,15:02:43.193000,10538,10540,10540,2
2020-04-17,15:02:45.564000,10539,10540,10540,2
2020-04-17,15:02:46.009000,10539,10540,10540,1
2020-04-17,15:02:46.162000,10539,10540,10540,1
2020-04-17,15:02:46.162000,10539,10540,10540,2
2020-04-17,15:02:46.162000,10539,10540,10540,1
2020-04-17,15:02:48.808000,10539,10540,10540,1
2020-04-17,15:02:49.812000,10539,10540,10540,1
2020-04-17,15:02:51.431000,10540,10541,10540,1
2020-04-17,15:02:52.809000,10539,10541,10541,5
2020-04-17,15:02:54.136000,10540,10541,10540,1
2020-04-17,15:02:54.571000,10539,10540,10540,1
2020-04-17,15:02:56.772000,10540,10541,10540,1
2020-04-17,15:02:57.614000,10539,10540,10539,1
2020-04-17,15:02:57.665000,10539,10540,10540,1
2020-04-17,15:02:57.678000,10539,10540,10539,2
2020-04-17,15:02:58.104000,10539,10540,10540,1
2020-04-17,15:03:01.816000,10539,10540,10540,1
2020-04-17,15:03:02.445000,10539,10540,10540,5
2020-04-17,15:03:03.512000,10539,10540,10540,1
2020-04-17,15:03:03.981000,10539,10540,10540,4
2020-04-17,15:03:04.096000,10539,10540,10539,3
2020-04-17,15:03:04.206000,10539,10540,10539,1
2020-04-17,15:03:04.206000,10539,10540,10539,1
2020-04-17,15:03:04.206000,10539,10540,10539,1
2020-04-17,15:03:04.206000,10539,10540,10539,2
2020-04-17,15:03:04.214000,10539,10540,10540,1
2020-04-17,15:03:05.136000,10538,10539,10539,1
2020-04-17,15:03:06.503000,10538,10539,10538,10
2020-04-17,15:03:07.679000,10537,10538,10537,1
2020-04-17,15:03:07.824000,10537,10538,10537,5
2020-04-17,15:03:08.053000,10537,10538,10537,6
2020-04-17,15:03:08.054000,10537,10538,10537,3
2020-04-17,15:03:09.624000,10536,10537,10537,1
2020-04-17,15:03:10.479000,10536,10537,10537,1
2020-04-17,15:03:11.299000,10536,10537,10536,1
2020-04-17,15:03:11.527000,10536,10537,10536,1
2020-04-17,15:03:11.527000,10536,10537,10536,2
2020-04-17,15:03:11.527000,10536,10537,10536,4
2020-04-17,15:03:11.528000,10536,10537,10536,2
2020-04-17,15:03:11.528000,10536,10537,10536,9
2020-04-17,15:03:11.633000,10535,10536,10535,1
2020-04-17,15:03:11.842000,10535,10536,10535,2
2020-04-17,15:03:12.102000,10535,10536,10535,1
2020-04-17,15:03:12.304000,10535,10536,10535,3
2020-04-17,15:03:12.429000,10535,10536,10535,12
2020-04-17,15:03:12.429000,10535,10536,10535,2
2020-04-17,15:03:12.429000,10535,10536,10535,4
2020-04-17,15:03:12.916000,10534,10535,10534,2
2020-04-17,15:03:13.089000,10534,10535,10535,1
2020-04-17,15:03:13.190000,10534,10535,10535,1
2020-04-17,15:03:13.319000,10534,10535,10534,1
2020-04-17,15:03:13.493000,10534,10535,10534,1
2020-04-17,15:03:13.511000,10534,10535,10534,1
2020-04-17,15:03:13.630000,10533,10534,10533,2
2020-04-17,15:03:13.759000,10533,10534,10534,2
2020-04-17,15:03:14.146000,10533,10534,10533,1
2020-04-17,15:03:14.880000,10533,10534,10534,1
2020-04-17,15:03:14.958000,10533,10534,10533,2
2020-04-17,15:03:14.958000,10533,10534,10532,1
2020-04-17,15:03:15.156000,10532,10534,10532,1
2020-04-17,15:03:15.322000,10532,10534,10534,4
2020-04-17,15:03:15.580000,10533,10534,10533,1
2020-04-17,15:03:15.628000,10533,10534,10533,1
2020-04-17,15:03:15.747000,10533,10534,10533,1
2020-04-17,15:03:17.048000,10533,10534,10533,1
2020-04-17,15:03:17.159000,10533,10534,10533,2
2020-04-17,15:03:17.625000,10532,10534,10532,1
2020-04-17,15:03:18.309000,10532,10533,10533,1
2020-04-17,15:03:18.414000,10532,10533,10534,1
2020-04-17,15:03:18.463000,10533,10534,10533,1
2020-04-17,15:03:18.678000,10533,10534,10533,1
2020-04-17,15:03:18.849000,10533,10534,10533,3
2020-04-17,15:03:18.898000,10533,10534,10533,1
2020-04-17,15:03:19.883000,10532,10533,10533,1
2020-04-17,15:03:21.074000,10533,10534,10534,1
2020-04-17,15:03:21.857000,10533,10534,10533,1
2020-04-17,15:03:22.097000,10532,10534,10534,1
2020-04-17,15:03:22.178000,10532,10533,10533,3
2020-04-17,15:03:22.251000,10532,10533,10534,1
2020-04-17,15:03:22.553000,10533,10534,10534,4
2020-04-17,15:03:23.690000,10533,10535,10533,1
2020-04-17,15:03:23.799000,10533,10535,10533,4
2020-04-17,15:03:23.839000,10533,10534,10533,1
2020-04-17,15:03:24.517000,10533,10534,10533,1
2020-04-17,15:03:24.517000,10533,10534,10533,2
2020-04-17,15:03:25.169000,10532,10534,10534,2
2020-04-17,15:03:25.244000,10532,10534,10532,2
2020-04-17,15:03:25.626000,10532,10534,10534,1
2020-04-17,15:03:27.432000,10533,10534,10533,3
2020-04-17,15:03:28.124000,10533,10534,10533,1
2020-04-17,15:03:29.031000,10532,10533,10532,3
2020-04-17,15:03:29.629000,10532,10533,10532,1
2020-04-17,15:03:29.629000,10532,10533,10531,9
2020-04-17,15:03:29.630000,10532,10533,10531,1
2020-04-17,15:03:29.630000,10532,10533,10531,4
2020-04-17,15:03:29.747000,10531,10533,10531,3
2020-04-17,15:03:29.968000,10531,10533,10531,1
2020-04-17,15:03:30.010000,10531,10533,10531,1
2020-04-17,15:03:32.715000,10532,10533,10532,1
2020-04-17,15:03:33.131000,10532,10533,10532,1
2020-04-17,15:03:33.243000,10532,10533,10532,1
2020-04-17,15:03:33.476000,10532,10533,10532,1
2020-04-17,15:03:33.592000,10532,10533,10533,1
2020-04-17,15:03:33.812000,10532,10533,10532,1
2020-04-17,15:03:34.553000,10532,10533,10532,1
2020-04-17,15:03:35.204000,10532,10533,10532,1
2020-04-17,15:03:36.519000,10531,10532,10531,2
2020-04-17,15:03:36.885000,10531,10532,10531,1
2020-04-17,15:03:36.885000,10531,10532,10530,1
2020-04-17,15:03:38.852000,10531,10532,10531,1
2020-04-17,15:03:40.552000,10531,10532,10532,2
2020-04-17,15:03:40.764000,10531,10532,10531,11
2020-04-17,15:03:40.765000,10531,10532,10531,1
2020-04-17,15:03:40.828000,10531,10532,10532,1
2020-04-17,15:03:40.831000,10531,10532,10532,1
2020-04-17,15:03:42.075000,10531,10532,10531,2
2020-04-17,15:03:42.214000,10531,10532,10531,3
2020-04-17,15:03:42.360000,10531,10532,10532,2
2020-04-17,15:03:43.015000,10531,10533,10531,1
2020-04-17,15:03:43.491000,10532,10533,10532,1
2020-04-17,15:03:44.680000,10532,10533,10532,1
2020-04-17,15:03:44.851000,10531,10532,10531,2
2020-04-17,15:03:45.091000,10531,10533,10533,2
2020-04-17,15:03:45.486000,10531,10533,10532,1
2020-04-17,15:03:46.579000,10532,10533,10532,3
2020-04-17,15:03:46.580000,10532,10533,10532,1
2020-04-17,15:03:47.304000,10531,10533,10532,1
2020-04-17,15:03:49.030000,10531,10533,10531,1
2020-04-17,15:03:50.401000,10532,10533,10532,3
2020-04-17,15:03:50.401000,10532,10533,10531,2
2020-04-17,15:03:50.888000,10531,10532,10532,3
2020-04-17,15:03:50.990000,10532,10533,10533,3
2020-04-17,15:03:51.527000,10532,10534,10534,1
2020-04-17,15:03:52.037000,10532,10533,10532,2
2020-04-17,15:03:52.205000,10532,10533,10532,1
2020-04-17,15:03:52.714000,10532,10534,10534,2
2020-04-17,15:03:52.761000,10532,10534,10533,2
2020-04-17,15:03:54.208000,10532,10533,10533,1
2020-04-17,15:03:54.573000,10532,10533,10533,1
2020-04-17,15:03:54.668000,10532,10533,10533,1
2020-04-17,15:03:56.965000,10532,10533,10533,3
2020-04-17,15:03:57.852000,10532,10533,10533,1
2020-04-17,15:03:58.168000,10532,10533,10533,1
2020-04-17,15:03:58.851000,10532,10533,10533,2
2020-04-17,15:03:59.404000,10532,10534,10533,1
2020-04-17,15:03:59.404000,10532,10534,10532,1
2020-04-17,15:04:00.553000,10532,10533,10533,1
2020-04-17,15:04:01.123000,10533,10534,10533,1
2020-04-17,15:04:04.132000,10533,10534,10533,1
2020-04-17,15:04:04.305000,10533,10534,10533,2
2020-04-17,15:04:04.512000,10533,10534,10533,1
2020-04-17,15:04:04.512000,10533,10534,10532,1
2020-04-17,15:04:06.609000,10533,10534,10533,1
2020-04-17,15:04:07.945000,10532,10534,10532,1
2020-04-17,15:04:08.515000,10532,10533,10533,1
2020-04-17,15:04:08.693000,10532,10533,10532,1
2020-04-17,15:04:08.696000,10532,10533,10532,7
2020-04-17,15:04:09.386000,10531,10532,10532,1
2020-04-17,15:04:09.883000,10531,10532,10531,1
2020-04-17,15:04:10.045000,10531,10532,10531,1
2020-04-17,15:04:10.045000,10531,10532,10531,2
2020-04-17,15:04:10.045000,10531,10532,10531,2
2020-04-17,15:04:10.047000,10531,10532,10531,2
2020-04-17,15:04:10.047000,10531,10532,10531,1
2020-04-17,15:04:10.180000,10530,10531,10531,9
2020-04-17,15:04:10.180000,10530,10531,10532,15
2020-04-17,15:04:10.180000,10530,10531,10533,7
2020-04-17,15:04:11.289000,10531,10532,10531,1
2020-04-17,15:04:11.289000,10531,10532,10530,1
2020-04-17,15:04:11.646000,10531,10532,10531,1
2020-04-17,15:04:12.033000,10530,10532,10532,1
2020-04-17,15:04:12.386000,10531,10533,10531,1
2020-04-17,15:04:13.213000,10531,10533,10531,38
2020-04-17,15:04:13.213000,10531,10533,10530,1
2020-04-17,15:04:14.572000,10530,10531,10530,1
2020-04-17,15:04:15.450000,10530,10531,10530,1
2020-04-17,15:04:15.922000,10530,10531,10530,1
2020-04-17,15:04:16.846000,10530,10531,10531,1
2020-04-17,15:04:17.551000,10530,10532,10530,1
2020-04-17,15:04:19.497000,10530,10531,10530,1
2020-04-17,15:04:20.096000,10530,10531,10530,1
2020-04-17,15:04:20.138000,10530,10531,10530,1
2020-04-17,15:04:20.962000,10530,10531,10531,1
2020-04-17,15:04:21.579000,10530,10531,10530,1
2020-04-17,15:04:22.186000,10530,10531,10530,2
2020-04-17,15:04:22.437000,10530,10531,10530,1
2020-04-17,15:04:23.096000,10530,10531,10530,18
2020-04-17,15:04:23.745000,10529,10530,10531,1
2020-04-17,15:04:24.306000,10530,10531,10531,1
2020-04-17,15:04:24.383000,10530,10531,10531,1
2020-04-17,15:04:24.522000,10530,10531,10530,1
2020-04-17,15:04:25.137000,10530,10532,10530,2
2020-04-17,15:04:26.549000,10531,10532,10531,1
2020-04-17,15:04:27.163000,10531,10532,10531,1
2020-04-17,15:04:29.989000,10530,10531,10530,2
2020-04-17,15:04:30.093000,10529,10531,10529,1
2020-04-17,15:04:30.200000,10529,10530,10529,1
2020-04-17,15:04:31.580000,10529,10530,10529,1
2020-04-17,15:04:34.330000,10529,10530,10530,5
2020-04-17,15:04:34.391000,10529,10530,10530,1
2020-04-17,15:04:35.257000,10530,10531,10531,2
2020-04-17,15:04:35.847000,10530,10531,10531,1
2020-04-17,15:04:35.847000,10530,10531,10531,2
2020-04-17,15:04:39.155000,10530,10532,10531,2
2020-04-17,15:04:41.472000,10530,10531,10530,5
2020-04-17,15:04:41.477000,10530,10531,10531,1
2020-04-17,15:04:42.302000,10530,10531,10531,11
2020-04-17,15:04:44.396000,10531,10532,10531,2
2020-04-17,15:04:44.396000,10531,10532,10530,1
2020-04-17,15:04:45.272000,10530,10531,10531,1
2020-04-17,15:04:46.673000,10531,10532,10531,1
2020-04-17,15:04:49.679000,10531,10532,10532,7
2020-04-17,15:04:49.696000,10531,10532,10532,1
2020-04-17,15:04:49.804000,10532,10533,10533,8
2020-04-17,15:04:50.378000,10532,10534,10534,1
2020-04-17,15:04:52.886000,10531,10533,10532,1
2020-04-17,15:04:53.248000,10531,10533,10531,2
2020-04-17,15:04:54.708000,10531,10532,10531,1
2020-04-17,15:04:55.322000,10531,10532,10532,4
2020-04-17,15:04:56.036000,10532,10533,10533,1
2020-04-17,15:04:56.297000,10532,10533,10532,2
2020-04-17,15:05:00.368000,10532,10534,10533,1
2020-04-17,15:05:02.792000,10533,10534,10533,1
2020-04-17,15:05:02.793000,10533,10534,10533,1
2020-04-17,15:05:03.135000,10532,10533,10532,4
2020-04-17,15:05:04.741000,10531,10532,10531,5
2020-04-17,15:05:05.769000,10530,10531,10530,8
2020-04-17,15:05:06.554000,10529,10530,10529,2
2020-04-17,15:05:06.768000,10528,10529,10529,1
2020-04-17,15:05:08.284000,10528,10529,10528,1
2020-04-17,15:05:08.416000,10528,10529,10528,6
2020-04-17,15:05:08.429000,10528,10529,10528,2
2020-04-17,15:05:08.429000,10528,10529,10528,3
2020-04-17,15:05:08.606000,10527,10529,10527,1
2020-04-17,15:05:08.918000,10527,10529,10527,1
2020-04-17,15:05:10.249000,10527,10529,10527,1
2020-04-17,15:05:10.658000,10527,10528,10527,1
2020-04-17,15:05:10.982000,10527,10528,10528,1
2020-04-17,15:05:11.019000,10527,10528,10527,1
2020-04-17,15:05:11.306000,10527,10528,10527,1
2020-04-17,15:05:15.829000,10527,10528,10528,1
2020-04-17,15:05:16.196000,10527,10528,10528,1
2020-04-17,15:05:16.909000,10528,10529,10528,1
2020-04-17,15:05:18.744000,10527,10529,10527,1
2020-04-17,15:05:19.925000,10527,10528,10528,1
2020-04-17,15:05:21.673000,10528,10529,10528,1
2020-04-17,15:05:22.089000,10528,10529,10529,1
2020-04-17,15:05:22.767000,10528,10529,10528,1
2020-04-17,15:05:22.767000,10528,10529,10527,1
2020-04-17,15:05:24.099000,10527,10528,10528,1
2020-04-17,15:05:25.260000,10527,10529,10527,2
2020-04-17,15:05:25.922000,10527,10528,10528,1
2020-04-17,15:05:27.229000,10527,10528,10527,22
2020-04-17,15:05:27.230000,10527,10528,10527,1
2020-04-17,15:05:27.289000,10527,10528,10526,1
2020-04-17,15:05:27.298000,10527,10528,10526,4
2020-04-17,15:05:27.311000,10526,10527,10526,1
2020-04-17,15:05:27.392000,10526,10527,10526,3
2020-04-17,15:05:27.392000,10526,10527,10525,17
2020-04-17,15:05:27.692000,10524,10526,10526,1
2020-04-17,15:05:28.934000,10525,10526,10526,1
2020-04-17,15:05:28.934000,10525,10526,10527,1
2020-04-17,15:05:28.950000,10525,10526,10527,1
2020-04-17,15:05:29.207000,10525,10527,10525,1
2020-04-17,15:05:30.356000,10525,10526,10527,1
2020-04-17,15:05:31.670000,10526,10527,10526,1
2020-04-17,15:05:32.670000,10526,10527,10527,1
2020-04-17,15:05:32.671000,10526,10527,10526,1
2020-04-17,15:05:33.517000,10526,10527,10527,1
2020-04-17,15:05:34.363000,10526,10527,10527,4
2020-04-17,15:05:34.992000,10526,10527,10526,1
2020-04-17,15:05:35.325000,10526,10527,10527,1
2020-04-17,15:05:36.387000,10526,10527,10527,1
2020-04-17,15:05:37.290000,10526,10527,10526,1
2020-04-17,15:05:37.291000,10526,10527,10526,2
2020-04-17,15:05:37.313000,10526,10527,10526,1
2020-04-17,15:05:39.479000,10525,10526,10526,1
2020-04-17,15:05:39.856000,10525,10526,10526,1
2020-04-17,15:05:40.605000,10526,10527,10527,1
2020-04-17,15:05:40.969000,10526,10527,10526,1
2020-04-17,15:05:41.605000,10526,10527,10526,2
2020-04-17,15:05:41.832000,10526,10527,10527,1
2020-04-17,15:05:42.477000,10526,10528,10528,1
2020-04-17,15:05:42.889000,10527,10528,10528,7
2020-04-17,15:05:43.259000,10527,10529,10527,1
2020-04-17,15:05:43.322000,10527,10529,10527,1
2020-04-17,15:05:44.458000,10528,10529,10529,1
2020-04-17,15:05:44.459000,10528,10529,10529,9
2020-04-17,15:05:44.874000,10529,10530,10530,7
2020-04-17,15:05:49.014000,10529,10530,10530,5
2020-04-17,15:05:49.549000,10530,10531,10530,1
2020-04-17,15:05:50.066000,10529,10530,10530,3
2020-04-17,15:05:52.896000,10529,10530,10530,1
2020-04-17,15:05:53.620000,10529,10530,10530,1
2020-04-17,15:05:55.336000,10529,10530,10529,3
2020-04-17,15:05:55.337000,10529,10530,10529,1
2020-04-17,15:05:55.337000,10529,10530,10529,1
2020-04-17,15:05:57.404000,10527,10528,10528,1
2020-04-17,15:05:59.072000,10527,10528,10528,1
2020-04-17,15:05:59.318000,10527,10528,10527,1
2020-04-17,15:05:59.454000,10527,10528,10527,1
2020-04-17,15:06:00.047000,10527,10528,10528,1
2020-04-17,15:06:00.464000,10527,10528,10528,1
2020-04-17,15:06:00.703000,10527,10528,10528,1
2020-04-17,15:06:02.753000,10528,10529,10529,2
2020-04-17,15:06:04.103000,10528,10530,10530,1
2020-04-17,15:06:05.008000,10528,10530,10528,1
2020-04-17,15:06:05.132000,10528,10530,10528,1
2020-04-17,15:06:08.032000,10529,10530,10530,5
2020-04-17,15:06:08.155000,10530,10531,10531,1
2020-04-17,15:06:09.066000,10530,10531,10531,2
2020-04-17,15:06:10.145000,10531,10532,10531,2
2020-04-17,15:06:10.672000,10529,10531,10531,1
2020-04-17,15:06:12.199000,10530,10532,10530,8
2020-04-17,15:06:12.200000,10530,10532,10530,2
2020-04-17,15:06:12.248000,10530,10532,10531,1
2020-04-17,15:06:17.115000,10529,10531,10531,1
2020-04-17,15:06:19.400000,10529,10531,10531,1
2020-04-17,15:06:20.898000,10529,10530,10530,1
2020-04-17,15:06:24.232000,10530,10531,10531,1
2020-04-17,15:06:25.366000,10530,10531,10530,1
2020-04-17,15:06:26.356000,10530,10531,10530,4
2020-04-17,15:06:28.363000,10530,10531,10531,1
2020-04-17,15:06:29.804000,10530,10531,10530,2
2020-04-17,15:06:32.045000,10529,10530,10530,1
2020-04-17,15:06:32.075000,10529,10531,10531,1
2020-04-17,15:06:36.588000,10529,10530,10529,7
2020-04-17,15:06:36.589000,10529,10530,10529,1
2020-04-17,15:06:36.679000,10528,10529,10528,5
2020-04-17,15:06:36.804000,10528,10529,10528,1
2020-04-17,15:06:36.928000,10528,10529,10528,1
2020-04-17,15:06:37.993000,10527,10528,10528,1
2020-04-17,15:06:38.965000,10528,10529,10529,1
2020-04-17,15:06:38.975000,10528,10529,10528,1
2020-04-17,15:06:39.022000,10528,10529,10528,1
2020-04-17,15:06:39.039000,10528,10529,10528,1
2020-04-17,15:06:39.340000,10527,10528,10528,1
2020-04-17,15:06:41.819000,10527,10528,10528,3
2020-04-17,15:06:44.135000,10528,10530,10528,1
2020-04-17,15:06:46.315000,10528,10529,10528,1
2020-04-17,15:06:46.514000,10528,10529,10528,5
2020-04-17,15:06:46.515000,10528,10529,10528,2
2020-04-17,15:06:46.515000,10528,10529,10528,1
2020-04-17,15:06:54.421000,10527,10529,10529,1
2020-04-17,15:06:55.803000,10528,10529,10529,1
2020-04-17,15:07:00.655000,10528,10529,10529,2
2020-04-17,15:07:02.429000,10529,10530,10530,7
2020-04-17,15:07:03.873000,10530,10531,10531,1
2020-04-17,15:07:04.374000,10530,10531,10530,2
2020-04-17,15:07:04.571000,10529,10530,10529,1
2020-04-17,15:07:05.749000,10529,10530,10530,1
2020-04-17,15:07:06.506000,10529,10530,10530,2
2020-04-17,15:07:08.217000,10530,10531,10530,1
2020-04-17,15:07:08.217000,10530,10531,10529,1
2020-04-17,15:07:11.199000,10529,10530,10529,3
2020-04-17,15:07:11.860000,10529,10530,10529,1
2020-04-17,15:07:11.860000,10529,10530,10529,1
2020-04-17,15:07:19.621000,10528,10530,10528,1
2020-04-17,15:07:20.986000,10528,10530,10528,1
2020-04-17,15:07:21.169000,10528,10530,10530,1
2020-04-17,15:07:25.651000,10529,10530,10530,1
2020-04-17,15:07:29.716000,10529,10530,10529,1
2020-04-17,15:07:31.919000,10529,10530,10529,4
2020-04-17,15:07:31.919000,10529,10530,10528,1
2020-04-17,15:07:32.169000,10528,10529,10529,1
2020-04-17,15:07:33.799000,10529,10530,10529,1
2020-04-17,15:07:36.770000,10528,10529,10529,3
2020-04-17,15:07:38.535000,10529,10530,10529,7
2020-04-17,15:07:38.621000,10528,10529,10529,1
2020-04-17,15:07:38.690000,10528,10529,10528,1
2020-04-17,15:07:42.236000,10528,10529,10528,15
2020-04-17,15:07:42.304000,10527,10528,10527,5
2020-04-17,15:07:43.167000,10526,10527,10527,1
2020-04-17,15:07:44.615000,10526,10527,10527,1
2020-04-17,15:07:45.206000,10526,10527,10526,1
2020-04-17,15:07:46.018000,10526,10527,10527,3
2020-04-17,15:07:46.562000,10526,10527,10527,1
2020-04-17,15:07:49.346000,10526,10527,10527,1
2020-04-17,15:07:51.299000,10526,10528,10528,1
2020-04-17,15:07:52.289000,10526,10528,10526,10
2020-04-17,15:07:52.304000,10526,10527,10526,2
2020-04-17,15:07:52.864000,10525,10526,10526,1
2020-04-17,15:07:55.648000,10525,10526,10525,1
2020-04-17,15:07:56,10525,10526,10525,1
2020-04-17,15:07:56.034000,10525,10526,10525,5
2020-04-17,15:07:56.351000,10524,10525,10524,1
2020-04-17,15:07:56.458000,10524,10525,10524,1
2020-04-17,15:07:56.490000,10524,10525,10524,1
2020-04-17,15:07:56.832000,10524,10525,10524,1
2020-04-17,15:07:57.333000,10524,10525,10525,1
2020-04-17,15:07:57.333000,10524,10525,10525,1
2020-04-17,15:07:58.470000,10525,10526,10525,1
2020-04-17,15:07:59.244000,10525,10526,10526,3
2020-04-17,15:07:59.244000,10525,10526,10526,1
2020-04-17,15:07:59.244000,10525,10526,10526,1
2020-04-17,15:07:59.244000,10525,10526,10526,3
2020-04-17,15:07:59.245000,10525,10526,10526,2
2020-04-17,15:08:00.906000,10526,10527,10526,1
2020-04-17,15:08:01.956000,10526,10527,10527,1
2020-04-17,15:08:02.473000,10526,10527,10527,9
2020-04-17,15:08:02.510000,10526,10527,10527,1
2020-04-17,15:08:03.128000,10527,10528,10527,1
2020-04-17,15:08:03.459000,10527,10528,10527,1
2020-04-17,15:08:03.557000,10527,10528,10527,2
2020-04-17,15:08:04.026000,10526,10527,10527,1
2020-04-17,15:08:04.429000,10526,10528,10528,5
2020-04-17,15:08:07.845000,10528,10529,10528,2
2020-04-17,15:08:08.936000,10527,10528,10528,1
2020-04-17,15:08:09.076000,10528,10529,10528,1
2020-04-17,15:08:10.054000,10527,10528,10528,1
2020-04-17,15:08:10.250000,10527,10528,10528,1
2020-04-17,15:08:10.563000,10527,10529,10529,1
2020-04-17,15:08:13.383000,10528,10529,10529,1
2020-04-17,15:08:13.383000,10528,10529,10529,19
2020-04-17,15:08:13.384000,10528,10529,10529,1
2020-04-17,15:08:13.384000,10528,10529,10529,3
2020-04-17,15:08:13.384000,10528,10529,10529,6
2020-04-17,15:08:13.554000,10529,10530,10530,3
2020-04-17,15:08:14.896000,10529,10530,10530,17
2020-04-17,15:08:14.932000,10530,10531,10531,1
2020-04-17,15:08:15.207000,10530,10531,10531,1
2020-04-17,15:08:15.926000,10530,10531,10531,1
2020-04-17,15:08:16.237000,10530,10532,10532,1
2020-04-17,15:08:17.049000,10530,10532,10532,1
2020-04-17,15:08:20.333000,10530,10531,10530,2
2020-04-17,15:08:22.006000,10529,10530,10530,1
2020-04-17,15:08:22.448000,10529,10530,10530,1
2020-04-17,15:08:22.573000,10529,10530,10529,3
2020-04-17,15:08:22.803000,10528,10529,10528,2
2020-04-17,15:08:23.299000,10526,10528,10528,1
2020-04-17,15:08:28.032000,10529,10530,10529,1
2020-04-17,15:08:28.036000,10529,10530,10529,1
2020-04-17,15:08:28.777000,10528,10530,10530,1
2020-04-17,15:08:32.201000,10529,10530,10530,4
2020-04-17,15:08:41.663000,10529,10531,10529,1
2020-04-17,15:08:43.675000,10530,10531,10530,1
2020-04-17,15:08:45.048000,10529,10531,10530,1
2020-04-17,15:08:45.598000,10530,10531,10531,1
2020-04-17,15:08:48.659000,10530,10531,10531,2
2020-04-17,15:08:50.015000,10530,10531,10530,1
2020-04-17,15:08:51.312000,10530,10531,10530,2
2020-04-17,15:08:52.216000,10530,10531,10531,1
2020-04-17,15:08:52.994000,10529,10531,10531,1
2020-04-17,15:08:55.006000,10530,10531,10530,1
2020-04-17,15:08:55.940000,10529,10530,10530,1
2020-04-17,15:08:56.048000,10529,10530,10530,1
2020-04-17,15:08:56.225000,10530,10531,10531,1
2020-04-17,15:09:03.307000,10530,10531,10530,1
2020-04-17,15:09:03.544000,10529,10530,10530,4
2020-04-17,15:09:05.976000,10529,10530,10529,7
2020-04-17,15:09:06.043000,10529,10530,10529,3
2020-04-17,15:09:06.060000,10528,10530,10528,1
2020-04-17,15:09:06.091000,10528,10530,10529,3
2020-04-17,15:09:06.091000,10528,10530,10529,1
2020-04-17,15:09:06.183000,10529,10531,10529,1
2020-04-17,15:09:06.190000,10529,10531,10528,1
2020-04-17,15:09:06.197000,10529,10531,10528,2
2020-04-17,15:09:06.198000,10529,10531,10528,6
2020-04-17,15:09:06.206000,10529,10531,10528,3
2020-04-17,15:09:06.208000,10529,10531,10527,1
2020-04-17,15:09:06.217000,10529,10531,10527,1
2020-04-17,15:09:09.126000,10530,10531,10531,5
2020-04-17,15:09:09.170000,10530,10531,10531,1
2020-04-17,15:09:09.179000,10530,10531,10531,1
2020-04-17,15:09:10.424000,10531,10532,10532,1
2020-04-17,15:09:11.544000,10531,10532,10531,1
2020-04-17,15:09:15.237000,10531,10532,10531,1
2020-04-17,15:09:15.238000,10531,10532,10531,1
2020-04-17,15:09:18.571000,10530,10531,10531,3
2020-04-17,15:09:22.936000,10530,10531,10530,1
2020-04-17,15:09:23.169000,10529,10531,10531,3
2020-04-17,15:09:24.171000,10530,10531,10531,1
2020-04-17,15:09:28.295000,10531,10532,10532,5
2020-04-17,15:09:30.204000,10531,10532,10531,2
2020-04-17,15:09:30.418000,10531,10532,10531,1
2020-04-17,15:09:30.446000,10530,10531,10531,1
2020-04-17,15:09:33.918000,10530,10531,10531,1
2020-04-17,15:09:38.152000,10530,10531,10530,4
2020-04-17,15:09:38.179000,10529,10530,10529,2
2020-04-17,15:09:43.871000,10528,10529,10528,7
2020-04-17,15:09:43.988000,10527,10528,10527,4
2020-04-17,15:09:44.038000,10527,10528,10526,1
2020-04-17,15:09:44.040000,10527,10528,10526,1
2020-04-17,15:09:45.579000,10527,10528,10528,3
2020-04-17,15:09:47.722000,10525,10527,10527,1
2020-04-17,15:09:54.564000,10527,10528,10527,1
2020-04-17,15:09:56.951000,10526,10527,10526,2
2020-04-17,15:09:56.954000,10526,10527,10526,1
2020-04-17,15:09:57.822000,10525,10526,10526,1
2020-04-17,15:09:57.871000,10525,10526,10527,2
2020-04-17,15:09:59.559000,10525,10526,10525,10
2020-04-17,15:10:01.235000,10524,10525,10524,1
2020-04-17,15:10:01.533000,10524,10525,10525,1
2020-04-17,15:10:02.212000,10524,10525,10525,2
2020-04-17,15:10:02.884000,10525,10526,10526,1
2020-04-17,15:10:03.814000,10525,10526,10526,1
2020-04-17,15:10:04.141000,10525,10526,10526,1
2020-04-17,15:10:04.897000,10525,10526,10526,1
2020-04-17,15:10:10.040000,10526,10527,10526,1
2020-04-17,15:10:10.175000,10526,10527,10527,1
2020-04-17,15:10:10.368000,10527,10528,10527,1
2020-04-17,15:10:10.986000,10527,10528,10528,2
2020-04-17,15:10:12.332000,10527,10528,10528,1
2020-04-17,15:10:12.871000,10527,10528,10527,2
2020-04-17,15:10:12.871000,10527,10528,10526,9
2020-04-17,15:10:12.901000,10527,10528,10526,1
2020-04-17,15:10:12.911000,10527,10528,10526,2
2020-04-17,15:10:13.128000,10525,10526,10525,2
2020-04-17,15:10:13.171000,10525,10526,10526,2
2020-04-17,15:10:14.026000,10525,10527,10525,1
2020-04-17,15:10:14.027000,10525,10527,10525,2
2020-04-17,15:10:15.467000,10524,10526,10525,2
2020-04-17,15:10:15.633000,10524,10526,10525,1
2020-04-17,15:10:17.020000,10524,10526,10526,1
2020-04-17,15:10:17.351000,10524,10526,10525,1
2020-04-17,15:10:17.442000,10524,10526,10526,1
2020-04-17,15:10:18.574000,10524,10526,10526,3
2020-04-17,15:10:18.726000,10526,10527,10526,1
2020-04-17,15:10:18.879000,10526,10527,10526,1
2020-04-17,15:10:18.910000,10526,10527,10526,21
2020-04-17,15:10:19.054000,10525,10526,10525,3
2020-04-17,15:10:19.825000,10524,10525,10524,6
2020-04-17,15:10:20.992000,10524,10526,10524,1
2020-04-17,15:10:21.054000,10524,10525,10524,7
2020-04-17,15:10:21.205000,10523,10525,10524,1
2020-04-17,15:10:22.274000,10524,10525,10524,3
2020-04-17,15:10:22.741000,10524,10525,10525,1
2020-04-17,15:10:23.549000,10524,10525,10525,1
2020-04-17,15:10:23.727000,10524,10525,10525,1
2020-04-17,15:10:26.235000,10525,10526,10525,1
2020-04-17,15:10:26.831000,10525,10526,10525,2
2020-04-17,15:10:27.281000,10524,10525,10525,1
2020-04-17,15:10:30.367000,10524,10525,10524,4
2020-04-17,15:10:31.431000,10523,10524,10523,1
2020-04-17,15:10:31.660000,10523,10524,10523,3
2020-04-17,15:10:31.679000,10523,10524,10523,2
2020-04-17,15:10:31.841000,10522,10524,10522,1
2020-04-17,15:10:32.043000,10522,10524,10522,2
2020-04-17,15:10:33.900000,10523,10524,10523,2
2020-04-17,15:10:33.923000,10523,10524,10522,1
2020-04-17,15:10:35.774000,10522,10524,10524,1
2020-04-17,15:10:38.202000,10523,10524,10524,1
2020-04-17,15:10:39.538000,10523,10524,10524,1
2020-04-17,15:10:40.869000,10523,10524,10523,1
2020-04-17,15:10:41.969000,10523,10524,10523,1
2020-04-17,15:10:42.065000,10522,10523,10522,1
2020-04-17,15:10:42.400000,10522,10523,10523,1
2020-04-17,15:10:43.545000,10522,10523,10522,8
2020-04-17,15:10:43.642000,10521,10523,10521,2
2020-04-17,15:10:43.655000,10521,10523,10521,7
2020-04-17,15:10:43.655000,10521,10523,10520,23
2020-04-17,15:10:43.687000,10520,10522,10520,1
2020-04-17,15:10:43.804000,10520,10521,10520,2
2020-04-17,15:10:43.804000,10520,10521,10520,1
2020-04-17,15:10:43.852000,10520,10521,10521,1
2020-04-17,15:10:43.864000,10520,10521,10519,1
2020-04-17,15:10:43.950000,10519,10521,10519,1
2020-04-17,15:10:44.585000,10519,10521,10519,1
2020-04-17,15:10:46.234000,10519,10521,10519,1
2020-04-17,15:10:46.586000,10519,10521,10519,2
2020-04-17,15:10:47.663000,10520,10521,10520,1
2020-04-17,15:10:47.730000,10519,10521,10519,1
2020-04-17,15:10:48.403000,10519,10521,10519,1
2020-04-17,15:10:50.186000,10519,10520,10520,1
2020-04-17,15:10:50.429000,10520,10521,10521,3
2020-04-17,15:10:51.047000,10521,10522,10522,1
2020-04-17,15:10:51.706000,10521,10522,10521,1
2020-04-17,15:10:52.008000,10521,10522,10521,4
2020-04-17,15:10:52.325000,10521,10522,10521,1
2020-04-17,15:10:53.057000,10521,10522,10521,2
2020-04-17,15:10:53.173000,10521,10522,10521,1
2020-04-17,15:10:54.263000,10521,10522,10521,1
2020-04-17,15:10:54.562000,10521,10522,10521,6
2020-04-17,15:10:54.563000,10521,10522,10521,11
2020-04-17,15:10:54.597000,10521,10522,10521,1
2020-04-17,15:10:54.616000,10521,10522,10521,1
2020-04-17,15:10:54.703000,10520,10522,10521,1
2020-04-17,15:10:55.160000,10521,10522,10521,1
2020-04-17,15:10:55.912000,10521,10522,10521,2
2020-04-17,15:10:58.668000,10520,10521,10520,1
2020-04-17,15:10:59.400000,10520,10521,10520,1
2020-04-17,15:10:59.541000,10520,10521,10520,1
2020-04-17,15:11:02.175000,10520,10521,10520,1
2020-04-17,15:11:03.497000,10520,10521,10520,1
2020-04-17,15:11:04.170000,10520,10521,10521,1
2020-04-17,15:11:06.652000,10520,10521,10520,5
2020-04-17,15:11:07.469000,10520,10521,10521,3
2020-04-17,15:11:07.601000,10520,10521,10521,1
2020-04-17,15:11:08.941000,10521,10522,10521,1
2020-04-17,15:11:12.857000,10521,10522,10521,1
2020-04-17,15:11:12.888000,10521,10522,10520,2
2020-04-17,15:11:12.925000,10521,10522,10521,1
2020-04-17,15:11:13.031000,10520,10521,10521,1
2020-04-17,15:11:14.699000,10521,10522,10522,1
2020-04-17,15:11:15.659000,10521,10522,10521,1
2020-04-17,15:11:16.274000,10521,10522,10521,1
2020-04-17,15:11:16.274000,10521,10522,10520,1
2020-04-17,15:11:17.775000,10521,10522,10522,8
2020-04-17,15:11:21.889000,10522,10523,10523,1
2020-04-17,15:11:21.954000,10523,10524,10524,3
2020-04-17,15:11:22.110000,10523,10524,10524,1
2020-04-17,15:11:22.408000,10523,10524,10523,2
2020-04-17,15:11:24.070000,10523,10524,10523,1
2020-04-17,15:11:26.173000,10523,10524,10524,1
2020-04-17,15:11:26.788000,10523,10524,10524,2
2020-04-17,15:11:34.850000,10523,10524,10524,2
2020-04-17,15:11:35.985000,10524,10525,10524,1
2020-04-17,15:11:35.986000,10524,10525,10524,3
2020-04-17,15:11:38.221000,10523,10525,10524,1
2020-04-17,15:11:40.946000,10524,10525,10525,30
2020-04-17,15:11:40.946000,10524,10525,10525,1
2020-04-17,15:11:41.054000,10525,10526,10526,3
2020-04-17,15:11:44.031000,10526,10527,10527,1
2020-04-17,15:11:44.201000,10526,10528,10527,1
2020-04-17,15:11:44.264000,10526,10528,10528,1
2020-04-17,15:11:44.732000,10526,10527,10527,1
2020-04-17,15:11:46.358000,10527,10528,10527,1
2020-04-17,15:11:48.761000,10526,10527,10527,1
2020-04-17,15:11:50.190000,10527,10528,10527,1
2020-04-17,15:11:51.045000,10527,10528,10528,1
2020-04-17,15:11:51.458000,10527,10528,10527,1
2020-04-17,15:11:52.385000,10527,10528,10528,1
2020-04-17,15:11:52.429000,10527,10528,10528,3
2020-04-17,15:11:53.163000,10528,10529,10529,2
2020-04-17,15:11:53.166000,10528,10529,10529,1
2020-04-17,15:11:53.247000,10528,10530,10530,1
2020-04-17,15:11:55.330000,10529,10530,10530,3
2020-04-17,15:11:56.804000,10529,10530,10529,2
2020-04-17,15:11:58.089000,10528,10529,10529,1
2020-04-17,15:12:03.746000,10528,10529,10528,1
2020-04-17,15:12:03.850000,10528,10529,10529,1
2020-04-17,15:12:03.850000,10528,10529,10529,4
2020-04-17,15:12:03.850000,10528,10529,10530,11
2020-04-17,15:12:03.851000,10528,10529,10529,2
2020-04-17,15:12:03.863000,10528,10529,10530,5
2020-04-17,15:12:03.863000,10528,10529,10531,1
2020-04-17,15:12:04.082000,10529,10531,10531,1
2020-04-17,15:12:04.221000,10529,10531,10531,1
2020-04-17,15:12:04.507000,10529,10531,10529,3
2020-04-17,15:12:08.125000,10529,10530,10530,1
2020-04-17,15:12:09.651000,10529,10530,10529,1
2020-04-17,15:12:09.925000,10528,10529,10529,2
2020-04-17,15:12:11.004000,10528,10529,10529,2
2020-04-17,15:12:16.468000,10528,10529,10528,3
2020-04-17,15:12:16.468000,10528,10529,10528,1
2020-04-17,15:12:16.470000,10528,10529,10528,5
2020-04-17,15:12:16.554000,10527,10528,10527,3
2020-04-17,15:12:17.971000,10526,10528,10526,2
2020-04-17,15:12:18.236000,10526,10528,10526,1
2020-04-17,15:12:18.530000,10526,10528,10528,1
2020-04-17,15:12:21.472000,10527,10528,10527,1
2020-04-17,15:12:22.072000,10526,10527,10526,1
2020-04-17,15:12:24.524000,10526,10527,10526,1
2020-04-17,15:12:27.088000,10525,10527,10527,1
2020-04-17,15:12:29.030000,10525,10527,10525,2
2020-04-17,15:12:29.581000,10526,10527,10526,1
2020-04-17,15:12:35.749000,10525,10526,10525,1
2020-04-17,15:12:37.902000,10525,10526,10525,1
2020-04-17,15:12:38.494000,10525,10526,10525,1
2020-04-17,15:12:39.755000,10525,10526,10526,2
2020-04-17,15:12:40.105000,10525,10526,10525,1
2020-04-17,15:12:41.035000,10525,10526,10525,3
2020-04-17,15:12:43.428000,10524,10525,10524,2
2020-04-17,15:12:44.014000,10523,10525,10523,1
2020-04-17,15:12:44.273000,10523,10525,10525,1
2020-04-17,15:12:44.882000,10523,10525,10523,1
2020-04-17,15:12:49.113000,10523,10524,10523,2
2020-04-17,15:12:49.471000,10523,10524,10523,1
2020-04-17,15:12:49.887000,10523,10524,10523,1
2020-04-17,15:12:50.623000,10523,10524,10524,3
2020-04-17,15:12:50.682000,10523,10524,10524,3
2020-04-17,15:12:52.174000,10524,10525,10524,1
2020-04-17,15:12:52.672000,10523,10525,10523,1
2020-04-17,15:12:54.096000,10524,10525,10524,2
2020-04-17,15:12:56.586000,10523,10524,10523,1
2020-04-17,15:12:56.922000,10523,10524,10524,1
2020-04-17,15:12:56.955000,10523,10524,10524,2
2020-04-17,15:12:57.416000,10524,10525,10524,2
2020-04-17,15:13:01.424000,10524,10525,10524,1
2020-04-17,15:13:03.054000,10524,10525,10525,2
2020-04-17,15:13:03.195000,10524,10525,10525,14
2020-04-17,15:13:03.304000,10525,10526,10526,1
2020-04-17,15:13:03.528000,10525,10527,10525,1
2020-04-17,15:13:04.719000,10525,10527,10525,1
2020-04-17,15:13:09.038000,10525,10526,10526,1
2020-04-17,15:13:17.230000,10525,10526,10525,5
2020-04-17,15:13:17.720000,10525,10526,10526,1
2020-04-17,15:13:20.501000,10524,10525,10524,1
2020-04-17,15:13:20.501000,10524,10525,10523,1
2020-04-17,15:13:26.705000,10523,10524,10524,2
2020-04-17,15:13:27.374000,10523,10525,10523,1
2020-04-17,15:13:29.603000,10523,10525,10525,1
2020-04-17,15:13:29.894000,10524,10525,10524,1
2020-04-17,15:13:31.419000,10524,10525,10524,1
2020-04-17,15:13:33.053000,10523,10524,10523,5
2020-04-17,15:13:33.342000,10522,10523,10523,2
2020-04-17,15:13:33.342000,10522,10523,10524,1
2020-04-17,15:13:35.498000,10522,10524,10524,5
2020-04-17,15:13:38.049000,10523,10524,10523,3
2020-04-17,15:13:38.050000,10523,10524,10523,1
2020-04-17,15:13:42.189000,10523,10524,10523,2
2020-04-17,15:13:46.487000,10523,10524,10523,1
2020-04-17,15:13:48.119000,10523,10524,10524,3
2020-04-17,15:13:48.303000,10524,10525,10525,2
2020-04-17,15:13:52.913000,10524,10525,10525,5
2020-04-17,15:13:53.133000,10524,10525,10524,1
2020-04-17,15:13:57.923000,10524,10525,10524,2
2020-04-17,15:13:58.140000,10523,10524,10524,1
2020-04-17,15:14:03.848000,10523,10524,10524,1
2020-04-17,15:14:04.613000,10523,10524,10523,1
2020-04-17,15:14:06.708000,10523,10524,10523,1
2020-04-17,15:14:06.709000,10523,10524,10523,1
2020-04-17,15:14:06.709000,10523,10524,10523,1
2020-04-17,15:14:06.709000,10523,10524,10523,1
2020-04-17,15:14:06.709000,10523,10524,10523,1
2020-04-17,15:14:06.709000,10523,10524,10523,1
2020-04-17,15:14:06.709000,10523,10524,10523,1
2020-04-17,15:14:06.804000,10523,10524,10523,1
2020-04-17,15:14:09.670000,10522,10523,10523,2
2020-04-17,15:14:10.678000,10522,10523,10522,8
2020-04-17,15:14:10.679000,10522,10523,10522,3
2020-04-17,15:14:11.908000,10521,10522,10521,1
2020-04-17,15:14:12.001000,10521,10522,10521,1
2020-04-17,15:14:12.648000,10521,10522,10521,4
2020-04-17,15:14:16.234000,10520,10521,10521,1
2020-04-17,15:14:16.650000,10521,10522,10521,1
2020-04-17,15:14:17.016000,10520,10522,10520,1
2020-04-17,15:14:17.684000,10520,10521,10520,2
2020-04-17,15:14:18.044000,10520,10521,10521,1
2020-04-17,15:14:19.533000,10520,10521,10521,1
2020-04-17,15:14:20.050000,10520,10521,10521,1
2020-04-17,15:14:20.050000,10520,10521,10521,2
2020-04-17,15:14:21.504000,10521,10522,10521,1
2020-04-17,15:14:22.777000,10521,10522,10521,1
2020-04-17,15:14:24.021000,10521,10522,10521,4
2020-04-17,15:14:24.026000,10521,10522,10521,1
2020-04-17,15:14:24.230000,10520,10521,10520,3
2020-04-17,15:14:24.975000,10521,10522,10521,1
2020-04-17,15:14:27.027000,10521,10522,10521,1
2020-04-17,15:14:30.725000,10521,10522,10521,2
2020-04-17,15:14:31.322000,10521,10522,10522,3
2020-04-17,15:14:31.429000,10521,10522,10522,13
2020-04-17,15:14:31.698000,10522,10523,10522,8
2020-04-17,15:14:31.699000,10522,10523,10522,1
2020-04-17,15:14:35.564000,10522,10523,10522,1
2020-04-17,15:14:35.899000,10522,10523,10522,1
2020-04-17,15:14:35.899000,10522,10523,10521,2
2020-04-17,15:14:36.297000,10522,10523,10522,1
2020-04-17,15:14:36.520000,10521,10523,10521,1
2020-04-17,15:14:37.663000,10521,10522,10522,2
2020-04-17,15:14:37.796000,10521,10523,10522,1
2020-04-17,15:14:39.696000,10522,10523,10522,1
2020-04-17,15:14:40.145000,10522,10523,10523,9
2020-04-17,15:14:44.496000,10522,10524,10524,1
2020-04-17,15:14:44.706000,10522,10524,10524,1
2020-04-17,15:14:47.333000,10522,10524,10523,1
2020-04-17,15:14:47.970000,10523,10524,10524,3
2020-04-17,15:14:49.388000,10523,10524,10524,1
2020-04-17,15:14:53.420000,10524,10525,10524,1
2020-04-17,15:14:55.641000,10524,10525,10525,1
2020-04-17,15:14:59.338000,10524,10525,10525,4
2020-04-17,15:14:59.681000,10524,10525,10525,1
2020-04-17,15:14:59.760000,10524,10525,10525,1
2020-04-17,15:14:59.803000,10524,10525,10525,2
2020-04-17,15:14:59.804000,10524,10525,10525,2
2020-04-17,15:14:59.804000,10524,10525,10525,1
2020-04-17,15:15:00.497000,10524,10525,10525,2
2020-04-17,15:15:00.696000,10524,10525,10525,5
2020-04-17,15:15:01.556000,10525,10526,10525,1
2020-04-17,15:15:02.324000,10525,10526,10526,1
2020-04-17,15:15:02.482000,10525,10526,10526,1
2020-04-17,15:15:02.871000,10525,10526,10526,1
2020-04-17,15:15:02.871000,10525,10526,10526,1
2020-04-17,15:15:02.995000,10526,10527,10526,1
2020-04-17,15:15:04.466000,10526,10527,10527,1
2020-04-17,15:15:04.813000,10525,10527,10527,1
2020-04-17,15:15:06.451000,10525,10526,10526,1
2020-04-17,15:15:07.065000,10525,10526,10526,1
2020-04-17,15:15:07.422000,10525,10526,10526,1
2020-04-17,15:15:07.630000,10525,10526,10526,1
2020-04-17,15:15:07.701000,10525,10526,10526,1
2020-04-17,15:15:07.712000,10525,10526,10526,1
2020-04-17,15:15:08.265000,10525,10526,10526,1
2020-04-17,15:15:08.505000,10525,10526,10526,1
2020-04-17,15:15:08.505000,10525,10526,10526,1
2020-04-17,15:15:08.505000,10525,10526,10526,12
2020-04-17,15:15:08.507000,10525,10526,10526,1
2020-04-17,15:15:08.507000,10525,10526,10526,1
2020-04-17,15:15:08.868000,10525,10526,10525,3
2020-04-17,15:15:12.535000,10525,10526,10526,1
2020-04-17,15:15:12.870000,10525,10527,10527,1
2020-04-17,15:15:13.885000,10525,10527,10525,1
2020-04-17,15:15:20.566000,10526,10527,10526,1
2020-04-17,15:15:23.701000,10526,10527,10526,1
2020-04-17,15:15:24.075000,10526,10527,10527,2
2020-04-17,15:15:24.079000,10526,10527,10527,2
2020-04-17,15:15:28.252000,10527,10528,10527,1
2020-04-17,15:15:28.669000,10526,10527,10527,1
2020-04-17,15:15:28.849000,10527,10528,10528,1
2020-04-17,15:15:29.160000,10527,10528,10528,1
2020-04-17,15:15:29.856000,10527,10528,10528,2
2020-04-17,15:15:31.447000,10527,10528,10528,2
2020-04-17,15:15:34.251000,10527,10528,10528,1
2020-04-17,15:15:34.251000,10527,10528,10528,3
2020-04-17,15:15:34.251000,10527,10528,10528,1
2020-04-17,15:15:34.251000,10527,10528,10528,1
2020-04-17,15:15:34.251000,10527,10528,10528,1
2020-04-17,15:15:34.252000,10527,10528,10528,1
2020-04-17,15:15:34.253000,10527,10528,10528,1
2020-04-17,15:15:34.253000,10527,10528,10528,1
2020-04-17,15:15:34.253000,10527,10528,10528,3
2020-04-17,15:15:34.333000,10528,10529,10529,1
2020-04-17,15:15:34.354000,10528,10529,10529,1
2020-04-17,15:15:37.798000,10529,10530,10529,3
2020-04-17,15:15:38.046000,10528,10529,10529,2
2020-04-17,15:15:38.562000,10528,10529,10529,1
2020-04-17,15:15:39.546000,10529,10530,10530,1
2020-04-17,15:15:39.798000,10529,10530,10530,1
2020-04-17,15:15:40.070000,10529,10530,10530,3
2020-04-17,15:15:40.951000,10529,10530,10530,1
2020-04-17,15:15:41.507000,10529,10530,10529,5
2020-04-17,15:15:42.422000,10528,10529,10529,1
2020-04-17,15:15:43.281000,10528,10529,10528,2
2020-04-17,15:15:43.680000,10528,10529,10528,1
2020-04-17,15:15:44.673000,10527,10529,10529,1
2020-04-17,15:15:44.731000,10527,10529,10529,1
2020-04-17,15:15:45.616000,10527,10529,10529,1
2020-04-17,15:15:47.197000,10527,10528,10528,1
2020-04-17,15:15:47.832000,10527,10528,10528,1
2020-04-17,15:15:47.937000,10527,10528,10528,3
2020-04-17,15:15:47.937000,10527,10528,10528,1
2020-04-17,15:15:48.245000,10527,10528,10528,1
2020-04-17,15:15:48.350000,10527,10529,10529,1
2020-04-17,15:15:49.305000,10527,10528,10528,1
2020-04-17,15:15:49.440000,10527,10529,10528,1
2020-04-17,15:15:50.272000,10528,10529,10529,21
2020-04-17,15:15:50.359000,10529,10530,10530,7
2020-04-17,15:15:50.360000,10529,10530,10530,1
2020-04-17,15:15:50.360000,10529,10530,10530,5
2020-04-17,15:15:51.427000,10530,10531,10531,1
2020-04-17,15:15:51.428000,10530,10531,10531,6
2020-04-17,15:15:51.430000,10530,10531,10531,22
2020-04-17,15:15:53.369000,10531,10532,10532,1
2020-04-17,15:15:53.818000,10531,10532,10531,1
2020-04-17,15:15:53.860000,10531,10532,10532,1
2020-04-17,15:15:55.289000,10530,10531,10531,1
2020-04-17,15:15:55.707000,10530,10531,10531,1
2020-04-17,15:15:56.208000,10530,10531,10531,1
2020-04-17,15:15:56.669000,10530,10531,10531,1
2020-04-17,15:15:56.688000,10530,10531,10531,1
2020-04-17,15:15:58.714000,10530,10532,10532,1
2020-04-17,15:15:58.958000,10530,10532,10530,1
2020-04-17,15:15:59.822000,10530,10532,10532,1
2020-04-17,15:15:59.894000,10530,10532,10532,1
2020-04-17,15:16:00.883000,10530,10531,10531,1
2020-04-17,15:16:01.158000,10530,10531,10530,2
2020-04-17,15:16:01.233000,10530,10531,10531,1
2020-04-17,15:16:01.321000,10530,10531,10531,3
2020-04-17,15:16:02.814000,10530,10531,10531,1
2020-04-17,15:16:03.716000,10530,10531,10531,1
2020-04-17,15:16:03.921000,10530,10532,10531,1
2020-04-17,15:16:04.408000,10530,10532,10532,1
2020-04-17,15:16:06.817000,10531,10532,10531,1
2020-04-17,15:16:06.984000,10531,10532,10531,2
2020-04-17,15:16:07.700000,10531,10532,10532,1
2020-04-17,15:16:08.798000,10531,10532,10532,1
2020-04-17,15:16:08.798000,10531,10532,10532,1
2020-04-17,15:16:08.800000,10531,10532,10532,9
2020-04-17,15:16:08.905000,10532,10533,10532,1
2020-04-17,15:16:08.916000,10532,10533,10533,1
2020-04-17,15:16:08.929000,10532,10533,10533,1
2020-04-17,15:16:08.929000,10532,10533,10533,1
2020-04-17,15:16:08.929000,10532,10533,10533,5
2020-04-17,15:16:08.941000,10532,10533,10534,1
2020-04-17,15:16:09.208000,10533,10534,10534,1
2020-04-17,15:16:09.564000,10533,10534,10534,1
2020-04-17,15:16:11.664000,10533,10534,10534,2
2020-04-17,15:16:12.988000,10533,10534,10534,1
2020-04-17,15:16:14.086000,10533,10534,10533,4
2020-04-17,15:16:14.712000,10532,10533,10533,2
2020-04-17,15:16:16.808000,10532,10533,10533,1
2020-04-17,15:16:17.577000,10532,10533,10533,1
2020-04-17,15:16:17.934000,10532,10533,10533,1
2020-04-17,15:16:18.149000,10532,10533,10533,4
2020-04-17,15:16:18.149000,10532,10533,10533,1
2020-04-17,15:16:18.179000,10532,10533,10533,4
2020-04-17,15:16:18.529000,10533,10534,10533,1
2020-04-17,15:16:19.773000,10533,10534,10533,1
2020-04-17,15:16:19.855000,10533,10534,10533,1
2020-04-17,15:16:19.855000,10533,10534,10532,4
2020-04-17,15:16:19.904000,10533,10534,10534,1
2020-04-17,15:16:23.285000,10533,10534,10534,2
2020-04-17,15:16:25.807000,10533,10534,10533,1
2020-04-17,15:16:25.807000,10533,10534,10533,5
2020-04-17,15:16:26.096000,10532,10533,10533,2
2020-04-17,15:16:28.251000,10532,10533,10533,3
2020-04-17,15:16:28.740000,10532,10533,10533,4
2020-04-17,15:16:31.248000,10532,10533,10533,2
2020-04-17,15:16:32.141000,10533,10534,10533,2
2020-04-17,15:16:32.770000,10533,10534,10533,1
2020-04-17,15:16:35.376000,10533,10534,10533,1
2020-04-17,15:16:35.996000,10532,10533,10533,1
2020-04-17,15:16:37.049000,10532,10533,10532,1
2020-04-17,15:16:40.875000,10532,10533,10532,1
2020-04-17,15:16:41.351000,10532,10533,10533,2
2020-04-17,15:16:43.496000,10532,10534,10532,1
2020-04-17,15:16:52.559000,10532,10533,10533,1
2020-04-17,15:16:56.804000,10532,10533,10532,6
2020-04-17,15:16:57.770000,10531,10533,10531,1
2020-04-17,15:16:59.786000,10531,10532,10532,1
2020-04-17,15:17:00.528000,10531,10533,10533,2
2020-04-17,15:17:01.846000,10532,10534,10532,1
2020-04-17,15:17:05.464000,10531,10533,10531,1
2020-04-17,15:17:15.071000,10531,10532,10532,8
2020-04-17,15:17:21.935000,10531,10532,10531,1
2020-04-17,15:17:30.190000,10531,10532,10532,1
2020-04-17,15:17:33.015000,10531,10532,10532,1
2020-04-17,15:17:34.161000,10531,10532,10531,15
2020-04-17,15:17:34.179000,10530,10531,10530,6
2020-04-17,15:17:34.179000,10530,10531,10530,5
2020-04-17,15:17:38.871000,10530,10532,10530,1
2020-04-17,15:17:41.378000,10531,10532,10532,3
2020-04-17,15:17:41.504000,10531,10533,10532,1
2020-04-17,15:17:41.505000,10531,10533,10532,1
2020-04-17,15:17:41.505000,10531,10533,10532,1
2020-04-17,15:17:41.515000,10531,10533,10532,1
2020-04-17,15:17:44.930000,10531,10532,10532,3
2020-04-17,15:17:49.257000,10532,10533,10532,2
2020-04-17,15:17:49.938000,10532,10533,10533,8
2020-04-17,15:17:51.303000,10533,10534,10533,4
2020-04-17,15:17:51.930000,10532,10534,10532,1
2020-04-17,15:17:58.678000,10533,10534,10534,5
2020-04-17,15:17:58.679000,10533,10534,10534,12
2020-04-17,15:17:58.679000,10533,10534,10534,4
2020-04-17,15:17:58.679000,10533,10534,10534,2
2020-04-17,15:17:58.679000,10533,10534,10534,2
2020-04-17,15:18:06.240000,10533,10534,10534,1
2020-04-17,15:18:06.656000,10533,10534,10534,2
2020-04-17,15:18:07.534000,10533,10534,10534,1
2020-04-17,15:18:07.534000,10533,10534,10534,1
2020-04-17,15:18:08.745000,10534,10535,10534,1
2020-04-17,15:18:12.025000,10534,10535,10535,2
2020-04-17,15:18:12.025000,10534,10535,10535,2
2020-04-17,15:18:12.026000,10534,10535,10535,1
2020-04-17,15:18:12.026000,10534,10535,10535,1
2020-04-17,15:18:12.026000,10534,10535,10535,1
2020-04-17,15:18:12.026000,10534,10535,10535,1
2020-04-17,15:18:12.281000,10535,10536,10536,1
2020-04-17,15:18:12.870000,10535,10536,10535,1
2020-04-17,15:18:15.649000,10535,10536,10536,2
2020-04-17,15:18:15.745000,10535,10536,10536,1
2020-04-17,15:18:16.260000,10535,10536,10535,2
2020-04-17,15:18:16.260000,10535,10536,10534,1
2020-04-17,15:18:18.184000,10535,10536,10535,1
2020-04-17,15:18:20.542000,10535,10536,10535,1
2020-04-17,15:18:20.686000,10535,10536,10535,1
2020-04-17,15:18:22.666000,10535,10536,10535,1
2020-04-17,15:18:25.788000,10535,10536,10536,1
2020-04-17,15:18:26.971000,10535,10536,10535,1
2020-04-17,15:18:27.144000,10535,10536,10536,2
2020-04-17,15:18:27.937000,10535,10536,10535,1
2020-04-17,15:18:28.676000,10535,10536,10535,2
2020-04-17,15:18:31.364000,10535,10536,10535,1
2020-04-17,15:18:36.275000,10535,10536,10536,1
2020-04-17,15:18:37.511000,10535,10536,10536,1
2020-04-17,15:18:37.679000,10535,10536,10536,1
2020-04-17,15:18:39.567000,10535,10536,10536,1
2020-04-17,15:18:40.789000,10535,10536,10535,3
2020-04-17,15:18:41.437000,10535,10536,10536,1
2020-04-17,15:18:42.621000,10535,10536,10536,1
2020-04-17,15:18:44.476000,10535,10536,10536,2
2020-04-17,15:18:44.995000,10535,10536,10536,4
2020-04-17,15:18:44.996000,10535,10536,10536,1
2020-04-17,15:18:44.996000,10535,10536,10536,2
2020-04-17,15:18:45.890000,10536,10537,10536,1
2020-04-17,15:18:49.592000,10535,10536,10536,1
2020-04-17,15:18:49.819000,10535,10536,10535,2
2020-04-17,15:18:50.303000,10535,10536,10535,9
2020-04-17,15:18:50.553000,10534,10535,10534,2
2020-04-17,15:18:50.763000,10533,10535,10535,1
2020-04-17,15:18:53.642000,10534,10536,10535,1
2020-04-17,15:18:55.924000,10535,10536,10535,1
2020-04-17,15:19:02.162000,10534,10536,10534,2
2020-04-17,15:19:05.020000,10534,10535,10535,1
2020-04-17,15:19:08.668000,10535,10536,10536,2
2020-04-17,15:19:09.299000,10535,10536,10536,1
2020-04-17,15:19:09.568000,10535,10536,10536,2
2020-04-17,15:19:12.542000,10536,10537,10536,1
2020-04-17,15:19:13.285000,10536,10537,10536,1
2020-04-17,15:19:14.676000,10536,10537,10537,1
2020-04-17,15:19:14.676000,10536,10537,10537,1
2020-04-17,15:19:14.676000,10536,10537,10537,1
2020-04-17,15:19:14.677000,10536,10537,10537,1
2020-04-17,15:19:14.677000,10536,10537,10537,1
2020-04-17,15:19:14.677000,10536,10537,10537,1
2020-04-17,15:19:14.677000,10536,10537,10537,1
2020-04-17,15:19:14.678000,10536,10537,10537,1
2020-04-17,15:19:14.678000,10536,10537,10537,1
2020-04-17,15:19:14.678000,10536,10537,10537,1
2020-04-17,15:19:14.678000,10536,10537,10537,1
2020-04-17,15:19:14.678000,10536,10537,10537,1
2020-04-17,15:19:14.828000,10537,10538,10537,1
2020-04-17,15:19:15.585000,10537,10538,10537,1
2020-04-17,15:19:15.926000,10536,10537,10537,1
2020-04-17,15:19:18.941000,10536,10537,10537,1
2020-04-17,15:19:18.941000,10536,10537,10538,1
2020-04-17,15:19:19.209000,10537,10538,10537,1
2020-04-17,15:19:20.725000,10537,10538,10537,1
2020-04-17,15:19:23.787000,10537,10538,10538,2
2020-04-17,15:19:24.921000,10537,10538,10538,1
2020-04-17,15:19:26.411000,10537,10538,10538,1
2020-04-17,15:19:28.671000,10537,10538,10538,1
2020-04-17,15:19:30.484000,10537,10538,10538,1
2020-04-17,15:19:31.592000,10537,10538,10538,1
2020-04-17,15:19:31.738000,10537,10538,10538,1
2020-04-17,15:19:35.858000,10537,10538,10538,2
2020-04-17,15:19:36.419000,10537,10538,10538,1
2020-04-17,15:19:37.160000,10537,10538,10538,1
2020-04-17,15:19:37.163000,10537,10538,10538,2
2020-04-17,15:19:37.167000,10537,10538,10538,12
2020-04-17,15:19:37.533000,10538,10539,10538,1
2020-04-17,15:19:38.547000,10537,10538,10538,1
2020-04-17,15:19:38.757000,10537,10538,10538,1
2020-04-17,15:19:39.265000,10538,10539,10538,1
2020-04-17,15:19:40.467000,10537,10538,10538,4
2020-04-17,15:19:41.406000,10537,10538,10537,1
2020-04-17,15:19:41.959000,10537,10538,10538,1
2020-04-17,15:19:43.345000,10537,10538,10538,3
2020-04-17,15:19:44.161000,10537,10538,10538,2
2020-04-17,15:19:44.930000,10537,10538,10538,2
2020-04-17,15:19:44.931000,10537,10538,10538,1
2020-04-17,15:19:46.995000,10537,10539,10539,17
2020-04-17,15:19:46.995000,10537,10539,10540,13
2020-04-17,15:19:46.997000,10537,10539,10539,1
2020-04-17,15:19:47.203000,10539,10540,10539,1
2020-04-17,15:19:48.035000,10538,10539,10539,2
2020-04-17,15:19:48.035000,10538,10539,10539,3
2020-04-17,15:19:48.035000,10538,10539,10539,2
2020-04-17,15:19:48.327000,10538,10539,10538,1
2020-04-17,15:19:48.937000,10538,10539,10538,1
2020-04-17,15:19:49.175000,10538,10539,10539,3
2020-04-17,15:19:49.805000,10538,10539,10538,1
2020-04-17,15:19:52.955000,10538,10539,10538,1
2020-04-17,15:19:53.073000,10538,10539,10538,2
2020-04-17,15:19:54.706000,10538,10539,10538,1
2020-04-17,15:19:54.849000,10538,10539,10539,5
2020-04-17,15:19:56.311000,10539,10540,10539,1
2020-04-17,15:19:56.475000,10539,10540,10539,1
2020-04-17,15:19:58.220000,10539,10540,10539,2
2020-04-17,15:19:58.892000,10538,10539,10539,1
2020-04-17,15:20:01.105000,10539,10540,10539,1
2020-04-17,15:20:01.930000,10538,10539,10539,1
2020-04-17,15:20:05.514000,10538,10539,10539,2
2020-04-17,15:20:05.542000,10538,10539,10539,3
2020-04-17,15:20:06.729000,10539,10540,10539,1
2020-04-17,15:20:07.204000,10539,10540,10540,25
2020-04-17,15:20:07.205000,10539,10540,10540,2
2020-04-17,15:20:07.509000,10540,10541,10540,5
2020-04-17,15:20:11.197000,10539,10540,10540,15
2020-04-17,15:20:11.198000,10539,10540,10540,5
2020-04-17,15:20:11.198000,10539,10540,10540,1
2020-04-17,15:20:11.221000,10539,10540,10539,7
2020-04-17,15:20:11.222000,10539,10540,10539,3
2020-04-17,15:20:11.223000,10539,10540,10539,32
2020-04-17,15:20:11.304000,10538,10539,10538,4
2020-04-17,15:20:11.317000,10538,10539,10538,1
2020-04-17,15:20:11.500000,10537,10538,10538,1
2020-04-17,15:20:11.665000,10537,10538,10538,1
2020-04-17,15:20:13.052000,10537,10538,10538,1
2020-04-17,15:20:13.301000,10537,10538,10537,1
2020-04-17,15:20:15.574000,10537,10538,10538,2
2020-04-17,15:20:17.554000,10538,10539,10539,1
2020-04-17,15:20:18.486000,10538,10539,10539,2
2020-04-17,15:20:22.091000,10538,10539,10539,1
2020-04-17,15:20:22.735000,10538,10539,10539,1
2020-04-17,15:20:23.057000,10539,10540,10540,1
2020-04-17,15:20:24.211000,10539,10540,10539,8
2020-04-17,15:20:27.303000,10538,10539,10539,3
2020-04-17,15:20:27.306000,10538,10540,10539,2
2020-04-17,15:20:27.307000,10538,10540,10539,1
2020-04-17,15:20:29.078000,10538,10540,10539,1
2020-04-17,15:20:32.081000,10539,10540,10539,7
2020-04-17,15:20:32.082000,10539,10540,10539,2
2020-04-17,15:20:32.082000,10539,10540,10539,1
2020-04-17,15:20:34.568000,10538,10539,10538,4
2020-04-17,15:20:34.920000,10537,10538,10538,1
2020-04-17,15:20:37.383000,10537,10538,10538,1
2020-04-17,15:20:37.642000,10537,10538,10538,1
2020-04-17,15:20:42.304000,10537,10538,10537,1
2020-04-17,15:20:42.306000,10537,10538,10537,4
2020-04-17,15:20:44.174000,10537,10538,10537,1
2020-04-17,15:20:45.289000,10537,10538,10538,1
2020-04-17,15:20:45.289000,10537,10538,10538,3
2020-04-17,15:20:47.157000,10538,10539,10538,4
2020-04-17,15:20:47.564000,10538,10539,10538,2
2020-04-17,15:20:54.726000,10538,10539,10538,1
2020-04-17,15:20:59.341000,10538,10539,10538,1
2020-04-17,15:21:00.393000,10538,10539,10538,1
2020-04-17,15:21:01.629000,10538,10539,10539,1
2020-04-17,15:21:02.398000,10538,10539,10538,2
2020-04-17,15:21:02.571000,10538,10539,10538,1
2020-04-17,15:21:03.829000,10538,10539,10538,1
2020-04-17,15:21:04.172000,10537,10538,10537,2
2020-04-17,15:21:06.962000,10537,10538,10537,1
2020-04-17,15:21:06.962000,10537,10538,10537,1
2020-04-17,15:21:07.948000,10536,10537,10536,1
2020-04-17,15:21:08.151000,10536,10538,10536,1
2020-04-17,15:21:09.919000,10536,10537,10537,1
2020-04-17,15:21:12.695000,10536,10537,10536,1
2020-04-17,15:21:13.604000,10536,10537,10536,1
2020-04-17,15:21:14.076000,10536,10537,10536,2
2020-04-17,15:21:16.693000,10536,10537,10536,2
2020-04-17,15:21:19.279000,10536,10537,10537,1
2020-04-17,15:21:20.491000,10537,10538,10537,3
2020-04-17,15:21:20.491000,10537,10538,10536,2
2020-04-17,15:21:22.680000,10537,10538,10537,2
2020-04-17,15:21:24.623000,10537,10538,10537,3
2020-04-17,15:21:25.825000,10537,10538,10538,1
2020-04-17,15:21:25.825000,10537,10538,10538,4
2020-04-17,15:21:25.972000,10538,10539,10539,7
2020-04-17,15:21:25.972000,10538,10539,10539,2
2020-04-17,15:21:25.972000,10538,10539,10539,1
2020-04-17,15:21:25.972000,10538,10539,10539,1
2020-04-17,15:21:25.972000,10538,10539,10539,1
2020-04-17,15:21:25.972000,10538,10539,10539,1
2020-04-17,15:21:26.555000,10538,10540,10538,5
2020-04-17,15:21:30.995000,10538,10539,10539,6
2020-04-17,15:21:31.196000,10539,10540,10539,1
2020-04-17,15:21:32.327000,10539,10540,10539,1
2020-04-17,15:21:32.701000,10539,10540,10539,1
2020-04-17,15:21:32.701000,10539,10540,10539,4
2020-04-17,15:21:38.895000,10538,10539,10538,1
2020-04-17,15:21:39.680000,10538,10539,10539,1
2020-04-17,15:21:40.150000,10538,10539,10539,1
2020-04-17,15:21:40.658000,10538,10539,10538,1
2020-04-17,15:21:44.069000,10537,10538,10538,1
2020-04-17,15:21:46.674000,10538,10539,10538,1
2020-04-17,15:21:47.804000,10538,10539,10539,1
2020-04-17,15:21:47.805000,10538,10539,10539,3
2020-04-17,15:21:47.805000,10538,10539,10539,1
2020-04-17,15:21:54.392000,10539,10540,10539,1
2020-04-17,15:21:54.392000,10539,10540,10539,1
2020-04-17,15:22:01.217000,10539,10540,10539,1
2020-04-17,15:22:01.217000,10539,10540,10539,1
2020-04-17,15:22:01.613000,10538,10539,10539,1
2020-04-17,15:22:05.381000,10539,10540,10539,1
2020-04-17,15:22:12.427000,10538,10539,10539,1
2020-04-17,15:22:13.493000,10539,10540,10539,4
2020-04-17,15:22:13.868000,10538,10539,10538,2
2020-04-17,15:22:14.170000,10537,10539,10538,2
2020-04-17,15:22:14.321000,10537,10539,10538,1
2020-04-17,15:22:17.377000,10537,10539,10537,1
2020-04-17,15:22:17.764000,10537,10539,10537,2
2020-04-17,15:22:19.054000,10537,10538,10537,9
2020-04-17,15:22:20.149000,10536,10537,10536,1
2020-04-17,15:22:20.167000,10536,10537,10536,5
2020-04-17,15:22:20.167000,10536,10537,10536,1
2020-04-17,15:22:20.177000,10536,10537,10535,1
2020-04-17,15:22:20.192000,10535,10536,10535,1
2020-04-17,15:22:20.204000,10535,10536,10535,3
2020-04-17,15:22:20.304000,10534,10535,10535,1
2020-04-17,15:22:20.429000,10534,10535,10535,1
2020-04-17,15:22:20.548000,10534,10535,10536,1
2020-04-17,15:22:23.924000,10535,10536,10536,1
2020-04-17,15:22:24.180000,10535,10536,10536,1
2020-04-17,15:22:24.442000,10535,10536,10536,1
2020-04-17,15:22:26.154000,10536,10537,10536,1
2020-04-17,15:22:26.615000,10535,10537,10536,1
2020-04-17,15:22:26.685000,10535,10536,10536,1
2020-04-17,15:22:30.211000,10537,10538,10537,2
2020-04-17,15:22:31.002000,10536,10538,10536,1
2020-04-17,15:22:32.732000,10537,10538,10538,1
2020-04-17,15:22:32.929000,10537,10538,10538,1
2020-04-17,15:22:34.966000,10537,10538,10537,1
2020-04-17,15:22:43.719000,10538,10539,10539,2
2020-04-17,15:22:43.719000,10538,10539,10539,1
2020-04-17,15:22:43.741000,10538,10539,10539,3
2020-04-17,15:22:45.747000,10539,10540,10539,1
2020-04-17,15:22:48.463000,10538,10539,10539,1
2020-04-17,15:22:49.726000,10539,10540,10540,2
2020-04-17,15:22:49.991000,10539,10540,10540,1
2020-04-17,15:22:50.377000,10539,10540,10539,1
2020-04-17,15:22:50.576000,10539,10540,10540,1
2020-04-17,15:22:50.712000,10539,10540,10540,18
2020-04-17,15:22:50.945000,10540,10542,10542,1
2020-04-17,15:22:50.949000,10540,10542,10542,1
2020-04-17,15:22:51.297000,10541,10542,10542,1
2020-04-17,15:22:51.349000,10541,10542,10542,1
2020-04-17,15:22:53.528000,10541,10542,10541,1
2020-04-17,15:22:56.151000,10540,10541,10541,1
2020-04-17,15:22:56.258000,10540,10541,10541,1
2020-04-17,15:22:59.480000,10541,10542,10542,1
2020-04-17,15:23:00.716000,10541,10542,10542,2
2020-04-17,15:23:01.561000,10541,10542,10542,2
2020-04-17,15:23:01.561000,10541,10542,10543,3
2020-04-17,15:23:01.718000,10541,10543,10543,1
2020-04-17,15:23:02.645000,10542,10543,10542,1
2020-04-17,15:23:05.290000,10542,10543,10542,1
2020-04-17,15:23:05.798000,10542,10543,10542,1
2020-04-17,15:23:06.096000,10541,10543,10543,2
2020-04-17,15:23:07.974000,10542,10543,10542,1
2020-04-17,15:23:12.372000,10541,10542,10541,2
2020-04-17,15:23:12.765000,10540,10542,10542,1
2020-04-17,15:23:13.060000,10540,10542,10542,1
2020-04-17,15:23:15.355000,10542,10543,10542,2
2020-04-17,15:23:15.804000,10542,10543,10542,1
2020-04-17,15:23:17.134000,10541,10542,10542,2
2020-04-17,15:23:19.032000,10542,10543,10543,1
2020-04-17,15:23:20.483000,10542,10543,10543,4
2020-04-17,15:23:25.203000,10543,10544,10543,1
2020-04-17,15:23:28.860000,10542,10543,10543,2
2020-04-17,15:23:29.310000,10543,10544,10544,12
2020-04-17,15:23:30.622000,10544,10545,10545,3
2020-04-17,15:23:30.709000,10544,10545,10545,1
2020-04-17,15:23:32.711000,10544,10545,10545,3
2020-04-17,15:23:33.610000,10544,10545,10544,1
2020-04-17,15:23:34.325000,10544,10545,10545,4
2020-04-17,15:23:34.478000,10544,10545,10545,14
2020-04-17,15:23:34.729000,10545,10546,10545,10
2020-04-17,15:23:34.730000,10545,10546,10545,3
2020-04-17,15:23:35.188000,10544,10545,10545,1
2020-04-17,15:23:36.470000,10545,10546,10546,4
2020-04-17,15:23:38.222000,10545,10546,10546,3
2020-04-17,15:23:38.223000,10545,10546,10546,2
2020-04-17,15:23:38.304000,10545,10546,10546,1
2020-04-17,15:23:38.304000,10545,10546,10546,5
2020-04-17,15:23:40.106000,10546,10547,10546,1
2020-04-17,15:23:40.760000,10546,10547,10546,1
2020-04-17,15:23:40.929000,10545,10546,10545,2
2020-04-17,15:23:42.753000,10545,10546,10546,2
2020-04-17,15:23:43.554000,10545,10546,10546,2
2020-04-17,15:23:44.521000,10546,10547,10547,13
2020-04-17,15:23:44.772000,10547,10548,10547,10
2020-04-17,15:23:44.773000,10547,10548,10547,3
2020-04-17,15:23:44.897000,10546,10547,10546,1
2020-04-17,15:23:45.040000,10546,10547,10546,1
2020-04-17,15:23:45.532000,10546,10547,10546,2
2020-04-17,15:23:45.768000,10546,10547,10546,1
2020-04-17,15:23:47.524000,10546,10548,10546,7
2020-04-17,15:23:48.421000,10545,10547,10547,1
2020-04-17,15:23:50.729000,10546,10547,10546,5
2020-04-17,15:23:51.292000,10545,10546,10546,1
2020-04-17,15:23:52.065000,10546,10547,10546,1
2020-04-17,15:23:52.964000,10545,10547,10547,1
2020-04-17,15:23:53.012000,10545,10547,10546,1
2020-04-17,15:23:53.301000,10545,10546,10546,5
2020-04-17,15:23:53.354000,10546,10547,10547,2
2020-04-17,15:23:53.400000,10546,10547,10547,1
2020-04-17,15:23:53.767000,10547,10548,10547,1
2020-04-17,15:23:54.340000,10546,10547,10547,2
2020-04-17,15:23:56.560000,10547,10548,10548,4
2020-04-17,15:23:56.679000,10547,10548,10548,3
2020-04-17,15:23:57.116000,10548,10549,10548,1
2020-04-17,15:23:57.805000,10548,10549,10549,1
2020-04-17,15:23:58.076000,10548,10549,10549,3
2020-04-17,15:23:58.500000,10548,10549,10549,1
2020-04-17,15:23:59.846000,10548,10549,10549,4
2020-04-17,15:23:59.846000,10548,10549,10550,2
2020-04-17,15:23:59.995000,10549,10550,10550,1
2020-04-17,15:24:00.028000,10549,10550,10550,1
2020-04-17,15:24:00.252000,10549,10550,10550,1
2020-04-17,15:24:00.261000,10549,10550,10550,1
2020-04-17,15:24:00.307000,10549,10550,10550,1
2020-04-17,15:24:00.427000,10549,10550,10550,1
2020-04-17,15:24:00.445000,10549,10550,10550,1
2020-04-17,15:24:00.445000,10549,10550,10550,11
2020-04-17,15:24:00.453000,10549,10550,10551,1
2020-04-17,15:24:00.610000,10550,10551,10551,1
2020-04-17,15:24:00.613000,10550,10551,10551,2
2020-04-17,15:24:00.659000,10550,10551,10551,1
2020-04-17,15:24:00.663000,10550,10551,10551,1
2020-04-17,15:24:00.695000,10550,10551,10551,2
2020-04-17,15:24:00.719000,10550,10551,10551,7
2020-04-17,15:24:00.719000,10550,10551,10552,8
2020-04-17,15:24:00.756000,10550,10551,10552,1
2020-04-17,15:24:00.806000,10551,10552,10552,1
2020-04-17,15:24:00.838000,10551,10552,10551,6
2020-04-17,15:24:00.838000,10551,10552,10550,4
2020-04-17,15:24:00.949000,10550,10552,10552,1
2020-04-17,15:24:01.083000,10550,10552,10552,1
2020-04-17,15:24:01.150000,10550,10552,10550,1
2020-04-17,15:24:01.296000,10550,10552,10552,1
2020-04-17,15:24:01.332000,10550,10552,10552,1
2020-04-17,15:24:01.379000,10550,10552,10552,1
2020-04-17,15:24:01.593000,10551,10552,10552,1
2020-04-17,15:24:01.596000,10551,10552,10552,1
2020-04-17,15:24:01.611000,10551,10552,10552,1
2020-04-17,15:24:01.850000,10551,10552,10552,3
2020-04-17,15:24:01.850000,10551,10552,10553,2
2020-04-17,15:24:02.037000,10551,10553,10553,5
2020-04-17,15:24:02.179000,10552,10553,10552,2
2020-04-17,15:24:02.481000,10551,10552,10552,2
2020-04-17,15:24:02.571000,10551,10553,10551,2
2020-04-17,15:24:03.289000,10551,10553,10553,4
2020-04-17,15:24:03.468000,10552,10553,10552,3
2020-04-17,15:24:05.696000,10551,10552,10552,1
2020-04-17,15:24:05.747000,10551,10552,10552,1
2020-04-17,15:24:07.351000,10550,10551,10551,1
2020-04-17,15:24:07.622000,10550,10551,10551,1
2020-04-17,15:24:08.916000,10550,10552,10550,1
2020-04-17,15:24:09.456000,10550,10551,10550,5
2020-04-17,15:24:10.560000,10549,10550,10550,1
2020-04-17,15:24:11.026000,10549,10550,10550,1
2020-04-17,15:24:11.219000,10549,10551,10551,1
2020-04-17,15:24:11.463000,10550,10551,10551,1
2020-04-17,15:24:11.805000,10550,10551,10550,2
2020-04-17,15:24:12.067000,10550,10551,10550,1
2020-04-17,15:24:12.995000,10549,10550,10550,1
2020-04-17,15:24:13.759000,10549,10550,10550,1
2020-04-17,15:24:14.746000,10549,10550,10550,5
2020-04-17,15:24:14.746000,10549,10550,10550,3
2020-04-17,15:24:15.851000,10550,10551,10550,1
2020-04-17,15:24:16.952000,10550,10551,10551,1
2020-04-17,15:24:17.326000,10550,10551,10551,1
2020-04-17,15:24:17.327000,10550,10551,10551,2
2020-04-17,15:24:17.431000,10550,10551,10551,1
2020-04-17,15:24:17.432000,10550,10551,10551,1
2020-04-17,15:24:17.432000,10550,10551,10551,2
2020-04-17,15:24:17.432000,10550,10551,10551,1
2020-04-17,15:24:17.433000,10550,10551,10551,1
2020-04-17,15:24:17.554000,10550,10551,10551,1
2020-04-17,15:24:17.554000,10550,10551,10551,1
2020-04-17,15:24:21.896000,10551,10552,10552,1
2020-04-17,15:24:23.334000,10551,10552,10551,1
2020-04-17,15:24:24.103000,10551,10552,10552,3
2020-04-17,15:24:24.421000,10551,10552,10552,1
2020-04-17,15:24:25.086000,10551,10552,10552,1
2020-04-17,15:24:25.127000,10551,10552,10551,6
2020-04-17,15:24:25.296000,10551,10552,10552,1
2020-04-17,15:24:25.516000,10552,10553,10552,2
2020-04-17,15:24:25.731000,10552,10553,10553,1
2020-04-17,15:24:27.554000,10552,10553,10553,2
2020-04-17,15:24:27.953000,10553,10554,10553,1
2020-04-17,15:24:28.179000,10553,10554,10553,1
2020-04-17,15:24:28.342000,10553,10554,10553,1
2020-04-17,15:24:28.875000,10553,10554,10553,2
2020-04-17,15:24:30.187000,10552,10553,10553,2
2020-04-17,15:24:30.660000,10552,10553,10553,1
2020-04-17,15:24:32.711000,10552,10553,10552,1
2020-04-17,15:24:33.128000,10552,10553,10553,1
2020-04-17,15:24:33.776000,10552,10553,10552,2
2020-04-17,15:24:33.776000,10552,10553,10552,2
2020-04-17,15:24:33.815000,10551,10552,10551,13
2020-04-17,15:24:34.018000,10550,10552,10552,1
2020-04-17,15:24:34.455000,10550,10552,10551,1
2020-04-17,15:24:34.945000,10550,10552,10550,1
2020-04-17,15:24:36.229000,10551,10553,10553,1
2020-04-17,15:24:41.172000,10551,10553,10551,1
2020-04-17,15:24:45.588000,10551,10552,10551,4
2020-04-17,15:24:46.002000,10550,10551,10550,1
2020-04-17,15:24:46.940000,10550,10551,10550,1
2020-04-17,15:24:49.303000,10550,10551,10550,1
2020-04-17,15:24:50.131000,10550,10551,10551,3
2020-04-17,15:24:50.460000,10551,10552,10551,1
2020-04-17,15:24:53.972000,10550,10551,10551,3
2020-04-17,15:24:53.978000,10550,10551,10552,1
2020-04-17,15:24:54.135000,10551,10552,10551,1
2020-04-17,15:24:57.178000,10551,10552,10551,1
2020-04-17,15:24:58.082000,10551,10552,10551,11
2020-04-17,15:24:59.391000,10550,10551,10550,1
2020-04-17,15:24:59.595000,10550,10551,10550,1
2020-04-17,15:24:59.638000,10550,10551,10550,1
2020-04-17,15:24:59.638000,10550,10551,10550,6
2020-04-17,15:25:00.414000,10549,10551,10550,4
2020-04-17,15:25:00.414000,10549,10551,10551,7
2020-04-17,15:25:00.439000,10550,10551,10551,1
2020-04-17,15:25:00.456000,10550,10551,10551,2
2020-04-17,15:25:01.465000,10550,10552,10550,1
2020-04-17,15:25:01.969000,10550,10551,10550,1
2020-04-17,15:25:03.844000,10550,10551,10550,1
2020-04-17,15:25:04.963000,10549,10550,10550,1
2020-04-17,15:25:05.443000,10549,10550,10550,1
2020-04-17,15:25:06.601000,10550,10551,10550,1
2020-04-17,15:25:08.355000,10550,10551,10550,1
2020-04-17,15:25:08.593000,10550,10551,10550,1
2020-04-17,15:25:10.707000,10550,10551,10550,1
2020-04-17,15:25:10.910000,10550,10551,10550,1
2020-04-17,15:25:14.320000,10549,10550,10550,3
2020-04-17,15:25:15.266000,10550,10551,10550,1
2020-04-17,15:25:15.453000,10550,10551,10550,1
2020-04-17,15:25:15.654000,10550,10551,10550,1
2020-04-17,15:25:15.857000,10549,10551,10549,1
2020-04-17,15:25:19.356000,10550,10551,10550,1
2020-04-17,15:25:21.807000,10549,10550,10549,1
2020-04-17,15:25:22.092000,10549,10550,10550,1
2020-04-17,15:25:27.931000,10549,10550,10549,1
2020-04-17,15:25:30.417000,10549,10550,10549,1
2020-04-17,15:25:30.438000,10549,10550,10549,1
2020-04-17,15:25:31.378000,10549,10550,10549,2
2020-04-17,15:25:31.480000,10548,10550,10550,1
2020-04-17,15:25:31.839000,10549,10550,10549,1
2020-04-17,15:25:32.040000,10548,10550,10548,1
2020-04-17,15:25:32.172000,10548,10550,10548,1
2020-04-17,15:25:32.316000,10549,10550,10549,1
2020-04-17,15:25:34.387000,10548,10550,10548,1
2020-04-17,15:25:35.347000,10548,10549,10549,1
2020-04-17,15:25:38.428000,10548,10549,10548,5
2020-04-17,15:25:38.694000,10547,10549,10547,1
2020-04-17,15:25:38.839000,10547,10548,10548,1
2020-04-17,15:25:38.948000,10547,10549,10547,1
2020-04-17,15:25:39.253000,10547,10549,10549,1
2020-04-17,15:25:42.068000,10548,10549,10548,1
2020-04-17,15:25:46.089000,10548,10549,10548,1
2020-04-17,15:25:47.310000,10548,10549,10548,1
2020-04-17,15:25:48.133000,10548,10549,10548,1
2020-04-17,15:25:49.766000,10548,10549,10548,2
2020-04-17,15:25:53.556000,10548,10549,10548,1
2020-04-17,15:25:53.858000,10548,10549,10548,1
2020-04-17,15:25:54.862000,10547,10549,10547,1
2020-04-17,15:25:59.350000,10548,10549,10549,3
2020-04-17,15:25:59.566000,10548,10549,10549,10
2020-04-17,15:26:00.226000,10549,10550,10549,1
2020-04-17,15:26:00.226000,10549,10550,10548,1
2020-04-17,15:26:03.205000,10549,10550,10549,1
2020-04-17,15:26:04.651000,10549,10550,10549,1
2020-04-17,15:26:06.363000,10548,10550,10548,1
2020-04-17,15:26:07.023000,10548,10550,10550,1
2020-04-17,15:26:07.059000,10548,10550,10550,1
2020-04-17,15:26:07.611000,10548,10550,10548,1
2020-04-17,15:26:07.813000,10548,10549,10548,1
2020-04-17,15:26:11.306000,10549,10550,10549,1
2020-04-17,15:26:11.370000,10549,10550,10549,1
2020-04-17,15:26:11.371000,10549,10550,10549,1
2020-04-17,15:26:14.163000,10549,10550,10550,1
2020-04-17,15:26:15.707000,10549,10550,10550,2
2020-04-17,15:26:15.708000,10549,10550,10550,9
2020-04-17,15:26:17.073000,10550,10551,10550,1
2020-04-17,15:26:17.112000,10550,10551,10550,1
2020-04-17,15:26:17.985000,10550,10551,10550,3
2020-04-17,15:26:17.985000,10550,10551,10549,2
2020-04-17,15:26:18.350000,10550,10551,10550,1
2020-04-17,15:26:18.536000,10549,10551,10550,1
2020-04-17,15:26:22.727000,10549,10550,10549,1
2020-04-17,15:26:23.826000,10548,10549,10548,1
2020-04-17,15:26:23.886000,10548,10549,10549,1
2020-04-17,15:26:24.485000,10548,10549,10549,1
2020-04-17,15:26:24.549000,10548,10549,10549,2
2020-04-17,15:26:24.625000,10548,10550,10548,1
2020-04-17,15:26:25.593000,10549,10550,10549,1
2020-04-17,15:26:25.931000,10548,10549,10548,1
2020-04-17,15:26:28.422000,10548,10549,10549,1
2020-04-17,15:26:29.549000,10548,10550,10548,2
2020-04-17,15:26:32.642000,10548,10549,10548,1
2020-04-17,15:26:32.679000,10548,10549,10548,8
2020-04-17,15:26:32.928000,10547,10548,10547,3
2020-04-17,15:26:32.929000,10547,10548,10547,1
2020-04-17,15:26:34.994000,10547,10548,10548,3
2020-04-17,15:26:35.376000,10547,10548,10547,1
2020-04-17,15:26:47.813000,10547,10548,10548,3
2020-04-17,15:26:48.016000,10548,10549,10548,1
2020-04-17,15:26:51.232000,10548,10549,10548,5
2020-04-17,15:26:51.416000,10548,10549,10549,3
2020-04-17,15:26:51.804000,10549,10550,10550,4
2020-04-17,15:26:57.780000,10549,10550,10550,2
2020-04-17,15:26:58.053000,10549,10550,10550,9
2020-04-17,15:27:00.678000,10549,10550,10550,1
2020-04-17,15:27:03.152000,10550,10551,10551,2
2020-04-17,15:27:04.270000,10550,10551,10551,1
2020-04-17,15:27:04.472000,10550,10551,10551,2
2020-04-17,15:27:06.046000,10550,10551,10551,2
2020-04-17,15:27:12.439000,10550,10551,10551,1
2020-04-17,15:27:19.836000,10550,10551,10551,1
2020-04-17,15:27:22.143000,10550,10551,10551,1
2020-04-17,15:27:22.294000,10550,10551,10551,1
2020-04-17,15:27:25.273000,10551,10552,10551,1
2020-04-17,15:27:26.127000,10550,10551,10550,9
2020-04-17,15:27:28.135000,10549,10550,10549,4
2020-04-17,15:27:32.345000,10548,10549,10548,2
2020-04-17,15:27:39.363000,10547,10548,10547,1
2020-04-17,15:27:47.009000,10547,10548,10548,2
2020-04-17,15:27:48.383000,10547,10549,10547,3
2020-04-17,15:27:50.406000,10548,10549,10549,1
2020-04-17,15:28:00.977000,10549,10550,10549,2
2020-04-17,15:28:06.226000,10548,10549,10549,1
2020-04-17,15:28:08.261000,10549,10550,10550,1
2020-04-17,15:28:16.113000,10549,10550,10549,1
2020-04-17,15:28:16.154000,10549,10550,10548,1
2020-04-17,15:28:16.300000,10548,10550,10549,1
2020-04-17,15:28:23.019000,10548,10549,10549,1
2020-04-17,15:28:25.554000,10548,10549,10549,3
2020-04-17,15:28:25.554000,10548,10549,10549,2
2020-04-17,15:28:28.452000,10549,10550,10549,1
2020-04-17,15:28:34.123000,10548,10549,10549,5
2020-04-17,15:28:36.197000,10548,10549,10548,2
2020-04-17,15:28:36.224000,10548,10549,10548,2
2020-04-17,15:28:36.250000,10548,10549,10548,2
2020-04-17,15:28:36.862000,10547,10548,10548,1
2020-04-17,15:28:41.464000,10548,10549,10548,1
2020-04-17,15:28:41.496000,10548,10549,10548,2
2020-04-17,15:28:48.367000,10547,10548,10547,1
2020-04-17,15:28:57.822000,10547,10548,10547,1
2020-04-17,15:28:59.117000,10547,10548,10548,1
2020-04-17,15:29:00.328000,10547,10548,10548,1
2020-04-17,15:29:01.054000,10548,10549,10548,1
2020-04-17,15:29:09.054000,10547,10548,10548,1
2020-04-17,15:29:09.438000,10547,10548,10548,1
2020-04-17,15:29:13.886000,10547,10548,10547,1
2020-04-17,15:29:13.929000,10547,10548,10547,10
2020-04-17,15:29:13.929000,10547,10548,10547,4
2020-04-17,15:29:13.929000,10547,10548,10547,1
2020-04-17,15:29:13.929000,10547,10548,10547,1
2020-04-17,15:29:14.293000,10546,10547,10547,1
2020-04-17,15:29:14.330000,10546,10547,10547,1
2020-04-17,15:29:15.039000,10546,10547,10546,1
2020-04-17,15:29:15.202000,10546,10547,10546,1
2020-04-17,15:29:17.814000,10546,10548,10546,9
2020-04-17,15:29:18.079000,10546,10547,10546,1
2020-04-17,15:29:19.067000,10546,10547,10546,4
2020-04-17,15:29:19.525000,10545,10546,10546,1
2020-04-17,15:29:21.649000,10545,10546,10545,2
2020-04-17,15:29:21.699000,10545,10546,10545,2
2020-04-17,15:29:21.702000,10545,10546,10545,1
2020-04-17,15:29:21.829000,10545,10546,10545,1
2020-04-17,15:29:23.993000,10545,10546,10545,2
2020-04-17,15:29:24.246000,10545,10546,10545,1
2020-04-17,15:29:24.666000,10545,10546,10545,1
2020-04-17,15:29:25.495000,10545,10546,10546,1
2020-04-17,15:29:26.901000,10546,10548,10546,1
2020-04-17,15:29:31.615000,10545,10546,10546,1
2020-04-17,15:29:31.776000,10546,10548,10546,8
2020-04-17,15:29:31.776000,10546,10548,10545,13
2020-04-17,15:29:31.776000,10546,10548,10544,9
2020-04-17,15:29:31.814000,10545,10547,10545,1
2020-04-17,15:29:34.029000,10545,10546,10545,5
2020-04-17,15:29:38.297000,10544,10546,10546,1
2020-04-17,15:29:40.836000,10545,10546,10546,3
2020-04-17,15:29:40.837000,10545,10546,10546,2
2020-04-17,15:29:41.025000,10546,10547,10546,1
2020-04-17,15:29:41.345000,10546,10547,10546,1
2020-04-17,15:29:43.180000,10546,10547,10546,2
2020-04-17,15:29:43.551000,10545,10547,10545,1
2020-04-17,15:29:45.030000,10546,10547,10546,1
2020-04-17,15:29:46.351000,10545,10547,10545,3
2020-04-17,15:29:46.755000,10545,10547,10545,1
2020-04-17,15:29:47.850000,10546,10547,10547,3
2020-04-17,15:29:47.951000,10547,10548,10548,2
2020-04-17,15:29:48.593000,10548,10549,10548,1
2020-04-17,15:29:52.491000,10548,10549,10548,1
2020-04-17,15:29:55.597000,10546,10547,10547,1
2020-04-17,15:29:57.639000,10546,10547,10547,1
2020-04-17,15:29:59.338000,10547,10548,10547,1
2020-04-17,15:30:01.074000,10547,10548,10548,1
2020-04-17,15:30:01.372000,10547,10549,10547,1
2020-04-17,15:30:01.372000,10547,10549,10547,2
2020-04-17,15:30:01.445000,10547,10549,10547,4
2020-04-17,15:30:01.446000,10547,10549,10546,1
2020-04-17,15:30:01.582000,10546,10549,10546,1
2020-04-17,15:30:01.708000,10546,10548,10546,2
2020-04-17,15:30:01.726000,10546,10548,10548,1
2020-04-17,15:30:01.726000,10546,10548,10548,1
2020-04-17,15:30:01.728000,10546,10548,10548,1
2020-04-17,15:30:01.754000,10546,10548,10548,2
2020-04-17,15:30:01.758000,10546,10548,10548,1
2020-04-17,15:30:01.825000,10546,10548,10548,1
2020-04-17,15:30:01.826000,10546,10548,10548,1
2020-04-17,15:30:01.905000,10546,10548,10549,1
2020-04-17,15:30:01.989000,10547,10549,10547,3
2020-04-17,15:30:02.176000,10547,10549,10549,1
2020-04-17,15:30:03.055000,10548,10549,10549,2
2020-04-17,15:30:03.062000,10548,10549,10549,1
2020-04-17,15:30:05.493000,10548,10549,10549,1
2020-04-17,15:30:05.593000,10548,10549,10549,1
2020-04-17,15:30:05.695000,10548,10549,10548,3
2020-04-17,15:30:12.596000,10546,10548,10546,4
2020-04-17,15:30:12.596000,10546,10548,10545,5
2020-04-17,15:30:12.596000,10546,10548,10545,1
2020-04-17,15:30:12.597000,10546,10548,10545,4
2020-04-17,15:30:12.597000,10546,10548,10545,2
2020-04-17,15:30:12.597000,10546,10548,10545,1
2020-04-17,15:30:12.598000,10546,10548,10544,1
2020-04-17,15:30:12.601000,10546,10548,10544,1
2020-04-17,15:30:12.718000,10544,10545,10544,1
2020-04-17,15:30:12.718000,10544,10545,10544,1
2020-04-17,15:30:12.718000,10544,10545,10544,4
2020-04-17,15:30:13.194000,10543,10544,10544,2
2020-04-17,15:30:13.603000,10543,10545,10543,2
2020-04-17,15:30:13.605000,10543,10545,10543,4
2020-04-17,15:30:13.668000,10543,10545,10544,3
2020-04-17,15:30:13.669000,10543,10545,10544,2
2020-04-17,15:30:13.679000,10544,10545,10544,2
2020-04-17,15:30:13.679000,10544,10545,10544,2
2020-04-17,15:30:13.721000,10544,10545,10544,2
2020-04-17,15:30:13.768000,10544,10545,10543,1
2020-04-17,15:30:13.768000,10544,10545,10542,12
2020-04-17,15:30:13.769000,10544,10545,10542,2
2020-04-17,15:30:13.855000,10541,10542,10541,1
2020-04-17,15:30:14.051000,10541,10542,10541,1
2020-04-17,15:30:14.126000,10540,10542,10540,1
2020-04-17,15:30:14.370000,10541,10542,10542,3
2020-04-17,15:30:14.615000,10542,10543,10543,5
2020-04-17,15:30:14.615000,10542,10543,10543,1
2020-04-17,15:30:14.803000,10542,10544,10543,2
2020-04-17,15:30:14.837000,10543,10544,10543,1
2020-04-17,15:30:15.125000,10541,10543,10541,1
2020-04-17,15:30:16.179000,10541,10543,10543,3
2020-04-17,15:30:16.258000,10541,10543,10544,12
2020-04-17,15:30:16.361000,10544,10545,10545,2
2020-04-17,15:30:16.361000,10544,10545,10545,1
2020-04-17,15:30:16.361000,10544,10545,10545,2
2020-04-17,15:30:16.361000,10544,10545,10545,1
2020-04-17,15:30:16.362000,10544,10545,10546,1
2020-04-17,15:30:16.364000,10544,10545,10546,1
2020-04-17,15:30:16.482000,10545,10546,10546,1
2020-04-17,15:30:16.664000,10545,10547,10546,1
2020-04-17,15:30:16.664000,10545,10547,10546,1
2020-04-17,15:30:16.726000,10545,10547,10545,3
2020-04-17,15:30:17.189000,10546,10547,10546,1
2020-04-17,15:30:17.347000,10545,10546,10545,2
2020-04-17,15:30:17.347000,10545,10546,10545,7
2020-04-17,15:30:17.467000,10544,10545,10545,1
2020-04-17,15:30:17.467000,10544,10545,10545,1
2020-04-17,15:30:18.195000,10544,10546,10544,1
2020-04-17,15:30:18.479000,10544,10546,10544,1
2020-04-17,15:30:18.869000,10543,10544,10544,1
2020-04-17,15:30:20.248000,10543,10545,10544,1
2020-04-17,15:30:20.346000,10543,10544,10543,4
2020-04-17,15:30:20.484000,10542,10543,10543,2
2020-04-17,15:30:21.184000,10541,10542,10541,4
2020-04-17,15:30:21.217000,10541,10542,10542,1
2020-04-17,15:30:21.371000,10541,10542,10542,2
2020-04-17,15:30:22.060000,10541,10542,10541,1
2020-04-17,15:30:22.216000,10541,10542,10542,2
2020-04-17,15:30:22.576000,10541,10543,10541,1
2020-04-17,15:30:26.553000,10540,10541,10540,1
2020-04-17,15:30:28.429000,10540,10541,10541,1
2020-04-17,15:30:28.915000,10540,10541,10541,1
2020-04-17,15:30:28.957000,10541,10542,10541,1
2020-04-17,15:30:31.068000,10541,10542,10541,1
2020-04-17,15:30:31.467000,10541,10542,10541,1
2020-04-17,15:30:31.467000,10541,10542,10541,2
2020-04-17,15:30:31.467000,10541,10542,10541,1
2020-04-17,15:30:33.766000,10540,10541,10540,1
2020-04-17,15:30:34.017000,10540,10541,10541,5
2020-04-17,15:30:34.018000,10540,10541,10541,1
2020-04-17,15:30:34.018000,10540,10541,10541,1
2020-04-17,15:30:34.200000,10540,10541,10540,1
2020-04-17,15:30:34.422000,10540,10541,10540,6
2020-04-17,15:30:34.422000,10540,10541,10540,3
2020-04-17,15:30:34.422000,10540,10541,10540,2
2020-04-17,15:30:36.491000,10538,10539,10538,7
2020-04-17,15:30:36.491000,10538,10539,10537,15
2020-04-17,15:30:36.491000,10538,10539,10536,8
2020-04-17,15:30:36.595000,10536,10538,10536,1
2020-04-17,15:30:36.779000,10536,10538,10536,1
2020-04-17,15:30:36.805000,10536,10538,10536,1
2020-04-17,15:30:37.485000,10537,10538,10537,1
2020-04-17,15:30:37.559000,10537,10538,10537,1
2020-04-17,15:30:38.417000,10536,10538,10538,3
2020-04-17,15:30:38.418000,10536,10538,10538,1
2020-04-17,15:30:39.057000,10537,10538,10537,1
2020-04-17,15:30:39.146000,10537,10538,10538,1
2020-04-17,15:30:39.249000,10537,10538,10538,1
2020-04-17,15:30:39.725000,10538,10539,10538,2
2020-04-17,15:30:40.241000,10538,10539,10538,1
2020-04-17,15:30:40.321000,10538,10539,10538,1
2020-04-17,15:30:40.488000,10537,10539,10537,1
2020-04-17,15:30:40.664000,10537,10539,10537,1
2020-04-17,15:30:40.938000,10537,10539,10539,1
2020-04-17,15:30:42.929000,10538,10539,10538,1
2020-04-17,15:30:42.929000,10538,10539,10538,1
2020-04-17,15:30:43.440000,10538,10539,10538,2
2020-04-17,15:30:44.825000,10538,10539,10538,2
2020-04-17,15:30:44.827000,10538,10539,10538,1
2020-04-17,15:30:44.932000,10538,10539,10538,1
2020-04-17,15:30:47.903000,10537,10538,10538,4
2020-04-17,15:30:48.122000,10538,10539,10538,1
2020-04-17,15:30:49.428000,10538,10539,10538,1
2020-04-17,15:30:49.823000,10538,10539,10538,1
2020-04-17,15:30:49.824000,10538,10539,10538,3
2020-04-17,15:30:49.824000,10538,10539,10538,1
2020-04-17,15:30:53.933000,10537,10538,10538,1
2020-04-17,15:30:53.934000,10537,10538,10538,2
2020-04-17,15:30:54.171000,10537,10539,10537,1
2020-04-17,15:30:55.170000,10538,10539,10538,1
2020-04-17,15:30:57.400000,10538,10539,10538,1
2020-04-17,15:30:59.045000,10537,10539,10538,1
2020-04-17,15:31:00.178000,10538,10539,10538,1
2020-04-17,15:31:04.719000,10537,10538,10537,1
2020-04-17,15:31:05.600000,10537,10538,10537,1
2020-04-17,15:31:06.104000,10537,10538,10538,3
2020-04-17,15:31:06.424000,10537,10539,10538,1
2020-04-17,15:31:07.769000,10537,10538,10538,1
2020-04-17,15:31:07.827000,10537,10538,10537,1
2020-04-17,15:31:08.188000,10537,10538,10537,5
2020-04-17,15:31:08.423000,10536,10538,10538,1
2020-04-17,15:31:10.387000,10536,10538,10537,2
2020-04-17,15:31:14.832000,10537,10538,10538,7
2020-04-17,15:31:16.118000,10538,10539,10539,1
2020-04-17,15:31:16.221000,10538,10540,10540,2
2020-04-17,15:31:21.984000,10538,10539,10538,1
2020-04-17,15:31:23.540000,10538,10539,10539,2
2020-04-17,15:31:25.520000,10538,10539,10538,1
2020-04-17,15:31:29.089000,10537,10538,10538,1
2020-04-17,15:31:31.983000,10537,10538,10538,1
2020-04-17,15:31:32.768000,10537,10539,10539,1
2020-04-17,15:31:34.222000,10538,10539,10538,1
2020-04-17,15:31:35.581000,10537,10538,10537,3
2020-04-17,15:31:36.083000,10537,10538,10538,2
2020-04-17,15:31:40.502000,10537,10538,10537,1
2020-04-17,15:31:50.085000,10537,10538,10537,1
2020-04-17,15:31:50.643000,10537,10538,10537,1
2020-04-17,15:31:50.679000,10537,10538,10537,6
2020-04-17,15:31:50.934000,10536,10537,10536,1
2020-04-17,15:31:53.219000,10536,10537,10537,1
2020-04-17,15:31:53.893000,10536,10537,10537,2
2020-04-17,15:31:57.318000,10536,10537,10536,10
2020-04-17,15:31:57.554000,10535,10536,10535,2
2020-04-17,15:31:57.719000,10534,10536,10534,1
2020-04-17,15:31:57.838000,10534,10536,10534,1
2020-04-17,15:31:57.983000,10534,10536,10534,2
2020-04-17,15:31:58.001000,10534,10536,10534,2
2020-04-17,15:31:59.495000,10534,10535,10535,2
2020-04-17,15:31:59.572000,10534,10536,10534,3
2020-04-17,15:32:00.229000,10534,10536,10535,1
2020-04-17,15:32:02.190000,10534,10536,10536,10
2020-04-17,15:32:02.424000,10535,10537,10535,1
2020-04-17,15:32:03.242000,10535,10537,10535,1
2020-04-17,15:32:03.700000,10535,10537,10536,3
2020-04-17,15:32:03.756000,10535,10537,10535,2
2020-04-17,15:32:04.841000,10536,10537,10536,1
2020-04-17,15:32:06.828000,10536,10537,10536,2
2020-04-17,15:32:06.828000,10536,10537,10536,1
2020-04-17,15:32:11.654000,10535,10536,10535,1
2020-04-17,15:32:12.897000,10535,10536,10536,1
2020-04-17,15:32:13.327000,10535,10536,10535,1
2020-04-17,15:32:13.332000,10535,10536,10535,1
2020-04-17,15:32:13.991000,10535,10537,10535,1
2020-04-17,15:32:16.451000,10535,10536,10536,1
2020-04-17,15:32:18.278000,10535,10536,10535,3
2020-04-17,15:32:19.453000,10534,10536,10536,1
2020-04-17,15:32:20.618000,10534,10536,10534,1
2020-04-17,15:32:21.159000,10534,10535,10535,4
2020-04-17,15:32:22.316000,10534,10535,10535,2
2020-04-17,15:32:22.607000,10534,10535,10534,2
2020-04-17,15:32:23.226000,10534,10535,10535,6
2020-04-17,15:32:23.630000,10534,10535,10535,3
2020-04-17,15:32:27.572000,10534,10535,10535,2
2020-04-17,15:32:27.867000,10534,10535,10534,1
2020-04-17,15:32:28.055000,10534,10535,10535,1
2020-04-17,15:32:29.137000,10534,10535,10534,1
2020-04-17,15:32:30.197000,10534,10535,10535,1
2020-04-17,15:32:37.259000,10534,10535,10534,3
2020-04-17,15:32:37.894000,10533,10534,10534,1
2020-04-17,15:32:42.156000,10533,10534,10534,1
2020-04-17,15:32:43.341000,10533,10534,10533,19
2020-04-17,15:32:44.113000,10532,10533,10532,2
2020-04-17,15:32:44.311000,10532,10533,10533,1
2020-04-17,15:32:44.392000,10532,10533,10533,6
2020-04-17,15:32:47.253000,10532,10533,10533,2
2020-04-17,15:32:47.788000,10532,10533,10532,3
2020-04-17,15:32:48.636000,10532,10533,10533,2
2020-04-17,15:32:51.449000,10532,10533,10533,1
2020-04-17,15:32:53.958000,10532,10533,10533,1
2020-04-17,15:32:55.107000,10532,10533,10532,1
2020-04-17,15:32:57.875000,10532,10533,10532,1
2020-04-17,15:32:58,10532,10533,10533,7
2020-04-17,15:32:58,10532,10533,10533,2
2020-04-17,15:32:58.001000,10532,10533,10533,1
2020-04-17,15:32:58.001000,10532,10533,10533,16
2020-04-17,15:32:58.001000,10532,10533,10533,3
2020-04-17,15:32:58.001000,10532,10533,10533,2
2020-04-17,15:32:58.054000,10533,10534,10534,6
2020-04-17,15:32:58.120000,10533,10534,10535,1
2020-04-17,15:33:02.685000,10534,10535,10534,2
2020-04-17,15:33:02.685000,10534,10535,10534,2
2020-04-17,15:33:02.710000,10534,10535,10534,2
2020-04-17,15:33:06.014000,10532,10533,10532,5
2020-04-17,15:33:08.021000,10532,10533,10533,1
2020-04-17,15:33:09.774000,10532,10533,10532,4
2020-04-17,15:33:15.171000,10532,10533,10533,1
2020-04-17,15:33:17.025000,10532,10534,10532,1
2020-04-17,15:33:19.623000,10532,10533,10532,3
2020-04-17,15:33:19.897000,10531,10532,10531,1
2020-04-17,15:33:21.698000,10532,10533,10532,1
2020-04-17,15:33:23.276000,10532,10533,10532,1
2020-04-17,15:33:30.077000,10531,10532,10532,2
2020-04-17,15:33:30.077000,10531,10532,10532,1
2020-04-17,15:33:30.077000,10531,10532,10532,1
2020-04-17,15:33:31.174000,10531,10533,10531,1
2020-04-17,15:33:31.934000,10532,10533,10532,1
2020-04-17,15:33:34.649000,10533,10534,10533,5
2020-04-17,15:33:36.042000,10533,10534,10534,1
2020-04-17,15:33:36.896000,10533,10534,10534,1
2020-04-17,15:33:37.040000,10534,10535,10534,3
2020-04-17,15:33:39.346000,10534,10535,10534,3
2020-04-17,15:33:40.463000,10534,10535,10535,5
2020-04-17,15:33:45.684000,10535,10536,10535,3
2020-04-17,15:33:46.472000,10535,10537,10537,1
2020-04-17,15:33:47.244000,10535,10537,10535,1
2020-04-17,15:33:49.321000,10534,10535,10535,1
2020-04-17,15:33:51.382000,10534,10536,10536,5
2020-04-17,15:33:55.132000,10535,10536,10536,1
2020-04-17,15:33:55.240000,10535,10536,10536,1
2020-04-17,15:33:59.342000,10536,10537,10536,1
2020-04-17,15:33:59.797000,10536,10537,10537,2
2020-04-17,15:34:01.791000,10536,10537,10537,1
2020-04-17,15:34:05.432000,10536,10537,10537,1
2020-04-17,15:34:06.266000,10536,10537,10537,1
2020-04-17,15:34:13.336000,10536,10537,10537,1
2020-04-17,15:34:18.383000,10536,10537,10537,4
2020-04-17,15:34:18.556000,10537,10538,10537,1
2020-04-17,15:34:19.166000,10536,10537,10536,1
2020-04-17,15:34:20.459000,10536,10537,10536,1
2020-04-17,15:34:34.319000,10535,10536,10536,1
2020-04-17,15:34:36.178000,10535,10536,10535,9
2020-04-17,15:34:37.597000,10534,10535,10535,5
2020-04-17,15:34:39.136000,10534,10535,10534,2
2020-04-17,15:34:39.137000,10534,10535,10534,2
2020-04-17,15:34:39.137000,10534,10535,10534,1
2020-04-17,15:34:44.222000,10534,10535,10534,1
2020-04-17,15:34:50.658000,10532,10533,10532,1
2020-04-17,15:34:51.436000,10532,10533,10533,1
2020-04-17,15:34:52.363000,10532,10533,10532,3
2020-04-17,15:34:56.749000,10531,10532,10532,1
2020-04-17,15:34:57.442000,10531,10533,10531,1
2020-04-17,15:34:58.254000,10531,10532,10532,1
2020-04-17,15:35:00.768000,10531,10532,10531,18
2020-04-17,15:35:00.768000,10531,10532,10531,1
