2024-05-13 15:00:00.001,20887,20887,20887,58,0
2024-05-13 15:00:00.001,20888,20888,20888,2,2
2024-05-13 15:00:00.001,20888,20888,20888,2,0
2024-05-13 15:00:00.001,20888,20888,20888,14,0
2024-05-13 15:00:00.001,20888,20888,20888,2,0
2024-05-13 15:00:00.001,20889,20889,20889,2,2
2024-05-13 15:00:00.001,20890,20890,20890,4,4
2024-05-13 15:00:00.001,20889,20889,20889,2,-2
2024-05-13 15:00:00.001,20888,20888,20888,2,-2
2024-05-13 15:00:00.001,20888,20888,20888,2,0
2024-05-13 15:00:00.001,20888,20888,20888,2,0
2024-05-13 15:00:00.001,20891,20891,20891,2,2
2024-05-13 15:00:00.001,20891,20891,20891,2,0
2024-05-13 15:00:00.001,20891,20891,20891,2,0
2024-05-13 15:00:00.001,20892,20892,20892,2,2
2024-05-13 15:00:00.001,20889,20889,20889,2,-2
2024-05-13 15:00:00.001,20891,20891,20891,2,2
2024-05-13 15:00:00.001,20892,20892,20892,2,2
2024-05-13 15:00:00.001,20892,20892,20892,2,0
2024-05-13 15:00:00.001,20893,20893,20893,2,2
2024-05-13 15:00:00.001,20891,20891,20891,2,-2
2024-05-13 15:00:00.001,20889,20889,20889,2,-2
2024-05-13 15:00:00.001,20889,20889,20889,2,0
2024-05-13 15:00:00.001,20889,20889,20889,2,0
2024-05-13 15:00:00.001,20890,20890,20890,2,2
2024-05-13 15:00:00.001,20891,20891,20891,2,2
2024-05-13 15:00:00.001,20890,20890,20890,2,-2
2024-05-13 15:00:00.001,20892,20892,20892,4,4
2024-05-13 15:00:00.001,20892,20892,20892,4,0
2024-05-13 15:00:01.001,20890,20890,20890,2,-2
2024-05-13 15:00:01.001,20892,20892,20892,2,2
2024-05-13 15:00:01.001,20893,20893,20893,8,8
2024-05-13 15:00:01.001,20891,20891,20891,2,-2
2024-05-13 15:00:01.001,20892,20892,20892,2,2
2024-05-13 15:00:01.001,20893,20893,20893,4,4
2024-05-13 15:00:01.001,20894,20894,20894,6,6
2024-05-13 15:00:01.001,20894,20894,20894,2,0
2024-05-13 15:00:01.001,20895,20895,20895,2,2
2024-05-13 15:00:01.001,20892,20892,20892,2,-2
2024-05-13 15:00:01.001,20892,20892,20892,2,0
2024-05-13 15:00:01.001,20893,20893,20893,4,4
2024-05-13 15:00:01.001,20894,20894,20894,8,8
2024-05-13 15:00:01.001,20892,20892,20892,2,-2
2024-05-13 15:00:01.001,20892,20892,20892,2,0
2024-05-13 15:00:01.001,20892,20892,20892,2,0
2024-05-13 15:00:02.001,20892,20892,20892,4,0
2024-05-13 15:00:02.001,20892,20892,20892,2,0
2024-05-13 15:00:02.001,20892,20892,20892,2,0
2024-05-13 15:00:02.001,20892,20892,20892,2,0
2024-05-13 15:00:05.001,20892,20892,20892,2,0
2024-05-13 15:00:06.001,20892,20892,20892,2,0
2024-05-13 15:00:08.001,20892,20892,20892,2,0
2024-05-13 15:00:11.001,20891,20891,20891,2,-2
2024-05-13 15:00:12.001,20890,20890,20890,2,-2
2024-05-13 15:00:12.001,20890,20890,20890,2,0
2024-05-13 15:00:12.001,20890,20890,20890,2,0
2024-05-13 15:00:12.001,20890,20890,20890,2,0
2024-05-13 15:00:12.001,20889,20889,20889,2,-2
2024-05-13 15:00:15.001,20888,20888,20888,2,-2
2024-05-13 15:00:16.001,20888,20888,20888,2,0
2024-05-13 15:00:16.001,20889,20889,20889,2,2
2024-05-13 15:00:17.001,20888,20888,20888,4,-4
2024-05-13 15:00:17.001,20889,20889,20889,4,4
2024-05-13 15:00:19.001,20888,20888,20888,2,-2
2024-05-13 15:00:19.001,20888,20888,20888,2,0
2024-05-13 15:00:21.001,20888,20888,20888,2,0
2024-05-13 15:00:22.001,20888,20888,20888,2,0
2024-05-13 15:00:22.001,20888,20888,20888,4,0
2024-05-13 15:00:24.001,20887,20887,20887,2,-2
2024-05-13 15:00:25.001,20887,20887,20887,4,0
2024-05-13 15:00:25.001,20888,20888,20888,4,4
2024-05-13 15:00:25.001,20889,20889,20889,4,4
2024-05-13 15:00:28.001,20889,20889,20889,4,0
2024-05-13 15:00:28.001,20889,20889,20889,2,0
2024-05-13 15:00:28.001,20889,20889,20889,4,0
2024-05-13 15:00:32.001,20889,20889,20889,2,0
2024-05-13 15:00:32.001,20889,20889,20889,2,0
2024-05-13 15:00:33.001,20889,20889,20889,4,0
2024-05-13 15:00:34.001,20890,20890,20890,2,2
2024-05-13 15:00:34.001,20890,20890,20890,4,0
2024-05-13 15:00:35.001,20890,20890,20890,2,0
2024-05-13 15:00:35.001,20890,20890,20890,2,0
2024-05-13 15:00:40.001,20890,20890,20890,2,0
2024-05-13 15:00:43.001,20891,20891,20891,10,10
2024-05-13 15:00:43.001,20891,20891,20891,4,0
2024-05-13 15:00:46.001,20890,20890,20890,2,-2
2024-05-13 15:00:46.001,20890,20890,20890,2,0
2024-05-13 15:00:46.001,20889,20889,20889,2,-2
2024-05-13 15:00:46.001,20889,20889,20889,2,0
2024-05-13 15:00:47.001,20889,20889,20889,2,0
2024-05-13 15:00:47.001,20889,20889,20889,2,0
2024-05-13 15:00:55.001,20890,20890,20890,2,2
2024-05-13 15:00:56.001,20889,20889,20889,2,-2
2024-05-13 15:00:58.001,20889,20889,20889,2,0
2024-05-13 15:00:58.001,20888,20888,20888,2,-2
2024-05-13 15:00:58.001,20888,20888,20888,2,0
2024-05-13 15:00:58.001,20888,20888,20888,2,0
2024-05-13 15:00:58.001,20888,20888,20888,2,0
2024-05-13 15:00:58.001,20888,20888,20888,2,0
2024-05-13 15:01:00.001,20887,20887,20887,4,-4
2024-05-13 15:01:00.001,20887,20887,20887,2,0
2024-05-13 15:01:00.001,20887,20887,20887,2,0
2024-05-13 15:01:00.001,20887,20887,20887,20,0
2024-05-13 15:01:00.001,20887,20887,20887,2,0
2024-05-13 15:01:00.001,20887,20887,20887,2,0
2024-05-13 15:01:00.001,20887,20887,20887,2,0
2024-05-13 15:01:00.001,20887,20887,20887,2,0
2024-05-13 15:01:00.001,20887,20887,20887,2,0
2024-05-13 15:01:00.001,20887,20887,20887,2,0
2024-05-13 15:01:00.001,20887,20887,20887,2,0
2024-05-13 15:01:00.001,20887,20887,20887,2,0
2024-05-13 15:01:00.001,20887,20887,20887,2,0
2024-05-13 15:01:00.001,20887,20887,20887,2,0
2024-05-13 15:01:00.001,20887,20887,20887,2,0
2024-05-13 15:01:00.001,20887,20887,20887,2,0
2024-05-13 15:01:00.001,20886,20886,20886,2,-2
2024-05-13 15:01:00.001,20885,20885,20885,2,-2
2024-05-13 15:01:00.001,20885,20885,20885,2,0
2024-05-13 15:01:00.001,20885,20885,20885,10,0
2024-05-13 15:01:00.001,20885,20885,20885,2,0
2024-05-13 15:01:00.001,20885,20885,20885,2,0
2024-05-13 15:01:00.001,20885,20885,20885,2,0
2024-05-13 15:01:00.001,20886,20886,20886,2,2
2024-05-13 15:01:00.001,20885,20885,20885,2,-2
2024-05-13 15:01:00.001,20885,20885,20885,2,0
2024-05-13 15:01:00.001,20884,20884,20884,2,-2
2024-05-13 15:01:00.001,20884,20884,20884,2,0
2024-05-13 15:01:00.001,20886,20886,20886,4,4
2024-05-13 15:01:00.001,20885,20885,20885,2,-2
2024-05-13 15:01:00.001,20885,20885,20885,2,0
2024-05-13 15:01:00.001,20884,20884,20884,2,-2
2024-05-13 15:01:00.001,20883,20883,20883,2,-2
2024-05-13 15:01:00.001,20883,20883,20883,2,0
2024-05-13 15:01:00.001,20883,20883,20883,2,0
2024-05-13 15:01:00.001,20883,20883,20883,2,0
2024-05-13 15:01:00.001,20883,20883,20883,2,0
2024-05-13 15:01:00.001,20883,20883,20883,2,0
2024-05-13 15:01:00.001,20883,20883,20883,2,0
2024-05-13 15:01:00.001,20885,20885,20885,2,2
2024-05-13 15:01:00.001,20885,20885,20885,2,0
2024-05-13 15:01:00.001,20885,20885,20885,4,0
2024-05-13 15:01:00.001,20884,20884,20884,2,-2
2024-05-13 15:01:00.001,20884,20884,20884,2,0
2024-05-13 15:01:00.001,20884,20884,20884,2,0
2024-05-13 15:01:00.001,20885,20885,20885,2,2
2024-05-13 15:01:00.001,20884,20884,20884,2,-2
2024-05-13 15:01:00.001,20884,20884,20884,2,0
2024-05-13 15:01:00.001,20883,20883,20883,2,-2
2024-05-13 15:01:00.001,20883,20883,20883,2,0
2024-05-13 15:01:00.001,20882,20882,20882,2,-2
2024-05-13 15:01:00.001,20882,20882,20882,2,0
2024-05-13 15:01:00.001,20883,20883,20883,2,2
2024-05-13 15:01:00.001,20884,20884,20884,2,2
2024-05-13 15:01:00.001,20884,20884,20884,2,0
2024-05-13 15:01:00.001,20884,20884,20884,2,0
2024-05-13 15:01:00.001,20886,20886,20886,2,2
2024-05-13 15:01:00.001,20886,20886,20886,2,0
2024-05-13 15:01:00.001,20886,20886,20886,4,0
2024-05-13 15:01:00.001,20887,20887,20887,2,2
2024-05-13 15:01:00.001,20887,20887,20887,2,0
2024-05-13 15:01:00.001,20887,20887,20887,2,0
2024-05-13 15:01:00.001,20887,20887,20887,2,0
2024-05-13 15:01:00.001,20888,20888,20888,14,14
2024-05-13 15:01:00.001,20889,20889,20889,12,12
2024-05-13 15:01:00.001,20887,20887,20887,2,-2
2024-05-13 15:01:00.001,20886,20886,20886,2,-2
2024-05-13 15:01:00.001,20886,20886,20886,2,0
2024-05-13 15:01:00.001,20886,20886,20886,2,0
2024-05-13 15:01:00.001,20887,20887,20887,2,2
2024-05-13 15:01:00.001,20886,20886,20886,2,-2
2024-05-13 15:01:00.001,20887,20887,20887,2,2
2024-05-13 15:01:00.001,20888,20888,20888,2,2
2024-05-13 15:01:00.001,20888,20888,20888,2,0
2024-05-13 15:01:02.001,20886,20886,20886,2,-2
2024-05-13 15:01:02.001,20886,20886,20886,2,0
2024-05-13 15:01:02.001,20888,20888,20888,2,2
2024-05-13 15:01:02.001,20888,20888,20888,2,0
2024-05-13 15:01:02.001,20886,20886,20886,2,-2
2024-05-13 15:01:02.001,20886,20886,20886,2,0
2024-05-13 15:01:02.001,20886,20886,20886,2,0
2024-05-13 15:01:02.001,20886,20886,20886,2,0
2024-05-13 15:01:06.001,20885,20885,20885,2,-2
2024-05-13 15:01:07.001,20886,20886,20886,2,2
2024-05-13 15:01:07.001,20886,20886,20886,2,0
2024-05-13 15:01:07.001,20887,20887,20887,2,2
2024-05-13 15:01:07.001,20887,20887,20887,2,0
2024-05-13 15:01:07.001,20887,20887,20887,2,0
2024-05-13 15:01:07.001,20887,20887,20887,2,0
2024-05-13 15:01:07.001,20887,20887,20887,12,0
2024-05-13 15:01:07.001,20888,20888,20888,2,2
2024-05-13 15:01:07.001,20888,20888,20888,8,0
2024-05-13 15:01:07.001,20889,20889,20889,6,6
2024-05-13 15:01:07.001,20889,20889,20889,4,0
2024-05-13 15:01:07.001,20889,20889,20889,4,0
2024-05-13 15:01:07.001,20889,20889,20889,2,0
2024-05-13 15:01:07.001,20890,20890,20890,8,8
2024-05-13 15:01:07.001,20890,20890,20890,2,0
2024-05-13 15:01:07.001,20890,20890,20890,2,0
2024-05-13 15:01:07.001,20890,20890,20890,4,0
2024-05-13 15:01:07.001,20891,20891,20891,8,8
2024-05-13 15:01:07.001,20890,20890,20890,6,-6
2024-05-13 15:01:07.001,20890,20890,20890,2,0
2024-05-13 15:01:07.001,20889,20889,20889,2,-2
2024-05-13 15:01:07.001,20889,20889,20889,2,0
2024-05-13 15:01:08.001,20888,20888,20888,2,-2
2024-05-13 15:01:08.001,20888,20888,20888,4,0
2024-05-13 15:01:16.001,20889,20889,20889,2,2
2024-05-13 15:01:23.001,20888,20888,20888,4,-4
2024-05-13 15:01:23.001,20888,20888,20888,2,0
2024-05-13 15:01:23.001,20888,20888,20888,2,0
2024-05-13 15:01:23.001,20888,20888,20888,2,0
2024-05-13 15:01:23.001,20888,20888,20888,4,0
2024-05-13 15:01:25.001,20888,20888,20888,2,0
2024-05-13 15:01:25.001,20889,20889,20889,2,2
2024-05-13 15:01:25.001,20889,20889,20889,2,0
2024-05-13 15:01:25.001,20889,20889,20889,2,0
2024-05-13 15:01:25.001,20889,20889,20889,2,0
2024-05-13 15:01:25.001,20888,20888,20888,2,-2
2024-05-13 15:01:27.001,20888,20888,20888,2,0
2024-05-13 15:01:30.001,20888,20888,20888,2,0
2024-05-13 15:01:30.001,20889,20889,20889,2,2
2024-05-13 15:01:30.001,20889,20889,20889,2,0
2024-05-13 15:01:30.001,20889,20889,20889,2,0
2024-05-13 15:01:44.001,20886,20886,20886,2,-2
2024-05-13 15:01:50.001,20886,20886,20886,2,0
2024-05-13 15:01:50.001,20886,20886,20886,2,0
2024-05-13 15:01:50.001,20888,20888,20888,2,2
2024-05-13 15:01:56.001,20888,20888,20888,8,0
2024-05-13 15:02:02.001,20886,20886,20886,2,-2
2024-05-13 15:02:11.001,20885,20885,20885,2,-2
2024-05-13 15:02:11.001,20885,20885,20885,2,0
2024-05-13 15:02:12.001,20885,20885,20885,2,0
2024-05-13 15:02:12.001,20885,20885,20885,2,0
2024-05-13 15:02:12.001,20885,20885,20885,2,0
2024-05-13 15:02:20.001,20883,20883,20883,2,-2
2024-05-13 15:02:20.001,20883,20883,20883,2,0
2024-05-13 15:02:20.001,20882,20882,20882,2,-2
2024-05-13 15:02:20.001,20882,20882,20882,2,0
2024-05-13 15:02:20.001,20882,20882,20882,2,0
2024-05-13 15:02:20.001,20882,20882,20882,2,0
2024-05-13 15:02:20.001,20881,20881,20881,2,-2
2024-05-13 15:02:20.001,20881,20881,20881,2,0
2024-05-13 15:02:20.001,20881,20881,20881,4,0
2024-05-13 15:02:20.001,20881,20881,20881,2,0
2024-05-13 15:02:20.001,20880,20880,20880,2,-2
2024-05-13 15:02:20.001,20880,20880,20880,2,0
2024-05-13 15:02:20.001,20880,20880,20880,2,0
2024-05-13 15:02:20.001,20880,20880,20880,2,0
2024-05-13 15:02:20.001,20880,20880,20880,2,0
2024-05-13 15:02:20.001,20880,20880,20880,2,0
2024-05-13 15:02:20.001,20880,20880,20880,2,0
2024-05-13 15:02:20.001,20879,20879,20879,2,-2
2024-05-13 15:02:20.001,20879,20879,20879,2,0
2024-05-13 15:02:20.001,20879,20879,20879,2,0
2024-05-13 15:02:20.001,20879,20879,20879,2,0
2024-05-13 15:02:20.001,20878,20878,20878,2,-2
2024-05-13 15:02:20.001,20878,20878,20878,2,0
2024-05-13 15:02:20.001,20878,20878,20878,2,0
2024-05-13 15:02:20.001,20878,20878,20878,2,0
2024-05-13 15:02:23.001,20879,20879,20879,2,2
2024-05-13 15:02:23.001,20879,20879,20879,4,0
2024-05-13 15:02:23.001,20879,20879,20879,2,0
2024-05-13 15:02:24.001,20879,20879,20879,2,0
2024-05-13 15:02:24.001,20879,20879,20879,2,0
2024-05-13 15:02:26.001,20880,20880,20880,2,2
2024-05-13 15:02:28.001,20881,20881,20881,2,2
2024-05-13 15:02:28.001,20880,20880,20880,40,-40
2024-05-13 15:02:30.001,20880,20880,20880,2,0
2024-05-13 15:02:31.001,20881,20881,20881,2,2
2024-05-13 15:02:33.001,20881,20881,20881,6,0
2024-05-13 15:02:41.001,20881,20881,20881,2,0
2024-05-13 15:02:43.001,20881,20881,20881,2,0
2024-05-13 15:02:48.001,20883,20883,20883,2,2
2024-05-13 15:02:48.001,20883,20883,20883,2,0
2024-05-13 15:03:01.001,20883,20883,20883,2,0
2024-05-13 15:03:07.001,20883,20883,20883,2,0
2024-05-13 15:03:07.001,20884,20884,20884,2,2
2024-05-13 15:03:07.001,20882,20882,20882,4,-4
2024-05-13 15:03:07.001,20882,20882,20882,2,0
2024-05-13 15:03:07.001,20882,20882,20882,2,0
2024-05-13 15:03:07.001,20882,20882,20882,2,0
2024-05-13 15:03:07.001,20882,20882,20882,2,0
2024-05-13 15:03:07.001,20882,20882,20882,2,0
2024-05-13 15:03:20.001,20884,20884,20884,26,26
2024-05-13 15:03:20.001,20885,20885,20885,2,2
2024-05-13 15:03:21.001,20884,20884,20884,2,-2
2024-05-13 15:03:22.001,20885,20885,20885,6,6
2024-05-13 15:03:22.001,20886,20886,20886,8,8
2024-05-13 15:03:33.001,20885,20885,20885,2,-2
2024-05-13 15:03:33.001,20886,20886,20886,2,2
2024-05-13 15:03:41.001,20884,20884,20884,12,-12
2024-05-13 15:03:42.001,20884,20884,20884,8,0
2024-05-13 15:03:50.001,20884,20884,20884,8,0
2024-05-13 15:03:54.001,20884,20884,20884,10,0
2024-05-13 15:03:55.001,20884,20884,20884,8,0
2024-05-13 15:03:55.001,20884,20884,20884,2,0
2024-05-13 15:03:56.001,20884,20884,20884,8,0
2024-05-13 15:03:56.001,20884,20884,20884,2,0
2024-05-13 15:03:58.001,20884,20884,20884,4,0
2024-05-13 15:04:00.001,20884,20884,20884,2,0
2024-05-13 15:04:01.001,20884,20884,20884,2,0
2024-05-13 15:04:04.001,20882,20882,20882,2,-2
2024-05-13 15:04:04.001,20882,20882,20882,2,0
2024-05-13 15:04:04.001,20882,20882,20882,2,0
2024-05-13 15:04:04.001,20881,20881,20881,2,-2
2024-05-13 15:04:08.001,20881,20881,20881,2,0
2024-05-13 15:04:10.001,20881,20881,20881,6,0
2024-05-13 15:04:10.001,20883,20883,20883,14,14
2024-05-13 15:04:11.001,20884,20884,20884,2,2
2024-05-13 15:04:12.001,20884,20884,20884,14,0
2024-05-13 15:04:14.001,20882,20882,20882,2,-2
2024-05-13 15:04:14.001,20882,20882,20882,2,0
2024-05-13 15:04:15.001,20883,20883,20883,12,12
2024-05-13 15:04:20.001,20881,20881,20881,6,-6
2024-05-13 15:04:24.001,20883,20883,20883,10,10
2024-05-13 15:04:25.001,20881,20881,20881,2,-2
2024-05-13 15:04:28.001,20883,20883,20883,10,10
2024-05-13 15:04:28.001,20883,20883,20883,10,0
2024-05-13 15:04:30.001,20884,20884,20884,20,20
2024-05-13 15:04:32.001,20884,20884,20884,6,0
2024-05-13 15:04:32.001,20884,20884,20884,4,0
2024-05-13 15:04:32.001,20884,20884,20884,2,0
2024-05-13 15:04:32.001,20883,20883,20883,2,-2
2024-05-13 15:04:38.001,20884,20884,20884,2,2
2024-05-13 15:04:38.001,20884,20884,20884,2,0
2024-05-13 15:04:38.001,20883,20883,20883,2,-2
2024-05-13 15:04:38.001,20883,20883,20883,2,0
2024-05-13 15:04:39.001,20883,20883,20883,2,0
2024-05-13 15:04:43.001,20885,20885,20885,10,10
2024-05-13 15:04:44.001,20886,20886,20886,6,6
2024-05-13 15:04:45.001,20884,20884,20884,2,-2
2024-05-13 15:04:45.001,20884,20884,20884,2,0
2024-05-13 15:04:46.001,20884,20884,20884,10,0
2024-05-13 15:04:46.001,20884,20884,20884,10,0
2024-05-13 15:04:47.001,20885,20885,20885,8,8
2024-05-13 15:04:47.001,20885,20885,20885,2,0
2024-05-13 15:04:52.001,20883,20883,20883,2,-2
2024-05-13 15:04:52.001,20883,20883,20883,2,0
2024-05-13 15:04:52.001,20883,20883,20883,2,0
2024-05-13 15:04:53.001,20885,20885,20885,18,18
2024-05-13 15:04:53.001,20885,20885,20885,8,0
2024-05-13 15:04:59.001,20885,20885,20885,2,0
2024-05-13 15:04:59.001,20886,20886,20886,28,28
2024-05-13 15:05:00.001,20885,20885,20885,2,-2
2024-05-13 15:05:00.001,20885,20885,20885,2,0
2024-05-13 15:05:00.001,20885,20885,20885,2,0
2024-05-13 15:05:00.001,20885,20885,20885,2,0
2024-05-13 15:05:00.001,20885,20885,20885,2,0
2024-05-13 15:05:00.001,20885,20885,20885,2,0
2024-05-13 15:05:00.001,20885,20885,20885,2,0
2024-05-13 15:05:04.001,20886,20886,20886,8,8
2024-05-13 15:05:04.001,20886,20886,20886,8,0
2024-05-13 15:05:04.001,20885,20885,20885,2,-2
2024-05-13 15:05:04.001,20886,20886,20886,2,2
2024-05-13 15:05:05.001,20886,20886,20886,2,0
2024-05-13 15:05:07.001,20885,20885,20885,2,-2
2024-05-13 15:05:07.001,20885,20885,20885,2,0
2024-05-13 15:05:10.001,20885,20885,20885,12,0
2024-05-13 15:05:16.001,20886,20886,20886,2,2
2024-05-13 15:05:25.001,20885,20885,20885,2,-2
2024-05-13 15:05:25.001,20885,20885,20885,2,0
2024-05-13 15:05:32.001,20884,20884,20884,2,-2
2024-05-13 15:05:40.001,20884,20884,20884,2,0
2024-05-13 15:05:44.001,20883,20883,20883,2,-2
2024-05-13 15:05:53.001,20884,20884,20884,2,2
2024-05-13 15:05:53.001,20884,20884,20884,2,0
2024-05-13 15:05:56.001,20884,20884,20884,2,0
2024-05-13 15:05:58.001,20883,20883,20883,2,-2
2024-05-13 15:06:02.001,20885,20885,20885,4,4
2024-05-13 15:06:02.001,20885,20885,20885,4,0
2024-05-13 15:06:02.001,20885,20885,20885,4,0
2024-05-13 15:06:26.001,20885,20885,20885,6,0
2024-05-13 15:06:31.001,20884,20884,20884,2,-2
2024-05-13 15:06:32.001,20884,20884,20884,2,0
2024-05-13 15:06:35.001,20884,20884,20884,4,0
2024-05-13 15:06:40.001,20883,20883,20883,2,-2
2024-05-13 15:06:48.001,20884,20884,20884,2,2
2024-05-13 15:06:53.001,20883,20883,20883,2,-2
2024-05-13 15:06:53.001,20883,20883,20883,4,0
2024-05-13 15:06:53.001,20883,20883,20883,2,0
2024-05-13 15:06:53.001,20883,20883,20883,4,0
2024-05-13 15:06:53.001,20883,20883,20883,2,0
2024-05-13 15:06:53.001,20883,20883,20883,2,0
2024-05-13 15:06:53.001,20883,20883,20883,2,0
2024-05-13 15:06:53.001,20882,20882,20882,2,-2
2024-05-13 15:06:57.001,20882,20882,20882,2,0
2024-05-13 15:07:00.001,20881,20881,20881,6,-6
2024-05-13 15:07:00.001,20881,20881,20881,2,0
2024-05-13 15:07:00.001,20881,20881,20881,2,0
2024-05-13 15:07:00.001,20881,20881,20881,2,0
2024-05-13 15:07:00.001,20881,20881,20881,2,0
2024-05-13 15:07:00.001,20881,20881,20881,4,0
2024-05-13 15:07:00.001,20880,20880,20880,8,-8
2024-05-13 15:07:00.001,20880,20880,20880,2,0
2024-05-13 15:07:00.001,20880,20880,20880,2,0
2024-05-13 15:07:00.001,20880,20880,20880,2,0
2024-05-13 15:07:00.001,20879,20879,20879,2,-2
2024-05-13 15:07:02.001,20878,20878,20878,2,-2
2024-05-13 15:07:02.001,20878,20878,20878,2,0
2024-05-13 15:07:03.001,20877,20877,20877,2,-2
2024-05-13 15:07:03.001,20877,20877,20877,2,0
2024-05-13 15:07:04.001,20876,20876,20876,2,-2
2024-05-13 15:07:08.001,20876,20876,20876,2,0
2024-05-13 15:07:12.001,20877,20877,20877,2,2
2024-05-13 15:07:16.001,20878,20878,20878,4,4
2024-05-13 15:07:16.001,20879,20879,20879,2,2
2024-05-13 15:07:18.001,20879,20879,20879,2,0
2024-05-13 15:07:22.001,20880,20880,20880,2,2
2024-05-13 15:07:22.001,20880,20880,20880,2,0
2024-05-13 15:07:22.001,20880,20880,20880,2,0
2024-05-13 15:07:23.001,20880,20880,20880,2,0
2024-05-13 15:07:24.001,20880,20880,20880,2,0
2024-05-13 15:07:25.001,20881,20881,20881,2,2
2024-05-13 15:07:25.001,20882,20882,20882,4,4
2024-05-13 15:07:35.001,20880,20880,20880,2,-2
2024-05-13 15:07:35.001,20880,20880,20880,2,0
2024-05-13 15:07:35.001,20880,20880,20880,2,0
2024-05-13 15:07:38.001,20879,20879,20879,2,-2
2024-05-13 15:07:39.001,20880,20880,20880,2,2
2024-05-13 15:07:45.001,20880,20880,20880,4,0
2024-05-13 15:07:45.001,20879,20879,20879,2,-2
2024-05-13 15:07:50.001,20879,20879,20879,6,0
2024-05-13 15:07:52.001,20879,20879,20879,2,0
2024-05-13 15:07:56.001,20878,20878,20878,2,-2
2024-05-13 15:07:56.001,20878,20878,20878,2,0
2024-05-13 15:07:56.001,20878,20878,20878,2,0
2024-05-13 15:07:56.001,20878,20878,20878,2,0
2024-05-13 15:07:56.001,20878,20878,20878,2,0
2024-05-13 15:08:11.001,20879,20879,20879,4,4
2024-05-13 15:08:11.001,20878,20878,20878,2,-2
2024-05-13 15:08:13.001,20878,20878,20878,4,0
2024-05-13 15:08:13.001,20878,20878,20878,2,0
2024-05-13 15:08:13.001,20878,20878,20878,2,0
2024-05-13 15:08:15.001,20880,20880,20880,2,2
2024-05-13 15:08:18.001,20880,20880,20880,2,0
2024-05-13 15:08:21.001,20879,20879,20879,2,-2
2024-05-13 15:08:52.001,20879,20879,20879,6,0
2024-05-13 15:09:01.001,20879,20879,20879,2,0
2024-05-13 15:09:05.001,20879,20879,20879,2,0
2024-05-13 15:09:05.001,20879,20879,20879,4,0
2024-05-13 15:09:05.001,20879,20879,20879,10,0
2024-05-13 15:09:10.001,20880,20880,20880,4,4
2024-05-13 15:09:11.001,20879,20879,20879,2,-2
2024-05-13 15:09:17.001,20878,20878,20878,2,-2
2024-05-13 15:09:17.001,20878,20878,20878,2,0
2024-05-13 15:09:17.001,20878,20878,20878,2,0
2024-05-13 15:09:25.001,20880,20880,20880,2,2
2024-05-13 15:09:27.001,20879,20879,20879,4,-4
2024-05-13 15:09:31.001,20880,20880,20880,4,4
2024-05-13 15:09:38.001,20879,20879,20879,2,-2
2024-05-13 15:09:38.001,20879,20879,20879,4,0
2024-05-13 15:09:49.001,20879,20879,20879,2,0
2024-05-13 15:09:49.001,20879,20879,20879,2,0
2024-05-13 15:09:49.001,20879,20879,20879,2,0
2024-05-13 15:09:49.001,20879,20879,20879,2,0
2024-05-13 15:09:49.001,20879,20879,20879,2,0
2024-05-13 15:09:56.001,20879,20879,20879,2,0
2024-05-13 15:09:57.001,20879,20879,20879,2,0
2024-05-13 15:10:00.001,20880,20880,20880,2,2
2024-05-13 15:10:02.001,20880,20880,20880,6,0
2024-05-13 15:10:07.001,20881,20881,20881,4,4
2024-05-13 15:10:08.001,20881,20881,20881,2,0
2024-05-13 15:10:08.001,20881,20881,20881,2,0
2024-05-13 15:10:08.001,20881,20881,20881,2,0
2024-05-13 15:10:08.001,20881,20881,20881,2,0
2024-05-13 15:10:10.001,20881,20881,20881,2,0
2024-05-13 15:10:13.001,20881,20881,20881,2,0
2024-05-13 15:10:24.001,20882,20882,20882,8,8
2024-05-13 15:10:25.001,20882,20882,20882,8,0
2024-05-13 15:10:32.001,20882,20882,20882,2,0
2024-05-13 15:10:34.001,20881,20881,20881,2,-2
2024-05-13 15:10:36.001,20882,20882,20882,8,8
2024-05-13 15:10:36.001,20882,20882,20882,2,0
2024-05-13 15:10:39.001,20880,20880,20880,2,-2
2024-05-13 15:10:39.001,20879,20879,20879,8,-8
2024-05-13 15:10:39.001,20879,20879,20879,2,0
2024-05-13 15:10:39.001,20879,20879,20879,2,0
2024-05-13 15:10:49.001,20879,20879,20879,2,0
2024-05-13 15:10:53.001,20878,20878,20878,4,-4
2024-05-13 15:10:53.001,20878,20878,20878,4,0
2024-05-13 15:10:53.001,20878,20878,20878,2,0
2024-05-13 15:10:53.001,20878,20878,20878,2,0
2024-05-13 15:10:54.001,20877,20877,20877,2,-2
2024-05-13 15:10:54.001,20877,20877,20877,4,0
2024-05-13 15:10:55.001,20876,20876,20876,2,-2
2024-05-13 15:10:55.001,20876,20876,20876,2,0
2024-05-13 15:10:55.001,20876,20876,20876,2,0
2024-05-13 15:10:55.001,20876,20876,20876,2,0
2024-05-13 15:11:05.001,20876,20876,20876,2,0
2024-05-13 15:11:05.001,20876,20876,20876,2,0
2024-05-13 15:11:05.001,20876,20876,20876,2,0
2024-05-13 15:11:07.001,20875,20875,20875,2,-2
2024-05-13 15:11:07.001,20875,20875,20875,2,0
2024-05-13 15:11:07.001,20875,20875,20875,2,0
2024-05-13 15:11:07.001,20875,20875,20875,2,0
2024-05-13 15:11:14.001,20876,20876,20876,2,2
2024-05-13 15:11:14.001,20876,20876,20876,2,0
2024-05-13 15:11:17.001,20876,20876,20876,2,0
2024-05-13 15:11:19.001,20876,20876,20876,2,0
2024-05-13 15:11:19.001,20876,20876,20876,2,0
2024-05-13 15:11:19.001,20876,20876,20876,2,0
2024-05-13 15:11:19.001,20876,20876,20876,2,0
2024-05-13 15:11:24.001,20875,20875,20875,2,-2
2024-05-13 15:11:32.001,20875,20875,20875,2,0
2024-05-13 15:11:36.001,20875,20875,20875,2,0
2024-05-13 15:11:36.001,20875,20875,20875,2,0
2024-05-13 15:11:36.001,20875,20875,20875,2,0
2024-05-13 15:11:37.001,20876,20876,20876,10,10
2024-05-13 15:11:37.001,20876,20876,20876,6,0
2024-05-13 15:11:37.001,20876,20876,20876,2,0
2024-05-13 15:11:41.001,20876,20876,20876,2,0
2024-05-13 15:11:45.001,20877,20877,20877,16,16
2024-05-13 15:11:45.001,20878,20878,20878,24,24
2024-05-13 15:11:49.001,20878,20878,20878,2,0
2024-05-13 15:12:00.001,20878,20878,20878,4,0
2024-05-13 15:12:00.001,20879,20879,20879,2,2
2024-05-13 15:12:00.001,20880,20880,20880,2,2
2024-05-13 15:12:00.001,20880,20880,20880,2,0
2024-05-13 15:12:00.001,20880,20880,20880,2,0
2024-05-13 15:12:01.001,20880,20880,20880,2,0
2024-05-13 15:12:01.001,20881,20881,20881,2,2
2024-05-13 15:12:01.001,20881,20881,20881,2,0
2024-05-13 15:12:01.001,20881,20881,20881,2,0
2024-05-13 15:12:01.001,20881,20881,20881,2,0
2024-05-13 15:12:01.001,20881,20881,20881,2,0
2024-05-13 15:12:01.001,20881,20881,20881,2,0
2024-05-13 15:12:01.001,20881,20881,20881,2,0
2024-05-13 15:12:01.001,20881,20881,20881,2,0
2024-05-13 15:12:01.001,20881,20881,20881,2,0
2024-05-13 15:12:02.001,20881,20881,20881,2,0
2024-05-13 15:12:02.001,20882,20882,20882,2,2
2024-05-13 15:12:02.001,20882,20882,20882,2,0
2024-05-13 15:12:02.001,20882,20882,20882,2,0
2024-05-13 15:12:02.001,20882,20882,20882,2,0
2024-05-13 15:12:02.001,20882,20882,20882,2,0
2024-05-13 15:12:02.001,20882,20882,20882,2,0
2024-05-13 15:12:02.001,20882,20882,20882,2,0
2024-05-13 15:12:08.001,20880,20880,20880,2,-2
2024-05-13 15:12:41.001,20879,20879,20879,4,-4
2024-05-13 15:12:42.001,20879,20879,20879,2,0
2024-05-13 15:12:42.001,20879,20879,20879,2,0
2024-05-13 15:12:42.001,20880,20880,20880,2,2
2024-05-13 15:12:57.001,20878,20878,20878,2,-2
2024-05-13 15:12:57.001,20878,20878,20878,4,0
2024-05-13 15:12:57.001,20878,20878,20878,2,0
2024-05-13 15:13:17.001,20877,20877,20877,2,-2
2024-05-13 15:13:17.001,20877,20877,20877,2,0
2024-05-13 15:13:19.001,20876,20876,20876,2,-2
2024-05-13 15:13:19.001,20875,20875,20875,4,-4
2024-05-13 15:13:19.001,20875,20875,20875,2,0
2024-05-13 15:13:19.001,20875,20875,20875,2,0
2024-05-13 15:13:19.001,20875,20875,20875,2,0
2024-05-13 15:13:19.001,20875,20875,20875,2,0
2024-05-13 15:13:19.001,20875,20875,20875,2,0
2024-05-13 15:13:26.001,20877,20877,20877,2,2
2024-05-13 15:13:45.001,20877,20877,20877,2,0
2024-05-13 15:13:52.001,20877,20877,20877,2,0
2024-05-13 15:13:55.001,20877,20877,20877,2,0
2024-05-13 15:13:56.001,20877,20877,20877,2,0
2024-05-13 15:14:11.001,20878,20878,20878,6,6
2024-05-13 15:14:11.001,20876,20876,20876,2,-2
2024-05-13 15:14:22.001,20876,20876,20876,2,0
2024-05-13 15:14:22.001,20876,20876,20876,2,0
2024-05-13 15:14:22.001,20876,20876,20876,2,0
2024-05-13 15:14:22.001,20876,20876,20876,2,0
2024-05-13 15:14:28.001,20876,20876,20876,2,0
2024-05-13 15:14:29.001,20875,20875,20875,2,-2
2024-05-13 15:14:29.001,20875,20875,20875,2,0
2024-05-13 15:14:31.001,20875,20875,20875,2,0
2024-05-13 15:14:36.001,20875,20875,20875,2,0
2024-05-13 15:14:36.001,20875,20875,20875,2,0
2024-05-13 15:14:38.001,20874,20874,20874,2,-2
2024-05-13 15:14:43.001,20873,20873,20873,2,-2
2024-05-13 15:14:52.001,20873,20873,20873,2,0
2024-05-13 15:14:54.001,20873,20873,20873,2,0
2024-05-13 15:14:54.001,20873,20873,20873,2,0
2024-05-13 15:14:56.001,20873,20873,20873,6,0
2024-05-13 15:14:58.001,20874,20874,20874,4,4
2024-05-13 15:15:02.001,20874,20874,20874,2,0
2024-05-13 15:15:02.001,20874,20874,20874,2,0
2024-05-13 15:15:02.001,20874,20874,20874,2,0
2024-05-13 15:15:02.001,20874,20874,20874,4,0
2024-05-13 15:15:02.001,20874,20874,20874,2,0
2024-05-13 15:15:02.001,20875,20875,20875,2,2
2024-05-13 15:15:02.001,20875,20875,20875,2,0
2024-05-13 15:15:02.001,20874,20874,20874,2,-2
2024-05-13 15:15:02.001,20874,20874,20874,2,0
2024-05-13 15:15:02.001,20874,20874,20874,2,0
2024-05-13 15:15:02.001,20874,20874,20874,2,0
2024-05-13 15:15:03.001,20874,20874,20874,2,0
2024-05-13 15:15:03.001,20874,20874,20874,2,0
2024-05-13 15:15:03.001,20874,20874,20874,2,0
2024-05-13 15:15:03.001,20873,20873,20873,2,-2
2024-05-13 15:15:03.001,20873,20873,20873,2,0
2024-05-13 15:15:03.001,20873,20873,20873,2,0
2024-05-13 15:15:03.001,20873,20873,20873,2,0
2024-05-13 15:15:03.001,20873,20873,20873,2,0
2024-05-13 15:15:03.001,20873,20873,20873,2,0
2024-05-13 15:15:03.001,20873,20873,20873,2,0
2024-05-13 15:15:03.001,20873,20873,20873,2,0
2024-05-13 15:15:03.001,20875,20875,20875,4,4
2024-05-13 15:15:05.001,20873,20873,20873,6,-6
2024-05-13 15:15:05.001,20873,20873,20873,2,0
2024-05-13 15:15:12.001,20873,20873,20873,2,0
2024-05-13 15:15:12.001,20873,20873,20873,2,0
2024-05-13 15:15:12.001,20873,20873,20873,2,0
2024-05-13 15:15:12.001,20873,20873,20873,2,0
2024-05-13 15:15:15.001,20874,20874,20874,2,2
2024-05-13 15:15:16.001,20874,20874,20874,2,0
2024-05-13 15:15:16.001,20873,20873,20873,2,-2
2024-05-13 15:15:22.001,20873,20873,20873,2,0
2024-05-13 15:15:25.001,20873,20873,20873,2,0
2024-05-13 15:15:27.001,20873,20873,20873,2,0
2024-05-13 15:15:27.001,20873,20873,20873,2,0
2024-05-13 15:15:29.001,20873,20873,20873,2,0
2024-05-13 15:15:42.001,20874,20874,20874,8,8
2024-05-13 15:15:51.001,20874,20874,20874,2,0
2024-05-13 15:15:53.001,20873,20873,20873,10,-10
2024-05-13 15:15:53.001,20873,20873,20873,2,0
2024-05-13 15:15:53.001,20873,20873,20873,2,0
2024-05-13 15:15:59.001,20872,20872,20872,2,-2
2024-05-13 15:15:59.001,20872,20872,20872,2,0
2024-05-13 15:16:00.001,20872,20872,20872,4,0
2024-05-13 15:16:00.001,20873,20873,20873,2,2
2024-05-13 15:16:00.001,20873,20873,20873,2,0
2024-05-13 15:16:00.001,20873,20873,20873,24,0
2024-05-13 15:16:00.001,20873,20873,20873,2,0
2024-05-13 15:16:04.001,20873,20873,20873,2,0
2024-05-13 15:16:08.001,20872,20872,20872,8,-8
2024-05-13 15:16:08.001,20872,20872,20872,2,0
2024-05-13 15:16:12.001,20873,20873,20873,4,4
2024-05-13 15:16:12.001,20873,20873,20873,2,0
2024-05-13 15:16:12.001,20873,20873,20873,2,0
2024-05-13 15:16:13.001,20873,20873,20873,2,0
2024-05-13 15:16:15.001,20874,20874,20874,2,2
2024-05-13 15:16:15.001,20873,20873,20873,8,-8
2024-05-13 15:16:15.001,20873,20873,20873,2,0
2024-05-13 15:16:15.001,20873,20873,20873,2,0
2024-05-13 15:16:17.001,20874,20874,20874,2,2
2024-05-13 15:16:17.001,20875,20875,20875,4,4
2024-05-13 15:16:18.001,20873,20873,20873,2,-2
2024-05-13 15:16:18.001,20875,20875,20875,2,2
2024-05-13 15:16:18.001,20875,20875,20875,2,0
2024-05-13 15:16:18.001,20875,20875,20875,2,0
2024-05-13 15:16:18.001,20875,20875,20875,2,0
2024-05-13 15:16:20.001,20875,20875,20875,2,0
2024-05-13 15:16:20.001,20875,20875,20875,2,0
2024-05-13 15:16:22.001,20874,20874,20874,2,-2
2024-05-13 15:16:23.001,20873,20873,20873,2,-2
2024-05-13 15:16:23.001,20873,20873,20873,2,0
2024-05-13 15:16:23.001,20873,20873,20873,2,0
2024-05-13 15:16:24.001,20874,20874,20874,2,2
2024-05-13 15:16:26.001,20874,20874,20874,2,0
2024-05-13 15:16:30.001,20873,20873,20873,2,-2
2024-05-13 15:16:36.001,20872,20872,20872,2,-2
2024-05-13 15:16:36.001,20872,20872,20872,2,0
2024-05-13 15:16:36.001,20872,20872,20872,2,0
2024-05-13 15:16:36.001,20871,20871,20871,2,-2
2024-05-13 15:16:36.001,20871,20871,20871,2,0
2024-05-13 15:16:36.001,20871,20871,20871,2,0
2024-05-13 15:16:36.001,20871,20871,20871,2,0
2024-05-13 15:16:49.001,20872,20872,20872,2,2
2024-05-13 15:16:50.001,20871,20871,20871,2,-2
2024-05-13 15:16:50.001,20873,20873,20873,2,2
2024-05-13 15:16:51.001,20871,20871,20871,2,-2
2024-05-13 15:16:52.001,20872,20872,20872,2,2
2024-05-13 15:16:55.001,20872,20872,20872,2,0
2024-05-13 15:17:05.001,20872,20872,20872,4,0
2024-05-13 15:17:05.001,20873,20873,20873,16,16
2024-05-13 15:17:06.001,20872,20872,20872,2,-2
2024-05-13 15:17:06.001,20872,20872,20872,2,0
2024-05-13 15:17:06.001,20872,20872,20872,2,0
2024-05-13 15:17:06.001,20872,20872,20872,2,0
2024-05-13 15:17:06.001,20872,20872,20872,2,0
2024-05-13 15:17:13.001,20873,20873,20873,2,2
2024-05-13 15:17:16.001,20873,20873,20873,2,0
2024-05-13 15:17:26.001,20873,20873,20873,2,0
2024-05-13 15:17:27.001,20872,20872,20872,2,-2
2024-05-13 15:17:27.001,20872,20872,20872,2,0
2024-05-13 15:17:27.001,20872,20872,20872,2,0
2024-05-13 15:17:30.001,20873,20873,20873,2,2
2024-05-13 15:17:37.001,20872,20872,20872,2,-2
2024-05-13 15:17:45.001,20872,20872,20872,4,0
2024-05-13 15:17:49.001,20872,20872,20872,2,0
2024-05-13 15:17:49.001,20872,20872,20872,2,0
2024-05-13 15:17:50.001,20871,20871,20871,2,-2
2024-05-13 15:17:50.001,20871,20871,20871,8,0
2024-05-13 15:17:50.001,20872,20872,20872,2,2
2024-05-13 15:17:50.001,20872,20872,20872,2,0
2024-05-13 15:17:52.001,20872,20872,20872,2,0
2024-05-13 15:17:57.001,20871,20871,20871,2,-2
2024-05-13 15:17:57.001,20871,20871,20871,2,0
2024-05-13 15:17:57.001,20871,20871,20871,2,0
2024-05-13 15:17:57.001,20871,20871,20871,2,0
2024-05-13 15:17:57.001,20871,20871,20871,2,0
2024-05-13 15:17:57.001,20871,20871,20871,4,0
2024-05-13 15:17:57.001,20871,20871,20871,4,0
2024-05-13 15:18:00.001,20871,20871,20871,10,0
2024-05-13 15:18:00.001,20871,20871,20871,2,0
2024-05-13 15:18:00.001,20871,20871,20871,2,0
2024-05-13 15:18:02.001,20871,20871,20871,2,0
2024-05-13 15:18:02.001,20871,20871,20871,2,0
2024-05-13 15:18:03.001,20870,20870,20870,2,-2
2024-05-13 15:18:03.001,20870,20870,20870,2,0
2024-05-13 15:18:03.001,20870,20870,20870,16,0
2024-05-13 15:18:03.001,20870,20870,20870,4,0
2024-05-13 15:18:03.001,20870,20870,20870,2,0
2024-05-13 15:18:03.001,20870,20870,20870,2,0
2024-05-13 15:18:03.001,20870,20870,20870,2,0
2024-05-13 15:18:03.001,20870,20870,20870,6,0
2024-05-13 15:18:08.001,20869,20869,20869,2,-2
2024-05-13 15:18:08.001,20869,20869,20869,2,0
2024-05-13 15:18:08.001,20869,20869,20869,2,0
2024-05-13 15:18:08.001,20869,20869,20869,2,0
2024-05-13 15:18:08.001,20869,20869,20869,2,0
2024-05-13 15:18:08.001,20869,20869,20869,2,0
2024-05-13 15:18:11.001,20869,20869,20869,2,0
2024-05-13 15:18:13.001,20869,20869,20869,2,0
2024-05-13 15:18:16.001,20868,20868,20868,2,-2
2024-05-13 15:18:16.001,20868,20868,20868,2,0
2024-05-13 15:18:16.001,20868,20868,20868,6,0
2024-05-13 15:18:17.001,20868,20868,20868,2,0
2024-05-13 15:18:18.001,20868,20868,20868,2,0
2024-05-13 15:18:18.001,20868,20868,20868,2,0
2024-05-13 15:18:18.001,20868,20868,20868,4,0
2024-05-13 15:18:19.001,20868,20868,20868,4,0
2024-05-13 15:18:19.001,20868,20868,20868,2,0
2024-05-13 15:18:22.001,20867,20867,20867,2,-2
2024-05-13 15:18:22.001,20867,20867,20867,2,0
2024-05-13 15:18:22.001,20867,20867,20867,2,0
2024-05-13 15:18:22.001,20867,20867,20867,2,0
2024-05-13 15:18:22.001,20867,20867,20867,4,0
2024-05-13 15:18:22.001,20867,20867,20867,2,0
2024-05-13 15:18:24.001,20867,20867,20867,2,0
2024-05-13 15:18:24.001,20868,20868,20868,2,2
2024-05-13 15:18:24.001,20868,20868,20868,2,0
2024-05-13 15:18:24.001,20868,20868,20868,2,0
2024-05-13 15:18:24.001,20868,20868,20868,10,0
2024-05-13 15:18:25.001,20868,20868,20868,2,0
2024-05-13 15:18:28.001,20868,20868,20868,2,0
2024-05-13 15:18:28.001,20868,20868,20868,2,0
2024-05-13 15:18:29.001,20868,20868,20868,2,0
2024-05-13 15:18:29.001,20868,20868,20868,2,0
2024-05-13 15:18:29.001,20868,20868,20868,2,0
2024-05-13 15:18:29.001,20867,20867,20867,2,-2
2024-05-13 15:18:30.001,20868,20868,20868,2,2
2024-05-13 15:18:30.001,20869,20869,20869,22,22
2024-05-13 15:18:32.001,20870,20870,20870,2,2
2024-05-13 15:18:32.001,20871,20871,20871,2,2
2024-05-13 15:18:32.001,20870,20870,20870,2,-2
2024-05-13 15:18:32.001,20870,20870,20870,4,0
2024-05-13 15:18:32.001,20870,20870,20870,2,0
2024-05-13 15:18:32.001,20870,20870,20870,2,0
2024-05-13 15:18:33.001,20870,20870,20870,2,0
2024-05-13 15:18:33.001,20871,20871,20871,2,2
2024-05-13 15:18:34.001,20871,20871,20871,2,0
2024-05-13 15:18:35.001,20871,20871,20871,2,0
2024-05-13 15:18:35.001,20871,20871,20871,4,0
2024-05-13 15:18:35.001,20871,20871,20871,2,0
2024-05-13 15:18:37.001,20871,20871,20871,2,0
2024-05-13 15:18:39.001,20871,20871,20871,2,0
2024-05-13 15:18:39.001,20870,20870,20870,2,-2
2024-05-13 15:18:40.001,20871,20871,20871,2,2
2024-05-13 15:18:42.001,20871,20871,20871,2,0
2024-05-13 15:18:42.001,20871,20871,20871,2,0
2024-05-13 15:18:42.001,20872,20872,20872,2,2
2024-05-13 15:18:43.001,20871,20871,20871,2,-2
2024-05-13 15:18:43.001,20871,20871,20871,2,0
2024-05-13 15:18:45.001,20872,20872,20872,2,2
2024-05-13 15:18:45.001,20872,20872,20872,2,0
2024-05-13 15:18:47.001,20871,20871,20871,2,-2
2024-05-13 15:18:48.001,20871,20871,20871,2,0
2024-05-13 15:18:52.001,20870,20870,20870,2,-2
2024-05-13 15:18:59.001,20870,20870,20870,2,0
2024-05-13 15:19:04.001,20870,20870,20870,2,0
2024-05-13 15:19:05.001,20870,20870,20870,2,0
2024-05-13 15:19:08.001,20871,20871,20871,12,12
2024-05-13 15:19:08.001,20872,20872,20872,4,4
2024-05-13 15:19:10.001,20872,20872,20872,2,0
2024-05-13 15:19:10.001,20873,20873,20873,12,12
2024-05-13 15:19:11.001,20873,20873,20873,2,0
2024-05-13 15:19:13.001,20874,20874,20874,2,2
2024-05-13 15:19:13.001,20873,20873,20873,2,-2
2024-05-13 15:19:16.001,20874,20874,20874,2,2
2024-05-13 15:19:18.001,20874,20874,20874,2,0
2024-05-13 15:19:18.001,20875,20875,20875,10,10
2024-05-13 15:19:18.001,20875,20875,20875,10,0
2024-05-13 15:19:18.001,20875,20875,20875,2,0
2024-05-13 15:19:20.001,20877,20877,20877,6,6
2024-05-13 15:19:20.001,20877,20877,20877,2,0
2024-05-13 15:19:20.001,20878,20878,20878,4,4
2024-05-13 15:19:21.001,20876,20876,20876,2,-2
2024-05-13 15:19:22.001,20876,20876,20876,2,0
2024-05-13 15:19:22.001,20876,20876,20876,2,0
2024-05-13 15:19:22.001,20876,20876,20876,2,0
2024-05-13 15:19:22.001,20876,20876,20876,2,0
2024-05-13 15:19:23.001,20875,20875,20875,2,-2
2024-05-13 15:19:23.001,20877,20877,20877,4,4
2024-05-13 15:19:24.001,20877,20877,20877,4,0
2024-05-13 15:19:24.001,20878,20878,20878,2,2
2024-05-13 15:19:27.001,20877,20877,20877,8,-8
2024-05-13 15:19:32.001,20877,20877,20877,8,0
2024-05-13 15:19:32.001,20877,20877,20877,2,0
2024-05-13 15:19:33.001,20876,20876,20876,2,-2
2024-05-13 15:19:39.001,20876,20876,20876,2,0
2024-05-13 15:19:39.001,20876,20876,20876,2,0
2024-05-13 15:19:40.001,20877,20877,20877,12,12
2024-05-13 15:19:40.001,20877,20877,20877,8,0
2024-05-13 15:19:45.001,20877,20877,20877,2,0
2024-05-13 15:19:49.001,20878,20878,20878,4,4
2024-05-13 15:20:00.001,20878,20878,20878,2,0
2024-05-13 15:20:00.001,20877,20877,20877,2,-2
2024-05-13 15:20:06.001,20878,20878,20878,6,6
2024-05-13 15:20:12.001,20878,20878,20878,2,0
2024-05-13 15:20:12.001,20879,20879,20879,2,2
2024-05-13 15:20:14.001,20878,20878,20878,8,-8
2024-05-13 15:20:31.001,20878,20878,20878,4,0
2024-05-13 15:20:31.001,20878,20878,20878,4,0
2024-05-13 15:20:31.001,20878,20878,20878,4,0
2024-05-13 15:20:31.001,20878,20878,20878,2,0
2024-05-13 15:20:31.001,20878,20878,20878,2,0
2024-05-13 15:20:33.001,20877,20877,20877,6,-6
2024-05-13 15:20:33.001,20877,20877,20877,2,0
2024-05-13 15:20:42.001,20875,20875,20875,2,-2
2024-05-13 15:20:55.001,20875,20875,20875,2,0
2024-05-13 15:20:55.001,20875,20875,20875,4,0
2024-05-13 15:21:01.001,20875,20875,20875,2,0
2024-05-13 15:21:01.001,20875,20875,20875,2,0
2024-05-13 15:21:01.001,20875,20875,20875,2,0
2024-05-13 15:21:01.001,20875,20875,20875,2,0
2024-05-13 15:21:01.001,20875,20875,20875,2,0
2024-05-13 15:21:09.001,20877,20877,20877,2,2
2024-05-13 15:21:11.001,20878,20878,20878,10,10
2024-05-13 15:21:12.001,20879,20879,20879,2,2
2024-05-13 15:21:14.001,20879,20879,20879,2,0
2024-05-13 15:21:33.001,20879,20879,20879,2,0
2024-05-13 15:21:33.001,20879,20879,20879,2,0
2024-05-13 15:21:37.001,20879,20879,20879,2,0
2024-05-13 15:21:37.001,20879,20879,20879,2,0
2024-05-13 15:21:37.001,20879,20879,20879,2,0
2024-05-13 15:21:37.001,20879,20879,20879,2,0
2024-05-13 15:21:37.001,20879,20879,20879,2,0
2024-05-13 15:21:37.001,20879,20879,20879,2,0
2024-05-13 15:21:53.001,20878,20878,20878,2,-2
2024-05-13 15:22:17.001,20879,20879,20879,10,10
2024-05-13 15:22:26.001,20880,20880,20880,10,10
2024-05-13 15:22:32.001,20879,20879,20879,2,-2
2024-05-13 15:22:32.001,20879,20879,20879,4,0
2024-05-13 15:22:32.001,20879,20879,20879,2,0
2024-05-13 15:22:32.001,20879,20879,20879,2,0
2024-05-13 15:22:32.001,20879,20879,20879,2,0
2024-05-13 15:22:41.001,20880,20880,20880,2,2
2024-05-13 15:22:45.001,20880,20880,20880,4,0
2024-05-13 15:22:49.001,20881,20881,20881,2,2
2024-05-13 15:22:53.001,20882,20882,20882,8,8
2024-05-13 15:22:53.001,20883,20883,20883,2,2
2024-05-13 15:22:54.001,20882,20882,20882,4,-4
2024-05-13 15:22:54.001,20883,20883,20883,2,2
2024-05-13 15:22:56.001,20882,20882,20882,4,-4
2024-05-13 15:23:02.001,20882,20882,20882,2,0
2024-05-13 15:23:07.001,20881,20881,20881,6,-6
2024-05-13 15:23:16.001,20882,20882,20882,6,6
2024-05-13 15:23:26.001,20882,20882,20882,2,0
2024-05-13 15:23:52.001,20882,20882,20882,4,0
2024-05-13 15:24:00.001,20882,20882,20882,4,0
2024-05-13 15:24:13.001,20881,20881,20881,2,-2
2024-05-13 15:24:13.001,20881,20881,20881,2,0
2024-05-13 15:24:13.001,20881,20881,20881,2,0
2024-05-13 15:24:13.001,20881,20881,20881,2,0
2024-05-13 15:24:13.001,20881,20881,20881,2,0
2024-05-13 15:24:13.001,20881,20881,20881,2,0
2024-05-13 15:24:14.001,20881,20881,20881,2,0
2024-05-13 15:24:23.001,20880,20880,20880,2,-2
2024-05-13 15:24:49.001,20880,20880,20880,2,0
2024-05-13 15:24:59.001,20881,20881,20881,2,2
2024-05-13 15:25:19.001,20881,20881,20881,2,0
2024-05-13 15:25:19.001,20881,20881,20881,2,0
2024-05-13 15:25:23.001,20881,20881,20881,4,0
2024-05-13 15:25:23.001,20881,20881,20881,2,0
2024-05-13 15:25:23.001,20881,20881,20881,4,0
2024-05-13 15:25:23.001,20881,20881,20881,2,0
2024-05-13 15:25:24.001,20882,20882,20882,2,2
2024-05-13 15:25:28.001,20882,20882,20882,2,0
2024-05-13 15:25:32.001,20882,20882,20882,2,0
2024-05-13 15:25:32.001,20881,20881,20881,2,-2
2024-05-13 15:25:38.001,20881,20881,20881,2,0
2024-05-13 15:26:01.001,20881,20881,20881,2,0
2024-05-13 15:26:02.001,20881,20881,20881,2,0
2024-05-13 15:26:05.001,20882,20882,20882,8,8
2024-05-13 15:26:18.001,20882,20882,20882,2,0
2024-05-13 15:26:18.001,20882,20882,20882,2,0
2024-05-13 15:26:18.001,20882,20882,20882,2,0
2024-05-13 15:26:20.001,20883,20883,20883,2,2
2024-05-13 15:26:30.001,20883,20883,20883,6,0
2024-05-13 15:26:30.001,20883,20883,20883,6,0
2024-05-13 15:26:34.001,20883,20883,20883,2,0
2024-05-13 15:26:34.001,20884,20884,20884,2,2
2024-05-13 15:26:43.001,20884,20884,20884,4,0
2024-05-13 15:26:43.001,20884,20884,20884,4,0
2024-05-13 15:26:43.001,20884,20884,20884,6,0
2024-05-13 15:26:43.001,20884,20884,20884,6,0
2024-05-13 15:26:45.001,20884,20884,20884,2,0
2024-05-13 15:26:45.001,20884,20884,20884,2,0
2024-05-13 15:26:50.001,20884,20884,20884,2,0
2024-05-13 15:26:56.001,20885,20885,20885,2,2
2024-05-13 15:26:56.001,20885,20885,20885,20,0
2024-05-13 15:26:56.001,20885,20885,20885,2,0
2024-05-13 15:26:56.001,20885,20885,20885,2,0
2024-05-13 15:27:00.001,20886,20886,20886,6,6
2024-05-13 15:27:00.001,20886,20886,20886,2,0
2024-05-13 15:27:03.001,20885,20885,20885,2,-2
2024-05-13 15:27:03.001,20884,20884,20884,2,-2
2024-05-13 15:27:04.001,20885,20885,20885,2,2
2024-05-13 15:27:04.001,20885,20885,20885,2,0
2024-05-13 15:27:07.001,20886,20886,20886,2,2
2024-05-13 15:27:07.001,20885,20885,20885,2,-2
2024-05-13 15:27:07.001,20885,20885,20885,2,0
2024-05-13 15:27:14.001,20885,20885,20885,2,0
2024-05-13 15:27:18.001,20885,20885,20885,4,0
2024-05-13 15:27:19.001,20885,20885,20885,2,0
2024-05-13 15:27:19.001,20885,20885,20885,2,0
2024-05-13 15:27:20.001,20885,20885,20885,2,0
2024-05-13 15:27:21.001,20885,20885,20885,2,0
2024-05-13 15:27:23.001,20885,20885,20885,2,0
2024-05-13 15:27:26.001,20885,20885,20885,4,0
2024-05-13 15:27:31.001,20885,20885,20885,8,0
2024-05-13 15:27:48.001,20885,20885,20885,2,0
2024-05-13 15:27:48.001,20886,20886,20886,2,2
2024-05-13 15:27:56.001,20886,20886,20886,2,0
2024-05-13 15:28:00.001,20885,20885,20885,2,-2
2024-05-13 15:28:01.001,20885,20885,20885,2,0
2024-05-13 15:28:03.001,20885,20885,20885,2,0
2024-05-13 15:28:07.001,20885,20885,20885,2,0
2024-05-13 15:28:07.001,20885,20885,20885,2,0
2024-05-13 15:28:11.001,20885,20885,20885,2,0
2024-05-13 15:28:17.001,20885,20885,20885,8,0
2024-05-13 15:28:17.001,20885,20885,20885,6,0
2024-05-13 15:28:27.001,20885,20885,20885,10,0
2024-05-13 15:28:29.001,20885,20885,20885,2,0
2024-05-13 15:28:33.001,20884,20884,20884,2,-2
2024-05-13 15:28:36.001,20884,20884,20884,2,0
2024-05-13 15:28:36.001,20884,20884,20884,2,0
2024-05-13 15:28:39.001,20884,20884,20884,2,0
2024-05-13 15:29:03.001,20884,20884,20884,2,0
2024-05-13 15:29:06.001,20884,20884,20884,2,0
2024-05-13 15:29:08.001,20884,20884,20884,2,0
2024-05-13 15:29:28.001,20883,20883,20883,2,-2
2024-05-13 15:29:28.001,20884,20884,20884,2,2
2024-05-13 15:29:57.001,20883,20883,20883,2,-2
2024-05-13 15:29:57.001,20882,20882,20882,2,-2
2024-05-13 15:29:58.001,20882,20882,20882,2,0
2024-05-13 15:30:06.001,20882,20882,20882,2,0
2024-05-13 15:30:06.001,20881,20881,20881,2,-2
2024-05-13 15:30:06.001,20881,20881,20881,2,0
2024-05-13 15:30:07.001,20882,20882,20882,2,2
2024-05-13 15:30:13.001,20881,20881,20881,2,-2
2024-05-13 15:30:13.001,20881,20881,20881,4,0
2024-05-13 15:30:17.001,20880,20880,20880,4,-4
2024-05-13 15:30:17.001,20880,20880,20880,2,0
2024-05-13 15:30:18.001,20881,20881,20881,2,2
2024-05-13 15:30:31.001,20881,20881,20881,10,0
2024-05-13 15:30:37.001,20881,20881,20881,2,0
2024-05-13 15:30:50.001,20881,20881,20881,2,0
2024-05-13 15:30:53.001,20882,20882,20882,2,2
2024-05-13 15:31:31.001,20882,20882,20882,12,0
2024-05-13 15:31:31.001,20882,20882,20882,2,0
2024-05-13 15:31:31.001,20883,20883,20883,2,2
2024-05-13 15:31:31.001,20883,20883,20883,2,0
2024-05-13 15:31:32.001,20882,20882,20882,2,-2
2024-05-13 15:31:32.001,20883,20883,20883,2,2
2024-05-13 15:31:32.001,20883,20883,20883,2,0
2024-05-13 15:31:33.001,20883,20883,20883,2,0
2024-05-13 15:31:46.001,20881,20881,20881,2,-2
2024-05-13 15:31:46.001,20881,20881,20881,2,0
2024-05-13 15:31:51.001,20880,20880,20880,4,-4
2024-05-13 15:31:51.001,20882,20882,20882,2,2
2024-05-13 15:31:59.001,20882,20882,20882,2,0
2024-05-13 15:32:43.001,20881,20881,20881,2,-2
2024-05-13 15:32:52.001,20881,20881,20881,2,0
2024-05-13 15:32:52.001,20881,20881,20881,2,0
2024-05-13 15:32:52.001,20880,20880,20880,2,-2
2024-05-13 15:32:55.001,20882,20882,20882,2,2
2024-05-13 15:32:59.001,20880,20880,20880,2,-2
2024-05-13 15:33:21.001,20882,20882,20882,4,4
2024-05-13 15:33:29.001,20881,20881,20881,2,-2
2024-05-13 15:33:29.001,20881,20881,20881,2,0
2024-05-13 15:33:29.001,20881,20881,20881,2,0
2024-05-13 15:33:29.001,20880,20880,20880,2,-2
2024-05-13 15:33:36.001,20882,20882,20882,4,4
2024-05-13 15:33:38.001,20883,20883,20883,4,4
2024-05-13 15:33:42.001,20884,20884,20884,32,32
2024-05-13 15:33:47.001,20885,20885,20885,2,2
2024-05-13 15:33:47.001,20885,20885,20885,2,0
2024-05-13 15:33:47.001,20885,20885,20885,2,0
2024-05-13 15:33:53.001,20885,20885,20885,2,0
2024-05-13 15:34:07.001,20885,20885,20885,2,0
2024-05-13 15:34:07.001,20885,20885,20885,4,0
2024-05-13 15:34:07.001,20884,20884,20884,2,-2
2024-05-13 15:34:13.001,20885,20885,20885,2,2
2024-05-13 15:34:32.001,20884,20884,20884,2,-2
2024-05-13 15:34:32.001,20882,20882,20882,2,-2
2024-05-13 15:34:33.001,20884,20884,20884,2,2
2024-05-13 15:34:52.001,20883,20883,20883,2,-2
2024-05-13 15:35:54.001,20885,20885,20885,2,2
2024-05-13 15:35:54.001,20885,20885,20885,10,0
2024-05-13 15:35:54.001,20885,20885,20885,2,0
2024-05-13 15:36:16.001,20886,20886,20886,2,2
2024-05-13 15:36:18.001,20885,20885,20885,2,-2
2024-05-13 15:36:18.001,20885,20885,20885,2,0
2024-05-13 15:36:18.001,20885,20885,20885,2,0
2024-05-13 15:36:18.001,20885,20885,20885,2,0
2024-05-13 15:36:18.001,20885,20885,20885,2,0
2024-05-13 15:36:18.001,20885,20885,20885,2,0
2024-05-13 15:36:21.001,20886,20886,20886,2,2
2024-05-13 15:36:28.001,20884,20884,20884,4,-4
2024-05-13 15:36:28.001,20884,20884,20884,4,0
2024-05-13 15:36:28.001,20884,20884,20884,4,0
2024-05-13 15:36:28.001,20884,20884,20884,4,0
2024-05-13 15:36:28.001,20884,20884,20884,4,0
2024-05-13 15:36:28.001,20884,20884,20884,4,0
2024-05-13 15:36:28.001,20884,20884,20884,4,0
2024-05-13 15:36:28.001,20884,20884,20884,2,0
2024-05-13 15:36:28.001,20884,20884,20884,2,0
2024-05-13 15:36:30.001,20884,20884,20884,2,0
2024-05-13 15:36:47.001,20883,20883,20883,2,-2
2024-05-13 15:36:47.001,20883,20883,20883,4,0
2024-05-13 15:36:48.001,20882,20882,20882,2,-2
2024-05-13 15:36:48.001,20882,20882,20882,2,0
2024-05-13 15:36:48.001,20882,20882,20882,2,0
2024-05-13 15:36:48.001,20882,20882,20882,2,0
2024-05-13 15:37:10.001,20882,20882,20882,2,0
2024-05-13 15:37:11.001,20881,20881,20881,2,-2
2024-05-13 15:37:25.001,20882,20882,20882,6,6
2024-05-13 15:37:25.001,20882,20882,20882,2,0
2024-05-13 15:37:55.001,20881,20881,20881,2,-2
2024-05-13 15:38:00.001,20881,20881,20881,2,0
2024-05-13 15:38:00.001,20881,20881,20881,2,0
2024-05-13 15:38:00.001,20881,20881,20881,2,0
2024-05-13 15:38:00.001,20881,20881,20881,2,0
2024-05-13 15:38:00.001,20880,20880,20880,2,-2
2024-05-13 15:38:00.001,20880,20880,20880,2,0
2024-05-13 15:38:00.001,20881,20881,20881,2,2
2024-05-13 15:38:00.001,20880,20880,20880,2,-2
2024-05-13 15:38:05.001,20881,20881,20881,2,2
2024-05-13 15:38:05.001,20880,20880,20880,2,-2
2024-05-13 15:38:05.001,20880,20880,20880,2,0
2024-05-13 15:38:05.001,20880,20880,20880,2,0
2024-05-13 15:38:05.001,20880,20880,20880,2,0
2024-05-13 15:38:11.001,20880,20880,20880,2,0
2024-05-13 15:38:23.001,20878,20878,20878,2,-2
2024-05-13 15:38:23.001,20878,20878,20878,2,0
2024-05-13 15:38:23.001,20878,20878,20878,2,0
2024-05-13 15:38:23.001,20878,20878,20878,2,0
2024-05-13 15:38:25.001,20877,20877,20877,2,-2
2024-05-13 15:38:25.001,20877,20877,20877,2,0
2024-05-13 15:38:25.001,20877,20877,20877,2,0
2024-05-13 15:38:25.001,20877,20877,20877,2,0
2024-05-13 15:38:27.001,20877,20877,20877,8,0
2024-05-13 15:38:27.001,20877,20877,20877,2,0
2024-05-13 15:38:30.001,20877,20877,20877,2,0
2024-05-13 15:38:30.001,20877,20877,20877,2,0
2024-05-13 15:38:33.001,20877,20877,20877,2,0
2024-05-13 15:38:33.001,20877,20877,20877,2,0
2024-05-13 15:38:42.001,20877,20877,20877,2,0
2024-05-13 15:38:48.001,20877,20877,20877,2,0
2024-05-13 15:38:48.001,20877,20877,20877,4,0
2024-05-13 15:38:52.001,20877,20877,20877,6,0
2024-05-13 15:38:52.001,20877,20877,20877,2,0
2024-05-13 15:38:52.001,20877,20877,20877,2,0
2024-05-13 15:38:52.001,20877,20877,20877,2,0
2024-05-13 15:38:52.001,20877,20877,20877,2,0
2024-05-13 15:39:11.001,20878,20878,20878,2,2
2024-05-13 15:39:13.001,20877,20877,20877,4,-4
2024-05-13 15:39:22.001,20877,20877,20877,2,0
2024-05-13 15:39:26.001,20876,20876,20876,2,-2
2024-05-13 15:39:30.001,20876,20876,20876,2,0
2024-05-13 15:39:30.001,20876,20876,20876,2,0
2024-05-13 15:39:30.001,20876,20876,20876,2,0
2024-05-13 15:39:36.001,20876,20876,20876,2,0
2024-05-13 15:39:44.001,20875,20875,20875,2,-2
2024-05-13 15:39:44.001,20875,20875,20875,2,0
2024-05-13 15:39:44.001,20875,20875,20875,6,0
2024-05-13 15:39:44.001,20876,20876,20876,4,4
2024-05-13 15:39:46.001,20876,20876,20876,10,0
2024-05-13 15:39:59.001,20877,20877,20877,8,8
2024-05-13 15:40:03.001,20878,20878,20878,2,2
2024-05-13 15:40:03.001,20878,20878,20878,4,0
2024-05-13 15:40:03.001,20878,20878,20878,2,0
2024-05-13 15:40:04.001,20877,20877,20877,2,-2
2024-05-13 15:40:09.001,20878,20878,20878,2,2
2024-05-13 15:40:21.001,20878,20878,20878,2,0
2024-05-13 15:40:23.001,20877,20877,20877,2,-2
2024-05-13 15:40:23.001,20877,20877,20877,2,0
2024-05-13 15:40:26.001,20877,20877,20877,2,0
2024-05-13 15:40:45.001,20877,20877,20877,2,0
2024-05-13 15:40:45.001,20877,20877,20877,2,0
2024-05-13 15:40:51.001,20876,20876,20876,2,-2
2024-05-13 15:40:51.001,20876,20876,20876,2,0
2024-05-13 15:40:51.001,20876,20876,20876,2,0
2024-05-13 15:40:58.001,20876,20876,20876,2,0
2024-05-13 15:41:10.001,20876,20876,20876,4,0
2024-05-13 15:41:19.001,20876,20876,20876,2,0
2024-05-13 15:41:23.001,20877,20877,20877,2,2
2024-05-13 15:41:24.001,20877,20877,20877,4,0
2024-05-13 15:41:28.001,20876,20876,20876,2,-2
2024-05-13 15:41:30.001,20878,20878,20878,2,2
2024-05-13 15:41:35.001,20878,20878,20878,2,0
2024-05-13 15:41:37.001,20877,20877,20877,4,-4
2024-05-13 15:41:37.001,20877,20877,20877,2,0
2024-05-13 15:41:38.001,20877,20877,20877,2,0
2024-05-13 15:41:40.001,20878,20878,20878,2,2
2024-05-13 15:41:45.001,20876,20876,20876,8,-8
2024-05-13 15:41:51.001,20876,20876,20876,10,0
2024-05-13 15:41:55.001,20876,20876,20876,14,0
2024-05-13 15:41:55.001,20876,20876,20876,2,0
2024-05-13 15:41:55.001,20876,20876,20876,4,0
2024-05-13 15:41:55.001,20876,20876,20876,2,0
2024-05-13 15:41:55.001,20876,20876,20876,2,0
2024-05-13 15:41:55.001,20876,20876,20876,2,0
2024-05-13 15:42:14.001,20875,20875,20875,2,-2
2024-05-13 15:42:14.001,20875,20875,20875,2,0
2024-05-13 15:42:14.001,20875,20875,20875,20,0
2024-05-13 15:42:14.001,20875,20875,20875,4,0
2024-05-13 15:42:14.001,20875,20875,20875,2,0
2024-05-13 15:42:14.001,20875,20875,20875,2,0
2024-05-13 15:42:14.001,20875,20875,20875,4,0
2024-05-13 15:42:14.001,20875,20875,20875,2,0
2024-05-13 15:42:14.001,20875,20875,20875,2,0
2024-05-13 15:42:14.001,20875,20875,20875,2,0
2024-05-13 15:42:14.001,20874,20874,20874,2,-2
2024-05-13 15:42:19.001,20873,20873,20873,2,-2
2024-05-13 15:42:19.001,20873,20873,20873,2,0
2024-05-13 15:42:42.001,20874,20874,20874,2,2
2024-05-13 15:42:42.001,20874,20874,20874,2,0
2024-05-13 15:42:49.001,20874,20874,20874,2,0
2024-05-13 15:42:50.001,20874,20874,20874,2,0
2024-05-13 15:42:51.001,20875,20875,20875,8,8
2024-05-13 15:42:51.001,20875,20875,20875,4,0
2024-05-13 15:42:59.001,20875,20875,20875,2,0
2024-05-13 15:42:59.001,20875,20875,20875,6,0
2024-05-13 15:43:14.001,20874,20874,20874,2,-2
2024-05-13 15:43:14.001,20874,20874,20874,2,0
2024-05-13 15:43:17.001,20874,20874,20874,2,0
2024-05-13 15:43:30.001,20874,20874,20874,2,0
2024-05-13 15:43:32.001,20874,20874,20874,6,0
2024-05-13 15:43:38.001,20874,20874,20874,2,0
2024-05-13 15:43:56.001,20874,20874,20874,2,0
2024-05-13 15:44:08.001,20874,20874,20874,2,0
2024-05-13 15:44:10.001,20874,20874,20874,2,0
2024-05-13 15:44:11.001,20874,20874,20874,2,0
2024-05-13 15:44:37.001,20874,20874,20874,2,0
2024-05-13 15:44:58.001,20875,20875,20875,20,20
2024-05-13 15:45:01.001,20875,20875,20875,2,0
2024-05-13 15:45:02.001,20875,20875,20875,2,0
2024-05-13 15:45:02.001,20874,20874,20874,2,-2
2024-05-13 15:45:02.001,20874,20874,20874,2,0
2024-05-13 15:45:06.001,20875,20875,20875,2,2
2024-05-13 15:45:11.001,20875,20875,20875,4,0
2024-05-13 15:45:25.001,20875,20875,20875,2,0
2024-05-13 15:45:30.001,20875,20875,20875,2,0
2024-05-13 15:45:30.001,20875,20875,20875,6,0
2024-05-13 15:45:30.001,20875,20875,20875,2,0
2024-05-13 15:45:35.001,20874,20874,20874,2,-2
2024-05-13 15:46:02.001,20875,20875,20875,2,2
2024-05-13 15:46:22.001,20875,20875,20875,2,0
2024-05-13 15:46:23.001,20875,20875,20875,2,0
2024-05-13 15:46:23.001,20876,20876,20876,2,2
2024-05-13 15:46:23.001,20876,20876,20876,2,0
2024-05-13 15:46:23.001,20876,20876,20876,8,0
2024-05-13 15:46:52.001,20876,20876,20876,2,0
2024-05-13 15:46:53.001,20877,20877,20877,2,2
2024-05-13 15:46:53.001,20878,20878,20878,2,2
2024-05-13 15:47:14.001,20877,20877,20877,2,-2
2024-05-13 15:47:15.001,20876,20876,20876,2,-2
2024-05-13 15:47:15.001,20876,20876,20876,2,0
2024-05-13 15:47:27.001,20875,20875,20875,2,-2
2024-05-13 15:47:27.001,20875,20875,20875,4,0
2024-05-13 15:47:27.001,20875,20875,20875,4,0
2024-05-13 15:47:27.001,20875,20875,20875,2,0
2024-05-13 15:47:27.001,20875,20875,20875,2,0
2024-05-13 15:48:36.001,20875,20875,20875,2,0
2024-05-13 15:48:39.001,20877,20877,20877,2,2
2024-05-13 15:48:49.001,20877,20877,20877,2,0
2024-05-13 15:49:53.001,20875,20875,20875,2,-2
2024-05-13 15:49:53.001,20875,20875,20875,2,0
2024-05-13 15:49:53.001,20875,20875,20875,2,0
2024-05-13 15:49:53.001,20875,20875,20875,2,0
2024-05-13 15:49:53.001,20874,20874,20874,2,-2
2024-05-13 15:49:58.001,20873,20873,20873,2,-2
2024-05-13 15:50:01.001,20873,20873,20873,6,0
2024-05-13 15:50:02.001,20872,20872,20872,2,-2
2024-05-13 15:50:02.001,20872,20872,20872,2,0
2024-05-13 15:50:02.001,20872,20872,20872,2,0
2024-05-13 15:50:02.001,20872,20872,20872,2,0
2024-05-13 15:50:13.001,20874,20874,20874,2,2
2024-05-13 15:50:24.001,20874,20874,20874,2,0
2024-05-13 15:50:30.001,20875,20875,20875,2,2
2024-05-13 15:50:37.001,20876,20876,20876,2,2
2024-05-13 15:50:37.001,20876,20876,20876,2,0
2024-05-13 15:50:46.001,20877,20877,20877,2,2
2024-05-13 15:51:00.001,20877,20877,20877,6,0
2024-05-13 15:51:03.001,20877,20877,20877,4,0
2024-05-13 15:51:03.001,20876,20876,20876,2,-2
2024-05-13 15:51:05.001,20877,20877,20877,2,2
2024-05-13 15:51:11.001,20876,20876,20876,2,-2
2024-05-13 15:51:30.001,20877,20877,20877,2,2
2024-05-13 15:51:30.001,20877,20877,20877,2,0
2024-05-13 15:51:30.001,20877,20877,20877,2,0
2024-05-13 15:51:36.001,20876,20876,20876,6,-6
2024-05-13 15:51:36.001,20876,20876,20876,8,0
2024-05-13 15:51:37.001,20875,20875,20875,2,-2
2024-05-13 15:51:47.001,20875,20875,20875,2,0
2024-05-13 15:52:01.001,20875,20875,20875,2,0
2024-05-13 15:52:02.001,20876,20876,20876,2,2
2024-05-13 15:52:14.001,20876,20876,20876,2,0
2024-05-13 15:53:32.001,20877,20877,20877,2,2
2024-05-13 15:53:32.001,20877,20877,20877,2,0
2024-05-13 15:53:34.001,20878,20878,20878,2,2
2024-05-13 15:53:34.001,20878,20878,20878,4,0
2024-05-13 15:53:39.001,20878,20878,20878,2,0
2024-05-13 15:53:42.001,20878,20878,20878,2,0
2024-05-13 15:53:43.001,20878,20878,20878,2,0
2024-05-13 15:53:43.001,20878,20878,20878,4,0
2024-05-13 15:53:45.001,20878,20878,20878,6,0
2024-05-13 15:53:45.001,20878,20878,20878,2,0
2024-05-13 15:53:46.001,20878,20878,20878,2,0
2024-05-13 15:53:53.001,20878,20878,20878,2,0
2024-05-13 15:53:59.001,20877,20877,20877,2,-2
2024-05-13 15:54:07.001,20878,20878,20878,4,4
2024-05-13 15:54:11.001,20877,20877,20877,2,-2
2024-05-13 15:54:11.001,20877,20877,20877,4,0
2024-05-13 15:54:11.001,20877,20877,20877,2,0
2024-05-13 15:54:28.001,20876,20876,20876,2,-2
2024-05-13 15:54:45.001,20876,20876,20876,2,0
2024-05-13 15:55:15.001,20876,20876,20876,8,0
2024-05-13 15:55:24.001,20876,20876,20876,2,0
2024-05-13 15:55:49.001,20876,20876,20876,2,0
2024-05-13 15:55:53.001,20876,20876,20876,2,0
2024-05-13 15:55:54.001,20875,20875,20875,2,-2
2024-05-13 15:56:05.001,20876,20876,20876,2,2
2024-05-13 15:56:09.001,20875,20875,20875,2,-2
2024-05-13 15:56:21.001,20876,20876,20876,2,2
2024-05-13 15:56:29.001,20875,20875,20875,14,-14
2024-05-13 15:56:29.001,20874,20874,20874,2,-2
2024-05-13 15:56:29.001,20874,20874,20874,2,0
2024-05-13 15:56:29.001,20875,20875,20875,2,2
2024-05-13 15:56:33.001,20875,20875,20875,2,0
2024-05-13 15:56:58.001,20875,20875,20875,4,0
2024-05-13 15:57:00.001,20876,20876,20876,2,2
2024-05-13 15:57:05.001,20875,20875,20875,2,-2
2024-05-13 15:57:24.001,20874,20874,20874,2,-2
2024-05-13 15:57:32.001,20875,20875,20875,6,6
2024-05-13 15:57:32.001,20875,20875,20875,2,0
2024-05-13 15:58:07.001,20876,20876,20876,2,2
2024-05-13 15:58:27.001,20876,20876,20876,2,0
2024-05-13 15:58:45.001,20876,20876,20876,2,0
2024-05-13 15:58:53.001,20877,20877,20877,2,2
2024-05-13 15:59:11.001,20877,20877,20877,2,0
2024-05-13 15:59:24.001,20877,20877,20877,4,0
2024-05-13 15:59:26.001,20878,20878,20878,2,2
2024-05-13 15:59:38.001,20877,20877,20877,2,-2
2024-05-13 15:59:38.001,20877,20877,20877,2,0
2024-05-13 15:59:51.001,20876,20876,20876,2,-2
2024-05-13 15:59:53.001,20875,20875,20875,2,-2
2024-05-13 15:59:53.001,20875,20875,20875,2,0
2024-05-13 16:00:00.001,20876,20876,20876,12,12
2024-05-13 16:00:00.001,20876,20876,20876,2,0
2024-05-13 16:00:00.001,20876,20876,20876,4,0
2024-05-13 16:00:00.001,20876,20876,20876,2,0
2024-05-13 16:00:01.001,20875,20875,20875,2,-2
2024-05-13 16:00:01.001,20874,20874,20874,2,-2
2024-05-13 16:00:01.001,20874,20874,20874,2,0
2024-05-13 16:00:01.001,20874,20874,20874,2,0
2024-05-13 16:00:01.001,20874,20874,20874,6,0
2024-05-13 16:00:01.001,20874,20874,20874,2,0
2024-05-13 16:00:02.001,20873,20873,20873,2,-2
2024-05-13 16:00:02.001,20873,20873,20873,2,0
2024-05-13 16:00:02.001,20873,20873,20873,2,0
2024-05-13 16:00:09.001,20873,20873,20873,2,0
2024-05-13 16:00:09.001,20872,20872,20872,2,-2
2024-05-13 16:00:09.001,20872,20872,20872,2,0
2024-05-13 16:00:09.001,20872,20872,20872,4,0
2024-05-13 16:00:09.001,20872,20872,20872,2,0
2024-05-13 16:00:09.001,20872,20872,20872,2,0
2024-05-13 16:00:10.001,20872,20872,20872,2,0
2024-05-13 16:00:10.001,20872,20872,20872,2,0
2024-05-13 16:00:10.001,20872,20872,20872,2,0
2024-05-13 16:00:10.001,20872,20872,20872,2,0
2024-05-13 16:00:10.001,20872,20872,20872,2,0
2024-05-13 16:00:10.001,20872,20872,20872,2,0
2024-05-13 16:00:10.001,20872,20872,20872,2,0
2024-05-13 16:00:10.001,20872,20872,20872,2,0
2024-05-13 16:00:10.001,20872,20872,20872,2,0
2024-05-13 16:00:10.001,20872,20872,20872,4,0
2024-05-13 16:00:10.001,20872,20872,20872,2,0
2024-05-13 16:00:10.001,20872,20872,20872,4,0
2024-05-13 16:00:10.001,20872,20872,20872,2,0
2024-05-13 16:00:10.001,20872,20872,20872,2,0
2024-05-13 16:00:10.001,20873,20873,20873,10,10
2024-05-13 16:00:15.001,20871,20871,20871,2,-2
2024-05-13 16:00:15.001,20871,20871,20871,2,0
2024-05-13 16:00:15.001,20871,20871,20871,2,0
2024-05-13 16:00:18.001,20872,20872,20872,2,2
2024-05-13 16:00:21.001,20873,20873,20873,4,4
2024-05-13 16:00:23.001,20872,20872,20872,2,-2
2024-05-13 16:00:23.001,20872,20872,20872,2,0
2024-05-13 16:00:23.001,20872,20872,20872,2,0
2024-05-13 16:00:23.001,20872,20872,20872,2,0
2024-05-13 16:00:30.001,20872,20872,20872,2,0
2024-05-13 16:00:34.001,20872,20872,20872,4,0
2024-05-13 16:00:41.001,20872,20872,20872,4,0
2024-05-13 16:00:51.001,20873,20873,20873,2,2
2024-05-13 16:00:58.001,20873,20873,20873,2,0
2024-05-13 16:01:08.001,20874,20874,20874,2,2
2024-05-13 16:01:23.001,20876,20876,20876,2,2
2024-05-13 16:01:23.001,20876,20876,20876,2,0
2024-05-13 16:01:23.001,20876,20876,20876,2,0
2024-05-13 16:01:32.001,20878,20878,20878,4,4
2024-05-13 16:01:33.001,20878,20878,20878,4,0
2024-05-13 16:01:35.001,20878,20878,20878,4,0
2024-05-13 16:01:36.001,20878,20878,20878,4,0
2024-05-13 16:01:57.001,20877,20877,20877,2,-2
2024-05-13 16:01:59.001,20877,20877,20877,2,0
2024-05-13 16:02:04.001,20877,20877,20877,2,0
2024-05-13 16:02:04.001,20877,20877,20877,2,0
2024-05-13 16:02:15.001,20877,20877,20877,2,0
2024-05-13 16:02:15.001,20877,20877,20877,2,0
2024-05-13 16:02:21.001,20876,20876,20876,2,-2
2024-05-13 16:02:21.001,20876,20876,20876,2,0
2024-05-13 16:02:31.001,20874,20874,20874,2,-2
2024-05-13 16:02:31.001,20874,20874,20874,2,0
2024-05-13 16:02:31.001,20874,20874,20874,2,0
2024-05-13 16:02:31.001,20874,20874,20874,2,0
2024-05-13 16:02:33.001,20873,20873,20873,2,-2
2024-05-13 16:02:33.001,20873,20873,20873,2,0
2024-05-13 16:02:39.001,20872,20872,20872,4,-4
2024-05-13 16:02:39.001,20872,20872,20872,2,0
2024-05-13 16:02:41.001,20871,20871,20871,2,-2
2024-05-13 16:02:41.001,20871,20871,20871,2,0
2024-05-13 16:02:42.001,20871,20871,20871,2,0
2024-05-13 16:02:42.001,20871,20871,20871,2,0
2024-05-13 16:02:43.001,20872,20872,20872,10,10
2024-05-13 16:02:43.001,20871,20871,20871,2,-2
2024-05-13 16:02:43.001,20872,20872,20872,2,2
2024-05-13 16:02:45.001,20870,20870,20870,2,-2
2024-05-13 16:02:45.001,20870,20870,20870,2,0
2024-05-13 16:02:45.001,20870,20870,20870,2,0
2024-05-13 16:02:45.001,20870,20870,20870,2,0
2024-05-13 16:02:45.001,20872,20872,20872,2,2
2024-05-13 16:02:57.001,20872,20872,20872,2,0
2024-05-13 16:03:00.001,20871,20871,20871,2,-2
2024-05-13 16:03:00.001,20871,20871,20871,2,0
2024-05-13 16:03:02.001,20872,20872,20872,2,2
2024-05-13 16:03:09.001,20871,20871,20871,2,-2
2024-05-13 16:03:09.001,20870,20870,20870,2,-2
2024-05-13 16:03:09.001,20870,20870,20870,6,0
2024-05-13 16:03:09.001,20870,20870,20870,2,0
2024-05-13 16:03:09.001,20870,20870,20870,2,0
2024-05-13 16:03:09.001,20870,20870,20870,2,0
2024-05-13 16:03:09.001,20870,20870,20870,10,0
2024-05-13 16:03:09.001,20870,20870,20870,20,0
2024-05-13 16:03:09.001,20870,20870,20870,2,0
2024-05-13 16:03:09.001,20870,20870,20870,2,0
2024-05-13 16:03:09.001,20870,20870,20870,2,0
2024-05-13 16:03:10.001,20871,20871,20871,2,2
2024-05-13 16:03:10.001,20871,20871,20871,4,0
2024-05-13 16:03:25.001,20870,20870,20870,2,-2
2024-05-13 16:03:28.001,20870,20870,20870,2,0
2024-05-13 16:03:30.001,20870,20870,20870,2,0
2024-05-13 16:03:30.001,20870,20870,20870,4,0
2024-05-13 16:03:30.001,20870,20870,20870,2,0
2024-05-13 16:03:32.001,20870,20870,20870,2,0
2024-05-13 16:03:34.001,20869,20869,20869,2,-2
2024-05-13 16:03:34.001,20869,20869,20869,6,0
2024-05-13 16:03:34.001,20868,20868,20868,2,-2
2024-05-13 16:03:34.001,20868,20868,20868,2,0
2024-05-13 16:03:36.001,20868,20868,20868,2,0
2024-05-13 16:03:40.001,20869,20869,20869,2,2
2024-05-13 16:03:40.001,20869,20869,20869,4,0
2024-05-13 16:03:40.001,20868,20868,20868,2,-2
2024-05-13 16:03:52.001,20869,20869,20869,4,4
2024-05-13 16:04:00.001,20868,20868,20868,4,-4
2024-05-13 16:04:02.001,20869,20869,20869,2,2
2024-05-13 16:04:05.001,20870,20870,20870,2,2
2024-05-13 16:04:05.001,20870,20870,20870,8,0
2024-05-13 16:04:08.001,20870,20870,20870,2,0
2024-05-13 16:04:08.001,20872,20872,20872,4,4
2024-05-13 16:04:12.001,20871,20871,20871,2,-2
2024-05-13 16:04:12.001,20871,20871,20871,2,0
2024-05-13 16:04:12.001,20871,20871,20871,2,0
2024-05-13 16:04:26.001,20871,20871,20871,2,0
2024-05-13 16:04:41.001,20870,20870,20870,4,-4
2024-05-13 16:04:52.001,20870,20870,20870,4,0
2024-05-13 16:04:52.001,20870,20870,20870,4,0
2024-05-13 16:04:52.001,20870,20870,20870,2,0
2024-05-13 16:04:52.001,20870,20870,20870,4,0
2024-05-13 16:04:52.001,20870,20870,20870,2,0
2024-05-13 16:04:52.001,20870,20870,20870,2,0
2024-05-13 16:04:52.001,20870,20870,20870,6,0
2024-05-13 16:04:52.001,20871,20871,20871,2,2
2024-05-13 16:04:56.001,20869,20869,20869,8,-8
2024-05-13 16:04:56.001,20869,20869,20869,4,0
2024-05-13 16:04:56.001,20869,20869,20869,2,0
2024-05-13 16:04:56.001,20868,20868,20868,4,-4
2024-05-13 16:04:56.001,20868,20868,20868,12,0
2024-05-13 16:04:56.001,20868,20868,20868,6,0
2024-05-13 16:04:56.001,20870,20870,20870,2,2
2024-05-13 16:05:04.001,20870,20870,20870,2,0
2024-05-13 16:05:05.001,20868,20868,20868,2,-2
2024-05-13 16:05:14.001,20868,20868,20868,2,0
2024-05-13 16:05:20.001,20869,20869,20869,2,2
2024-05-13 16:05:31.001,20870,20870,20870,4,4
2024-05-13 16:05:33.001,20869,20869,20869,6,-6
2024-05-13 16:05:33.001,20869,20869,20869,2,0
2024-05-13 16:05:33.001,20869,20869,20869,2,0
2024-05-13 16:05:40.001,20868,20868,20868,2,-2
2024-05-13 16:05:40.001,20868,20868,20868,2,0
2024-05-13 16:05:50.001,20868,20868,20868,2,0
2024-05-13 16:06:00.001,20868,20868,20868,2,0
2024-05-13 16:06:00.001,20868,20868,20868,6,0
2024-05-13 16:06:00.001,20868,20868,20868,2,0
2024-05-13 16:06:02.001,20867,20867,20867,6,-6
2024-05-13 16:06:03.001,20867,20867,20867,4,0
2024-05-13 16:06:03.001,20867,20867,20867,2,0
2024-05-13 16:06:03.001,20867,20867,20867,4,0
2024-05-13 16:06:03.001,20867,20867,20867,2,0
2024-05-13 16:06:03.001,20867,20867,20867,2,0
2024-05-13 16:06:03.001,20867,20867,20867,2,0
2024-05-13 16:06:03.001,20867,20867,20867,2,0
2024-05-13 16:06:03.001,20867,20867,20867,2,0
2024-05-13 16:06:03.001,20866,20866,20866,2,-2
2024-05-13 16:06:03.001,20866,20866,20866,2,0
2024-05-13 16:06:03.001,20866,20866,20866,14,0
2024-05-13 16:06:03.001,20866,20866,20866,10,0
2024-05-13 16:06:03.001,20866,20866,20866,2,0
2024-05-13 16:06:03.001,20866,20866,20866,2,0
2024-05-13 16:06:03.001,20865,20865,20865,2,-2
2024-05-13 16:06:03.001,20865,20865,20865,2,0
2024-05-13 16:06:03.001,20865,20865,20865,2,0
2024-05-13 16:06:03.001,20865,20865,20865,2,0
2024-05-13 16:06:03.001,20865,20865,20865,4,0
2024-05-13 16:06:03.001,20865,20865,20865,2,0
2024-05-13 16:06:03.001,20865,20865,20865,4,0
2024-05-13 16:06:03.001,20865,20865,20865,2,0
2024-05-13 16:06:03.001,20865,20865,20865,2,0
2024-05-13 16:06:03.001,20865,20865,20865,4,0
2024-05-13 16:06:03.001,20865,20865,20865,10,0
2024-05-13 16:06:03.001,20865,20865,20865,2,0
2024-05-13 16:06:03.001,20865,20865,20865,2,0
2024-05-13 16:06:03.001,20865,20865,20865,2,0
2024-05-13 16:06:03.001,20865,20865,20865,2,0
2024-05-13 16:06:03.001,20865,20865,20865,2,0
2024-05-13 16:06:03.001,20864,20864,20864,2,-2
2024-05-13 16:06:03.001,20864,20864,20864,2,0
2024-05-13 16:06:03.001,20864,20864,20864,2,0
2024-05-13 16:06:03.001,20864,20864,20864,2,0
2024-05-13 16:06:03.001,20864,20864,20864,2,0
2024-05-13 16:06:03.001,20864,20864,20864,2,0
2024-05-13 16:06:03.001,20864,20864,20864,2,0
2024-05-13 16:06:03.001,20864,20864,20864,4,0
2024-05-13 16:06:03.001,20864,20864,20864,2,0
2024-05-13 16:06:03.001,20864,20864,20864,2,0
2024-05-13 16:06:03.001,20864,20864,20864,10,0
2024-05-13 16:06:03.001,20864,20864,20864,2,0
2024-05-13 16:06:03.001,20864,20864,20864,8,0
2024-05-13 16:06:03.001,20863,20863,20863,2,-2
2024-05-13 16:06:03.001,20863,20863,20863,2,0
2024-05-13 16:06:03.001,20863,20863,20863,4,0
2024-05-13 16:06:03.001,20864,20864,20864,4,4
2024-05-13 16:06:03.001,20864,20864,20864,6,0
2024-05-13 16:06:03.001,20865,20865,20865,4,4
2024-05-13 16:06:03.001,20864,20864,20864,2,-2
2024-05-13 16:06:03.001,20863,20863,20863,2,-2
2024-05-13 16:06:03.001,20863,20863,20863,2,0
2024-05-13 16:06:03.001,20863,20863,20863,2,0
2024-05-13 16:06:03.001,20863,20863,20863,2,0
2024-05-13 16:06:03.001,20862,20862,20862,2,-2
2024-05-13 16:06:03.001,20862,20862,20862,2,0
2024-05-13 16:06:03.001,20862,20862,20862,2,0
2024-05-13 16:06:03.001,20862,20862,20862,4,0
2024-05-13 16:06:03.001,20862,20862,20862,4,0
2024-05-13 16:06:03.001,20862,20862,20862,2,0
2024-05-13 16:06:03.001,20863,20863,20863,2,2
2024-05-13 16:06:03.001,20863,20863,20863,2,0
2024-05-13 16:06:03.001,20863,20863,20863,4,0
2024-05-13 16:06:03.001,20863,20863,20863,2,0
2024-05-13 16:06:03.001,20863,20863,20863,2,0
2024-05-13 16:06:03.001,20862,20862,20862,2,-2
2024-05-13 16:06:03.001,20862,20862,20862,2,0
2024-05-13 16:06:03.001,20862,20862,20862,4,0
2024-05-13 16:06:03.001,20862,20862,20862,2,0
2024-05-13 16:06:03.001,20862,20862,20862,2,0
2024-05-13 16:06:03.001,20862,20862,20862,8,0
2024-05-13 16:06:03.001,20862,20862,20862,2,0
2024-05-13 16:06:03.001,20862,20862,20862,2,0
2024-05-13 16:06:03.001,20861,20861,20861,2,-2
2024-05-13 16:06:03.001,20861,20861,20861,2,0
2024-05-13 16:06:03.001,20861,20861,20861,2,0
2024-05-13 16:06:03.001,20863,20863,20863,2,2
2024-05-13 16:06:03.001,20863,20863,20863,2,0
2024-05-13 16:06:03.001,20862,20862,20862,2,-2
2024-05-13 16:06:07.001,20863,20863,20863,2,2
2024-05-13 16:06:07.001,20863,20863,20863,2,0
2024-05-13 16:06:07.001,20863,20863,20863,2,0
2024-05-13 16:06:07.001,20863,20863,20863,2,0
2024-05-13 16:06:07.001,20863,20863,20863,4,0
2024-05-13 16:06:07.001,20863,20863,20863,2,0
2024-05-13 16:06:07.001,20862,20862,20862,2,-2
2024-05-13 16:06:07.001,20862,20862,20862,2,0
2024-05-13 16:06:07.001,20862,20862,20862,2,0
2024-05-13 16:06:08.001,20862,20862,20862,2,0
2024-05-13 16:06:10.001,20862,20862,20862,2,0
2024-05-13 16:06:10.001,20862,20862,20862,2,0
2024-05-13 16:06:11.001,20862,20862,20862,2,0
2024-05-13 16:06:13.001,20863,20863,20863,2,2
2024-05-13 16:06:14.001,20863,20863,20863,2,0
2024-05-13 16:06:14.001,20863,20863,20863,2,0
2024-05-13 16:06:14.001,20863,20863,20863,2,0
2024-05-13 16:06:14.001,20863,20863,20863,2,0
2024-05-13 16:06:14.001,20863,20863,20863,2,0
2024-05-13 16:06:17.001,20864,20864,20864,2,2
2024-05-13 16:06:17.001,20863,20863,20863,2,-2
2024-05-13 16:06:19.001,20863,20863,20863,2,0
2024-05-13 16:06:19.001,20863,20863,20863,2,0
2024-05-13 16:06:21.001,20864,20864,20864,2,2
2024-05-13 16:06:23.001,20862,20862,20862,2,-2
2024-05-13 16:06:23.001,20862,20862,20862,2,0
2024-05-13 16:06:24.001,20862,20862,20862,2,0
2024-05-13 16:06:28.001,20862,20862,20862,6,0
2024-05-13 16:06:28.001,20862,20862,20862,2,0
2024-05-13 16:06:29.001,20861,20861,20861,2,-2
2024-05-13 16:06:30.001,20861,20861,20861,2,0
2024-05-13 16:06:30.001,20861,20861,20861,2,0
2024-05-13 16:06:30.001,20861,20861,20861,2,0
2024-05-13 16:06:30.001,20861,20861,20861,4,0
2024-05-13 16:06:30.001,20861,20861,20861,2,0
2024-05-13 16:06:30.001,20861,20861,20861,2,0
2024-05-13 16:06:30.001,20861,20861,20861,12,0
2024-05-13 16:06:30.001,20862,20862,20862,14,14
2024-05-13 16:06:32.001,20862,20862,20862,2,0
2024-05-13 16:06:32.001,20861,20861,20861,2,-2
2024-05-13 16:06:32.001,20861,20861,20861,2,0
2024-05-13 16:06:35.001,20861,20861,20861,2,0
2024-05-13 16:06:38.001,20863,20863,20863,6,6
2024-05-13 16:06:38.001,20863,20863,20863,4,0
2024-05-13 16:06:39.001,20862,20862,20862,2,-2
2024-05-13 16:06:40.001,20862,20862,20862,2,0
2024-05-13 16:06:40.001,20862,20862,20862,2,0
2024-05-13 16:06:43.001,20863,20863,20863,2,2
2024-05-13 16:06:43.001,20865,20865,20865,2,2
2024-05-13 16:06:43.001,20865,20865,20865,2,0
2024-05-13 16:06:52.001,20865,20865,20865,2,0
2024-05-13 16:06:52.001,20865,20865,20865,6,0
2024-05-13 16:06:57.001,20865,20865,20865,2,0
2024-05-13 16:06:57.001,20865,20865,20865,4,0
2024-05-13 16:07:05.001,20864,20864,20864,2,-2
2024-05-13 16:07:05.001,20865,20865,20865,6,6
2024-05-13 16:07:07.001,20865,20865,20865,2,0
2024-05-13 16:07:11.001,20864,20864,20864,4,-4
2024-05-13 16:07:12.001,20865,20865,20865,4,4
2024-05-13 16:07:23.001,20863,20863,20863,2,-2
2024-05-13 16:07:23.001,20862,20862,20862,2,-2
2024-05-13 16:07:23.001,20862,20862,20862,2,0
2024-05-13 16:07:23.001,20862,20862,20862,2,0
2024-05-13 16:07:23.001,20862,20862,20862,2,0
2024-05-13 16:07:30.001,20864,20864,20864,2,2
2024-05-13 16:07:32.001,20863,20863,20863,2,-2
2024-05-13 16:07:37.001,20863,20863,20863,2,0
2024-05-13 16:07:38.001,20865,20865,20865,2,2
2024-05-13 16:07:49.001,20865,20865,20865,8,0
2024-05-13 16:07:50.001,20866,20866,20866,8,8
2024-05-13 16:07:50.001,20867,20867,20867,4,4
2024-05-13 16:07:50.001,20867,20867,20867,6,0
2024-05-13 16:07:50.001,20867,20867,20867,8,0
2024-05-13 16:07:55.001,20868,20868,20868,2,2
2024-05-13 16:07:56.001,20870,20870,20870,2,2
2024-05-13 16:07:57.001,20870,20870,20870,2,0
2024-05-13 16:07:59.001,20869,20869,20869,4,-4
2024-05-13 16:08:00.001,20869,20869,20869,2,0
2024-05-13 16:08:03.001,20869,20869,20869,2,0
2024-05-13 16:08:04.001,20870,20870,20870,2,2
2024-05-13 16:08:05.001,20870,20870,20870,2,0
2024-05-13 16:08:05.001,20870,20870,20870,2,0
2024-05-13 16:08:05.001,20870,20870,20870,2,0
2024-05-13 16:08:05.001,20871,20871,20871,2,2
2024-05-13 16:08:05.001,20872,20872,20872,2,2
2024-05-13 16:08:05.001,20872,20872,20872,10,0
2024-05-13 16:08:05.001,20870,20870,20870,2,-2
2024-05-13 16:08:06.001,20870,20870,20870,2,0
2024-05-13 16:08:07.001,20872,20872,20872,2,2
2024-05-13 16:08:08.001,20870,20870,20870,2,-2
2024-05-13 16:08:08.001,20870,20870,20870,2,0
2024-05-13 16:08:08.001,20870,20870,20870,4,0
2024-05-13 16:08:13.001,20872,20872,20872,2,2
2024-05-13 16:08:14.001,20873,20873,20873,10,10
2024-05-13 16:08:14.001,20871,20871,20871,2,-2
2024-05-13 16:08:23.001,20871,20871,20871,2,0
2024-05-13 16:08:27.001,20872,20872,20872,2,2
2024-05-13 16:08:28.001,20872,20872,20872,2,0
2024-05-13 16:08:29.001,20871,20871,20871,2,-2
2024-05-13 16:08:29.001,20871,20871,20871,2,0
2024-05-13 16:08:29.001,20871,20871,20871,2,0
2024-05-13 16:08:29.001,20871,20871,20871,2,0
2024-05-13 16:08:37.001,20871,20871,20871,2,0
2024-05-13 16:08:40.001,20871,20871,20871,2,0
2024-05-13 16:08:42.001,20870,20870,20870,2,-2
2024-05-13 16:08:42.001,20870,20870,20870,4,0
2024-05-13 16:08:42.001,20870,20870,20870,2,0
2024-05-13 16:08:42.001,20870,20870,20870,2,0
2024-05-13 16:08:42.001,20869,20869,20869,2,-2
2024-05-13 16:08:54.001,20869,20869,20869,4,0
2024-05-13 16:08:59.001,20869,20869,20869,2,0
2024-05-13 16:09:01.001,20869,20869,20869,2,0
2024-05-13 16:09:04.001,20869,20869,20869,2,0
2024-05-13 16:09:10.001,20869,20869,20869,10,0
2024-05-13 16:09:10.001,20870,20870,20870,2,2
2024-05-13 16:09:31.001,20870,20870,20870,2,0
2024-05-13 16:09:31.001,20870,20870,20870,4,0
2024-05-13 16:09:34.001,20870,20870,20870,2,0
2024-05-13 16:09:38.001,20870,20870,20870,2,0
2024-05-13 16:09:38.001,20871,20871,20871,2,2
2024-05-13 16:09:41.001,20869,20869,20869,2,-2
2024-05-13 16:09:57.001,20869,20869,20869,6,0
2024-05-13 16:09:57.001,20869,20869,20869,4,0
2024-05-13 16:10:00.001,20870,20870,20870,6,6
2024-05-13 16:10:07.001,20871,20871,20871,2,2
2024-05-13 16:10:07.001,20871,20871,20871,2,0
2024-05-13 16:10:13.001,20871,20871,20871,2,0
2024-05-13 16:10:15.001,20871,20871,20871,2,0
2024-05-13 16:10:17.001,20871,20871,20871,2,0
2024-05-13 16:10:33.001,20871,20871,20871,6,0
2024-05-13 16:10:34.001,20871,20871,20871,2,0
2024-05-13 16:10:41.001,20871,20871,20871,2,0
2024-05-13 16:10:46.001,20872,20872,20872,4,4
2024-05-13 16:10:48.001,20871,20871,20871,2,-2
2024-05-13 16:10:58.001,20872,20872,20872,4,4
2024-05-13 16:11:01.001,20872,20872,20872,4,0
2024-05-13 16:11:09.001,20873,20873,20873,2,2
2024-05-13 16:11:15.001,20873,20873,20873,2,0
2024-05-13 16:11:15.001,20874,20874,20874,4,4
2024-05-13 16:11:25.001,20874,20874,20874,8,0
2024-05-13 16:11:25.001,20874,20874,20874,2,0
2024-05-13 16:11:26.001,20874,20874,20874,4,0
2024-05-13 16:11:41.001,20873,20873,20873,2,-2
2024-05-13 16:11:41.001,20873,20873,20873,2,0
2024-05-13 16:11:41.001,20873,20873,20873,2,0
2024-05-13 16:11:41.001,20873,20873,20873,2,0
2024-05-13 16:11:41.001,20873,20873,20873,2,0
2024-05-13 16:11:41.001,20873,20873,20873,2,0
2024-05-13 16:11:41.001,20872,20872,20872,2,-2
2024-05-13 16:11:51.001,20872,20872,20872,2,0
2024-05-13 16:12:16.001,20874,20874,20874,4,4
2024-05-13 16:12:16.001,20874,20874,20874,2,0
2024-05-13 16:12:53.001,20873,20873,20873,2,-2
2024-05-13 16:12:53.001,20873,20873,20873,2,0
2024-05-13 16:13:05.001,20874,20874,20874,2,2
2024-05-13 16:13:06.001,20874,20874,20874,6,0
2024-05-13 16:13:11.001,20874,20874,20874,2,0
2024-05-13 16:13:11.001,20873,20873,20873,2,-2
2024-05-13 16:13:45.001,20874,20874,20874,2,2
2024-05-13 16:13:48.001,20874,20874,20874,2,0
2024-05-13 16:13:53.001,20874,20874,20874,10,0
2024-05-13 16:13:54.001,20874,20874,20874,6,0
2024-05-13 16:13:54.001,20875,20875,20875,4,4
2024-05-13 16:14:07.001,20875,20875,20875,2,0
2024-05-13 16:14:09.001,20875,20875,20875,2,0
2024-05-13 16:14:11.001,20874,20874,20874,2,-2
2024-05-13 16:14:11.001,20874,20874,20874,2,0
2024-05-13 16:14:11.001,20874,20874,20874,2,0
2024-05-13 16:14:17.001,20874,20874,20874,2,0
2024-05-13 16:14:26.001,20875,20875,20875,4,4
2024-05-13 16:14:27.001,20875,20875,20875,4,0
2024-05-13 16:14:34.001,20875,20875,20875,4,0
2024-05-13 16:14:38.001,20875,20875,20875,2,0
2024-05-13 16:14:44.001,20874,20874,20874,2,-2
2024-05-13 16:14:48.001,20874,20874,20874,2,0
2024-05-13 16:14:48.001,20874,20874,20874,4,0
2024-05-13 16:14:48.001,20874,20874,20874,2,0
2024-05-13 16:14:48.001,20874,20874,20874,4,0
2024-05-13 16:14:50.001,20874,20874,20874,2,0
2024-05-13 16:14:54.001,20874,20874,20874,2,0
2024-05-13 16:15:05.001,20874,20874,20874,2,0
2024-05-13 16:15:14.001,20874,20874,20874,10,0
2024-05-13 16:15:19.001,20874,20874,20874,2,0
2024-05-13 16:15:42.001,20874,20874,20874,2,0
2024-05-13 16:15:42.001,20874,20874,20874,2,0
2024-05-13 16:15:42.001,20874,20874,20874,4,0
2024-05-13 16:15:42.001,20873,20873,20873,2,-2
2024-05-13 16:15:42.001,20873,20873,20873,2,0
2024-05-13 16:15:42.001,20873,20873,20873,2,0
2024-05-13 16:15:42.001,20873,20873,20873,2,0
2024-05-13 16:15:42.001,20873,20873,20873,4,0
2024-05-13 16:15:50.001,20873,20873,20873,14,0
2024-05-13 16:15:50.001,20873,20873,20873,2,0
2024-05-13 16:15:57.001,20872,20872,20872,6,-6
2024-05-13 16:16:02.001,20871,20871,20871,2,-2
2024-05-13 16:16:02.001,20870,20870,20870,2,-2
2024-05-13 16:16:03.001,20870,20870,20870,2,0
2024-05-13 16:16:04.001,20870,20870,20870,2,0
2024-05-13 16:16:04.001,20870,20870,20870,2,0
2024-05-13 16:16:04.001,20870,20870,20870,2,0
2024-05-13 16:16:04.001,20870,20870,20870,2,0
2024-05-13 16:16:17.001,20870,20870,20870,2,0
2024-05-13 16:16:18.001,20870,20870,20870,2,0
2024-05-13 16:16:30.001,20869,20869,20869,2,-2
2024-05-13 16:16:30.001,20869,20869,20869,2,0
2024-05-13 16:16:30.001,20868,20868,20868,2,-2
2024-05-13 16:16:30.001,20869,20869,20869,2,2
2024-05-13 16:16:33.001,20867,20867,20867,4,-4
2024-05-13 16:16:33.001,20867,20867,20867,2,0
2024-05-13 16:16:38.001,20867,20867,20867,2,0
2024-05-13 16:16:43.001,20867,20867,20867,2,0
2024-05-13 16:16:43.001,20867,20867,20867,4,0
2024-05-13 16:16:43.001,20867,20867,20867,2,0
2024-05-13 16:16:43.001,20867,20867,20867,2,0
2024-05-13 16:16:43.001,20868,20868,20868,2,2
2024-05-13 16:16:43.001,20868,20868,20868,2,0
2024-05-13 16:16:55.001,20868,20868,20868,2,0
2024-05-13 16:16:55.001,20868,20868,20868,4,0
2024-05-13 16:17:00.001,20869,20869,20869,2,2
2024-05-13 16:17:10.001,20869,20869,20869,2,0
2024-05-13 16:17:10.001,20869,20869,20869,2,0
2024-05-13 16:17:10.001,20870,20870,20870,2,2
2024-05-13 16:17:25.001,20868,20868,20868,2,-2
2024-05-13 16:17:48.001,20867,20867,20867,2,-2
2024-05-13 16:17:48.001,20867,20867,20867,2,0
2024-05-13 16:17:52.001,20869,20869,20869,2,2
2024-05-13 16:17:53.001,20869,20869,20869,8,0
2024-05-13 16:17:58.001,20868,20868,20868,2,-2
2024-05-13 16:18:14.001,20868,20868,20868,2,0
2024-05-13 16:18:23.001,20867,20867,20867,2,-2
2024-05-13 16:18:37.001,20866,20866,20866,2,-2
2024-05-13 16:18:37.001,20866,20866,20866,2,0
2024-05-13 16:18:37.001,20866,20866,20866,4,0
2024-05-13 16:18:40.001,20867,20867,20867,4,4
2024-05-13 16:18:41.001,20867,20867,20867,4,0
2024-05-13 16:18:41.001,20867,20867,20867,2,0
2024-05-13 16:18:50.001,20867,20867,20867,2,0
2024-05-13 16:18:50.001,20867,20867,20867,2,0
2024-05-13 16:18:50.001,20867,20867,20867,2,0
2024-05-13 16:19:13.001,20867,20867,20867,2,0
2024-05-13 16:19:28.001,20866,20866,20866,2,-2
2024-05-13 16:19:36.001,20866,20866,20866,2,0
2024-05-13 16:19:36.001,20866,20866,20866,2,0
2024-05-13 16:19:36.001,20866,20866,20866,2,0
2024-05-13 16:20:07.001,20866,20866,20866,2,0
2024-05-13 16:20:07.001,20866,20866,20866,2,0
2024-05-13 16:20:07.001,20866,20866,20866,2,0
2024-05-13 16:20:16.001,20866,20866,20866,2,0
2024-05-13 16:20:26.001,20865,20865,20865,2,-2
2024-05-13 16:20:28.001,20865,20865,20865,2,0
2024-05-13 16:20:30.001,20865,20865,20865,4,0
2024-05-13 16:20:30.001,20865,20865,20865,4,0
2024-05-13 16:20:30.001,20865,20865,20865,2,0
2024-05-13 16:20:30.001,20865,20865,20865,2,0
2024-05-13 16:20:30.001,20865,20865,20865,2,0
2024-05-13 16:20:30.001,20865,20865,20865,2,0
2024-05-13 16:20:30.001,20865,20865,20865,4,0
2024-05-13 16:20:32.001,20865,20865,20865,6,0
2024-05-13 16:20:40.001,20864,20864,20864,2,-2
2024-05-13 16:20:43.001,20864,20864,20864,2,0
2024-05-13 16:20:43.001,20864,20864,20864,2,0
2024-05-13 16:20:43.001,20864,20864,20864,2,0
2024-05-13 16:20:48.001,20865,20865,20865,2,2
2024-05-13 16:20:53.001,20865,20865,20865,2,0
2024-05-13 16:20:57.001,20865,20865,20865,10,0
2024-05-13 16:20:59.001,20865,20865,20865,2,0
2024-05-13 16:20:59.001,20865,20865,20865,2,0
2024-05-13 16:21:04.001,20866,20866,20866,8,8
2024-05-13 16:21:07.001,20866,20866,20866,2,0
2024-05-13 16:21:07.001,20866,20866,20866,2,0
2024-05-13 16:21:07.001,20866,20866,20866,4,0
2024-05-13 16:21:12.001,20867,20867,20867,2,2
2024-05-13 16:21:12.001,20868,20868,20868,2,2
2024-05-13 16:21:12.001,20869,20869,20869,2,2
2024-05-13 16:21:12.001,20869,20869,20869,4,0
2024-05-13 16:21:12.001,20867,20867,20867,2,-2
2024-05-13 16:21:12.001,20867,20867,20867,2,0
2024-05-13 16:21:15.001,20868,20868,20868,2,2
2024-05-13 16:21:18.001,20868,20868,20868,2,0
2024-05-13 16:21:35.001,20869,20869,20869,2,2
2024-05-13 16:21:35.001,20870,20870,20870,2,2
2024-05-13 16:21:40.001,20869,20869,20869,4,-4
2024-05-13 16:21:44.001,20868,20868,20868,2,-2
2024-05-13 16:21:44.001,20868,20868,20868,2,0
2024-05-13 16:21:44.001,20868,20868,20868,2,0
2024-05-13 16:21:44.001,20867,20867,20867,2,-2
2024-05-13 16:21:45.001,20868,20868,20868,2,2
2024-05-13 16:21:46.001,20868,20868,20868,2,0
2024-05-13 16:21:46.001,20868,20868,20868,4,0
2024-05-13 16:21:46.001,20868,20868,20868,2,0
2024-05-13 16:22:31.001,20868,20868,20868,2,0
2024-05-13 16:22:34.001,20869,20869,20869,2,2
2024-05-13 16:22:34.001,20867,20867,20867,2,-2
2024-05-13 16:22:34.001,20867,20867,20867,2,0
2024-05-13 16:23:01.001,20868,20868,20868,2,2
2024-05-13 16:23:01.001,20867,20867,20867,4,-4
2024-05-13 16:23:03.001,20868,20868,20868,2,2
2024-05-13 16:23:21.001,20869,20869,20869,2,2
2024-05-13 16:23:27.001,20868,20868,20868,2,-2
2024-05-13 16:23:37.001,20869,20869,20869,2,2
2024-05-13 16:23:37.001,20868,20868,20868,2,-2
2024-05-13 16:23:37.001,20868,20868,20868,2,0
2024-05-13 16:23:45.001,20869,20869,20869,4,4
2024-05-13 16:24:00.001,20869,20869,20869,4,0
2024-05-13 16:24:12.001,20870,20870,20870,2,2
2024-05-13 16:24:12.001,20870,20870,20870,2,0
2024-05-13 16:24:12.001,20870,20870,20870,4,0
2024-05-13 16:24:26.001,20870,20870,20870,2,0
2024-05-13 16:24:27.001,20870,20870,20870,2,0
2024-05-13 16:24:40.001,20870,20870,20870,2,0
2024-05-13 16:24:40.001,20870,20870,20870,2,0
2024-05-13 16:24:45.001,20870,20870,20870,2,0
2024-05-13 16:24:49.001,20870,20870,20870,2,0
2024-05-13 16:25:25.001,20871,20871,20871,2,2
2024-05-13 16:25:38.001,20870,20870,20870,2,-2
2024-05-13 16:25:42.001,20871,20871,20871,4,4
2024-05-13 16:25:47.001,20871,20871,20871,4,0
2024-05-13 16:25:54.001,20871,20871,20871,4,0
2024-05-13 16:25:59.001,20871,20871,20871,2,0
2024-05-13 16:26:03.001,20871,20871,20871,2,0
2024-05-13 16:26:04.001,20871,20871,20871,2,0
2024-05-13 16:26:12.001,20872,20872,20872,4,4
2024-05-13 16:26:12.001,20873,20873,20873,2,2
2024-05-13 16:26:13.001,20871,20871,20871,2,-2
2024-05-13 16:26:26.001,20872,20872,20872,2,2
2024-05-13 16:26:26.001,20872,20872,20872,2,0
2024-05-13 16:26:35.001,20872,20872,20872,2,0
2024-05-13 16:26:39.001,20873,20873,20873,2,2
2024-05-13 16:26:39.001,20873,20873,20873,2,0
2024-05-13 16:26:39.001,20873,20873,20873,2,0
2024-05-13 16:26:39.001,20873,20873,20873,4,0
2024-05-13 16:26:39.001,20873,20873,20873,2,0
2024-05-13 16:26:39.001,20873,20873,20873,2,0
2024-05-13 16:26:51.001,20874,20874,20874,2,2
2024-05-13 16:26:55.001,20874,20874,20874,4,0
2024-05-13 16:26:56.001,20874,20874,20874,2,0
2024-05-13 16:26:56.001,20874,20874,20874,2,0
2024-05-13 16:26:58.001,20873,20873,20873,2,-2
2024-05-13 16:26:58.001,20873,20873,20873,2,0
2024-05-13 16:27:03.001,20874,20874,20874,2,2
2024-05-13 16:27:06.001,20873,20873,20873,2,-2
2024-05-13 16:27:06.001,20872,20872,20872,2,-2
2024-05-13 16:27:06.001,20872,20872,20872,2,0
2024-05-13 16:27:06.001,20872,20872,20872,4,0
2024-05-13 16:27:12.001,20872,20872,20872,2,0
2024-05-13 16:27:12.001,20872,20872,20872,2,0
2024-05-13 16:27:12.001,20872,20872,20872,2,0
2024-05-13 16:27:12.001,20872,20872,20872,4,0
2024-05-13 16:27:35.001,20873,20873,20873,2,2
2024-05-13 16:27:35.001,20873,20873,20873,2,0
2024-05-13 16:27:35.001,20873,20873,20873,2,0
2024-05-13 16:27:37.001,20872,20872,20872,2,-2
2024-05-13 16:28:39.001,20873,20873,20873,2,2
2024-05-13 16:28:53.001,20873,20873,20873,2,0
2024-05-13 16:28:54.001,20873,20873,20873,2,0
2024-05-13 16:28:54.001,20873,20873,20873,2,0
2024-05-13 16:29:12.001,20873,20873,20873,4,0
2024-05-13 16:29:12.001,20873,20873,20873,2,0
2024-05-13 16:29:26.001,20873,20873,20873,2,0
2024-05-13 16:29:26.001,20872,20872,20872,8,-8
2024-05-13 16:29:26.001,20872,20872,20872,6,0
2024-05-13 16:29:26.001,20872,20872,20872,2,0
2024-05-13 16:29:26.001,20872,20872,20872,2,0
2024-05-13 16:29:32.001,20872,20872,20872,2,0
2024-05-13 16:29:33.001,20872,20872,20872,2,0
2024-05-13 16:29:34.001,20872,20872,20872,2,0
2024-05-13 16:29:36.001,20872,20872,20872,2,0
2024-05-13 16:29:44.001,20872,20872,20872,2,0
2024-05-13 16:29:56.001,20872,20872,20872,2,0
2024-05-13 16:30:04.001,20872,20872,20872,2,0
2024-05-13 16:30:05.001,20873,20873,20873,2,2
2024-05-13 16:30:05.001,20873,20873,20873,16,0
2024-05-13 16:30:05.001,20873,20873,20873,12,0
2024-05-13 16:30:05.001,20873,20873,20873,2,0
2024-05-13 16:30:05.001,20873,20873,20873,2,0
2024-05-13 16:30:05.001,20873,20873,20873,2,0
2024-05-13 16:30:05.001,20873,20873,20873,24,0
2024-05-13 16:30:06.001,20874,20874,20874,2,2
2024-05-13 16:30:06.001,20874,20874,20874,10,0
2024-05-13 16:30:07.001,20875,20875,20875,2,2
2024-05-13 16:30:07.001,20875,20875,20875,2,0
2024-05-13 16:30:07.001,20875,20875,20875,2,0
2024-05-13 16:30:07.001,20875,20875,20875,2,0
2024-05-13 16:30:07.001,20875,20875,20875,2,0
2024-05-13 16:30:14.001,20875,20875,20875,6,0
2024-05-13 16:30:19.001,20875,20875,20875,2,0
2024-05-13 16:30:31.001,20876,20876,20876,6,6
2024-05-13 16:30:33.001,20876,20876,20876,8,0
2024-05-13 16:30:40.001,20876,20876,20876,4,0
2024-05-13 16:30:42.001,20875,20875,20875,2,-2
2024-05-13 16:30:42.001,20875,20875,20875,2,0
2024-05-13 16:30:52.001,20876,20876,20876,4,4
2024-05-13 16:30:57.001,20877,20877,20877,2,2
2024-05-13 16:30:57.001,20877,20877,20877,8,0
2024-05-13 16:30:59.001,20878,20878,20878,20,20
2024-05-13 16:31:01.001,20879,20879,20879,2,2
2024-05-13 16:31:01.001,20879,20879,20879,2,0
2024-05-13 16:31:01.001,20879,20879,20879,4,0
2024-05-13 16:31:01.001,20879,20879,20879,2,0
2024-05-13 16:31:01.001,20879,20879,20879,2,0
2024-05-13 16:31:01.001,20879,20879,20879,18,0
2024-05-13 16:31:03.001,20880,20880,20880,2,2
2024-05-13 16:31:03.001,20880,20880,20880,2,0
2024-05-13 16:31:03.001,20880,20880,20880,2,0
2024-05-13 16:31:04.001,20880,20880,20880,2,0
2024-05-13 16:31:06.001,20879,20879,20879,4,-4
2024-05-13 16:31:07.001,20880,20880,20880,2,2
2024-05-13 16:31:07.001,20880,20880,20880,2,0
2024-05-13 16:31:07.001,20880,20880,20880,2,0
2024-05-13 16:31:12.001,20879,20879,20879,2,-2
2024-05-13 16:31:14.001,20880,20880,20880,2,2
2024-05-13 16:31:14.001,20880,20880,20880,6,0
2024-05-13 16:31:16.001,20880,20880,20880,2,0
2024-05-13 16:31:16.001,20880,20880,20880,2,0
2024-05-13 16:31:17.001,20880,20880,20880,2,0
2024-05-13 16:31:17.001,20880,20880,20880,6,0
2024-05-13 16:31:17.001,20881,20881,20881,2,2
2024-05-13 16:31:18.001,20880,20880,20880,4,-4
2024-05-13 16:31:18.001,20881,20881,20881,4,4
2024-05-13 16:31:18.001,20881,20881,20881,2,0
2024-05-13 16:31:18.001,20881,20881,20881,8,0
2024-05-13 16:31:18.001,20881,20881,20881,8,0
2024-05-13 16:31:21.001,20880,20880,20880,2,-2
2024-05-13 16:31:21.001,20880,20880,20880,4,0
2024-05-13 16:31:21.001,20880,20880,20880,2,0
2024-05-13 16:31:23.001,20880,20880,20880,4,0
2024-05-13 16:31:24.001,20880,20880,20880,2,0
2024-05-13 16:31:25.001,20880,20880,20880,2,0
2024-05-13 16:31:26.001,20880,20880,20880,2,0
2024-05-13 16:31:26.001,20879,20879,20879,4,-4
2024-05-13 16:31:26.001,20879,20879,20879,2,0
2024-05-13 16:31:26.001,20879,20879,20879,2,0
2024-05-13 16:31:29.001,20880,20880,20880,4,4
2024-05-13 16:31:34.001,20879,20879,20879,2,-2
2024-05-13 16:31:34.001,20879,20879,20879,2,0
2024-05-13 16:31:34.001,20879,20879,20879,2,0
2024-05-13 16:31:34.001,20879,20879,20879,2,0
2024-05-13 16:31:49.001,20878,20878,20878,2,-2
2024-05-13 16:31:49.001,20878,20878,20878,4,0
2024-05-13 16:31:57.001,20878,20878,20878,2,0
2024-05-13 16:31:57.001,20878,20878,20878,10,0
2024-05-13 16:32:12.001,20878,20878,20878,2,0
2024-05-13 16:32:12.001,20879,20879,20879,2,2
2024-05-13 16:32:21.001,20879,20879,20879,2,0
2024-05-13 16:32:22.001,20878,20878,20878,2,-2
2024-05-13 16:32:29.001,20878,20878,20878,2,0
2024-05-13 16:32:29.001,20878,20878,20878,2,0
2024-05-13 16:32:29.001,20878,20878,20878,2,0
2024-05-13 16:32:29.001,20878,20878,20878,2,0
2024-05-13 16:32:59.001,20878,20878,20878,2,0
2024-05-13 16:33:00.001,20878,20878,20878,2,0
2024-05-13 16:33:06.001,20878,20878,20878,2,0
2024-05-13 16:33:06.001,20877,20877,20877,2,-2
2024-05-13 16:33:06.001,20877,20877,20877,2,0
2024-05-13 16:33:06.001,20877,20877,20877,2,0
2024-05-13 16:33:09.001,20877,20877,20877,2,0
2024-05-13 16:33:12.001,20878,20878,20878,2,2
2024-05-13 16:33:22.001,20878,20878,20878,2,0
2024-05-13 16:34:06.001,20878,20878,20878,2,0
2024-05-13 16:34:21.001,20878,20878,20878,2,0
2024-05-13 16:34:22.001,20877,20877,20877,2,-2
2024-05-13 16:34:22.001,20877,20877,20877,2,0
2024-05-13 16:34:23.001,20877,20877,20877,2,0
2024-05-13 16:34:28.001,20878,20878,20878,8,8
2024-05-13 16:34:34.001,20878,20878,20878,2,0
2024-05-13 16:34:40.001,20878,20878,20878,20,0
2024-05-13 16:34:55.001,20878,20878,20878,2,0
2024-05-13 16:34:55.001,20878,20878,20878,2,0
2024-05-13 16:35:06.001,20877,20877,20877,2,-2
2024-05-13 16:35:06.001,20877,20877,20877,2,0
2024-05-13 16:35:06.001,20877,20877,20877,2,0
2024-05-13 16:35:06.001,20877,20877,20877,2,0
2024-05-13 16:35:16.001,20876,20876,20876,2,-2
2024-05-13 16:35:19.001,20876,20876,20876,2,0
2024-05-13 16:35:20.001,20877,20877,20877,2,2
2024-05-13 16:35:36.001,20876,20876,20876,2,-2
2024-05-13 16:35:53.001,20875,20875,20875,2,-2
2024-05-13 16:35:53.001,20875,20875,20875,2,0
2024-05-13 16:35:53.001,20875,20875,20875,2,0
2024-05-13 16:35:53.001,20875,20875,20875,4,0
2024-05-13 16:35:54.001,20875,20875,20875,2,0
2024-05-13 16:36:00.001,20875,20875,20875,2,0
2024-05-13 16:36:00.001,20875,20875,20875,4,0
2024-05-13 16:36:00.001,20875,20875,20875,2,0
2024-05-13 16:36:00.001,20875,20875,20875,2,0
2024-05-13 16:36:01.001,20875,20875,20875,2,0
2024-05-13 16:36:15.001,20875,20875,20875,2,0
2024-05-13 16:36:15.001,20875,20875,20875,4,0
2024-05-13 16:36:17.001,20875,20875,20875,2,0
2024-05-13 16:36:30.001,20877,20877,20877,4,4
2024-05-13 16:36:49.001,20877,20877,20877,2,0
2024-05-13 16:36:57.001,20876,20876,20876,2,-2
2024-05-13 16:36:57.001,20876,20876,20876,4,0
2024-05-13 16:36:57.001,20876,20876,20876,2,0
2024-05-13 16:37:02.001,20876,20876,20876,2,0
2024-05-13 16:37:46.001,20876,20876,20876,4,0
2024-05-13 16:38:02.001,20876,20876,20876,6,0
2024-05-13 16:38:36.001,20877,20877,20877,8,8
2024-05-13 16:38:36.001,20878,20878,20878,4,4
2024-05-13 16:38:36.001,20878,20878,20878,2,0
2024-05-13 16:38:54.001,20879,20879,20879,2,2
2024-05-13 16:38:59.001,20879,20879,20879,2,0
2024-05-13 16:38:59.001,20880,20880,20880,2,2
2024-05-13 16:39:01.001,20880,20880,20880,2,0
2024-05-13 16:39:01.001,20880,20880,20880,4,0
2024-05-13 16:39:01.001,20880,20880,20880,6,0
2024-05-13 16:39:01.001,20880,20880,20880,12,0
2024-05-13 16:39:01.001,20880,20880,20880,2,0
2024-05-13 16:39:01.001,20880,20880,20880,4,0
2024-05-13 16:39:01.001,20880,20880,20880,2,0
2024-05-13 16:39:02.001,20880,20880,20880,2,0
2024-05-13 16:39:02.001,20881,20881,20881,2,2
2024-05-13 16:39:07.001,20881,20881,20881,10,0
2024-05-13 16:39:08.001,20880,20880,20880,2,-2
2024-05-13 16:39:11.001,20880,20880,20880,2,0
2024-05-13 16:39:11.001,20880,20880,20880,2,0
2024-05-13 16:39:11.001,20880,20880,20880,2,0
2024-05-13 16:39:11.001,20880,20880,20880,2,0
2024-05-13 16:39:18.001,20879,20879,20879,2,-2
2024-05-13 16:39:20.001,20880,20880,20880,2,2
2024-05-13 16:39:25.001,20880,20880,20880,2,0
2024-05-13 16:39:25.001,20881,20881,20881,10,10
2024-05-13 16:39:34.001,20881,20881,20881,2,0
2024-05-13 16:39:45.001,20880,20880,20880,2,-2
2024-05-13 16:39:45.001,20880,20880,20880,2,0
2024-05-13 16:39:51.001,20880,20880,20880,2,0
2024-05-13 16:39:55.001,20880,20880,20880,6,0
2024-05-13 16:40:04.001,20879,20879,20879,2,-2
2024-05-13 16:40:04.001,20879,20879,20879,2,0
2024-05-13 16:40:04.001,20879,20879,20879,2,0
2024-05-13 16:40:14.001,20878,20878,20878,2,-2
2024-05-13 16:40:14.001,20878,20878,20878,2,0
2024-05-13 16:40:14.001,20878,20878,20878,2,0
2024-05-13 16:40:14.001,20878,20878,20878,20,0
2024-05-13 16:40:14.001,20878,20878,20878,4,0
2024-05-13 16:40:14.001,20878,20878,20878,2,0
2024-05-13 16:40:21.001,20878,20878,20878,4,0
2024-05-13 16:40:32.001,20877,20877,20877,2,-2
2024-05-13 16:40:36.001,20878,20878,20878,2,2
2024-05-13 16:40:36.001,20878,20878,20878,2,0
2024-05-13 16:40:53.001,20879,20879,20879,8,8
2024-05-13 16:41:16.001,20878,20878,20878,2,-2
2024-05-13 16:41:16.001,20878,20878,20878,2,0
2024-05-13 16:41:20.001,20879,20879,20879,6,6
2024-05-13 16:41:20.001,20880,20880,20880,4,4
2024-05-13 16:41:31.001,20880,20880,20880,2,0
2024-05-13 16:41:35.001,20880,20880,20880,8,0
2024-05-13 16:41:35.001,20880,20880,20880,4,0
2024-05-13 16:41:47.001,20881,20881,20881,2,2
2024-05-13 16:41:54.001,20880,20880,20880,4,-4
2024-05-13 16:41:55.001,20880,20880,20880,2,0
2024-05-13 16:42:08.001,20881,20881,20881,6,6
2024-05-13 16:42:09.001,20881,20881,20881,4,0
2024-05-13 16:42:09.001,20882,20882,20882,6,6
2024-05-13 16:42:09.001,20882,20882,20882,2,0
2024-05-13 16:42:19.001,20880,20880,20880,2,-2
2024-05-13 16:42:19.001,20880,20880,20880,2,0
2024-05-13 16:42:31.001,20880,20880,20880,2,0
2024-05-13 16:42:33.001,20880,20880,20880,2,0
2024-05-13 16:43:31.001,20880,20880,20880,2,0
2024-05-13 16:43:31.001,20880,20880,20880,2,0
2024-05-13 16:43:49.001,20879,20879,20879,2,-2
2024-05-13 16:43:49.001,20879,20879,20879,2,0
2024-05-13 16:43:49.001,20879,20879,20879,2,0
2024-05-13 16:43:49.001,20879,20879,20879,2,0
2024-05-13 16:44:12.001,20879,20879,20879,2,0
2024-05-13 16:44:31.001,20878,20878,20878,2,-2
2024-05-13 16:44:37.001,20878,20878,20878,2,0
2024-05-13 16:45:19.001,20880,20880,20880,2,2
2024-05-13 16:45:20.001,20880,20880,20880,4,0
2024-05-13 16:45:22.001,20879,20879,20879,2,-2
2024-05-13 16:45:29.001,20879,20879,20879,2,0
2024-05-13 16:45:52.001,20878,20878,20878,2,-2
2024-05-13 16:45:52.001,20878,20878,20878,2,0
2024-05-13 16:45:52.001,20878,20878,20878,2,0
2024-05-13 16:46:04.001,20879,20879,20879,2,2
2024-05-13 16:46:25.001,20878,20878,20878,2,-2
2024-05-13 16:46:25.001,20878,20878,20878,2,0
2024-05-13 16:46:47.001,20878,20878,20878,2,0
2024-05-13 16:46:47.001,20878,20878,20878,2,0
2024-05-13 16:46:50.001,20879,20879,20879,2,2
2024-05-13 16:47:01.001,20878,20878,20878,2,-2
2024-05-13 16:47:01.001,20878,20878,20878,2,0
2024-05-13 16:47:01.001,20878,20878,20878,2,0
2024-05-13 16:47:01.001,20878,20878,20878,4,0
2024-05-13 16:47:06.001,20878,20878,20878,2,0
2024-05-13 16:47:35.001,20877,20877,20877,2,-2
2024-05-13 16:48:02.001,20877,20877,20877,2,0
2024-05-13 16:48:02.001,20877,20877,20877,2,0
2024-05-13 16:48:02.001,20877,20877,20877,2,0
2024-05-13 16:48:02.001,20877,20877,20877,2,0
2024-05-13 16:48:02.001,20877,20877,20877,2,0
2024-05-13 16:48:02.001,20877,20877,20877,4,0
2024-05-13 16:48:02.001,20877,20877,20877,2,0
2024-05-13 16:48:02.001,20877,20877,20877,2,0
2024-05-13 16:48:02.001,20877,20877,20877,2,0
2024-05-13 16:48:02.001,20879,20879,20879,4,4
2024-05-13 16:48:05.001,20877,20877,20877,2,-2
2024-05-13 16:48:14.001,20877,20877,20877,2,0
2024-05-13 16:48:59.001,20877,20877,20877,2,0
2024-05-13 16:48:59.001,20877,20877,20877,4,0
2024-05-13 16:48:59.001,20877,20877,20877,2,0
2024-05-13 16:48:59.001,20877,20877,20877,2,0
2024-05-13 16:49:33.001,20877,20877,20877,2,0
2024-05-13 16:49:35.001,20877,20877,20877,2,0
2024-05-13 16:49:36.001,20877,20877,20877,2,0
2024-05-13 16:49:42.001,20877,20877,20877,2,0
2024-05-13 16:50:09.001,20878,20878,20878,2,2
2024-05-13 16:50:21.001,20878,20878,20878,2,0
2024-05-13 16:50:22.001,20879,20879,20879,12,12
2024-05-13 16:50:28.001,20879,20879,20879,2,0
2024-05-13 16:50:28.001,20879,20879,20879,2,0
2024-05-13 16:50:42.001,20879,20879,20879,2,0
2024-05-13 16:50:49.001,20879,20879,20879,2,0
2024-05-13 16:50:55.001,20879,20879,20879,2,0
2024-05-13 16:51:00.001,20878,20878,20878,2,-2
2024-05-13 16:51:30.001,20877,20877,20877,2,-2
2024-05-13 16:52:35.001,20878,20878,20878,4,4
2024-05-13 16:53:18.001,20878,20878,20878,2,0
2024-05-13 16:53:18.001,20878,20878,20878,2,0
2024-05-13 16:53:35.001,20878,20878,20878,2,0
2024-05-13 16:53:42.001,20879,20879,20879,2,2
2024-05-13 16:53:42.001,20879,20879,20879,2,0
2024-05-13 16:53:55.001,20880,20880,20880,2,2
2024-05-13 16:54:01.001,20879,20879,20879,2,-2
2024-05-13 16:54:01.001,20879,20879,20879,2,0
2024-05-13 16:54:01.001,20880,20880,20880,38,38
2024-05-13 16:54:02.001,20880,20880,20880,2,0
2024-05-13 16:54:06.001,20880,20880,20880,2,0
2024-05-13 16:54:09.001,20880,20880,20880,2,0
2024-05-13 16:54:15.001,20880,20880,20880,38,0
2024-05-13 16:54:15.001,20880,20880,20880,8,0
2024-05-13 16:54:15.001,20880,20880,20880,6,0
2024-05-13 16:54:15.001,20880,20880,20880,4,0
2024-05-13 16:54:15.001,20880,20880,20880,10,0
2024-05-13 16:54:15.001,20880,20880,20880,114,0
2024-05-13 16:54:15.001,20881,20881,20881,8,8
2024-05-13 16:54:15.001,20881,20881,20881,2,0
2024-05-13 16:54:18.001,20881,20881,20881,2,0
2024-05-13 16:54:36.001,20882,20882,20882,2,2
2024-05-13 16:54:36.001,20882,20882,20882,2,0
2024-05-13 16:54:37.001,20882,20882,20882,2,0
2024-05-13 16:54:39.001,20882,20882,20882,4,0
2024-05-13 16:54:47.001,20882,20882,20882,4,0
2024-05-13 16:54:50.001,20882,20882,20882,2,0
2024-05-13 16:54:53.001,20882,20882,20882,2,0
2024-05-13 16:54:53.001,20882,20882,20882,2,0
2024-05-13 16:54:53.001,20882,20882,20882,2,0
2024-05-13 16:54:53.001,20882,20882,20882,2,0
2024-05-13 16:54:53.001,20882,20882,20882,2,0
2024-05-13 16:54:54.001,20883,20883,20883,4,4
2024-05-13 16:55:04.001,20882,20882,20882,2,-2
2024-05-13 16:55:04.001,20882,20882,20882,2,0
2024-05-13 16:55:04.001,20882,20882,20882,4,0
2024-05-13 16:55:05.001,20883,20883,20883,2,2
2024-05-13 16:55:16.001,20883,20883,20883,2,0
2024-05-13 16:55:16.001,20883,20883,20883,2,0
2024-05-13 16:55:44.001,20882,20882,20882,2,-2
2024-05-13 16:56:00.001,20882,20882,20882,2,0
2024-05-13 16:56:00.001,20882,20882,20882,8,0
2024-05-13 16:56:00.001,20882,20882,20882,2,0
2024-05-13 16:56:16.001,20882,20882,20882,2,0
