2024-12-24 15:00:00.001,23232,23232,23232,136,0
2024-12-24 15:00:00.001,23232,23232,23232,2,0
2024-12-24 15:00:00.001,23232,23232,23232,4,0
2024-12-24 15:00:00.001,23232,23232,23232,2,0
2024-12-24 15:00:00.001,23232,23232,23232,6,0
2024-12-24 15:00:00.001,23223,23223,23223,2,-2
2024-12-24 15:00:00.001,23227,23227,23227,2,2
2024-12-24 15:00:00.001,23228,23228,23228,2,2
2024-12-24 15:00:00.001,23232,23232,23232,2,2
2024-12-24 15:00:00.001,23223,23223,23223,2,-2
2024-12-24 15:00:00.001,23223,23223,23223,2,0
2024-12-24 15:00:00.001,23222,23222,23222,2,-2
2024-12-24 15:00:00.001,23220,23220,23220,2,-2
2024-12-24 15:00:00.001,23217,23217,23217,2,-2
2024-12-24 15:00:00.001,23215,23215,23215,2,-2
2024-12-24 15:00:00.001,23215,23215,23215,2,0
2024-12-24 15:00:00.001,23215,23215,23215,2,0
2024-12-24 15:00:00.001,23214,23214,23214,2,-2
2024-12-24 15:00:00.001,23214,23214,23214,2,0
2024-12-24 15:00:00.001,23213,23213,23213,2,-2
2024-12-24 15:00:00.001,23211,23211,23211,2,-2
2024-12-24 15:00:00.001,23222,23222,23222,2,2
2024-12-24 15:00:00.001,23211,23211,23211,2,-2
2024-12-24 15:00:00.001,23211,23211,23211,2,0
2024-12-24 15:00:00.001,23211,23211,23211,2,0
2024-12-24 15:00:00.001,23211,23211,23211,2,0
2024-12-24 15:00:00.001,23210,23210,23210,2,-2
2024-12-24 15:00:00.001,23210,23210,23210,2,0
2024-12-24 15:00:00.001,23209,23209,23209,2,-2
2024-12-24 15:00:00.001,23208,23208,23208,2,-2
2024-12-24 15:00:00.001,23205,23205,23205,2,-2
2024-12-24 15:00:00.001,23204,23204,23204,2,-2
2024-12-24 15:00:00.001,23221,23221,23221,2,2
2024-12-24 15:00:00.001,23205,23205,23205,2,-2
2024-12-24 15:00:00.001,23205,23205,23205,2,0
2024-12-24 15:00:00.001,23205,23205,23205,2,0
2024-12-24 15:00:00.001,23205,23205,23205,2,0
2024-12-24 15:00:00.001,23221,23221,23221,2,2
2024-12-24 15:00:01.001,23205,23205,23205,2,-2
2024-12-24 15:00:01.001,23205,23205,23205,2,0
2024-12-24 15:00:01.001,23211,23211,23211,2,2
2024-12-24 15:00:01.001,23210,23210,23210,2,-2
2024-12-24 15:00:01.001,23211,23211,23211,2,2
2024-12-24 15:00:01.001,23212,23212,23212,2,2
2024-12-24 15:00:01.001,23213,23213,23213,14,14
2024-12-24 15:00:01.001,23218,23218,23218,2,2
2024-12-24 15:00:01.001,23219,23219,23219,2,2
2024-12-24 15:00:01.001,23221,23221,23221,2,2
2024-12-24 15:00:01.001,23221,23221,23221,2,0
2024-12-24 15:00:01.001,23219,23219,23219,2,-2
2024-12-24 15:00:01.001,23221,23221,23221,2,2
2024-12-24 15:00:01.001,23222,23222,23222,2,2
2024-12-24 15:00:01.001,23222,23222,23222,2,0
2024-12-24 15:00:02.001,23217,23217,23217,2,-2
2024-12-24 15:00:02.001,23216,23216,23216,2,-2
2024-12-24 15:00:02.001,23215,23215,23215,2,-2
2024-12-24 15:00:02.001,23215,23215,23215,2,0
2024-12-24 15:00:02.001,23214,23214,23214,2,-2
2024-12-24 15:00:02.001,23221,23221,23221,2,2
2024-12-24 15:00:05.001,23221,23221,23221,2,0
2024-12-24 15:00:05.001,23222,23222,23222,2,2
2024-12-24 15:00:05.001,23221,23221,23221,2,-2
2024-12-24 15:00:05.001,23222,23222,23222,2,2
2024-12-24 15:00:05.001,23223,23223,23223,2,2
2024-12-24 15:00:05.001,23223,23223,23223,2,0
2024-12-24 15:00:06.001,23223,23223,23223,2,0
2024-12-24 15:00:06.001,23224,23224,23224,2,2
2024-12-24 15:00:06.001,23225,23225,23225,2,2
2024-12-24 15:00:06.001,23226,23226,23226,2,2
2024-12-24 15:00:06.001,23227,23227,23227,4,4
2024-12-24 15:00:07.001,23224,23224,23224,2,-2
2024-12-24 15:00:07.001,23223,23223,23223,2,-2
2024-12-24 15:00:07.001,23223,23223,23223,4,0
2024-12-24 15:00:07.001,23225,23225,23225,2,2
2024-12-24 15:00:07.001,23223,23223,23223,2,-2
2024-12-24 15:00:08.001,23225,23225,23225,2,2
2024-12-24 15:00:08.001,23223,23223,23223,2,-2
2024-12-24 15:00:08.001,23223,23223,23223,2,0
2024-12-24 15:00:08.001,23222,23222,23222,2,-2
2024-12-24 15:00:08.001,23221,23221,23221,2,-2
2024-12-24 15:00:09.001,23225,23225,23225,2,2
2024-12-24 15:00:09.001,23223,23223,23223,2,-2
2024-12-24 15:00:10.001,23225,23225,23225,2,2
2024-12-24 15:00:10.001,23227,23227,23227,4,4
2024-12-24 15:00:10.001,23228,23228,23228,2,2
2024-12-24 15:00:10.001,23227,23227,23227,2,-2
2024-12-24 15:00:11.001,23226,23226,23226,2,-2
2024-12-24 15:00:11.001,23229,23229,23229,2,2
2024-12-24 15:00:11.001,23226,23226,23226,2,-2
2024-12-24 15:00:11.001,23229,23229,23229,4,4
2024-12-24 15:00:11.001,23230,23230,23230,8,8
2024-12-24 15:00:11.001,23231,23231,23231,4,4
2024-12-24 15:00:11.001,23228,23228,23228,2,-2
2024-12-24 15:00:11.001,23228,23228,23228,2,0
2024-12-24 15:00:11.001,23227,23227,23227,2,-2
2024-12-24 15:00:12.001,23226,23226,23226,2,-2
2024-12-24 15:00:12.001,23226,23226,23226,2,0
2024-12-24 15:00:14.001,23229,23229,23229,4,4
2024-12-24 15:00:14.001,23230,23230,23230,2,2
2024-12-24 15:00:14.001,23231,23231,23231,2,2
2024-12-24 15:00:14.001,23228,23228,23228,2,-2
2024-12-24 15:00:14.001,23228,23228,23228,2,0
2024-12-24 15:00:14.001,23228,23228,23228,2,0
2024-12-24 15:00:15.001,23227,23227,23227,4,-4
2024-12-24 15:00:15.001,23227,23227,23227,2,0
2024-12-24 15:00:15.001,23227,23227,23227,2,0
2024-12-24 15:00:16.001,23229,23229,23229,2,2
2024-12-24 15:00:17.001,23228,23228,23228,6,-6
2024-12-24 15:00:17.001,23230,23230,23230,8,8
2024-12-24 15:00:17.001,23231,23231,23231,4,4
2024-12-24 15:00:17.001,23232,23232,23232,12,12
2024-12-24 15:00:18.001,23232,23232,23232,2,0
2024-12-24 15:00:18.001,23228,23228,23228,2,-2
2024-12-24 15:00:18.001,23228,23228,23228,2,0
2024-12-24 15:00:18.001,23228,23228,23228,2,0
2024-12-24 15:00:18.001,23228,23228,23228,2,0
2024-12-24 15:00:18.001,23227,23227,23227,2,-2
2024-12-24 15:00:18.001,23227,23227,23227,2,0
2024-12-24 15:00:20.001,23231,23231,23231,2,2
2024-12-24 15:00:20.001,23230,23230,23230,2,-2
2024-12-24 15:00:20.001,23230,23230,23230,2,0
2024-12-24 15:00:21.001,23229,23229,23229,2,-2
2024-12-24 15:00:21.001,23228,23228,23228,2,-2
2024-12-24 15:00:21.001,23228,23228,23228,2,0
2024-12-24 15:00:21.001,23228,23228,23228,6,0
2024-12-24 15:00:21.001,23228,23228,23228,2,0
2024-12-24 15:00:21.001,23231,23231,23231,4,4
2024-12-24 15:00:21.001,23232,23232,23232,2,2
2024-12-24 15:00:21.001,23229,23229,23229,2,-2
2024-12-24 15:00:23.001,23231,23231,23231,2,2
2024-12-24 15:00:23.001,23228,23228,23228,2,-2
2024-12-24 15:00:23.001,23228,23228,23228,14,0
2024-12-24 15:00:23.001,23228,23228,23228,2,0
2024-12-24 15:00:24.001,23228,23228,23228,2,0
2024-12-24 15:00:27.001,23227,23227,23227,2,-2
2024-12-24 15:00:27.001,23227,23227,23227,2,0
2024-12-24 15:00:27.001,23227,23227,23227,2,0
2024-12-24 15:00:28.001,23228,23228,23228,2,2
2024-12-24 15:00:28.001,23228,23228,23228,2,0
2024-12-24 15:00:28.001,23227,23227,23227,2,-2
2024-12-24 15:00:29.001,23230,23230,23230,4,4
2024-12-24 15:00:29.001,23228,23228,23228,2,-2
2024-12-24 15:00:30.001,23228,23228,23228,2,0
2024-12-24 15:00:32.001,23227,23227,23227,2,-2
2024-12-24 15:00:33.001,23228,23228,23228,2,2
2024-12-24 15:00:33.001,23227,23227,23227,8,-8
2024-12-24 15:00:33.001,23227,23227,23227,2,0
2024-12-24 15:00:38.001,23226,23226,23226,2,-2
2024-12-24 15:00:38.001,23227,23227,23227,2,2
2024-12-24 15:00:38.001,23228,23228,23228,2,2
2024-12-24 15:00:39.001,23226,23226,23226,2,-2
2024-12-24 15:00:40.001,23227,23227,23227,2,2
2024-12-24 15:00:41.001,23228,23228,23228,12,12
2024-12-24 15:00:41.001,23228,23228,23228,2,0
2024-12-24 15:00:41.001,23228,23228,23228,2,0
2024-12-24 15:00:42.001,23227,23227,23227,2,-2
2024-12-24 15:00:44.001,23227,23227,23227,2,0
2024-12-24 15:00:47.001,23227,23227,23227,2,0
2024-12-24 15:00:50.001,23227,23227,23227,2,0
2024-12-24 15:00:52.001,23227,23227,23227,2,0
2024-12-24 15:00:52.001,23226,23226,23226,2,-2
2024-12-24 15:00:52.001,23226,23226,23226,2,0
2024-12-24 15:00:56.001,23226,23226,23226,2,0
2024-12-24 15:01:00.001,23226,23226,23226,2,0
2024-12-24 15:01:00.001,23225,23225,23225,2,-2
2024-12-24 15:01:00.001,23225,23225,23225,2,0
2024-12-24 15:01:00.001,23224,23224,23224,2,-2
2024-12-24 15:01:00.001,23224,23224,23224,2,0
2024-12-24 15:01:00.001,23224,23224,23224,2,0
2024-12-24 15:01:00.001,23225,23225,23225,2,2
2024-12-24 15:01:00.001,23227,23227,23227,2,2
2024-12-24 15:01:00.001,23227,23227,23227,2,0
2024-12-24 15:01:00.001,23228,23228,23228,6,6
2024-12-24 15:01:00.001,23226,23226,23226,2,-2
2024-12-24 15:01:00.001,23226,23226,23226,2,0
2024-12-24 15:01:00.001,23225,23225,23225,2,-2
2024-12-24 15:01:00.001,23228,23228,23228,2,2
2024-12-24 15:01:00.001,23228,23228,23228,2,0
2024-12-24 15:01:00.001,23229,23229,23229,6,6
2024-12-24 15:01:00.001,23229,23229,23229,2,0
2024-12-24 15:01:00.001,23229,23229,23229,2,0
2024-12-24 15:01:00.001,23229,23229,23229,2,0
2024-12-24 15:01:00.001,23229,23229,23229,2,0
2024-12-24 15:01:00.001,23230,23230,23230,4,4
2024-12-24 15:01:00.001,23229,23229,23229,4,-4
2024-12-24 15:01:00.001,23230,23230,23230,2,2
2024-12-24 15:01:01.001,23230,23230,23230,10,0
2024-12-24 15:01:01.001,23230,23230,23230,2,0
2024-12-24 15:01:01.001,23231,23231,23231,10,10
2024-12-24 15:01:01.001,23232,23232,23232,8,8
2024-12-24 15:01:02.001,23233,23233,23233,2,2
2024-12-24 15:01:02.001,23234,23234,23234,4,4
2024-12-24 15:01:02.001,23232,23232,23232,2,-2
2024-12-24 15:01:02.001,23230,23230,23230,2,-2
2024-12-24 15:01:02.001,23229,23229,23229,2,-2
2024-12-24 15:01:06.001,23231,23231,23231,2,2
2024-12-24 15:01:06.001,23230,23230,23230,2,-2
2024-12-24 15:01:06.001,23231,23231,23231,2,2
2024-12-24 15:01:08.001,23230,23230,23230,2,-2
2024-12-24 15:01:09.001,23232,23232,23232,10,10
2024-12-24 15:01:09.001,23232,23232,23232,2,0
2024-12-24 15:01:10.001,23233,23233,23233,2,2
2024-12-24 15:01:10.001,23231,23231,23231,2,-2
2024-12-24 15:01:11.001,23231,23231,23231,2,0
2024-12-24 15:01:11.001,23230,23230,23230,2,-2
2024-12-24 15:01:11.001,23232,23232,23232,2,2
2024-12-24 15:01:11.001,23233,23233,23233,2,2
2024-12-24 15:01:12.001,23232,23232,23232,4,-4
2024-12-24 15:01:12.001,23233,23233,23233,6,6
2024-12-24 15:01:13.001,23230,23230,23230,2,-2
2024-12-24 15:01:15.001,23229,23229,23229,2,-2
2024-12-24 15:01:16.001,23230,23230,23230,2,2
2024-12-24 15:01:17.001,23232,23232,23232,2,2
2024-12-24 15:01:17.001,23231,23231,23231,2,-2
2024-12-24 15:01:22.001,23230,23230,23230,2,-2
2024-12-24 15:01:22.001,23230,23230,23230,2,0
2024-12-24 15:01:22.001,23231,23231,23231,2,2
2024-12-24 15:01:24.001,23230,23230,23230,2,-2
2024-12-24 15:01:27.001,23231,23231,23231,2,2
2024-12-24 15:01:27.001,23230,23230,23230,2,-2
2024-12-24 15:01:28.001,23232,23232,23232,2,2
2024-12-24 15:01:28.001,23229,23229,23229,2,-2
2024-12-24 15:01:28.001,23232,23232,23232,2,2
2024-12-24 15:01:31.001,23231,23231,23231,2,-2
2024-12-24 15:01:35.001,23231,23231,23231,2,0
2024-12-24 15:01:37.001,23230,23230,23230,2,-2
2024-12-24 15:01:37.001,23230,23230,23230,2,0
2024-12-24 15:01:37.001,23230,23230,23230,2,0
2024-12-24 15:01:37.001,23229,23229,23229,2,-2
2024-12-24 15:01:37.001,23230,23230,23230,2,2
2024-12-24 15:01:38.001,23230,23230,23230,2,0
2024-12-24 15:01:41.001,23229,23229,23229,2,-2
2024-12-24 15:01:42.001,23229,23229,23229,2,0
2024-12-24 15:01:42.001,23230,23230,23230,2,2
2024-12-24 15:01:43.001,23230,23230,23230,4,0
2024-12-24 15:01:44.001,23229,23229,23229,4,-4
2024-12-24 15:01:44.001,23229,23229,23229,2,0
2024-12-24 15:01:44.001,23228,23228,23228,2,-2
2024-12-24 15:01:44.001,23226,23226,23226,2,-2
2024-12-24 15:01:45.001,23228,23228,23228,2,2
2024-12-24 15:01:45.001,23228,23228,23228,2,0
2024-12-24 15:01:45.001,23228,23228,23228,4,0
2024-12-24 15:01:47.001,23228,23228,23228,2,0
2024-12-24 15:01:49.001,23226,23226,23226,2,-2
2024-12-24 15:01:50.001,23228,23228,23228,2,2
2024-12-24 15:01:50.001,23226,23226,23226,2,-2
2024-12-24 15:01:50.001,23228,23228,23228,2,2
2024-12-24 15:01:51.001,23227,23227,23227,2,-2
2024-12-24 15:01:52.001,23226,23226,23226,2,-2
2024-12-24 15:01:55.001,23227,23227,23227,2,2
2024-12-24 15:01:55.001,23227,23227,23227,2,0
2024-12-24 15:01:56.001,23226,23226,23226,2,-2
2024-12-24 15:01:59.001,23228,23228,23228,2,2
2024-12-24 15:02:01.001,23228,23228,23228,2,0
2024-12-24 15:02:01.001,23228,23228,23228,2,0
2024-12-24 15:02:01.001,23228,23228,23228,2,0
2024-12-24 15:02:01.001,23228,23228,23228,2,0
2024-12-24 15:02:11.001,23228,23228,23228,2,0
2024-12-24 15:02:13.001,23228,23228,23228,2,0
2024-12-24 15:02:16.001,23229,23229,23229,2,2
2024-12-24 15:02:16.001,23227,23227,23227,2,-2
2024-12-24 15:02:20.001,23227,23227,23227,2,0
2024-12-24 15:02:23.001,23226,23226,23226,2,-2
2024-12-24 15:02:23.001,23226,23226,23226,2,0
2024-12-24 15:02:23.001,23227,23227,23227,2,2
2024-12-24 15:02:25.001,23225,23225,23225,4,-4
2024-12-24 15:02:25.001,23225,23225,23225,2,0
2024-12-24 15:02:25.001,23225,23225,23225,2,0
2024-12-24 15:02:25.001,23225,23225,23225,2,0
2024-12-24 15:02:25.001,23225,23225,23225,2,0
2024-12-24 15:02:33.001,23224,23224,23224,4,-4
2024-12-24 15:02:36.001,23223,23223,23223,2,-2
2024-12-24 15:02:38.001,23224,23224,23224,2,2
2024-12-24 15:02:39.001,23223,23223,23223,2,-2
2024-12-24 15:02:40.001,23225,23225,23225,2,2
2024-12-24 15:02:45.001,23224,23224,23224,2,-2
2024-12-24 15:02:46.001,23223,23223,23223,2,-2
2024-12-24 15:02:47.001,23224,23224,23224,4,4
2024-12-24 15:02:48.001,23225,23225,23225,6,6
2024-12-24 15:02:48.001,23226,23226,23226,2,2
2024-12-24 15:02:53.001,23226,23226,23226,2,0
2024-12-24 15:02:53.001,23226,23226,23226,2,0
2024-12-24 15:02:55.001,23226,23226,23226,2,0
2024-12-24 15:02:56.001,23224,23224,23224,2,-2
2024-12-24 15:02:56.001,23224,23224,23224,2,0
2024-12-24 15:02:56.001,23225,23225,23225,2,2
2024-12-24 15:02:59.001,23225,23225,23225,6,0
2024-12-24 15:03:01.001,23225,23225,23225,2,0
2024-12-24 15:03:06.001,23225,23225,23225,2,0
2024-12-24 15:03:06.001,23225,23225,23225,2,0
2024-12-24 15:03:09.001,23225,23225,23225,2,0
2024-12-24 15:03:22.001,23226,23226,23226,2,2
2024-12-24 15:03:22.001,23227,23227,23227,4,4
2024-12-24 15:03:25.001,23227,23227,23227,2,0
2024-12-24 15:03:27.001,23227,23227,23227,2,0
2024-12-24 15:03:28.001,23228,23228,23228,4,4
2024-12-24 15:03:28.001,23229,23229,23229,2,2
2024-12-24 15:03:40.001,23230,23230,23230,2,2
2024-12-24 15:03:46.001,23230,23230,23230,2,0
2024-12-24 15:03:46.001,23229,23229,23229,2,-2
2024-12-24 15:03:49.001,23230,23230,23230,2,2
2024-12-24 15:04:00.001,23227,23227,23227,2,-2
2024-12-24 15:04:00.001,23228,23228,23228,2,2
2024-12-24 15:04:00.001,23229,23229,23229,2,2
2024-12-24 15:04:00.001,23229,23229,23229,2,0
2024-12-24 15:04:00.001,23229,23229,23229,2,0
2024-12-24 15:04:00.001,23230,23230,23230,2,2
2024-12-24 15:04:00.001,23230,23230,23230,2,0
2024-12-24 15:04:00.001,23230,23230,23230,2,0
2024-12-24 15:04:00.001,23230,23230,23230,2,0
2024-12-24 15:04:00.001,23230,23230,23230,8,0
2024-12-24 15:04:00.001,23231,23231,23231,4,4
2024-12-24 15:04:12.001,23231,23231,23231,8,0
2024-12-24 15:04:12.001,23231,23231,23231,2,0
2024-12-24 15:04:13.001,23232,23232,23232,2,2
2024-12-24 15:04:13.001,23232,23232,23232,12,0
2024-12-24 15:04:13.001,23232,23232,23232,2,0
2024-12-24 15:04:13.001,23232,23232,23232,2,0
2024-12-24 15:04:13.001,23233,23233,23233,2,2
2024-12-24 15:04:13.001,23234,23234,23234,2,2
2024-12-24 15:04:13.001,23234,23234,23234,2,0
2024-12-24 15:04:13.001,23234,23234,23234,2,0
2024-12-24 15:04:13.001,23234,23234,23234,6,0
2024-12-24 15:04:23.001,23231,23231,23231,6,-6
2024-12-24 15:04:23.001,23230,23230,23230,2,-2
2024-12-24 15:04:23.001,23230,23230,23230,2,0
2024-12-24 15:04:24.001,23229,23229,23229,2,-2
2024-12-24 15:04:24.001,23230,23230,23230,2,2
2024-12-24 15:04:24.001,23230,23230,23230,2,0
2024-12-24 15:04:24.001,23230,23230,23230,2,0
2024-12-24 15:04:24.001,23230,23230,23230,2,0
2024-12-24 15:04:24.001,23230,23230,23230,2,0
2024-12-24 15:04:24.001,23228,23228,23228,2,-2
2024-12-24 15:04:34.001,23227,23227,23227,2,-2
2024-12-24 15:04:34.001,23227,23227,23227,2,0
2024-12-24 15:04:34.001,23227,23227,23227,2,0
2024-12-24 15:04:34.001,23228,23228,23228,2,2
2024-12-24 15:04:43.001,23228,23228,23228,2,0
2024-12-24 15:04:43.001,23228,23228,23228,2,0
2024-12-24 15:04:43.001,23229,23229,23229,2,2
2024-12-24 15:04:43.001,23229,23229,23229,2,0
2024-12-24 15:04:43.001,23229,23229,23229,2,0
2024-12-24 15:04:43.001,23229,23229,23229,2,0
2024-12-24 15:04:49.001,23229,23229,23229,2,0
2024-12-24 15:04:57.001,23229,23229,23229,2,0
2024-12-24 15:04:59.001,23228,23228,23228,2,-2
2024-12-24 15:05:01.001,23229,23229,23229,2,2
2024-12-24 15:05:09.001,23229,23229,23229,2,0
2024-12-24 15:05:10.001,23229,23229,23229,2,0
2024-12-24 15:05:14.001,23227,23227,23227,2,-2
2024-12-24 15:05:22.001,23226,23226,23226,2,-2
2024-12-24 15:05:23.001,23226,23226,23226,2,0
2024-12-24 15:05:32.001,23226,23226,23226,2,0
2024-12-24 15:05:32.001,23224,23224,23224,2,-2
2024-12-24 15:05:34.001,23224,23224,23224,2,0
2024-12-24 15:05:34.001,23224,23224,23224,2,0
2024-12-24 15:05:34.001,23224,23224,23224,2,0
2024-12-24 15:05:34.001,23223,23223,23223,2,-2
2024-12-24 15:05:34.001,23223,23223,23223,2,0
2024-12-24 15:05:34.001,23223,23223,23223,2,0
2024-12-24 15:05:34.001,23223,23223,23223,2,0
2024-12-24 15:05:37.001,23222,23222,23222,26,-26
2024-12-24 15:05:41.001,23223,23223,23223,2,2
2024-12-24 15:05:42.001,23222,23222,23222,2,-2
2024-12-24 15:05:46.001,23222,23222,23222,2,0
2024-12-24 15:05:48.001,23221,23221,23221,2,-2
2024-12-24 15:05:48.001,23221,23221,23221,2,0
2024-12-24 15:05:49.001,23220,23220,23220,2,-2
2024-12-24 15:05:49.001,23220,23220,23220,2,0
2024-12-24 15:05:49.001,23220,23220,23220,2,0
2024-12-24 15:05:49.001,23220,23220,23220,2,0
2024-12-24 15:05:49.001,23219,23219,23219,2,-2
2024-12-24 15:05:50.001,23220,23220,23220,2,2
2024-12-24 15:05:50.001,23220,23220,23220,2,0
2024-12-24 15:05:50.001,23219,23219,23219,2,-2
2024-12-24 15:05:54.001,23219,23219,23219,2,0
2024-12-24 15:05:54.001,23219,23219,23219,2,0
2024-12-24 15:05:54.001,23219,23219,23219,2,0
2024-12-24 15:05:55.001,23219,23219,23219,2,0
2024-12-24 15:05:55.001,23218,23218,23218,2,-2
2024-12-24 15:05:55.001,23218,23218,23218,2,0
2024-12-24 15:05:55.001,23218,23218,23218,12,0
2024-12-24 15:05:55.001,23218,23218,23218,2,0
2024-12-24 15:05:56.001,23218,23218,23218,2,0
2024-12-24 15:05:57.001,23217,23217,23217,2,-2
2024-12-24 15:05:58.001,23218,23218,23218,4,4
2024-12-24 15:05:58.001,23217,23217,23217,2,-2
2024-12-24 15:05:58.001,23216,23216,23216,2,-2
2024-12-24 15:05:59.001,23216,23216,23216,2,0
2024-12-24 15:05:59.001,23216,23216,23216,2,0
2024-12-24 15:05:59.001,23219,23219,23219,2,2
2024-12-24 15:06:04.001,23218,23218,23218,2,-2
2024-12-24 15:06:04.001,23218,23218,23218,2,0
2024-12-24 15:06:04.001,23219,23219,23219,4,4
2024-12-24 15:06:04.001,23219,23219,23219,4,0
2024-12-24 15:06:04.001,23219,23219,23219,4,0
2024-12-24 15:06:04.001,23219,23219,23219,2,0
2024-12-24 15:06:05.001,23218,23218,23218,2,-2
2024-12-24 15:06:05.001,23219,23219,23219,2,2
2024-12-24 15:06:05.001,23219,23219,23219,2,0
2024-12-24 15:06:05.001,23219,23219,23219,2,0
2024-12-24 15:06:05.001,23219,23219,23219,2,0
2024-12-24 15:06:06.001,23219,23219,23219,2,0
2024-12-24 15:06:09.001,23219,23219,23219,2,0
2024-12-24 15:06:09.001,23220,23220,23220,2,2
2024-12-24 15:06:13.001,23218,23218,23218,2,-2
2024-12-24 15:06:14.001,23218,23218,23218,2,0
2024-12-24 15:06:14.001,23217,23217,23217,2,-2
2024-12-24 15:06:17.001,23218,23218,23218,2,2
2024-12-24 15:06:17.001,23218,23218,23218,2,0
2024-12-24 15:06:17.001,23218,23218,23218,2,0
2024-12-24 15:06:17.001,23218,23218,23218,2,0
2024-12-24 15:06:17.001,23219,23219,23219,2,2
2024-12-24 15:06:24.001,23218,23218,23218,2,-2
2024-12-24 15:06:24.001,23218,23218,23218,2,0
2024-12-24 15:06:24.001,23219,23219,23219,2,2
2024-12-24 15:06:33.001,23219,23219,23219,2,0
2024-12-24 15:06:33.001,23219,23219,23219,4,0
2024-12-24 15:06:44.001,23219,23219,23219,2,0
2024-12-24 15:06:44.001,23220,23220,23220,2,2
2024-12-24 15:06:44.001,23220,23220,23220,2,0
2024-12-24 15:06:44.001,23221,23221,23221,2,2
2024-12-24 15:06:53.001,23221,23221,23221,2,0
2024-12-24 15:06:53.001,23221,23221,23221,2,0
2024-12-24 15:06:53.001,23222,23222,23222,2,2
2024-12-24 15:07:04.001,23221,23221,23221,2,-2
2024-12-24 15:07:15.001,23221,23221,23221,2,0
2024-12-24 15:07:15.001,23221,23221,23221,2,0
2024-12-24 15:07:15.001,23220,23220,23220,2,-2
2024-12-24 15:07:15.001,23219,23219,23219,2,-2
2024-12-24 15:07:21.001,23218,23218,23218,2,-2
2024-12-24 15:07:28.001,23218,23218,23218,2,0
2024-12-24 15:07:28.001,23219,23219,23219,2,2
2024-12-24 15:07:42.001,23221,23221,23221,8,8
2024-12-24 15:07:42.001,23221,23221,23221,2,0
2024-12-24 15:08:01.001,23221,23221,23221,2,0
2024-12-24 15:08:08.001,23220,23220,23220,4,-4
2024-12-24 15:08:19.001,23220,23220,23220,6,0
2024-12-24 15:08:19.001,23221,23221,23221,2,2
2024-12-24 15:08:19.001,23221,23221,23221,2,0
2024-12-24 15:08:19.001,23221,23221,23221,4,0
2024-12-24 15:08:19.001,23222,23222,23222,10,10
2024-12-24 15:08:19.001,23223,23223,23223,4,4
2024-12-24 15:08:23.001,23222,23222,23222,2,-2
2024-12-24 15:08:30.001,23223,23223,23223,2,2
2024-12-24 15:08:35.001,23223,23223,23223,2,0
2024-12-24 15:08:37.001,23223,23223,23223,2,0
2024-12-24 15:08:50.001,23223,23223,23223,2,0
2024-12-24 15:08:50.001,23223,23223,23223,2,0
2024-12-24 15:09:05.001,23222,23222,23222,2,-2
2024-12-24 15:09:05.001,23222,23222,23222,2,0
2024-12-24 15:09:23.001,23223,23223,23223,4,4
2024-12-24 15:09:29.001,23223,23223,23223,2,0
2024-12-24 15:09:41.001,23223,23223,23223,2,0
2024-12-24 15:10:16.001,23224,23224,23224,2,2
2024-12-24 15:10:17.001,23224,23224,23224,4,0
2024-12-24 15:10:17.001,23224,23224,23224,4,0
2024-12-24 15:10:17.001,23224,23224,23224,2,0
2024-12-24 15:10:17.001,23224,23224,23224,2,0
2024-12-24 15:10:25.001,23224,23224,23224,2,0
2024-12-24 15:10:46.001,23224,23224,23224,2,0
2024-12-24 15:10:46.001,23224,23224,23224,2,0
2024-12-24 15:10:46.001,23224,23224,23224,2,0
2024-12-24 15:10:51.001,23224,23224,23224,2,0
2024-12-24 15:10:51.001,23225,23225,23225,2,2
2024-12-24 15:10:51.001,23225,23225,23225,2,0
2024-12-24 15:10:54.001,23224,23224,23224,2,-2
2024-12-24 15:10:55.001,23223,23223,23223,2,-2
2024-12-24 15:11:00.001,23225,23225,23225,2,2
2024-12-24 15:11:00.001,23225,23225,23225,2,0
2024-12-24 15:11:07.001,23227,23227,23227,2,2
2024-12-24 15:11:08.001,23228,23228,23228,2,2
2024-12-24 15:11:13.001,23228,23228,23228,2,0
2024-12-24 15:11:16.001,23228,23228,23228,2,0
2024-12-24 15:11:18.001,23227,23227,23227,2,-2
2024-12-24 15:11:21.001,23228,23228,23228,2,2
2024-12-24 15:11:23.001,23228,23228,23228,4,0
2024-12-24 15:11:28.001,23229,23229,23229,8,8
2024-12-24 15:11:33.001,23230,23230,23230,2,2
2024-12-24 15:11:43.001,23229,23229,23229,2,-2
2024-12-24 15:11:43.001,23229,23229,23229,2,0
2024-12-24 15:11:43.001,23228,23228,23228,6,-6
2024-12-24 15:11:47.001,23226,23226,23226,2,-2
2024-12-24 15:11:47.001,23225,23225,23225,2,-2
2024-12-24 15:11:50.001,23226,23226,23226,2,2
2024-12-24 15:11:51.001,23226,23226,23226,2,0
2024-12-24 15:12:05.001,23226,23226,23226,2,0
2024-12-24 15:12:05.001,23226,23226,23226,2,0
2024-12-24 15:12:17.001,23224,23224,23224,2,-2
2024-12-24 15:12:17.001,23224,23224,23224,2,0
2024-12-24 15:12:19.001,23223,23223,23223,2,-2
2024-12-24 15:12:22.001,23223,23223,23223,2,0
2024-12-24 15:12:26.001,23225,23225,23225,2,2
2024-12-24 15:12:26.001,23226,23226,23226,2,2
2024-12-24 15:12:26.001,23226,23226,23226,2,0
2024-12-24 15:12:36.001,23227,23227,23227,6,6
2024-12-24 15:12:36.001,23227,23227,23227,18,0
2024-12-24 15:12:42.001,23226,23226,23226,2,-2
2024-12-24 15:12:43.001,23226,23226,23226,2,0
2024-12-24 15:13:22.001,23225,23225,23225,2,-2
2024-12-24 15:13:34.001,23224,23224,23224,4,-4
2024-12-24 15:13:34.001,23223,23223,23223,2,-2
2024-12-24 15:14:00.001,23224,23224,23224,2,2
2024-12-24 15:14:21.001,23223,23223,23223,6,-6
2024-12-24 15:14:39.001,23223,23223,23223,4,0
2024-12-24 15:14:39.001,23224,23224,23224,2,2
2024-12-24 15:14:39.001,23224,23224,23224,2,0
2024-12-24 15:14:39.001,23224,23224,23224,2,0
2024-12-24 15:14:39.001,23224,23224,23224,2,0
2024-12-24 15:14:39.001,23224,23224,23224,2,0
2024-12-24 15:14:44.001,23224,23224,23224,2,0
2024-12-24 15:15:19.001,23225,23225,23225,2,2
2024-12-24 15:15:26.001,23224,23224,23224,2,-2
2024-12-24 15:15:27.001,23224,23224,23224,2,0
2024-12-24 15:15:27.001,23224,23224,23224,2,0
2024-12-24 15:15:27.001,23224,23224,23224,2,0
2024-12-24 15:15:27.001,23223,23223,23223,2,-2
2024-12-24 15:15:27.001,23223,23223,23223,2,0
2024-12-24 15:15:27.001,23226,23226,23226,2,2
2024-12-24 15:15:31.001,23225,23225,23225,2,-2
2024-12-24 15:15:35.001,23226,23226,23226,2,2
2024-12-24 15:15:39.001,23226,23226,23226,4,0
2024-12-24 15:15:39.001,23227,23227,23227,2,2
2024-12-24 15:15:41.001,23228,23228,23228,2,2
2024-12-24 15:15:46.001,23226,23226,23226,2,-2
2024-12-24 15:16:06.001,23226,23226,23226,2,0
2024-12-24 15:16:06.001,23227,23227,23227,2,2
2024-12-24 15:16:06.001,23228,23228,23228,2,2
2024-12-24 15:16:06.001,23228,23228,23228,2,0
2024-12-24 15:16:06.001,23228,23228,23228,2,0
2024-12-24 15:16:06.001,23228,23228,23228,4,0
2024-12-24 15:16:06.001,23228,23228,23228,2,0
2024-12-24 15:16:06.001,23228,23228,23228,4,0
2024-12-24 15:16:14.001,23225,23225,23225,2,-2
2024-12-24 15:16:14.001,23227,23227,23227,2,2
2024-12-24 15:16:14.001,23227,23227,23227,2,0
2024-12-24 15:16:14.001,23228,23228,23228,2,2
2024-12-24 15:16:14.001,23228,23228,23228,2,0
2024-12-24 15:16:14.001,23228,23228,23228,2,0
2024-12-24 15:16:14.001,23229,23229,23229,2,2
2024-12-24 15:16:14.001,23229,23229,23229,2,0
2024-12-24 15:16:14.001,23229,23229,23229,2,0
2024-12-24 15:16:14.001,23230,23230,23230,2,2
2024-12-24 15:16:14.001,23230,23230,23230,2,0
2024-12-24 15:16:14.001,23230,23230,23230,2,0
2024-12-24 15:16:14.001,23230,23230,23230,2,0
2024-12-24 15:16:22.001,23230,23230,23230,2,0
2024-12-24 15:16:50.001,23228,23228,23228,2,-2
2024-12-24 15:16:50.001,23228,23228,23228,2,0
2024-12-24 15:16:50.001,23229,23229,23229,2,2
2024-12-24 15:16:50.001,23229,23229,23229,2,0
2024-12-24 15:16:50.001,23229,23229,23229,2,0
2024-12-24 15:16:50.001,23229,23229,23229,2,0
2024-12-24 15:16:50.001,23229,23229,23229,2,0
2024-12-24 15:16:50.001,23229,23229,23229,2,0
2024-12-24 15:16:50.001,23230,23230,23230,2,2
2024-12-24 15:16:50.001,23231,23231,23231,2,2
2024-12-24 15:16:50.001,23231,23231,23231,2,0
2024-12-24 15:16:50.001,23231,23231,23231,2,0
2024-12-24 15:16:51.001,23232,23232,23232,6,6
2024-12-24 15:16:51.001,23232,23232,23232,2,0
2024-12-24 15:16:51.001,23232,23232,23232,2,0
2024-12-24 15:16:51.001,23232,23232,23232,2,0
2024-12-24 15:16:51.001,23232,23232,23232,2,0
2024-12-24 15:16:51.001,23232,23232,23232,2,0
2024-12-24 15:16:51.001,23233,23233,23233,2,2
2024-12-24 15:16:51.001,23234,23234,23234,2,2
2024-12-24 15:16:51.001,23234,23234,23234,2,0
2024-12-24 15:16:52.001,23234,23234,23234,2,0
2024-12-24 15:16:55.001,23234,23234,23234,2,0
2024-12-24 15:16:55.001,23234,23234,23234,2,0
2024-12-24 15:16:55.001,23234,23234,23234,2,0
2024-12-24 15:16:55.001,23234,23234,23234,2,0
2024-12-24 15:16:55.001,23234,23234,23234,2,0
2024-12-24 15:16:55.001,23234,23234,23234,2,0
2024-12-24 15:16:56.001,23234,23234,23234,2,0
2024-12-24 15:16:59.001,23234,23234,23234,2,0
2024-12-24 15:17:00.001,23234,23234,23234,2,0
2024-12-24 15:17:00.001,23234,23234,23234,2,0
2024-12-24 15:17:00.001,23233,23233,23233,4,-4
2024-12-24 15:17:00.001,23234,23234,23234,2,2
2024-12-24 15:17:05.001,23233,23233,23233,2,-2
2024-12-24 15:17:05.001,23234,23234,23234,2,2
2024-12-24 15:17:08.001,23233,23233,23233,2,-2
2024-12-24 15:17:12.001,23233,23233,23233,2,0
2024-12-24 15:17:12.001,23232,23232,23232,2,-2
2024-12-24 15:17:14.001,23230,23230,23230,2,-2
2024-12-24 15:17:14.001,23230,23230,23230,2,0
2024-12-24 15:17:14.001,23231,23231,23231,2,2
2024-12-24 15:17:21.001,23230,23230,23230,2,-2
2024-12-24 15:17:28.001,23228,23228,23228,2,-2
2024-12-24 15:17:37.001,23228,23228,23228,2,0
2024-12-24 15:17:37.001,23228,23228,23228,2,0
2024-12-24 15:17:37.001,23228,23228,23228,2,0
2024-12-24 15:17:37.001,23228,23228,23228,4,0
2024-12-24 15:17:57.001,23228,23228,23228,2,0
2024-12-24 15:17:57.001,23228,23228,23228,2,0
2024-12-24 15:18:05.001,23231,23231,23231,4,4
2024-12-24 15:18:05.001,23231,23231,23231,2,0
2024-12-24 15:18:20.001,23230,23230,23230,10,-10
2024-12-24 15:18:20.001,23230,23230,23230,10,0
2024-12-24 15:18:20.001,23230,23230,23230,2,0
2024-12-24 15:18:21.001,23229,23229,23229,2,-2
2024-12-24 15:18:30.001,23229,23229,23229,2,0
2024-12-24 15:18:46.001,23230,23230,23230,4,4
2024-12-24 15:18:51.001,23231,23231,23231,2,2
2024-12-24 15:19:04.001,23231,23231,23231,2,0
2024-12-24 15:19:04.001,23231,23231,23231,2,0
2024-12-24 15:19:05.001,23232,23232,23232,2,2
2024-12-24 15:19:15.001,23232,23232,23232,4,0
2024-12-24 15:19:16.001,23230,23230,23230,2,-2
2024-12-24 15:19:16.001,23230,23230,23230,2,0
2024-12-24 15:19:44.001,23231,23231,23231,2,2
2024-12-24 15:19:54.001,23231,23231,23231,2,0
2024-12-24 15:19:59.001,23231,23231,23231,2,0
2024-12-24 15:20:09.001,23231,23231,23231,2,0
2024-12-24 15:20:13.001,23230,23230,23230,2,-2
2024-12-24 15:20:13.001,23230,23230,23230,4,0
2024-12-24 15:20:18.001,23229,23229,23229,2,-2
2024-12-24 15:20:26.001,23228,23228,23228,2,-2
2024-12-24 15:20:26.001,23227,23227,23227,2,-2
2024-12-24 15:20:27.001,23229,23229,23229,2,2
2024-12-24 15:20:38.001,23232,23232,23232,2,2
2024-12-24 15:20:38.001,23232,23232,23232,2,0
2024-12-24 15:20:47.001,23232,23232,23232,2,0
2024-12-24 15:21:01.001,23233,23233,23233,2,2
2024-12-24 15:21:01.001,23233,23233,23233,8,0
2024-12-24 15:21:01.001,23234,23234,23234,4,4
2024-12-24 15:21:01.001,23234,23234,23234,2,0
2024-12-24 15:21:01.001,23234,23234,23234,2,0
2024-12-24 15:21:07.001,23234,23234,23234,2,0
2024-12-24 15:21:07.001,23234,23234,23234,2,0
2024-12-24 15:21:12.001,23234,23234,23234,10,0
2024-12-24 15:21:12.001,23235,23235,23235,2,2
2024-12-24 15:21:12.001,23235,23235,23235,2,0
2024-12-24 15:21:12.001,23235,23235,23235,2,0
2024-12-24 15:21:16.001,23234,23234,23234,2,-2
2024-12-24 15:21:18.001,23235,23235,23235,2,2
2024-12-24 15:21:27.001,23235,23235,23235,6,0
2024-12-24 15:21:31.001,23235,23235,23235,2,0
2024-12-24 15:21:31.001,23235,23235,23235,2,0
2024-12-24 15:21:40.001,23234,23234,23234,2,-2
2024-12-24 15:21:41.001,23232,23232,23232,2,-2
2024-12-24 15:22:25.001,23233,23233,23233,2,2
2024-12-24 15:22:25.001,23232,23232,23232,2,-2
2024-12-24 15:22:26.001,23232,23232,23232,2,0
2024-12-24 15:22:43.001,23233,23233,23233,6,6
2024-12-24 15:22:44.001,23234,23234,23234,2,2
2024-12-24 15:22:52.001,23234,23234,23234,2,0
2024-12-24 15:23:25.001,23234,23234,23234,6,0
2024-12-24 15:23:33.001,23234,23234,23234,2,0
2024-12-24 15:23:49.001,23235,23235,23235,2,2
2024-12-24 15:23:52.001,23235,23235,23235,2,0
2024-12-24 15:23:57.001,23235,23235,23235,2,0
2024-12-24 15:23:57.001,23235,23235,23235,2,0
2024-12-24 15:23:57.001,23235,23235,23235,2,0
2024-12-24 15:23:57.001,23236,23236,23236,28,28
2024-12-24 15:23:57.001,23237,23237,23237,2,2
2024-12-24 15:23:57.001,23236,23236,23236,2,-2
2024-12-24 15:24:04.001,23237,23237,23237,4,4
2024-12-24 15:24:04.001,23237,23237,23237,4,0
2024-12-24 15:24:04.001,23238,23238,23238,2,2
2024-12-24 15:24:04.001,23238,23238,23238,2,0
2024-12-24 15:24:06.001,23238,23238,23238,2,0
2024-12-24 15:24:10.001,23237,23237,23237,2,-2
2024-12-24 15:24:10.001,23237,23237,23237,2,0
2024-12-24 15:24:11.001,23237,23237,23237,2,0
2024-12-24 15:24:12.001,23238,23238,23238,2,2
2024-12-24 15:24:13.001,23237,23237,23237,2,-2
2024-12-24 15:24:15.001,23237,23237,23237,6,0
2024-12-24 15:24:23.001,23237,23237,23237,4,0
2024-12-24 15:24:26.001,23238,23238,23238,2,2
2024-12-24 15:24:27.001,23238,23238,23238,12,0
2024-12-24 15:24:27.001,23238,23238,23238,4,0
2024-12-24 15:24:27.001,23239,23239,23239,2,2
2024-12-24 15:24:27.001,23239,23239,23239,2,0
2024-12-24 15:24:27.001,23239,23239,23239,2,0
2024-12-24 15:24:27.001,23239,23239,23239,2,0
2024-12-24 15:24:27.001,23239,23239,23239,132,0
2024-12-24 15:24:27.001,23238,23238,23238,2,-2
2024-12-24 15:24:27.001,23238,23238,23238,2,0
2024-12-24 15:24:27.001,23238,23238,23238,2,0
2024-12-24 15:24:27.001,23238,23238,23238,2,0
2024-12-24 15:24:27.001,23238,23238,23238,2,0
2024-12-24 15:24:27.001,23240,23240,23240,2,2
2024-12-24 15:24:27.001,23240,23240,23240,8,0
2024-12-24 15:24:27.001,23240,23240,23240,8,0
2024-12-24 15:24:27.001,23240,23240,23240,2,0
2024-12-24 15:24:27.001,23241,23241,23241,4,4
2024-12-24 15:24:27.001,23241,23241,23241,2,0
2024-12-24 15:24:27.001,23242,23242,23242,4,4
2024-12-24 15:24:27.001,23242,23242,23242,4,0
2024-12-24 15:24:27.001,23243,23243,23243,2,2
2024-12-24 15:24:27.001,23243,23243,23243,8,0
2024-12-24 15:24:27.001,23244,23244,23244,2,2
2024-12-24 15:24:28.001,23244,23244,23244,2,0
2024-12-24 15:24:28.001,23244,23244,23244,8,0
2024-12-24 15:24:28.001,23245,23245,23245,4,4
2024-12-24 15:24:28.001,23245,23245,23245,2,0
2024-12-24 15:24:28.001,23245,23245,23245,2,0
2024-12-24 15:24:28.001,23245,23245,23245,2,0
2024-12-24 15:24:28.001,23245,23245,23245,2,0
2024-12-24 15:24:28.001,23245,23245,23245,2,0
2024-12-24 15:24:28.001,23245,23245,23245,2,0
2024-12-24 15:24:28.001,23245,23245,23245,2,0
2024-12-24 15:24:28.001,23244,23244,23244,2,-2
2024-12-24 15:24:28.001,23246,23246,23246,2,2
2024-12-24 15:24:28.001,23246,23246,23246,2,0
2024-12-24 15:24:28.001,23247,23247,23247,2,2
2024-12-24 15:24:28.001,23247,23247,23247,4,0
2024-12-24 15:24:28.001,23247,23247,23247,6,0
2024-12-24 15:24:28.001,23248,23248,23248,4,4
2024-12-24 15:24:28.001,23248,23248,23248,2,0
2024-12-24 15:24:28.001,23248,23248,23248,2,0
2024-12-24 15:24:28.001,23248,23248,23248,2,0
2024-12-24 15:24:28.001,23249,23249,23249,2,2
2024-12-24 15:24:28.001,23250,23250,23250,4,4
2024-12-24 15:24:28.001,23250,23250,23250,4,0
2024-12-24 15:24:28.001,23250,23250,23250,6,0
2024-12-24 15:24:28.001,23250,23250,23250,2,0
2024-12-24 15:24:28.001,23249,23249,23249,2,-2
2024-12-24 15:24:28.001,23249,23249,23249,2,0
2024-12-24 15:24:28.001,23249,23249,23249,2,0
2024-12-24 15:24:28.001,23250,23250,23250,4,4
2024-12-24 15:24:28.001,23250,23250,23250,2,0
2024-12-24 15:24:28.001,23250,23250,23250,2,0
2024-12-24 15:24:28.001,23249,23249,23249,4,-4
2024-12-24 15:24:28.001,23250,23250,23250,4,4
2024-12-24 15:24:28.001,23250,23250,23250,2,0
2024-12-24 15:24:28.001,23250,23250,23250,2,0
2024-12-24 15:24:29.001,23250,23250,23250,2,0
2024-12-24 15:24:29.001,23250,23250,23250,14,0
2024-12-24 15:24:29.001,23251,23251,23251,6,6
2024-12-24 15:24:29.001,23251,23251,23251,2,0
2024-12-24 15:24:29.001,23251,23251,23251,2,0
2024-12-24 15:24:29.001,23250,23250,23250,2,-2
2024-12-24 15:24:29.001,23250,23250,23250,2,0
2024-12-24 15:24:29.001,23250,23250,23250,2,0
2024-12-24 15:24:29.001,23250,23250,23250,2,0
2024-12-24 15:24:29.001,23250,23250,23250,2,0
2024-12-24 15:24:29.001,23249,23249,23249,2,-2
2024-12-24 15:24:30.001,23249,23249,23249,2,0
2024-12-24 15:24:30.001,23250,23250,23250,2,2
2024-12-24 15:24:31.001,23249,23249,23249,2,-2
2024-12-24 15:24:31.001,23251,23251,23251,2,2
2024-12-24 15:24:31.001,23251,23251,23251,2,0
2024-12-24 15:24:31.001,23251,23251,23251,2,0
2024-12-24 15:24:34.001,23250,23250,23250,2,-2
2024-12-24 15:24:34.001,23252,23252,23252,4,4
2024-12-24 15:24:37.001,23251,23251,23251,2,-2
2024-12-24 15:24:37.001,23251,23251,23251,2,0
2024-12-24 15:24:38.001,23251,23251,23251,2,0
2024-12-24 15:24:38.001,23252,23252,23252,6,6
2024-12-24 15:24:39.001,23250,23250,23250,2,-2
2024-12-24 15:24:39.001,23250,23250,23250,4,0
2024-12-24 15:24:39.001,23249,23249,23249,2,-2
2024-12-24 15:24:39.001,23250,23250,23250,2,2
2024-12-24 15:24:43.001,23250,23250,23250,6,0
2024-12-24 15:24:44.001,23250,23250,23250,8,0
2024-12-24 15:24:44.001,23251,23251,23251,2,2
2024-12-24 15:24:45.001,23250,23250,23250,2,-2
2024-12-24 15:24:47.001,23249,23249,23249,2,-2
2024-12-24 15:24:47.001,23250,23250,23250,2,2
2024-12-24 15:24:48.001,23250,23250,23250,2,0
2024-12-24 15:24:50.001,23248,23248,23248,2,-2
2024-12-24 15:24:51.001,23249,23249,23249,2,2
2024-12-24 15:24:51.001,23251,23251,23251,2,2
2024-12-24 15:24:51.001,23251,23251,23251,4,0
2024-12-24 15:24:55.001,23251,23251,23251,4,0
2024-12-24 15:24:59.001,23249,23249,23249,2,-2
2024-12-24 15:24:59.001,23250,23250,23250,2,2
2024-12-24 15:24:59.001,23251,23251,23251,2,2
2024-12-24 15:24:59.001,23251,23251,23251,2,0
2024-12-24 15:25:00.001,23249,23249,23249,2,-2
2024-12-24 15:25:00.001,23249,23249,23249,2,0
2024-12-24 15:25:00.001,23248,23248,23248,2,-2
2024-12-24 15:25:00.001,23248,23248,23248,2,0
2024-12-24 15:25:00.001,23250,23250,23250,2,2
2024-12-24 15:25:00.001,23250,23250,23250,2,0
2024-12-24 15:25:01.001,23250,23250,23250,2,0
2024-12-24 15:25:01.001,23251,23251,23251,4,4
2024-12-24 15:25:01.001,23252,23252,23252,2,2
2024-12-24 15:25:01.001,23252,23252,23252,2,0
2024-12-24 15:25:01.001,23252,23252,23252,2,0
2024-12-24 15:25:01.001,23252,23252,23252,2,0
2024-12-24 15:25:01.001,23252,23252,23252,2,0
2024-12-24 15:25:01.001,23252,23252,23252,2,0
2024-12-24 15:25:01.001,23252,23252,23252,4,0
2024-12-24 15:25:01.001,23252,23252,23252,2,0
2024-12-24 15:25:01.001,23252,23252,23252,2,0
2024-12-24 15:25:01.001,23252,23252,23252,2,0
2024-12-24 15:25:02.001,23252,23252,23252,2,0
2024-12-24 15:25:02.001,23252,23252,23252,2,0
2024-12-24 15:25:02.001,23253,23253,23253,2,2
2024-12-24 15:25:02.001,23253,23253,23253,2,0
2024-12-24 15:25:02.001,23253,23253,23253,2,0
2024-12-24 15:25:02.001,23253,23253,23253,2,0
2024-12-24 15:25:02.001,23253,23253,23253,2,0
2024-12-24 15:25:02.001,23253,23253,23253,2,0
2024-12-24 15:25:03.001,23253,23253,23253,2,0
2024-12-24 15:25:03.001,23253,23253,23253,2,0
2024-12-24 15:25:03.001,23253,23253,23253,4,0
2024-12-24 15:25:03.001,23254,23254,23254,6,6
2024-12-24 15:25:03.001,23252,23252,23252,2,-2
2024-12-24 15:25:03.001,23252,23252,23252,2,0
2024-12-24 15:25:03.001,23253,23253,23253,2,2
2024-12-24 15:25:03.001,23254,23254,23254,2,2
2024-12-24 15:25:03.001,23253,23253,23253,4,-4
2024-12-24 15:25:03.001,23253,23253,23253,2,0
2024-12-24 15:25:03.001,23254,23254,23254,2,2
2024-12-24 15:25:03.001,23254,23254,23254,2,0
2024-12-24 15:25:04.001,23254,23254,23254,2,0
2024-12-24 15:25:04.001,23251,23251,23251,2,-2
2024-12-24 15:25:04.001,23254,23254,23254,2,2
2024-12-24 15:25:04.001,23254,23254,23254,2,0
2024-12-24 15:25:04.001,23254,23254,23254,10,0
2024-12-24 15:25:06.001,23255,23255,23255,10,10
2024-12-24 15:25:06.001,23255,23255,23255,2,0
2024-12-24 15:25:06.001,23255,23255,23255,2,0
2024-12-24 15:25:06.001,23255,23255,23255,2,0
2024-12-24 15:25:06.001,23255,23255,23255,2,0
2024-12-24 15:25:06.001,23255,23255,23255,2,0
2024-12-24 15:25:06.001,23255,23255,23255,6,0
2024-12-24 15:25:06.001,23255,23255,23255,2,0
2024-12-24 15:25:06.001,23255,23255,23255,2,0
2024-12-24 15:25:06.001,23256,23256,23256,2,2
2024-12-24 15:25:06.001,23256,23256,23256,2,0
2024-12-24 15:25:06.001,23256,23256,23256,2,0
2024-12-24 15:25:06.001,23256,23256,23256,2,0
2024-12-24 15:25:06.001,23257,23257,23257,2,2
2024-12-24 15:25:06.001,23257,23257,23257,2,0
2024-12-24 15:25:06.001,23257,23257,23257,2,0
2024-12-24 15:25:06.001,23258,23258,23258,2,2
2024-12-24 15:25:06.001,23258,23258,23258,2,0
2024-12-24 15:25:06.001,23256,23256,23256,2,-2
2024-12-24 15:25:07.001,23256,23256,23256,2,0
2024-12-24 15:25:07.001,23256,23256,23256,2,0
2024-12-24 15:25:07.001,23258,23258,23258,2,2
2024-12-24 15:25:07.001,23258,23258,23258,2,0
2024-12-24 15:25:07.001,23258,23258,23258,2,0
2024-12-24 15:25:07.001,23258,23258,23258,2,0
2024-12-24 15:25:07.001,23258,23258,23258,2,0
2024-12-24 15:25:07.001,23256,23256,23256,2,-2
2024-12-24 15:25:07.001,23256,23256,23256,2,0
2024-12-24 15:25:07.001,23256,23256,23256,2,0
2024-12-24 15:25:08.001,23254,23254,23254,2,-2
2024-12-24 15:25:09.001,23255,23255,23255,4,4
2024-12-24 15:25:09.001,23256,23256,23256,2,2
2024-12-24 15:25:09.001,23257,23257,23257,6,6
2024-12-24 15:25:10.001,23258,23258,23258,6,6
2024-12-24 15:25:11.001,23256,23256,23256,2,-2
2024-12-24 15:25:12.001,23258,23258,23258,4,4
2024-12-24 15:25:13.001,23257,23257,23257,2,-2
2024-12-24 15:25:14.001,23259,23259,23259,2,2
2024-12-24 15:25:14.001,23258,23258,23258,2,-2
2024-12-24 15:25:16.001,23258,23258,23258,2,0
2024-12-24 15:25:16.001,23258,23258,23258,2,0
2024-12-24 15:25:16.001,23259,23259,23259,2,2
2024-12-24 15:25:17.001,23257,23257,23257,2,-2
2024-12-24 15:25:18.001,23258,23258,23258,2,2
2024-12-24 15:25:18.001,23258,23258,23258,2,0
2024-12-24 15:25:18.001,23259,23259,23259,2,2
2024-12-24 15:25:18.001,23259,23259,23259,2,0
2024-12-24 15:25:18.001,23259,23259,23259,2,0
2024-12-24 15:25:18.001,23259,23259,23259,2,0
2024-12-24 15:25:18.001,23259,23259,23259,2,0
2024-12-24 15:25:18.001,23258,23258,23258,2,-2
2024-12-24 15:25:19.001,23258,23258,23258,2,0
2024-12-24 15:25:19.001,23258,23258,23258,2,0
2024-12-24 15:25:20.001,23258,23258,23258,2,0
2024-12-24 15:25:20.001,23259,23259,23259,4,4
2024-12-24 15:25:24.001,23257,23257,23257,2,-2
2024-12-24 15:25:25.001,23256,23256,23256,8,-8
2024-12-24 15:25:25.001,23256,23256,23256,2,0
2024-12-24 15:25:27.001,23256,23256,23256,2,0
2024-12-24 15:25:29.001,23257,23257,23257,4,4
2024-12-24 15:25:29.001,23257,23257,23257,2,0
2024-12-24 15:25:29.001,23258,23258,23258,2,2
2024-12-24 15:25:29.001,23258,23258,23258,2,0
2024-12-24 15:25:32.001,23257,23257,23257,2,-2
2024-12-24 15:25:32.001,23257,23257,23257,2,0
2024-12-24 15:25:34.001,23259,23259,23259,2,2
2024-12-24 15:25:34.001,23258,23258,23258,2,-2
2024-12-24 15:25:35.001,23257,23257,23257,2,-2
2024-12-24 15:25:35.001,23256,23256,23256,2,-2
2024-12-24 15:25:37.001,23257,23257,23257,2,2
2024-12-24 15:25:37.001,23258,23258,23258,2,2
2024-12-24 15:25:37.001,23258,23258,23258,2,0
2024-12-24 15:25:41.001,23258,23258,23258,2,0
2024-12-24 15:25:43.001,23258,23258,23258,4,0
2024-12-24 15:25:46.001,23259,23259,23259,2,2
2024-12-24 15:25:46.001,23259,23259,23259,2,0
2024-12-24 15:25:49.001,23260,23260,23260,2,2
2024-12-24 15:25:49.001,23260,23260,23260,2,0
2024-12-24 15:25:50.001,23260,23260,23260,4,0
2024-12-24 15:25:51.001,23259,23259,23259,2,-2
2024-12-24 15:25:53.001,23259,23259,23259,2,0
2024-12-24 15:25:56.001,23260,23260,23260,4,4
2024-12-24 15:25:57.001,23260,23260,23260,2,0
2024-12-24 15:25:58.001,23259,23259,23259,2,-2
2024-12-24 15:25:58.001,23259,23259,23259,2,0
2024-12-24 15:26:03.001,23259,23259,23259,4,0
2024-12-24 15:26:03.001,23259,23259,23259,2,0
2024-12-24 15:26:03.001,23260,23260,23260,2,2
2024-12-24 15:26:03.001,23260,23260,23260,2,0
2024-12-24 15:26:03.001,23260,23260,23260,2,0
2024-12-24 15:26:03.001,23260,23260,23260,2,0
2024-12-24 15:26:03.001,23260,23260,23260,4,0
2024-12-24 15:26:03.001,23261,23261,23261,4,4
2024-12-24 15:26:04.001,23259,23259,23259,2,-2
2024-12-24 15:26:04.001,23260,23260,23260,2,2
2024-12-24 15:26:04.001,23260,23260,23260,2,0
2024-12-24 15:26:04.001,23260,23260,23260,2,0
2024-12-24 15:26:04.001,23261,23261,23261,2,2
2024-12-24 15:26:04.001,23261,23261,23261,2,0
2024-12-24 15:26:06.001,23260,23260,23260,2,-2
2024-12-24 15:26:06.001,23260,23260,23260,2,0
2024-12-24 15:26:06.001,23261,23261,23261,2,2
2024-12-24 15:26:06.001,23261,23261,23261,2,0
2024-12-24 15:26:06.001,23261,23261,23261,10,0
2024-12-24 15:26:06.001,23261,23261,23261,2,0
2024-12-24 15:26:06.001,23261,23261,23261,2,0
2024-12-24 15:26:07.001,23262,23262,23262,2,2
2024-12-24 15:26:07.001,23262,23262,23262,2,0
2024-12-24 15:26:07.001,23262,23262,23262,2,0
2024-12-24 15:26:07.001,23263,23263,23263,2,2
2024-12-24 15:26:07.001,23263,23263,23263,2,0
2024-12-24 15:26:07.001,23263,23263,23263,2,0
2024-12-24 15:26:07.001,23261,23261,23261,2,-2
2024-12-24 15:26:07.001,23263,23263,23263,2,2
2024-12-24 15:26:07.001,23262,23262,23262,4,-4
2024-12-24 15:26:07.001,23263,23263,23263,2,2
2024-12-24 15:26:07.001,23262,23262,23262,2,-2
2024-12-24 15:26:07.001,23262,23262,23262,2,0
2024-12-24 15:26:07.001,23263,23263,23263,2,2
2024-12-24 15:26:07.001,23263,23263,23263,2,0
2024-12-24 15:26:08.001,23260,23260,23260,2,-2
2024-12-24 15:26:08.001,23260,23260,23260,2,0
2024-12-24 15:26:08.001,23260,23260,23260,2,0
2024-12-24 15:26:08.001,23260,23260,23260,4,0
2024-12-24 15:26:10.001,23262,23262,23262,2,2
2024-12-24 15:26:11.001,23261,23261,23261,2,-2
2024-12-24 15:26:12.001,23260,23260,23260,2,-2
2024-12-24 15:26:12.001,23260,23260,23260,4,0
2024-12-24 15:26:12.001,23260,23260,23260,2,0
2024-12-24 15:26:12.001,23260,23260,23260,2,0
2024-12-24 15:26:14.001,23261,23261,23261,2,2
2024-12-24 15:26:14.001,23261,23261,23261,2,0
2024-12-24 15:26:16.001,23260,23260,23260,2,-2
2024-12-24 15:26:16.001,23261,23261,23261,2,2
2024-12-24 15:26:20.001,23262,23262,23262,2,2
2024-12-24 15:26:20.001,23262,23262,23262,2,0
2024-12-24 15:26:23.001,23262,23262,23262,2,0
2024-12-24 15:26:23.001,23263,23263,23263,2,2
2024-12-24 15:26:23.001,23263,23263,23263,2,0
2024-12-24 15:26:23.001,23264,23264,23264,2,2
2024-12-24 15:26:23.001,23264,23264,23264,2,0
2024-12-24 15:26:24.001,23263,23263,23263,2,-2
2024-12-24 15:26:24.001,23264,23264,23264,4,4
2024-12-24 15:26:24.001,23264,23264,23264,2,0
2024-12-24 15:26:25.001,23265,23265,23265,4,4
2024-12-24 15:26:25.001,23265,23265,23265,6,0
2024-12-24 15:26:25.001,23265,23265,23265,2,0
2024-12-24 15:26:25.001,23264,23264,23264,2,-2
2024-12-24 15:26:25.001,23266,23266,23266,4,4
2024-12-24 15:26:25.001,23266,23266,23266,10,0
2024-12-24 15:26:25.001,23264,23264,23264,2,-2
2024-12-24 15:26:29.001,23265,23265,23265,2,2
2024-12-24 15:26:29.001,23267,23267,23267,4,4
2024-12-24 15:26:30.001,23267,23267,23267,2,0
2024-12-24 15:26:30.001,23267,23267,23267,2,0
2024-12-24 15:26:30.001,23267,23267,23267,2,0
2024-12-24 15:26:30.001,23267,23267,23267,2,0
2024-12-24 15:26:30.001,23267,23267,23267,2,0
2024-12-24 15:26:30.001,23267,23267,23267,2,0
2024-12-24 15:26:30.001,23268,23268,23268,2,2
2024-12-24 15:26:30.001,23268,23268,23268,2,0
2024-12-24 15:26:30.001,23268,23268,23268,2,0
2024-12-24 15:26:30.001,23268,23268,23268,2,0
2024-12-24 15:26:30.001,23267,23267,23267,2,-2
2024-12-24 15:26:31.001,23267,23267,23267,2,0
2024-12-24 15:26:37.001,23267,23267,23267,2,0
2024-12-24 15:26:37.001,23266,23266,23266,2,-2
2024-12-24 15:26:37.001,23265,23265,23265,2,-2
2024-12-24 15:26:37.001,23265,23265,23265,2,0
2024-12-24 15:26:37.001,23265,23265,23265,2,0
2024-12-24 15:26:37.001,23265,23265,23265,4,0
2024-12-24 15:26:37.001,23265,23265,23265,2,0
2024-12-24 15:26:37.001,23265,23265,23265,2,0
2024-12-24 15:26:37.001,23265,23265,23265,10,0
2024-12-24 15:26:37.001,23264,23264,23264,2,-2
2024-12-24 15:26:37.001,23264,23264,23264,2,0
2024-12-24 15:26:37.001,23264,23264,23264,2,0
2024-12-24 15:26:40.001,23261,23261,23261,2,-2
2024-12-24 15:26:40.001,23261,23261,23261,2,0
2024-12-24 15:26:40.001,23263,23263,23263,2,2
2024-12-24 15:26:40.001,23264,23264,23264,2,2
2024-12-24 15:26:40.001,23265,23265,23265,2,2
2024-12-24 15:26:40.001,23262,23262,23262,2,-2
2024-12-24 15:26:43.001,23264,23264,23264,2,2
2024-12-24 15:26:45.001,23262,23262,23262,2,-2
2024-12-24 15:26:46.001,23262,23262,23262,2,0
2024-12-24 15:26:48.001,23262,23262,23262,2,0
2024-12-24 15:26:51.001,23263,23263,23263,2,2
2024-12-24 15:26:52.001,23264,23264,23264,2,2
2024-12-24 15:26:53.001,23262,23262,23262,2,-2
2024-12-24 15:26:54.001,23262,23262,23262,2,0
2024-12-24 15:26:56.001,23262,23262,23262,2,0
2024-12-24 15:26:56.001,23262,23262,23262,2,0
2024-12-24 15:26:56.001,23262,23262,23262,2,0
2024-12-24 15:26:56.001,23262,23262,23262,4,0
2024-12-24 15:27:00.001,23262,23262,23262,4,0
2024-12-24 15:27:00.001,23263,23263,23263,2,2
2024-12-24 15:27:00.001,23263,23263,23263,4,0
2024-12-24 15:27:00.001,23263,23263,23263,2,0
2024-12-24 15:27:00.001,23264,23264,23264,2,2
2024-12-24 15:27:00.001,23265,23265,23265,2,2
2024-12-24 15:27:00.001,23265,23265,23265,4,0
2024-12-24 15:27:00.001,23266,23266,23266,4,4
2024-12-24 15:27:00.001,23266,23266,23266,2,0
2024-12-24 15:27:00.001,23267,23267,23267,2,2
2024-12-24 15:27:00.001,23267,23267,23267,2,0
2024-12-24 15:27:00.001,23268,23268,23268,2,2
2024-12-24 15:27:00.001,23265,23265,23265,2,-2
2024-12-24 15:27:00.001,23264,23264,23264,2,-2
2024-12-24 15:27:03.001,23264,23264,23264,2,0
2024-12-24 15:27:03.001,23266,23266,23266,2,2
2024-12-24 15:27:03.001,23267,23267,23267,2,2
2024-12-24 15:27:03.001,23267,23267,23267,2,0
2024-12-24 15:27:03.001,23267,23267,23267,2,0
2024-12-24 15:27:03.001,23267,23267,23267,2,0
2024-12-24 15:27:03.001,23267,23267,23267,2,0
2024-12-24 15:27:03.001,23268,23268,23268,4,4
2024-12-24 15:27:03.001,23268,23268,23268,2,0
2024-12-24 15:27:03.001,23266,23266,23266,2,-2
2024-12-24 15:27:06.001,23267,23267,23267,2,2
2024-12-24 15:27:07.001,23268,23268,23268,2,2
2024-12-24 15:27:07.001,23268,23268,23268,2,0
2024-12-24 15:27:07.001,23268,23268,23268,2,0
2024-12-24 15:27:07.001,23269,23269,23269,2,2
2024-12-24 15:27:07.001,23269,23269,23269,2,0
2024-12-24 15:27:07.001,23269,23269,23269,2,0
2024-12-24 15:27:07.001,23269,23269,23269,2,0
2024-12-24 15:27:07.001,23269,23269,23269,2,0
2024-12-24 15:27:07.001,23270,23270,23270,2,2
2024-12-24 15:27:07.001,23270,23270,23270,2,0
2024-12-24 15:27:07.001,23270,23270,23270,2,0
2024-12-24 15:27:07.001,23270,23270,23270,2,0
2024-12-24 15:27:07.001,23270,23270,23270,2,0
2024-12-24 15:27:07.001,23270,23270,23270,2,0
2024-12-24 15:27:07.001,23271,23271,23271,2,2
2024-12-24 15:27:07.001,23270,23270,23270,4,-4
2024-12-24 15:27:07.001,23268,23268,23268,2,-2
2024-12-24 15:27:07.001,23270,23270,23270,2,2
2024-12-24 15:27:07.001,23270,23270,23270,2,0
2024-12-24 15:27:07.001,23270,23270,23270,2,0
2024-12-24 15:27:08.001,23270,23270,23270,2,0
2024-12-24 15:27:08.001,23267,23267,23267,2,-2
2024-12-24 15:27:10.001,23270,23270,23270,2,2
2024-12-24 15:27:14.001,23270,23270,23270,2,0
2024-12-24 15:27:14.001,23270,23270,23270,4,0
2024-12-24 15:27:15.001,23270,23270,23270,2,0
2024-12-24 15:27:17.001,23271,23271,23271,2,2
2024-12-24 15:27:17.001,23269,23269,23269,2,-2
2024-12-24 15:27:17.001,23269,23269,23269,2,0
2024-12-24 15:27:17.001,23269,23269,23269,2,0
2024-12-24 15:27:18.001,23268,23268,23268,2,-2
2024-12-24 15:27:18.001,23270,23270,23270,2,2
2024-12-24 15:27:18.001,23270,23270,23270,2,0
2024-12-24 15:27:18.001,23270,23270,23270,4,0
2024-12-24 15:27:18.001,23270,23270,23270,2,0
2024-12-24 15:27:18.001,23270,23270,23270,2,0
2024-12-24 15:27:18.001,23270,23270,23270,2,0
2024-12-24 15:27:18.001,23271,23271,23271,2,2
2024-12-24 15:27:18.001,23271,23271,23271,2,0
2024-12-24 15:27:18.001,23271,23271,23271,2,0
2024-12-24 15:27:18.001,23271,23271,23271,2,0
2024-12-24 15:27:18.001,23271,23271,23271,2,0
2024-12-24 15:27:18.001,23271,23271,23271,2,0
2024-12-24 15:27:18.001,23271,23271,23271,2,0
2024-12-24 15:27:18.001,23272,23272,23272,2,2
2024-12-24 15:27:18.001,23272,23272,23272,2,0
2024-12-24 15:27:18.001,23271,23271,23271,2,-2
2024-12-24 15:27:18.001,23272,23272,23272,2,2
2024-12-24 15:27:18.001,23272,23272,23272,2,0
2024-12-24 15:27:18.001,23272,23272,23272,2,0
2024-12-24 15:27:18.001,23272,23272,23272,2,0
2024-12-24 15:27:18.001,23272,23272,23272,2,0
2024-12-24 15:27:18.001,23272,23272,23272,2,0
2024-12-24 15:27:18.001,23270,23270,23270,2,-2
2024-12-24 15:27:18.001,23269,23269,23269,2,-2
2024-12-24 15:27:18.001,23269,23269,23269,2,0
2024-12-24 15:27:22.001,23269,23269,23269,2,0
2024-12-24 15:27:22.001,23269,23269,23269,2,0
2024-12-24 15:27:22.001,23270,23270,23270,2,2
2024-12-24 15:27:23.001,23269,23269,23269,2,-2
2024-12-24 15:27:25.001,23269,23269,23269,2,0
2024-12-24 15:27:25.001,23269,23269,23269,2,0
2024-12-24 15:27:26.001,23269,23269,23269,2,0
2024-12-24 15:27:27.001,23269,23269,23269,2,0
2024-12-24 15:27:27.001,23270,23270,23270,2,2
2024-12-24 15:27:27.001,23270,23270,23270,2,0
2024-12-24 15:27:27.001,23270,23270,23270,2,0
2024-12-24 15:27:27.001,23271,23271,23271,2,2
2024-12-24 15:27:27.001,23271,23271,23271,2,0
2024-12-24 15:27:27.001,23271,23271,23271,2,0
2024-12-24 15:27:27.001,23270,23270,23270,2,-2
2024-12-24 15:27:29.001,23270,23270,23270,2,0
2024-12-24 15:27:29.001,23270,23270,23270,2,0
2024-12-24 15:27:31.001,23270,23270,23270,2,0
2024-12-24 15:27:33.001,23269,23269,23269,2,-2
2024-12-24 15:27:36.001,23268,23268,23268,2,-2
2024-12-24 15:27:37.001,23269,23269,23269,2,2
2024-12-24 15:27:37.001,23269,23269,23269,2,0
2024-12-24 15:27:37.001,23269,23269,23269,2,0
2024-12-24 15:27:37.001,23269,23269,23269,2,0
2024-12-24 15:27:37.001,23270,23270,23270,2,2
2024-12-24 15:27:37.001,23270,23270,23270,2,0
2024-12-24 15:27:37.001,23270,23270,23270,2,0
2024-12-24 15:27:37.001,23269,23269,23269,2,-2
2024-12-24 15:27:37.001,23270,23270,23270,2,2
2024-12-24 15:27:38.001,23267,23267,23267,2,-2
2024-12-24 15:27:40.001,23268,23268,23268,2,2
2024-12-24 15:27:41.001,23267,23267,23267,2,-2
2024-12-24 15:27:41.001,23267,23267,23267,2,0
2024-12-24 15:27:44.001,23269,23269,23269,4,4
2024-12-24 15:27:44.001,23269,23269,23269,2,0
2024-12-24 15:27:48.001,23268,23268,23268,2,-2
2024-12-24 15:27:48.001,23268,23268,23268,2,0
2024-12-24 15:27:48.001,23270,23270,23270,2,2
2024-12-24 15:27:48.001,23270,23270,23270,2,0
2024-12-24 15:27:48.001,23270,23270,23270,2,0
2024-12-24 15:27:48.001,23270,23270,23270,2,0
2024-12-24 15:27:48.001,23270,23270,23270,2,0
2024-12-24 15:27:48.001,23270,23270,23270,2,0
2024-12-24 15:27:49.001,23269,23269,23269,2,-2
2024-12-24 15:27:51.001,23270,23270,23270,2,2
2024-12-24 15:27:51.001,23270,23270,23270,2,0
2024-12-24 15:27:52.001,23269,23269,23269,2,-2
2024-12-24 15:27:55.001,23269,23269,23269,2,0
2024-12-24 15:27:55.001,23269,23269,23269,2,0
2024-12-24 15:27:57.001,23271,23271,23271,2,2
2024-12-24 15:28:03.001,23269,23269,23269,2,-2
2024-12-24 15:28:03.001,23270,23270,23270,2,2
2024-12-24 15:28:03.001,23270,23270,23270,2,0
2024-12-24 15:28:03.001,23271,23271,23271,2,2
2024-12-24 15:28:03.001,23271,23271,23271,2,0
2024-12-24 15:28:03.001,23271,23271,23271,2,0
2024-12-24 15:28:05.001,23269,23269,23269,2,-2
2024-12-24 15:28:05.001,23272,23272,23272,4,4
2024-12-24 15:28:05.001,23272,23272,23272,2,0
2024-12-24 15:28:05.001,23272,23272,23272,2,0
2024-12-24 15:28:05.001,23272,23272,23272,2,0
2024-12-24 15:28:05.001,23272,23272,23272,2,0
2024-12-24 15:28:05.001,23272,23272,23272,2,0
2024-12-24 15:28:05.001,23272,23272,23272,2,0
2024-12-24 15:28:05.001,23272,23272,23272,2,0
2024-12-24 15:28:05.001,23271,23271,23271,2,-2
2024-12-24 15:28:06.001,23273,23273,23273,4,4
2024-12-24 15:28:06.001,23271,23271,23271,2,-2
2024-12-24 15:28:06.001,23273,23273,23273,2,2
2024-12-24 15:28:06.001,23274,23274,23274,4,4
2024-12-24 15:28:06.001,23274,23274,23274,2,0
2024-12-24 15:28:09.001,23274,23274,23274,2,0
2024-12-24 15:28:09.001,23274,23274,23274,2,0
2024-12-24 15:28:09.001,23274,23274,23274,2,0
2024-12-24 15:28:09.001,23274,23274,23274,2,0
2024-12-24 15:28:09.001,23275,23275,23275,2,2
2024-12-24 15:28:09.001,23275,23275,23275,2,0
2024-12-24 15:28:09.001,23275,23275,23275,2,0
2024-12-24 15:28:09.001,23275,23275,23275,2,0
2024-12-24 15:28:09.001,23275,23275,23275,2,0
2024-12-24 15:28:09.001,23275,23275,23275,2,0
2024-12-24 15:28:09.001,23275,23275,23275,2,0
2024-12-24 15:28:09.001,23274,23274,23274,2,-2
2024-12-24 15:28:10.001,23272,23272,23272,2,-2
2024-12-24 15:28:15.001,23273,23273,23273,2,2
2024-12-24 15:28:18.001,23271,23271,23271,2,-2
2024-12-24 15:28:18.001,23271,23271,23271,2,0
2024-12-24 15:28:19.001,23270,23270,23270,8,-8
2024-12-24 15:28:19.001,23270,23270,23270,2,0
2024-12-24 15:28:19.001,23271,23271,23271,2,2
2024-12-24 15:28:19.001,23271,23271,23271,2,0
2024-12-24 15:28:19.001,23271,23271,23271,2,0
2024-12-24 15:28:19.001,23271,23271,23271,2,0
2024-12-24 15:28:19.001,23272,23272,23272,2,2
2024-12-24 15:28:19.001,23272,23272,23272,2,0
2024-12-24 15:28:19.001,23272,23272,23272,2,0
2024-12-24 15:28:19.001,23272,23272,23272,2,0
2024-12-24 15:28:20.001,23270,23270,23270,2,-2
2024-12-24 15:28:20.001,23272,23272,23272,2,2
2024-12-24 15:28:23.001,23270,23270,23270,2,-2
2024-12-24 15:28:31.001,23270,23270,23270,4,0
2024-12-24 15:28:33.001,23272,23272,23272,2,2
2024-12-24 15:28:34.001,23272,23272,23272,2,0
2024-12-24 15:28:34.001,23272,23272,23272,2,0
2024-12-24 15:28:34.001,23272,23272,23272,2,0
2024-12-24 15:28:34.001,23273,23273,23273,2,2
2024-12-24 15:28:34.001,23273,23273,23273,2,0
2024-12-24 15:28:34.001,23273,23273,23273,2,0
2024-12-24 15:28:34.001,23273,23273,23273,2,0
2024-12-24 15:28:34.001,23273,23273,23273,2,0
2024-12-24 15:28:34.001,23273,23273,23273,2,0
2024-12-24 15:28:34.001,23272,23272,23272,2,-2
2024-12-24 15:28:34.001,23272,23272,23272,2,0
2024-12-24 15:28:35.001,23271,23271,23271,2,-2
2024-12-24 15:28:35.001,23271,23271,23271,2,0
2024-12-24 15:28:35.001,23271,23271,23271,2,0
2024-12-24 15:28:35.001,23271,23271,23271,2,0
2024-12-24 15:28:35.001,23270,23270,23270,2,-2
2024-12-24 15:28:36.001,23270,23270,23270,2,0
2024-12-24 15:28:36.001,23273,23273,23273,2,2
2024-12-24 15:28:40.001,23272,23272,23272,2,-2
2024-12-24 15:28:44.001,23272,23272,23272,4,0
2024-12-24 15:28:45.001,23270,23270,23270,8,-8
2024-12-24 15:28:45.001,23270,23270,23270,4,0
2024-12-24 15:28:46.001,23269,23269,23269,2,-2
2024-12-24 15:28:47.001,23270,23270,23270,4,4
2024-12-24 15:28:48.001,23269,23269,23269,2,-2
2024-12-24 15:28:48.001,23270,23270,23270,4,4
2024-12-24 15:28:49.001,23270,23270,23270,4,0
2024-12-24 15:28:50.001,23271,23271,23271,2,2
2024-12-24 15:28:50.001,23270,23270,23270,2,-2
2024-12-24 15:28:51.001,23270,23270,23270,2,0
2024-12-24 15:28:55.001,23270,23270,23270,2,0
2024-12-24 15:28:56.001,23269,23269,23269,2,-2
2024-12-24 15:28:56.001,23268,23268,23268,2,-2
2024-12-24 15:28:56.001,23268,23268,23268,2,0
2024-12-24 15:28:56.001,23267,23267,23267,2,-2
2024-12-24 15:28:56.001,23267,23267,23267,2,0
2024-12-24 15:28:56.001,23269,23269,23269,2,2
2024-12-24 15:28:56.001,23270,23270,23270,2,2
2024-12-24 15:28:57.001,23270,23270,23270,2,0
2024-12-24 15:28:58.001,23268,23268,23268,2,-2
2024-12-24 15:28:58.001,23268,23268,23268,2,0
2024-12-24 15:28:58.001,23268,23268,23268,2,0
2024-12-24 15:28:58.001,23267,23267,23267,2,-2
2024-12-24 15:28:58.001,23266,23266,23266,2,-2
2024-12-24 15:28:58.001,23266,23266,23266,2,0
2024-12-24 15:28:59.001,23266,23266,23266,2,0
2024-12-24 15:29:03.001,23266,23266,23266,2,0
2024-12-24 15:29:05.001,23266,23266,23266,2,0
2024-12-24 15:29:05.001,23268,23268,23268,2,2
2024-12-24 15:29:11.001,23266,23266,23266,4,-4
2024-12-24 15:29:11.001,23265,23265,23265,2,-2
2024-12-24 15:29:11.001,23265,23265,23265,2,0
2024-12-24 15:29:11.001,23265,23265,23265,2,0
2024-12-24 15:29:11.001,23265,23265,23265,2,0
2024-12-24 15:29:14.001,23265,23265,23265,2,0
2024-12-24 15:29:15.001,23265,23265,23265,4,0
2024-12-24 15:29:17.001,23264,23264,23264,2,-2
2024-12-24 15:29:28.001,23265,23265,23265,2,2
2024-12-24 15:29:28.001,23266,23266,23266,2,2
2024-12-24 15:29:28.001,23266,23266,23266,2,0
2024-12-24 15:29:28.001,23266,23266,23266,2,0
2024-12-24 15:29:28.001,23266,23266,23266,2,0
2024-12-24 15:29:29.001,23266,23266,23266,2,0
2024-12-24 15:29:29.001,23266,23266,23266,2,0
2024-12-24 15:29:29.001,23267,23267,23267,2,2
2024-12-24 15:29:29.001,23268,23268,23268,2,2
2024-12-24 15:29:40.001,23266,23266,23266,2,-2
2024-12-24 15:29:43.001,23267,23267,23267,2,2
2024-12-24 15:29:43.001,23267,23267,23267,2,0
2024-12-24 15:29:43.001,23267,23267,23267,2,0
2024-12-24 15:29:44.001,23268,23268,23268,2,2
2024-12-24 15:29:44.001,23268,23268,23268,6,0
2024-12-24 15:29:44.001,23268,23268,23268,4,0
2024-12-24 15:29:44.001,23268,23268,23268,2,0
2024-12-24 15:29:44.001,23268,23268,23268,2,0
2024-12-24 15:29:47.001,23270,23270,23270,14,14
2024-12-24 15:29:47.001,23270,23270,23270,2,0
2024-12-24 15:29:47.001,23269,23269,23269,2,-2
2024-12-24 15:29:48.001,23269,23269,23269,2,0
2024-12-24 15:29:53.001,23270,23270,23270,4,4
2024-12-24 15:30:00.001,23268,23268,23268,2,-2
2024-12-24 15:30:00.001,23268,23268,23268,2,0
2024-12-24 15:30:01.001,23269,23269,23269,2,2
2024-12-24 15:30:01.001,23269,23269,23269,2,0
2024-12-24 15:30:01.001,23269,23269,23269,2,0
2024-12-24 15:30:01.001,23269,23269,23269,2,0
2024-12-24 15:30:01.001,23270,23270,23270,2,2
2024-12-24 15:30:01.001,23270,23270,23270,2,0
2024-12-24 15:30:01.001,23270,23270,23270,2,0
2024-12-24 15:30:01.001,23270,23270,23270,2,0
2024-12-24 15:30:02.001,23267,23267,23267,2,-2
2024-12-24 15:30:02.001,23267,23267,23267,2,0
2024-12-24 15:30:02.001,23266,23266,23266,2,-2
2024-12-24 15:30:02.001,23266,23266,23266,2,0
2024-12-24 15:30:02.001,23266,23266,23266,2,0
2024-12-24 15:30:02.001,23266,23266,23266,2,0
2024-12-24 15:30:02.001,23266,23266,23266,2,0
2024-12-24 15:30:02.001,23266,23266,23266,2,0
2024-12-24 15:30:05.001,23265,23265,23265,2,-2
2024-12-24 15:30:05.001,23266,23266,23266,6,6
2024-12-24 15:30:05.001,23264,23264,23264,2,-2
2024-12-24 15:30:05.001,23264,23264,23264,2,0
2024-12-24 15:30:11.001,23266,23266,23266,2,2
2024-12-24 15:30:13.001,23264,23264,23264,2,-2
2024-12-24 15:30:15.001,23267,23267,23267,2,2
2024-12-24 15:30:17.001,23265,23265,23265,2,-2
2024-12-24 15:30:19.001,23265,23265,23265,2,0
2024-12-24 15:30:19.001,23265,23265,23265,2,0
2024-12-24 15:30:19.001,23266,23266,23266,2,2
2024-12-24 15:30:19.001,23266,23266,23266,2,0
2024-12-24 15:30:20.001,23267,23267,23267,4,4
2024-12-24 15:30:21.001,23264,23264,23264,2,-2
2024-12-24 15:30:21.001,23264,23264,23264,2,0
2024-12-24 15:30:23.001,23264,23264,23264,2,0
2024-12-24 15:30:23.001,23264,23264,23264,2,0
2024-12-24 15:30:24.001,23266,23266,23266,4,4
2024-12-24 15:30:24.001,23267,23267,23267,12,12
2024-12-24 15:30:24.001,23268,23268,23268,2,2
2024-12-24 15:30:29.001,23269,23269,23269,2,2
2024-12-24 15:30:34.001,23267,23267,23267,2,-2
2024-12-24 15:30:34.001,23269,23269,23269,2,2
2024-12-24 15:30:34.001,23269,23269,23269,2,0
2024-12-24 15:30:34.001,23269,23269,23269,2,0
2024-12-24 15:30:34.001,23270,23270,23270,2,2
2024-12-24 15:30:34.001,23270,23270,23270,2,0
2024-12-24 15:30:38.001,23268,23268,23268,2,-2
2024-12-24 15:30:41.001,23266,23266,23266,2,-2
2024-12-24 15:30:41.001,23266,23266,23266,2,0
2024-12-24 15:30:41.001,23267,23267,23267,2,2
2024-12-24 15:30:41.001,23267,23267,23267,2,0
2024-12-24 15:30:41.001,23267,23267,23267,2,0
2024-12-24 15:30:41.001,23268,23268,23268,2,2
2024-12-24 15:30:41.001,23268,23268,23268,2,0
2024-12-24 15:30:42.001,23266,23266,23266,2,-2
2024-12-24 15:30:44.001,23267,23267,23267,2,2
2024-12-24 15:30:47.001,23267,23267,23267,6,0
2024-12-24 15:30:58.001,23265,23265,23265,2,-2
2024-12-24 15:30:58.001,23265,23265,23265,2,0
2024-12-24 15:31:00.001,23265,23265,23265,2,0
2024-12-24 15:31:00.001,23267,23267,23267,2,2
2024-12-24 15:31:03.001,23265,23265,23265,2,-2
2024-12-24 15:31:03.001,23266,23266,23266,2,2
2024-12-24 15:31:03.001,23266,23266,23266,2,0
2024-12-24 15:31:03.001,23267,23267,23267,2,2
2024-12-24 15:31:31.001,23264,23264,23264,2,-2
2024-12-24 15:31:31.001,23264,23264,23264,2,0
2024-12-24 15:31:31.001,23264,23264,23264,2,0
2024-12-24 15:31:31.001,23264,23264,23264,6,0
2024-12-24 15:31:32.001,23265,23265,23265,4,4
2024-12-24 15:31:32.001,23266,23266,23266,2,2
2024-12-24 15:31:32.001,23266,23266,23266,2,0
2024-12-24 15:31:33.001,23265,23265,23265,2,-2
2024-12-24 15:31:33.001,23265,23265,23265,2,0
2024-12-24 15:31:33.001,23265,23265,23265,2,0
2024-12-24 15:31:33.001,23265,23265,23265,2,0
2024-12-24 15:31:42.001,23263,23263,23263,2,-2
2024-12-24 15:31:46.001,23263,23263,23263,2,0
2024-12-24 15:31:46.001,23265,23265,23265,2,2
2024-12-24 15:31:46.001,23265,23265,23265,2,0
2024-12-24 15:31:59.001,23265,23265,23265,2,0
2024-12-24 15:31:59.001,23266,23266,23266,2,2
2024-12-24 15:31:59.001,23266,23266,23266,2,0
2024-12-24 15:31:59.001,23265,23265,23265,2,-2
2024-12-24 15:32:00.001,23266,23266,23266,2,2
2024-12-24 15:32:01.001,23265,23265,23265,2,-2
2024-12-24 15:32:01.001,23265,23265,23265,2,0
2024-12-24 15:32:01.001,23265,23265,23265,2,0
2024-12-24 15:32:01.001,23264,23264,23264,2,-2
2024-12-24 15:32:01.001,23264,23264,23264,2,0
2024-12-24 15:32:05.001,23265,23265,23265,2,2
2024-12-24 15:32:08.001,23265,23265,23265,2,0
2024-12-24 15:32:16.001,23265,23265,23265,2,0
2024-12-24 15:32:16.001,23264,23264,23264,2,-2
2024-12-24 15:32:21.001,23264,23264,23264,2,0
2024-12-24 15:32:24.001,23263,23263,23263,2,-2
2024-12-24 15:32:24.001,23263,23263,23263,2,0
2024-12-24 15:32:24.001,23263,23263,23263,2,0
2024-12-24 15:32:24.001,23263,23263,23263,12,0
2024-12-24 15:32:26.001,23262,23262,23262,2,-2
2024-12-24 15:32:30.001,23262,23262,23262,2,0
2024-12-24 15:32:30.001,23262,23262,23262,2,0
2024-12-24 15:32:30.001,23263,23263,23263,2,2
2024-12-24 15:32:35.001,23262,23262,23262,2,-2
2024-12-24 15:32:35.001,23262,23262,23262,2,0
2024-12-24 15:32:35.001,23262,23262,23262,2,0
2024-12-24 15:32:35.001,23262,23262,23262,2,0
2024-12-24 15:32:35.001,23261,23261,23261,6,-6
2024-12-24 15:32:38.001,23261,23261,23261,4,0
2024-12-24 15:32:38.001,23260,23260,23260,2,-2
2024-12-24 15:32:38.001,23260,23260,23260,2,0
2024-12-24 15:32:38.001,23260,23260,23260,2,0
2024-12-24 15:32:41.001,23260,23260,23260,4,0
2024-12-24 15:32:44.001,23261,23261,23261,2,2
2024-12-24 15:32:44.001,23260,23260,23260,4,-4
2024-12-24 15:32:44.001,23260,23260,23260,2,0
2024-12-24 15:32:44.001,23260,23260,23260,2,0
2024-12-24 15:32:45.001,23260,23260,23260,2,0
2024-12-24 15:32:45.001,23260,23260,23260,2,0
2024-12-24 15:32:45.001,23260,23260,23260,8,0
2024-12-24 15:32:45.001,23260,23260,23260,2,0
2024-12-24 15:32:45.001,23259,23259,23259,2,-2
2024-12-24 15:32:46.001,23259,23259,23259,2,0
2024-12-24 15:32:50.001,23259,23259,23259,2,0
2024-12-24 15:32:50.001,23258,23258,23258,2,-2
2024-12-24 15:32:51.001,23258,23258,23258,2,0
2024-12-24 15:32:52.001,23259,23259,23259,2,2
2024-12-24 15:32:53.001,23258,23258,23258,2,-2
2024-12-24 15:32:54.001,23260,23260,23260,4,4
2024-12-24 15:32:57.001,23259,23259,23259,2,-2
2024-12-24 15:32:57.001,23258,23258,23258,2,-2
2024-12-24 15:32:57.001,23258,23258,23258,2,0
2024-12-24 15:32:57.001,23257,23257,23257,2,-2
2024-12-24 15:32:57.001,23257,23257,23257,2,0
2024-12-24 15:32:57.001,23257,23257,23257,2,0
2024-12-24 15:32:57.001,23257,23257,23257,2,0
2024-12-24 15:32:57.001,23257,23257,23257,2,0
2024-12-24 15:32:57.001,23257,23257,23257,2,0
2024-12-24 15:32:57.001,23257,23257,23257,2,0
2024-12-24 15:32:57.001,23257,23257,23257,2,0
2024-12-24 15:32:57.001,23257,23257,23257,2,0
2024-12-24 15:32:57.001,23257,23257,23257,4,0
2024-12-24 15:32:57.001,23257,23257,23257,2,0
2024-12-24 15:32:57.001,23257,23257,23257,2,0
2024-12-24 15:32:57.001,23258,23258,23258,2,2
2024-12-24 15:32:58.001,23258,23258,23258,2,0
2024-12-24 15:33:02.001,23258,23258,23258,2,0
2024-12-24 15:33:02.001,23259,23259,23259,2,2
2024-12-24 15:33:04.001,23257,23257,23257,2,-2
2024-12-24 15:33:04.001,23256,23256,23256,2,-2
2024-12-24 15:33:04.001,23258,23258,23258,2,2
2024-12-24 15:33:06.001,23258,23258,23258,2,0
2024-12-24 15:33:06.001,23259,23259,23259,4,4
2024-12-24 15:33:10.001,23257,23257,23257,2,-2
2024-12-24 15:33:10.001,23259,23259,23259,8,8
2024-12-24 15:33:14.001,23260,23260,23260,2,2
2024-12-24 15:33:14.001,23260,23260,23260,4,0
2024-12-24 15:33:14.001,23260,23260,23260,2,0
2024-12-24 15:33:15.001,23259,23259,23259,2,-2
2024-12-24 15:33:16.001,23259,23259,23259,2,0
2024-12-24 15:33:17.001,23261,23261,23261,2,2
2024-12-24 15:33:23.001,23261,23261,23261,2,0
2024-12-24 15:33:23.001,23261,23261,23261,2,0
2024-12-24 15:33:23.001,23261,23261,23261,2,0
2024-12-24 15:33:23.001,23261,23261,23261,2,0
2024-12-24 15:33:32.001,23261,23261,23261,2,0
2024-12-24 15:33:32.001,23261,23261,23261,2,0
2024-12-24 15:33:33.001,23260,23260,23260,2,-2
2024-12-24 15:33:33.001,23261,23261,23261,2,2
2024-12-24 15:33:38.001,23259,23259,23259,2,-2
2024-12-24 15:33:41.001,23258,23258,23258,2,-2
2024-12-24 15:33:43.001,23258,23258,23258,2,0
2024-12-24 15:33:43.001,23258,23258,23258,2,0
2024-12-24 15:33:51.001,23258,23258,23258,4,0
2024-12-24 15:34:03.001,23256,23256,23256,2,-2
2024-12-24 15:34:04.001,23257,23257,23257,2,2
2024-12-24 15:34:05.001,23258,23258,23258,2,2
2024-12-24 15:34:05.001,23258,23258,23258,6,0
2024-12-24 15:34:05.001,23258,23258,23258,2,0
2024-12-24 15:34:06.001,23259,23259,23259,2,2
2024-12-24 15:34:14.001,23258,23258,23258,2,-2
2024-12-24 15:34:14.001,23258,23258,23258,2,0
2024-12-24 15:34:43.001,23259,23259,23259,2,2
2024-12-24 15:34:49.001,23260,23260,23260,2,2
2024-12-24 15:35:04.001,23259,23259,23259,4,-4
2024-12-24 15:35:15.001,23258,23258,23258,2,-2
2024-12-24 15:35:15.001,23258,23258,23258,2,0
2024-12-24 15:35:16.001,23259,23259,23259,2,2
2024-12-24 15:35:16.001,23260,23260,23260,20,20
2024-12-24 15:35:17.001,23259,23259,23259,2,-2
2024-12-24 15:35:17.001,23259,23259,23259,2,0
2024-12-24 15:35:17.001,23259,23259,23259,2,0
2024-12-24 15:35:17.001,23258,23258,23258,2,-2
2024-12-24 15:35:17.001,23258,23258,23258,2,0
2024-12-24 15:35:18.001,23260,23260,23260,2,2
2024-12-24 15:35:19.001,23259,23259,23259,4,-4
2024-12-24 15:35:37.001,23259,23259,23259,2,0
2024-12-24 15:35:43.001,23260,23260,23260,2,2
2024-12-24 15:35:48.001,23259,23259,23259,2,-2
2024-12-24 15:36:00.001,23259,23259,23259,2,0
2024-12-24 15:36:11.001,23260,23260,23260,2,2
2024-12-24 15:36:11.001,23261,23261,23261,4,4
2024-12-24 15:36:14.001,23262,23262,23262,6,6
2024-12-24 15:36:17.001,23261,23261,23261,2,-2
2024-12-24 15:36:20.001,23261,23261,23261,2,0
2024-12-24 15:36:26.001,23261,23261,23261,2,0
2024-12-24 15:36:29.001,23260,23260,23260,2,-2
2024-12-24 15:36:29.001,23260,23260,23260,2,0
2024-12-24 15:36:34.001,23261,23261,23261,2,2
2024-12-24 15:36:34.001,23261,23261,23261,2,0
2024-12-24 15:36:34.001,23261,23261,23261,2,0
2024-12-24 15:36:34.001,23262,23262,23262,2,2
2024-12-24 15:36:34.001,23263,23263,23263,2,2
2024-12-24 15:36:34.001,23264,23264,23264,4,4
2024-12-24 15:36:34.001,23264,23264,23264,2,0
2024-12-24 15:36:39.001,23261,23261,23261,2,-2
2024-12-24 15:36:39.001,23261,23261,23261,2,0
2024-12-24 15:37:05.001,23263,23263,23263,2,2
2024-12-24 15:37:09.001,23262,23262,23262,4,-4
2024-12-24 15:37:09.001,23261,23261,23261,2,-2
2024-12-24 15:37:09.001,23261,23261,23261,2,0
2024-12-24 15:37:12.001,23260,23260,23260,2,-2
2024-12-24 15:37:12.001,23260,23260,23260,2,0
2024-12-24 15:37:16.001,23260,23260,23260,2,0
2024-12-24 15:37:17.001,23261,23261,23261,2,2
2024-12-24 15:37:22.001,23261,23261,23261,2,0
2024-12-24 15:37:26.001,23261,23261,23261,4,0
2024-12-24 15:37:26.001,23261,23261,23261,6,0
2024-12-24 15:37:26.001,23260,23260,23260,2,-2
2024-12-24 15:37:27.001,23259,23259,23259,2,-2
2024-12-24 15:37:29.001,23261,23261,23261,2,2
2024-12-24 15:38:01.001,23259,23259,23259,2,-2
2024-12-24 15:38:01.001,23259,23259,23259,4,0
2024-12-24 15:38:01.001,23259,23259,23259,2,0
2024-12-24 15:38:01.001,23259,23259,23259,2,0
2024-12-24 15:38:12.001,23258,23258,23258,12,-12
2024-12-24 15:38:12.001,23258,23258,23258,2,0
2024-12-24 15:38:13.001,23258,23258,23258,2,0
2024-12-24 15:38:33.001,23257,23257,23257,2,-2
2024-12-24 15:39:19.001,23258,23258,23258,2,2
2024-12-24 15:39:22.001,23257,23257,23257,2,-2
2024-12-24 15:39:22.001,23256,23256,23256,2,-2
2024-12-24 15:39:22.001,23256,23256,23256,2,0
2024-12-24 15:39:32.001,23258,23258,23258,2,2
2024-12-24 15:39:49.001,23259,23259,23259,4,4
2024-12-24 15:39:49.001,23260,23260,23260,2,2
2024-12-24 15:39:49.001,23260,23260,23260,2,0
2024-12-24 15:39:52.001,23259,23259,23259,2,-2
2024-12-24 15:40:02.001,23260,23260,23260,2,2
2024-12-24 15:40:02.001,23258,23258,23258,2,-2
2024-12-24 15:40:03.001,23260,23260,23260,2,2
2024-12-24 15:40:24.001,23259,23259,23259,2,-2
2024-12-24 15:40:41.001,23260,23260,23260,2,2
2024-12-24 15:40:41.001,23260,23260,23260,12,0
2024-12-24 15:40:47.001,23263,23263,23263,2,2
2024-12-24 15:40:54.001,23262,23262,23262,2,-2
2024-12-24 15:41:11.001,23262,23262,23262,2,0
2024-12-24 15:41:11.001,23263,23263,23263,2,2
2024-12-24 15:41:11.001,23264,23264,23264,2,2
2024-12-24 15:41:11.001,23264,23264,23264,2,0
2024-12-24 15:41:11.001,23264,23264,23264,2,0
2024-12-24 15:41:11.001,23264,23264,23264,2,0
2024-12-24 15:41:11.001,23264,23264,23264,6,0
2024-12-24 15:41:21.001,23265,23265,23265,6,6
2024-12-24 15:41:21.001,23265,23265,23265,2,0
2024-12-24 15:41:21.001,23264,23264,23264,2,-2
2024-12-24 15:41:21.001,23265,23265,23265,2,2
2024-12-24 15:41:21.001,23266,23266,23266,2,2
2024-12-24 15:41:21.001,23266,23266,23266,2,0
2024-12-24 15:41:21.001,23266,23266,23266,2,0
2024-12-24 15:41:27.001,23264,23264,23264,14,-14
2024-12-24 15:41:27.001,23264,23264,23264,2,0
2024-12-24 15:41:27.001,23264,23264,23264,2,0
2024-12-24 15:41:27.001,23264,23264,23264,2,0
2024-12-24 15:41:27.001,23265,23265,23265,2,2
2024-12-24 15:41:27.001,23265,23265,23265,2,0
2024-12-24 15:41:28.001,23265,23265,23265,2,0
2024-12-24 15:41:28.001,23265,23265,23265,2,0
2024-12-24 15:41:28.001,23266,23266,23266,2,2
2024-12-24 15:41:28.001,23266,23266,23266,2,0
2024-12-24 15:41:37.001,23265,23265,23265,2,-2
2024-12-24 15:41:37.001,23265,23265,23265,2,0
2024-12-24 15:41:40.001,23266,23266,23266,2,2
2024-12-24 15:41:41.001,23266,23266,23266,2,0
2024-12-24 15:41:49.001,23265,23265,23265,2,-2
2024-12-24 15:41:52.001,23265,23265,23265,2,0
2024-12-24 15:41:52.001,23266,23266,23266,2,2
2024-12-24 15:41:54.001,23265,23265,23265,2,-2
2024-12-24 15:41:58.001,23267,23267,23267,2,2
2024-12-24 15:42:00.001,23265,23265,23265,2,-2
2024-12-24 15:42:01.001,23267,23267,23267,2,2
2024-12-24 15:42:01.001,23267,23267,23267,2,0
2024-12-24 15:42:01.001,23267,23267,23267,2,0
2024-12-24 15:42:11.001,23266,23266,23266,2,-2
2024-12-24 15:42:23.001,23266,23266,23266,2,0
2024-12-24 15:42:23.001,23268,23268,23268,2,2
2024-12-24 15:42:23.001,23268,23268,23268,2,0
2024-12-24 15:42:23.001,23267,23267,23267,2,-2
2024-12-24 15:42:23.001,23267,23267,23267,2,0
2024-12-24 15:42:40.001,23266,23266,23266,4,-4
2024-12-24 15:42:40.001,23267,23267,23267,2,2
2024-12-24 15:42:40.001,23267,23267,23267,2,0
2024-12-24 15:42:46.001,23267,23267,23267,2,0
2024-12-24 15:42:46.001,23267,23267,23267,2,0
2024-12-24 15:42:46.001,23267,23267,23267,2,0
2024-12-24 15:42:46.001,23267,23267,23267,2,0
2024-12-24 15:42:46.001,23267,23267,23267,2,0
2024-12-24 15:42:46.001,23267,23267,23267,2,0
2024-12-24 15:42:46.001,23268,23268,23268,2,2
2024-12-24 15:42:53.001,23266,23266,23266,2,-2
2024-12-24 15:42:53.001,23267,23267,23267,2,2
2024-12-24 15:42:53.001,23267,23267,23267,2,0
2024-12-24 15:42:59.001,23267,23267,23267,2,0
2024-12-24 15:43:00.001,23265,23265,23265,2,-2
2024-12-24 15:43:00.001,23267,23267,23267,2,2
2024-12-24 15:43:03.001,23266,23266,23266,2,-2
2024-12-24 15:43:03.001,23267,23267,23267,6,6
2024-12-24 15:43:03.001,23267,23267,23267,4,0
2024-12-24 15:43:05.001,23265,23265,23265,2,-2
2024-12-24 15:43:10.001,23265,23265,23265,2,0
2024-12-24 15:43:10.001,23265,23265,23265,2,0
2024-12-24 15:43:10.001,23265,23265,23265,2,0
2024-12-24 15:43:10.001,23265,23265,23265,8,0
2024-12-24 15:43:10.001,23265,23265,23265,2,0
2024-12-24 15:43:10.001,23265,23265,23265,2,0
2024-12-24 15:43:11.001,23265,23265,23265,8,0
2024-12-24 15:43:11.001,23266,23266,23266,2,2
2024-12-24 15:43:15.001,23263,23263,23263,2,-2
2024-12-24 15:43:15.001,23263,23263,23263,2,0
2024-12-24 15:43:15.001,23262,23262,23262,2,-2
2024-12-24 15:43:15.001,23262,23262,23262,2,0
2024-12-24 15:43:16.001,23261,23261,23261,2,-2
2024-12-24 15:43:17.001,23262,23262,23262,2,2
2024-12-24 15:43:24.001,23262,23262,23262,2,0
2024-12-24 15:43:24.001,23262,23262,23262,2,0
2024-12-24 15:43:27.001,23263,23263,23263,4,4
2024-12-24 15:43:43.001,23263,23263,23263,2,0
2024-12-24 15:43:43.001,23263,23263,23263,2,0
2024-12-24 15:43:58.001,23263,23263,23263,2,0
2024-12-24 15:43:58.001,23264,23264,23264,2,2
2024-12-24 15:43:58.001,23264,23264,23264,2,0
2024-12-24 15:44:14.001,23263,23263,23263,2,-2
2024-12-24 15:44:26.001,23263,23263,23263,2,0
2024-12-24 15:44:27.001,23263,23263,23263,2,0
2024-12-24 15:44:37.001,23263,23263,23263,2,0
2024-12-24 15:44:55.001,23264,23264,23264,2,2
2024-12-24 15:45:01.001,23263,23263,23263,2,-2
2024-12-24 15:45:01.001,23263,23263,23263,2,0
2024-12-24 15:45:02.001,23262,23262,23262,2,-2
2024-12-24 15:45:02.001,23262,23262,23262,2,0
2024-12-24 15:45:08.001,23261,23261,23261,2,-2
2024-12-24 15:45:08.001,23260,23260,23260,2,-2
2024-12-24 15:45:08.001,23260,23260,23260,2,0
2024-12-24 15:45:08.001,23260,23260,23260,2,0
2024-12-24 15:45:08.001,23260,23260,23260,2,0
2024-12-24 15:45:09.001,23260,23260,23260,2,0
2024-12-24 15:45:15.001,23260,23260,23260,2,0
2024-12-24 15:45:15.001,23260,23260,23260,2,0
2024-12-24 15:45:20.001,23262,23262,23262,2,2
2024-12-24 15:45:29.001,23263,23263,23263,4,4
2024-12-24 15:45:50.001,23260,23260,23260,2,-2
2024-12-24 15:45:50.001,23260,23260,23260,2,0
2024-12-24 15:45:55.001,23262,23262,23262,2,2
2024-12-24 15:45:55.001,23263,23263,23263,2,2
2024-12-24 15:45:59.001,23261,23261,23261,2,-2
2024-12-24 15:46:24.001,23261,23261,23261,4,0
2024-12-24 15:46:27.001,23260,23260,23260,2,-2
2024-12-24 15:46:27.001,23260,23260,23260,2,0
2024-12-24 15:46:27.001,23260,23260,23260,2,0
2024-12-24 15:46:27.001,23261,23261,23261,2,2
2024-12-24 15:46:27.001,23261,23261,23261,2,0
2024-12-24 15:46:27.001,23262,23262,23262,2,2
2024-12-24 15:46:27.001,23262,23262,23262,2,0
2024-12-24 15:46:27.001,23262,23262,23262,2,0
2024-12-24 15:46:27.001,23263,23263,23263,8,8
2024-12-24 15:46:32.001,23264,23264,23264,2,2
2024-12-24 15:46:32.001,23265,23265,23265,2,2
2024-12-24 15:46:32.001,23265,23265,23265,2,0
2024-12-24 15:46:32.001,23265,23265,23265,2,0
2024-12-24 15:46:32.001,23265,23265,23265,2,0
2024-12-24 15:46:32.001,23265,23265,23265,2,0
2024-12-24 15:46:32.001,23265,23265,23265,2,0
2024-12-24 15:46:32.001,23266,23266,23266,2,2
2024-12-24 15:46:32.001,23266,23266,23266,2,0
2024-12-24 15:46:32.001,23266,23266,23266,2,0
2024-12-24 15:46:32.001,23266,23266,23266,2,0
2024-12-24 15:46:32.001,23266,23266,23266,2,0
2024-12-24 15:46:32.001,23265,23265,23265,2,-2
2024-12-24 15:46:32.001,23265,23265,23265,2,0
2024-12-24 15:46:32.001,23267,23267,23267,2,2
2024-12-24 15:46:33.001,23263,23263,23263,2,-2
2024-12-24 15:46:33.001,23263,23263,23263,2,0
2024-12-24 15:46:46.001,23263,23263,23263,2,0
2024-12-24 15:46:52.001,23261,23261,23261,2,-2
2024-12-24 15:46:52.001,23261,23261,23261,2,0
2024-12-24 15:46:52.001,23263,23263,23263,2,2
2024-12-24 15:46:52.001,23263,23263,23263,2,0
2024-12-24 15:46:52.001,23264,23264,23264,2,2
2024-12-24 15:46:52.001,23264,23264,23264,2,0
2024-12-24 15:46:52.001,23264,23264,23264,2,0
2024-12-24 15:46:52.001,23264,23264,23264,2,0
2024-12-24 15:46:52.001,23264,23264,23264,2,0
2024-12-24 15:46:52.001,23264,23264,23264,10,0
2024-12-24 15:46:52.001,23265,23265,23265,2,2
2024-12-24 15:46:52.001,23265,23265,23265,2,0
2024-12-24 15:46:52.001,23265,23265,23265,2,0
2024-12-24 15:46:52.001,23266,23266,23266,2,2
2024-12-24 15:46:52.001,23266,23266,23266,6,0
2024-12-24 15:46:52.001,23266,23266,23266,2,0
2024-12-24 15:46:52.001,23266,23266,23266,2,0
2024-12-24 15:46:52.001,23266,23266,23266,2,0
2024-12-24 15:46:52.001,23264,23264,23264,2,-2
2024-12-24 15:46:52.001,23266,23266,23266,2,2
2024-12-24 15:46:52.001,23264,23264,23264,2,-2
2024-12-24 15:46:52.001,23263,23263,23263,2,-2
2024-12-24 15:46:52.001,23262,23262,23262,2,-2
2024-12-24 15:46:53.001,23262,23262,23262,2,0
2024-12-24 15:46:56.001,23263,23263,23263,2,2
2024-12-24 15:46:56.001,23263,23263,23263,2,0
2024-12-24 15:47:04.001,23262,23262,23262,2,-2
2024-12-24 15:47:04.001,23264,23264,23264,2,2
2024-12-24 15:47:25.001,23264,23264,23264,2,0
2024-12-24 15:48:16.001,23263,23263,23263,2,-2
2024-12-24 15:48:16.001,23262,23262,23262,2,-2
2024-12-24 15:48:16.001,23262,23262,23262,2,0
2024-12-24 15:48:18.001,23262,23262,23262,2,0
2024-12-24 15:48:19.001,23261,23261,23261,2,-2
2024-12-24 15:48:25.001,23261,23261,23261,2,0
2024-12-24 15:48:27.001,23261,23261,23261,2,0
2024-12-24 15:48:27.001,23261,23261,23261,4,0
2024-12-24 15:48:27.001,23261,23261,23261,4,0
2024-12-24 15:48:28.001,23261,23261,23261,4,0
2024-12-24 15:48:35.001,23260,23260,23260,2,-2
2024-12-24 15:48:38.001,23259,23259,23259,2,-2
2024-12-24 15:49:01.001,23258,23258,23258,2,-2
2024-12-24 15:49:01.001,23258,23258,23258,2,0
2024-12-24 15:49:01.001,23258,23258,23258,2,0
2024-12-24 15:49:13.001,23257,23257,23257,2,-2
2024-12-24 15:49:13.001,23257,23257,23257,2,0
2024-12-24 15:49:19.001,23257,23257,23257,2,0
2024-12-24 15:49:20.001,23256,23256,23256,4,-4
2024-12-24 15:49:20.001,23256,23256,23256,2,0
2024-12-24 15:49:20.001,23256,23256,23256,2,0
2024-12-24 15:49:21.001,23256,23256,23256,2,0
2024-12-24 15:49:21.001,23255,23255,23255,2,-2
2024-12-24 15:49:21.001,23255,23255,23255,2,0
2024-12-24 15:49:22.001,23256,23256,23256,2,2
2024-12-24 15:49:28.001,23255,23255,23255,2,-2
2024-12-24 15:49:28.001,23255,23255,23255,2,0
2024-12-24 15:49:28.001,23255,23255,23255,2,0
2024-12-24 15:49:41.001,23256,23256,23256,2,2
2024-12-24 15:49:41.001,23256,23256,23256,2,0
2024-12-24 15:49:41.001,23255,23255,23255,2,-2
2024-12-24 15:49:41.001,23255,23255,23255,2,0
2024-12-24 15:49:41.001,23255,23255,23255,2,0
2024-12-24 15:49:41.001,23255,23255,23255,2,0
2024-12-24 15:49:41.001,23254,23254,23254,2,-2
2024-12-24 15:49:41.001,23254,23254,23254,4,0
2024-12-24 15:49:41.001,23254,23254,23254,2,0
2024-12-24 15:49:41.001,23254,23254,23254,2,0
2024-12-24 15:49:41.001,23254,23254,23254,2,0
2024-12-24 15:49:54.001,23256,23256,23256,2,2
2024-12-24 15:49:55.001,23254,23254,23254,2,-2
2024-12-24 15:49:56.001,23254,23254,23254,2,0
2024-12-24 15:49:56.001,23254,23254,23254,2,0
2024-12-24 15:50:00.001,23256,23256,23256,2,2
2024-12-24 15:50:01.001,23255,23255,23255,2,-2
2024-12-24 15:50:04.001,23257,23257,23257,2,2
2024-12-24 15:50:05.001,23257,23257,23257,2,0
2024-12-24 15:50:22.001,23256,23256,23256,2,-2
2024-12-24 15:50:23.001,23256,23256,23256,2,0
2024-12-24 15:50:23.001,23257,23257,23257,2,2
2024-12-24 15:50:23.001,23258,23258,23258,8,8
2024-12-24 15:50:24.001,23259,23259,23259,2,2
2024-12-24 15:50:24.001,23259,23259,23259,4,0
2024-12-24 15:50:26.001,23257,23257,23257,2,-2
2024-12-24 15:50:33.001,23257,23257,23257,2,0
2024-12-24 15:50:47.001,23257,23257,23257,2,0
2024-12-24 15:50:52.001,23259,23259,23259,2,2
2024-12-24 15:50:52.001,23259,23259,23259,2,0
2024-12-24 15:50:52.001,23260,23260,23260,2,2
2024-12-24 15:50:55.001,23259,23259,23259,2,-2
2024-12-24 15:50:57.001,23257,23257,23257,2,-2
2024-12-24 15:50:59.001,23257,23257,23257,2,0
2024-12-24 15:50:59.001,23257,23257,23257,2,0
2024-12-24 15:51:08.001,23257,23257,23257,4,0
2024-12-24 15:51:08.001,23258,23258,23258,2,2
2024-12-24 15:51:08.001,23261,23261,23261,2,2
2024-12-24 15:51:08.001,23262,23262,23262,2,2
2024-12-24 15:51:08.001,23262,23262,23262,2,0
2024-12-24 15:51:29.001,23261,23261,23261,2,-2
2024-12-24 15:51:29.001,23261,23261,23261,2,0
2024-12-24 15:51:29.001,23261,23261,23261,2,0
2024-12-24 15:51:32.001,23258,23258,23258,2,-2
2024-12-24 15:51:32.001,23258,23258,23258,2,0
2024-12-24 15:51:32.001,23257,23257,23257,2,-2
2024-12-24 15:51:32.001,23259,23259,23259,2,2
2024-12-24 15:51:32.001,23259,23259,23259,2,0
2024-12-24 15:51:32.001,23260,23260,23260,2,2
2024-12-24 15:51:32.001,23260,23260,23260,2,0
2024-12-24 15:51:32.001,23260,23260,23260,2,0
2024-12-24 15:51:32.001,23261,23261,23261,2,2
2024-12-24 15:51:32.001,23261,23261,23261,2,0
2024-12-24 15:51:34.001,23262,23262,23262,2,2
2024-12-24 15:51:42.001,23262,23262,23262,4,0
2024-12-24 15:51:50.001,23262,23262,23262,2,0
2024-12-24 15:51:51.001,23262,23262,23262,2,0
2024-12-24 15:51:51.001,23262,23262,23262,2,0
2024-12-24 15:51:51.001,23263,23263,23263,2,2
2024-12-24 15:51:51.001,23264,23264,23264,2,2
2024-12-24 15:51:54.001,23261,23261,23261,2,-2
2024-12-24 15:51:54.001,23261,23261,23261,2,0
2024-12-24 15:52:04.001,23262,23262,23262,2,2
2024-12-24 15:52:04.001,23262,23262,23262,2,0
2024-12-24 15:52:04.001,23263,23263,23263,2,2
2024-12-24 15:52:04.001,23264,23264,23264,2,2
2024-12-24 15:52:05.001,23261,23261,23261,2,-2
2024-12-24 15:52:05.001,23263,23263,23263,2,2
2024-12-24 15:52:05.001,23264,23264,23264,2,2
2024-12-24 15:52:30.001,23261,23261,23261,2,-2
2024-12-24 15:52:42.001,23259,23259,23259,2,-2
2024-12-24 15:52:43.001,23259,23259,23259,2,0
2024-12-24 15:52:43.001,23260,23260,23260,2,2
2024-12-24 15:52:43.001,23260,23260,23260,2,0
2024-12-24 15:52:43.001,23260,23260,23260,2,0
2024-12-24 15:52:43.001,23260,23260,23260,2,0
2024-12-24 15:52:43.001,23260,23260,23260,2,0
2024-12-24 15:52:43.001,23261,23261,23261,2,2
2024-12-24 15:52:43.001,23261,23261,23261,2,0
2024-12-24 15:52:43.001,23262,23262,23262,2,2
2024-12-24 15:52:43.001,23262,23262,23262,2,0
2024-12-24 15:52:43.001,23262,23262,23262,2,0
2024-12-24 15:52:47.001,23262,23262,23262,2,0
2024-12-24 15:53:14.001,23262,23262,23262,10,0
2024-12-24 15:53:14.001,23263,23263,23263,2,2
2024-12-24 15:53:15.001,23262,23262,23262,2,-2
2024-12-24 15:53:15.001,23261,23261,23261,2,-2
2024-12-24 15:53:20.001,23261,23261,23261,2,0
2024-12-24 15:53:48.001,23257,23257,23257,2,-2
2024-12-24 15:53:48.001,23257,23257,23257,2,0
2024-12-24 15:53:48.001,23257,23257,23257,4,0
2024-12-24 15:53:50.001,23256,23256,23256,4,-4
2024-12-24 15:53:50.001,23256,23256,23256,4,0
2024-12-24 15:53:50.001,23256,23256,23256,2,0
2024-12-24 15:53:51.001,23257,23257,23257,2,2
2024-12-24 15:53:55.001,23257,23257,23257,2,0
2024-12-24 15:54:03.001,23257,23257,23257,2,0
2024-12-24 15:54:05.001,23259,23259,23259,2,2
2024-12-24 15:54:05.001,23257,23257,23257,2,-2
2024-12-24 15:54:15.001,23257,23257,23257,2,0
2024-12-24 15:54:20.001,23256,23256,23256,2,-2
2024-12-24 15:54:29.001,23256,23256,23256,2,0
2024-12-24 15:54:29.001,23256,23256,23256,2,0
2024-12-24 15:54:33.001,23256,23256,23256,2,0
2024-12-24 15:54:40.001,23257,23257,23257,2,2
2024-12-24 15:54:42.001,23256,23256,23256,2,-2
2024-12-24 15:54:55.001,23257,23257,23257,2,2
2024-12-24 15:55:03.001,23255,23255,23255,2,-2
2024-12-24 15:55:03.001,23258,23258,23258,2,2
2024-12-24 15:55:03.001,23259,23259,23259,2,2
2024-12-24 15:55:04.001,23260,23260,23260,2,2
2024-12-24 15:55:04.001,23260,23260,23260,2,0
2024-12-24 15:55:04.001,23260,23260,23260,2,0
2024-12-24 15:55:04.001,23260,23260,23260,2,0
2024-12-24 15:55:04.001,23261,23261,23261,2,2
2024-12-24 15:55:10.001,23260,23260,23260,2,-2
2024-12-24 15:55:13.001,23258,23258,23258,2,-2
2024-12-24 15:55:13.001,23260,23260,23260,2,2
2024-12-24 15:55:23.001,23259,23259,23259,2,-2
2024-12-24 15:55:27.001,23259,23259,23259,2,0
2024-12-24 15:55:27.001,23260,23260,23260,2,2
2024-12-24 15:55:27.001,23261,23261,23261,2,2
2024-12-24 15:55:27.001,23261,23261,23261,2,0
2024-12-24 15:55:27.001,23261,23261,23261,2,0
2024-12-24 15:55:27.001,23261,23261,23261,2,0
2024-12-24 15:55:27.001,23262,23262,23262,2,2
2024-12-24 15:55:38.001,23260,23260,23260,2,-2
2024-12-24 15:55:38.001,23262,23262,23262,2,2
2024-12-24 15:55:38.001,23262,23262,23262,2,0
2024-12-24 15:55:38.001,23262,23262,23262,2,0
2024-12-24 15:55:38.001,23262,23262,23262,2,0
2024-12-24 15:55:38.001,23261,23261,23261,2,-2
2024-12-24 15:55:38.001,23261,23261,23261,2,0
2024-12-24 15:55:43.001,23259,23259,23259,2,-2
2024-12-24 15:55:43.001,23260,23260,23260,2,2
2024-12-24 15:55:44.001,23260,23260,23260,2,0
2024-12-24 15:55:51.001,23259,23259,23259,2,-2
2024-12-24 15:55:52.001,23260,23260,23260,2,2
2024-12-24 15:55:54.001,23258,23258,23258,2,-2
2024-12-24 15:55:58.001,23258,23258,23258,2,0
2024-12-24 15:56:12.001,23257,23257,23257,2,-2
2024-12-24 15:56:29.001,23257,23257,23257,2,0
2024-12-24 15:56:34.001,23256,23256,23256,2,-2
2024-12-24 15:56:43.001,23255,23255,23255,2,-2
2024-12-24 15:56:44.001,23255,23255,23255,2,0
2024-12-24 15:56:44.001,23255,23255,23255,2,0
2024-12-24 15:56:44.001,23254,23254,23254,4,-4
2024-12-24 15:56:44.001,23254,23254,23254,2,0
2024-12-24 15:56:45.001,23253,23253,23253,2,-2
2024-12-24 15:56:45.001,23253,23253,23253,2,0
2024-12-24 15:56:51.001,23253,23253,23253,2,0
2024-12-24 15:56:51.001,23252,23252,23252,2,-2
2024-12-24 15:56:51.001,23252,23252,23252,2,0
2024-12-24 15:56:51.001,23252,23252,23252,2,0
2024-12-24 15:56:51.001,23252,23252,23252,2,0
2024-12-24 15:56:51.001,23252,23252,23252,2,0
2024-12-24 15:56:51.001,23252,23252,23252,2,0
2024-12-24 15:56:51.001,23251,23251,23251,2,-2
2024-12-24 15:56:51.001,23251,23251,23251,2,0
2024-12-24 15:56:51.001,23251,23251,23251,2,0
2024-12-24 15:56:51.001,23251,23251,23251,2,0
2024-12-24 15:56:51.001,23250,23250,23250,2,-2
2024-12-24 15:56:51.001,23250,23250,23250,2,0
2024-12-24 15:56:51.001,23250,23250,23250,2,0
2024-12-24 15:56:51.001,23250,23250,23250,2,0
2024-12-24 15:56:51.001,23250,23250,23250,2,0
2024-12-24 15:56:51.001,23250,23250,23250,2,0
2024-12-24 15:56:53.001,23250,23250,23250,2,0
2024-12-24 15:56:54.001,23250,23250,23250,2,0
2024-12-24 15:56:59.001,23250,23250,23250,2,0
2024-12-24 15:57:09.001,23249,23249,23249,2,-2
2024-12-24 15:57:09.001,23249,23249,23249,4,0
2024-12-24 15:57:09.001,23249,23249,23249,2,0
2024-12-24 15:57:09.001,23249,23249,23249,2,0
2024-12-24 15:57:09.001,23248,23248,23248,2,-2
2024-12-24 15:57:09.001,23248,23248,23248,2,0
2024-12-24 15:57:09.001,23248,23248,23248,2,0
2024-12-24 15:57:09.001,23248,23248,23248,2,0
2024-12-24 15:57:09.001,23248,23248,23248,2,0
2024-12-24 15:57:09.001,23248,23248,23248,2,0
2024-12-24 15:57:10.001,23247,23247,23247,2,-2
2024-12-24 15:57:10.001,23247,23247,23247,2,0
2024-12-24 15:57:10.001,23247,23247,23247,2,0
2024-12-24 15:57:10.001,23247,23247,23247,2,0
2024-12-24 15:57:10.001,23247,23247,23247,2,0
2024-12-24 15:57:11.001,23247,23247,23247,2,0
2024-12-24 15:57:17.001,23246,23246,23246,2,-2
2024-12-24 15:57:17.001,23247,23247,23247,6,6
2024-12-24 15:57:17.001,23248,23248,23248,2,2
2024-12-24 15:57:17.001,23249,23249,23249,2,2
2024-12-24 15:57:19.001,23247,23247,23247,2,-2
2024-12-24 15:57:20.001,23249,23249,23249,2,2
2024-12-24 15:57:23.001,23249,23249,23249,2,0
2024-12-24 15:57:23.001,23249,23249,23249,2,0
2024-12-24 15:57:27.001,23247,23247,23247,2,-2
2024-12-24 15:57:31.001,23247,23247,23247,2,0
2024-12-24 15:57:32.001,23248,23248,23248,2,2
2024-12-24 15:57:37.001,23248,23248,23248,2,0
2024-12-24 15:57:37.001,23247,23247,23247,2,-2
2024-12-24 15:57:37.001,23247,23247,23247,2,0
2024-12-24 15:57:37.001,23247,23247,23247,2,0
2024-12-24 15:57:38.001,23248,23248,23248,2,2
2024-12-24 15:57:44.001,23248,23248,23248,2,0
2024-12-24 15:57:47.001,23249,23249,23249,2,2
2024-12-24 15:57:47.001,23249,23249,23249,2,0
2024-12-24 15:57:49.001,23248,23248,23248,2,-2
2024-12-24 15:57:56.001,23249,23249,23249,2,2
2024-12-24 15:57:56.001,23249,23249,23249,2,0
2024-12-24 15:57:56.001,23248,23248,23248,2,-2
2024-12-24 15:57:56.001,23248,23248,23248,2,0
2024-12-24 15:58:04.001,23249,23249,23249,2,2
2024-12-24 15:58:18.001,23249,23249,23249,2,0
2024-12-24 15:58:20.001,23247,23247,23247,2,-2
2024-12-24 15:58:20.001,23247,23247,23247,2,0
2024-12-24 15:58:21.001,23246,23246,23246,4,-4
2024-12-24 15:58:21.001,23246,23246,23246,2,0
2024-12-24 15:58:21.001,23246,23246,23246,2,0
2024-12-24 15:58:21.001,23246,23246,23246,2,0
2024-12-24 15:58:21.001,23245,23245,23245,2,-2
2024-12-24 15:58:21.001,23245,23245,23245,2,0
2024-12-24 15:58:21.001,23244,23244,23244,2,-2
2024-12-24 15:58:29.001,23244,23244,23244,2,0
2024-12-24 15:58:29.001,23244,23244,23244,2,0
2024-12-24 15:58:29.001,23244,23244,23244,2,0
2024-12-24 15:58:37.001,23245,23245,23245,6,6
2024-12-24 15:58:37.001,23245,23245,23245,6,0
2024-12-24 15:58:37.001,23245,23245,23245,2,0
2024-12-24 15:58:37.001,23244,23244,23244,4,-4
2024-12-24 15:58:41.001,23245,23245,23245,2,2
2024-12-24 15:58:42.001,23246,23246,23246,4,4
2024-12-24 15:58:42.001,23245,23245,23245,2,-2
2024-12-24 15:58:42.001,23244,23244,23244,2,-2
2024-12-24 15:58:45.001,23246,23246,23246,12,12
2024-12-24 15:58:45.001,23246,23246,23246,2,0
2024-12-24 15:58:45.001,23246,23246,23246,6,0
2024-12-24 15:58:45.001,23246,23246,23246,8,0
2024-12-24 15:58:45.001,23248,23248,23248,4,4
2024-12-24 15:59:15.001,23248,23248,23248,2,0
2024-12-24 15:59:20.001,23247,23247,23247,2,-2
2024-12-24 15:59:31.001,23248,23248,23248,8,8
2024-12-24 15:59:50.001,23247,23247,23247,2,-2
2024-12-24 15:59:50.001,23247,23247,23247,2,0
2024-12-24 15:59:53.001,23247,23247,23247,2,0
2024-12-24 15:59:56.001,23248,23248,23248,2,2
2024-12-24 15:59:56.001,23248,23248,23248,2,0
2024-12-24 16:00:02.001,23249,23249,23249,4,4
2024-12-24 16:00:03.001,23247,23247,23247,2,-2
2024-12-24 16:00:04.001,23249,23249,23249,2,2
2024-12-24 16:00:04.001,23249,23249,23249,2,0
2024-12-24 16:00:18.001,23248,23248,23248,2,-2
2024-12-24 16:00:27.001,23247,23247,23247,2,-2
2024-12-24 16:00:27.001,23247,23247,23247,2,0
2024-12-24 16:00:27.001,23246,23246,23246,2,-2
2024-12-24 16:00:27.001,23246,23246,23246,2,0
2024-12-24 16:00:27.001,23245,23245,23245,2,-2
2024-12-24 16:00:27.001,23245,23245,23245,4,0
2024-12-24 16:00:27.001,23245,23245,23245,2,0
2024-12-24 16:00:27.001,23245,23245,23245,2,0
2024-12-24 16:00:27.001,23246,23246,23246,2,2
2024-12-24 16:00:27.001,23246,23246,23246,2,0
2024-12-24 16:00:34.001,23244,23244,23244,2,-2
2024-12-24 16:00:34.001,23246,23246,23246,2,2
2024-12-24 16:00:34.001,23246,23246,23246,2,0
2024-12-24 16:00:34.001,23244,23244,23244,2,-2
2024-12-24 16:00:34.001,23244,23244,23244,2,0
2024-12-24 16:00:34.001,23244,23244,23244,2,0
2024-12-24 16:00:34.001,23244,23244,23244,2,0
2024-12-24 16:00:34.001,23243,23243,23243,2,-2
2024-12-24 16:00:34.001,23243,23243,23243,2,0
2024-12-24 16:00:34.001,23243,23243,23243,2,0
2024-12-24 16:00:37.001,23243,23243,23243,2,0
2024-12-24 16:00:42.001,23243,23243,23243,6,0
2024-12-24 16:00:42.001,23243,23243,23243,2,0
2024-12-24 16:00:42.001,23243,23243,23243,6,0
2024-12-24 16:00:44.001,23245,23245,23245,2,2
2024-12-24 16:00:44.001,23243,23243,23243,2,-2
2024-12-24 16:00:48.001,23243,23243,23243,2,0
2024-12-24 16:00:48.001,23245,23245,23245,2,2
2024-12-24 16:00:49.001,23245,23245,23245,2,0
2024-12-24 16:00:49.001,23246,23246,23246,2,2
2024-12-24 16:00:53.001,23246,23246,23246,2,0
2024-12-24 16:01:08.001,23248,23248,23248,2,2
2024-12-24 16:01:18.001,23249,23249,23249,4,4
2024-12-24 16:01:18.001,23250,23250,23250,2,2
2024-12-24 16:01:18.001,23250,23250,23250,2,0
2024-12-24 16:01:18.001,23250,23250,23250,2,0
2024-12-24 16:01:21.001,23249,23249,23249,2,-2
2024-12-24 16:01:21.001,23250,23250,23250,2,2
2024-12-24 16:01:21.001,23250,23250,23250,2,0
2024-12-24 16:01:21.001,23250,23250,23250,2,0
2024-12-24 16:01:23.001,23251,23251,23251,2,2
2024-12-24 16:01:25.001,23251,23251,23251,2,0
2024-12-24 16:01:25.001,23251,23251,23251,2,0
2024-12-24 16:01:26.001,23251,23251,23251,2,0
2024-12-24 16:01:28.001,23249,23249,23249,2,-2
2024-12-24 16:01:28.001,23251,23251,23251,2,2
2024-12-24 16:01:35.001,23250,23250,23250,4,-4
2024-12-24 16:01:35.001,23250,23250,23250,2,0
2024-12-24 16:01:37.001,23248,23248,23248,2,-2
2024-12-24 16:01:37.001,23250,23250,23250,2,2
2024-12-24 16:01:48.001,23248,23248,23248,2,-2
2024-12-24 16:02:08.001,23251,23251,23251,2,2
2024-12-24 16:02:19.001,23248,23248,23248,2,-2
2024-12-24 16:02:19.001,23248,23248,23248,2,0
2024-12-24 16:02:19.001,23248,23248,23248,2,0
2024-12-24 16:02:19.001,23248,23248,23248,2,0
2024-12-24 16:02:19.001,23247,23247,23247,2,-2
2024-12-24 16:02:26.001,23251,23251,23251,2,2
2024-12-24 16:02:35.001,23250,23250,23250,4,-4
2024-12-24 16:02:38.001,23250,23250,23250,2,0
2024-12-24 16:02:38.001,23249,23249,23249,2,-2
2024-12-24 16:02:38.001,23249,23249,23249,2,0
2024-12-24 16:02:57.001,23248,23248,23248,2,-2
2024-12-24 16:02:57.001,23249,23249,23249,2,2
2024-12-24 16:03:03.001,23249,23249,23249,2,0
2024-12-24 16:03:03.001,23249,23249,23249,2,0
2024-12-24 16:03:03.001,23249,23249,23249,2,0
2024-12-24 16:03:03.001,23249,23249,23249,2,0
2024-12-24 16:03:03.001,23249,23249,23249,2,0
2024-12-24 16:03:03.001,23250,23250,23250,2,2
2024-12-24 16:03:03.001,23250,23250,23250,2,0
2024-12-24 16:03:03.001,23250,23250,23250,2,0
2024-12-24 16:03:04.001,23251,23251,23251,4,4
2024-12-24 16:03:07.001,23251,23251,23251,2,0
2024-12-24 16:03:09.001,23251,23251,23251,2,0
2024-12-24 16:03:09.001,23252,23252,23252,2,2
2024-12-24 16:03:09.001,23252,23252,23252,2,0
2024-12-24 16:03:11.001,23252,23252,23252,2,0
2024-12-24 16:03:12.001,23251,23251,23251,2,-2
2024-12-24 16:03:21.001,23253,23253,23253,4,4
2024-12-24 16:03:21.001,23253,23253,23253,6,0
2024-12-24 16:03:21.001,23253,23253,23253,4,0
2024-12-24 16:03:23.001,23253,23253,23253,2,0
2024-12-24 16:03:32.001,23253,23253,23253,2,0
2024-12-24 16:03:32.001,23254,23254,23254,4,4
2024-12-24 16:03:35.001,23254,23254,23254,2,0
2024-12-24 16:03:36.001,23255,23255,23255,2,2
2024-12-24 16:03:36.001,23255,23255,23255,2,0
2024-12-24 16:03:36.001,23257,23257,23257,2,2
2024-12-24 16:03:36.001,23257,23257,23257,2,0
2024-12-24 16:03:36.001,23257,23257,23257,2,0
2024-12-24 16:03:36.001,23257,23257,23257,2,0
2024-12-24 16:03:36.001,23257,23257,23257,2,0
2024-12-24 16:03:36.001,23257,23257,23257,2,0
2024-12-24 16:03:40.001,23257,23257,23257,2,0
2024-12-24 16:03:41.001,23258,23258,23258,20,20
2024-12-24 16:03:43.001,23260,23260,23260,2,2
2024-12-24 16:03:47.001,23259,23259,23259,2,-2
2024-12-24 16:03:47.001,23259,23259,23259,2,0
2024-12-24 16:03:57.001,23260,23260,23260,2,2
2024-12-24 16:04:09.001,23259,23259,23259,2,-2
2024-12-24 16:04:09.001,23258,23258,23258,8,-8
2024-12-24 16:04:09.001,23258,23258,23258,4,0
2024-12-24 16:04:09.001,23258,23258,23258,2,0
2024-12-24 16:04:09.001,23258,23258,23258,2,0
2024-12-24 16:04:09.001,23258,23258,23258,4,0
2024-12-24 16:04:23.001,23257,23257,23257,6,-6
2024-12-24 16:04:23.001,23257,23257,23257,4,0
2024-12-24 16:04:27.001,23254,23254,23254,2,-2
2024-12-24 16:04:42.001,23253,23253,23253,2,-2
2024-12-24 16:05:10.001,23253,23253,23253,2,0
2024-12-24 16:05:27.001,23252,23252,23252,2,-2
2024-12-24 16:05:38.001,23253,23253,23253,2,2
2024-12-24 16:06:10.001,23253,23253,23253,2,0
2024-12-24 16:06:10.001,23253,23253,23253,2,0
2024-12-24 16:06:14.001,23252,23252,23252,2,-2
2024-12-24 16:06:16.001,23252,23252,23252,2,0
2024-12-24 16:06:16.001,23252,23252,23252,2,0
2024-12-24 16:06:16.001,23251,23251,23251,2,-2
2024-12-24 16:06:16.001,23251,23251,23251,2,0
2024-12-24 16:06:16.001,23250,23250,23250,2,-2
2024-12-24 16:06:24.001,23250,23250,23250,2,0
2024-12-24 16:06:24.001,23250,23250,23250,2,0
2024-12-24 16:06:36.001,23249,23249,23249,2,-2
2024-12-24 16:06:36.001,23249,23249,23249,2,0
2024-12-24 16:06:38.001,23248,23248,23248,2,-2
2024-12-24 16:06:38.001,23248,23248,23248,4,0
2024-12-24 16:06:38.001,23247,23247,23247,2,-2
2024-12-24 16:07:01.001,23249,23249,23249,2,2
2024-12-24 16:07:02.001,23249,23249,23249,2,0
2024-12-24 16:07:04.001,23249,23249,23249,2,0
2024-12-24 16:07:09.001,23248,23248,23248,2,-2
2024-12-24 16:07:27.001,23247,23247,23247,2,-2
2024-12-24 16:07:27.001,23247,23247,23247,2,0
2024-12-24 16:07:28.001,23245,23245,23245,2,-2
2024-12-24 16:07:32.001,23245,23245,23245,4,0
2024-12-24 16:07:33.001,23245,23245,23245,2,0
2024-12-24 16:07:45.001,23244,23244,23244,2,-2
2024-12-24 16:07:45.001,23244,23244,23244,2,0
2024-12-24 16:07:53.001,23244,23244,23244,2,0
2024-12-24 16:07:56.001,23243,23243,23243,2,-2
2024-12-24 16:08:07.001,23242,23242,23242,2,-2
2024-12-24 16:08:07.001,23242,23242,23242,2,0
2024-12-24 16:08:07.001,23242,23242,23242,2,0
2024-12-24 16:08:07.001,23242,23242,23242,2,0
2024-12-24 16:08:07.001,23242,23242,23242,2,0
2024-12-24 16:08:07.001,23242,23242,23242,2,0
2024-12-24 16:08:07.001,23242,23242,23242,2,0
2024-12-24 16:08:07.001,23242,23242,23242,2,0
2024-12-24 16:08:07.001,23242,23242,23242,2,0
2024-12-24 16:08:12.001,23241,23241,23241,2,-2
2024-12-24 16:08:12.001,23241,23241,23241,4,0
2024-12-24 16:08:12.001,23240,23240,23240,2,-2
2024-12-24 16:08:12.001,23240,23240,23240,2,0
2024-12-24 16:08:12.001,23240,23240,23240,2,0
2024-12-24 16:08:12.001,23240,23240,23240,2,0
2024-12-24 16:08:12.001,23240,23240,23240,2,0
2024-12-24 16:08:12.001,23240,23240,23240,2,0
2024-12-24 16:08:12.001,23239,23239,23239,2,-2
2024-12-24 16:08:12.001,23238,23238,23238,2,-2
2024-12-24 16:08:12.001,23238,23238,23238,2,0
2024-12-24 16:08:12.001,23238,23238,23238,2,0
2024-12-24 16:08:12.001,23238,23238,23238,2,0
2024-12-24 16:08:12.001,23238,23238,23238,2,0
2024-12-24 16:08:13.001,23238,23238,23238,2,0
2024-12-24 16:08:13.001,23238,23238,23238,2,0
2024-12-24 16:08:13.001,23239,23239,23239,2,2
2024-12-24 16:08:18.001,23238,23238,23238,2,-2
2024-12-24 16:08:20.001,23237,23237,23237,2,-2
2024-12-24 16:08:32.001,23238,23238,23238,4,4
2024-12-24 16:08:33.001,23239,23239,23239,2,2
2024-12-24 16:08:38.001,23239,23239,23239,2,0
2024-12-24 16:08:46.001,23238,23238,23238,2,-2
2024-12-24 16:08:46.001,23238,23238,23238,2,0
2024-12-24 16:08:49.001,23237,23237,23237,2,-2
2024-12-24 16:08:49.001,23237,23237,23237,2,0
2024-12-24 16:08:53.001,23239,23239,23239,2,2
2024-12-24 16:08:53.001,23239,23239,23239,2,0
2024-12-24 16:08:53.001,23240,23240,23240,22,22
2024-12-24 16:08:53.001,23241,23241,23241,2,2
2024-12-24 16:08:54.001,23242,23242,23242,6,6
2024-12-24 16:08:54.001,23244,23244,23244,2,2
2024-12-24 16:09:05.001,23243,23243,23243,2,-2
2024-12-24 16:09:05.001,23242,23242,23242,2,-2
2024-12-24 16:09:09.001,23242,23242,23242,4,0
2024-12-24 16:09:15.001,23239,23239,23239,2,-2
2024-12-24 16:09:20.001,23239,23239,23239,2,0
2024-12-24 16:09:20.001,23239,23239,23239,2,0
