2020-07-01 15:00:00.010,11558,11559,11559,118
2020-07-01 15:00:00.012,11558,11559,11558,1
2020-07-01 15:00:00.012,11558,11559,11559,1
2020-07-01 15:00:00.012,11558,11559,11559,6
2020-07-01 15:00:00.229,11558,11560,11560,1
2020-07-01 15:00:00.240,11558,11560,11560,1
2020-07-01 15:00:00.260,11558,11560,11560,2
2020-07-01 15:00:00.267,11558,11560,11560,1
2020-07-01 15:00:00.317,11558,11560,11560,1
2020-07-01 15:00:00.355,11558,11560,11560,4
2020-07-01 15:00:00.363,11558,11560,11561,1
2020-07-01 15:00:00.372,11558,11560,11561,1
2020-07-01 15:00:00.377,11558,11560,11561,1
2020-07-01 15:00:00.432,11560,11561,11561,1
2020-07-01 15:00:00.444,11560,11561,11561,1
2020-07-01 15:00:00.448,11560,11561,11561,1
2020-07-01 15:00:00.448,11560,11561,11562,2
2020-07-01 15:00:00.459,11560,11561,11562,1
2020-07-01 15:00:00.478,11560,11561,11562,14
2020-07-01 15:00:00.478,11560,11561,11563,10
2020-07-01 15:00:00.500,11560,11561,11563,1
2020-07-01 15:00:00.510,11560,11563,11563,2
2020-07-01 15:00:00.539,11560,11563,11563,3
2020-07-01 15:00:00.562,11560,11563,11563,1
2020-07-01 15:00:00.564,11560,11563,11560,2
2020-07-01 15:00:00.701,11560,11563,11563,1
2020-07-01 15:00:00.704,11560,11563,11563,1
2020-07-01 15:00:00.710,11560,11563,11560,1
2020-07-01 15:00:00.733,11560,11563,11560,1
2020-07-01 15:00:00.736,11560,11563,11559,2
2020-07-01 15:00:00.750,11560,11563,11563,4
2020-07-01 15:00:00.750,11560,11563,11564,13
2020-07-01 15:00:00.750,11560,11563,11565,15
2020-07-01 15:00:00.750,11560,11563,11566,3
2020-07-01 15:00:00.793,11559,11566,11566,1
2020-07-01 15:00:00.804,11559,11566,11566,12
2020-07-01 15:00:00.804,11559,11566,11567,5
2020-07-01 15:00:00.804,11559,11566,11568,13
2020-07-01 15:00:00.828,11559,11566,11568,3
2020-07-01 15:00:00.834,11559,11566,11568,2
2020-07-01 15:00:00.841,11559,11566,11568,1
2020-07-01 15:00:00.913,11560,11568,11560,1
2020-07-01 15:00:00.926,11560,11568,11567,1
2020-07-01 15:00:00.926,11560,11568,11568,5
2020-07-01 15:00:00.926,11560,11568,11569,16
2020-07-01 15:00:00.926,11560,11568,11570,8
2020-07-01 15:00:00.944,11560,11568,11569,1
2020-07-01 15:00:00.978,11560,11568,11570,8
2020-07-01 15:00:00.989,11560,11568,11559,1
2020-07-01 15:00:01.024,11559,11569,11565,1
2020-07-01 15:00:01.043,11559,11569,11565,1
2020-07-01 15:00:01.074,11559,11569,11565,1
2020-07-01 15:00:01.154,11565,11569,11565,12
2020-07-01 15:00:01.229,11565,11569,11565,1
2020-07-01 15:00:01.280,11565,11567,11565,1
2020-07-01 15:00:01.307,11565,11567,11567,4
2020-07-01 15:00:01.320,11565,11567,11567,2
2020-07-01 15:00:01.350,11565,11567,11566,1
2020-07-01 15:00:01.355,11565,11567,11565,2
2020-07-01 15:00:01.378,11565,11567,11565,1
2020-07-01 15:00:01.388,11565,11566,11565,1
2020-07-01 15:00:01.406,11565,11566,11566,4
2020-07-01 15:00:01.406,11565,11566,11567,2
2020-07-01 15:00:01.406,11565,11566,11568,1
2020-07-01 15:00:01.406,11565,11566,11569,1
2020-07-01 15:00:01.442,11565,11566,11567,1
2020-07-01 15:00:01.485,11565,11566,11568,2
2020-07-01 15:00:01.485,11565,11566,11568,1
2020-07-01 15:00:01.500,11565,11566,11568,1
2020-07-01 15:00:01.603,11566,11569,11566,1
2020-07-01 15:00:01.617,11566,11569,11569,2
2020-07-01 15:00:01.675,11567,11569,11567,1
2020-07-01 15:00:01.689,11567,11569,11566,2
2020-07-01 15:00:01.715,11567,11569,11566,1
2020-07-01 15:00:01.715,11567,11569,11565,5
2020-07-01 15:00:01.810,11565,11567,11565,4
2020-07-01 15:00:01.852,11565,11567,11565,6
2020-07-01 15:00:01.852,11565,11567,11566,2
2020-07-01 15:00:01.853,11565,11567,11564,1
2020-07-01 15:00:01.892,11563,11566,11563,1
2020-07-01 15:00:01.926,11563,11566,11562,1
2020-07-01 15:00:01.959,11563,11566,11562,1
2020-07-01 15:00:02.144,11562,11565,11565,1
2020-07-01 15:00:02.237,11562,11565,11563,3
2020-07-01 15:00:02.507,11563,11564,11564,2
2020-07-01 15:00:02.518,11563,11564,11563,4
2020-07-01 15:00:02.632,11563,11564,11564,1
2020-07-01 15:00:02.675,11563,11564,11565,6
2020-07-01 15:00:02.675,11563,11564,11566,5
2020-07-01 15:00:02.675,11563,11564,11567,9
2020-07-01 15:00:02.675,11563,11564,11568,5
2020-07-01 15:00:02.675,11563,11564,11569,10
2020-07-01 15:00:02.682,11563,11564,11565,1
2020-07-01 15:00:02.682,11563,11564,11564,1
2020-07-01 15:00:02.742,11563,11564,11565,5
2020-07-01 15:00:02.742,11563,11564,11566,18
2020-07-01 15:00:02.742,11563,11564,11567,7
2020-07-01 15:00:02.743,11563,11564,11566,1
2020-07-01 15:00:02.757,11566,11567,11567,11
2020-07-01 15:00:02.757,11566,11567,11568,6
2020-07-01 15:00:02.757,11566,11567,11569,8
2020-07-01 15:00:02.757,11566,11567,11570,5
2020-07-01 15:00:02.799,11566,11567,11569,1
2020-07-01 15:00:02.882,11567,11569,11569,5
2020-07-01 15:00:02.939,11567,11569,11570,8
2020-07-01 15:00:03.248,11568,11571,11568,4
2020-07-01 15:00:03.298,11569,11571,11569,1
2020-07-01 15:00:03.782,11567,11569,11569,2
2020-07-01 15:00:03.840,11567,11569,11567,2
2020-07-01 15:00:03.954,11567,11569,11567,2
2020-07-01 15:00:04.096,11567,11569,11569,1
2020-07-01 15:00:04.198,11567,11569,11567,2
2020-07-01 15:00:04.250,11567,11569,11568,1
2020-07-01 15:00:04.250,11567,11569,11568,2
2020-07-01 15:00:04.257,11567,11569,11569,3
2020-07-01 15:00:04.382,11568,11570,11570,6
2020-07-01 15:00:04.504,11568,11570,11571,16
2020-07-01 15:00:04.504,11568,11570,11572,9
2020-07-01 15:00:04.504,11568,11570,11573,8
2020-07-01 15:00:04.504,11568,11570,11574,2
2020-07-01 15:00:04.507,11570,11572,11572,3
2020-07-01 15:00:04.646,11572,11574,11574,9
2020-07-01 15:00:04.646,11572,11574,11575,12
2020-07-01 15:00:04.646,11572,11574,11576,2
2020-07-01 15:00:04.646,11572,11574,11577,6
2020-07-01 15:00:04.646,11572,11574,11578,1
2020-07-01 15:00:04.744,11572,11574,11574,1
2020-07-01 15:00:04.809,11574,11576,11576,1
2020-07-01 15:00:04.952,11574,11576,11576,1
2020-07-01 15:00:04.952,11574,11576,11577,1
2020-07-01 15:00:04.952,11574,11576,11576,1
2020-07-01 15:00:04.952,11574,11576,11577,1
2020-07-01 15:00:04.978,11574,11576,11577,3
2020-07-01 15:00:05.345,11574,11576,11574,2
2020-07-01 15:00:05.569,11574,11575,11574,1
2020-07-01 15:00:05.619,11574,11575,11573,2
2020-07-01 15:00:05.788,11573,11574,11573,1
2020-07-01 15:00:05.982,11573,11574,11574,1
2020-07-01 15:00:06.066,11572,11574,11572,1
2020-07-01 15:00:06.167,11572,11574,11572,1
2020-07-01 15:00:06.686,11571,11573,11573,7
2020-07-01 15:00:06.686,11571,11573,11574,7
2020-07-01 15:00:06.686,11571,11573,11575,3
2020-07-01 15:00:06.686,11571,11573,11576,6
2020-07-01 15:00:06.686,11571,11573,11577,6
2020-07-01 15:00:06.686,11571,11573,11578,6
2020-07-01 15:00:06.714,11571,11573,11577,5
2020-07-01 15:00:06.714,11571,11573,11578,6
2020-07-01 15:00:06.714,11571,11573,11579,5
2020-07-01 15:00:06.714,11571,11573,11580,7
2020-07-01 15:00:06.715,11571,11573,11580,7
2020-07-01 15:00:06.715,11571,11573,11580,1
2020-07-01 15:00:06.803,11577,11581,11577,1
2020-07-01 15:00:06.809,11577,11581,11581,2
2020-07-01 15:00:06.851,11577,11581,11577,1
2020-07-01 15:00:06.867,11577,11581,11582,1
2020-07-01 15:00:06.914,11576,11582,11582,1
2020-07-01 15:00:07.006,11577,11582,11577,1
2020-07-01 15:00:07.049,11577,11582,11576,1
2020-07-01 15:00:07.113,11577,11582,11574,2
2020-07-01 15:00:07.129,11577,11582,11580,2
2020-07-01 15:00:07.312,11574,11581,11581,1
2020-07-01 15:00:07.349,11574,11581,11581,1
2020-07-01 15:00:07.536,11574,11581,11574,1
2020-07-01 15:00:07.652,11574,11581,11581,2
2020-07-01 15:00:07.652,11574,11581,11581,2
2020-07-01 15:00:07.668,11574,11581,11574,1
2020-07-01 15:00:07.669,11574,11581,11574,1
2020-07-01 15:00:07.854,11574,11580,11580,1
2020-07-01 15:00:08.290,11575,11578,11577,1
2020-07-01 15:00:08.346,11575,11578,11575,2
2020-07-01 15:00:08.628,11574,11576,11574,2
2020-07-01 15:00:08.728,11573,11576,11573,1
2020-07-01 15:00:08.759,11572,11575,11575,2
2020-07-01 15:00:08.759,11572,11575,11576,3
2020-07-01 15:00:08.880,11572,11575,11572,1
2020-07-01 15:00:09.019,11572,11575,11572,3
2020-07-01 15:00:09.320,11571,11575,11575,1
2020-07-01 15:00:09.347,11571,11575,11572,8
2020-07-01 15:00:09.586,11572,11573,11572,2
2020-07-01 15:00:11.080,11572,11573,11572,1
2020-07-01 15:00:11.174,11571,11572,11572,1
2020-07-01 15:00:11.970,11571,11573,11573,1
2020-07-01 15:00:11.971,11571,11573,11573,6
2020-07-01 15:00:11.971,11571,11573,11573,4
2020-07-01 15:00:11.973,11571,11573,11574,3
2020-07-01 15:00:12.319,11573,11575,11573,1
2020-07-01 15:00:12.330,11573,11575,11573,1
2020-07-01 15:00:12.415,11572,11574,11572,2
2020-07-01 15:00:12.496,11572,11574,11572,1
2020-07-01 15:00:12.496,11572,11574,11571,3
2020-07-01 15:00:12.507,11571,11572,11571,1
2020-07-01 15:00:13.033,11570,11572,11570,1
2020-07-01 15:00:13.042,11570,11572,11572,1
2020-07-01 15:00:13.209,11570,11572,11570,1
2020-07-01 15:00:13.310,11570,11571,11570,1
2020-07-01 15:00:13.883,11570,11571,11571,1
2020-07-01 15:00:14.704,11570,11571,11570,3
2020-07-01 15:00:14.704,11570,11571,11570,6
2020-07-01 15:00:14.704,11570,11571,11570,7
2020-07-01 15:00:14.704,11570,11571,11570,30
2020-07-01 15:00:14.705,11570,11571,11570,20
2020-07-01 15:00:14.705,11570,11571,11569,1
2020-07-01 15:00:15.038,11568,11569,11569,1
2020-07-01 15:00:15.103,11568,11569,11568,1
2020-07-01 15:00:15.536,11568,11570,11568,1
2020-07-01 15:00:15.757,11568,11569,11569,2
2020-07-01 15:00:15.769,11568,11569,11570,1
2020-07-01 15:00:15.770,11568,11569,11570,1
2020-07-01 15:00:15.818,11568,11569,11569,2
2020-07-01 15:00:15.835,11568,11569,11569,2
2020-07-01 15:00:15.847,11568,11569,11568,2
2020-07-01 15:00:16.097,11568,11570,11568,1
2020-07-01 15:00:16.353,11568,11569,11568,2
2020-07-01 15:00:16.465,11568,11569,11569,2
2020-07-01 15:00:16.485,11568,11569,11569,1
2020-07-01 15:00:16.485,11568,11569,11569,3
2020-07-01 15:00:16.488,11568,11569,11570,1
2020-07-01 15:00:16.579,11569,11571,11569,2
2020-07-01 15:00:16.703,11569,11570,11570,5
2020-07-01 15:00:16.755,11569,11570,11569,2
2020-07-01 15:00:16.888,11569,11570,11569,1
2020-07-01 15:00:17.185,11569,11570,11570,1
2020-07-01 15:00:17.254,11569,11570,11569,2
2020-07-01 15:00:17.881,11568,11570,11570,1
2020-07-01 15:00:18.592,11568,11570,11570,1
2020-07-01 15:00:19.213,11569,11570,11569,1
2020-07-01 15:00:19.259,11568,11570,11568,1
2020-07-01 15:00:20.085,11569,11570,11570,4
2020-07-01 15:00:20.165,11569,11570,11570,5
2020-07-01 15:00:20.349,11569,11570,11569,1
2020-07-01 15:00:21.809,11569,11570,11569,1
2020-07-01 15:00:22.570,11569,11570,11570,1
2020-07-01 15:00:23.172,11569,11570,11569,1
2020-07-01 15:00:23.477,11569,11570,11569,1
2020-07-01 15:00:25.209,11569,11570,11570,2
2020-07-01 15:00:25.209,11569,11570,11570,13
2020-07-01 15:00:25.571,11570,11571,11570,1
2020-07-01 15:00:25.897,11570,11571,11571,1
2020-07-01 15:00:26.007,11570,11571,11571,6
2020-07-01 15:00:26.007,11570,11571,11571,6
2020-07-01 15:00:26.747,11571,11572,11571,1
2020-07-01 15:00:26.896,11571,11572,11571,5
2020-07-01 15:00:27.983,11571,11572,11571,1
2020-07-01 15:00:28.565,11571,11572,11571,1
2020-07-01 15:00:28.570,11571,11572,11572,1
2020-07-01 15:00:28.572,11571,11572,11572,4
2020-07-01 15:00:28.573,11571,11572,11572,2
2020-07-01 15:00:28.573,11571,11572,11572,11
2020-07-01 15:00:28.661,11572,11573,11573,1
2020-07-01 15:00:28.662,11572,11573,11573,4
2020-07-01 15:00:29.801,11572,11574,11572,1
2020-07-01 15:00:30.079,11571,11573,11571,1
2020-07-01 15:00:30.515,11571,11573,11573,1
2020-07-01 15:00:31.541,11571,11572,11572,1
2020-07-01 15:00:31.685,11571,11573,11571,10
2020-07-01 15:00:31.959,11570,11572,11570,2
2020-07-01 15:00:31.967,11570,11572,11570,1
2020-07-01 15:00:32.074,11570,11572,11570,5
2020-07-01 15:00:32.340,11570,11571,11570,1
2020-07-01 15:00:32.384,11570,11571,11570,1
2020-07-01 15:00:32.461,11570,11571,11570,1
2020-07-01 15:00:32.537,11569,11570,11570,1
2020-07-01 15:00:32.550,11569,11570,11571,1
2020-07-01 15:00:32.586,11569,11570,11569,1
2020-07-01 15:00:32.626,11569,11570,11571,1
2020-07-01 15:00:32.778,11570,11572,11570,1
2020-07-01 15:00:32.787,11570,11572,11572,1
2020-07-01 15:00:32.947,11570,11572,11572,1
2020-07-01 15:00:32.970,11570,11572,11572,1
2020-07-01 15:00:33.070,11570,11572,11572,1
2020-07-01 15:00:33.162,11570,11572,11572,1
2020-07-01 15:00:35.234,11570,11572,11572,1
2020-07-01 15:00:35.302,11570,11572,11570,1
2020-07-01 15:00:35.508,11570,11572,11571,1
2020-07-01 15:00:35.775,11570,11571,11571,1
2020-07-01 15:00:35.936,11570,11572,11570,1
2020-07-01 15:00:36.368,11570,11571,11571,1
2020-07-01 15:00:36.503,11570,11571,11571,1
2020-07-01 15:00:36.507,11570,11571,11571,2
2020-07-01 15:00:37.080,11570,11571,11571,2
2020-07-01 15:00:37.137,11570,11571,11571,2
2020-07-01 15:00:39.131,11570,11571,11571,1
2020-07-01 15:00:39.781,11570,11571,11571,1
2020-07-01 15:00:40.096,11570,11571,11570,2
2020-07-01 15:00:41.809,11569,11570,11570,1
2020-07-01 15:00:44.351,11569,11570,11569,2
2020-07-01 15:00:44.376,11569,11570,11570,2
2020-07-01 15:00:44.691,11569,11570,11569,1
2020-07-01 15:00:44.922,11569,11570,11569,1
2020-07-01 15:00:45.834,11569,11570,11569,1
2020-07-01 15:00:46.598,11569,11570,11569,5
2020-07-01 15:00:47.981,11568,11569,11569,1
2020-07-01 15:00:50.170,11568,11569,11569,5
2020-07-01 15:00:50.170,11568,11569,11569,14
2020-07-01 15:00:50.877,11568,11569,11569,1
2020-07-01 15:00:50.877,11568,11569,11570,2
2020-07-01 15:00:51.601,11568,11570,11570,1
2020-07-01 15:00:51.928,11569,11570,11569,1
2020-07-01 15:00:53.381,11569,11570,11569,1
2020-07-01 15:00:54.325,11568,11570,11568,1
2020-07-01 15:00:55.830,11569,11570,11569,1
2020-07-01 15:00:58.862,11568,11569,11568,2
2020-07-01 15:00:59.114,11568,11569,11569,3
2020-07-01 15:00:59.230,11568,11570,11568,1
2020-07-01 15:00:59.982,11568,11570,11568,2
2020-07-01 15:01:00.008,11568,11570,11568,1
2020-07-01 15:01:00.020,11568,11570,11568,2
2020-07-01 15:01:00.034,11568,11570,11568,1
2020-07-01 15:01:00.098,11568,11570,11568,1
2020-07-01 15:01:00.128,11568,11570,11568,1
2020-07-01 15:01:00.168,11568,11569,11568,1
2020-07-01 15:01:00.514,11568,11570,11568,6
2020-07-01 15:01:01.842,11568,11569,11568,1
2020-07-01 15:01:02.237,11568,11569,11568,1
2020-07-01 15:01:02.267,11568,11569,11568,1
2020-07-01 15:01:02.287,11568,11569,11567,1
2020-07-01 15:01:02.289,11568,11569,11567,1
2020-07-01 15:01:02.296,11568,11569,11567,1
2020-07-01 15:01:02.297,11568,11569,11567,1
2020-07-01 15:01:02.299,11568,11569,11567,2
2020-07-01 15:01:02.299,11568,11569,11567,1
2020-07-01 15:01:02.304,11568,11569,11567,1
2020-07-01 15:01:02.304,11568,11569,11567,4
2020-07-01 15:01:02.306,11568,11569,11567,1
2020-07-01 15:01:02.308,11568,11569,11567,1
2020-07-01 15:01:02.322,11568,11569,11566,2
2020-07-01 15:01:02.323,11568,11569,11566,1
2020-07-01 15:01:02.333,11568,11569,11566,1
2020-07-01 15:01:02.335,11568,11569,11566,1
2020-07-01 15:01:02.456,11566,11567,11567,2
2020-07-01 15:01:02.504,11566,11567,11567,1
2020-07-01 15:01:02.850,11566,11568,11568,1
2020-07-01 15:01:03.143,11567,11568,11568,1
2020-07-01 15:01:03.143,11567,11568,11569,1
2020-07-01 15:01:03.751,11567,11569,11569,3
2020-07-01 15:01:04.191,11567,11569,11568,1
2020-07-01 15:01:04.329,11567,11569,11567,1
2020-07-01 15:01:06.114,11567,11569,11567,19
2020-07-01 15:01:08.057,11566,11567,11567,1
2020-07-01 15:01:08.808,11566,11567,11567,1
2020-07-01 15:01:09.239,11566,11567,11567,1
2020-07-01 15:01:09.501,11566,11567,11567,1
2020-07-01 15:01:09.548,11566,11567,11566,6
2020-07-01 15:01:10.388,11566,11568,11566,1
2020-07-01 15:01:10.513,11566,11567,11566,1
2020-07-01 15:01:10.577,11566,11567,11567,1
2020-07-01 15:01:11.146,11567,11568,11567,1
2020-07-01 15:01:11.429,11566,11567,11566,10
2020-07-01 15:01:17.233,11565,11566,11566,1
2020-07-01 15:01:17.264,11565,11566,11566,4
2020-07-01 15:01:17.300,11565,11566,11565,1
2020-07-01 15:01:18.057,11566,11567,11566,1
2020-07-01 15:01:18.057,11566,11567,11565,7
2020-07-01 15:01:18.707,11566,11567,11566,1
2020-07-01 15:01:18.707,11566,11567,11566,1
2020-07-01 15:01:19.202,11565,11566,11566,1
2020-07-01 15:01:19.794,11565,11566,11565,5
2020-07-01 15:01:21.841,11565,11566,11565,2
2020-07-01 15:01:21.842,11565,11566,11565,24
2020-07-01 15:01:21.842,11565,11566,11565,3
2020-07-01 15:01:21.842,11565,11566,11565,1
2020-07-01 15:01:21.842,11565,11566,11565,12
2020-07-01 15:01:21.842,11565,11566,11565,1
2020-07-01 15:01:21.842,11565,11566,11565,2
2020-07-01 15:01:21.842,11565,11566,11565,2
2020-07-01 15:01:21.842,11565,11566,11565,1
2020-07-01 15:01:21.843,11565,11566,11565,2
2020-07-01 15:01:21.843,11565,11566,11565,4
2020-07-01 15:01:21.843,11565,11566,11565,1
2020-07-01 15:01:21.843,11565,11566,11565,3
2020-07-01 15:01:21.843,11565,11566,11565,2
2020-07-01 15:01:21.844,11565,11566,11565,15
2020-07-01 15:01:21.844,11565,11566,11565,19
2020-07-01 15:01:22.898,11564,11566,11565,1
2020-07-01 15:01:23.514,11564,11566,11566,1
2020-07-01 15:01:23.861,11564,11566,11564,3
2020-07-01 15:01:24.244,11564,11565,11565,2
2020-07-01 15:01:24.740,11564,11565,11564,1
2020-07-01 15:01:26.579,11564,11565,11564,1
2020-07-01 15:01:30.398,11564,11565,11565,1
2020-07-01 15:01:32.110,11564,11565,11565,7
2020-07-01 15:01:32.294,11565,11566,11565,6
2020-07-01 15:01:33.719,11565,11566,11566,3
2020-07-01 15:01:34.039,11565,11566,11565,1
2020-07-01 15:01:34.525,11565,11566,11565,1
2020-07-01 15:01:35.527,11565,11566,11565,1
2020-07-01 15:01:36.687,11565,11566,11566,1
2020-07-01 15:01:37.199,11565,11566,11565,5
2020-07-01 15:01:37.404,11565,11566,11566,1
2020-07-01 15:01:39.095,11565,11566,11565,1
2020-07-01 15:01:46.805,11565,11566,11566,1
2020-07-01 15:01:47.309,11565,11566,11565,2
2020-07-01 15:01:48.682,11565,11566,11565,3
2020-07-01 15:01:51.750,11565,11566,11565,1
2020-07-01 15:01:51.825,11565,11566,11566,1
2020-07-01 15:01:52.428,11565,11566,11565,1
2020-07-01 15:01:55.705,11565,11566,11565,1
2020-07-01 15:01:57.199,11565,11566,11565,18
2020-07-01 15:01:57.199,11565,11566,11565,15
2020-07-01 15:02:00.058,11564,11565,11564,2
2020-07-01 15:02:00.396,11564,11565,11565,5
2020-07-01 15:02:01.061,11564,11565,11565,2
2020-07-01 15:02:01.301,11564,11565,11565,1
2020-07-01 15:02:02.246,11564,11565,11565,8
2020-07-01 15:02:02.246,11564,11565,11565,12
2020-07-01 15:02:04.358,11565,11566,11566,39
2020-07-01 15:02:04.358,11565,11566,11566,1
2020-07-01 15:02:04.359,11565,11566,11566,5
2020-07-01 15:02:04.360,11565,11566,11567,2
2020-07-01 15:02:04.360,11565,11566,11567,3
2020-07-01 15:02:04.360,11565,11566,11567,2
2020-07-01 15:02:07.441,11566,11567,11567,1
2020-07-01 15:02:08.254,11566,11568,11566,1
2020-07-01 15:02:10.099,11566,11568,11568,1
2020-07-01 15:02:10.674,11566,11568,11568,1
2020-07-01 15:02:11.076,11567,11568,11567,1
2020-07-01 15:02:11.146,11566,11568,11566,1
2020-07-01 15:02:11.427,11566,11568,11568,3
2020-07-01 15:02:14.438,11567,11568,11568,1
2020-07-01 15:02:14.679,11567,11568,11568,4
2020-07-01 15:02:14.679,11567,11568,11569,1
2020-07-01 15:02:16.539,11567,11568,11568,2
2020-07-01 15:02:17.057,11567,11568,11567,2
2020-07-01 15:02:18.796,11567,11568,11568,1
2020-07-01 15:02:19.925,11567,11568,11568,1
2020-07-01 15:02:21.211,11567,11568,11568,1
2020-07-01 15:02:21.894,11567,11568,11568,1
2020-07-01 15:02:24.201,11567,11568,11568,1
2020-07-01 15:02:26.440,11567,11568,11568,1
2020-07-01 15:02:27.508,11567,11568,11568,1
2020-07-01 15:02:27.689,11567,11568,11568,1
2020-07-01 15:02:28.782,11567,11568,11568,1
2020-07-01 15:02:29.758,11567,11568,11567,1
2020-07-01 15:02:30.183,11567,11568,11567,7
2020-07-01 15:02:30.183,11567,11568,11566,8
2020-07-01 15:02:30.577,11566,11567,11566,3
2020-07-01 15:02:31.003,11566,11567,11567,1
2020-07-01 15:02:31.020,11566,11568,11568,1
2020-07-01 15:02:31.394,11566,11568,11566,1
2020-07-01 15:02:36.821,11566,11568,11568,1
2020-07-01 15:02:42.577,11566,11568,11568,1
2020-07-01 15:02:44.009,11566,11568,11568,1
2020-07-01 15:02:44.053,11566,11568,11568,1
2020-07-01 15:02:44.059,11566,11568,11568,1
2020-07-01 15:02:45.455,11566,11568,11566,1
2020-07-01 15:02:46.639,11566,11568,11568,5
2020-07-01 15:02:49.290,11566,11568,11568,1
2020-07-01 15:02:51.711,11567,11568,11567,2
2020-07-01 15:02:56.903,11567,11568,11568,2
2020-07-01 15:03:15.281,11567,11568,11567,1
2020-07-01 15:03:15.785,11567,11568,11568,1
2020-07-01 15:03:15.890,11567,11568,11567,4
2020-07-01 15:03:16.140,11567,11568,11567,1
2020-07-01 15:03:16.187,11567,11568,11567,2
2020-07-01 15:03:16.277,11567,11568,11567,1
2020-07-01 15:03:16.277,11567,11568,11566,1
2020-07-01 15:03:20.894,11566,11567,11567,1
2020-07-01 15:03:20.894,11566,11567,11568,4
2020-07-01 15:03:25.333,11567,11568,11567,5
2020-07-01 15:03:27.444,11567,11568,11567,3
2020-07-01 15:03:33.873,11566,11567,11567,1
2020-07-01 15:03:34.623,11566,11567,11567,2
2020-07-01 15:03:39.547,11566,11567,11567,2
2020-07-01 15:03:41.196,11566,11567,11567,1
2020-07-01 15:03:41.914,11566,11567,11566,15
2020-07-01 15:03:42.830,11566,11567,11567,1
2020-07-01 15:03:46.978,11566,11567,11567,3
2020-07-01 15:03:48.017,11566,11567,11567,2
2020-07-01 15:03:50.052,11566,11567,11567,1
2020-07-01 15:03:54.730,11566,11567,11567,1
2020-07-01 15:03:56.878,11566,11567,11567,1
2020-07-01 15:03:56.935,11566,11568,11567,1
2020-07-01 15:03:59.567,11566,11568,11568,2
2020-07-01 15:04:00.212,11567,11568,11567,1
2020-07-01 15:04:10.954,11566,11567,11567,1
2020-07-01 15:04:14.845,11566,11567,11566,2
2020-07-01 15:04:18.735,11566,11567,11566,1
2020-07-01 15:04:18.890,11566,11567,11566,3
2020-07-01 15:04:18.890,11566,11567,11566,2
2020-07-01 15:04:18.891,11566,11567,11566,1
2020-07-01 15:04:18.891,11566,11567,11566,1
2020-07-01 15:04:18.901,11566,11567,11565,3
2020-07-01 15:04:21.286,11565,11566,11566,1
2020-07-01 15:04:22.291,11565,11566,11566,1
2020-07-01 15:04:23.810,11565,11566,11566,1
2020-07-01 15:04:25.845,11565,11566,11566,1
2020-07-01 15:04:29.943,11565,11566,11566,1
2020-07-01 15:04:33.200,11565,11566,11565,1
2020-07-01 15:04:34.853,11565,11566,11565,1
2020-07-01 15:04:35.622,11565,11566,11565,3
2020-07-01 15:04:36.157,11565,11566,11565,1
2020-07-01 15:04:38.005,11565,11566,11565,1
2020-07-01 15:04:40.318,11565,11566,11565,1
2020-07-01 15:04:43.021,11565,11566,11566,1
2020-07-01 15:04:43.869,11565,11566,11566,1
2020-07-01 15:04:44.111,11565,11566,11566,1
2020-07-01 15:04:45.471,11565,11566,11566,1
2020-07-01 15:04:46.013,11565,11566,11566,1
2020-07-01 15:04:46.369,11565,11566,11566,1
2020-07-01 15:04:47.589,11566,11567,11566,1
2020-07-01 15:04:51.265,11566,11567,11566,2
2020-07-01 15:04:56.607,11566,11567,11567,1
2020-07-01 15:04:57.490,11566,11567,11566,1
2020-07-01 15:05:00.407,11566,11567,11567,1
2020-07-01 15:05:06.711,11566,11567,11567,1
2020-07-01 15:05:07.629,11566,11567,11567,1
2020-07-01 15:05:07.643,11566,11567,11566,1
2020-07-01 15:05:08.526,11566,11567,11566,9
2020-07-01 15:05:08.527,11566,11567,11566,1
2020-07-01 15:05:09.794,11565,11566,11566,2
2020-07-01 15:05:14.075,11565,11566,11565,4
2020-07-01 15:05:14.075,11565,11566,11565,22
2020-07-01 15:05:14.268,11564,11565,11564,2
2020-07-01 15:05:22.717,11564,11565,11564,1
2020-07-01 15:05:22.854,11564,11565,11565,2
2020-07-01 15:05:23.132,11564,11565,11564,1
2020-07-01 15:05:28.521,11564,11565,11564,1
2020-07-01 15:05:32.702,11564,11565,11564,1
2020-07-01 15:05:36.915,11564,11565,11564,1
2020-07-01 15:05:38.989,11564,11565,11564,4
2020-07-01 15:05:38.989,11564,11565,11564,17
2020-07-01 15:05:38.990,11564,11565,11564,1
2020-07-01 15:05:38.990,11564,11565,11564,1
2020-07-01 15:05:38.990,11564,11565,11564,2
2020-07-01 15:05:43.301,11563,11564,11564,1
2020-07-01 15:05:47.177,11563,11564,11564,1
2020-07-01 15:05:50.772,11563,11564,11563,1
2020-07-01 15:05:51.730,11563,11564,11563,2
2020-07-01 15:05:52.425,11563,11564,11564,1
2020-07-01 15:05:54.034,11563,11564,11563,1
2020-07-01 15:05:55.051,11563,11564,11564,1
2020-07-01 15:05:55.079,11563,11564,11564,1
2020-07-01 15:05:55.704,11563,11564,11564,1
2020-07-01 15:05:56.308,11563,11564,11564,1
2020-07-01 15:05:57.008,11563,11564,11564,1
2020-07-01 15:05:59.341,11563,11564,11563,1
2020-07-01 15:06:00.047,11563,11564,11563,1
2020-07-01 15:06:00.053,11563,11564,11563,1
2020-07-01 15:06:00.056,11563,11564,11563,1
2020-07-01 15:06:00.056,11563,11564,11563,1
2020-07-01 15:06:00.067,11563,11564,11563,1
2020-07-01 15:06:00.565,11563,11564,11563,4
2020-07-01 15:06:00.581,11563,11564,11563,4
2020-07-01 15:06:01.122,11562,11563,11563,2
2020-07-01 15:06:01.122,11562,11563,11564,2
2020-07-01 15:06:02.656,11563,11564,11563,2
2020-07-01 15:06:02.819,11562,11564,11562,4
2020-07-01 15:06:03.088,11562,11563,11563,1
2020-07-01 15:06:03.488,11562,11563,11563,1
2020-07-01 15:06:03.488,11562,11563,11563,1
2020-07-01 15:06:10.152,11562,11563,11563,2
2020-07-01 15:06:10.437,11562,11563,11563,1
2020-07-01 15:06:10.868,11562,11563,11562,1
2020-07-01 15:06:11.387,11562,11563,11563,1
2020-07-01 15:06:13.533,11562,11563,11563,1
2020-07-01 15:06:16.621,11562,11563,11562,4
2020-07-01 15:06:16.621,11562,11563,11562,2
2020-07-01 15:06:17.131,11561,11562,11562,1
2020-07-01 15:06:17.740,11562,11563,11562,1
2020-07-01 15:06:26.819,11562,11563,11562,1
2020-07-01 15:06:26.832,11562,11563,11563,1
2020-07-01 15:06:27.421,11562,11563,11563,1
2020-07-01 15:06:28.648,11562,11563,11562,2
2020-07-01 15:06:29.967,11562,11563,11562,5
2020-07-01 15:06:31.116,11562,11563,11562,1
2020-07-01 15:06:34.959,11562,11563,11562,2
2020-07-01 15:06:34.959,11562,11563,11561,1
2020-07-01 15:06:37.744,11561,11563,11561,1
2020-07-01 15:06:43.073,11562,11563,11562,1
2020-07-01 15:06:48.370,11562,11563,11562,1
2020-07-01 15:06:50.300,11562,11563,11563,4
2020-07-01 15:06:50.544,11562,11563,11562,16
2020-07-01 15:06:50.545,11562,11563,11562,4
2020-07-01 15:06:56.619,11561,11562,11561,1
2020-07-01 15:06:58.293,11561,11562,11562,1
2020-07-01 15:07:01.258,11561,11562,11562,2
2020-07-01 15:07:01.262,11561,11562,11562,5
2020-07-01 15:07:03.992,11562,11563,11562,1
2020-07-01 15:07:05.465,11562,11563,11563,1
2020-07-01 15:07:06.562,11562,11563,11563,8
2020-07-01 15:07:06.710,11562,11564,11562,1
2020-07-01 15:07:07.664,11562,11563,11563,1
2020-07-01 15:07:17.062,11562,11563,11563,1
2020-07-01 15:07:23.781,11562,11563,11563,3
2020-07-01 15:07:25.581,11562,11563,11563,1
2020-07-01 15:07:27.378,11562,11563,11563,1
2020-07-01 15:07:35.595,11562,11563,11563,1
2020-07-01 15:07:37.052,11562,11563,11563,1
2020-07-01 15:07:37.057,11562,11563,11562,1
2020-07-01 15:07:47.940,11562,11563,11562,1
2020-07-01 15:07:53.140,11562,11563,11562,1
2020-07-01 15:07:54.573,11562,11563,11562,1
2020-07-01 15:08:03.790,11562,11563,11562,1
2020-07-01 15:08:06.615,11562,11563,11562,2
2020-07-01 15:08:17.368,11562,11563,11562,1
2020-07-01 15:08:19.553,11562,11563,11562,2
2020-07-01 15:08:22.652,11562,11563,11563,1
2020-07-01 15:08:23.885,11562,11563,11562,1
2020-07-01 15:08:24.611,11562,11563,11562,1
2020-07-01 15:08:27.624,11562,11563,11562,1
2020-07-01 15:08:27.865,11562,11563,11562,2
2020-07-01 15:08:28.004,11562,11563,11563,1
2020-07-01 15:08:29.742,11562,11563,11562,2
2020-07-01 15:08:30.488,11562,11563,11562,1
2020-07-01 15:08:30.744,11562,11563,11562,2
2020-07-01 15:08:34.493,11562,11563,11562,1
2020-07-01 15:08:41.173,11562,11563,11562,1
2020-07-01 15:08:42.144,11562,11563,11562,1
2020-07-01 15:08:43.810,11562,11563,11562,1
2020-07-01 15:08:44.187,11562,11563,11563,17
2020-07-01 15:08:48.539,11563,11564,11563,5
2020-07-01 15:08:51.191,11563,11564,11563,1
2020-07-01 15:08:51.411,11562,11563,11562,1
2020-07-01 15:08:53.345,11562,11563,11563,4
2020-07-01 15:09:04.896,11563,11564,11563,2
2020-07-01 15:09:04.914,11563,11564,11563,7
2020-07-01 15:09:08.189,11562,11563,11563,1
2020-07-01 15:09:08.290,11562,11563,11563,1
2020-07-01 15:09:10.949,11562,11563,11563,5
2020-07-01 15:09:11.699,11562,11563,11563,7
2020-07-01 15:09:11.934,11563,11564,11563,1
2020-07-01 15:09:14.026,11563,11564,11563,15
2020-07-01 15:09:14.026,11563,11564,11563,2
2020-07-01 15:09:16.367,11563,11564,11563,1
2020-07-01 15:09:16.858,11563,11564,11563,2
2020-07-01 15:09:24.402,11563,11564,11564,1
2020-07-01 15:09:26.640,11563,11564,11564,25
2020-07-01 15:09:26.640,11563,11564,11564,1
2020-07-01 15:09:26.641,11563,11564,11564,15
2020-07-01 15:09:30.629,11563,11564,11564,1
2020-07-01 15:09:31.744,11563,11564,11564,1
2020-07-01 15:09:36.142,11563,11564,11564,1
2020-07-01 15:09:36.275,11563,11564,11564,1
2020-07-01 15:09:39.129,11563,11564,11564,1
2020-07-01 15:09:41.509,11563,11564,11564,1
2020-07-01 15:09:42.523,11563,11564,11564,1
2020-07-01 15:09:43.072,11563,11564,11564,2
2020-07-01 15:09:43.881,11563,11564,11564,1
2020-07-01 15:09:44.057,11563,11564,11564,20
2020-07-01 15:09:44.057,11563,11564,11564,1
2020-07-01 15:09:48.686,11563,11564,11564,1
2020-07-01 15:09:49.388,11563,11564,11564,1
2020-07-01 15:09:49.787,11563,11564,11564,1
2020-07-01 15:09:58.598,11564,11565,11565,1
2020-07-01 15:10:05.895,11564,11565,11564,1
2020-07-01 15:10:10.598,11564,11565,11565,1
2020-07-01 15:10:23.016,11564,11565,11565,1
2020-07-01 15:10:24.268,11564,11565,11565,2
2020-07-01 15:10:25.693,11564,11565,11565,1
2020-07-01 15:10:25.864,11564,11565,11565,5
2020-07-01 15:10:25.865,11564,11565,11565,1
2020-07-01 15:10:26.040,11564,11566,11564,1
2020-07-01 15:10:40.290,11564,11565,11565,8
2020-07-01 15:10:40.291,11564,11565,11565,5
2020-07-01 15:10:40.699,11565,11566,11565,1
2020-07-01 15:10:41.537,11565,11566,11565,2
2020-07-01 15:10:44.773,11564,11565,11565,1
2020-07-01 15:10:50.001,11564,11565,11565,4
2020-07-01 15:10:50.735,11565,11566,11565,1
2020-07-01 15:10:50.735,11565,11566,11564,19
2020-07-01 15:11:00.539,11564,11565,11565,1
2020-07-01 15:11:02.617,11564,11565,11564,2
2020-07-01 15:11:21.010,11564,11565,11564,1
2020-07-01 15:11:21.389,11564,11565,11564,1
2020-07-01 15:11:28.484,11564,11565,11564,1
2020-07-01 15:11:28.750,11564,11565,11564,2
2020-07-01 15:11:28.751,11564,11565,11564,1
2020-07-01 15:11:36.023,11563,11564,11564,1
2020-07-01 15:11:39.638,11563,11564,11564,1
2020-07-01 15:11:41.434,11563,11564,11563,1
2020-07-01 15:11:46.778,11563,11564,11564,1
2020-07-01 15:11:50.069,11563,11564,11564,1
2020-07-01 15:11:52.214,11563,11564,11564,1
2020-07-01 15:11:56.170,11563,11564,11564,1
2020-07-01 15:11:57.053,11563,11564,11564,1
2020-07-01 15:12:00.373,11563,11564,11564,1
2020-07-01 15:12:00.599,11563,11565,11565,2
2020-07-01 15:12:03.821,11564,11565,11564,1
2020-07-01 15:12:04.272,11564,11565,11565,2
2020-07-01 15:12:07.276,11564,11565,11564,1
2020-07-01 15:12:12.877,11564,11565,11564,7
2020-07-01 15:12:23.420,11564,11565,11564,1
2020-07-01 15:12:29.619,11564,11565,11564,1
2020-07-01 15:12:31.026,11564,11565,11564,1
2020-07-01 15:12:39.303,11563,11564,11564,2
2020-07-01 15:12:39.304,11563,11564,11564,1
2020-07-01 15:12:39.304,11563,11564,11564,1
2020-07-01 15:12:48.393,11564,11565,11565,1
2020-07-01 15:13:02.140,11564,11565,11564,10
2020-07-01 15:13:02.325,11564,11565,11564,1
2020-07-01 15:13:02.327,11564,11565,11564,1
2020-07-01 15:13:05.101,11563,11565,11565,1
2020-07-01 15:13:19.300,11563,11564,11564,4
2020-07-01 15:13:27.879,11563,11564,11564,1
2020-07-01 15:13:33.055,11563,11564,11564,2
2020-07-01 15:13:36.507,11563,11564,11564,1
2020-07-01 15:13:36.832,11563,11564,11564,5
2020-07-01 15:13:38.125,11564,11565,11564,19
2020-07-01 15:13:38.160,11563,11564,11564,1
2020-07-01 15:13:44.987,11564,11565,11565,20
2020-07-01 15:13:54.392,11565,11566,11565,1
2020-07-01 15:13:54.574,11565,11566,11565,1
2020-07-01 15:13:57.131,11565,11566,11565,4
2020-07-01 15:14:11.166,11564,11565,11564,1
2020-07-01 15:14:18.885,11564,11565,11564,1
2020-07-01 15:14:30.842,11564,11565,11565,1
2020-07-01 15:14:51.099,11564,11565,11565,1
2020-07-01 15:14:55.708,11564,11565,11564,2
2020-07-01 15:15:02.421,11564,11565,11565,1
2020-07-01 15:15:11.145,11564,11565,11565,1
2020-07-01 15:15:20.001,11564,11565,11565,5
2020-07-01 15:15:20.076,11564,11565,11565,1
2020-07-01 15:15:20.418,11564,11565,11565,1
2020-07-01 15:15:20.641,11564,11565,11565,1
2020-07-01 15:15:20.642,11564,11565,11565,1
2020-07-01 15:15:20.642,11564,11565,11565,1
2020-07-01 15:15:20.642,11564,11565,11565,1
2020-07-01 15:15:20.642,11564,11565,11565,3
2020-07-01 15:15:20.642,11564,11565,11565,1
2020-07-01 15:15:20.990,11565,11566,11565,2
2020-07-01 15:15:26.751,11565,11566,11565,4
2020-07-01 15:15:31.468,11565,11566,11565,2
2020-07-01 15:15:32.293,11565,11566,11565,1
2020-07-01 15:15:36.577,11565,11566,11565,1
2020-07-01 15:15:41.281,11565,11566,11566,1
2020-07-01 15:15:41.281,11565,11566,11566,1
2020-07-01 15:15:41.281,11565,11566,11566,1
2020-07-01 15:15:41.282,11565,11566,11566,6
2020-07-01 15:15:41.282,11565,11566,11566,1
2020-07-01 15:15:41.282,11565,11566,11566,15
2020-07-01 15:15:41.282,11565,11566,11566,4
2020-07-01 15:15:41.282,11565,11566,11566,1
2020-07-01 15:15:41.282,11565,11566,11566,1
2020-07-01 15:15:41.282,11565,11566,11566,1
2020-07-01 15:15:41.283,11565,11566,11566,7
2020-07-01 15:15:41.283,11565,11566,11566,1
2020-07-01 15:15:44.118,11565,11567,11565,2
2020-07-01 15:15:44.190,11565,11567,11565,1
2020-07-01 15:15:49.760,11566,11567,11566,1
2020-07-01 15:15:50.400,11566,11567,11566,1
2020-07-01 15:15:51.285,11565,11566,11566,1
2020-07-01 15:15:51.823,11565,11566,11566,1
2020-07-01 15:15:52.105,11565,11566,11566,1
2020-07-01 15:15:53.472,11565,11566,11566,1
2020-07-01 15:15:54.075,11565,11566,11566,1
2020-07-01 15:15:54.630,11565,11566,11566,1
2020-07-01 15:16:01.612,11565,11566,11565,14
2020-07-01 15:16:02.099,11564,11565,11564,4
2020-07-01 15:16:04.895,11564,11565,11565,1
2020-07-01 15:16:08.056,11564,11565,11565,2
2020-07-01 15:16:24.196,11564,11565,11565,2
2020-07-01 15:16:24.197,11564,11565,11565,2
2020-07-01 15:16:24.197,11564,11565,11565,1
2020-07-01 15:16:24.247,11564,11565,11565,1
2020-07-01 15:16:24.489,11565,11566,11565,1
2020-07-01 15:16:24.507,11564,11565,11565,1
2020-07-01 15:16:27.933,11565,11566,11565,1
2020-07-01 15:16:28.655,11565,11566,11565,1
2020-07-01 15:16:32.579,11565,11566,11566,1
2020-07-01 15:16:32.911,11565,11566,11566,1
2020-07-01 15:16:37.457,11565,11566,11566,9
2020-07-01 15:16:40.789,11565,11567,11567,1
2020-07-01 15:16:40.942,11565,11567,11567,1
2020-07-01 15:16:43.152,11566,11567,11567,1
2020-07-01 15:16:44.156,11566,11567,11567,10
2020-07-01 15:16:46.324,11566,11568,11568,1
2020-07-01 15:16:54.673,11567,11568,11568,1
2020-07-01 15:16:54.829,11567,11568,11568,1
2020-07-01 15:16:55.966,11567,11568,11568,1
2020-07-01 15:17:01.848,11567,11568,11568,4
2020-07-01 15:17:03.411,11568,11569,11568,1
2020-07-01 15:17:03.624,11568,11569,11568,1
2020-07-01 15:17:04.553,11567,11569,11569,1
2020-07-01 15:17:06.119,11568,11569,11569,5
2020-07-01 15:17:06.339,11568,11569,11569,3
2020-07-01 15:17:06.543,11569,11570,11570,5
2020-07-01 15:17:06.623,11569,11570,11569,2
2020-07-01 15:17:06.673,11568,11570,11570,1
2020-07-01 15:17:08.951,11569,11570,11569,1
2020-07-01 15:17:11.617,11569,11570,11570,3
2020-07-01 15:17:11.887,11569,11570,11569,1
2020-07-01 15:17:14.148,11569,11570,11570,5
2020-07-01 15:17:14.361,11569,11570,11570,5
2020-07-01 15:17:14.362,11569,11570,11570,14
2020-07-01 15:17:14.362,11569,11570,11570,3
2020-07-01 15:17:16.370,11570,11571,11571,1
2020-07-01 15:17:16.666,11570,11571,11570,1
2020-07-01 15:17:18.816,11570,11571,11571,1
2020-07-01 15:17:19.076,11570,11571,11571,1
2020-07-01 15:17:19.654,11570,11571,11571,2
2020-07-01 15:17:20.379,11570,11571,11571,2
2020-07-01 15:17:23.106,11570,11571,11571,10
2020-07-01 15:17:23.469,11570,11571,11571,3
2020-07-01 15:17:24.485,11570,11571,11571,1
2020-07-01 15:17:25.075,11570,11571,11571,3
2020-07-01 15:17:26.442,11571,11572,11571,2
2020-07-01 15:17:28.580,11571,11572,11571,1
2020-07-01 15:17:28.643,11571,11572,11571,2
2020-07-01 15:17:30.128,11571,11572,11572,1
2020-07-01 15:17:30.416,11571,11572,11571,1
2020-07-01 15:17:30.773,11571,11572,11571,1
2020-07-01 15:17:31.179,11571,11572,11571,2
2020-07-01 15:17:31.179,11571,11572,11571,4
2020-07-01 15:17:32.358,11570,11571,11571,5
2020-07-01 15:17:32.454,11570,11571,11571,1
2020-07-01 15:17:33.445,11570,11571,11571,1
2020-07-01 15:17:34.074,11570,11571,11571,1
2020-07-01 15:17:34.538,11570,11571,11571,2
2020-07-01 15:17:34.717,11570,11571,11571,3
2020-07-01 15:17:34.891,11571,11572,11571,2
2020-07-01 15:17:34.891,11571,11572,11570,1
2020-07-01 15:17:36.420,11570,11571,11570,2
2020-07-01 15:17:37.151,11570,11571,11570,1
2020-07-01 15:17:38.131,11570,11571,11570,2
2020-07-01 15:17:40.758,11570,11571,11571,1
2020-07-01 15:17:41.839,11570,11571,11571,1
2020-07-01 15:17:44.734,11570,11571,11570,1
2020-07-01 15:17:46.791,11570,11571,11570,2
2020-07-01 15:17:53.901,11570,11571,11571,1
2020-07-01 15:17:55.963,11570,11571,11571,3
2020-07-01 15:18:03.352,11570,11571,11571,2
2020-07-01 15:18:04.103,11570,11571,11571,1
2020-07-01 15:18:06.854,11570,11571,11571,1
2020-07-01 15:18:10.766,11571,11572,11572,1
2020-07-01 15:18:13.027,11571,11572,11571,5
2020-07-01 15:18:13.284,11571,11572,11571,2
2020-07-01 15:18:13.878,11570,11571,11571,2
2020-07-01 15:18:13.878,11570,11571,11572,1
2020-07-01 15:18:17.706,11571,11572,11572,1
2020-07-01 15:18:19.989,11571,11572,11572,1
2020-07-01 15:18:20.945,11571,11572,11572,1
2020-07-01 15:18:27.555,11571,11572,11572,10
2020-07-01 15:18:28.488,11571,11572,11572,1
2020-07-01 15:18:28.635,11571,11572,11572,1
2020-07-01 15:18:28.990,11572,11573,11572,1
2020-07-01 15:18:30.766,11572,11573,11573,2
2020-07-01 15:18:31.042,11572,11573,11573,1
2020-07-01 15:18:31.231,11572,11573,11573,1
2020-07-01 15:18:31.309,11572,11573,11573,1
2020-07-01 15:18:34.048,11572,11573,11573,1
2020-07-01 15:18:36.246,11572,11573,11572,4
2020-07-01 15:18:37.356,11572,11573,11573,1
2020-07-01 15:18:37.937,11572,11573,11572,1
2020-07-01 15:18:39.718,11572,11573,11573,3
2020-07-01 15:18:45.422,11572,11573,11573,1
2020-07-01 15:18:48.057,11572,11573,11573,2
2020-07-01 15:18:50.938,11572,11573,11573,4
2020-07-01 15:18:52.669,11572,11573,11573,1
2020-07-01 15:18:52.950,11572,11573,11573,1
2020-07-01 15:18:56.362,11572,11573,11573,2
2020-07-01 15:18:56.447,11572,11573,11573,5
2020-07-01 15:18:56.448,11572,11573,11573,11
2020-07-01 15:18:59.124,11573,11574,11574,1
2020-07-01 15:18:59.766,11573,11574,11573,1
2020-07-01 15:19:01.873,11573,11574,11573,1
2020-07-01 15:19:02.305,11573,11574,11573,1
2020-07-01 15:19:04.068,11573,11574,11574,2
2020-07-01 15:19:10.008,11573,11574,11574,2
2020-07-01 15:19:10.143,11573,11574,11573,1
2020-07-01 15:19:11.851,11573,11574,11573,1
2020-07-01 15:19:15.528,11573,11574,11573,1
2020-07-01 15:19:16.244,11573,11574,11574,2
2020-07-01 15:19:16.699,11573,11574,11574,2
2020-07-01 15:19:16.699,11573,11574,11574,1
2020-07-01 15:19:16.700,11573,11574,11574,4
2020-07-01 15:19:16.700,11573,11574,11574,1
2020-07-01 15:19:16.700,11573,11574,11574,7
2020-07-01 15:19:16.700,11573,11574,11574,3
2020-07-01 15:19:16.758,11574,11575,11575,1
2020-07-01 15:19:17.015,11574,11575,11575,1
2020-07-01 15:19:19.339,11574,11575,11574,2
2020-07-01 15:19:21.945,11574,11575,11574,1
2020-07-01 15:19:22.348,11574,11575,11575,1
2020-07-01 15:19:22.494,11574,11575,11574,2
2020-07-01 15:19:23.009,11574,11575,11575,1
2020-07-01 15:19:23.366,11574,11575,11574,1
2020-07-01 15:19:25.833,11574,11575,11574,2
2020-07-01 15:19:33.682,11574,11575,11574,2
2020-07-01 15:19:37.968,11574,11575,11574,2
2020-07-01 15:19:38.155,11574,11575,11575,1
2020-07-01 15:19:38.499,11574,11575,11574,1
2020-07-01 15:19:40.752,11574,11575,11574,1
2020-07-01 15:19:40.848,11574,11575,11575,1
2020-07-01 15:19:41.267,11574,11575,11574,5
2020-07-01 15:19:41.267,11574,11575,11574,3
2020-07-01 15:19:41.268,11574,11575,11574,2
2020-07-01 15:19:43.787,11574,11575,11574,1
2020-07-01 15:19:43.792,11574,11575,11574,1
2020-07-01 15:19:44.106,11573,11574,11574,2
2020-07-01 15:19:44.148,11573,11574,11574,1
2020-07-01 15:19:44.156,11573,11574,11574,1
2020-07-01 15:19:44.337,11573,11574,11574,1
2020-07-01 15:19:44.431,11573,11574,11574,1
2020-07-01 15:19:44.453,11573,11574,11574,1
2020-07-01 15:19:46.514,11573,11574,11574,1
2020-07-01 15:19:46.700,11573,11574,11574,3
2020-07-01 15:19:48.590,11573,11574,11574,1
2020-07-01 15:19:49.234,11573,11574,11573,1
2020-07-01 15:19:49.332,11573,11574,11574,1
2020-07-01 15:19:49.546,11573,11574,11574,1
2020-07-01 15:19:49.732,11573,11574,11574,1
2020-07-01 15:19:49.910,11573,11574,11574,1
2020-07-01 15:19:50.561,11573,11574,11574,1
2020-07-01 15:19:52.355,11573,11574,11574,1
2020-07-01 15:19:59.495,11573,11574,11573,1
2020-07-01 15:19:59.496,11573,11574,11573,1
2020-07-01 15:19:59.496,11573,11574,11573,8
2020-07-01 15:20:10.688,11572,11573,11573,1
2020-07-01 15:20:22.673,11572,11573,11573,2
2020-07-01 15:20:25.938,11572,11573,11573,1
2020-07-01 15:20:30.266,11572,11573,11573,1
2020-07-01 15:20:32.436,11572,11573,11572,5
2020-07-01 15:20:32.803,11572,11573,11573,1
2020-07-01 15:20:36.319,11572,11573,11573,2
2020-07-01 15:20:36.319,11572,11573,11573,2
2020-07-01 15:20:36.319,11572,11573,11573,1
2020-07-01 15:20:36.319,11572,11573,11573,11
2020-07-01 15:20:36.507,11573,11574,11573,4
2020-07-01 15:20:40.091,11573,11574,11573,1
2020-07-01 15:20:43.783,11573,11574,11573,1
2020-07-01 15:20:45.038,11573,11574,11574,1
2020-07-01 15:20:45.039,11573,11574,11574,1
2020-07-01 15:20:45.077,11573,11574,11574,1
2020-07-01 15:20:45.077,11573,11574,11574,3
2020-07-01 15:20:45.098,11573,11574,11574,3
2020-07-01 15:20:48.186,11574,11575,11575,1
2020-07-01 15:20:49.782,11574,11575,11574,2
2020-07-01 15:20:49.842,11574,11575,11574,1
2020-07-01 15:20:50.587,11574,11575,11574,1
2020-07-01 15:20:53.365,11574,11575,11575,5
2020-07-01 15:20:55.003,11574,11575,11574,1
2020-07-01 15:20:59.684,11574,11575,11575,1
2020-07-01 15:20:59.869,11574,11575,11574,2
2020-07-01 15:21:00.253,11574,11575,11575,1
2020-07-01 15:21:01.556,11574,11575,11574,1
2020-07-01 15:21:02.249,11574,11575,11575,4
2020-07-01 15:21:02.249,11574,11575,11575,13
2020-07-01 15:21:02.263,11575,11576,11575,1
2020-07-01 15:21:04.998,11575,11576,11576,5
2020-07-01 15:21:04.998,11575,11576,11576,8
2020-07-01 15:21:04.998,11575,11576,11576,11
2020-07-01 15:21:05.285,11576,11577,11576,1
2020-07-01 15:21:05.323,11576,11577,11577,3
2020-07-01 15:21:05.939,11575,11577,11575,1
2020-07-01 15:21:06.371,11575,11577,11575,2
2020-07-01 15:21:06.698,11575,11577,11577,1
2020-07-01 15:21:09.445,11576,11577,11577,1
2020-07-01 15:21:13.653,11576,11577,11576,5
2020-07-01 15:21:15.312,11576,11577,11577,1
2020-07-01 15:21:17.998,11576,11577,11577,1
2020-07-01 15:21:18.894,11576,11577,11577,4
2020-07-01 15:21:18.894,11576,11577,11577,1
2020-07-01 15:21:18.894,11576,11577,11577,1
2020-07-01 15:21:18.894,11576,11577,11577,1
2020-07-01 15:21:18.894,11576,11577,11577,1
2020-07-01 15:21:18.895,11576,11577,11577,4
2020-07-01 15:21:18.895,11576,11577,11577,1
2020-07-01 15:21:18.895,11576,11577,11577,5
2020-07-01 15:21:18.895,11576,11577,11577,6
2020-07-01 15:21:19.172,11577,11578,11577,1
2020-07-01 15:21:19.182,11577,11578,11577,1
2020-07-01 15:21:19.182,11577,11578,11577,1
2020-07-01 15:21:19.182,11577,11578,11577,1
2020-07-01 15:21:19.278,11577,11578,11578,5
2020-07-01 15:21:21.853,11577,11578,11577,1
2020-07-01 15:21:22.352,11576,11577,11577,1
2020-07-01 15:21:23.053,11576,11577,11576,2
2020-07-01 15:21:23.557,11576,11577,11577,1
2020-07-01 15:21:25.045,11576,11577,11577,1
2020-07-01 15:21:26.718,11576,11577,11577,1
2020-07-01 15:21:27.479,11576,11577,11577,1
2020-07-01 15:21:29.446,11576,11577,11577,2
2020-07-01 15:21:29.455,11576,11577,11577,2
2020-07-01 15:21:31.213,11576,11577,11577,4
2020-07-01 15:21:32.418,11577,11578,11578,1
2020-07-01 15:21:33.084,11577,11578,11577,1
2020-07-01 15:21:33.740,11577,11578,11578,1
2020-07-01 15:21:36.770,11577,11578,11577,2
2020-07-01 15:21:38.132,11577,11578,11578,1
2020-07-01 15:21:39.573,11577,11578,11578,1
2020-07-01 15:21:40.352,11577,11578,11578,2
2020-07-01 15:21:41.403,11577,11578,11578,2
2020-07-01 15:21:41.859,11577,11578,11578,1
2020-07-01 15:21:42.865,11577,11578,11578,1
2020-07-01 15:21:43.209,11577,11578,11578,1
2020-07-01 15:21:43.957,11577,11578,11578,2
2020-07-01 15:21:46.304,11577,11578,11578,9
2020-07-01 15:21:46.305,11577,11578,11578,1
2020-07-01 15:21:46.305,11577,11578,11578,4
2020-07-01 15:21:46.305,11577,11578,11578,3
2020-07-01 15:21:46.528,11578,11579,11579,2
2020-07-01 15:21:47.026,11578,11579,11578,1
2020-07-01 15:21:47.621,11577,11579,11577,1
2020-07-01 15:21:51.205,11578,11579,11578,1
2020-07-01 15:21:52.331,11578,11579,11578,1
2020-07-01 15:21:52.617,11578,11579,11579,1
2020-07-01 15:21:55.312,11578,11579,11579,4
2020-07-01 15:21:55.554,11578,11579,11579,1
2020-07-01 15:21:59.289,11578,11579,11579,1
2020-07-01 15:21:59.933,11578,11579,11579,1
2020-07-01 15:22:00.565,11578,11579,11579,1
2020-07-01 15:22:00.734,11578,11579,11579,6
2020-07-01 15:22:01.188,11579,11580,11580,1
2020-07-01 15:22:01.297,11579,11580,11580,1
2020-07-01 15:22:01.323,11579,11580,11580,1
2020-07-01 15:22:01.326,11579,11580,11580,5
2020-07-01 15:22:01.366,11579,11580,11580,1
2020-07-01 15:22:01.583,11579,11580,11580,4
2020-07-01 15:22:01.584,11579,11580,11580,1
2020-07-01 15:22:01.664,11579,11580,11580,2
2020-07-01 15:22:02.352,11579,11580,11580,2
2020-07-01 15:22:03.042,11579,11580,11580,1
2020-07-01 15:22:03.946,11579,11580,11579,1
2020-07-01 15:22:05.007,11579,11580,11580,1
2020-07-01 15:22:07.017,11579,11580,11580,2
2020-07-01 15:22:08.418,11579,11580,11580,2
2020-07-01 15:22:09.073,11579,11580,11580,2
2020-07-01 15:22:09.854,11580,11581,11581,2
2020-07-01 15:22:09.941,11580,11581,11581,1
2020-07-01 15:22:10.609,11580,11581,11580,1
2020-07-01 15:22:11.805,11580,11581,11581,2
2020-07-01 15:22:12.572,11580,11581,11581,2
2020-07-01 15:22:13.220,11580,11581,11581,6
2020-07-01 15:22:14.470,11580,11581,11581,1
2020-07-01 15:22:14.645,11580,11581,11581,1
2020-07-01 15:22:15.019,11580,11581,11581,3
2020-07-01 15:22:15.793,11580,11581,11581,2
2020-07-01 15:22:17.329,11580,11581,11581,5
2020-07-01 15:22:18.297,11580,11581,11581,1
2020-07-01 15:22:18.776,11580,11581,11581,1
2020-07-01 15:22:18.898,11580,11581,11581,1
2020-07-01 15:22:22.244,11580,11581,11581,2
2020-07-01 15:22:22.872,11580,11581,11581,5
2020-07-01 15:22:25.090,11580,11581,11581,1
2020-07-01 15:22:28.384,11580,11581,11581,1
2020-07-01 15:22:28.397,11580,11581,11581,2
2020-07-01 15:22:29.256,11580,11581,11581,1
2020-07-01 15:22:30.864,11580,11581,11581,1
2020-07-01 15:22:32.996,11580,11581,11581,4
2020-07-01 15:22:34.478,11580,11581,11580,2
2020-07-01 15:22:34.546,11580,11581,11580,1
2020-07-01 15:22:34.690,11580,11581,11581,2
2020-07-01 15:22:35.533,11580,11581,11581,5
2020-07-01 15:22:37.804,11580,11581,11580,3
2020-07-01 15:22:38.088,11580,11581,11581,8
2020-07-01 15:22:41.903,11580,11581,11581,1
2020-07-01 15:22:42.560,11580,11581,11581,1
2020-07-01 15:22:43.117,11580,11581,11581,2
2020-07-01 15:22:44.173,11580,11581,11581,5
2020-07-01 15:22:45.169,11580,11581,11580,1
2020-07-01 15:22:45.764,11580,11581,11581,1
2020-07-01 15:22:47.773,11580,11581,11581,1
2020-07-01 15:22:51.576,11580,11581,11580,1
2020-07-01 15:22:54.622,11580,11581,11581,6
2020-07-01 15:22:56.027,11580,11581,11581,1
2020-07-01 15:22:59.865,11580,11581,11581,1
2020-07-01 15:23:01.188,11580,11581,11581,1
2020-07-01 15:23:01.453,11580,11581,11581,1
2020-07-01 15:23:01.462,11580,11581,11581,1
2020-07-01 15:23:01.472,11580,11581,11581,1
2020-07-01 15:23:01.623,11580,11581,11581,1
2020-07-01 15:23:01.953,11580,11581,11581,1
2020-07-01 15:23:02.403,11580,11581,11581,3
2020-07-01 15:23:02.534,11580,11581,11581,1
2020-07-01 15:23:02.880,11580,11581,11581,1
2020-07-01 15:23:03.644,11581,11582,11581,1
2020-07-01 15:23:03.993,11581,11582,11581,1
2020-07-01 15:23:04.755,11581,11582,11581,1
2020-07-01 15:23:05.877,11580,11581,11581,1
2020-07-01 15:23:06.105,11580,11581,11580,1
2020-07-01 15:23:06.447,11580,11581,11581,2
2020-07-01 15:23:08.553,11580,11581,11581,1
2020-07-01 15:23:10.910,11580,11581,11581,1
2020-07-01 15:23:11.889,11580,11581,11581,3
2020-07-01 15:23:11.916,11580,11581,11581,1
2020-07-01 15:23:12.142,11580,11581,11581,2
2020-07-01 15:23:12.379,11580,11581,11581,1
2020-07-01 15:23:13.132,11580,11581,11581,1
2020-07-01 15:23:16.733,11580,11581,11581,1
2020-07-01 15:23:16.859,11580,11581,11581,4
2020-07-01 15:23:18.374,11580,11581,11581,1
2020-07-01 15:23:19.100,11580,11581,11581,1
2020-07-01 15:23:21.253,11580,11581,11581,1
2020-07-01 15:23:21.307,11580,11581,11581,1
2020-07-01 15:23:23.358,11580,11581,11581,2
2020-07-01 15:23:27.069,11580,11581,11581,1
2020-07-01 15:23:29.880,11580,11581,11581,5
2020-07-01 15:23:30.121,11580,11581,11581,1
2020-07-01 15:23:30.240,11580,11581,11580,1
2020-07-01 15:23:31.008,11580,11581,11581,1
2020-07-01 15:23:33.100,11580,11581,11581,1
2020-07-01 15:23:33.829,11580,11581,11580,1
2020-07-01 15:23:37.922,11580,11581,11581,1
2020-07-01 15:23:38.719,11580,11581,11581,8
2020-07-01 15:23:47.013,11580,11581,11581,1
2020-07-01 15:23:49.482,11580,11581,11581,1
2020-07-01 15:23:50.510,11580,11582,11582,1
2020-07-01 15:23:50.657,11580,11582,11582,1
2020-07-01 15:23:50.664,11580,11582,11582,1
2020-07-01 15:23:50.847,11580,11582,11582,1
2020-07-01 15:23:50.859,11580,11582,11582,1
2020-07-01 15:23:50.893,11581,11582,11582,2
2020-07-01 15:23:50.895,11581,11582,11582,1
2020-07-01 15:23:50.922,11581,11582,11582,4
2020-07-01 15:23:50.959,11581,11582,11582,2
2020-07-01 15:23:50.975,11581,11582,11582,2
2020-07-01 15:23:51.035,11581,11582,11582,1
2020-07-01 15:23:51.036,11581,11582,11582,1
2020-07-01 15:23:51.069,11581,11582,11582,1
2020-07-01 15:23:51.173,11581,11582,11582,1
2020-07-01 15:23:51.177,11581,11582,11582,1
2020-07-01 15:23:51.194,11581,11582,11582,13
2020-07-01 15:23:51.194,11581,11582,11582,10
2020-07-01 15:23:51.272,11582,11583,11582,2
2020-07-01 15:23:51.277,11582,11583,11583,2
2020-07-01 15:23:51.293,11582,11583,11583,1
2020-07-01 15:23:51.301,11582,11583,11583,1
2020-07-01 15:23:51.307,11582,11583,11583,4
2020-07-01 15:23:51.313,11582,11583,11583,3
2020-07-01 15:23:51.315,11582,11583,11583,3
2020-07-01 15:23:51.317,11582,11583,11583,1
2020-07-01 15:23:51.377,11582,11583,11583,1
2020-07-01 15:23:51.378,11582,11583,11583,1
2020-07-01 15:23:51.380,11582,11583,11583,1
2020-07-01 15:23:51.429,11582,11583,11583,1
2020-07-01 15:23:51.444,11582,11583,11584,3
2020-07-01 15:23:51.462,11582,11583,11584,2
2020-07-01 15:23:51.740,11582,11584,11582,1
2020-07-01 15:23:51.810,11582,11583,11583,1
2020-07-01 15:23:52.065,11582,11583,11583,3
2020-07-01 15:23:52.065,11582,11583,11584,1
2020-07-01 15:23:52.291,11582,11584,11584,1
2020-07-01 15:23:52.418,11582,11583,11583,1
2020-07-01 15:23:53.858,11582,11583,11582,1
2020-07-01 15:23:54.526,11581,11583,11583,4
2020-07-01 15:23:55.141,11581,11582,11582,1
2020-07-01 15:23:59.944,11581,11582,11581,1
2020-07-01 15:24:00.124,11581,11582,11582,2
2020-07-01 15:24:00.124,11581,11582,11583,6
2020-07-01 15:24:00.537,11581,11583,11583,1
2020-07-01 15:24:04.002,11582,11583,11583,1
2020-07-01 15:24:04.325,11582,11583,11583,1
2020-07-01 15:24:04.947,11582,11583,11582,1
2020-07-01 15:24:06.441,11582,11583,11582,1
2020-07-01 15:24:10.216,11582,11583,11582,4
2020-07-01 15:24:11.510,11582,11583,11583,1
2020-07-01 15:24:14.103,11582,11583,11583,3
2020-07-01 15:24:14.792,11582,11584,11582,1
2020-07-01 15:24:14.954,11582,11583,11583,1
2020-07-01 15:24:20.041,11582,11583,11582,1
2020-07-01 15:24:22.888,11582,11583,11583,1
2020-07-01 15:24:25.753,11582,11583,11582,1
2020-07-01 15:24:27.487,11582,11583,11583,5
2020-07-01 15:24:29.041,11582,11583,11583,1
2020-07-01 15:24:29.730,11582,11583,11583,14
2020-07-01 15:24:29.798,11583,11584,11583,1
2020-07-01 15:24:29.885,11583,11584,11583,1
2020-07-01 15:24:32.676,11583,11584,11583,2
2020-07-01 15:24:33.515,11583,11584,11584,1
2020-07-01 15:24:34.856,11583,11584,11584,1
2020-07-01 15:24:38.460,11583,11584,11584,1
2020-07-01 15:24:43.803,11583,11584,11583,1
2020-07-01 15:24:45.033,11583,11584,11583,1
2020-07-01 15:24:46.124,11583,11584,11583,1
2020-07-01 15:24:46.237,11583,11584,11584,2
2020-07-01 15:24:46.287,11583,11584,11584,2
2020-07-01 15:24:46.287,11583,11584,11584,2
2020-07-01 15:24:46.338,11583,11584,11584,2
2020-07-01 15:24:46.797,11583,11584,11584,5
2020-07-01 15:24:46.798,11583,11584,11584,4
2020-07-01 15:24:46.798,11583,11584,11584,4
2020-07-01 15:24:47.190,11583,11585,11583,1
2020-07-01 15:24:48.970,11584,11585,11584,4
2020-07-01 15:24:49.733,11584,11585,11584,1
2020-07-01 15:24:51.844,11584,11585,11585,2
2020-07-01 15:24:52.019,11584,11585,11585,1
2020-07-01 15:24:53.793,11584,11585,11584,1
2020-07-01 15:24:55.746,11584,11585,11584,1
2020-07-01 15:24:56.521,11584,11585,11584,1
2020-07-01 15:24:56.593,11584,11585,11585,3
2020-07-01 15:25:02.076,11584,11585,11584,2
2020-07-01 15:25:02.610,11584,11585,11584,1
2020-07-01 15:25:03.574,11584,11585,11584,1
2020-07-01 15:25:04.565,11584,11585,11584,1
2020-07-01 15:25:05.844,11584,11585,11584,18
2020-07-01 15:25:06.165,11584,11585,11585,2
2020-07-01 15:25:07.523,11584,11585,11585,3
2020-07-01 15:25:09.088,11584,11585,11584,1
2020-07-01 15:25:09.213,11584,11585,11585,1
2020-07-01 15:25:09.649,11584,11585,11584,1
2020-07-01 15:25:10.998,11584,11585,11584,5
2020-07-01 15:25:12.760,11584,11585,11584,2
2020-07-01 15:25:13.338,11583,11585,11584,1
2020-07-01 15:25:15.572,11584,11585,11584,2
2020-07-01 15:25:16.309,11584,11585,11584,1
2020-07-01 15:25:16.309,11584,11585,11584,2
2020-07-01 15:25:17.010,11583,11584,11584,2
2020-07-01 15:25:17.123,11583,11584,11583,1
2020-07-01 15:25:20.448,11583,11584,11583,1
2020-07-01 15:25:20.946,11583,11584,11583,1
2020-07-01 15:25:20.946,11583,11584,11583,23
2020-07-01 15:25:24.524,11582,11583,11582,1
2020-07-01 15:25:24.833,11582,11583,11582,7
2020-07-01 15:25:28.186,11581,11582,11582,1
2020-07-01 15:25:28.336,11581,11582,11581,6
2020-07-01 15:25:28.563,11580,11581,11581,1
2020-07-01 15:25:28.736,11580,11581,11581,4
2020-07-01 15:25:30.037,11580,11581,11580,1
2020-07-01 15:25:31.158,11580,11581,11580,1
2020-07-01 15:25:32.071,11580,11581,11580,1
2020-07-01 15:25:32.720,11580,11581,11580,1
2020-07-01 15:25:35.788,11580,11581,11580,1
2020-07-01 15:25:38.877,11580,11581,11580,1
2020-07-01 15:25:39.332,11580,11581,11580,1
2020-07-01 15:25:42.186,11580,11581,11580,1
2020-07-01 15:25:45.261,11580,11581,11580,1
2020-07-01 15:25:49.652,11580,11581,11580,2
2020-07-01 15:25:49.943,11580,11581,11580,10
2020-07-01 15:25:52.306,11580,11581,11580,1
2020-07-01 15:25:52.933,11580,11581,11581,1
2020-07-01 15:25:53.758,11580,11581,11581,1
2020-07-01 15:25:53.818,11580,11581,11580,1
2020-07-01 15:25:57.784,11580,11581,11580,1
2020-07-01 15:25:59.101,11580,11581,11580,1
2020-07-01 15:26:00.356,11580,11581,11581,1
2020-07-01 15:26:00.994,11580,11581,11581,1
2020-07-01 15:26:07.763,11580,11581,11581,2
2020-07-01 15:26:07.763,11580,11581,11581,10
2020-07-01 15:26:07.764,11580,11581,11581,2
2020-07-01 15:26:10.882,11581,11582,11581,3
2020-07-01 15:26:13.673,11581,11582,11581,1
2020-07-01 15:26:13.731,11581,11582,11582,1
2020-07-01 15:26:14.143,11581,11582,11581,1
2020-07-01 15:26:14.320,11581,11582,11581,1
2020-07-01 15:26:15.801,11581,11582,11581,1
2020-07-01 15:26:23.212,11581,11582,11581,1
2020-07-01 15:26:23.428,11581,11582,11581,1
2020-07-01 15:26:24.220,11581,11582,11581,1
2020-07-01 15:26:24.690,11581,11582,11581,1
2020-07-01 15:26:25.280,11581,11582,11581,4
2020-07-01 15:26:28.672,11581,11582,11581,1
2020-07-01 15:26:29.308,11581,11582,11581,1
2020-07-01 15:26:33.424,11581,11582,11581,1
2020-07-01 15:26:40.683,11581,11582,11581,1
2020-07-01 15:26:43.357,11581,11582,11581,2
2020-07-01 15:26:46.014,11581,11582,11581,1
2020-07-01 15:26:46.014,11581,11582,11581,3
2020-07-01 15:26:46.065,11581,11582,11581,2
2020-07-01 15:26:55.921,11581,11582,11581,1
2020-07-01 15:26:59.899,11581,11582,11582,1
2020-07-01 15:27:02.924,11581,11582,11582,1
2020-07-01 15:27:03.199,11581,11582,11582,6
2020-07-01 15:27:03.200,11581,11582,11582,2
2020-07-01 15:27:03.200,11581,11582,11582,4
2020-07-01 15:27:03.200,11581,11582,11582,5
2020-07-01 15:27:03.240,11581,11582,11583,2
2020-07-01 15:27:03.243,11581,11582,11583,6
2020-07-01 15:27:03.258,11582,11583,11583,2
2020-07-01 15:27:03.323,11582,11583,11583,1
2020-07-01 15:27:03.323,11582,11583,11584,1
2020-07-01 15:27:03.444,11582,11584,11584,2
2020-07-01 15:27:03.624,11582,11584,11584,2
2020-07-01 15:27:03.627,11582,11584,11584,2
2020-07-01 15:27:03.646,11582,11584,11584,2
2020-07-01 15:27:03.658,11582,11584,11584,4
2020-07-01 15:27:03.668,11582,11584,11584,6
2020-07-01 15:27:03.679,11582,11584,11584,2
2020-07-01 15:27:03.848,11583,11584,11584,2
2020-07-01 15:27:04.341,11583,11584,11584,2
2020-07-01 15:27:04.442,11583,11585,11585,4
2020-07-01 15:27:05.182,11583,11585,11583,1
2020-07-01 15:27:13.643,11583,11584,11583,1
2020-07-01 15:27:15.504,11582,11583,11582,5
2020-07-01 15:27:20.154,11582,11583,11583,1
2020-07-01 15:27:23.594,11582,11583,11582,1
2020-07-01 15:27:26.004,11582,11583,11582,2
2020-07-01 15:27:26.339,11582,11583,11583,1
2020-07-01 15:27:47.679,11582,11583,11583,1
2020-07-01 15:27:48.398,11582,11583,11582,2
2020-07-01 15:27:48.557,11581,11582,11582,1
2020-07-01 15:28:04.328,11581,11582,11582,1
2020-07-01 15:28:08.137,11581,11582,11581,25
2020-07-01 15:28:09.302,11580,11581,11581,1
2020-07-01 15:28:09.862,11581,11582,11581,1
2020-07-01 15:28:14.656,11581,11582,11581,1
2020-07-01 15:28:17.011,11581,11582,11581,1
2020-07-01 15:28:19.711,11580,11582,11580,1
2020-07-01 15:28:19.986,11580,11582,11582,4
2020-07-01 15:28:21.679,11581,11582,11581,1
2020-07-01 15:28:32.761,11581,11582,11581,1
2020-07-01 15:28:34.431,11581,11582,11581,2
2020-07-01 15:28:42.651,11580,11581,11580,1
2020-07-01 15:28:44.097,11580,11581,11581,1
2020-07-01 15:28:51.177,11580,11581,11580,1
2020-07-01 15:28:57.612,11580,11581,11580,1
2020-07-01 15:29:08.877,11580,11581,11580,2
2020-07-01 15:29:15.102,11580,11581,11580,1
2020-07-01 15:29:18.156,11580,11581,11580,5
2020-07-01 15:29:20.493,11580,11581,11580,2
2020-07-01 15:29:24.023,11580,11581,11580,1
2020-07-01 15:29:33.075,11580,11581,11580,5
2020-07-01 15:29:36.787,11580,11581,11580,5
2020-07-01 15:29:37.441,11580,11581,11580,5
2020-07-01 15:29:40.741,11580,11581,11580,1
2020-07-01 15:29:42.029,11580,11581,11580,1
2020-07-01 15:29:45.055,11580,11581,11580,9
2020-07-01 15:29:45.056,11580,11581,11580,5
2020-07-01 15:29:45.264,11579,11580,11580,1
2020-07-01 15:29:45.375,11579,11580,11580,1
2020-07-01 15:29:49.411,11579,11580,11580,2
2020-07-01 15:29:51.020,11579,11580,11580,1
2020-07-01 15:29:51.020,11579,11580,11580,4
2020-07-01 15:29:51.255,11580,11581,11581,1
2020-07-01 15:29:52.766,11580,11581,11581,1
2020-07-01 15:30:01.117,11580,11581,11581,1
2020-07-01 15:30:01.117,11580,11581,11581,1
2020-07-01 15:30:01.118,11580,11581,11581,2
2020-07-01 15:30:01.118,11580,11581,11581,1
2020-07-01 15:30:01.118,11580,11581,11581,12
2020-07-01 15:30:01.119,11580,11581,11581,7
2020-07-01 15:30:01.351,11580,11582,11582,1
2020-07-01 15:30:01.405,11580,11581,11581,2
2020-07-01 15:30:01.405,11580,11581,11582,1
2020-07-01 15:30:01.473,11580,11581,11582,3
2020-07-01 15:30:01.473,11580,11581,11582,1
2020-07-01 15:30:01.487,11580,11581,11582,4
2020-07-01 15:30:01.520,11581,11582,11582,1
2020-07-01 15:30:01.527,11581,11582,11582,1
2020-07-01 15:30:01.530,11581,11582,11582,1
2020-07-01 15:30:01.674,11581,11582,11582,1
2020-07-01 15:30:02.125,11581,11583,11583,1
2020-07-01 15:30:02.549,11581,11583,11583,1
2020-07-01 15:30:03.171,11582,11583,11582,1
2020-07-01 15:30:06.862,11581,11582,11581,1
2020-07-01 15:30:10.296,11581,11582,11582,1
2020-07-01 15:30:15.542,11581,11582,11581,2
2020-07-01 15:30:17.907,11580,11582,11582,1
2020-07-01 15:30:21.080,11581,11582,11581,1
2020-07-01 15:30:26.375,11580,11581,11581,1
2020-07-01 15:30:29.825,11580,11581,11581,1
2020-07-01 15:30:33.453,11580,11581,11581,5
2020-07-01 15:30:39.066,11580,11582,11580,1
2020-07-01 15:30:40.490,11580,11581,11580,1
2020-07-01 15:30:50.900,11580,11581,11580,1
2020-07-01 15:30:55.333,11580,11581,11580,2
2020-07-01 15:30:57.511,11580,11581,11580,1
2020-07-01 15:30:57.986,11580,11581,11580,1
2020-07-01 15:31:02.121,11580,11581,11580,1
2020-07-01 15:31:03.123,11580,11581,11580,1
2020-07-01 15:31:08.720,11580,11581,11581,1
2020-07-01 15:31:10.001,11580,11581,11580,2
2020-07-01 15:31:11.124,11580,11581,11580,2
2020-07-01 15:31:15.550,11580,11581,11580,1
2020-07-01 15:31:17.652,11580,11581,11580,1
2020-07-01 15:31:21.256,11580,11581,11581,2
2020-07-01 15:31:21.256,11580,11581,11581,5
2020-07-01 15:31:32.474,11580,11582,11580,1
2020-07-01 15:31:33.271,11580,11582,11581,1
2020-07-01 15:31:37.045,11580,11582,11580,1
2020-07-01 15:31:44.421,11580,11581,11581,2
2020-07-01 15:31:50.673,11580,11581,11581,1
2020-07-01 15:32:00.880,11580,11581,11581,1
2020-07-01 15:32:06.002,11580,11581,11581,1
2020-07-01 15:32:11.737,11580,11581,11581,1
2020-07-01 15:32:23.603,11580,11581,11581,2
2020-07-01 15:32:43.692,11580,11581,11581,1
2020-07-01 15:32:44.063,11580,11581,11581,1
2020-07-01 15:32:52.338,11580,11581,11581,1
2020-07-01 15:32:53.953,11580,11581,11581,1
2020-07-01 15:32:59.567,11580,11581,11580,2
2020-07-01 15:32:59.567,11580,11581,11580,2
2020-07-01 15:32:59.567,11580,11581,11580,3
2020-07-01 15:33:04.661,11579,11580,11580,1
2020-07-01 15:33:04.662,11579,11580,11580,1
2020-07-01 15:33:06.714,11580,11581,11580,1
2020-07-01 15:33:17.489,11580,11581,11580,1
2020-07-01 15:33:20.129,11580,11581,11581,1
2020-07-01 15:33:20.635,11580,11581,11580,2
2020-07-01 15:33:21.456,11580,11581,11580,1
2020-07-01 15:33:22.111,11579,11581,11581,1
2020-07-01 15:33:22.171,11580,11581,11580,1
2020-07-01 15:33:24.549,11579,11580,11580,1
2020-07-01 15:33:25.227,11579,11581,11581,1
2020-07-01 15:33:31.129,11579,11581,11581,1
2020-07-01 15:33:35.226,11580,11581,11580,1
2020-07-01 15:33:36.028,11580,11581,11580,1
2020-07-01 15:33:48.554,11580,11581,11580,1
2020-07-01 15:33:57.247,11580,11581,11580,1
2020-07-01 15:34:00.778,11580,11581,11581,1
2020-07-01 15:34:00.778,11580,11581,11581,13
2020-07-01 15:34:00.778,11580,11581,11581,4
2020-07-01 15:34:00.779,11580,11581,11581,6
2020-07-01 15:34:01.768,11581,11582,11582,1
2020-07-01 15:34:03.437,11581,11582,11582,5
2020-07-01 15:34:12.210,11581,11582,11581,1
2020-07-01 15:34:13.758,11581,11582,11582,1
2020-07-01 15:34:15.656,11581,11582,11581,1
2020-07-01 15:34:18.896,11581,11582,11582,2
2020-07-01 15:34:20.297,11581,11582,11581,1
2020-07-01 15:34:25.389,11581,11582,11581,1
2020-07-01 15:34:29.759,11581,11582,11582,3
2020-07-01 15:34:29.759,11581,11582,11582,4
2020-07-01 15:34:29.759,11581,11582,11582,3
2020-07-01 15:34:29.759,11581,11582,11582,1
2020-07-01 15:34:35.129,11582,11583,11582,1
2020-07-01 15:34:35.984,11582,11583,11583,1
2020-07-01 15:34:35.984,11582,11583,11583,1
2020-07-01 15:34:35.985,11582,11583,11583,4
2020-07-01 15:34:35.985,11582,11583,11583,4
2020-07-01 15:34:35.985,11582,11583,11583,11
2020-07-01 15:34:37.130,11583,11584,11583,2
2020-07-01 15:34:37.753,11583,11584,11583,5
2020-07-01 15:34:40.650,11583,11584,11584,1
2020-07-01 15:34:40.650,11583,11584,11584,2
2020-07-01 15:34:40.651,11583,11584,11584,5
2020-07-01 15:34:42.074,11584,11585,11584,1
2020-07-01 15:34:42.267,11584,11585,11585,5
2020-07-01 15:34:42.710,11584,11585,11585,1
2020-07-01 15:34:43.799,11584,11585,11584,1
2020-07-01 15:34:45.077,11584,11585,11585,10
2020-07-01 15:34:45.078,11584,11585,11585,4
2020-07-01 15:34:45.078,11584,11585,11585,3
2020-07-01 15:34:45.078,11584,11585,11585,1
2020-07-01 15:34:45.719,11585,11586,11585,1
2020-07-01 15:34:46.896,11585,11586,11586,1
2020-07-01 15:34:46.904,11585,11586,11586,22
2020-07-01 15:34:46.956,11585,11586,11587,1
2020-07-01 15:34:47.071,11586,11587,11587,1
2020-07-01 15:34:47.565,11586,11587,11587,4
2020-07-01 15:34:48.595,11586,11587,11587,1
2020-07-01 15:34:51.290,11586,11587,11586,1
2020-07-01 15:34:51.960,11586,11587,11587,5
2020-07-01 15:34:51.969,11586,11587,11588,2
2020-07-01 15:34:52.492,11587,11588,11588,1
2020-07-01 15:34:53.127,11587,11588,11587,3
2020-07-01 15:34:53.930,11587,11588,11588,1
2020-07-01 15:34:53.930,11587,11588,11588,3
2020-07-01 15:34:53.930,11587,11588,11588,1
2020-07-01 15:34:53.931,11587,11588,11588,4
2020-07-01 15:34:53.931,11587,11588,11588,1
2020-07-01 15:34:53.931,11587,11588,11588,5
2020-07-01 15:34:53.931,11587,11588,11588,2
2020-07-01 15:34:53.931,11587,11588,11588,1
2020-07-01 15:34:53.941,11587,11588,11588,2
2020-07-01 15:34:53.941,11587,11588,11588,5
2020-07-01 15:34:53.941,11587,11588,11588,3
2020-07-01 15:34:53.979,11587,11588,11588,1
2020-07-01 15:34:54.279,11588,11589,11588,3
2020-07-01 15:34:54.375,11588,11589,11589,1
2020-07-01 15:34:54.665,11587,11589,11589,3
2020-07-01 15:34:54.744,11587,11589,11589,22
2020-07-01 15:34:54.744,11587,11589,11590,48
2020-07-01 15:34:54.745,11587,11589,11590,1
2020-07-01 15:34:54.846,11589,11591,11591,1
2020-07-01 15:34:55.354,11590,11591,11591,1
2020-07-01 15:34:55.355,11590,11591,11591,1
2020-07-01 15:34:56.134,11590,11591,11590,1
2020-07-01 15:34:56.180,11590,11591,11590,1
2020-07-01 15:34:57.217,11589,11590,11589,1
2020-07-01 15:34:57.217,11589,11590,11589,5
2020-07-01 15:34:57.217,11589,11590,11589,2
2020-07-01 15:34:57.218,11589,11590,11589,2
2020-07-01 15:34:57.789,11588,11589,11588,2
2020-07-01 15:34:57.789,11588,11589,11588,4
2020-07-01 15:34:58.914,11587,11588,11588,1
2020-07-01 15:34:59.012,11587,11588,11588,3
2020-07-01 15:34:59.443,11587,11588,11587,2
2020-07-01 15:34:59.878,11587,11588,11587,2
2020-07-01 15:34:59.996,11587,11588,11587,2
2020-07-01 15:35:00.334,11586,11587,11586,4
2020-07-01 15:35:00.406,11586,11587,11587,2
2020-07-01 15:35:01.569,11586,11588,11587,1
2020-07-01 15:35:01.808,11587,11588,11588,1
2020-07-01 15:35:02.169,11587,11588,11588,2
2020-07-01 15:35:02.648,11587,11588,11587,2
2020-07-01 15:35:02.648,11587,11588,11587,2
2020-07-01 15:35:03.265,11585,11587,11587,1
2020-07-01 15:35:04.568,11585,11587,11585,1
2020-07-01 15:35:05.865,11585,11587,11587,1
2020-07-01 15:35:06.279,11586,11587,11586,1
2020-07-01 15:35:07.662,11585,11587,11587,2
2020-07-01 15:35:08.371,11585,11587,11585,1
2020-07-01 15:35:10.975,11585,11586,11586,1
2020-07-01 15:35:10.988,11585,11586,11586,1
2020-07-01 15:35:11.715,11585,11586,11586,1
2020-07-01 15:35:11.759,11585,11586,11586,1
2020-07-01 15:35:12.058,11585,11586,11586,1
2020-07-01 15:35:13.784,11586,11587,11587,2
2020-07-01 15:35:15.083,11586,11587,11586,1
2020-07-01 15:35:15.375,11586,11587,11586,1
2020-07-01 15:35:15.597,11586,11587,11586,6
2020-07-01 15:35:16.571,11585,11586,11586,1
2020-07-01 15:35:16.857,11585,11586,11586,1
2020-07-01 15:35:17.524,11585,11587,11587,16
2020-07-01 15:35:19.001,11586,11587,11587,2
2020-07-01 15:35:21.115,11586,11587,11586,4
2020-07-01 15:35:21.620,11586,11587,11587,3
2020-07-01 15:35:22.987,11586,11587,11587,1
2020-07-01 15:35:23.487,11586,11587,11586,2
2020-07-01 15:35:23.917,11585,11587,11586,1
2020-07-01 15:35:24.312,11585,11587,11587,2
2020-07-01 15:35:25.097,11586,11587,11586,2
2020-07-01 15:35:25.911,11586,11587,11586,1
2020-07-01 15:35:28.137,11586,11587,11586,2
2020-07-01 15:35:28.290,11586,11587,11586,2
2020-07-01 15:35:28.400,11586,11587,11587,11
2020-07-01 15:35:28.928,11587,11588,11587,1
2020-07-01 15:35:29.609,11587,11588,11588,1
2020-07-01 15:35:30.493,11587,11588,11587,1
2020-07-01 15:35:30.991,11587,11588,11588,2
2020-07-01 15:35:31.013,11587,11588,11588,2
2020-07-01 15:35:34.210,11587,11588,11587,2
2020-07-01 15:35:35.074,11587,11588,11588,6
2020-07-01 15:35:35.500,11587,11588,11588,2
2020-07-01 15:35:36.077,11587,11588,11588,2
2020-07-01 15:35:37.566,11587,11588,11588,1
2020-07-01 15:35:37.652,11587,11588,11588,4
2020-07-01 15:35:37.652,11587,11588,11588,1
2020-07-01 15:35:38.208,11588,11589,11588,2
2020-07-01 15:35:40.279,11587,11588,11588,2
2020-07-01 15:35:40.279,11587,11588,11589,2
2020-07-01 15:35:44.205,11588,11589,11588,1
2020-07-01 15:35:44.510,11588,11589,11588,2
2020-07-01 15:35:52.547,11588,11589,11588,1
2020-07-01 15:35:52.593,11588,11589,11589,1
2020-07-01 15:35:53.240,11588,11589,11588,1
2020-07-01 15:35:55.552,11588,11589,11589,3
2020-07-01 15:35:56.863,11588,11589,11589,1
2020-07-01 15:35:59.509,11588,11589,11589,1
2020-07-01 15:36:00.995,11588,11589,11589,2
2020-07-01 15:36:01.175,11588,11589,11589,1
2020-07-01 15:36:01.238,11588,11589,11589,1
2020-07-01 15:36:01.243,11588,11589,11589,1
2020-07-01 15:36:01.243,11588,11589,11589,1
2020-07-01 15:36:01.251,11588,11589,11589,1
2020-07-01 15:36:01.254,11588,11589,11589,1
2020-07-01 15:36:01.263,11588,11589,11589,1
2020-07-01 15:36:01.267,11588,11589,11589,1
2020-07-01 15:36:01.270,11588,11589,11589,1
2020-07-01 15:36:01.273,11588,11589,11589,1
2020-07-01 15:36:01.288,11588,11589,11589,1
2020-07-01 15:36:01.288,11588,11589,11589,1
2020-07-01 15:36:01.289,11588,11589,11589,1
2020-07-01 15:36:01.292,11588,11589,11590,1
2020-07-01 15:36:01.340,11588,11589,11590,1
2020-07-01 15:36:01.357,11588,11589,11590,4
2020-07-01 15:36:01.382,11589,11590,11590,1
2020-07-01 15:36:01.417,11589,11590,11589,1
2020-07-01 15:36:01.444,11589,11590,11590,1
2020-07-01 15:36:01.538,11589,11590,11590,1
2020-07-01 15:36:01.606,11589,11590,11590,1
2020-07-01 15:36:01.606,11589,11590,11591,1
2020-07-01 15:36:01.619,11589,11590,11591,2
2020-07-01 15:36:01.792,11589,11591,11591,2
2020-07-01 15:36:02.903,11589,11590,11589,3
2020-07-01 15:36:02.998,11589,11590,11590,2
2020-07-01 15:36:03.250,11589,11590,11590,2
2020-07-01 15:36:04.562,11589,11590,11590,1
2020-07-01 15:36:05.407,11589,11590,11590,5
2020-07-01 15:36:05.593,11589,11590,11589,5
2020-07-01 15:36:05.778,11589,11590,11589,1
2020-07-01 15:36:06.771,11588,11589,11589,1
2020-07-01 15:36:07.690,11588,11589,11589,1
2020-07-01 15:36:11.842,11588,11589,11589,1
2020-07-01 15:36:11.983,11588,11589,11589,1
2020-07-01 15:36:12.089,11588,11589,11589,1
2020-07-01 15:36:12.207,11588,11589,11589,1
2020-07-01 15:36:12.457,11588,11589,11589,1
2020-07-01 15:36:12.589,11588,11589,11589,1
2020-07-01 15:36:12.611,11588,11589,11589,1
2020-07-01 15:36:12.755,11588,11589,11589,1
2020-07-01 15:36:13.530,11588,11589,11589,1
2020-07-01 15:36:18.537,11588,11589,11589,1
2020-07-01 15:36:18.994,11588,11589,11589,1
2020-07-01 15:36:19.482,11588,11589,11589,1
2020-07-01 15:36:19.741,11589,11590,11589,1
2020-07-01 15:36:21.278,11588,11589,11589,1
2020-07-01 15:36:21.745,11588,11589,11589,1
2020-07-01 15:36:23.633,11588,11589,11589,6
2020-07-01 15:36:24.049,11588,11589,11589,1
2020-07-01 15:36:34.553,11588,11589,11588,2
2020-07-01 15:36:34.714,11588,11589,11589,1
2020-07-01 15:36:35.577,11588,11589,11589,2
2020-07-01 15:36:40.319,11588,11589,11588,15
2020-07-01 15:36:43.862,11587,11588,11588,1
2020-07-01 15:36:45.278,11587,11588,11588,1
2020-07-01 15:36:48.633,11587,11588,11588,5
2020-07-01 15:36:48.633,11587,11588,11588,2
2020-07-01 15:36:48.822,11588,11589,11588,1
2020-07-01 15:36:52.570,11588,11589,11589,1
2020-07-01 15:36:53.369,11588,11589,11588,2
2020-07-01 15:36:54.056,11588,11589,11588,2
2020-07-01 15:37:02.402,11587,11588,11588,5
2020-07-01 15:37:03.804,11587,11588,11588,1
2020-07-01 15:37:09.574,11587,11588,11588,1
2020-07-01 15:37:12.026,11587,11588,11587,1
2020-07-01 15:37:14.275,11587,11588,11588,11
2020-07-01 15:37:14.275,11587,11588,11588,5
2020-07-01 15:37:14.275,11587,11588,11588,1
2020-07-01 15:37:16.513,11587,11588,11588,1
2020-07-01 15:37:18.883,11587,11588,11587,12
2020-07-01 15:37:22.100,11586,11587,11587,5
2020-07-01 15:37:22.100,11586,11587,11588,1
2020-07-01 15:37:23.437,11586,11588,11586,1
2020-07-01 15:37:27.228,11586,11587,11587,1
2020-07-01 15:37:27.523,11586,11587,11587,6
2020-07-01 15:37:29.034,11586,11587,11586,1
2020-07-01 15:37:29.673,11586,11587,11586,1
2020-07-01 15:37:30.145,11586,11587,11586,1
2020-07-01 15:37:37.030,11586,11587,11586,1
2020-07-01 15:37:40.456,11586,11587,11587,2
2020-07-01 15:37:42.605,11586,11587,11586,1
2020-07-01 15:37:49.917,11586,11587,11586,10
2020-07-01 15:38:00.968,11585,11586,11586,1
2020-07-01 15:38:02.954,11585,11586,11586,2
2020-07-01 15:38:03.669,11585,11586,11585,1
2020-07-01 15:38:04.571,11585,11586,11585,1
2020-07-01 15:38:08.225,11585,11586,11586,1
2020-07-01 15:38:09.161,11585,11586,11585,1
2020-07-01 15:38:13.893,11585,11586,11585,1
2020-07-01 15:38:14.098,11585,11586,11585,1
2020-07-01 15:38:15.192,11585,11586,11585,2
2020-07-01 15:38:15.704,11585,11586,11586,1
2020-07-01 15:38:16.223,11585,11586,11585,1
2020-07-01 15:38:16.393,11585,11586,11585,2
2020-07-01 15:38:18.538,11585,11586,11586,1
2020-07-01 15:38:19.811,11585,11586,11586,2
2020-07-01 15:38:21.932,11585,11586,11585,2
2020-07-01 15:38:22.727,11585,11586,11586,1
2020-07-01 15:38:25.240,11585,11586,11586,2
2020-07-01 15:38:34.065,11585,11586,11585,3
2020-07-01 15:38:34.925,11585,11586,11585,2
2020-07-01 15:38:41.216,11585,11586,11585,1
2020-07-01 15:38:41.324,11585,11586,11585,2
2020-07-01 15:38:41.832,11585,11586,11585,3
2020-07-01 15:38:42.365,11585,11586,11585,3
2020-07-01 15:38:42.365,11585,11586,11585,7
2020-07-01 15:38:42.873,11584,11585,11584,1
2020-07-01 15:38:42.918,11584,11585,11584,2
2020-07-01 15:38:42.954,11584,11585,11584,1
2020-07-01 15:38:43.137,11584,11585,11584,1
2020-07-01 15:38:44.497,11584,11585,11584,1
2020-07-01 15:38:46.133,11584,11585,11584,1
2020-07-01 15:38:48.685,11584,11585,11584,1
2020-07-01 15:38:48.822,11584,11585,11585,1
2020-07-01 15:38:49.871,11584,11585,11584,2
2020-07-01 15:38:51.087,11584,11585,11584,1
2020-07-01 15:38:54.252,11584,11585,11584,1
2020-07-01 15:38:57.390,11584,11585,11584,1
2020-07-01 15:39:02.041,11584,11585,11584,2
2020-07-01 15:39:02.387,11584,11585,11585,1
2020-07-01 15:39:02.884,11584,11585,11585,1
2020-07-01 15:39:02.894,11584,11585,11584,1
2020-07-01 15:39:03.282,11584,11585,11584,2
2020-07-01 15:39:03.537,11583,11584,11583,2
2020-07-01 15:39:03.705,11583,11584,11583,1
2020-07-01 15:39:03.723,11583,11584,11583,1
2020-07-01 15:39:03.928,11583,11584,11584,1
2020-07-01 15:39:09.252,11583,11584,11583,1
2020-07-01 15:39:10.353,11583,11584,11583,2
2020-07-01 15:39:10.410,11583,11584,11583,3
2020-07-01 15:39:13.933,11583,11584,11583,2
2020-07-01 15:39:15.000,11583,11584,11584,2
2020-07-01 15:39:15.483,11583,11584,11583,5
2020-07-01 15:39:20.704,11583,11584,11583,1
2020-07-01 15:39:20.741,11583,11584,11583,1
2020-07-01 15:39:20.742,11583,11584,11583,1
2020-07-01 15:39:21.590,11582,11584,11584,21
2020-07-01 15:39:21.591,11582,11584,11584,2
2020-07-01 15:39:30.137,11582,11583,11582,1
2020-07-01 15:39:39.554,11582,11583,11582,1
2020-07-01 15:39:44.681,11582,11583,11582,1
2020-07-01 15:40:04.209,11582,11583,11582,1
2020-07-01 15:40:04.945,11582,11583,11583,1
2020-07-01 15:40:04.946,11582,11583,11583,1
2020-07-01 15:40:06.111,11582,11583,11582,1
2020-07-01 15:40:11.580,11582,11583,11583,1
2020-07-01 15:40:11.580,11582,11583,11583,1
2020-07-01 15:40:11.580,11582,11583,11583,1
2020-07-01 15:40:11.580,11582,11583,11583,4
2020-07-01 15:40:16.800,11583,11584,11584,1
2020-07-01 15:40:17.086,11583,11584,11583,1
2020-07-01 15:40:18.208,11583,11584,11583,1
2020-07-01 15:40:18.912,11583,11584,11583,1
2020-07-01 15:40:22.369,11583,11584,11583,1
2020-07-01 15:40:24.694,11582,11583,11583,1
2020-07-01 15:40:30.605,11583,11584,11583,2
2020-07-01 15:40:36.675,11583,11584,11583,1
2020-07-01 15:40:43.068,11583,11584,11584,1
2020-07-01 15:40:43.068,11583,11584,11584,14
2020-07-01 15:40:52.456,11584,11585,11584,1
2020-07-01 15:41:18.529,11584,11585,11585,1
2020-07-01 15:41:19.024,11584,11585,11585,1
2020-07-01 15:41:21.581,11584,11585,11584,10
2020-07-01 15:41:28.035,11584,11585,11584,1
2020-07-01 15:41:29.648,11584,11585,11584,1
2020-07-01 15:41:36.171,11584,11585,11584,1
2020-07-01 15:41:42.935,11584,11585,11584,1
2020-07-01 15:41:50.023,11584,11585,11585,3
2020-07-01 15:41:50.023,11584,11585,11585,8
2020-07-01 15:41:51.256,11585,11586,11585,2
2020-07-01 15:42:01.791,11585,11586,11585,1
2020-07-01 15:42:01.791,11585,11586,11585,2
2020-07-01 15:42:02.131,11584,11585,11585,1
2020-07-01 15:42:02.925,11584,11585,11585,1
2020-07-01 15:42:10.415,11584,11585,11584,1
2020-07-01 15:42:13.621,11584,11585,11584,2
2020-07-01 15:42:16.088,11584,11585,11584,2
2020-07-01 15:42:17.611,11583,11584,11584,1
2020-07-01 15:42:23.156,11583,11584,11583,4
2020-07-01 15:42:23.156,11583,11584,11583,2
2020-07-01 15:42:23.156,11583,11584,11583,1
2020-07-01 15:42:24.514,11582,11583,11583,1
2020-07-01 15:42:26.318,11582,11583,11582,7
2020-07-01 15:42:26.319,11582,11583,11582,1
2020-07-01 15:42:34.428,11581,11582,11582,2
2020-07-01 15:42:39.213,11581,11582,11582,1
2020-07-01 15:42:39.342,11581,11582,11581,1
2020-07-01 15:42:39.469,11581,11582,11581,1
2020-07-01 15:42:39.657,11581,11582,11581,1
2020-07-01 15:42:46.263,11581,11582,11581,1
2020-07-01 15:42:55.463,11581,11582,11581,2
2020-07-01 15:42:55.976,11581,11582,11581,1
2020-07-01 15:43:00.279,11581,11582,11581,2
2020-07-01 15:43:05.187,11581,11582,11581,2
2020-07-01 15:43:06.223,11581,11582,11582,1
2020-07-01 15:43:08.781,11581,11582,11582,1
2020-07-01 15:43:09.016,11581,11582,11582,3
2020-07-01 15:43:14.566,11581,11582,11582,1
2020-07-01 15:43:14.566,11581,11582,11582,1
2020-07-01 15:43:16.546,11581,11582,11582,1
2020-07-01 15:43:17.088,11581,11583,11581,10
2020-07-01 15:43:18.265,11581,11582,11582,1
2020-07-01 15:43:28.670,11581,11582,11581,1
2020-07-01 15:43:28.670,11581,11582,11581,4
2020-07-01 15:43:28.670,11581,11582,11581,2
2020-07-01 15:43:35.010,11580,11581,11581,1
2020-07-01 15:43:36.550,11580,11581,11581,3
2020-07-01 15:43:40.869,11580,11581,11580,5
2020-07-01 15:43:40.923,11580,11581,11580,1
2020-07-01 15:43:41.108,11580,11581,11580,1
2020-07-01 15:43:41.160,11580,11581,11580,1
2020-07-01 15:43:41.160,11580,11581,11580,1
2020-07-01 15:43:41.185,11580,11581,11580,1
2020-07-01 15:43:52.200,11580,11581,11580,19
2020-07-01 15:44:00.285,11579,11580,11579,6
2020-07-01 15:44:00.396,11579,11580,11579,1
2020-07-01 15:44:00.421,11579,11580,11579,1
2020-07-01 15:44:11.742,11579,11580,11579,1
2020-07-01 15:44:12.720,11579,11580,11579,4
2020-07-01 15:44:13.336,11579,11580,11579,1
2020-07-01 15:44:13.433,11579,11580,11579,1
2020-07-01 15:44:15.593,11579,11580,11579,1
2020-07-01 15:44:15.593,11579,11580,11579,1
2020-07-01 15:44:18.438,11578,11579,11579,1
2020-07-01 15:44:19.551,11578,11579,11578,2
2020-07-01 15:44:19.733,11578,11579,11578,1
2020-07-01 15:44:22.089,11578,11579,11578,1
2020-07-01 15:44:22.121,11578,11579,11578,3
2020-07-01 15:44:26.652,11578,11579,11578,2
2020-07-01 15:44:33.493,11578,11579,11578,1
2020-07-01 15:44:34.907,11578,11579,11578,1
2020-07-01 15:44:36.459,11578,11579,11578,1
2020-07-01 15:44:36.723,11578,11579,11578,1
2020-07-01 15:44:40.402,11578,11579,11578,2
2020-07-01 15:44:40.805,11578,11579,11578,1
2020-07-01 15:44:40.941,11578,11579,11578,10
2020-07-01 15:44:42.813,11578,11579,11578,1
2020-07-01 15:44:43.858,11578,11579,11578,1
2020-07-01 15:44:44.363,11578,11579,11578,1
2020-07-01 15:44:47.777,11578,11579,11578,2
2020-07-01 15:44:51.875,11578,11579,11578,1
2020-07-01 15:44:53.985,11578,11579,11578,5
2020-07-01 15:44:55.653,11578,11579,11578,1
2020-07-01 15:44:57.372,11578,11579,11578,1
2020-07-01 15:45:08.878,11578,11579,11578,1
2020-07-01 15:45:09.842,11578,11579,11578,1
2020-07-01 15:45:11.497,11578,11579,11578,1
2020-07-01 15:45:13.921,11578,11579,11579,1
2020-07-01 15:45:15.939,11578,11579,11578,1
2020-07-01 15:45:21.935,11578,11579,11578,1
2020-07-01 15:45:25.877,11578,11579,11579,2
2020-07-01 15:45:25.878,11578,11579,11579,18
2020-07-01 15:45:32.324,11579,11580,11579,1
2020-07-01 15:45:46.007,11579,11580,11579,1
2020-07-01 15:46:01.612,11579,11580,11579,1
2020-07-01 15:46:09.073,11579,11580,11580,2
2020-07-01 15:46:09.073,11579,11580,11580,2
2020-07-01 15:46:09.073,11579,11580,11580,3
2020-07-01 15:46:09.073,11579,11580,11580,2
2020-07-01 15:46:09.370,11580,11581,11580,1
2020-07-01 15:46:10.064,11579,11581,11581,1
2020-07-01 15:46:16.775,11580,11581,11581,1
2020-07-01 15:46:24.063,11580,11581,11581,1
2020-07-01 15:46:26.487,11580,11581,11580,1
2020-07-01 15:46:32.359,11580,11581,11581,1
2020-07-01 15:46:35.396,11580,11581,11581,1
2020-07-01 15:46:37.458,11580,11581,11581,1
2020-07-01 15:46:39.385,11580,11581,11581,4
2020-07-01 15:46:42.078,11581,11582,11582,1
2020-07-01 15:46:42.319,11581,11582,11582,1
2020-07-01 15:46:43.171,11581,11582,11581,1
2020-07-01 15:46:43.938,11581,11582,11581,1
2020-07-01 15:46:49.462,11581,11582,11581,4
2020-07-01 15:46:50.676,11580,11581,11581,6
2020-07-01 15:46:50.877,11581,11582,11581,1
2020-07-01 15:46:52.592,11580,11582,11581,1
2020-07-01 15:46:53.419,11580,11581,11581,1
2020-07-01 15:46:54.434,11580,11581,11581,1
2020-07-01 15:46:59.588,11580,11581,11581,1
2020-07-01 15:47:00.857,11580,11581,11581,1
2020-07-01 15:47:10.616,11581,11582,11581,1
2020-07-01 15:47:12.046,11581,11582,11581,1
2020-07-01 15:47:25.542,11580,11581,11581,10
2020-07-01 15:47:25.542,11580,11581,11581,5
2020-07-01 15:47:33.933,11580,11581,11581,1
2020-07-01 15:47:34.315,11581,11582,11581,1
2020-07-01 15:47:34.793,11580,11581,11581,1
2020-07-01 15:47:43.215,11581,11582,11581,20
2020-07-01 15:47:43.215,11581,11582,11581,4
2020-07-01 15:47:50.051,11580,11581,11581,1
2020-07-01 15:47:57.027,11580,11581,11581,1
2020-07-01 15:47:57.560,11581,11582,11581,5
2020-07-01 15:47:59.246,11581,11582,11582,1
2020-07-01 15:47:59.246,11581,11582,11582,1
2020-07-01 15:47:59.246,11581,11582,11582,5
2020-07-01 15:47:59.246,11581,11582,11582,1
2020-07-01 15:47:59.246,11581,11582,11582,1
2020-07-01 15:47:59.246,11581,11582,11582,11
2020-07-01 15:48:08.367,11581,11582,11582,1
2020-07-01 15:48:08.976,11581,11582,11581,1
2020-07-01 15:48:08.997,11581,11582,11581,1
2020-07-01 15:48:10.793,11581,11582,11581,1
2020-07-01 15:48:10.793,11581,11582,11580,1
2020-07-01 15:48:13.271,11580,11582,11580,1
2020-07-01 15:48:15.412,11581,11582,11581,1
2020-07-01 15:48:34.093,11581,11582,11581,1
2020-07-01 15:48:46.614,11581,11582,11581,1
2020-07-01 15:48:48.433,11581,11582,11582,1
2020-07-01 15:49:02.781,11581,11582,11582,1
2020-07-01 15:49:14.476,11581,11582,11582,1
2020-07-01 15:49:21.135,11581,11582,11581,8
2020-07-01 15:49:32.394,11580,11581,11581,1
2020-07-01 15:49:32.472,11580,11581,11581,1
2020-07-01 15:50:20.024,11580,11581,11581,1
2020-07-01 15:50:44.297,11580,11581,11581,1
2020-07-01 15:50:44.297,11580,11581,11581,1
2020-07-01 15:50:44.298,11580,11581,11581,1
2020-07-01 15:50:44.298,11580,11581,11581,1
2020-07-01 15:50:44.298,11580,11581,11581,2
2020-07-01 15:50:44.298,11580,11581,11581,4
2020-07-01 15:50:51.039,11581,11582,11581,2
2020-07-01 15:51:06.777,11580,11581,11581,1
2020-07-01 15:51:09.363,11580,11581,11581,2
2020-07-01 15:51:10.336,11580,11581,11580,1
2020-07-01 15:51:18.484,11580,11581,11580,1
2020-07-01 15:51:19.269,11580,11581,11581,1
2020-07-01 15:51:20.292,11581,11582,11581,1
2020-07-01 15:51:21.706,11580,11582,11582,1
2020-07-01 15:51:44.511,11581,11582,11582,1
2020-07-01 15:51:46.181,11581,11582,11582,1
2020-07-01 15:51:46.521,11581,11582,11582,1
2020-07-01 15:51:52.062,11581,11582,11582,2
2020-07-01 15:51:52.128,11581,11582,11582,1
2020-07-01 15:51:59.819,11581,11582,11582,1
2020-07-01 15:52:01.947,11582,11583,11582,1
2020-07-01 15:52:05.941,11581,11583,11583,1
2020-07-01 15:52:06.225,11581,11583,11583,1
2020-07-01 15:52:06.266,11581,11583,11583,7
2020-07-01 15:52:06.313,11581,11583,11583,2
2020-07-01 15:52:06.313,11581,11583,11584,5
2020-07-01 15:52:06.338,11581,11583,11584,1
2020-07-01 15:52:06.791,11582,11584,11584,1
2020-07-01 15:52:06.797,11582,11584,11584,1
2020-07-01 15:52:06.803,11582,11584,11584,1
2020-07-01 15:52:06.808,11582,11584,11584,1
2020-07-01 15:52:07.105,11582,11584,11584,1
2020-07-01 15:52:07.483,11582,11584,11582,2
2020-07-01 15:52:14.225,11583,11584,11583,1
2020-07-01 15:52:18.380,11583,11584,11584,1
2020-07-01 15:52:23.832,11583,11584,11584,1
2020-07-01 15:52:24.755,11583,11584,11584,1
2020-07-01 15:52:34.292,11583,11584,11584,1
2020-07-01 15:52:34.957,11584,11585,11585,1
2020-07-01 15:52:38.859,11584,11585,11584,1
2020-07-01 15:52:48.721,11584,11585,11584,1
2020-07-01 15:52:49.736,11584,11585,11585,1
2020-07-01 15:52:53.032,11584,11585,11585,1
2020-07-01 15:52:54.708,11584,11585,11585,1
2020-07-01 15:52:58.284,11584,11585,11584,2
2020-07-01 15:52:59.873,11584,11585,11585,3
2020-07-01 15:53:03.036,11584,11585,11584,1
2020-07-01 15:53:04.273,11584,11585,11584,2
2020-07-01 15:53:04.274,11584,11585,11584,2
2020-07-01 15:53:04.540,11583,11584,11584,3
2020-07-01 15:53:10.613,11584,11585,11584,1
2020-07-01 15:53:13.567,11583,11585,11584,1
2020-07-01 15:53:32.286,11584,11585,11584,1
2020-07-01 15:53:32.286,11584,11585,11584,1
2020-07-01 15:53:34.849,11583,11584,11583,1
2020-07-01 15:53:42.143,11583,11584,11583,1
2020-07-01 15:53:44.950,11583,11584,11583,1
2020-07-01 15:53:52.795,11583,11584,11583,1
2020-07-01 15:54:10.019,11583,11584,11584,1
2020-07-01 15:54:30.324,11583,11584,11584,1
2020-07-01 15:54:37.836,11583,11584,11583,1
2020-07-01 15:54:38.180,11583,11584,11584,1
2020-07-01 15:54:52.106,11583,11584,11583,10
2020-07-01 15:55:19.873,11582,11583,11582,5
2020-07-01 15:55:27.492,11582,11583,11582,1
2020-07-01 15:55:32.299,11581,11582,11582,1
2020-07-01 15:55:38.956,11581,11582,11582,2
2020-07-01 15:55:41.737,11582,11583,11583,1
2020-07-01 15:55:57.902,11582,11583,11583,1
2020-07-01 15:55:59.086,11582,11583,11583,3
2020-07-01 15:55:59.287,11583,11584,11583,2
2020-07-01 15:56:04.404,11583,11584,11583,1
2020-07-01 15:56:04.593,11582,11583,11583,1
2020-07-01 15:56:16.994,11582,11583,11583,3
2020-07-01 15:56:27.607,11582,11583,11583,1
2020-07-01 15:56:32.603,11582,11583,11582,1
2020-07-01 15:56:32.859,11582,11583,11582,1
2020-07-01 15:56:32.957,11582,11583,11582,1
2020-07-01 15:56:34.349,11582,11583,11583,2
2020-07-01 15:56:35.774,11582,11583,11582,1
2020-07-01 15:56:41.649,11582,11583,11583,1
2020-07-01 15:56:45.283,11582,11583,11583,1
2020-07-01 15:56:53.173,11582,11583,11583,1
2020-07-01 15:56:56.050,11582,11583,11583,2
2020-07-01 15:57:08.159,11582,11583,11582,2
2020-07-01 15:57:11.794,11582,11583,11582,2
2020-07-01 15:57:11.794,11582,11583,11582,4
2020-07-01 15:57:11.794,11582,11583,11582,6
2020-07-01 15:57:14.722,11581,11582,11582,2
2020-07-01 15:57:17.587,11581,11582,11582,1
2020-07-01 15:57:17.603,11581,11582,11582,1
2020-07-01 15:57:17.866,11582,11583,11582,1
2020-07-01 15:57:18.181,11581,11583,11581,1
2020-07-01 15:57:18.468,11581,11582,11581,1
2020-07-01 15:57:18.819,11581,11582,11581,1
2020-07-01 15:57:19.073,11581,11582,11581,1
2020-07-01 15:57:19.352,11581,11582,11581,1
2020-07-01 15:57:19.648,11581,11582,11581,1
2020-07-01 15:57:19.944,11581,11582,11581,1
2020-07-01 15:57:20.273,11581,11582,11581,1
2020-07-01 15:57:20.643,11581,11582,11581,1
2020-07-01 15:57:21.102,11581,11582,11581,1
2020-07-01 15:57:21.432,11581,11582,11581,1
2020-07-01 15:57:21.792,11581,11582,11581,1
2020-07-01 15:57:28.528,11581,11582,11581,1
2020-07-01 15:57:35.907,11581,11582,11581,1
2020-07-01 15:57:41.202,11581,11582,11581,1
2020-07-01 15:57:45.908,11581,11582,11581,1
2020-07-01 15:58:31.499,11581,11582,11581,11
2020-07-01 15:58:33.423,11580,11581,11580,1
2020-07-01 15:58:33.790,11580,11581,11581,3
2020-07-01 15:58:34.524,11580,11581,11581,1
2020-07-01 15:58:46.523,11580,11581,11581,1
2020-07-01 15:58:59.109,11580,11581,11581,2
2020-07-01 15:59:16.321,11580,11581,11581,1
2020-07-01 15:59:16.321,11580,11581,11581,1
2020-07-01 15:59:37.623,11581,11582,11582,2
2020-07-01 15:59:41.596,11581,11582,11581,1
2020-07-01 15:59:41.596,11581,11582,11581,1
2020-07-01 15:59:41.596,11581,11582,11581,5
2020-07-01 15:59:41.596,11581,11582,11581,2
2020-07-01 15:59:41.599,11581,11582,11580,3
2020-07-01 15:59:41.606,11581,11582,11580,1
2020-07-01 16:00:01.017,11580,11581,11580,1
2020-07-01 16:00:01.617,11580,11581,11581,1
2020-07-01 16:00:01.758,11580,11581,11581,1
2020-07-01 16:00:01.763,11580,11581,11581,1
2020-07-01 16:00:01.763,11580,11581,11581,1
2020-07-01 16:00:01.769,11580,11581,11582,1
2020-07-01 16:00:01.817,11580,11581,11582,1
2020-07-01 16:00:01.853,11580,11581,11582,1
2020-07-01 16:00:01.856,11580,11581,11582,1
2020-07-01 16:00:01.876,11580,11581,11582,1
2020-07-01 16:00:02.791,11581,11582,11582,2
2020-07-01 16:00:03.447,11580,11582,11580,20
2020-07-01 16:00:09.949,11580,11581,11580,1
2020-07-01 16:00:10.284,11579,11580,11579,1
2020-07-01 16:00:10.578,11579,11580,11579,1
2020-07-01 16:00:10.602,11579,11580,11579,4
2020-07-01 16:00:10.602,11579,11580,11579,2
2020-07-01 16:00:10.602,11579,11580,11579,1
2020-07-01 16:00:31.965,11578,11579,11579,1
2020-07-01 16:00:35.508,11578,11579,11579,1
2020-07-01 16:00:36.810,11578,11579,11578,1
2020-07-01 16:00:37.034,11578,11579,11578,7
2020-07-01 16:00:37.138,11578,11579,11578,1
2020-07-01 16:00:37.155,11578,11579,11578,1
2020-07-01 16:00:37.162,11578,11579,11578,7
2020-07-01 16:00:37.633,11578,11579,11578,1
2020-07-01 16:00:37.672,11578,11579,11578,2
2020-07-01 16:00:37.672,11578,11579,11578,5
2020-07-01 16:00:37.673,11578,11579,11578,9
2020-07-01 16:00:37.736,11578,11579,11577,1
2020-07-01 16:00:39.476,11577,11579,11577,1
2020-07-01 16:00:42.444,11577,11578,11577,1
2020-07-01 16:00:51.213,11577,11578,11577,1
2020-07-01 16:00:55.009,11577,11578,11577,1
2020-07-01 16:01:02.162,11577,11578,11578,3
2020-07-01 16:01:08.481,11578,11579,11578,1
2020-07-01 16:01:15.927,11577,11578,11578,1
2020-07-01 16:01:22.156,11577,11578,11578,1
2020-07-01 16:01:32.633,11577,11578,11578,1
2020-07-01 16:01:39.139,11577,11578,11578,1
2020-07-01 16:01:39.139,11577,11578,11578,5
2020-07-01 16:01:39.292,11578,11579,11579,1
2020-07-01 16:01:59.125,11578,11579,11579,1
2020-07-01 16:02:34.915,11578,11579,11579,2
2020-07-01 16:02:46.762,11579,11580,11579,1
2020-07-01 16:02:48.220,11579,11580,11580,3
2020-07-01 16:02:48.220,11579,11580,11580,1
2020-07-01 16:02:53.955,11579,11580,11580,1
2020-07-01 16:02:54.473,11579,11580,11580,1
2020-07-01 16:02:59.618,11579,11580,11580,1
2020-07-01 16:03:23.693,11580,11581,11581,1
2020-07-01 16:03:24.908,11581,11582,11581,1
2020-07-01 16:03:24.908,11581,11582,11580,1
2020-07-01 16:03:43.972,11581,11582,11581,1
2020-07-01 16:03:54.133,11581,11582,11582,1
2020-07-01 16:04:02.774,11581,11582,11582,1
2020-07-01 16:04:05.608,11581,11582,11582,1
2020-07-01 16:04:33.616,11581,11582,11582,1
2020-07-01 16:04:40.350,11581,11582,11582,1
2020-07-01 16:04:45.186,11581,11582,11582,1
2020-07-01 16:04:45.437,11582,11583,11582,2
2020-07-01 16:04:53.588,11581,11582,11582,2
2020-07-01 16:04:53.859,11582,11583,11583,1
2020-07-01 16:04:53.859,11582,11583,11583,5
2020-07-01 16:04:53.859,11582,11583,11583,4
2020-07-01 16:04:53.860,11582,11583,11583,5
2020-07-01 16:04:53.860,11582,11583,11583,1
2020-07-01 16:04:55.528,11583,11584,11583,2
2020-07-01 16:05:02.202,11583,11584,11584,1
2020-07-01 16:05:02.995,11583,11584,11584,1
2020-07-01 16:05:02.995,11583,11584,11584,1
2020-07-01 16:05:02.995,11583,11584,11584,2
2020-07-01 16:05:02.995,11583,11584,11584,1
2020-07-01 16:05:02.995,11583,11584,11584,1
2020-07-01 16:05:02.995,11583,11584,11584,1
2020-07-01 16:05:02.995,11583,11584,11584,4
2020-07-01 16:05:02.996,11583,11584,11584,4
2020-07-01 16:05:02.996,11583,11584,11584,1
2020-07-01 16:05:02.996,11583,11584,11584,1
2020-07-01 16:05:02.996,11583,11584,11584,1
2020-07-01 16:05:02.996,11583,11584,11584,6
2020-07-01 16:05:02.996,11583,11584,11584,1
2020-07-01 16:05:02.996,11583,11584,11584,4
2020-07-01 16:05:02.996,11583,11584,11584,5
2020-07-01 16:05:02.996,11583,11584,11584,7
2020-07-01 16:05:02.996,11583,11584,11584,11
2020-07-01 16:05:02.996,11583,11584,11584,1
2020-07-01 16:05:02.996,11583,11584,11584,17
2020-07-01 16:05:02.996,11583,11584,11584,1
2020-07-01 16:05:02.996,11583,11584,11584,1
2020-07-01 16:05:02.996,11583,11584,11584,1
2020-07-01 16:05:05.120,11584,11585,11585,1
2020-07-01 16:05:07.995,11584,11585,11585,1
2020-07-01 16:05:10.070,11584,11585,11584,2
2020-07-01 16:05:11.940,11584,11585,11585,13
2020-07-01 16:05:12.901,11585,11586,11586,1
2020-07-01 16:05:13.048,11585,11586,11586,1
2020-07-01 16:05:14.479,11585,11586,11586,2
2020-07-01 16:05:15.302,11585,11586,11586,1
2020-07-01 16:05:15.390,11585,11586,11586,1
2020-07-01 16:05:16.115,11585,11586,11586,1
2020-07-01 16:05:17.703,11585,11586,11585,12
2020-07-01 16:05:17.742,11585,11586,11584,4
2020-07-01 16:05:17.742,11585,11586,11584,1
2020-07-01 16:05:17.823,11583,11585,11585,1
2020-07-01 16:05:17.845,11583,11585,11585,12
2020-07-01 16:05:17.881,11584,11585,11585,2
2020-07-01 16:05:18.097,11584,11585,11584,2
2020-07-01 16:05:29.366,11584,11585,11584,1
2020-07-01 16:05:31.354,11584,11585,11585,2
2020-07-01 16:05:31.354,11584,11585,11586,1
2020-07-01 16:05:33.109,11584,11586,11585,1
2020-07-01 16:05:39.117,11584,11585,11585,1
2020-07-01 16:05:39.489,11584,11585,11585,1
2020-07-01 16:05:41.730,11584,11585,11585,3
2020-07-01 16:05:50.636,11585,11586,11586,1
2020-07-01 16:06:02.162,11585,11586,11586,2
2020-07-01 16:06:03.279,11585,11586,11586,1
2020-07-01 16:06:05.790,11585,11586,11586,1
2020-07-01 16:06:07.611,11585,11586,11585,1
2020-07-01 16:06:08.332,11585,11586,11586,2
2020-07-01 16:06:10.971,11585,11586,11586,5
2020-07-01 16:06:11.077,11585,11586,11586,1
2020-07-01 16:06:12.900,11585,11586,11585,1
2020-07-01 16:06:16.131,11585,11586,11586,1
2020-07-01 16:06:16.998,11585,11586,11586,1
2020-07-01 16:06:17.165,11586,11587,11586,2
2020-07-01 16:06:19.527,11586,11587,11586,1
2020-07-01 16:06:21.394,11586,11587,11586,1
2020-07-01 16:06:27.273,11586,11587,11586,2
2020-07-01 16:06:33.863,11586,11587,11586,1
2020-07-01 16:06:35.283,11586,11587,11587,1
2020-07-01 16:06:35.412,11586,11587,11587,1
2020-07-01 16:06:35.921,11586,11587,11587,1
2020-07-01 16:06:36.309,11586,11587,11587,1
2020-07-01 16:06:36.900,11586,11587,11587,1
2020-07-01 16:06:37.246,11586,11587,11587,1
2020-07-01 16:06:37.645,11586,11587,11587,3
2020-07-01 16:06:37.645,11586,11587,11587,2
2020-07-01 16:06:37.645,11586,11587,11587,3
2020-07-01 16:06:37.645,11586,11587,11587,5
2020-07-01 16:06:38.084,11587,11588,11588,1
2020-07-01 16:06:45.234,11587,11588,11588,2
2020-07-01 16:06:52.113,11587,11588,11587,1
2020-07-01 16:06:54.406,11587,11588,11587,3
2020-07-01 16:06:56.945,11587,11588,11587,1
2020-07-01 16:06:58.352,11587,11588,11588,1
2020-07-01 16:06:58.615,11587,11588,11588,5
2020-07-01 16:07:00.087,11587,11588,11587,8
2020-07-01 16:07:00.336,11586,11587,11586,1
2020-07-01 16:07:01.749,11586,11587,11587,1
2020-07-01 16:07:02.310,11586,11587,11587,1
2020-07-01 16:07:06.001,11586,11587,11586,1
2020-07-01 16:07:08.019,11586,11587,11587,1
2020-07-01 16:07:28.468,11586,11587,11586,1
2020-07-01 16:07:38.288,11586,11587,11587,1
2020-07-01 16:07:41.237,11586,11587,11586,4
2020-07-01 16:07:41.397,11586,11587,11586,1
2020-07-01 16:07:42.150,11586,11587,11586,1
2020-07-01 16:07:42.994,11585,11587,11587,3
2020-07-01 16:07:48.434,11586,11587,11586,1
2020-07-01 16:07:49.134,11585,11587,11587,1
2020-07-01 16:08:00.523,11585,11586,11586,1
2020-07-01 16:08:02.218,11585,11586,11586,2
2020-07-01 16:08:03.199,11585,11586,11586,2
2020-07-01 16:08:03.199,11585,11586,11587,1
2020-07-01 16:08:08.521,11586,11587,11586,1
2020-07-01 16:08:18.665,11585,11586,11586,1
2020-07-01 16:08:28.560,11585,11586,11586,1
2020-07-01 16:08:35.204,11585,11586,11585,2
2020-07-01 16:08:35.205,11585,11586,11585,17
2020-07-01 16:08:39.345,11584,11585,11584,1
2020-07-01 16:08:41.495,11584,11585,11585,1
2020-07-01 16:08:46.407,11584,11585,11584,1
2020-07-01 16:08:49.524,11584,11585,11584,15
2020-07-01 16:08:58.381,11583,11584,11583,1
2020-07-01 16:08:59.868,11583,11584,11583,3
2020-07-01 16:09:02.272,11583,11584,11583,3
2020-07-01 16:09:02.367,11583,11584,11584,3
2020-07-01 16:09:05.143,11583,11584,11583,3
2020-07-01 16:09:05.614,11583,11584,11583,1
2020-07-01 16:09:15.335,11583,11584,11583,2
2020-07-01 16:09:15.335,11583,11584,11583,2
2020-07-01 16:09:15.335,11583,11584,11583,3
2020-07-01 16:09:16.696,11583,11584,11583,1
2020-07-01 16:09:17.265,11582,11584,11582,3
2020-07-01 16:09:17.433,11582,11583,11582,1
2020-07-01 16:09:20.026,11582,11583,11582,3
2020-07-01 16:09:21.253,11581,11583,11583,1
2020-07-01 16:09:25.022,11581,11583,11581,4
2020-07-01 16:09:25.574,11581,11583,11581,1
2020-07-01 16:09:27.031,11581,11583,11581,2
2020-07-01 16:09:30.882,11582,11583,11582,1
2020-07-01 16:09:36.903,11582,11583,11582,1
2020-07-01 16:09:48.812,11581,11582,11581,9
2020-07-01 16:09:50.080,11581,11582,11581,1
2020-07-01 16:09:59.149,11581,11582,11582,2
2020-07-01 16:10:02.714,11581,11582,11582,1
2020-07-01 16:10:02.714,11581,11582,11582,2
2020-07-01 16:10:04.386,11581,11583,11581,1
2020-07-01 16:10:05.446,11581,11583,11581,1
2020-07-01 16:10:10.162,11581,11582,11582,1
2020-07-01 16:10:10.257,11582,11583,11582,2
2020-07-01 16:10:10.257,11582,11583,11581,3
2020-07-01 16:10:13.431,11581,11583,11583,1
2020-07-01 16:10:24.006,11582,11583,11582,1
2020-07-01 16:10:25.656,11581,11582,11581,2
2020-07-01 16:10:29.288,11581,11582,11582,1
2020-07-01 16:10:39.989,11581,11582,11582,1
2020-07-01 16:10:41.050,11581,11582,11582,1
2020-07-01 16:10:52.441,11581,11582,11582,1
2020-07-01 16:11:00.108,11581,11582,11582,1
2020-07-01 16:11:02.175,11581,11582,11582,1
2020-07-01 16:11:02.383,11581,11582,11582,3
2020-07-01 16:11:13.885,11581,11582,11582,2
2020-07-01 16:11:14.058,11582,11583,11582,1
2020-07-01 16:11:42.944,11582,11583,11583,1
2020-07-01 16:11:43.454,11582,11583,11582,1
2020-07-01 16:12:00.562,11582,11583,11583,1
2020-07-01 16:12:02.318,11582,11583,11583,1
2020-07-01 16:12:06.381,11582,11583,11583,1
2020-07-01 16:12:06.381,11582,11583,11583,1
2020-07-01 16:12:06.381,11582,11583,11583,1
2020-07-01 16:12:06.382,11582,11583,11583,2
2020-07-01 16:12:15.500,11583,11584,11583,1
2020-07-01 16:12:35.654,11583,11584,11583,1
2020-07-01 16:12:36.450,11583,11584,11583,1
2020-07-01 16:12:52.238,11583,11584,11584,1
2020-07-01 16:12:52.238,11583,11584,11584,7
2020-07-01 16:12:52.238,11583,11584,11584,1
2020-07-01 16:12:52.238,11583,11584,11584,2
2020-07-01 16:12:52.890,11584,11585,11584,1
2020-07-01 16:12:59.748,11584,11585,11585,2
2020-07-01 16:12:59.882,11584,11585,11584,1
2020-07-01 16:13:08.405,11583,11584,11584,1
2020-07-01 16:13:21.907,11583,11585,11585,1
2020-07-01 16:13:23.442,11583,11584,11584,1
2020-07-01 16:13:36.163,11584,11585,11584,1
2020-07-01 16:13:53.147,11584,11585,11585,1
2020-07-01 16:14:05.820,11584,11585,11585,1
2020-07-01 16:14:09.369,11584,11585,11585,1
2020-07-01 16:14:10.765,11584,11585,11584,1
2020-07-01 16:14:40.655,11584,11585,11584,1
2020-07-01 16:14:59.167,11584,11585,11584,5
2020-07-01 16:15:12.588,11583,11584,11584,4
2020-07-01 16:15:12.588,11583,11584,11585,2
2020-07-01 16:15:13.784,11584,11585,11584,1
2020-07-01 16:15:26.233,11583,11584,11584,1
2020-07-01 16:15:36.444,11583,11584,11583,1
2020-07-01 16:16:00.969,11583,11584,11583,1
2020-07-01 16:16:05.577,11583,11584,11583,6
2020-07-01 16:16:07.650,11582,11583,11583,1
2020-07-01 16:16:12.272,11582,11583,11582,9
2020-07-01 16:16:16.252,11581,11582,11582,1
2020-07-01 16:16:30.409,11582,11583,11582,1
2020-07-01 16:16:34.562,11582,11583,11583,1
2020-07-01 16:17:03.852,11582,11583,11582,2
2020-07-01 16:17:03.852,11582,11583,11582,6
2020-07-01 16:17:10.328,11582,11583,11582,1
2020-07-01 16:17:24.890,11581,11582,11582,1
2020-07-01 16:17:29.979,11581,11582,11582,1
2020-07-01 16:17:51.552,11581,11582,11581,1
2020-07-01 16:17:52.589,11581,11582,11582,1
2020-07-01 16:18:06.417,11581,11582,11581,7
2020-07-01 16:18:06.417,11581,11582,11581,4
2020-07-01 16:18:14.808,11580,11581,11580,1
2020-07-01 16:18:14.808,11580,11581,11580,5
2020-07-01 16:18:14.808,11580,11581,11580,4
2020-07-01 16:18:14.808,11580,11581,11580,2
2020-07-01 16:18:14.808,11580,11581,11580,16
2020-07-01 16:18:15.171,11579,11580,11580,4
2020-07-01 16:18:21.274,11579,11580,11579,1
2020-07-01 16:18:21.548,11579,11580,11579,1
2020-07-01 16:18:27.057,11579,11580,11580,1
2020-07-01 16:18:27.058,11579,11580,11580,5
2020-07-01 16:18:27.813,11580,11581,11580,2
2020-07-01 16:18:45.440,11579,11580,11580,4
2020-07-01 16:18:48.512,11579,11580,11580,1
2020-07-01 16:18:58.533,11579,11580,11580,1
2020-07-01 16:19:09.648,11579,11580,11579,5
2020-07-01 16:19:09.649,11579,11580,11579,4
2020-07-01 16:19:14.049,11578,11579,11578,1
2020-07-01 16:19:14.049,11578,11579,11578,1
2020-07-01 16:19:14.049,11578,11579,11578,2
2020-07-01 16:19:14.049,11578,11579,11578,5
2020-07-01 16:19:14.049,11578,11579,11578,21
2020-07-01 16:19:14.231,11577,11578,11578,15
2020-07-01 16:19:14.232,11577,11578,11578,1
2020-07-01 16:19:15.024,11578,11579,11578,3
2020-07-01 16:19:18.074,11578,11579,11578,3
2020-07-01 16:19:18.474,11577,11578,11578,3
2020-07-01 16:19:18.741,11578,11579,11578,4
2020-07-01 16:19:21.710,11578,11579,11579,3
2020-07-01 16:19:21.785,11579,11580,11579,1
2020-07-01 16:19:22.780,11578,11579,11579,1
2020-07-01 16:19:25.334,11579,11580,11579,1
2020-07-01 16:19:26.090,11579,11580,11579,1
2020-07-01 16:19:26.526,11579,11580,11579,7
2020-07-01 16:19:27.560,11578,11579,11579,1
2020-07-01 16:19:28.299,11578,11579,11578,1
2020-07-01 16:19:32.424,11578,11579,11578,1
