2020-10-21,15:00:00.048000,12821,12822,12820,106
2020-10-21,15:00:00.049000,12820,12821,12821,5
2020-10-21,15:00:00.172000,12821,12822,12822,1
2020-10-21,15:00:00.185000,12821,12822,12822,2
2020-10-21,15:00:00.185000,12821,12822,12822,2
2020-10-21,15:00:00.185000,12821,12822,12822,1
2020-10-21,15:00:00.185000,12821,12822,12821,3
2020-10-21,15:00:00.209000,12821,12822,12822,1
2020-10-21,15:00:00.236000,12821,12822,12823,1
2020-10-21,15:00:00.285000,12821,12823,12821,1
2020-10-21,15:00:00.372000,12821,12823,12821,2
2020-10-21,15:00:00.376000,12821,12823,12821,2
2020-10-21,15:00:00.387000,12821,12823,12821,1
2020-10-21,15:00:00.387000,12821,12823,12820,1
2020-10-21,15:00:00.400000,12821,12823,12821,1
2020-10-21,15:00:00.436000,12821,12822,12822,1
2020-10-21,15:00:00.436000,12821,12822,12823,1
2020-10-21,15:00:00.464000,12821,12822,12821,1
2020-10-21,15:00:00.468000,12821,12822,12822,1
2020-10-21,15:00:00.471000,12821,12822,12821,1
2020-10-21,15:00:00.490000,12821,12822,12821,1
2020-10-21,15:00:00.509000,12821,12822,12821,1
2020-10-21,15:00:00.512000,12821,12822,12821,3
2020-10-21,15:00:00.514000,12821,12822,12820,1
2020-10-21,15:00:00.516000,12821,12822,12821,1
2020-10-21,15:00:00.524000,12821,12822,12821,3
2020-10-21,15:00:00.528000,12821,12822,12820,6
2020-10-21,15:00:00.531000,12821,12822,12820,1
2020-10-21,15:00:00.556000,12820,12821,12820,1
2020-10-21,15:00:00.591000,12820,12821,12821,1
2020-10-21,15:00:00.615000,12820,12821,12821,2
2020-10-21,15:00:00.635000,12820,12821,12820,4
2020-10-21,15:00:00.636000,12820,12821,12820,1
2020-10-21,15:00:00.659000,12820,12821,12820,1
2020-10-21,15:00:00.673000,12820,12821,12820,1
2020-10-21,15:00:00.690000,12820,12821,12820,3
2020-10-21,15:00:00.718000,12820,12821,12821,2
2020-10-21,15:00:00.719000,12820,12821,12821,3
2020-10-21,15:00:00.719000,12820,12821,12822,1
2020-10-21,15:00:00.732000,12820,12821,12819,1
2020-10-21,15:00:00.788000,12819,12821,12819,2
2020-10-21,15:00:00.807000,12819,12821,12819,1
2020-10-21,15:00:00.814000,12819,12821,12819,2
2020-10-21,15:00:00.820000,12819,12821,12819,1
2020-10-21,15:00:00.821000,12819,12821,12821,2
2020-10-21,15:00:00.845000,12819,12821,12821,1
2020-10-21,15:00:00.863000,12819,12821,12819,1
2020-10-21,15:00:00.872000,12819,12821,12821,2
2020-10-21,15:00:00.872000,12819,12821,12822,2
2020-10-21,15:00:00.898000,12819,12821,12819,3
2020-10-21,15:00:00.960000,12819,12820,12819,2
2020-10-21,15:00:00.961000,12819,12820,12819,1
2020-10-21,15:00:00.997000,12819,12820,12818,4
2020-10-21,15:00:01.004000,12819,12820,12818,1
2020-10-21,15:00:01.024000,12819,12820,12818,1
2020-10-21,15:00:01.076000,12818,12819,12818,2
2020-10-21,15:00:01.099000,12818,12819,12818,1
2020-10-21,15:00:01.102000,12818,12819,12818,1
2020-10-21,15:00:01.109000,12818,12819,12818,1
2020-10-21,15:00:01.109000,12818,12819,12818,4
2020-10-21,15:00:01.109000,12818,12819,12818,5
2020-10-21,15:00:01.114000,12818,12819,12818,4
2020-10-21,15:00:01.114000,12818,12819,12819,1
2020-10-21,15:00:01.170000,12817,12818,12817,2
2020-10-21,15:00:01.170000,12817,12818,12817,3
2020-10-21,15:00:01.170000,12817,12818,12817,6
2020-10-21,15:00:01.181000,12817,12818,12818,1
2020-10-21,15:00:01.181000,12817,12818,12818,1
2020-10-21,15:00:01.186000,12817,12818,12818,1
2020-10-21,15:00:01.200000,12817,12818,12816,1
2020-10-21,15:00:01.207000,12817,12818,12816,8
2020-10-21,15:00:01.207000,12817,12818,12816,5
2020-10-21,15:00:01.228000,12817,12818,12816,1
2020-10-21,15:00:01.240000,12817,12818,12815,1
2020-10-21,15:00:01.264000,12817,12818,12815,8
2020-10-21,15:00:01.264000,12817,12818,12815,5
2020-10-21,15:00:01.264000,12817,12818,12815,1
2020-10-21,15:00:01.271000,12817,12818,12815,1
2020-10-21,15:00:01.297000,12814,12817,12815,1
2020-10-21,15:00:01.301000,12814,12817,12814,1
2020-10-21,15:00:01.305000,12814,12817,12814,1
2020-10-21,15:00:01.308000,12814,12817,12814,1
2020-10-21,15:00:01.328000,12814,12817,12814,2
2020-10-21,15:00:01.406000,12814,12817,12813,1
2020-10-21,15:00:01.410000,12813,12814,12814,4
2020-10-21,15:00:01.418000,12813,12814,12813,1
2020-10-21,15:00:01.488000,12813,12814,12813,4
2020-10-21,15:00:01.488000,12813,12814,12813,13
2020-10-21,15:00:01.501000,12813,12814,12812,1
2020-10-21,15:00:01.531000,12813,12814,12814,1
2020-10-21,15:00:01.535000,12813,12814,12814,3
2020-10-21,15:00:01.565000,12813,12814,12812,4
2020-10-21,15:00:01.611000,12813,12814,12814,2
2020-10-21,15:00:01.624000,12813,12814,12812,1
2020-10-21,15:00:01.624000,12813,12814,12811,1
2020-10-21,15:00:01.660000,12812,12814,12814,1
2020-10-21,15:00:01.683000,12812,12814,12812,1
2020-10-21,15:00:01.733000,12812,12814,12812,1
2020-10-21,15:00:01.740000,12812,12814,12811,3
2020-10-21,15:00:01.750000,12812,12814,12811,1
2020-10-21,15:00:01.750000,12812,12814,12811,1
2020-10-21,15:00:01.755000,12812,12814,12811,1
2020-10-21,15:00:01.757000,12812,12814,12811,18
2020-10-21,15:00:01.771000,12812,12814,12811,1
2020-10-21,15:00:01.785000,12810,12811,12811,1
2020-10-21,15:00:01.785000,12810,12811,12812,1
2020-10-21,15:00:01.789000,12810,12811,12811,1
2020-10-21,15:00:01.789000,12810,12811,12810,1
2020-10-21,15:00:01.807000,12810,12811,12810,1
2020-10-21,15:00:01.822000,12810,12811,12810,1
2020-10-21,15:00:01.881000,12810,12811,12810,1
2020-10-21,15:00:01.884000,12810,12811,12812,1
2020-10-21,15:00:01.888000,12810,12811,12810,1
2020-10-21,15:00:01.908000,12810,12811,12810,1
2020-10-21,15:00:01.910000,12810,12812,12812,3
2020-10-21,15:00:01.910000,12810,12812,12811,1
2020-10-21,15:00:01.910000,12810,12812,12811,1
2020-10-21,15:00:01.910000,12810,12812,12811,1
2020-10-21,15:00:01.919000,12810,12812,12810,1
2020-10-21,15:00:01.919000,12810,12812,12810,1
2020-10-21,15:00:01.943000,12810,12812,12810,1
2020-10-21,15:00:01.954000,12810,12812,12812,2
2020-10-21,15:00:02.012000,12810,12812,12810,1
2020-10-21,15:00:02.014000,12810,12812,12810,1
2020-10-21,15:00:02.026000,12810,12812,12812,2
2020-10-21,15:00:02.026000,12810,12812,12813,1
2020-10-21,15:00:02.026000,12810,12812,12813,1
2020-10-21,15:00:02.034000,12810,12812,12813,1
2020-10-21,15:00:02.038000,12811,12814,12811,1
2020-10-21,15:00:02.041000,12811,12814,12811,1
2020-10-21,15:00:02.042000,12811,12814,12812,1
2020-10-21,15:00:02.064000,12811,12814,12812,3
2020-10-21,15:00:02.160000,12812,12814,12814,5
2020-10-21,15:00:02.212000,12812,12814,12816,1
2020-10-21,15:00:02.222000,12812,12814,12816,1
2020-10-21,15:00:02.222000,12812,12814,12815,1
2020-10-21,15:00:02.234000,12812,12814,12815,1
2020-10-21,15:00:02.332000,12815,12818,12815,1
2020-10-21,15:00:02.343000,12815,12818,12814,1
2020-10-21,15:00:02.348000,12815,12818,12813,1
2020-10-21,15:00:02.349000,12815,12818,12813,1
2020-10-21,15:00:02.368000,12815,12818,12813,1
2020-10-21,15:00:02.374000,12815,12818,12813,1
2020-10-21,15:00:02.403000,12815,12818,12813,1
2020-10-21,15:00:02.525000,12812,12818,12814,1
2020-10-21,15:00:02.639000,12814,12817,12817,1
2020-10-21,15:00:02.639000,12814,12817,12818,1
2020-10-21,15:00:02.641000,12814,12817,12815,2
2020-10-21,15:00:02.730000,12814,12819,12815,1
2020-10-21,15:00:02.744000,12814,12819,12819,1
2020-10-21,15:00:02.829000,12815,12819,12816,1
2020-10-21,15:00:02.898000,12815,12819,12819,3
2020-10-21,15:00:02.931000,12816,12819,12816,3
2020-10-21,15:00:03.031000,12816,12819,12817,1
2020-10-21,15:00:03.220000,12816,12818,12818,1
2020-10-21,15:00:03.233000,12816,12818,12818,1
2020-10-21,15:00:03.281000,12816,12818,12818,1
2020-10-21,15:00:03.281000,12816,12818,12816,1
2020-10-21,15:00:03.289000,12816,12818,12818,1
2020-10-21,15:00:03.334000,12816,12818,12818,5
2020-10-21,15:00:03.387000,12816,12818,12817,1
2020-10-21,15:00:03.387000,12816,12818,12817,1
2020-10-21,15:00:03.410000,12817,12818,12818,1
2020-10-21,15:00:03.426000,12817,12818,12816,1
2020-10-21,15:00:03.426000,12817,12818,12815,1
2020-10-21,15:00:03.617000,12815,12818,12818,1
2020-10-21,15:00:03.635000,12815,12818,12815,1
2020-10-21,15:00:03.636000,12815,12818,12815,1
2020-10-21,15:00:03.636000,12815,12818,12814,5
2020-10-21,15:00:03.642000,12815,12818,12814,1
2020-10-21,15:00:03.642000,12815,12818,12813,3
2020-10-21,15:00:03.660000,12813,12816,12816,1
2020-10-21,15:00:03.680000,12813,12816,12817,1
2020-10-21,15:00:03.702000,12813,12816,12816,1
2020-10-21,15:00:03.722000,12813,12816,12817,6
2020-10-21,15:00:03.722000,12813,12816,12818,2
2020-10-21,15:00:03.722000,12813,12816,12818,1
2020-10-21,15:00:03.901000,12816,12819,12818,2
2020-10-21,15:00:03.910000,12817,12819,12819,6
2020-10-21,15:00:04.035000,12818,12820,12820,3
2020-10-21,15:00:04.163000,12818,12820,12820,1
2020-10-21,15:00:04.179000,12818,12820,12820,1
2020-10-21,15:00:04.258000,12818,12820,12818,1
2020-10-21,15:00:04.345000,12818,12820,12820,3
2020-10-21,15:00:04.345000,12818,12820,12820,2
2020-10-21,15:00:04.370000,12818,12820,12818,1
2020-10-21,15:00:04.459000,12818,12821,12820,1
2020-10-21,15:00:04.656000,12818,12821,12818,2
2020-10-21,15:00:04.656000,12818,12821,12818,1
2020-10-21,15:00:04.660000,12818,12819,12819,1
2020-10-21,15:00:05.071000,12817,12819,12819,1
2020-10-21,15:00:05.086000,12817,12819,12817,1
2020-10-21,15:00:05.086000,12817,12819,12817,1
2020-10-21,15:00:05.100000,12817,12819,12817,3
2020-10-21,15:00:05.140000,12817,12819,12818,1
2020-10-21,15:00:05.163000,12817,12818,12817,1
2020-10-21,15:00:05.163000,12817,12818,12816,1
2020-10-21,15:00:05.169000,12817,12818,12816,2
2020-10-21,15:00:05.264000,12817,12818,12815,1
2020-10-21,15:00:05.266000,12817,12818,12815,1
2020-10-21,15:00:05.410000,12815,12817,12817,3
2020-10-21,15:00:05.464000,12815,12817,12817,1
2020-10-21,15:00:05.468000,12815,12817,12815,1
2020-10-21,15:00:05.568000,12815,12818,12818,1
2020-10-21,15:00:05.660000,12815,12817,12817,1
2020-10-21,15:00:05.674000,12815,12817,12819,1
2020-10-21,15:00:05.771000,12815,12817,12819,1
2020-10-21,15:00:05.871000,12817,12820,12820,2
2020-10-21,15:00:05.871000,12817,12820,12821,3
2020-10-21,15:00:05.872000,12817,12820,12821,1
2020-10-21,15:00:05.872000,12817,12820,12821,1
2020-10-21,15:00:05.908000,12817,12820,12819,1
2020-10-21,15:00:06.179000,12817,12820,12817,1
2020-10-21,15:00:06.215000,12817,12820,12818,1
2020-10-21,15:00:06.229000,12817,12820,12817,1
2020-10-21,15:00:06.235000,12817,12820,12817,1
2020-10-21,15:00:06.311000,12817,12819,12817,1
2020-10-21,15:00:06.324000,12817,12819,12817,1
2020-10-21,15:00:06.338000,12817,12819,12817,1
2020-10-21,15:00:06.401000,12817,12819,12819,1
2020-10-21,15:00:06.529000,12817,12819,12817,1
2020-10-21,15:00:06.540000,12817,12819,12817,1
2020-10-21,15:00:06.600000,12817,12819,12816,1
2020-10-21,15:00:06.925000,12816,12818,12816,1
2020-10-21,15:00:06.996000,12816,12818,12815,1
2020-10-21,15:00:07.588000,12815,12818,12818,2
2020-10-21,15:00:07.910000,12817,12818,12818,1
2020-10-21,15:00:08.463000,12817,12819,12819,1
2020-10-21,15:00:08.654000,12817,12819,12819,3
2020-10-21,15:00:08.724000,12817,12819,12817,1
2020-10-21,15:00:08.724000,12817,12819,12819,1
2020-10-21,15:00:08.823000,12817,12819,12819,4
2020-10-21,15:00:08.823000,12817,12819,12817,1
2020-10-21,15:00:09.171000,12818,12820,12818,1
2020-10-21,15:00:09.430000,12817,12819,12819,2
2020-10-21,15:00:09.760000,12817,12819,12819,1
2020-10-21,15:00:10.637000,12817,12818,12818,1
2020-10-21,15:00:11.352000,12817,12818,12817,2
2020-10-21,15:00:11.352000,12817,12818,12817,1
2020-10-21,15:00:11.544000,12816,12818,12816,1
2020-10-21,15:00:11.784000,12815,12817,12817,1
2020-10-21,15:00:11.976000,12815,12817,12817,1
2020-10-21,15:00:12.709000,12815,12818,12818,1
2020-10-21,15:00:13.088000,12815,12818,12818,3
2020-10-21,15:00:13.095000,12815,12818,12818,1
2020-10-21,15:00:13.151000,12815,12818,12818,1
2020-10-21,15:00:15.861000,12817,12818,12817,4
2020-10-21,15:00:15.866000,12817,12818,12817,2
2020-10-21,15:00:15.964000,12816,12818,12816,2
2020-10-21,15:00:15.964000,12816,12818,12815,2
2020-10-21,15:00:16.066000,12815,12817,12815,2
2020-10-21,15:00:16.067000,12815,12817,12815,2
2020-10-21,15:00:16.068000,12815,12817,12814,4
2020-10-21,15:00:16.272000,12813,12815,12815,1
2020-10-21,15:00:16.334000,12813,12816,12813,2
2020-10-21,15:00:16.474000,12813,12815,12813,2
2020-10-21,15:00:16.537000,12813,12815,12815,2
2020-10-21,15:00:16.576000,12813,12815,12813,2
2020-10-21,15:00:16.593000,12813,12815,12815,2
2020-10-21,15:00:16.604000,12813,12815,12815,1
2020-10-21,15:00:16.678000,12813,12815,12813,2
2020-10-21,15:00:16.782000,12813,12815,12813,2
2020-10-21,15:00:16.782000,12813,12815,12812,12
2020-10-21,15:00:16.782000,12813,12815,12811,4
2020-10-21,15:00:16.889000,12811,12814,12811,2
2020-10-21,15:00:16.889000,12811,12814,12810,2
2020-10-21,15:00:16.889000,12811,12814,12810,2
2020-10-21,15:00:16.889000,12811,12814,12810,2
2020-10-21,15:00:16.980000,12811,12813,12811,2
2020-10-21,15:00:17.410000,12812,12814,12814,2
2020-10-21,15:00:17.720000,12812,12814,12814,1
2020-10-21,15:00:17.790000,12812,12815,12812,5
2020-10-21,15:00:17.790000,12812,12815,12811,11
2020-10-21,15:00:17.790000,12812,12815,12810,8
2020-10-21,15:00:17.790000,12812,12815,12809,22
2020-10-21,15:00:17.790000,12812,12815,12808,4
2020-10-21,15:00:17.832000,12812,12815,12812,1
2020-10-21,15:00:17.832000,12812,12815,12813,1
2020-10-21,15:00:17.832000,12812,12815,12814,1
2020-10-21,15:00:17.889000,12812,12815,12814,2
2020-10-21,15:00:17.942000,12812,12815,12812,2
2020-10-21,15:00:17.942000,12812,12815,12811,3
2020-10-21,15:00:18.879000,12813,12815,12815,1
2020-10-21,15:00:18.898000,12813,12815,12814,1
2020-10-21,15:00:20.535000,12813,12814,12814,1
2020-10-21,15:00:22.123000,12813,12815,12814,1
2020-10-21,15:00:22.484000,12813,12815,12815,1
2020-10-21,15:00:22.637000,12813,12815,12815,1
2020-10-21,15:00:23.064000,12814,12815,12815,1
2020-10-21,15:00:25.038000,12815,12816,12816,1
2020-10-21,15:00:25.451000,12815,12816,12815,5
2020-10-21,15:00:25.451000,12815,12816,12814,1
2020-10-21,15:00:25.552000,12814,12816,12814,1
2020-10-21,15:00:27.668000,12815,12816,12815,1
2020-10-21,15:00:29.983000,12815,12816,12815,4
2020-10-21,15:00:31.128000,12815,12816,12815,2
2020-10-21,15:00:31.128000,12815,12816,12815,4
2020-10-21,15:00:31.129000,12815,12816,12815,1
2020-10-21,15:00:31.215000,12814,12815,12815,2
2020-10-21,15:00:32.667000,12814,12815,12815,1
2020-10-21,15:00:32.667000,12814,12815,12816,2
2020-10-21,15:00:33.074000,12814,12815,12815,1
2020-10-21,15:00:35.531000,12815,12816,12815,1
2020-10-21,15:00:36.982000,12815,12816,12816,2
2020-10-21,15:00:37.262000,12815,12816,12816,5
2020-10-21,15:00:37.263000,12815,12816,12816,7
2020-10-21,15:00:39.717000,12816,12817,12816,1
2020-10-21,15:00:41.036000,12815,12816,12816,1
2020-10-21,15:00:41.815000,12815,12816,12816,1
2020-10-21,15:00:42.104000,12816,12817,12816,1
2020-10-21,15:00:42.156000,12816,12817,12816,1
2020-10-21,15:00:42.883000,12816,12817,12817,2
2020-10-21,15:00:43.463000,12816,12817,12817,1
2020-10-21,15:00:44.194000,12816,12817,12816,1
2020-10-21,15:00:44.785000,12816,12817,12816,3
2020-10-21,15:00:44.939000,12816,12817,12817,6
2020-10-21,15:00:46.317000,12817,12818,12817,4
2020-10-21,15:00:46.318000,12817,12818,12817,3
2020-10-21,15:00:48.892000,12817,12818,12818,3
2020-10-21,15:00:49.781000,12817,12818,12818,1
2020-10-21,15:00:51.433000,12817,12818,12818,1
2020-10-21,15:00:51.508000,12817,12818,12817,1
2020-10-21,15:00:52.029000,12817,12818,12817,3
2020-10-21,15:00:52.393000,12816,12817,12817,2
2020-10-21,15:00:53.751000,12817,12818,12817,1
2020-10-21,15:00:53.872000,12817,12818,12816,1
2020-10-21,15:00:56.327000,12817,12818,12817,1
2020-10-21,15:00:56.622000,12817,12818,12817,3
2020-10-21,15:00:57.025000,12816,12817,12817,1
2020-10-21,15:00:57.752000,12816,12817,12816,1
2020-10-21,15:00:58.300000,12816,12817,12817,1
2020-10-21,15:00:58.364000,12816,12817,12817,3
2020-10-21,15:01:00.042000,12816,12817,12816,3
2020-10-21,15:01:00.042000,12816,12817,12816,4
2020-10-21,15:01:00.042000,12816,12817,12816,2
2020-10-21,15:01:00.043000,12816,12817,12816,13
2020-10-21,15:01:00.047000,12816,12817,12815,2
2020-10-21,15:01:00.048000,12816,12817,12816,2
2020-10-21,15:01:00.076000,12816,12817,12816,2
2020-10-21,15:01:00.082000,12816,12817,12817,2
2020-10-21,15:01:00.327000,12815,12816,12815,3
2020-10-21,15:01:00.723000,12815,12816,12816,1
2020-10-21,15:01:00.743000,12815,12816,12815,1
2020-10-21,15:01:00.801000,12815,12817,12815,1
2020-10-21,15:01:00.812000,12815,12817,12815,1
2020-10-21,15:01:00.920000,12815,12816,12816,3
2020-10-21,15:01:00.953000,12815,12816,12817,1
2020-10-21,15:01:01.160000,12815,12816,12815,1
2020-10-21,15:01:01.517000,12815,12816,12815,2
2020-10-21,15:01:01.553000,12814,12816,12814,2
2020-10-21,15:01:01.585000,12814,12816,12814,2
2020-10-21,15:01:01.817000,12814,12816,12814,1
2020-10-21,15:01:01.938000,12814,12816,12816,3
2020-10-21,15:01:01.939000,12814,12816,12816,2
2020-10-21,15:01:03.173000,12816,12817,12817,1
2020-10-21,15:01:03.173000,12816,12817,12817,1
2020-10-21,15:01:03.449000,12816,12817,12817,1
2020-10-21,15:01:03.449000,12816,12817,12817,1
2020-10-21,15:01:03.498000,12816,12817,12816,1
2020-10-21,15:01:03.883000,12816,12817,12817,1
2020-10-21,15:01:04.073000,12816,12817,12817,2
2020-10-21,15:01:04.074000,12816,12817,12817,2
2020-10-21,15:01:05.450000,12816,12818,12818,1
2020-10-21,15:01:05.454000,12816,12818,12818,1
2020-10-21,15:01:05.687000,12816,12818,12818,8
2020-10-21,15:01:05.848000,12817,12818,12818,1
2020-10-21,15:01:05.883000,12817,12818,12818,1
2020-10-21,15:01:05.883000,12817,12818,12818,1
2020-10-21,15:01:05.883000,12817,12818,12818,1
2020-10-21,15:01:05.884000,12817,12818,12818,6
2020-10-21,15:01:06.710000,12817,12818,12817,1
2020-10-21,15:01:06.741000,12817,12818,12818,1
2020-10-21,15:01:07.174000,12817,12818,12818,1
2020-10-21,15:01:07.182000,12817,12818,12818,1
2020-10-21,15:01:07.183000,12817,12818,12817,1
2020-10-21,15:01:08.742000,12817,12819,12819,1
2020-10-21,15:01:09.174000,12817,12818,12818,1
2020-10-21,15:01:09.549000,12817,12818,12817,1
2020-10-21,15:01:09.886000,12817,12818,12818,1
2020-10-21,15:01:09.887000,12817,12818,12818,1
2020-10-21,15:01:10.742000,12817,12819,12819,1
2020-10-21,15:01:10.742000,12817,12819,12819,1
2020-10-21,15:01:10.742000,12817,12819,12819,1
2020-10-21,15:01:10.977000,12817,12819,12818,1
2020-10-21,15:01:11.451000,12817,12819,12819,1
2020-10-21,15:01:11.575000,12817,12819,12818,1
2020-10-21,15:01:11.688000,12817,12819,12819,1
2020-10-21,15:01:11.884000,12817,12819,12819,1
2020-10-21,15:01:11.884000,12817,12819,12819,1
2020-10-21,15:01:11.954000,12817,12819,12818,1
2020-10-21,15:01:12.743000,12817,12819,12819,1
2020-10-21,15:01:13.884000,12818,12819,12819,1
2020-10-21,15:01:13.886000,12818,12819,12819,1
2020-10-21,15:01:14.273000,12818,12819,12819,3
2020-10-21,15:01:14.273000,12818,12819,12820,4
2020-10-21,15:01:14.275000,12818,12819,12819,4
2020-10-21,15:01:16.937000,12818,12820,12820,2
2020-10-21,15:01:16.993000,12818,12820,12819,1
2020-10-21,15:01:18.117000,12818,12819,12818,1
2020-10-21,15:01:18.929000,12818,12819,12819,2
2020-10-21,15:01:22.743000,12818,12819,12818,1
2020-10-21,15:01:23.219000,12818,12819,12818,15
2020-10-21,15:01:23.590000,12817,12818,12818,1
2020-10-21,15:01:26.229000,12818,12819,12818,1
2020-10-21,15:01:29.454000,12817,12818,12818,1
2020-10-21,15:01:29.454000,12817,12818,12818,1
2020-10-21,15:01:29.577000,12817,12819,12818,2
2020-10-21,15:01:31.178000,12817,12819,12819,1
2020-10-21,15:01:31.455000,12817,12819,12818,1
2020-10-21,15:01:33.041000,12817,12818,12817,6
2020-10-21,15:01:33.308000,12817,12818,12817,2
2020-10-21,15:01:33.308000,12817,12818,12816,4
2020-10-21,15:01:34.387000,12816,12817,12817,1
2020-10-21,15:01:34.961000,12816,12818,12816,12
2020-10-21,15:01:34.961000,12816,12818,12815,26
2020-10-21,15:01:34.961000,12816,12818,12814,2
2020-10-21,15:01:35.178000,12814,12816,12816,1
2020-10-21,15:01:35.891000,12815,12817,12817,1
2020-10-21,15:01:36.747000,12815,12817,12817,1
2020-10-21,15:01:37.188000,12815,12817,12817,1
2020-10-21,15:01:37.287000,12815,12817,12817,1
2020-10-21,15:01:37.288000,12815,12817,12817,1
2020-10-21,15:01:37.294000,12815,12817,12817,1
2020-10-21,15:01:37.324000,12815,12817,12815,3
2020-10-21,15:01:38.910000,12816,12817,12816,1
2020-10-21,15:01:39.891000,12816,12817,12817,1
2020-10-21,15:01:39.892000,12816,12817,12817,1
2020-10-21,15:01:41.693000,12816,12817,12817,1
2020-10-21,15:01:41.693000,12816,12817,12818,8
2020-10-21,15:01:41.780000,12816,12817,12817,1
2020-10-21,15:01:41.891000,12816,12817,12817,1
2020-10-21,15:01:42.749000,12815,12817,12817,1
2020-10-21,15:01:42.749000,12815,12817,12817,1
2020-10-21,15:01:43.893000,12815,12817,12817,1
2020-10-21,15:01:45.180000,12815,12817,12817,1
2020-10-21,15:01:45.891000,12815,12817,12817,1
2020-10-21,15:01:45.892000,12815,12817,12817,1
2020-10-21,15:01:46.749000,12815,12817,12817,1
2020-10-21,15:01:47.323000,12816,12817,12816,1
2020-10-21,15:01:51.160000,12816,12817,12816,1
2020-10-21,15:01:52.510000,12815,12817,12817,1
2020-10-21,15:01:53.698000,12815,12817,12817,1
2020-10-21,15:01:55.459000,12815,12817,12817,1
2020-10-21,15:01:57.291000,12815,12816,12815,3
2020-10-21,15:01:57.291000,12815,12816,12815,2
2020-10-21,15:01:57.459000,12815,12816,12816,1
2020-10-21,15:01:58.187000,12815,12816,12815,4
2020-10-21,15:01:58.286000,12814,12815,12814,1
2020-10-21,15:01:58.446000,12814,12815,12815,1
2020-10-21,15:01:58.503000,12814,12815,12815,1
2020-10-21,15:01:59.182000,12814,12815,12815,1
2020-10-21,15:01:59.207000,12814,12815,12814,1
2020-10-21,15:01:59.893000,12814,12815,12815,3
2020-10-21,15:02:00.960000,12815,12816,12816,1
2020-10-21,15:02:01.041000,12815,12817,12817,1
2020-10-21,15:02:02.752000,12814,12816,12816,1
2020-10-21,15:02:04.753000,12814,12815,12815,1
2020-10-21,15:02:07.185000,12815,12816,12816,1
2020-10-21,15:02:07.193000,12815,12816,12816,1
2020-10-21,15:02:07.395000,12815,12816,12815,1
2020-10-21,15:02:07.724000,12815,12816,12815,1
2020-10-21,15:02:07.899000,12815,12816,12816,1
2020-10-21,15:02:09.859000,12815,12816,12816,1
2020-10-21,15:02:10.259000,12815,12816,12815,1
2020-10-21,15:02:11.895000,12814,12815,12815,1
2020-10-21,15:02:12.178000,12814,12815,12815,4
2020-10-21,15:02:12.178000,12814,12815,12815,8
2020-10-21,15:02:12.961000,12815,12816,12816,1
2020-10-21,15:02:13.896000,12815,12816,12816,1
2020-10-21,15:02:14.095000,12815,12816,12816,5
2020-10-21,15:02:14.096000,12815,12816,12816,1
2020-10-21,15:02:14.504000,12815,12816,12816,1
2020-10-21,15:02:14.755000,12815,12817,12817,1
2020-10-21,15:02:15.939000,12816,12817,12816,1
2020-10-21,15:02:16.755000,12815,12817,12817,1
2020-10-21,15:02:17.698000,12816,12817,12817,8
2020-10-21,15:02:17.787000,12816,12817,12816,1
2020-10-21,15:02:17.789000,12816,12817,12815,1
2020-10-21,15:02:17.789000,12816,12817,12815,1
2020-10-21,15:02:17.792000,12816,12817,12817,1
2020-10-21,15:02:17.796000,12816,12817,12817,1
2020-10-21,15:02:21.463000,12815,12817,12817,1
2020-10-21,15:02:21.860000,12815,12816,12816,1
2020-10-21,15:02:23.326000,12816,12817,12816,1
2020-10-21,15:02:27.186000,12816,12817,12817,1
2020-10-21,15:02:28.689000,12816,12817,12816,1
2020-10-21,15:02:28.787000,12815,12816,12815,1
2020-10-21,15:02:29.889000,12815,12816,12815,1
2020-10-21,15:02:31.934000,12815,12816,12816,3
2020-10-21,15:02:35.899000,12815,12816,12816,1
2020-10-21,15:02:39.189000,12815,12816,12816,1
2020-10-21,15:02:39.902000,12815,12816,12816,14
2020-10-21,15:02:41.865000,12816,12817,12817,1
2020-10-21,15:02:46.761000,12816,12817,12817,1
2020-10-21,15:02:47.467000,12816,12817,12817,1
2020-10-21,15:02:47.536000,12816,12817,12816,1
2020-10-21,15:02:47.543000,12816,12817,12817,1
2020-10-21,15:02:48.423000,12816,12817,12817,1
2020-10-21,15:02:49.907000,12816,12817,12817,1
2020-10-21,15:02:53.043000,12816,12817,12817,1
2020-10-21,15:02:53.435000,12816,12817,12817,1
2020-10-21,15:02:53.704000,12816,12817,12817,8
2020-10-21,15:02:55.191000,12816,12817,12817,1
2020-10-21,15:02:59.535000,12816,12817,12816,7
2020-10-21,15:02:59.724000,12815,12816,12816,2
2020-10-21,15:03:03.907000,12815,12817,12817,1
2020-10-21,15:03:03.918000,12815,12817,12815,1
2020-10-21,15:03:04.154000,12815,12817,12817,2
2020-10-21,15:03:05.230000,12816,12817,12816,1
2020-10-21,15:03:06.235000,12816,12817,12816,3
2020-10-21,15:03:09.236000,12815,12816,12816,1
2020-10-21,15:03:09.287000,12815,12816,12815,1
2020-10-21,15:03:11.194000,12815,12816,12816,1
2020-10-21,15:03:11.481000,12815,12816,12816,1
2020-10-21,15:03:12.856000,12816,12817,12816,1
2020-10-21,15:03:13.472000,12815,12816,12816,1
2020-10-21,15:03:13.868000,12815,12816,12816,1
2020-10-21,15:03:18.766000,12815,12816,12816,1
2020-10-21,15:03:18.854000,12815,12816,12816,1
2020-10-21,15:03:21.909000,12815,12816,12816,1
2020-10-21,15:03:23.196000,12815,12816,12816,1
2020-10-21,15:03:23.896000,12815,12816,12815,25
2020-10-21,15:03:23.910000,12814,12815,12814,13
2020-10-21,15:03:24.035000,12813,12815,12813,6
2020-10-21,15:03:28.644000,12813,12814,12813,5
2020-10-21,15:03:29.668000,12813,12814,12813,2
2020-10-21,15:03:29.668000,12813,12814,12813,1
2020-10-21,15:03:31.025000,12812,12813,12813,1
2020-10-21,15:03:31.909000,12812,12813,12813,1
2020-10-21,15:03:33.719000,12812,12814,12812,10
2020-10-21,15:03:33.719000,12812,12814,12811,5
2020-10-21,15:03:35.198000,12812,12813,12812,1
2020-10-21,15:03:35.256000,12812,12813,12812,1
2020-10-21,15:03:36.413000,12812,12813,12812,1
2020-10-21,15:03:37.834000,12811,12812,12812,1
2020-10-21,15:03:39.074000,12811,12812,12811,1
2020-10-21,15:03:39.375000,12811,12812,12812,1
2020-10-21,15:03:41.295000,12811,12812,12811,1
2020-10-21,15:03:42.836000,12811,12812,12812,3
2020-10-21,15:03:44.149000,12812,12813,12812,1
2020-10-21,15:03:45.083000,12812,12813,12812,1
2020-10-21,15:03:45.762000,12811,12813,12811,1
2020-10-21,15:03:45.874000,12811,12813,12813,1
2020-10-21,15:03:46.186000,12812,12813,12812,1
2020-10-21,15:03:47.520000,12812,12813,12813,3
2020-10-21,15:03:47.520000,12812,12813,12813,2
2020-10-21,15:03:47.520000,12812,12813,12813,1
2020-10-21,15:03:48.108000,12813,12814,12814,1
2020-10-21,15:03:50.771000,12813,12814,12814,1
2020-10-21,15:03:50.977000,12813,12814,12813,1
2020-10-21,15:03:51.835000,12813,12814,12813,1
2020-10-21,15:03:52.956000,12813,12814,12813,1
2020-10-21,15:03:53.913000,12813,12814,12814,1
2020-10-21,15:03:54.034000,12813,12814,12813,1
2020-10-21,15:03:55.214000,12813,12814,12813,2
2020-10-21,15:03:55.215000,12813,12814,12813,1
2020-10-21,15:03:58.230000,12812,12813,12813,4
2020-10-21,15:03:59.274000,12813,12814,12813,1
2020-10-21,15:03:59.438000,12813,12814,12813,1
2020-10-21,15:04:02.311000,12812,12814,12814,2
2020-10-21,15:04:02.343000,12812,12814,12813,1
2020-10-21,15:04:02.545000,12812,12814,12812,2
2020-10-21,15:04:02.554000,12812,12814,12812,4
2020-10-21,15:04:02.634000,12812,12814,12814,3
2020-10-21,15:04:02.958000,12813,12814,12813,1
2020-10-21,15:04:03.082000,12813,12814,12813,1
2020-10-21,15:04:04.740000,12811,12813,12813,1
2020-10-21,15:04:05.544000,12812,12813,12813,1
2020-10-21,15:04:06.795000,12813,12814,12814,3
2020-10-21,15:04:06.795000,12813,12814,12815,1
2020-10-21,15:04:07.376000,12813,12815,12813,1
2020-10-21,15:04:07.619000,12812,12813,12813,1
2020-10-21,15:04:11.359000,12813,12815,12813,1
2020-10-21,15:04:16.290000,12813,12814,12813,1
2020-10-21,15:04:21.375000,12813,12814,12813,1
2020-10-21,15:04:21.411000,12813,12814,12813,1
2020-10-21,15:04:22.845000,12813,12814,12814,1
2020-10-21,15:04:23.150000,12814,12815,12814,1
2020-10-21,15:04:24.902000,12813,12815,12813,3
2020-10-21,15:04:30.186000,12813,12814,12814,1
2020-10-21,15:04:38.618000,12814,12815,12814,3
2020-10-21,15:04:38.967000,12814,12815,12814,4
2020-10-21,15:04:39.906000,12813,12815,12813,1
2020-10-21,15:05:02.456000,12813,12814,12814,1
2020-10-21,15:05:02.519000,12813,12814,12813,2
2020-10-21,15:05:02.541000,12813,12814,12813,1
2020-10-21,15:05:02.541000,12813,12814,12813,4
2020-10-21,15:05:02.541000,12813,12814,12813,4
2020-10-21,15:05:02.541000,12813,12814,12813,4
2020-10-21,15:05:02.549000,12813,12814,12812,1
2020-10-21,15:05:02.561000,12813,12814,12812,1
2020-10-21,15:05:02.822000,12812,12813,12812,2
2020-10-21,15:05:03.017000,12812,12813,12812,1
2020-10-21,15:05:05.878000,12812,12813,12813,1
2020-10-21,15:05:07.045000,12812,12813,12812,1
2020-10-21,15:05:10.128000,12812,12813,12813,2
2020-10-21,15:05:10.162000,12813,12814,12813,1
2020-10-21,15:05:10.163000,12813,12814,12812,1
2020-10-21,15:05:10.172000,12813,12814,12812,1
2020-10-21,15:05:12.540000,12813,12814,12813,1
2020-10-21,15:05:17.322000,12813,12814,12813,3
2020-10-21,15:05:17.379000,12813,12814,12813,1
2020-10-21,15:05:21.340000,12813,12814,12813,1
2020-10-21,15:05:21.411000,12813,12814,12813,1
2020-10-21,15:05:21.412000,12813,12814,12813,1
2020-10-21,15:05:21.412000,12813,12814,12813,1
2020-10-21,15:05:21.413000,12813,12814,12813,1
2020-10-21,15:05:21.413000,12813,12814,12812,1
2020-10-21,15:05:21.414000,12813,12814,12812,1
2020-10-21,15:05:21.421000,12813,12814,12812,1
2020-10-21,15:05:21.421000,12813,12814,12812,1
2020-10-21,15:05:21.421000,12813,12814,12812,1
2020-10-21,15:05:27.670000,12813,12814,12813,1
2020-10-21,15:05:35.556000,12813,12814,12814,7
2020-10-21,15:05:35.661000,12814,12815,12814,1
2020-10-21,15:05:35.661000,12814,12815,12814,1
2020-10-21,15:05:36.415000,12814,12815,12814,5
2020-10-21,15:05:40.798000,12813,12814,12814,1
2020-10-21,15:05:40.911000,12813,12814,12813,1
2020-10-21,15:05:44.218000,12813,12814,12813,1
2020-10-21,15:05:47.522000,12813,12814,12813,1
2020-10-21,15:05:47.642000,12813,12814,12813,1
2020-10-21,15:05:47.657000,12813,12814,12813,1
2020-10-21,15:05:49.535000,12813,12814,12814,1
2020-10-21,15:05:49.663000,12814,12815,12814,1
2020-10-21,15:05:53.177000,12814,12815,12814,1
2020-10-21,15:05:53.323000,12813,12815,12813,1
2020-10-21,15:05:56.024000,12813,12814,12814,3
2020-10-21,15:05:59.823000,12813,12814,12813,3
2020-10-21,15:06:02.304000,12813,12814,12813,5
2020-10-21,15:06:14.584000,12813,12814,12813,1
2020-10-21,15:06:14.584000,12813,12814,12813,4
2020-10-21,15:06:14.584000,12813,12814,12813,13
2020-10-21,15:06:14.585000,12813,12814,12813,6
2020-10-21,15:06:15.224000,12812,12813,12812,2
2020-10-21,15:06:16.409000,12812,12813,12812,1
2020-10-21,15:06:16.446000,12812,12813,12812,1
2020-10-21,15:06:17.608000,12812,12813,12812,4
2020-10-21,15:06:20.426000,12812,12813,12812,3
2020-10-21,15:06:20.427000,12812,12813,12812,3
2020-10-21,15:06:21.025000,12811,12813,12812,1
2020-10-21,15:06:23.555000,12811,12813,12813,1
2020-10-21,15:06:24.960000,12811,12812,12812,4
2020-10-21,15:06:31.830000,12812,12813,12812,1
2020-10-21,15:06:33.249000,12812,12813,12813,1
2020-10-21,15:06:37.280000,12812,12813,12812,1
2020-10-21,15:06:38.776000,12811,12812,12812,4
2020-10-21,15:06:42.954000,12812,12813,12812,1
2020-10-21,15:06:43.232000,12811,12813,12811,2
2020-10-21,15:06:43.252000,12811,12813,12811,2
2020-10-21,15:06:45.847000,12812,12813,12813,1
2020-10-21,15:06:49.595000,12812,12813,12813,4
2020-10-21,15:06:52.299000,12812,12813,12813,4
2020-10-21,15:06:52.781000,12812,12813,12812,1
2020-10-21,15:06:58.349000,12812,12813,12812,1
2020-10-21,15:07:02.088000,12812,12813,12813,2
2020-10-21,15:07:02.929000,12812,12813,12812,7
2020-10-21,15:07:02.930000,12812,12813,12812,3
2020-10-21,15:07:05.184000,12811,12812,12812,1
2020-10-21,15:07:05.184000,12811,12812,12813,1
2020-10-21,15:07:05.561000,12812,12813,12812,1
2020-10-21,15:07:07.346000,12812,12813,12812,3
2020-10-21,15:07:10.782000,12812,12813,12813,1
2020-10-21,15:07:11.112000,12812,12813,12812,1
2020-10-21,15:07:12.620000,12812,12813,12812,1
2020-10-21,15:07:13.951000,12812,12813,12812,1
2020-10-21,15:07:26.261000,12812,12813,12812,1
2020-10-21,15:07:26.593000,12812,12813,12813,14
2020-10-21,15:07:26.593000,12812,12813,12814,23
2020-10-21,15:07:29.040000,12813,12814,12813,4
2020-10-21,15:07:29.161000,12813,12814,12813,1
2020-10-21,15:07:30.043000,12813,12814,12814,1
2020-10-21,15:07:41.645000,12813,12814,12813,1
2020-10-21,15:07:43.823000,12813,12814,12814,6
2020-10-21,15:07:43.823000,12813,12814,12814,1
2020-10-21,15:07:57.295000,12813,12814,12813,1
2020-10-21,15:07:57.557000,12813,12814,12813,2
2020-10-21,15:07:57.973000,12812,12813,12813,1
2020-10-21,15:08:04.386000,12812,12814,12812,1
2020-10-21,15:08:04.665000,12812,12814,12812,2
2020-10-21,15:08:10.004000,12813,12814,12813,1
2020-10-21,15:08:17.401000,12813,12814,12813,1
2020-10-21,15:08:25.312000,12812,12813,12813,1
2020-10-21,15:08:25.313000,12812,12813,12813,1
2020-10-21,15:08:29.176000,12812,12813,12813,1
2020-10-21,15:08:30.109000,12812,12814,12812,1
2020-10-21,15:08:30.156000,12812,12814,12812,1
2020-10-21,15:08:30.415000,12812,12814,12812,1
2020-10-21,15:08:36.776000,12813,12814,12813,1
2020-10-21,15:08:36.924000,12812,12814,12812,1
2020-10-21,15:08:40.326000,12813,12814,12813,1
2020-10-21,15:08:50.004000,12813,12814,12813,1
2020-10-21,15:08:50.382000,12813,12814,12813,2
2020-10-21,15:08:50.382000,12813,12814,12812,1
2020-10-21,15:09:05.800000,12812,12813,12813,4
2020-10-21,15:09:08.170000,12812,12813,12812,1
2020-10-21,15:09:08.286000,12812,12813,12812,1
2020-10-21,15:09:08.528000,12812,12813,12812,1
2020-10-21,15:09:09.230000,12812,12813,12812,1
2020-10-21,15:09:09.286000,12812,12813,12812,1
2020-10-21,15:09:11.479000,12812,12813,12812,1
2020-10-21,15:09:17.740000,12812,12813,12812,1
2020-10-21,15:09:17.745000,12812,12813,12813,5
2020-10-21,15:09:29.948000,12812,12813,12813,1
2020-10-21,15:09:31.394000,12812,12813,12813,4
2020-10-21,15:09:31.394000,12812,12813,12813,16
2020-10-21,15:09:31.411000,12813,12814,12813,1
2020-10-21,15:09:31.412000,12813,12814,12812,1
2020-10-21,15:09:31.412000,12813,12814,12812,1
2020-10-21,15:09:31.412000,12813,12814,12812,1
2020-10-21,15:09:31.413000,12813,12814,12812,1
2020-10-21,15:09:31.413000,12813,12814,12812,1
2020-10-21,15:09:31.414000,12813,12814,12812,1
2020-10-21,15:09:31.415000,12813,12814,12812,1
2020-10-21,15:09:31.418000,12813,12814,12812,1
2020-10-21,15:09:31.418000,12813,12814,12812,1
2020-10-21,15:09:31.421000,12813,12814,12812,1
2020-10-21,15:09:31.422000,12813,12814,12812,1
2020-10-21,15:09:31.422000,12813,12814,12812,1
2020-10-21,15:09:43.565000,12812,12813,12812,2
2020-10-21,15:09:51.994000,12811,12812,12812,1
2020-10-21,15:09:56.166000,12811,12812,12811,2
2020-10-21,15:09:57.138000,12811,12812,12811,1
2020-10-21,15:09:57.225000,12811,12812,12812,1
2020-10-21,15:09:58.056000,12811,12812,12812,1
2020-10-21,15:09:58.294000,12811,12812,12812,1
2020-10-21,15:09:58.465000,12811,12813,12813,1
2020-10-21,15:09:58.975000,12811,12813,12811,2
2020-10-21,15:09:59.430000,12811,12813,12811,2
2020-10-21,15:09:59.577000,12811,12812,12811,2
2020-10-21,15:10:04.966000,12811,12812,12811,4
2020-10-21,15:10:04.966000,12811,12812,12811,9
2020-10-21,15:10:05.218000,12810,12811,12811,6
2020-10-21,15:10:05.218000,12810,12811,12812,9
2020-10-21,15:10:05.243000,12810,12811,12810,3
2020-10-21,15:10:05.252000,12810,12811,12810,1
2020-10-21,15:10:05.269000,12810,12811,12810,1
2020-10-21,15:10:05.271000,12810,12811,12810,1
2020-10-21,15:10:05.281000,12810,12811,12810,1
2020-10-21,15:10:05.282000,12810,12811,12810,1
2020-10-21,15:10:05.293000,12810,12811,12810,1
2020-10-21,15:10:05.298000,12810,12811,12810,1
2020-10-21,15:10:05.298000,12810,12811,12810,1
2020-10-21,15:10:05.299000,12810,12811,12810,1
2020-10-21,15:10:05.299000,12810,12811,12810,1
2020-10-21,15:10:05.304000,12810,12811,12810,1
2020-10-21,15:10:05.305000,12810,12811,12810,1
2020-10-21,15:10:05.310000,12810,12811,12810,1
2020-10-21,15:10:05.339000,12810,12811,12810,1
2020-10-21,15:10:05.375000,12810,12811,12810,4
2020-10-21,15:10:05.375000,12810,12811,12810,1
2020-10-21,15:10:05.396000,12810,12811,12809,3
2020-10-21,15:10:05.530000,12809,12811,12809,1
2020-10-21,15:10:05.853000,12809,12811,12811,1
2020-10-21,15:10:05.904000,12809,12811,12811,2
2020-10-21,15:10:06.577000,12809,12811,12809,2
2020-10-21,15:10:08.788000,12809,12811,12811,1
2020-10-21,15:10:10.712000,12810,12811,12810,1
2020-10-21,15:10:10.712000,12810,12811,12809,1
2020-10-21,15:10:13.730000,12810,12811,12810,1
2020-10-21,15:10:15.680000,12809,12810,12809,16
2020-10-21,15:10:20.884000,12808,12809,12808,4
2020-10-21,15:10:20.885000,12808,12809,12808,1
2020-10-21,15:10:20.885000,12808,12809,12808,14
2020-10-21,15:10:21.003000,12807,12808,12807,1
2020-10-21,15:10:21.006000,12807,12808,12807,1
2020-10-21,15:10:21.012000,12807,12808,12807,1
2020-10-21,15:10:21.029000,12807,12808,12807,1
2020-10-21,15:10:21.031000,12807,12808,12807,1
2020-10-21,15:10:21.081000,12807,12808,12807,1
2020-10-21,15:10:21.137000,12807,12808,12807,1
2020-10-21,15:10:21.163000,12807,12808,12807,1
2020-10-21,15:10:21.170000,12807,12808,12807,12
2020-10-21,15:10:21.170000,12807,12808,12806,1
2020-10-21,15:10:21.172000,12807,12808,12806,2
2020-10-21,15:10:21.173000,12807,12808,12806,3
2020-10-21,15:10:21.180000,12807,12808,12806,2
2020-10-21,15:10:21.186000,12807,12808,12806,3
2020-10-21,15:10:21.188000,12807,12808,12806,5
2020-10-21,15:10:21.195000,12807,12808,12806,1
2020-10-21,15:10:21.204000,12807,12808,12806,2
2020-10-21,15:10:21.210000,12807,12808,12806,3
2020-10-21,15:10:21.220000,12807,12808,12805,5
2020-10-21,15:10:21.312000,12805,12807,12805,1
2020-10-21,15:10:21.318000,12805,12807,12805,2
2020-10-21,15:10:21.318000,12805,12807,12805,2
2020-10-21,15:10:21.318000,12805,12807,12805,1
2020-10-21,15:10:21.327000,12805,12807,12805,1
2020-10-21,15:10:21.330000,12805,12807,12805,2
2020-10-21,15:10:21.342000,12805,12807,12805,1
2020-10-21,15:10:21.362000,12805,12807,12805,2
2020-10-21,15:10:21.426000,12804,12806,12804,1
2020-10-21,15:10:21.458000,12804,12806,12804,1
2020-10-21,15:10:21.479000,12804,12806,12804,1
2020-10-21,15:10:21.483000,12804,12806,12804,8
2020-10-21,15:10:21.858000,12804,12806,12804,1
2020-10-21,15:10:21.878000,12804,12806,12804,1
2020-10-21,15:10:22.034000,12804,12806,12806,1
2020-10-21,15:10:22.106000,12804,12806,12804,1
2020-10-21,15:10:22.333000,12804,12806,12804,1
2020-10-21,15:10:22.535000,12805,12806,12806,2
2020-10-21,15:10:22.559000,12805,12806,12805,1
2020-10-21,15:10:23.254000,12805,12807,12805,1
2020-10-21,15:10:28.543000,12805,12807,12806,1
2020-10-21,15:10:29.250000,12805,12807,12806,1
2020-10-21,15:10:29.286000,12805,12807,12805,1
2020-10-21,15:10:29.360000,12805,12807,12807,1
2020-10-21,15:10:31.847000,12806,12807,12806,1
2020-10-21,15:10:32.143000,12805,12807,12807,1
2020-10-21,15:10:32.848000,12805,12807,12805,1
2020-10-21,15:10:35.741000,12805,12807,12805,1
2020-10-21,15:10:38.275000,12805,12807,12805,2
2020-10-21,15:10:38.355000,12805,12807,12805,1
2020-10-21,15:10:42.351000,12805,12806,12805,1
2020-10-21,15:10:45.287000,12805,12806,12805,2
2020-10-21,15:10:45.897000,12805,12806,12805,2
2020-10-21,15:10:46.127000,12805,12806,12805,2
2020-10-21,15:10:46.366000,12805,12806,12805,2
2020-10-21,15:10:46.557000,12805,12806,12806,1
2020-10-21,15:10:47.101000,12805,12806,12805,1
2020-10-21,15:10:47.126000,12805,12806,12804,1
2020-10-21,15:10:47.845000,12804,12806,12804,2
2020-10-21,15:10:48.969000,12804,12805,12805,2
2020-10-21,15:10:49.191000,12805,12806,12805,2
2020-10-21,15:10:49.688000,12805,12806,12806,1
2020-10-21,15:10:50.388000,12805,12806,12805,1
2020-10-21,15:10:51.449000,12805,12806,12805,2
2020-10-21,15:10:52.712000,12804,12805,12804,1
2020-10-21,15:10:53.287000,12804,12805,12805,2
2020-10-21,15:10:56.332000,12804,12806,12804,2
2020-10-21,15:11:04.099000,12805,12806,12805,1
2020-10-21,15:11:04.173000,12805,12806,12805,1
2020-10-21,15:11:04.174000,12805,12806,12805,1
2020-10-21,15:11:04.174000,12805,12806,12805,1
2020-10-21,15:11:04.187000,12805,12806,12805,1
2020-10-21,15:11:06.159000,12805,12806,12805,1
2020-10-21,15:11:06.161000,12805,12806,12805,1
2020-10-21,15:11:06.161000,12805,12806,12805,1
2020-10-21,15:11:06.169000,12805,12806,12804,1
2020-10-21,15:11:07.164000,12805,12806,12805,1
2020-10-21,15:11:07.287000,12805,12806,12805,2
2020-10-21,15:11:07.618000,12805,12806,12805,1
2020-10-21,15:11:07.619000,12805,12806,12805,1
2020-10-21,15:11:07.901000,12804,12806,12806,1
2020-10-21,15:11:07.960000,12805,12806,12805,1
2020-10-21,15:11:08.486000,12805,12806,12805,1
2020-10-21,15:11:12.535000,12805,12806,12806,1
2020-10-21,15:11:12.978000,12805,12807,12805,1
2020-10-21,15:11:15.238000,12805,12806,12805,1
2020-10-21,15:11:15.909000,12805,12806,12805,1
2020-10-21,15:11:17.456000,12805,12806,12806,1
2020-10-21,15:11:21.265000,12805,12806,12805,1
2020-10-21,15:11:21.286000,12805,12806,12805,1
2020-10-21,15:11:21.287000,12805,12806,12805,1
2020-10-21,15:11:21.287000,12805,12806,12805,1
2020-10-21,15:11:21.287000,12805,12806,12805,1
2020-10-21,15:11:21.288000,12805,12806,12805,1
2020-10-21,15:11:21.288000,12805,12806,12805,1
2020-10-21,15:11:21.288000,12805,12806,12805,1
2020-10-21,15:11:21.294000,12805,12806,12804,1
2020-10-21,15:11:21.294000,12805,12806,12804,1
2020-10-21,15:11:21.297000,12805,12806,12804,1
2020-10-21,15:11:21.665000,12804,12805,12804,2
2020-10-21,15:11:26.197000,12804,12806,12804,1
2020-10-21,15:11:26.442000,12804,12806,12805,2
2020-10-21,15:11:28.390000,12805,12806,12805,1
2020-10-21,15:11:28.411000,12804,12806,12804,1
2020-10-21,15:11:28.414000,12804,12806,12804,1
2020-10-21,15:11:28.422000,12804,12806,12804,5
2020-10-21,15:11:28.423000,12804,12806,12804,10
2020-10-21,15:11:28.423000,12804,12806,12804,2
2020-10-21,15:11:28.535000,12804,12805,12804,2
2020-10-21,15:11:28.537000,12804,12805,12804,3
2020-10-21,15:11:30.168000,12804,12805,12804,1
2020-10-21,15:11:31.903000,12804,12805,12804,1
2020-10-21,15:11:31.941000,12804,12805,12804,2
2020-10-21,15:11:33.344000,12803,12804,12803,2
2020-10-21,15:11:33.440000,12803,12804,12804,1
2020-10-21,15:11:33.685000,12803,12804,12803,2
2020-10-21,15:11:33.710000,12803,12804,12803,1
2020-10-21,15:11:33.742000,12803,12804,12803,1
2020-10-21,15:11:33.743000,12803,12804,12803,1
2020-10-21,15:11:33.808000,12803,12804,12803,1
2020-10-21,15:11:33.808000,12803,12804,12803,1
2020-10-21,15:11:37.521000,12802,12803,12803,1
2020-10-21,15:11:37.659000,12802,12804,12802,1
2020-10-21,15:11:37.880000,12802,12804,12803,1
2020-10-21,15:11:38.625000,12803,12804,12803,1
2020-10-21,15:11:38.661000,12803,12804,12803,1
2020-10-21,15:11:39.675000,12802,12803,12803,2
2020-10-21,15:11:42.733000,12802,12803,12802,8
2020-10-21,15:11:42.734000,12802,12803,12802,2
2020-10-21,15:11:42.779000,12802,12803,12802,16
2020-10-21,15:11:42.794000,12801,12803,12803,1
2020-10-21,15:11:43.023000,12801,12803,12803,1
2020-10-21,15:11:46.876000,12802,12803,12802,1
2020-10-21,15:11:47.992000,12801,12802,12802,1
2020-10-21,15:11:48.038000,12802,12803,12802,1
2020-10-21,15:11:48.046000,12802,12803,12801,4
2020-10-21,15:11:48.743000,12801,12803,12801,8
2020-10-21,15:11:49.528000,12801,12802,12801,2
2020-10-21,15:11:50.083000,12801,12802,12801,1
2020-10-21,15:11:51.612000,12801,12803,12801,1
2020-10-21,15:11:52.205000,12802,12803,12802,1
2020-10-21,15:11:52.802000,12802,12803,12802,1
2020-10-21,15:11:53.976000,12801,12803,12801,2
2020-10-21,15:11:54.188000,12801,12803,12801,1
2020-10-21,15:11:54.866000,12801,12803,12802,4
2020-10-21,15:11:56.428000,12801,12802,12802,2
2020-10-21,15:11:56.849000,12802,12803,12803,5
2020-10-21,15:11:56.850000,12802,12803,12803,1
2020-10-21,15:11:57.988000,12802,12804,12802,5
2020-10-21,15:11:58.008000,12802,12804,12802,3
2020-10-21,15:11:59.786000,12803,12804,12803,1
2020-10-21,15:12:00.228000,12803,12804,12804,1
2020-10-21,15:12:00.298000,12803,12804,12803,1
2020-10-21,15:12:02.084000,12802,12803,12803,1
2020-10-21,15:12:02.332000,12803,12804,12803,1
2020-10-21,15:12:02.332000,12803,12804,12802,1
2020-10-21,15:12:02.571000,12802,12803,12803,1
2020-10-21,15:12:03.587000,12803,12804,12803,5
2020-10-21,15:12:03.589000,12803,12804,12803,3
2020-10-21,15:12:03.592000,12803,12804,12802,1
2020-10-21,15:12:04.637000,12802,12804,12803,1
2020-10-21,15:12:05.787000,12803,12804,12804,1
2020-10-21,15:12:06.046000,12803,12804,12803,1
2020-10-21,15:12:07.735000,12803,12804,12803,1
2020-10-21,15:12:07.787000,12802,12804,12802,1
2020-10-21,15:12:07.794000,12802,12804,12802,1
2020-10-21,15:12:08.029000,12802,12804,12804,1
2020-10-21,15:12:08.091000,12802,12804,12802,1
2020-10-21,15:12:10.495000,12802,12804,12802,1
2020-10-21,15:12:11.761000,12802,12804,12803,1
2020-10-21,15:12:11.807000,12803,12804,12803,1
2020-10-21,15:12:11.808000,12803,12804,12803,1
2020-10-21,15:12:12.211000,12803,12804,12803,1
2020-10-21,15:12:12.212000,12803,12804,12803,1
2020-10-21,15:12:13.975000,12803,12804,12803,1
2020-10-21,15:12:14.731000,12802,12803,12802,1
2020-10-21,15:12:15.265000,12802,12803,12803,1
2020-10-21,15:12:15.635000,12803,12804,12803,1
2020-10-21,15:12:15.941000,12803,12804,12803,1
2020-10-21,15:12:16.900000,12803,12804,12804,1
2020-10-21,15:12:16.962000,12803,12804,12804,1
2020-10-21,15:12:17.192000,12803,12804,12803,2
2020-10-21,15:12:17.193000,12803,12804,12803,2
2020-10-21,15:12:17.286000,12802,12804,12802,1
2020-10-21,15:12:17.292000,12802,12804,12802,1
2020-10-21,15:12:17.516000,12802,12804,12802,2
2020-10-21,15:12:17.579000,12802,12804,12802,1
2020-10-21,15:12:22.956000,12802,12803,12803,9
2020-10-21,15:12:23.535000,12803,12804,12804,9
2020-10-21,15:12:26.285000,12803,12804,12804,3
2020-10-21,15:12:26.410000,12803,12804,12804,2
2020-10-21,15:12:27.817000,12803,12805,12805,1
2020-10-21,15:12:27.911000,12803,12805,12803,1
2020-10-21,15:12:27.911000,12803,12805,12803,1
2020-10-21,15:12:27.912000,12803,12805,12803,1
2020-10-21,15:12:27.913000,12803,12805,12803,1
2020-10-21,15:12:27.913000,12803,12805,12803,1
2020-10-21,15:12:27.918000,12803,12805,12803,1
2020-10-21,15:12:28.160000,12803,12804,12804,1
2020-10-21,15:12:30.410000,12803,12804,12804,1
2020-10-21,15:12:33.747000,12804,12805,12804,1
2020-10-21,15:12:37.870000,12804,12805,12804,1
2020-10-21,15:12:50.048000,12804,12805,12805,1
2020-10-21,15:12:50.097000,12804,12805,12805,4
2020-10-21,15:12:50.097000,12804,12805,12805,9
2020-10-21,15:12:50.460000,12805,12806,12805,1
2020-10-21,15:12:50.661000,12805,12806,12805,2
2020-10-21,15:12:52.068000,12805,12806,12805,7
2020-10-21,15:12:58.355000,12804,12805,12805,2
2020-10-21,15:13:01.106000,12805,12806,12805,4
2020-10-21,15:13:01.295000,12804,12805,12804,1
2020-10-21,15:13:01.354000,12804,12805,12804,2
2020-10-21,15:13:01.444000,12804,12805,12804,4
2020-10-21,15:13:01.485000,12804,12805,12804,1
2020-10-21,15:13:01.512000,12804,12805,12804,3
2020-10-21,15:13:01.512000,12804,12805,12804,2
2020-10-21,15:13:01.608000,12803,12805,12803,1
2020-10-21,15:13:01.785000,12803,12804,12803,3
2020-10-21,15:13:02.256000,12803,12804,12803,2
2020-10-21,15:13:02.286000,12803,12804,12803,1
2020-10-21,15:13:02.288000,12803,12804,12802,1
2020-10-21,15:13:03.391000,12803,12805,12805,1
2020-10-21,15:13:09.594000,12804,12805,12804,1
2020-10-21,15:13:09.786000,12803,12804,12803,1
2020-10-21,15:13:12.486000,12802,12804,12802,1
2020-10-21,15:13:15.203000,12802,12803,12803,2
2020-10-21,15:13:17.134000,12802,12803,12802,1
2020-10-21,15:13:20.393000,12802,12803,12802,1
2020-10-21,15:13:20.393000,12802,12803,12804,1
2020-10-21,15:13:20.411000,12802,12804,12803,1
2020-10-21,15:13:20.411000,12802,12804,12803,1
2020-10-21,15:13:23.266000,12802,12804,12802,1
2020-10-21,15:13:23.365000,12802,12804,12802,1
2020-10-21,15:13:23.366000,12802,12804,12802,1
2020-10-21,15:13:25.074000,12802,12803,12803,3
2020-10-21,15:13:28.990000,12803,12804,12803,1
2020-10-21,15:13:30.818000,12803,12804,12803,1
2020-10-21,15:13:30.911000,12803,12804,12803,1
2020-10-21,15:13:30.913000,12803,12804,12803,1
2020-10-21,15:13:30.915000,12803,12804,12803,1
2020-10-21,15:13:30.916000,12803,12804,12803,1
2020-10-21,15:13:30.917000,12803,12804,12803,1
2020-10-21,15:13:30.920000,12803,12804,12802,1
2020-10-21,15:13:31.541000,12802,12803,12803,1
2020-10-21,15:13:40.053000,12803,12804,12803,1
2020-10-21,15:13:46.322000,12803,12804,12804,15
2020-10-21,15:13:48.798000,12803,12805,12805,1
2020-10-21,15:13:48.911000,12803,12805,12803,1
2020-10-21,15:13:49.535000,12803,12804,12804,1
2020-10-21,15:13:54.487000,12803,12805,12804,1
2020-10-21,15:13:58.204000,12804,12805,12804,2
2020-10-21,15:14:01.968000,12804,12805,12804,2
2020-10-21,15:14:01.968000,12804,12805,12804,1
2020-10-21,15:14:01.969000,12804,12805,12804,1
2020-10-21,15:14:02.307000,12803,12805,12803,1
2020-10-21,15:14:02.529000,12803,12805,12805,2
2020-10-21,15:14:03.959000,12803,12805,12805,1
2020-10-21,15:14:05.946000,12804,12805,12805,1
2020-10-21,15:14:13.182000,12804,12805,12804,1
2020-10-21,15:14:13.743000,12804,12805,12805,1
2020-10-21,15:14:14.982000,12804,12805,12804,1
2020-10-21,15:14:15.010000,12804,12805,12804,1
2020-10-21,15:14:15.410000,12803,12804,12804,1
2020-10-21,15:14:19.957000,12804,12805,12805,1
2020-10-21,15:14:20.149000,12804,12805,12804,1
2020-10-21,15:14:23.106000,12803,12804,12804,1
2020-10-21,15:14:24.652000,12803,12804,12804,1
2020-10-21,15:14:26.573000,12804,12805,12805,1
2020-10-21,15:14:27.490000,12804,12805,12805,1
2020-10-21,15:14:36.441000,12804,12805,12804,1
2020-10-21,15:14:40.285000,12804,12805,12805,5
2020-10-21,15:14:40.910000,12804,12805,12805,4
2020-10-21,15:14:40.910000,12804,12805,12805,1
2020-10-21,15:14:41.492000,12805,12806,12805,1
2020-10-21,15:14:42.574000,12805,12806,12805,1
2020-10-21,15:14:42.574000,12805,12806,12805,1
2020-10-21,15:14:42.575000,12805,12806,12805,1
2020-10-21,15:14:42.614000,12805,12806,12805,1
2020-10-21,15:14:45,12805,12806,12805,1
2020-10-21,15:14:45.552000,12805,12806,12805,1
2020-10-21,15:14:46.601000,12805,12806,12806,1
2020-10-21,15:14:49.547000,12805,12806,12805,1
2020-10-21,15:14:51.540000,12805,12806,12805,1
2020-10-21,15:14:52.999000,12805,12806,12805,1
2020-10-21,15:14:55.054000,12805,12806,12805,1
2020-10-21,15:15:01.490000,12805,12806,12805,1
2020-10-21,15:15:01.701000,12804,12806,12804,25
2020-10-21,15:15:01.705000,12804,12806,12804,1
2020-10-21,15:15:01.718000,12804,12806,12804,2
2020-10-21,15:15:01.718000,12804,12806,12803,10
2020-10-21,15:15:01.730000,12804,12806,12803,1
2020-10-21,15:15:01.746000,12804,12806,12803,2
2020-10-21,15:15:01.850000,12803,12805,12803,2
2020-10-21,15:15:01.883000,12803,12805,12803,2
2020-10-21,15:15:01.988000,12803,12805,12803,2
2020-10-21,15:15:02.008000,12803,12805,12803,2
2020-10-21,15:15:05.057000,12803,12804,12804,1
2020-10-21,15:15:05.632000,12803,12804,12803,4
2020-10-21,15:15:05.632000,12803,12804,12803,2
2020-10-21,15:15:06.383000,12802,12803,12802,2
2020-10-21,15:15:06.456000,12802,12803,12802,1
2020-10-21,15:15:06.456000,12802,12803,12802,25
2020-10-21,15:15:06.456000,12802,12803,12802,13
2020-10-21,15:15:06.456000,12802,12803,12802,7
2020-10-21,15:15:06.469000,12802,12803,12801,12
2020-10-21,15:15:06.560000,12801,12802,12801,2
2020-10-21,15:15:06.596000,12801,12802,12801,1
2020-10-21,15:15:06.686000,12801,12802,12801,2
2020-10-21,15:15:06.716000,12801,12802,12801,2
2020-10-21,15:15:06.726000,12801,12802,12801,3
2020-10-21,15:15:06.726000,12801,12802,12801,4
2020-10-21,15:15:06.727000,12801,12802,12801,7
2020-10-21,15:15:06.734000,12801,12802,12800,1
2020-10-21,15:15:06.737000,12801,12802,12800,2
2020-10-21,15:15:06.804000,12800,12801,12800,1
2020-10-21,15:15:06.823000,12800,12801,12800,3
2020-10-21,15:15:06.829000,12800,12801,12800,1
2020-10-21,15:15:06.846000,12800,12801,12800,3
2020-10-21,15:15:06.847000,12800,12801,12800,11
2020-10-21,15:15:06.847000,12800,12801,12800,12
2020-10-21,15:15:06.850000,12800,12801,12800,5
2020-10-21,15:15:06.865000,12800,12801,12800,2
2020-10-21,15:15:06.869000,12800,12801,12800,2
2020-10-21,15:15:06.888000,12800,12801,12800,1
2020-10-21,15:15:06.890000,12800,12801,12800,2
2020-10-21,15:15:06.910000,12800,12801,12800,28
2020-10-21,15:15:06.911000,12800,12801,12800,6
2020-10-21,15:15:06.911000,12800,12801,12800,4
2020-10-21,15:15:06.913000,12800,12801,12800,1
2020-10-21,15:15:06.944000,12800,12801,12800,2
2020-10-21,15:15:06.999000,12800,12801,12800,2
2020-10-21,15:15:07,12800,12801,12800,4
2020-10-21,15:15:07.002000,12800,12801,12799,1
2020-10-21,15:15:07.049000,12799,12801,12799,1
2020-10-21,15:15:07.092000,12799,12801,12799,1
2020-10-21,15:15:07.123000,12799,12801,12799,1
2020-10-21,15:15:07.128000,12799,12801,12801,1
2020-10-21,15:15:07.135000,12799,12801,12799,1
2020-10-21,15:15:07.137000,12799,12801,12799,2
2020-10-21,15:15:07.183000,12799,12801,12799,1
2020-10-21,15:15:07.198000,12799,12801,12799,1
2020-10-21,15:15:07.290000,12799,12801,12799,1
2020-10-21,15:15:07.299000,12799,12801,12799,2
2020-10-21,15:15:07.323000,12799,12801,12799,1
2020-10-21,15:15:07.460000,12799,12801,12801,1
2020-10-21,15:15:07.704000,12799,12801,12799,1
2020-10-21,15:15:07.704000,12799,12801,12799,1
2020-10-21,15:15:07.706000,12799,12801,12799,1
2020-10-21,15:15:07.707000,12799,12801,12799,1
2020-10-21,15:15:07.707000,12799,12801,12799,1
2020-10-21,15:15:07.718000,12799,12801,12799,1
2020-10-21,15:15:07.724000,12799,12801,12799,1
2020-10-21,15:15:09.476000,12798,12799,12798,4
2020-10-21,15:15:09.955000,12798,12799,12798,1
2020-10-21,15:15:09.955000,12798,12799,12798,1
2020-10-21,15:15:10.150000,12798,12799,12798,2
2020-10-21,15:15:10.392000,12798,12799,12798,1
2020-10-21,15:15:10.653000,12798,12799,12798,1
2020-10-21,15:15:10.659000,12798,12799,12798,6
2020-10-21,15:15:12.894000,12797,12798,12797,1
2020-10-21,15:15:12.964000,12797,12798,12797,4
2020-10-21,15:15:12.978000,12797,12798,12796,1
2020-10-21,15:15:13.082000,12796,12798,12796,10
2020-10-21,15:15:13.083000,12796,12798,12796,16
2020-10-21,15:15:13.083000,12796,12798,12795,4
2020-10-21,15:15:13.111000,12796,12798,12795,1
2020-10-21,15:15:13.111000,12796,12798,12795,2
2020-10-21,15:15:13.118000,12796,12798,12795,1
2020-10-21,15:15:13.129000,12796,12798,12796,1
2020-10-21,15:15:13.253000,12795,12797,12795,2
2020-10-21,15:15:13.266000,12795,12797,12795,1
2020-10-21,15:15:13.281000,12795,12797,12795,1
2020-10-21,15:15:13.283000,12795,12797,12795,1
2020-10-21,15:15:13.285000,12795,12797,12795,1
2020-10-21,15:15:13.301000,12795,12797,12795,1
2020-10-21,15:15:13.332000,12795,12797,12795,1
2020-10-21,15:15:13.632000,12795,12797,12795,2
2020-10-21,15:15:14.239000,12795,12796,12796,1
2020-10-21,15:15:14.763000,12795,12796,12795,2
2020-10-21,15:15:15.702000,12795,12796,12796,3
2020-10-21,15:15:15.702000,12795,12796,12796,1
2020-10-21,15:15:17.114000,12797,12798,12798,5
2020-10-21,15:15:18.389000,12798,12799,12798,1
2020-10-21,15:15:18.410000,12797,12799,12797,1
2020-10-21,15:15:20.160000,12798,12799,12799,1
2020-10-21,15:15:21.261000,12799,12800,12799,1
2020-10-21,15:15:23.192000,12798,12799,12799,1
2020-10-21,15:15:24.434000,12800,12802,12800,10
2020-10-21,15:15:24.434000,12800,12802,12799,15
2020-10-21,15:15:24.435000,12800,12802,12799,1
2020-10-21,15:15:24.435000,12800,12802,12799,15
2020-10-21,15:15:26.908000,12799,12801,12801,1
2020-10-21,15:15:27.180000,12799,12801,12801,1
2020-10-21,15:15:27.579000,12799,12801,12801,1
2020-10-21,15:15:28.755000,12799,12801,12801,1
2020-10-21,15:15:31.471000,12800,12801,12800,1
2020-10-21,15:15:31.999000,12800,12801,12800,1
2020-10-21,15:15:32.155000,12800,12801,12801,1
2020-10-21,15:15:33.992000,12800,12801,12800,2
2020-10-21,15:15:35.678000,12799,12800,12800,3
2020-10-21,15:15:35.765000,12799,12800,12800,1
2020-10-21,15:15:39.582000,12800,12801,12800,1
2020-10-21,15:15:41.834000,12800,12801,12800,5
2020-10-21,15:15:42.584000,12799,12801,12800,1
2020-10-21,15:15:43.017000,12799,12800,12800,1
2020-10-21,15:15:43.137000,12800,12801,12801,2
2020-10-21,15:15:44.451000,12801,12803,12801,1
2020-10-21,15:15:45.856000,12801,12803,12802,1
2020-10-21,15:15:46.808000,12802,12803,12802,1
2020-10-21,15:15:47.276000,12802,12803,12802,1
2020-10-21,15:15:48.250000,12801,12802,12802,1
2020-10-21,15:15:52.599000,12802,12803,12803,2
2020-10-21,15:15:53.307000,12802,12803,12803,2
2020-10-21,15:15:53.308000,12802,12803,12803,1
2020-10-21,15:15:53.312000,12802,12803,12804,2
2020-10-21,15:15:53.601000,12802,12804,12804,5
2020-10-21,15:15:55.564000,12802,12804,12802,1
2020-10-21,15:16:02.135000,12802,12803,12802,1
2020-10-21,15:16:02.274000,12802,12803,12802,3
2020-10-21,15:16:03.904000,12801,12802,12801,2
2020-10-21,15:16:03.904000,12801,12802,12800,1
2020-10-21,15:16:04.392000,12800,12801,12801,1
2020-10-21,15:16:05.254000,12800,12802,12802,1
2020-10-21,15:16:06.726000,12801,12802,12801,2
2020-10-21,15:16:06.726000,12801,12802,12800,1
2020-10-21,15:16:11.174000,12801,12802,12801,2
2020-10-21,15:16:11.285000,12801,12802,12801,1
2020-10-21,15:16:11.878000,12800,12802,12801,1
2020-10-21,15:16:12.351000,12800,12801,12801,1
2020-10-21,15:16:12.467000,12800,12801,12800,5
2020-10-21,15:16:16.665000,12800,12801,12800,1
2020-10-21,15:16:17.857000,12800,12801,12801,1
2020-10-21,15:16:20.871000,12800,12801,12800,6
2020-10-21,15:16:22.289000,12799,12800,12799,1
2020-10-21,15:16:22.568000,12799,12800,12799,1
2020-10-21,15:16:26.325000,12798,12800,12800,5
2020-10-21,15:16:29.393000,12800,12801,12800,4
2020-10-21,15:16:29.393000,12800,12801,12799,1
2020-10-21,15:16:29.411000,12799,12801,12799,1
2020-10-21,15:16:32.089000,12799,12800,12799,1
2020-10-21,15:16:32.214000,12799,12800,12799,3
2020-10-21,15:16:32.227000,12799,12800,12799,1
2020-10-21,15:16:35.140000,12798,12799,12799,1
2020-10-21,15:16:35.522000,12799,12800,12799,1
2020-10-21,15:16:35.522000,12799,12800,12798,2
2020-10-21,15:16:37.594000,12798,12799,12799,1
2020-10-21,15:16:41.350000,12798,12799,12799,4
2020-10-21,15:16:43.912000,12799,12800,12799,2
2020-10-21,15:16:46.910000,12798,12799,12798,3
2020-10-21,15:16:47.687000,12798,12799,12799,1
2020-10-21,15:16:49.892000,12798,12799,12799,1
2020-10-21,15:16:51.009000,12798,12799,12799,6
2020-10-21,15:16:51.738000,12799,12800,12799,5
2020-10-21,15:16:53.096000,12799,12800,12799,5
2020-10-21,15:16:54.422000,12798,12800,12799,5
2020-10-21,15:16:55.277000,12798,12800,12798,1
2020-10-21,15:16:55.677000,12798,12800,12798,5
2020-10-21,15:16:57.951000,12798,12799,12798,5
2020-10-21,15:16:57.951000,12798,12799,12798,1
2020-10-21,15:16:59.662000,12797,12798,12797,2
2020-10-21,15:16:59.994000,12797,12798,12798,5
2020-10-21,15:17:01.297000,12797,12798,12798,1
2020-10-21,15:17:01.567000,12797,12798,12797,1
2020-10-21,15:17:01.627000,12797,12798,12797,19
2020-10-21,15:17:01.627000,12797,12798,12796,1
2020-10-21,15:17:01.710000,12796,12797,12796,10
2020-10-21,15:17:01.711000,12796,12797,12796,8
2020-10-21,15:17:02.192000,12796,12797,12796,3
2020-10-21,15:17:02.244000,12796,12797,12796,3
2020-10-21,15:17:02.244000,12796,12797,12796,2
2020-10-21,15:17:02.245000,12796,12797,12796,2
2020-10-21,15:17:02.315000,12795,12797,12795,4
2020-10-21,15:17:02.463000,12795,12796,12795,10
2020-10-21,15:17:02.711000,12795,12797,12795,2
2020-10-21,15:17:03.165000,12795,12797,12795,1
2020-10-21,15:17:03.173000,12795,12797,12795,1
2020-10-21,15:17:04.517000,12795,12796,12795,4
2020-10-21,15:17:04.585000,12795,12796,12795,1
2020-10-21,15:17:04.603000,12795,12796,12795,2
2020-10-21,15:17:05.495000,12795,12796,12795,1
2020-10-21,15:17:08.152000,12795,12796,12795,1
2020-10-21,15:17:08.955000,12795,12796,12796,1
2020-10-21,15:17:09.296000,12795,12796,12795,4
2020-10-21,15:17:09.414000,12795,12796,12796,4
2020-10-21,15:17:09.416000,12795,12796,12796,8
2020-10-21,15:17:09.987000,12796,12797,12797,1
2020-10-21,15:17:13.047000,12796,12798,12796,4
2020-10-21,15:17:14.019000,12797,12798,12797,4
2020-10-21,15:17:14.418000,12796,12797,12797,14
2020-10-21,15:17:16.916000,12797,12798,12797,3
2020-10-21,15:17:17.633000,12797,12798,12798,1
2020-10-21,15:17:18.627000,12797,12798,12797,1
2020-10-21,15:17:19.421000,12797,12798,12798,3
2020-10-21,15:17:21.823000,12797,12799,12797,3
2020-10-21,15:17:24.422000,12797,12798,12798,1
2020-10-21,15:17:25.866000,12797,12799,12797,3
2020-10-21,15:17:26.640000,12797,12799,12797,2
2020-10-21,15:17:28.927000,12797,12798,12797,4
2020-10-21,15:17:28.941000,12797,12798,12797,1
2020-10-21,15:17:32.075000,12796,12797,12797,1
2020-10-21,15:17:34.965000,12797,12798,12797,4
2020-10-21,15:17:34.965000,12797,12798,12796,21
2020-10-21,15:17:37.550000,12796,12797,12796,1
2020-10-21,15:17:38.872000,12796,12797,12797,1
2020-10-21,15:17:39.135000,12796,12797,12796,1
2020-10-21,15:17:40.061000,12796,12797,12797,2
2020-10-21,15:17:42.649000,12796,12798,12796,3
2020-10-21,15:17:44.079000,12796,12797,12797,1
2020-10-21,15:17:44.097000,12796,12797,12796,1
2020-10-21,15:17:45.331000,12797,12798,12797,1
2020-10-21,15:17:46.222000,12797,12798,12797,4
2020-10-21,15:17:46.222000,12797,12798,12796,13
2020-10-21,15:17:46.224000,12797,12798,12796,7
2020-10-21,15:17:46.743000,12795,12796,12796,2
2020-10-21,15:17:48.865000,12796,12798,12796,3
2020-10-21,15:17:49.172000,12796,12797,12796,4
2020-10-21,15:17:49.730000,12795,12796,12796,1
2020-10-21,15:17:49.747000,12795,12796,12796,8
2020-10-21,15:17:50.544000,12796,12797,12796,3
2020-10-21,15:17:54.840000,12796,12797,12796,2
2020-10-21,15:17:56.132000,12796,12797,12796,1
2020-10-21,15:17:56.745000,12795,12797,12796,1
2020-10-21,15:17:58.310000,12795,12797,12795,3
2020-10-21,15:17:58.778000,12795,12797,12796,1
2020-10-21,15:17:59.121000,12796,12797,12796,4
2020-10-21,15:17:59.121000,12796,12797,12795,8
2020-10-21,15:18:02.595000,12795,12796,12795,3
2020-10-21,15:18:02.664000,12795,12796,12795,1
2020-10-21,15:18:02.767000,12795,12796,12796,1
2020-10-21,15:18:03.181000,12795,12797,12797,1
2020-10-21,15:18:03.286000,12795,12797,12795,1
2020-10-21,15:18:03.449000,12795,12797,12795,2
2020-10-21,15:18:03.451000,12795,12797,12795,2
2020-10-21,15:18:03.527000,12795,12797,12795,1
2020-10-21,15:18:06.241000,12795,12796,12796,3
2020-10-21,15:18:06.506000,12796,12797,12796,1
2020-10-21,15:18:09.840000,12795,12797,12796,3
2020-10-21,15:18:10.058000,12795,12797,12795,6
2020-10-21,15:18:11.632000,12795,12796,12796,1
2020-10-21,15:18:12.930000,12795,12797,12797,1
2020-10-21,15:18:13.396000,12795,12797,12795,1
2020-10-21,15:18:15.939000,12796,12797,12796,3
2020-10-21,15:18:16.520000,12796,12797,12796,2
2020-10-21,15:18:16.640000,12795,12797,12795,1
2020-10-21,15:18:16.848000,12795,12797,12797,1
2020-10-21,15:18:17.484000,12795,12797,12796,3
2020-10-21,15:18:17.536000,12796,12797,12796,1
2020-10-21,15:18:17.536000,12796,12797,12795,1
2020-10-21,15:18:17.536000,12796,12797,12795,1
2020-10-21,15:18:17.538000,12796,12797,12795,1
2020-10-21,15:18:17.538000,12796,12797,12795,1
2020-10-21,15:18:17.538000,12796,12797,12795,1
2020-10-21,15:18:17.544000,12796,12797,12795,1
2020-10-21,15:18:17.544000,12796,12797,12795,1
2020-10-21,15:18:17.544000,12796,12797,12795,1
2020-10-21,15:18:18.865000,12795,12796,12796,1
2020-10-21,15:18:19.612000,12795,12797,12796,1
2020-10-21,15:18:21.883000,12795,12796,12796,1
2020-10-21,15:18:22.784000,12795,12796,12795,4
2020-10-21,15:18:22.784000,12795,12796,12795,7
2020-10-21,15:18:22.784000,12795,12796,12795,4
2020-10-21,15:18:23.292000,12794,12795,12795,1
2020-10-21,15:18:24.163000,12794,12795,12795,1
2020-10-21,15:18:28.801000,12795,12796,12795,1
2020-10-21,15:18:28.857000,12795,12796,12796,1
2020-10-21,15:18:28.980000,12795,12796,12796,1
2020-10-21,15:18:29.256000,12795,12796,12796,5
2020-10-21,15:18:29.256000,12795,12796,12796,1
2020-10-21,15:18:29.761000,12796,12797,12797,1
2020-10-21,15:18:30.713000,12796,12797,12796,1
2020-10-21,15:18:30.761000,12796,12797,12796,1
2020-10-21,15:18:30.790000,12796,12797,12796,1
2020-10-21,15:18:31.626000,12796,12797,12796,1
2020-10-21,15:18:34.431000,12796,12797,12797,1
2020-10-21,15:18:36.575000,12796,12797,12797,1
2020-10-21,15:18:38.815000,12796,12798,12796,2
2020-10-21,15:18:38.911000,12796,12798,12796,1
2020-10-21,15:18:42.583000,12796,12797,12797,1
2020-10-21,15:18:42.583000,12796,12797,12798,1
2020-10-21,15:18:44.147000,12796,12798,12798,1
2020-10-21,15:18:49.406000,12798,12799,12799,1
2020-10-21,15:18:49.727000,12798,12799,12799,4
2020-10-21,15:18:51.685000,12798,12799,12799,1
2020-10-21,15:18:51.685000,12798,12799,12800,3
2020-10-21,15:18:52.493000,12798,12800,12800,1
2020-10-21,15:19:02.318000,12798,12799,12799,1
2020-10-21,15:19:03.118000,12798,12799,12798,1
2020-10-21,15:19:03.122000,12798,12799,12798,1
2020-10-21,15:19:03.153000,12798,12799,12797,1
2020-10-21,15:19:03.429000,12797,12799,12797,1
2020-10-21,15:19:03.862000,12798,12799,12799,1
2020-10-21,15:19:11.702000,12798,12799,12798,1
2020-10-21,15:19:16.155000,12798,12799,12799,1
2020-10-21,15:19:26.720000,12798,12800,12799,1
2020-10-21,15:19:28.236000,12799,12800,12799,1
2020-10-21,15:19:31.011000,12799,12800,12800,4
2020-10-21,15:19:31.011000,12799,12800,12800,1
2020-10-21,15:19:31.011000,12799,12800,12800,6
2020-10-21,15:19:31.151000,12800,12801,12800,1
2020-10-21,15:19:37.982000,12800,12801,12800,1
2020-10-21,15:19:39.302000,12799,12800,12800,1
2020-10-21,15:19:41.732000,12799,12800,12800,1
2020-10-21,15:19:41.741000,12799,12800,12800,1
2020-10-21,15:19:42.937000,12799,12800,12800,2
2020-10-21,15:19:43.839000,12800,12801,12800,1
2020-10-21,15:19:44.994000,12800,12801,12800,1
2020-10-21,15:19:46.611000,12800,12801,12800,2
2020-10-21,15:19:51.449000,12800,12801,12801,5
2020-10-21,15:19:51.450000,12800,12801,12801,4
2020-10-21,15:19:51.578000,12800,12802,12800,2
2020-10-21,15:19:53.331000,12800,12802,12802,1
2020-10-21,15:19:53.918000,12800,12802,12800,1
2020-10-21,15:19:54.452000,12800,12802,12802,1
2020-10-21,15:19:57.306000,12800,12802,12802,1
2020-10-21,15:20:00.331000,12801,12802,12801,1
2020-10-21,15:20:00.528000,12800,12801,12800,2
2020-10-21,15:20:00.620000,12800,12801,12800,3
2020-10-21,15:20:00.687000,12800,12801,12800,1
2020-10-21,15:20:00.698000,12800,12801,12800,2
2020-10-21,15:20:00.886000,12800,12801,12800,2
2020-10-21,15:20:00.931000,12800,12801,12801,1
2020-10-21,15:20:01.114000,12800,12801,12800,1
2020-10-21,15:20:01.150000,12800,12801,12800,1
2020-10-21,15:20:01.150000,12800,12801,12800,1
2020-10-21,15:20:01.223000,12799,12801,12799,2
2020-10-21,15:20:03.371000,12800,12801,12800,1
2020-10-21,15:20:05.495000,12799,12800,12800,4
2020-10-21,15:20:05.496000,12799,12800,12800,1
2020-10-21,15:20:06.549000,12799,12800,12800,1
2020-10-21,15:20:09.399000,12800,12801,12800,1
2020-10-21,15:20:10.101000,12799,12800,12799,4
2020-10-21,15:20:10.101000,12799,12800,12799,2
2020-10-21,15:20:10.101000,12799,12800,12799,5
2020-10-21,15:20:10.143000,12799,12800,12799,1
2020-10-21,15:20:10.552000,12798,12799,12799,3
2020-10-21,15:20:10.552000,12798,12799,12800,2
2020-10-21,15:20:16.121000,12799,12800,12800,1
2020-10-21,15:20:17.705000,12799,12800,12799,1
2020-10-21,15:20:18.974000,12799,12800,12800,1
2020-10-21,15:20:19.957000,12800,12801,12800,1
2020-10-21,15:20:21.016000,12799,12801,12799,1
2020-10-21,15:20:31.201000,12799,12800,12799,1
2020-10-21,15:20:31.201000,12799,12800,12799,1
2020-10-21,15:20:31.442000,12798,12799,12799,1
2020-10-21,15:20:31.755000,12798,12799,12798,2
2020-10-21,15:20:32.167000,12798,12799,12799,1
2020-10-21,15:20:32.887000,12798,12799,12799,1
2020-10-21,15:20:33.316000,12798,12799,12798,1
2020-10-21,15:20:33.316000,12798,12799,12798,3
2020-10-21,15:20:33.316000,12798,12799,12798,4
2020-10-21,15:20:33.316000,12798,12799,12798,4
2020-10-21,15:20:33.917000,12797,12799,12797,1
2020-10-21,15:20:38.638000,12798,12800,12798,1
2020-10-21,15:20:39.623000,12798,12799,12799,1
2020-10-21,15:20:42.530000,12797,12798,12798,1
2020-10-21,15:20:43.301000,12798,12799,12798,1
2020-10-21,15:20:47.190000,12797,12798,12797,9
2020-10-21,15:20:47.648000,12796,12797,12796,1
2020-10-21,15:20:53.652000,12796,12798,12796,1
2020-10-21,15:20:57.850000,12797,12798,12798,3
2020-10-21,15:21:01.180000,12797,12799,12797,1
2020-10-21,15:21:01.385000,12797,12799,12797,2
2020-10-21,15:21:02.244000,12797,12799,12797,2
2020-10-21,15:21:07.231000,12798,12799,12798,1
2020-10-21,15:21:12.366000,12796,12798,12796,5
2020-10-21,15:21:12.411000,12796,12798,12796,1
2020-10-21,15:21:14.153000,12797,12798,12798,1
2020-10-21,15:21:21.620000,12797,12798,12798,5
2020-10-21,15:21:30.085000,12798,12799,12799,2
2020-10-21,15:21:30.161000,12798,12799,12798,1
2020-10-21,15:21:34.573000,12798,12799,12799,4
2020-10-21,15:21:42.553000,12799,12800,12799,1
2020-10-21,15:21:45.044000,12799,12800,12800,1
2020-10-21,15:21:45.164000,12799,12800,12799,1
2020-10-21,15:22:04.792000,12799,12800,12800,8
2020-10-21,15:22:05.160000,12799,12800,12799,1
2020-10-21,15:22:06.335000,12799,12800,12800,1
2020-10-21,15:22:12.790000,12799,12800,12800,1
2020-10-21,15:22:13.219000,12800,12801,12801,4
2020-10-21,15:22:14.180000,12800,12801,12800,1
2020-10-21,15:22:17.341000,12800,12801,12801,1
2020-10-21,15:22:20.496000,12801,12802,12802,1
2020-10-21,15:22:21.469000,12801,12802,12801,1
2020-10-21,15:22:22.693000,12801,12802,12802,1
2020-10-21,15:22:24.422000,12801,12802,12801,1
2020-10-21,15:22:26.259000,12801,12802,12802,2
2020-10-21,15:22:28.583000,12801,12802,12801,9
2020-10-21,15:22:32.260000,12801,12802,12801,1
2020-10-21,15:22:38.627000,12801,12802,12801,1
2020-10-21,15:22:41.849000,12801,12802,12802,2
2020-10-21,15:22:43.156000,12801,12802,12802,1
2020-10-21,15:22:46.217000,12801,12802,12802,2
2020-10-21,15:22:46.583000,12802,12803,12802,1
2020-10-21,15:22:47.222000,12801,12802,12802,1
2020-10-21,15:22:52.955000,12801,12803,12802,5
2020-10-21,15:22:57.957000,12802,12803,12802,1
2020-10-21,15:23:00.622000,12802,12803,12802,1
2020-10-21,15:23:00.711000,12801,12803,12802,1
2020-10-21,15:23:07.432000,12801,12802,12802,1
2020-10-21,15:23:07.799000,12801,12802,12802,1
2020-10-21,15:23:10.689000,12801,12802,12801,1
2020-10-21,15:23:12.706000,12801,12802,12802,1
2020-10-21,15:23:13.799000,12801,12802,12802,1
2020-10-21,15:23:14.150000,12801,12802,12802,1
2020-10-21,15:23:14.715000,12801,12802,12802,1
2020-10-21,15:23:16.071000,12801,12802,12802,3
2020-10-21,15:23:19.461000,12801,12802,12801,1
2020-10-21,15:23:20.061000,12801,12802,12801,1
2020-10-21,15:23:24.376000,12801,12802,12801,5
2020-10-21,15:23:29.160000,12800,12801,12801,1
2020-10-21,15:23:29.708000,12800,12801,12800,1
2020-10-21,15:23:31.735000,12800,12801,12800,4
2020-10-21,15:23:31.736000,12800,12801,12800,8
2020-10-21,15:23:36.990000,12800,12801,12801,3
2020-10-21,15:23:38.090000,12801,12802,12801,1
2020-10-21,15:23:41.149000,12801,12802,12802,4
2020-10-21,15:23:42.789000,12802,12803,12802,4
2020-10-21,15:23:54.815000,12801,12802,12801,1
2020-10-21,15:23:57.604000,12801,12802,12801,6
2020-10-21,15:24:01.613000,12800,12801,12800,1
2020-10-21,15:24:01.613000,12800,12801,12800,1
2020-10-21,15:24:01.613000,12800,12801,12800,3
2020-10-21,15:24:01.747000,12799,12801,12800,1
2020-10-21,15:24:02.016000,12800,12801,12800,5
2020-10-21,15:24:03.700000,12799,12801,12801,1
2020-10-21,15:24:04.219000,12799,12800,12800,1
2020-10-21,15:24:05.370000,12799,12800,12800,3
2020-10-21,15:24:20.430000,12800,12801,12801,5
2020-10-21,15:24:25.276000,12800,12801,12800,1
2020-10-21,15:24:27.767000,12800,12802,12800,1
2020-10-21,15:24:34.290000,12800,12801,12800,3
2020-10-21,15:24:34.560000,12799,12800,12799,3
2020-10-21,15:24:36.140000,12799,12800,12800,1
2020-10-21,15:24:45.863000,12800,12801,12801,4
2020-10-21,15:24:46.066000,12801,12802,12801,1
2020-10-21,15:24:54.397000,12800,12801,12800,3
2020-10-21,15:25:02.282000,12800,12801,12800,1
2020-10-21,15:25:11.638000,12800,12801,12800,3
2020-10-21,15:25:24.682000,12799,12800,12799,7
2020-10-21,15:25:28.018000,12798,12799,12798,5
2020-10-21,15:25:28.222000,12798,12799,12798,4
2020-10-21,15:25:32.973000,12797,12798,12797,10
2020-10-21,15:25:36.144000,12796,12798,12796,5
2020-10-21,15:25:36.213000,12796,12797,12796,5
2020-10-21,15:25:36.846000,12796,12798,12798,4
2020-10-21,15:25:37.332000,12797,12799,12799,1
2020-10-21,15:25:38.514000,12797,12799,12797,1
2020-10-21,15:25:38.658000,12797,12799,12799,1
2020-10-21,15:25:39.694000,12798,12799,12798,4
2020-10-21,15:25:40.095000,12797,12798,12798,2
2020-10-21,15:25:40.690000,12798,12799,12798,1
2020-10-21,15:25:40.845000,12798,12799,12799,2
2020-10-21,15:25:57.601000,12797,12799,12799,1
2020-10-21,15:25:58.657000,12797,12798,12798,1
2020-10-21,15:26:01.125000,12798,12799,12799,4
2020-10-21,15:26:01.369000,12798,12800,12798,2
2020-10-21,15:26:07.165000,12798,12799,12799,1
2020-10-21,15:26:21.497000,12798,12799,12799,7
2020-10-21,15:26:36.115000,12799,12800,12799,1
2020-10-21,15:26:37.143000,12798,12800,12798,1
2020-10-21,15:26:41.986000,12799,12800,12799,1
2020-10-21,15:26:42.627000,12799,12800,12799,1
2020-10-21,15:26:43.363000,12799,12800,12800,4
2020-10-21,15:26:43.363000,12799,12800,12800,12
2020-10-21,15:26:43.545000,12800,12801,12801,4
2020-10-21,15:26:43.622000,12800,12801,12801,1
2020-10-21,15:26:43.723000,12800,12801,12801,3
2020-10-21,15:26:43.904000,12800,12802,12802,2
2020-10-21,15:26:43.942000,12800,12802,12800,1
2020-10-21,15:26:44.509000,12800,12802,12800,1
2020-10-21,15:26:46.291000,12800,12801,12801,1
2020-10-21,15:26:47.200000,12800,12802,12802,2
2020-10-21,15:26:53.878000,12800,12801,12801,1
2020-10-21,15:26:55.508000,12801,12802,12801,1
2020-10-21,15:26:55.593000,12800,12802,12800,1
2020-10-21,15:26:56.043000,12800,12802,12802,2
2020-10-21,15:27:00.001000,12800,12802,12800,1
2020-10-21,15:27:00.038000,12800,12801,12800,1
2020-10-21,15:27:00.048000,12800,12801,12800,1
2020-10-21,15:27:00.048000,12800,12801,12800,1
2020-10-21,15:27:00.048000,12800,12801,12800,1
2020-10-21,15:27:00.048000,12800,12801,12800,2
2020-10-21,15:27:00.155000,12800,12801,12801,1
2020-10-21,15:27:02.014000,12799,12801,12801,5
2020-10-21,15:27:02.036000,12799,12801,12799,2
2020-10-21,15:27:02.036000,12799,12801,12799,1
2020-10-21,15:27:02.037000,12799,12801,12799,1
2020-10-21,15:27:02.038000,12799,12801,12799,1
2020-10-21,15:27:02.038000,12799,12801,12799,1
2020-10-21,15:27:02.044000,12799,12801,12798,1
2020-10-21,15:27:05.776000,12799,12800,12800,1
2020-10-21,15:27:06.095000,12799,12800,12800,4
2020-10-21,15:27:10.257000,12800,12801,12801,3
2020-10-21,15:27:10.286000,12800,12802,12800,2
2020-10-21,15:27:42.588000,12800,12801,12801,1
2020-10-21,15:27:42.773000,12801,12802,12801,1
2020-10-21,15:27:46.970000,12800,12802,12801,2
2020-10-21,15:27:47.036000,12800,12801,12800,3
2020-10-21,15:27:47.161000,12800,12801,12800,1
2020-10-21,15:27:47.313000,12800,12801,12801,1
2020-10-21,15:27:47.410000,12800,12801,12801,1
2020-10-21,15:28:03.007000,12801,12802,12802,1
2020-10-21,15:28:03.420000,12801,12802,12801,1
2020-10-21,15:28:04.072000,12801,12802,12801,1
2020-10-21,15:28:04.672000,12801,12802,12801,1
2020-10-21,15:28:05.766000,12801,12802,12801,1
2020-10-21,15:28:07.234000,12800,12802,12802,1
2020-10-21,15:28:07.356000,12800,12802,12802,1
2020-10-21,15:28:07.402000,12800,12802,12802,1
2020-10-21,15:28:07.415000,12800,12802,12802,1
2020-10-21,15:28:07.438000,12800,12802,12802,1
2020-10-21,15:28:07.438000,12800,12802,12802,1
2020-10-21,15:28:07.535000,12801,12802,12802,1
2020-10-21,15:28:08.527000,12801,12802,12802,1
2020-10-21,15:28:08.588000,12801,12802,12802,1
2020-10-21,15:28:12.189000,12801,12802,12802,1
2020-10-21,15:28:12.293000,12801,12802,12802,3
2020-10-21,15:28:17.867000,12801,12802,12802,5
2020-10-21,15:28:18.108000,12801,12802,12802,10
2020-10-21,15:28:18.410000,12801,12802,12802,1
2020-10-21,15:28:18.703000,12801,12803,12802,1
2020-10-21,15:28:20.721000,12801,12802,12802,1
2020-10-21,15:28:21.722000,12801,12802,12802,1
2020-10-21,15:28:27.536000,12802,12803,12802,1
2020-10-21,15:28:33.457000,12801,12802,12802,1
2020-10-21,15:28:39.825000,12801,12802,12802,1
2020-10-21,15:28:44.726000,12801,12802,12802,1
2020-10-21,15:28:46.555000,12802,12803,12802,1
2020-10-21,15:28:52.653000,12802,12803,12803,1
2020-10-21,15:28:57.629000,12802,12803,12803,1
2020-10-21,15:28:59.238000,12802,12803,12802,1
2020-10-21,15:29:10.304000,12802,12803,12803,1
2020-10-21,15:29:11.647000,12802,12803,12803,1
2020-10-21,15:29:12.096000,12802,12803,12803,1
2020-10-21,15:29:13.058000,12802,12803,12803,2
2020-10-21,15:29:13.839000,12802,12803,12802,2
2020-10-21,15:29:14.078000,12802,12803,12802,2
2020-10-21,15:29:14.086000,12802,12803,12802,2
2020-10-21,15:29:14.179000,12802,12803,12802,2
2020-10-21,15:29:14.180000,12802,12803,12802,2
2020-10-21,15:29:14.180000,12802,12803,12802,4
2020-10-21,15:29:15.453000,12801,12803,12803,1
2020-10-21,15:29:21.131000,12802,12803,12803,1
2020-10-21,15:29:21.300000,12802,12803,12802,3
2020-10-21,15:29:24.641000,12801,12802,12802,1
2020-10-21,15:29:29.099000,12801,12802,12802,2
2020-10-21,15:29:29.997000,12801,12802,12801,1
2020-10-21,15:30:00.286000,12801,12802,12802,1
2020-10-21,15:30:03.597000,12801,12802,12801,4
2020-10-21,15:30:03.598000,12801,12802,12801,8
2020-10-21,15:30:03.913000,12800,12801,12800,1
2020-10-21,15:30:03.914000,12800,12801,12800,1
2020-10-21,15:30:03.952000,12800,12801,12800,3
2020-10-21,15:30:03.972000,12800,12801,12800,3
2020-10-21,15:30:04.067000,12800,12801,12801,1
2020-10-21,15:30:04.282000,12800,12801,12801,1
2020-10-21,15:30:04.308000,12800,12801,12801,1
2020-10-21,15:30:04.318000,12800,12801,12800,1
2020-10-21,15:30:04.329000,12800,12801,12800,1
2020-10-21,15:30:05.007000,12800,12801,12800,2
2020-10-21,15:30:05.008000,12800,12801,12800,6
2020-10-21,15:30:05.214000,12799,12801,12801,1
2020-10-21,15:30:06.345000,12799,12800,12800,3
2020-10-21,15:30:09.012000,12799,12800,12799,6
2020-10-21,15:30:10.008000,12798,12799,12798,2
2020-10-21,15:30:10.008000,12798,12799,12798,4
2020-10-21,15:30:11.240000,12797,12799,12798,2
2020-10-21,15:30:12.162000,12797,12798,12798,2
2020-10-21,15:30:12.739000,12798,12800,12800,1
2020-10-21,15:30:22.427000,12799,12800,12800,4
2020-10-21,15:30:22.846000,12800,12801,12801,2
2020-10-21,15:30:25.221000,12801,12802,12801,1
2020-10-21,15:30:25.595000,12800,12802,12802,2
2020-10-21,15:30:26.089000,12801,12802,12802,1
2020-10-21,15:30:26.089000,12801,12802,12802,2
2020-10-21,15:30:26.103000,12801,12802,12802,2
2020-10-21,15:30:26.104000,12801,12802,12802,2
2020-10-21,15:30:26.105000,12801,12802,12803,1
2020-10-21,15:30:26.113000,12801,12802,12803,2
2020-10-21,15:30:26.134000,12801,12802,12803,2
2020-10-21,15:30:26.221000,12802,12803,12803,1
2020-10-21,15:30:26.642000,12802,12803,12802,1
2020-10-21,15:30:52.659000,12801,12802,12801,4
2020-10-21,15:30:57.744000,12800,12801,12800,12
2020-10-21,15:30:59.195000,12799,12800,12799,2
2020-10-21,15:31:01.238000,12799,12800,12799,2
2020-10-21,15:31:02.390000,12798,12799,12798,1
2020-10-21,15:31:03.057000,12798,12799,12798,1
2020-10-21,15:31:07.429000,12799,12800,12799,1
2020-10-21,15:31:12.058000,12799,12800,12799,1
2020-10-21,15:31:12.665000,12799,12800,12799,1
2020-10-21,15:31:15.402000,12799,12800,12799,1
2020-10-21,15:31:16.096000,12799,12800,12799,1
2020-10-21,15:31:19.174000,12799,12800,12800,2
2020-10-21,15:31:19.930000,12799,12801,12799,2
2020-10-21,15:31:24.511000,12800,12801,12800,2
2020-10-21,15:31:27.158000,12800,12801,12800,3
2020-10-21,15:31:48.773000,12800,12802,12800,1
2020-10-21,15:32:05.225000,12800,12801,12801,2
2020-10-21,15:32:06.851000,12800,12801,12801,1
2020-10-21,15:32:14.680000,12800,12801,12801,1
2020-10-21,15:32:17.472000,12801,12802,12801,1
2020-10-21,15:32:26.389000,12801,12802,12801,2
2020-10-21,15:32:31.354000,12801,12802,12802,4
2020-10-21,15:32:31.355000,12801,12802,12802,14
2020-10-21,15:32:33.136000,12802,12803,12802,1
2020-10-21,15:32:34.679000,12802,12803,12802,7
2020-10-21,15:32:38.336000,12802,12803,12802,1
2020-10-21,15:32:38.754000,12801,12803,12803,3
2020-10-21,15:32:40.629000,12802,12803,12803,1
2020-10-21,15:32:47.887000,12801,12803,12803,1
2020-10-21,15:32:49.801000,12802,12803,12803,1
2020-10-21,15:33:00.084000,12802,12803,12803,4
2020-10-21,15:33:00.084000,12802,12803,12803,3
2020-10-21,15:33:01.084000,12802,12804,12802,1
2020-10-21,15:33:02.227000,12803,12804,12804,1
2020-10-21,15:33:02.303000,12803,12804,12803,1
2020-10-21,15:33:04.037000,12802,12803,12803,1
2020-10-21,15:33:04.765000,12803,12804,12804,1
2020-10-21,15:33:10.743000,12803,12804,12803,1
2020-10-21,15:33:18.695000,12803,12804,12804,2
2020-10-21,15:33:19.029000,12803,12804,12804,2
2020-10-21,15:33:19.734000,12803,12804,12803,1
2020-10-21,15:33:22.388000,12803,12804,12804,1
2020-10-21,15:33:25.896000,12803,12804,12804,1
2020-10-21,15:33:28.589000,12803,12804,12804,1
2020-10-21,15:33:31.268000,12803,12804,12804,1
2020-10-21,15:33:31.795000,12803,12804,12804,1
2020-10-21,15:33:31.965000,12803,12804,12803,1
2020-10-21,15:33:32.497000,12803,12804,12804,1
2020-10-21,15:33:34.768000,12803,12804,12804,12
2020-10-21,15:33:34.768000,12803,12804,12805,3
2020-10-21,15:33:35.204000,12803,12805,12805,1
2020-10-21,15:33:35.227000,12803,12805,12804,1
2020-10-21,15:33:35.322000,12804,12805,12805,1
2020-10-21,15:33:41.744000,12804,12805,12805,1
2020-10-21,15:33:41.984000,12804,12805,12805,1
2020-10-21,15:33:46.665000,12804,12805,12804,1
2020-10-21,15:33:47.492000,12804,12805,12805,2
2020-10-21,15:33:49.688000,12804,12805,12805,1
2020-10-21,15:33:53.011000,12804,12805,12805,1
2020-10-21,15:33:54.586000,12804,12805,12805,1
2020-10-21,15:33:54.586000,12804,12805,12805,10
2020-10-21,15:33:54.586000,12804,12805,12805,3
2020-10-21,15:33:54.587000,12804,12805,12805,4
2020-10-21,15:33:54.587000,12804,12805,12805,7
2020-10-21,15:34:03.989000,12805,12806,12806,2
2020-10-21,15:34:04.128000,12805,12806,12806,2
2020-10-21,15:34:04.224000,12805,12806,12805,1
2020-10-21,15:34:04.808000,12805,12806,12806,5
2020-10-21,15:34:04.809000,12805,12806,12806,4
2020-10-21,15:34:04.863000,12805,12806,12806,1
2020-10-21,15:34:07.133000,12805,12806,12806,1
2020-10-21,15:34:07.878000,12806,12807,12806,2
2020-10-21,15:34:08.270000,12805,12806,12806,1
2020-10-21,15:34:10.089000,12805,12806,12806,1
2020-10-21,15:34:10.186000,12805,12806,12806,1
2020-10-21,15:34:10.639000,12805,12807,12806,1
2020-10-21,15:34:13.198000,12806,12807,12806,6
2020-10-21,15:34:20.546000,12805,12806,12806,3
2020-10-21,15:34:23.713000,12806,12807,12806,1
2020-10-21,15:34:23.738000,12806,12807,12806,1
2020-10-21,15:34:23.764000,12806,12807,12806,1
2020-10-21,15:34:23.789000,12806,12807,12806,1
2020-10-21,15:34:26.154000,12805,12806,12806,1
2020-10-21,15:34:26.155000,12805,12806,12806,1
2020-10-21,15:34:26.161000,12805,12807,12806,1
2020-10-21,15:34:26.505000,12805,12807,12807,3
2020-10-21,15:34:26.546000,12806,12807,12806,1
2020-10-21,15:34:26.565000,12806,12807,12807,4
2020-10-21,15:34:26.591000,12806,12807,12806,1
2020-10-21,15:34:26.616000,12806,12807,12806,1
2020-10-21,15:34:26.642000,12806,12807,12806,1
2020-10-21,15:34:26.664000,12805,12807,12806,1
2020-10-21,15:34:26.689000,12805,12807,12806,1
2020-10-21,15:34:26.765000,12805,12807,12806,1
2020-10-21,15:34:26.791000,12805,12807,12806,1
2020-10-21,15:34:34.399000,12805,12806,12806,1
2020-10-21,15:34:35.230000,12805,12806,12806,1
2020-10-21,15:34:37.346000,12805,12806,12806,5
2020-10-21,15:34:37.897000,12805,12806,12806,1
2020-10-21,15:34:40.255000,12805,12806,12806,2
2020-10-21,15:34:40.255000,12805,12806,12806,3
2020-10-21,15:34:40.667000,12805,12806,12806,1
2020-10-21,15:34:42.080000,12805,12806,12806,1
2020-10-21,15:34:42.463000,12805,12806,12806,1
2020-10-21,15:34:43.574000,12805,12806,12806,1
2020-10-21,15:34:51.962000,12806,12807,12806,1
2020-10-21,15:34:54.988000,12805,12806,12805,1
2020-10-21,15:35:04.154000,12805,12806,12805,1
2020-10-21,15:35:04.331000,12805,12806,12805,1
2020-10-21,15:35:09.505000,12805,12806,12806,1
2020-10-21,15:35:10.116000,12805,12806,12806,1
2020-10-21,15:35:11.390000,12805,12806,12806,1
2020-10-21,15:35:12.121000,12805,12807,12805,1
2020-10-21,15:35:15.862000,12805,12806,12806,1
2020-10-21,15:35:16.348000,12805,12806,12806,2
2020-10-21,15:35:16.540000,12806,12807,12807,3
2020-10-21,15:35:17.152000,12806,12807,12806,4
2020-10-21,15:35:17.992000,12806,12807,12806,1
2020-10-21,15:35:17.992000,12806,12807,12805,1
2020-10-21,15:35:18.928000,12805,12807,12805,2
2020-10-21,15:35:21.441000,12806,12807,12806,1
2020-10-21,15:35:23.212000,12806,12807,12806,3
2020-10-21,15:35:24.193000,12805,12806,12806,1
2020-10-21,15:35:31.012000,12805,12807,12807,2
2020-10-21,15:35:34.532000,12806,12807,12806,2
2020-10-21,15:35:36.637000,12806,12807,12806,1
2020-10-21,15:35:40.165000,12805,12806,12806,1
2020-10-21,15:35:43.489000,12805,12806,12806,1
2020-10-21,15:35:44.475000,12805,12806,12805,1
2020-10-21,15:35:44.475000,12805,12806,12805,18
2020-10-21,15:35:44.475000,12805,12806,12805,1
2020-10-21,15:35:50.753000,12804,12805,12805,1
2020-10-21,15:35:51.046000,12804,12806,12804,1
2020-10-21,15:35:51.068000,12804,12806,12805,1
2020-10-21,15:35:51.460000,12804,12806,12804,1
2020-10-21,15:35:57.053000,12804,12805,12804,1
2020-10-21,15:36:01.073000,12804,12805,12804,1
2020-10-21,15:36:01.484000,12804,12805,12804,3
2020-10-21,15:36:04.548000,12804,12805,12804,1
2020-10-21,15:36:04.548000,12804,12805,12803,1
2020-10-21,15:36:04.828000,12803,12805,12804,1
2020-10-21,15:36:04.907000,12803,12805,12804,3
2020-10-21,15:36:04.916000,12804,12805,12804,1
2020-10-21,15:36:04.916000,12804,12805,12803,2
2020-10-21,15:36:10.189000,12804,12806,12804,1
2020-10-21,15:36:15.471000,12804,12805,12804,1
2020-10-21,15:36:19.822000,12804,12805,12805,1
2020-10-21,15:36:33.785000,12804,12805,12805,1
2020-10-21,15:36:39.569000,12804,12805,12805,1
2020-10-21,15:36:42.106000,12804,12805,12805,4
2020-10-21,15:36:42.624000,12804,12806,12806,4
2020-10-21,15:36:45.168000,12805,12806,12806,1
2020-10-21,15:36:48.718000,12805,12806,12806,2
2020-10-21,15:36:53.960000,12805,12806,12805,1
2020-10-21,15:36:56.385000,12805,12806,12806,1
2020-10-21,15:36:58.049000,12805,12806,12806,1
2020-10-21,15:37:04.001000,12805,12806,12805,1
2020-10-21,15:37:04.172000,12805,12806,12806,1
2020-10-21,15:37:04.211000,12805,12806,12806,1
2020-10-21,15:37:04.913000,12805,12806,12805,1
2020-10-21,15:37:06.268000,12805,12806,12805,1
2020-10-21,15:37:06.268000,12805,12806,12805,2
2020-10-21,15:37:06.268000,12805,12806,12805,1
2020-10-21,15:37:28.634000,12804,12805,12805,1
2020-10-21,15:37:34.849000,12804,12805,12805,2
2020-10-21,15:37:36.223000,12804,12805,12805,1
2020-10-21,15:37:45.838000,12805,12806,12806,1
2020-10-21,15:37:48.928000,12805,12806,12806,1
2020-10-21,15:37:49.373000,12805,12806,12805,1
2020-10-21,15:37:49.719000,12804,12806,12806,3
2020-10-21,15:37:53.110000,12805,12806,12806,2
2020-10-21,15:38:02.319000,12805,12806,12806,3
2020-10-21,15:38:11.142000,12805,12806,12806,1
2020-10-21,15:38:13.678000,12805,12806,12806,1
2020-10-21,15:38:14.057000,12805,12806,12806,1
2020-10-21,15:38:16.193000,12805,12806,12805,1
2020-10-21,15:38:27.452000,12805,12806,12805,1
2020-10-21,15:38:30.100000,12805,12806,12805,1
2020-10-21,15:38:30.104000,12805,12806,12805,10
2020-10-21,15:38:30.933000,12804,12805,12805,1
2020-10-21,15:38:34.008000,12804,12805,12805,1
2020-10-21,15:38:41.101000,12804,12805,12805,1
2020-10-21,15:38:41.275000,12804,12805,12804,3
2020-10-21,15:38:49.209000,12804,12805,12805,2
2020-10-21,15:38:59.034000,12804,12805,12805,1
2020-10-21,15:39:07.806000,12804,12805,12805,1
2020-10-21,15:39:13.618000,12804,12805,12805,1
2020-10-21,15:39:16.874000,12804,12805,12805,1
2020-10-21,15:39:19.982000,12804,12805,12805,3
2020-10-21,15:39:27.213000,12805,12806,12805,1
2020-10-21,15:39:35.051000,12805,12806,12805,1
2020-10-21,15:39:39.362000,12804,12805,12805,4
2020-10-21,15:39:43.192000,12805,12806,12805,5
2020-10-21,15:39:59.144000,12805,12806,12805,1
2020-10-21,15:40:04.167000,12805,12806,12805,4
2020-10-21,15:40:04.167000,12805,12806,12805,2
2020-10-21,15:40:04.167000,12805,12806,12805,3
2020-10-21,15:40:04.505000,12804,12805,12805,1
2020-10-21,15:40:04.666000,12804,12805,12804,2
2020-10-21,15:40:04.667000,12804,12805,12804,1
2020-10-21,15:40:04.668000,12804,12805,12804,1
2020-10-21,15:40:04.669000,12804,12805,12804,2
2020-10-21,15:40:04.669000,12804,12805,12804,2
2020-10-21,15:40:04.693000,12804,12805,12804,2
2020-10-21,15:40:04.820000,12804,12805,12804,1
2020-10-21,15:40:06.109000,12804,12805,12804,2
2020-10-21,15:40:06.109000,12804,12805,12804,5
2020-10-21,15:40:07.860000,12803,12805,12805,3
2020-10-21,15:40:13.075000,12803,12805,12805,1
2020-10-21,15:40:30.702000,12804,12805,12804,1
2020-10-21,15:40:38.641000,12804,12805,12804,2
2020-10-21,15:40:47.070000,12804,12805,12804,2
2020-10-21,15:41:00.756000,12804,12805,12804,2
2020-10-21,15:41:00.757000,12804,12805,12804,2
2020-10-21,15:41:01.051000,12803,12804,12804,1
2020-10-21,15:41:09.550000,12804,12805,12804,1
2020-10-21,15:41:15.074000,12804,12805,12804,2
2020-10-21,15:41:17.028000,12803,12804,12804,3
2020-10-21,15:41:17.925000,12803,12804,12804,5
2020-10-21,15:41:46.454000,12803,12804,12803,1
2020-10-21,15:41:55.973000,12803,12804,12803,2
2020-10-21,15:41:55.973000,12803,12804,12803,2
2020-10-21,15:41:55.973000,12803,12804,12803,1
2020-10-21,15:41:55.974000,12803,12804,12803,2
2020-10-21,15:41:55.974000,12803,12804,12803,2
2020-10-21,15:41:55.974000,12803,12804,12803,3
2020-10-21,15:41:56.894000,12803,12804,12803,1
2020-10-21,15:41:58.015000,12803,12804,12803,1
2020-10-21,15:42:03.868000,12802,12804,12802,1
2020-10-21,15:42:03.934000,12802,12804,12802,1
2020-10-21,15:42:06.940000,12803,12804,12803,1
2020-10-21,15:42:08.514000,12803,12804,12803,1
2020-10-21,15:42:08.536000,12802,12803,12802,1
2020-10-21,15:42:12.719000,12802,12803,12802,1
2020-10-21,15:42:13.931000,12802,12803,12803,5
2020-10-21,15:42:14.463000,12803,12804,12803,1
2020-10-21,15:42:30.102000,12803,12804,12804,5
2020-10-21,15:42:30.829000,12804,12805,12804,1
2020-10-21,15:42:35.789000,12804,12805,12804,1
2020-10-21,15:42:43.807000,12804,12805,12805,1
2020-10-21,15:42:50.252000,12804,12805,12804,1
2020-10-21,15:42:50.973000,12804,12805,12805,1
2020-10-21,15:43:05.418000,12804,12805,12804,1
2020-10-21,15:43:05.609000,12803,12804,12804,1
2020-10-21,15:43:05.731000,12803,12805,12805,1
2020-10-21,15:43:05.836000,12803,12805,12805,1
2020-10-21,15:43:05.842000,12803,12805,12805,1
2020-10-21,15:43:05.842000,12803,12805,12805,1
2020-10-21,15:43:05.843000,12803,12805,12805,1
2020-10-21,15:43:05.854000,12803,12805,12805,1
2020-10-21,15:43:05.994000,12804,12805,12805,1
2020-10-21,15:43:10.592000,12803,12805,12805,1
2020-10-21,15:43:13.912000,12803,12804,12803,1
2020-10-21,15:43:13.912000,12803,12804,12803,5
2020-10-21,15:43:13.913000,12803,12804,12803,4
2020-10-21,15:43:13.913000,12803,12804,12803,5
2020-10-21,15:43:18.917000,12802,12804,12802,5
2020-10-21,15:43:20.059000,12802,12804,12802,1
2020-10-21,15:43:20.061000,12802,12804,12802,1
2020-10-21,15:43:20.148000,12802,12804,12802,1
2020-10-21,15:43:20.198000,12802,12803,12802,1
2020-10-21,15:43:33.189000,12801,12802,12801,1
2020-10-21,15:43:33.189000,12801,12802,12801,4
2020-10-21,15:43:33.189000,12801,12802,12801,4
2020-10-21,15:43:33.189000,12801,12802,12801,9
2020-10-21,15:43:33.189000,12801,12802,12801,2
2020-10-21,15:43:46.370000,12800,12801,12800,16
2020-10-21,15:43:50.811000,12800,12801,12800,1
2020-10-21,15:43:50.841000,12800,12801,12800,1
2020-10-21,15:43:52.868000,12800,12801,12800,1
2020-10-21,15:43:54.319000,12800,12801,12800,1
2020-10-21,15:43:54.701000,12800,12801,12800,1
2020-10-21,15:43:57.477000,12800,12801,12800,4
2020-10-21,15:43:57.477000,12800,12801,12800,4
2020-10-21,15:43:57.500000,12800,12801,12800,5
2020-10-21,15:43:58.149000,12800,12801,12800,1
2020-10-21,15:44:00.763000,12800,12801,12801,2
2020-10-21,15:44:00.763000,12800,12801,12801,1
2020-10-21,15:44:00.764000,12800,12801,12801,2
2020-10-21,15:44:00.764000,12800,12801,12801,14
2020-10-21,15:44:00.764000,12800,12801,12801,1
2020-10-21,15:44:00.764000,12800,12801,12801,4
2020-10-21,15:44:00.900000,12801,12802,12802,1
2020-10-21,15:44:01.006000,12802,12803,12803,1
2020-10-21,15:44:01.085000,12802,12803,12803,2
2020-10-21,15:44:01.087000,12802,12803,12803,2
2020-10-21,15:44:01.088000,12802,12803,12803,1
2020-10-21,15:44:01.089000,12802,12803,12803,1
2020-10-21,15:44:01.104000,12802,12803,12804,2
2020-10-21,15:44:01.105000,12802,12803,12804,2
2020-10-21,15:44:01.129000,12802,12803,12803,1
2020-10-21,15:44:01.155000,12802,12803,12803,1
2020-10-21,15:44:01.374000,12802,12803,12802,1
2020-10-21,15:44:01.438000,12801,12803,12801,1
2020-10-21,15:44:01.468000,12801,12803,12801,1
2020-10-21,15:44:01.469000,12801,12803,12800,2
2020-10-21,15:44:01.469000,12801,12803,12800,1
2020-10-21,15:44:01.470000,12801,12803,12800,2
2020-10-21,15:44:01.475000,12801,12803,12800,2
2020-10-21,15:44:02.454000,12801,12802,12801,2
2020-10-21,15:44:05.277000,12800,12801,12801,1
2020-10-21,15:44:07.966000,12801,12802,12802,1
2020-10-21,15:44:09.427000,12802,12803,12802,1
2020-10-21,15:44:17.953000,12802,12803,12802,2
2020-10-21,15:44:29.031000,12801,12802,12802,7
2020-10-21,15:44:29.198000,12802,12803,12803,3
2020-10-21,15:44:29.595000,12802,12803,12803,1
2020-10-21,15:44:29.620000,12802,12803,12803,1
2020-10-21,15:44:29.646000,12802,12803,12803,1
2020-10-21,15:44:30.125000,12802,12804,12804,1
2020-10-21,15:44:33.674000,12802,12803,12802,1
2020-10-21,15:44:33.972000,12802,12803,12803,1
2020-10-21,15:44:35.343000,12801,12803,12803,1
2020-10-21,15:44:48.656000,12802,12803,12802,1
2020-10-21,15:44:52.422000,12801,12803,12801,1
2020-10-21,15:44:58.957000,12801,12803,12801,1
2020-10-21,15:45:01.806000,12801,12803,12803,1
2020-10-21,15:45:02.494000,12801,12803,12801,1
2020-10-21,15:45:02.514000,12801,12803,12801,1
2020-10-21,15:45:19.829000,12802,12803,12803,5
2020-10-21,15:45:19.829000,12802,12803,12803,1
2020-10-21,15:45:29.385000,12802,12803,12802,1
2020-10-21,15:45:29.385000,12802,12803,12802,1
2020-10-21,15:45:29.385000,12802,12803,12802,2
2020-10-21,15:45:29.385000,12802,12803,12802,2
2020-10-21,15:45:29.385000,12802,12803,12802,3
2020-10-21,15:45:32.892000,12802,12803,12803,1
2020-10-21,15:45:33.623000,12802,12803,12803,1
2020-10-21,15:45:33.941000,12802,12803,12803,1
2020-10-21,15:45:41.671000,12801,12802,12801,2
2020-10-21,15:45:46.057000,12801,12802,12801,2
2020-10-21,15:45:51.862000,12801,12802,12801,1
2020-10-21,15:45:55.098000,12801,12802,12801,1
2020-10-21,15:45:55.131000,12801,12802,12801,4
2020-10-21,15:45:55.131000,12801,12802,12801,5
2020-10-21,15:45:55.131000,12801,12802,12801,1
2020-10-21,15:45:55.873000,12800,12801,12801,1
2020-10-21,15:46:06.677000,12800,12801,12801,3
2020-10-21,15:46:15.372000,12801,12802,12801,1
2020-10-21,15:46:18.324000,12801,12802,12801,1
2020-10-21,15:46:20.254000,12800,12801,12800,1
2020-10-21,15:46:26.928000,12800,12801,12800,1
2020-10-21,15:46:27.050000,12800,12801,12800,2
2020-10-21,15:46:38.925000,12800,12801,12800,1
2020-10-21,15:46:40.850000,12800,12801,12800,7
2020-10-21,15:46:40.851000,12800,12801,12800,1
2020-10-21,15:46:44.542000,12800,12801,12800,1
2020-10-21,15:46:55.189000,12800,12801,12800,4
2020-10-21,15:46:59.369000,12799,12801,12801,1
2020-10-21,15:47:01.605000,12799,12800,12799,4
2020-10-21,15:47:01.605000,12799,12800,12799,6
2020-10-21,15:47:01.605000,12799,12800,12799,14
2020-10-21,15:47:01.606000,12799,12800,12799,3
2020-10-21,15:47:01.606000,12799,12800,12799,1
2020-10-21,15:47:01.606000,12799,12800,12799,3
2020-10-21,15:47:01.606000,12799,12800,12799,6
2020-10-21,15:47:02.317000,12798,12799,12798,4
2020-10-21,15:47:02.450000,12798,12799,12798,1
2020-10-21,15:47:02.513000,12798,12799,12798,4
2020-10-21,15:47:02.553000,12798,12799,12798,4
2020-10-21,15:47:02.615000,12798,12799,12797,1
2020-10-21,15:47:02.641000,12798,12799,12797,1
2020-10-21,15:47:02.704000,12797,12799,12797,1
2020-10-21,15:47:02.893000,12797,12799,12797,1
2020-10-21,15:47:03.084000,12797,12799,12797,2
2020-10-21,15:47:11.885000,12797,12798,12798,2
2020-10-21,15:47:11.998000,12798,12799,12798,2
2020-10-21,15:47:21.565000,12798,12799,12798,1
2020-10-21,15:47:28.193000,12797,12798,12798,1
2020-10-21,15:47:29.080000,12797,12798,12798,1
2020-10-21,15:47:29.290000,12797,12798,12797,5
2020-10-21,15:47:33.395000,12797,12798,12797,2
2020-10-21,15:47:33.600000,12797,12798,12797,1
2020-10-21,15:47:33.645000,12797,12798,12797,2
2020-10-21,15:47:33.990000,12797,12798,12797,2
2020-10-21,15:47:36.141000,12796,12797,12797,1
2020-10-21,15:47:36.819000,12796,12797,12796,10
2020-10-21,15:47:36.945000,12796,12797,12796,4
2020-10-21,15:47:37.035000,12796,12797,12796,2
2020-10-21,15:47:37.035000,12796,12797,12796,2
2020-10-21,15:47:37.618000,12796,12797,12797,1
2020-10-21,15:47:39.244000,12796,12797,12796,1
2020-10-21,15:47:39.649000,12795,12796,12796,2
2020-10-21,15:47:39.649000,12795,12796,12796,2
2020-10-21,15:47:45.241000,12796,12797,12796,2
2020-10-21,15:47:45.388000,12796,12797,12796,2
2020-10-21,15:47:46.449000,12796,12797,12796,1
2020-10-21,15:47:47.236000,12796,12797,12796,1
2020-10-21,15:47:51.362000,12795,12796,12796,1
2020-10-21,15:47:51.530000,12795,12796,12796,1
2020-10-21,15:47:53.265000,12795,12796,12796,1
2020-10-21,15:47:54.425000,12795,12796,12796,1
2020-10-21,15:47:54.732000,12795,12796,12796,1
2020-10-21,15:47:55.877000,12795,12796,12795,1
2020-10-21,15:47:55.934000,12795,12796,12795,1
2020-10-21,15:47:55.958000,12795,12796,12795,20
2020-10-21,15:47:56.056000,12795,12796,12795,1
2020-10-21,15:47:56.110000,12795,12796,12794,1
2020-10-21,15:47:56.120000,12795,12796,12794,1
2020-10-21,15:47:56.143000,12795,12796,12794,3
2020-10-21,15:47:56.168000,12794,12795,12794,1
2020-10-21,15:47:56.170000,12794,12795,12794,1
2020-10-21,15:47:56.177000,12794,12795,12794,1
2020-10-21,15:47:56.178000,12794,12795,12794,1
2020-10-21,15:47:56.182000,12794,12795,12794,2
2020-10-21,15:47:56.190000,12794,12795,12794,2
2020-10-21,15:47:56.191000,12794,12795,12794,1
2020-10-21,15:47:56.191000,12794,12795,12794,3
2020-10-21,15:47:56.196000,12794,12795,12794,1
2020-10-21,15:47:56.197000,12794,12795,12794,1
2020-10-21,15:47:56.198000,12794,12795,12794,1
2020-10-21,15:47:56.219000,12794,12795,12794,1
2020-10-21,15:47:56.221000,12794,12795,12794,1
2020-10-21,15:47:56.221000,12794,12795,12793,19
2020-10-21,15:47:56.225000,12794,12795,12793,2
2020-10-21,15:47:56.225000,12794,12795,12793,3
2020-10-21,15:47:56.229000,12794,12795,12793,1
2020-10-21,15:47:56.229000,12794,12795,12793,3
2020-10-21,15:47:56.236000,12794,12795,12793,1
2020-10-21,15:47:56.237000,12794,12795,12793,2
2020-10-21,15:47:56.250000,12794,12795,12793,1
2020-10-21,15:47:56.250000,12794,12795,12793,1
2020-10-21,15:47:56.252000,12794,12795,12793,1
2020-10-21,15:47:56.265000,12794,12795,12793,1
2020-10-21,15:47:56.267000,12794,12795,12793,1
2020-10-21,15:47:56.272000,12794,12795,12793,1
2020-10-21,15:47:56.290000,12793,12794,12793,1
2020-10-21,15:47:56.293000,12793,12794,12793,1
2020-10-21,15:47:56.295000,12793,12794,12793,1
2020-10-21,15:47:56.308000,12793,12794,12793,4
2020-10-21,15:47:56.311000,12793,12794,12792,2
2020-10-21,15:47:56.317000,12793,12794,12793,1
2020-10-21,15:47:56.355000,12793,12794,12793,1
2020-10-21,15:47:56.398000,12793,12794,12792,1
2020-10-21,15:47:56.433000,12792,12794,12792,2
2020-10-21,15:47:56.434000,12792,12794,12793,4
2020-10-21,15:47:56.435000,12792,12794,12792,1
2020-10-21,15:47:56.448000,12792,12794,12792,1
2020-10-21,15:47:56.458000,12792,12794,12792,1
2020-10-21,15:47:56.484000,12792,12794,12792,1
2020-10-21,15:47:56.489000,12792,12794,12792,2
2020-10-21,15:47:56.552000,12792,12794,12792,1
2020-10-21,15:47:56.556000,12792,12794,12792,1
2020-10-21,15:47:56.573000,12792,12794,12792,1
2020-10-21,15:47:56.579000,12792,12794,12792,1
2020-10-21,15:47:56.583000,12792,12794,12792,1
2020-10-21,15:47:56.621000,12792,12794,12792,1
2020-10-21,15:47:56.652000,12792,12794,12792,2
2020-10-21,15:47:56.668000,12792,12793,12792,5
2020-10-21,15:47:56.690000,12792,12793,12792,1
2020-10-21,15:47:56.692000,12792,12793,12792,1
2020-10-21,15:47:56.713000,12792,12793,12792,1
2020-10-21,15:47:56.740000,12792,12793,12792,2
2020-10-21,15:47:56.745000,12792,12793,12792,1
2020-10-21,15:47:56.762000,12792,12793,12792,1
2020-10-21,15:47:56.764000,12792,12793,12792,1
2020-10-21,15:47:56.771000,12792,12793,12791,1
2020-10-21,15:47:56.856000,12791,12793,12791,1
2020-10-21,15:47:56.879000,12791,12793,12791,1
2020-10-21,15:47:56.905000,12791,12793,12792,1
2020-10-21,15:47:56.951000,12792,12793,12792,1
2020-10-21,15:47:56.952000,12792,12793,12792,1
2020-10-21,15:47:56.969000,12792,12793,12792,2
2020-10-21,15:47:57.087000,12791,12793,12791,1
2020-10-21,15:47:57.095000,12791,12793,12791,1
2020-10-21,15:47:57.110000,12791,12793,12791,1
2020-10-21,15:47:57.110000,12791,12793,12791,1
2020-10-21,15:47:57.110000,12791,12793,12791,1
2020-10-21,15:47:57.110000,12791,12793,12791,1
2020-10-21,15:47:57.110000,12791,12793,12791,2
2020-10-21,15:47:57.110000,12791,12793,12791,1
2020-10-21,15:47:57.110000,12791,12793,12791,1
2020-10-21,15:47:57.110000,12791,12793,12791,1
2020-10-21,15:47:57.703000,12791,12793,12793,1
2020-10-21,15:47:57.709000,12791,12793,12793,1
2020-10-21,15:47:58.365000,12792,12794,12792,1
2020-10-21,15:47:58.709000,12793,12794,12793,1
2020-10-21,15:47:59.037000,12793,12794,12793,1
2020-10-21,15:47:59.037000,12793,12794,12793,3
2020-10-21,15:47:59.037000,12793,12794,12792,2
2020-10-21,15:47:59.138000,12793,12794,12792,2
