2024-03-18 15:00:00.009,19917,19918,19917,61,-61
2024-03-18 15:00:00.011,19916,19917,19916,3,-3
2024-03-18 15:00:00.019,19916,19917,19917,3,3
2024-03-18 15:00:00.019,19916,19917,19917,3,3
2024-03-18 15:00:00.019,19916,19917,19917,1,1
2024-03-18 15:00:00.161,19915,19917,19917,1,1
2024-03-18 15:00:00.249,19915,19917,19917,7,7
2024-03-18 15:00:00.253,19915,19917,19917,3,3
2024-03-18 15:00:00.275,19915,19917,19917,1,1
2024-03-18 15:00:00.295,19915,19917,19917,2,2
2024-03-18 15:00:00.322,19915,19917,19917,1,1
2024-03-18 15:00:00.328,19915,19917,19917,1,1
2024-03-18 15:00:00.350,19915,19917,19917,1,1
2024-03-18 15:00:00.361,19915,19917,19917,2,2
2024-03-18 15:00:00.434,19915,19917,19915,2,-2
2024-03-18 15:00:00.454,19915,19917,19917,1,1
2024-03-18 15:00:00.487,19915,19917,19917,1,1
2024-03-18 15:00:00.502,19915,19917,19917,1,1
2024-03-18 15:00:00.515,19915,19917,19917,1,1
2024-03-18 15:00:00.538,19915,19917,19917,5,5
2024-03-18 15:00:00.538,19915,19917,19917,7,7
2024-03-18 15:00:00.540,19915,19917,19917,1,1
2024-03-18 15:00:00.560,19915,19917,19917,2,2
2024-03-18 15:00:00.563,19915,19917,19917,5,5
2024-03-18 15:00:00.574,19916,19917,19917,2,2
2024-03-18 15:00:00.594,19916,19917,19917,1,1
2024-03-18 15:00:00.597,19916,19917,19917,1,1
2024-03-18 15:00:00.597,19916,19917,19918,1,1
2024-03-18 15:00:00.619,19916,19917,19916,2,-2
2024-03-18 15:00:00.639,19916,19917,19918,2,2
2024-03-18 15:00:00.664,19916,19917,19918,1,1
2024-03-18 15:00:00.664,19916,19917,19918,2,2
2024-03-18 15:00:00.698,19916,19918,19918,1,1
2024-03-18 15:00:00.758,19916,19918,19918,1,1
2024-03-18 15:00:00.764,19916,19918,19918,1,1
2024-03-18 15:00:00.800,19916,19918,19918,1,1
2024-03-18 15:00:00.811,19916,19918,19918,1,1
2024-03-18 15:00:00.821,19916,19918,19918,1,1
2024-03-18 15:00:00.840,19916,19918,19918,1,1
2024-03-18 15:00:00.851,19916,19918,19918,1,1
2024-03-18 15:00:00.981,19916,19918,19918,2,2
2024-03-18 15:00:00.998,19916,19918,19918,1,1
2024-03-18 15:00:01.164,19916,19918,19918,1,1
2024-03-18 15:00:01.296,19916,19918,19918,1,1
2024-03-18 15:00:01.520,19916,19918,19918,5,5
2024-03-18 15:00:01.545,19916,19918,19918,3,3
2024-03-18 15:00:01.548,19916,19918,19919,1,1
2024-03-18 15:00:01.619,19917,19919,19918,1,1
2024-03-18 15:00:01.620,19917,19919,19918,1,1
2024-03-18 15:00:01.620,19917,19919,19919,1,1
2024-03-18 15:00:01.636,19917,19919,19919,1,1
2024-03-18 15:00:01.769,19917,19918,19918,2,2
2024-03-18 15:00:01.769,19917,19918,19919,3,3
2024-03-18 15:00:01.769,19917,19918,19919,1,1
2024-03-18 15:00:01.818,19917,19918,19919,2,2
2024-03-18 15:00:01.843,19917,19919,19919,2,2
2024-03-18 15:00:01.868,19917,19919,19919,5,5
2024-03-18 15:00:01.890,19917,19919,19919,1,1
2024-03-18 15:00:01.950,19918,19919,19919,1,1
2024-03-18 15:00:02.021,19918,19919,19920,1,1
2024-03-18 15:00:02.086,19919,19920,19920,2,2
2024-03-18 15:00:02.091,19919,19920,19920,1,1
2024-03-18 15:00:02.095,19919,19920,19920,1,1
2024-03-18 15:00:02.103,19919,19920,19920,2,2
2024-03-18 15:00:02.104,19919,19920,19920,2,2
2024-03-18 15:00:02.112,19919,19920,19920,1,1
2024-03-18 15:00:02.121,19919,19920,19920,2,2
2024-03-18 15:00:02.126,19919,19920,19921,2,2
2024-03-18 15:00:02.199,19919,19921,19921,1,1
2024-03-18 15:00:02.206,19919,19921,19921,1,1
2024-03-18 15:00:02.222,19919,19921,19921,1,1
2024-03-18 15:00:02.334,19919,19921,19921,2,2
2024-03-18 15:00:02.357,19919,19921,19921,3,3
2024-03-18 15:00:02.362,19919,19921,19921,3,3
2024-03-18 15:00:02.400,19919,19921,19919,1,-1
2024-03-18 15:00:02.447,19919,19921,19921,1,1
2024-03-18 15:00:02.447,19919,19921,19922,3,3
2024-03-18 15:00:02.452,19919,19921,19922,1,1
2024-03-18 15:00:02.455,19919,19921,19922,6,6
2024-03-18 15:00:02.470,19919,19921,19922,1,1
2024-03-18 15:00:02.473,19919,19921,19923,4,4
2024-03-18 15:00:02.474,19919,19921,19923,6,6
2024-03-18 15:00:02.484,19919,19921,19923,1,1
2024-03-18 15:00:02.492,19919,19921,19923,1,1
2024-03-18 15:00:02.503,19919,19921,19923,1,1
2024-03-18 15:00:02.510,19919,19921,19923,1,1
2024-03-18 15:00:02.516,19919,19921,19923,1,1
2024-03-18 15:00:02.578,19921,19923,19923,7,7
2024-03-18 15:00:02.578,19921,19923,19924,1,1
2024-03-18 15:00:02.582,19921,19923,19924,1,1
2024-03-18 15:00:02.595,19921,19923,19924,1,1
2024-03-18 15:00:02.660,19921,19923,19924,1,1
2024-03-18 15:00:02.779,19922,19924,19924,1,1
2024-03-18 15:00:02.901,19922,19924,19924,1,1
2024-03-18 15:00:02.906,19922,19924,19921,1,-1
2024-03-18 15:00:02.906,19922,19924,19922,2,-2
2024-03-18 15:00:02.907,19922,19924,19921,1,-1
2024-03-18 15:00:02.907,19922,19924,19920,1,-1
2024-03-18 15:00:02.909,19922,19924,19923,1,-1
2024-03-18 15:00:02.974,19920,19923,19920,2,-2
2024-03-18 15:00:02.974,19920,19923,19919,2,-2
2024-03-18 15:00:02.975,19920,19923,19920,2,-2
2024-03-18 15:00:02.975,19920,19923,19919,1,-1
2024-03-18 15:00:02.978,19920,19923,19919,1,-1
2024-03-18 15:00:02.987,19920,19923,19919,1,-1
2024-03-18 15:00:03.000,19920,19923,19919,3,-3
2024-03-18 15:00:03.070,19918,19921,19921,1,1
2024-03-18 15:00:03.073,19918,19921,19921,1,1
2024-03-18 15:00:03.076,19918,19921,19921,2,2
2024-03-18 15:00:03.076,19918,19921,19922,1,1
2024-03-18 15:00:03.306,19920,19922,19922,1,1
2024-03-18 15:00:03.504,19920,19922,19922,1,1
2024-03-18 15:00:03.551,19920,19922,19922,1,1
2024-03-18 15:00:03.636,19920,19922,19922,1,1
2024-03-18 15:00:03.670,19920,19922,19922,1,1
2024-03-18 15:00:04.140,19920,19922,19919,8,-8
2024-03-18 15:00:04.304,19918,19920,19918,2,-2
2024-03-18 15:00:04.368,19917,19920,19920,1,1
2024-03-18 15:00:04.397,19917,19920,19920,1,1
2024-03-18 15:00:04.448,19918,19920,19920,1,1
2024-03-18 15:00:04.574,19918,19921,19921,1,1
2024-03-18 15:00:04.725,19918,19921,19921,2,2
2024-03-18 15:00:05.676,19919,19921,19921,2,2
2024-03-18 15:00:05.825,19919,19921,19921,1,1
2024-03-18 15:00:06.111,19919,19920,19919,5,-5
2024-03-18 15:00:06.328,19918,19920,19919,1,-1
2024-03-18 15:00:06.822,19917,19919,19918,1,-1
2024-03-18 15:00:06.925,19917,19919,19919,5,5
2024-03-18 15:00:06.949,19918,19919,19919,1,1
2024-03-18 15:00:07.167,19918,19919,19919,1,1
2024-03-18 15:00:07.167,19918,19919,19920,1,1
2024-03-18 15:00:08.028,19919,19920,19920,2,2
2024-03-18 15:00:08.029,19919,19920,19920,2,2
2024-03-18 15:00:08.587,19919,19921,19921,1,1
2024-03-18 15:00:10.125,19920,19921,19920,1,-1
2024-03-18 15:00:10.128,19920,19921,19920,2,-2
2024-03-18 15:00:10.128,19920,19921,19920,2,-2
2024-03-18 15:00:10.734,19919,19921,19921,1,1
2024-03-18 15:00:13.195,19919,19920,19920,2,2
2024-03-18 15:00:13.744,19919,19920,19920,1,1
2024-03-18 15:00:14.103,19919,19920,19919,2,-2
2024-03-18 15:00:14.353,19918,19919,19918,1,-1
2024-03-18 15:00:14.559,19917,19918,19918,2,2
2024-03-18 15:00:14.789,19917,19918,19917,1,-1
2024-03-18 15:00:14.895,19916,19917,19917,2,2
2024-03-18 15:00:15.242,19916,19918,19918,2,2
2024-03-18 15:00:15.947,19917,19918,19917,2,-2
2024-03-18 15:00:16.044,19917,19918,19916,1,-1
2024-03-18 15:00:16.070,19917,19918,19916,2,-2
2024-03-18 15:00:16.122,19916,19918,19916,2,-2
2024-03-18 15:00:16.146,19916,19918,19916,1,-1
2024-03-18 15:00:16.164,19916,19918,19916,2,-2
2024-03-18 15:00:16.175,19916,19918,19915,2,-2
2024-03-18 15:00:16.182,19916,19918,19915,1,-1
2024-03-18 15:00:16.194,19916,19918,19915,2,-2
2024-03-18 15:00:16.250,19915,19917,19917,2,2
2024-03-18 15:00:16.252,19915,19917,19918,1,1
2024-03-18 15:00:16.252,19915,19917,19917,3,3
2024-03-18 15:00:17.389,19916,19918,19918,2,2
2024-03-18 15:00:17.448,19917,19918,19918,2,2
2024-03-18 15:00:17.934,19917,19919,19919,1,1
2024-03-18 15:00:18.118,19918,19919,19919,1,1
2024-03-18 15:00:18.131,19918,19919,19919,1,1
2024-03-18 15:00:18.132,19918,19919,19919,1,1
2024-03-18 15:00:18.227,19918,19920,19918,1,-1
2024-03-18 15:00:18.668,19918,19920,19918,6,-6
2024-03-18 15:00:20.219,19916,19918,19916,7,-7
2024-03-18 15:00:21.171,19916,19918,19918,2,2
2024-03-18 15:00:21.171,19916,19918,19919,1,1
2024-03-18 15:00:21.205,19917,19919,19917,1,-1
2024-03-18 15:00:21.433,19917,19919,19917,3,-3
2024-03-18 15:00:21.434,19917,19919,19918,1,-1
2024-03-18 15:00:23.293,19918,19919,19919,1,1
2024-03-18 15:00:23.293,19918,19919,19919,1,1
2024-03-18 15:00:23.530,19918,19920,19920,3,3
2024-03-18 15:00:23.530,19918,19920,19920,3,3
2024-03-18 15:00:24.222,19919,19920,19919,1,-1
2024-03-18 15:00:27.141,19919,19920,19920,4,4
2024-03-18 15:00:30.917,19919,19920,19919,1,-1
2024-03-18 15:00:33.497,19919,19920,19919,2,-2
2024-03-18 15:00:33.603,19918,19919,19918,4,-4
2024-03-18 15:00:33.731,19917,19918,19917,2,-2
2024-03-18 15:00:33.763,19917,19918,19918,1,1
2024-03-18 15:00:33.823,19916,19918,19918,5,5
2024-03-18 15:00:33.833,19916,19918,19918,1,1
2024-03-18 15:00:34.022,19917,19918,19918,1,1
2024-03-18 15:00:34.273,19917,19919,19919,1,1
2024-03-18 15:00:34.615,19917,19919,19919,1,1
2024-03-18 15:00:36.818,19918,19919,19918,1,-1
2024-03-18 15:00:40.226,19918,19919,19918,2,-2
2024-03-18 15:00:41.846,19918,19919,19918,4,-4
2024-03-18 15:00:41.847,19918,19919,19917,11,-11
2024-03-18 15:00:42.680,19916,19917,19917,4,4
2024-03-18 15:00:42.686,19916,19917,19916,2,-2
2024-03-18 15:00:43.727,19916,19917,19917,1,1
2024-03-18 15:00:43.728,19916,19917,19917,1,1
2024-03-18 15:00:43.728,19916,19917,19917,5,5
2024-03-18 15:00:44.358,19917,19918,19918,1,1
2024-03-18 15:00:44.814,19916,19918,19916,1,-1
2024-03-18 15:00:46.554,19916,19918,19916,1,-1
2024-03-18 15:00:49.598,19916,19917,19916,5,-5
2024-03-18 15:00:50.307,19915,19916,19915,1,-1
2024-03-18 15:00:50.307,19915,19916,19915,20,-20
2024-03-18 15:00:51.666,19914,19915,19915,1,1
2024-03-18 15:00:51.806,19914,19915,19914,1,-1
2024-03-18 15:00:51.855,19914,19915,19914,1,-1
2024-03-18 15:00:52.374,19914,19915,19914,1,-1
2024-03-18 15:00:53.378,19914,19915,19914,1,-1
2024-03-18 15:00:53.387,19914,19915,19915,1,1
2024-03-18 15:00:53.597,19914,19915,19915,2,2
2024-03-18 15:00:54.110,19914,19915,19914,1,-1
2024-03-18 15:00:56.632,19914,19915,19915,1,1
2024-03-18 15:00:57.945,19914,19915,19915,1,1
2024-03-18 15:00:57.950,19914,19915,19915,1,1
2024-03-18 15:00:57.963,19914,19915,19915,1,1
2024-03-18 15:00:57.963,19914,19915,19915,3,3
2024-03-18 15:00:57.964,19914,19915,19915,2,2
2024-03-18 15:00:58.979,19915,19916,19915,1,-1
2024-03-18 15:00:59.319,19915,19916,19915,1,-1
2024-03-18 15:01:00.023,19915,19916,19916,1,1
2024-03-18 15:01:00.049,19915,19916,19918,4,4
2024-03-18 15:01:00.049,19915,19916,19917,2,2
2024-03-18 15:01:00.054,19915,19916,19916,1,1
2024-03-18 15:01:00.064,19915,19916,19918,1,1
2024-03-18 15:01:00.074,19916,19918,19918,1,1
2024-03-18 15:01:00.090,19916,19918,19918,1,1
2024-03-18 15:01:00.222,19917,19918,19917,1,-1
2024-03-18 15:01:00.246,19917,19918,19916,1,-1
2024-03-18 15:01:00.265,19917,19918,19916,1,-1
2024-03-18 15:01:00.435,19915,19917,19915,1,-1
2024-03-18 15:01:00.477,19915,19917,19917,1,1
2024-03-18 15:01:00.824,19915,19917,19915,1,-1
2024-03-18 15:01:01.644,19915,19916,19915,3,-3
2024-03-18 15:01:01.644,19915,19916,19915,3,-3
2024-03-18 15:01:01.644,19915,19916,19915,2,-2
2024-03-18 15:01:01.644,19915,19916,19915,1,-1
2024-03-18 15:01:01.645,19915,19916,19915,3,-3
2024-03-18 15:01:01.645,19915,19916,19915,1,-1
2024-03-18 15:01:01.645,19915,19916,19915,4,-4
2024-03-18 15:01:01.645,19915,19916,19915,4,-4
2024-03-18 15:01:01.645,19915,19916,19915,1,-1
2024-03-18 15:01:01.645,19915,19916,19915,6,-6
2024-03-18 15:01:01.647,19915,19916,19915,1,-1
2024-03-18 15:01:01.801,19914,19915,19915,2,2
2024-03-18 15:01:03.351,19914,19915,19914,5,-5
2024-03-18 15:01:03.474,19913,19914,19913,18,-18
2024-03-18 15:01:03.476,19913,19914,19912,9,-9
2024-03-18 15:01:03.476,19913,19914,19911,1,-1
2024-03-18 15:01:03.701,19911,19912,19912,2,2
2024-03-18 15:01:03.701,19911,19912,19912,2,2
2024-03-18 15:01:03.702,19911,19912,19912,3,3
2024-03-18 15:01:03.703,19911,19912,19912,3,3
2024-03-18 15:01:03.703,19911,19912,19912,2,2
2024-03-18 15:01:04.445,19911,19913,19913,1,1
2024-03-18 15:01:04.549,19911,19913,19911,1,-1
2024-03-18 15:01:07.818,19911,19912,19912,3,3
2024-03-18 15:01:08.232,19912,19913,19912,1,-1
2024-03-18 15:01:08.634,19912,19913,19913,1,1
2024-03-18 15:01:08.678,19912,19913,19912,2,-2
2024-03-18 15:01:09.747,19912,19913,19912,1,-1
2024-03-18 15:01:10.319,19912,19913,19912,1,-1
2024-03-18 15:01:11.195,19912,19913,19913,1,1
2024-03-18 15:01:16.333,19913,19914,19913,2,-2
2024-03-18 15:01:16.927,19912,19914,19914,1,1
2024-03-18 15:01:17.453,19913,19915,19915,4,4
2024-03-18 15:01:18.085,19913,19915,19913,2,-2
2024-03-18 15:01:18.199,19913,19915,19913,1,-1
2024-03-18 15:01:19.697,19912,19914,19912,20,-20
2024-03-18 15:01:20.226,19912,19913,19912,2,-2
2024-03-18 15:01:21.739,19912,19913,19913,1,1
2024-03-18 15:01:24.475,19912,19913,19912,1,-1
2024-03-18 15:01:26.290,19912,19913,19912,1,-1
2024-03-18 15:01:26.661,19912,19913,19912,2,-2
2024-03-18 15:01:26.785,19912,19913,19912,1,-1
2024-03-18 15:01:27.629,19912,19913,19912,4,-4
2024-03-18 15:01:28.689,19912,19913,19912,11,-11
2024-03-18 15:01:28.689,19912,19913,19911,9,-9
2024-03-18 15:01:28.691,19912,19913,19912,1,-1
2024-03-18 15:01:28.691,19912,19913,19911,14,-14
2024-03-18 15:01:28.988,19911,19912,19911,1,-1
2024-03-18 15:01:29.074,19910,19912,19912,1,1
2024-03-18 15:01:34.366,19911,19912,19911,1,-1
2024-03-18 15:01:37.888,19911,19912,19911,1,-1
2024-03-18 15:01:40.221,19911,19912,19911,7,-7
2024-03-18 15:01:42.195,19911,19912,19912,1,1
2024-03-18 15:01:42.733,19911,19912,19912,1,1
2024-03-18 15:01:43.901,19912,19913,19913,1,1
2024-03-18 15:01:47.520,19912,19914,19912,1,-1
2024-03-18 15:01:53.538,19913,19915,19915,1,1
2024-03-18 15:01:55.580,19913,19915,19915,1,1
2024-03-18 15:01:56.643,19914,19915,19914,4,-4
2024-03-18 15:01:58.822,19914,19915,19914,6,-6
2024-03-18 15:01:59.083,19913,19915,19915,2,2
2024-03-18 15:01:59.360,19913,19915,19915,1,1
2024-03-18 15:02:00.093,19914,19915,19915,1,1
2024-03-18 15:02:00.093,19914,19915,19916,1,1
2024-03-18 15:02:00.469,19914,19916,19914,5,-5
2024-03-18 15:02:00.531,19914,19916,19915,1,-1
2024-03-18 15:02:00.766,19914,19915,19914,1,-1
2024-03-18 15:02:00.886,19913,19915,19913,2,-2
2024-03-18 15:02:00.930,19913,19915,19914,1,-1
2024-03-18 15:02:01.173,19913,19915,19914,1,-1
2024-03-18 15:02:01.900,19912,19913,19913,1,1
2024-03-18 15:02:04.617,19912,19913,19912,1,-1
2024-03-18 15:02:05.063,19912,19913,19913,2,2
2024-03-18 15:02:07.832,19912,19913,19912,1,-1
2024-03-18 15:02:07.936,19912,19913,19912,1,-1
2024-03-18 15:02:10.600,19912,19913,19913,1,1
2024-03-18 15:02:10.872,19912,19913,19913,1,1
2024-03-18 15:02:10.873,19912,19913,19913,2,2
2024-03-18 15:02:12.495,19912,19913,19913,2,2
2024-03-18 15:02:12.692,19912,19913,19912,1,-1
2024-03-18 15:02:14.806,19912,19913,19913,2,2
2024-03-18 15:02:15.505,19912,19913,19913,1,1
2024-03-18 15:02:15.743,19912,19913,19913,1,1
2024-03-18 15:02:15.744,19912,19913,19913,1,1
2024-03-18 15:02:22.696,19912,19913,19913,1,1
2024-03-18 15:02:22.725,19912,19913,19913,1,1
2024-03-18 15:02:23.583,19912,19914,19914,2,2
2024-03-18 15:02:26.654,19912,19914,19914,1,1
2024-03-18 15:02:26.836,19912,19914,19914,1,1
2024-03-18 15:02:30.328,19912,19913,19913,1,1
2024-03-18 15:02:42.548,19913,19914,19914,1,1
2024-03-18 15:02:45.971,19913,19914,19914,1,1
2024-03-18 15:02:48.639,19913,19914,19914,1,1
2024-03-18 15:02:50.806,19913,19914,19914,1,1
2024-03-18 15:02:52.166,19913,19914,19914,1,1
2024-03-18 15:02:53.403,19913,19914,19913,1,-1
2024-03-18 15:02:56.158,19913,19914,19913,6,-6
2024-03-18 15:03:00.021,19913,19914,19914,2,2
2024-03-18 15:03:00.038,19913,19914,19914,1,1
2024-03-18 15:03:00.042,19913,19914,19914,2,2
2024-03-18 15:03:00.042,19913,19914,19914,1,1
2024-03-18 15:03:00.225,19913,19915,19913,1,-1
2024-03-18 15:03:00.330,19913,19915,19913,1,-1
2024-03-18 15:03:00.618,19913,19915,19915,1,1
2024-03-18 15:03:00.753,19913,19915,19915,1,1
2024-03-18 15:03:00.767,19913,19915,19915,1,1
2024-03-18 15:03:00.958,19913,19915,19915,1,1
2024-03-18 15:03:01.152,19914,19915,19915,1,1
2024-03-18 15:03:01.353,19914,19915,19915,1,1
2024-03-18 15:03:01.557,19914,19915,19915,1,1
2024-03-18 15:03:01.774,19913,19915,19915,1,1
2024-03-18 15:03:01.966,19914,19915,19915,1,1
2024-03-18 15:03:02.153,19914,19915,19915,1,1
2024-03-18 15:03:02.347,19914,19916,19916,1,1
2024-03-18 15:03:02.534,19914,19916,19916,1,1
2024-03-18 15:03:02.679,19914,19916,19916,1,1
2024-03-18 15:03:02.905,19914,19916,19916,1,1
2024-03-18 15:03:03.094,19914,19916,19916,1,1
2024-03-18 15:03:03.268,19914,19916,19916,1,1
2024-03-18 15:03:17.122,19914,19915,19914,1,-1
2024-03-18 15:03:21.822,19914,19915,19915,1,1
2024-03-18 15:03:27.444,19914,19915,19915,1,1
2024-03-18 15:03:28.218,19914,19915,19915,6,6
2024-03-18 15:03:30.739,19914,19915,19915,3,3
2024-03-18 15:03:31.427,19914,19915,19915,1,1
2024-03-18 15:03:32.645,19914,19915,19914,2,-2
2024-03-18 15:03:44.982,19914,19915,19914,2,-2
2024-03-18 15:03:49.974,19914,19915,19914,1,-1
2024-03-18 15:03:50.888,19913,19914,19914,1,1
2024-03-18 15:03:50.888,19913,19914,19915,4,4
2024-03-18 15:03:55.131,19913,19914,19913,2,-2
2024-03-18 15:03:56.924,19913,19914,19913,1,-1
2024-03-18 15:04:00.029,19913,19914,19915,1,1
2024-03-18 15:04:00.029,19913,19914,19914,1,1
2024-03-18 15:04:00.086,19913,19915,19913,1,-1
2024-03-18 15:04:00.229,19913,19915,19914,2,-2
2024-03-18 15:04:02.496,19914,19915,19915,2,2
2024-03-18 15:04:07.291,19915,19916,19916,2,2
2024-03-18 15:04:10.412,19915,19916,19915,1,-1
2024-03-18 15:04:12.413,19914,19916,19916,5,5
2024-03-18 15:04:12.607,19915,19916,19915,1,-1
2024-03-18 15:04:13.408,19915,19916,19915,2,-2
2024-03-18 15:04:20.220,19915,19916,19915,2,-2
2024-03-18 15:04:27.224,19915,19916,19915,2,-2
2024-03-18 15:04:35.841,19915,19916,19916,2,2
2024-03-18 15:04:37.366,19915,19916,19916,1,1
2024-03-18 15:04:38.722,19915,19916,19916,3,3
2024-03-18 15:04:40.221,19915,19916,19915,1,-1
2024-03-18 15:04:43.854,19915,19916,19915,2,-2
2024-03-18 15:04:44.256,19915,19916,19915,1,-1
2024-03-18 15:04:48.379,19915,19916,19915,1,-1
2024-03-18 15:04:56.902,19915,19916,19915,2,-2
2024-03-18 15:04:59.073,19915,19916,19915,1,-1
2024-03-18 15:05:00.221,19915,19916,19915,1,-1
2024-03-18 15:05:00.529,19915,19916,19915,1,-1
2024-03-18 15:05:03.097,19914,19915,19915,1,1
2024-03-18 15:05:06.254,19914,19915,19915,3,3
2024-03-18 15:05:08.599,19914,19915,19914,1,-1
2024-03-18 15:05:08.600,19914,19915,19914,12,-12
2024-03-18 15:05:08.698,19913,19914,19914,1,1
2024-03-18 15:05:09.627,19913,19914,19914,13,13
2024-03-18 15:05:09.627,19913,19914,19915,2,2
2024-03-18 15:05:10.878,19913,19914,19915,5,5
2024-03-18 15:05:10.878,19913,19914,19914,3,3
2024-03-18 15:05:17.145,19913,19914,19913,1,-1
2024-03-18 15:05:23.129,19912,19913,19912,1,-1
2024-03-18 15:05:35.101,19912,19913,19913,2,2
2024-03-18 15:05:40.525,19912,19913,19913,3,3
2024-03-18 15:05:40.526,19912,19913,19913,1,1
2024-03-18 15:05:40.526,19912,19913,19913,1,1
2024-03-18 15:05:40.574,19913,19914,19914,1,1
2024-03-18 15:05:42.577,19913,19914,19913,3,-3
2024-03-18 15:05:50.552,19913,19914,19913,1,-1
2024-03-18 15:06:00.853,19913,19914,19914,2,2
2024-03-18 15:06:00.853,19913,19914,19914,1,1
2024-03-18 15:06:00.853,19913,19914,19914,3,3
2024-03-18 15:06:11.334,19913,19914,19914,1,1
2024-03-18 15:06:11.335,19913,19914,19914,2,2
2024-03-18 15:06:22.616,19913,19914,19913,2,-2
2024-03-18 15:06:22.616,19913,19914,19913,4,-4
2024-03-18 15:06:22.616,19913,19914,19913,1,-1
2024-03-18 15:06:24.460,19912,19913,19912,17,-17
2024-03-18 15:06:24.964,19911,19912,19911,19,-19
2024-03-18 15:06:25.359,19910,19911,19910,1,-1
2024-03-18 15:06:25.642,19910,19911,19910,1,-1
2024-03-18 15:06:25.749,19910,19911,19910,1,-1
2024-03-18 15:06:26.012,19910,19911,19910,1,-1
2024-03-18 15:06:26.149,19910,19911,19910,1,-1
2024-03-18 15:06:26.150,19910,19911,19910,20,-20
2024-03-18 15:06:26.168,19910,19911,19909,1,-1
2024-03-18 15:06:28.108,19909,19910,19909,1,-1
2024-03-18 15:06:28.109,19909,19910,19909,4,-4
2024-03-18 15:06:28.109,19909,19910,19909,10,-10
2024-03-18 15:06:29.044,19908,19909,19909,1,1
2024-03-18 15:06:29.297,19908,19909,19909,1,1
2024-03-18 15:06:31.009,19908,19909,19908,3,-3
2024-03-18 15:06:31.951,19908,19909,19909,1,1
2024-03-18 15:06:32.682,19908,19909,19908,1,-1
2024-03-18 15:06:32.684,19908,19909,19908,7,-7
2024-03-18 15:06:34.188,19907,19908,19907,1,-1
2024-03-18 15:06:34.426,19907,19908,19908,1,1
2024-03-18 15:06:34.518,19907,19908,19908,1,1
2024-03-18 15:06:35.846,19907,19908,19907,1,-1
2024-03-18 15:06:36.851,19907,19908,19907,2,-2
2024-03-18 15:06:36.948,19906,19908,19906,1,-1
2024-03-18 15:06:37.269,19906,19908,19906,1,-1
2024-03-18 15:06:38.011,19906,19908,19908,1,1
2024-03-18 15:06:38.871,19907,19909,19907,1,-1
2024-03-18 15:06:39.897,19907,19909,19907,1,-1
2024-03-18 15:06:41.862,19907,19909,19907,1,-1
2024-03-18 15:06:42.504,19907,19909,19909,2,2
2024-03-18 15:06:42.816,19908,19910,19908,2,-2
2024-03-18 15:06:43.977,19908,19910,19910,2,2
2024-03-18 15:06:45.238,19910,19911,19910,1,-1
2024-03-18 15:06:45.253,19910,19911,19910,1,-1
2024-03-18 15:06:48.252,19909,19910,19910,2,2
2024-03-18 15:06:51.793,19909,19910,19909,1,-1
2024-03-18 15:06:52.796,19908,19910,19908,1,-1
2024-03-18 15:06:58.230,19908,19910,19908,1,-1
2024-03-18 15:07:00.093,19908,19910,19908,1,-1
2024-03-18 15:07:01.528,19908,19909,19908,2,-2
2024-03-18 15:07:01.856,19908,19909,19909,2,2
2024-03-18 15:07:02.377,19908,19909,19909,2,2
2024-03-18 15:07:04.395,19908,19909,19908,3,-3
2024-03-18 15:07:12.404,19907,19908,19907,1,-1
2024-03-18 15:07:14.970,19907,19908,19907,1,-1
2024-03-18 15:07:16.179,19907,19908,19907,8,-8
2024-03-18 15:07:16.621,19906,19907,19906,6,-6
2024-03-18 15:07:16.621,19906,19907,19906,2,-2
2024-03-18 15:07:16.621,19906,19907,19906,2,-2
2024-03-18 15:07:16.621,19906,19907,19906,2,-2
2024-03-18 15:07:16.622,19906,19907,19906,2,-2
2024-03-18 15:07:16.724,19905,19906,19905,1,-1
2024-03-18 15:07:16.727,19905,19906,19905,1,-1
2024-03-18 15:07:16.742,19905,19906,19905,1,-1
2024-03-18 15:07:16.743,19905,19906,19905,8,-8
2024-03-18 15:07:16.764,19905,19906,19904,1,-1
2024-03-18 15:07:16.921,19904,19906,19904,1,-1
2024-03-18 15:07:16.922,19904,19906,19904,1,-1
2024-03-18 15:07:16.923,19904,19906,19905,2,-2
2024-03-18 15:07:16.927,19904,19906,19904,1,-1
2024-03-18 15:07:17.080,19904,19906,19904,1,-1
2024-03-18 15:07:17.225,19904,19906,19906,15,15
2024-03-18 15:07:19.615,19906,19907,19906,1,-1
2024-03-18 15:07:20.868,19905,19906,19906,1,1
2024-03-18 15:07:23.493,19905,19906,19906,2,2
2024-03-18 15:07:23.495,19905,19906,19906,2,2
2024-03-18 15:07:23.773,19906,19908,19906,1,-1
2024-03-18 15:07:24.042,19906,19908,19906,1,-1
2024-03-18 15:07:24.380,19906,19908,19906,10,-10
2024-03-18 15:07:36.187,19906,19907,19906,4,-4
2024-03-18 15:07:37.154,19906,19907,19907,1,1
2024-03-18 15:07:42.145,19906,19907,19906,2,-2
2024-03-18 15:07:42.260,19906,19907,19907,1,1
2024-03-18 15:07:42.359,19906,19908,19907,4,4
2024-03-18 15:07:45.950,19907,19908,19908,1,1
2024-03-18 15:07:45.999,19907,19908,19907,1,-1
2024-03-18 15:07:56.399,19907,19908,19908,1,1
2024-03-18 15:07:56.399,19907,19908,19908,1,1
2024-03-18 15:07:59.933,19908,19909,19909,1,1
2024-03-18 15:08:10.817,19908,19909,19909,2,2
2024-03-18 15:08:11.194,19908,19909,19908,1,-1
2024-03-18 15:08:11.379,19908,19909,19909,1,1
2024-03-18 15:08:11.379,19908,19909,19909,3,3
2024-03-18 15:08:18.578,19908,19909,19908,1,-1
2024-03-18 15:08:19.107,19907,19908,19907,1,-1
2024-03-18 15:08:21.108,19907,19908,19908,1,1
2024-03-18 15:08:35.352,19907,19908,19907,1,-1
2024-03-18 15:08:41.033,19907,19908,19908,1,1
2024-03-18 15:08:44.698,19907,19908,19907,1,-1
2024-03-18 15:08:49.230,19907,19908,19908,1,1
2024-03-18 15:08:53.064,19907,19908,19907,1,-1
2024-03-18 15:08:56.673,19907,19908,19907,1,-1
2024-03-18 15:09:02.281,19907,19908,19907,1,-1
2024-03-18 15:09:02.445,19907,19908,19907,3,-3
2024-03-18 15:09:02.445,19907,19908,19907,1,-1
2024-03-18 15:09:03.221,19907,19908,19908,10,10
2024-03-18 15:09:08.032,19907,19908,19908,2,2
2024-03-18 15:09:08.832,19908,19909,19908,1,-1
2024-03-18 15:09:09.995,19908,19909,19908,1,-1
2024-03-18 15:09:15.338,19908,19909,19908,2,-2
2024-03-18 15:09:18.414,19907,19908,19908,3,3
2024-03-18 15:09:23.524,19907,19908,19908,1,1
2024-03-18 15:09:27.466,19907,19908,19908,2,2
2024-03-18 15:09:27.466,19907,19908,19908,1,1
2024-03-18 15:09:27.466,19907,19908,19908,3,3
2024-03-18 15:09:27.467,19907,19908,19908,1,1
2024-03-18 15:09:40.226,19908,19909,19908,1,-1
2024-03-18 15:09:47.118,19908,19909,19908,1,-1
2024-03-18 15:09:59.365,19908,19909,19909,1,1
2024-03-18 15:09:59.436,19908,19909,19909,2,2
2024-03-18 15:10:00.139,19908,19910,19908,1,-1
2024-03-18 15:10:02.489,19908,19909,19909,1,1
2024-03-18 15:10:04.524,19909,19910,19909,1,-1
2024-03-18 15:10:08.174,19909,19910,19909,1,-1
2024-03-18 15:10:08.481,19908,19910,19910,1,1
2024-03-18 15:10:08.579,19908,19910,19910,2,2
2024-03-18 15:10:09.169,19908,19910,19910,1,1
2024-03-18 15:10:09.575,19908,19910,19909,1,1
2024-03-18 15:10:09.587,19908,19910,19908,2,-2
2024-03-18 15:10:13.237,19908,19910,19908,2,-2
2024-03-18 15:10:13.745,19908,19910,19909,1,-1
2024-03-18 15:10:15.219,19909,19910,19909,1,-1
2024-03-18 15:10:15.585,19908,19909,19908,5,-5
2024-03-18 15:10:16.326,19907,19908,19908,1,1
2024-03-18 15:10:21.041,19908,19910,19908,1,-1
2024-03-18 15:10:23.587,19908,19910,19908,2,-2
2024-03-18 15:10:30.301,19908,19910,19910,1,1
2024-03-18 15:10:31.314,19908,19910,19908,1,-1
2024-03-18 15:10:44.555,19908,19909,19909,2,2
2024-03-18 15:10:45.165,19908,19910,19909,1,1
2024-03-18 15:10:51.524,19909,19910,19909,1,-1
2024-03-18 15:10:55.646,19909,19910,19909,1,-1
2024-03-18 15:11:00.211,19909,19910,19909,1,-1
2024-03-18 15:11:00.854,19908,19910,19908,1,-1
2024-03-18 15:11:01.948,19909,19910,19909,1,-1
2024-03-18 15:11:10.445,19909,19910,19910,15,15
2024-03-18 15:11:10.446,19909,19910,19910,1,1
2024-03-18 15:11:15.332,19910,19911,19910,1,-1
2024-03-18 15:11:32.332,19910,19911,19911,1,1
2024-03-18 15:11:36.074,19910,19911,19911,1,1
2024-03-18 15:11:38.682,19910,19911,19911,1,1
2024-03-18 15:11:43.090,19910,19911,19911,1,1
2024-03-18 15:11:46.433,19911,19912,19911,2,-2
2024-03-18 15:11:58.323,19910,19912,19910,1,-1
2024-03-18 15:12:14.044,19911,19912,19911,5,-5
2024-03-18 15:12:14.044,19911,19912,19910,15,-15
2024-03-18 15:12:14.045,19911,19912,19910,1,-1
2024-03-18 15:12:14.046,19911,19912,19909,1,-1
2024-03-18 15:12:16.605,19909,19911,19909,20,-20
2024-03-18 15:12:18.557,19909,19910,19909,7,-7
2024-03-18 15:12:20.080,19908,19909,19908,1,-1
2024-03-18 15:12:20.217,19908,19909,19908,4,-4
2024-03-18 15:12:23.723,19907,19908,19907,5,-5
2024-03-18 15:12:26.069,19907,19908,19908,2,2
2024-03-18 15:12:27.010,19907,19909,19907,15,-15
2024-03-18 15:12:29.185,19907,19908,19907,9,-9
2024-03-18 15:12:29.186,19907,19908,19907,2,-2
2024-03-18 15:12:29.187,19907,19908,19905,1,-1
2024-03-18 15:12:29.187,19907,19908,19906,2,-2
2024-03-18 15:12:33.788,19905,19907,19905,4,-4
2024-03-18 15:12:34.170,19905,19907,19905,1,-1
2024-03-18 15:12:40.210,19905,19906,19905,2,-2
2024-03-18 15:12:40.341,19905,19906,19905,12,-12
2024-03-18 15:12:40.586,19904,19905,19905,3,3
2024-03-18 15:12:41.137,19904,19905,19905,1,1
2024-03-18 15:12:41.137,19904,19905,19905,4,4
2024-03-18 15:12:43.185,19904,19905,19904,5,-5
2024-03-18 15:12:43.473,19904,19905,19904,2,-2
2024-03-18 15:12:44.150,19904,19905,19904,13,-13
2024-03-18 15:12:47.400,19903,19904,19904,1,1
2024-03-18 15:12:47.480,19903,19904,19904,1,1
2024-03-18 15:12:48.102,19903,19904,19903,1,-1
2024-03-18 15:12:48.212,19903,19904,19904,2,2
2024-03-18 15:12:48.985,19903,19904,19903,1,-1
2024-03-18 15:12:49.785,19903,19904,19903,1,-1
2024-03-18 15:12:50.413,19903,19904,19903,1,-1
2024-03-18 15:12:51.236,19903,19904,19903,3,-3
2024-03-18 15:12:52.499,19903,19904,19903,2,-2
2024-03-18 15:12:55.478,19903,19904,19903,1,-1
2024-03-18 15:12:55.857,19903,19904,19903,2,-2
2024-03-18 15:13:00.259,19903,19904,19903,1,-1
2024-03-18 15:13:00.802,19903,19904,19904,5,5
2024-03-18 15:13:00.802,19903,19904,19905,22,22
2024-03-18 15:13:00.805,19903,19904,19906,1,1
2024-03-18 15:13:01.005,19905,19906,19905,2,-2
2024-03-18 15:13:18.229,19905,19906,19905,1,-1
2024-03-18 15:13:18.229,19905,19906,19905,3,-3
2024-03-18 15:13:18.344,19904,19905,19905,2,2
2024-03-18 15:13:20.232,19904,19905,19904,1,-1
2024-03-18 15:13:20.775,19904,19905,19905,1,1
2024-03-18 15:13:21.080,19904,19905,19905,1,1
2024-03-18 15:13:21.080,19904,19905,19906,1,1
2024-03-18 15:13:24.276,19904,19905,19904,2,-2
2024-03-18 15:13:25.568,19904,19905,19904,2,-2
2024-03-18 15:13:25.859,19904,19905,19905,1,1
2024-03-18 15:13:27.321,19905,19906,19906,1,1
2024-03-18 15:13:28.244,19905,19906,19906,1,1
2024-03-18 15:13:28.487,19905,19907,19905,1,-1
2024-03-18 15:13:29.658,19905,19907,19907,1,1
2024-03-18 15:13:30.493,19905,19907,19907,1,1
2024-03-18 15:13:31.193,19905,19906,19906,1,1
2024-03-18 15:13:34.990,19906,19907,19907,1,1
2024-03-18 15:13:36.986,19906,19907,19907,1,1
2024-03-18 15:13:43.590,19906,19907,19907,1,1
2024-03-18 15:13:44.417,19906,19907,19905,14,-14
2024-03-18 15:13:44.417,19906,19907,19906,3,-3
2024-03-18 15:13:44.418,19906,19907,19905,2,-2
2024-03-18 15:13:44.419,19906,19907,19905,1,-1
2024-03-18 15:13:47.121,19905,19906,19906,1,1
2024-03-18 15:13:47.706,19905,19906,19906,1,1
2024-03-18 15:13:48.186,19905,19906,19906,1,1
2024-03-18 15:13:48.896,19904,19906,19906,1,1
2024-03-18 15:13:49.343,19905,19906,19905,1,-1
2024-03-18 15:13:51.428,19904,19906,19904,13,-13
2024-03-18 15:13:51.429,19904,19906,19904,1,-1
2024-03-18 15:13:57.095,19904,19905,19905,1,1
2024-03-18 15:14:09.696,19905,19906,19905,1,-1
2024-03-18 15:14:10.407,19905,19906,19905,1,-1
2024-03-18 15:14:10.420,19905,19906,19905,1,-1
2024-03-18 15:14:20.231,19905,19906,19905,2,-2
2024-03-18 15:14:21.965,19905,19906,19905,1,-1
2024-03-18 15:14:31.523,19905,19906,19907,11,11
2024-03-18 15:14:31.523,19905,19906,19906,4,4
2024-03-18 15:14:36.336,19907,19908,19908,8,8
2024-03-18 15:14:43.420,19907,19908,19907,1,-1
2024-03-18 15:15:00.607,19907,19908,19908,1,1
2024-03-18 15:15:01.192,19908,19909,19909,1,1
2024-03-18 15:15:01.192,19908,19909,19909,2,2
2024-03-18 15:15:01.225,19908,19909,19910,1,1
2024-03-18 15:15:03.114,19908,19910,19908,14,-14
2024-03-18 15:15:04.522,19907,19908,19908,2,2
2024-03-18 15:15:04.522,19907,19908,19908,1,1
2024-03-18 15:15:05.783,19908,19910,19910,1,1
2024-03-18 15:15:12.914,19908,19909,19908,1,-1
2024-03-18 15:15:12.914,19908,19909,19907,1,-1
2024-03-18 15:15:20.181,19907,19908,19907,1,-1
2024-03-18 15:15:30.323,19907,19908,19908,1,1
2024-03-18 15:15:30.449,19908,19909,19908,1,-1
2024-03-18 15:15:50.323,19908,19909,19908,1,-1
2024-03-18 15:15:50.500,19907,19909,19907,1,-1
2024-03-18 15:16:00.486,19908,19909,19908,1,-1
2024-03-18 15:16:16.424,19907,19908,19908,1,1
2024-03-18 15:16:16.448,19907,19909,19907,1,-1
2024-03-18 15:16:18.631,19907,19908,19907,1,-1
2024-03-18 15:16:18.699,19907,19908,19907,1,-1
2024-03-18 15:16:20.195,19907,19908,19907,1,-1
2024-03-18 15:16:25.294,19907,19908,19907,1,-1
2024-03-18 15:16:25.535,19906,19907,19907,1,1
2024-03-18 15:16:25.596,19906,19907,19907,2,2
2024-03-18 15:16:30.889,19906,19907,19907,2,2
2024-03-18 15:16:33.207,19906,19907,19906,1,-1
2024-03-18 15:16:33.324,19906,19907,19906,1,-1
2024-03-18 15:16:33.324,19906,19907,19906,1,-1
2024-03-18 15:16:41.240,19906,19907,19906,3,-3
2024-03-18 15:16:41.480,19906,19907,19907,1,1
2024-03-18 15:16:41.531,19906,19907,19906,7,-7
2024-03-18 15:16:43.028,19906,19907,19906,1,-1
2024-03-18 15:16:44.484,19905,19906,19905,1,-1
2024-03-18 15:16:47.580,19905,19906,19905,1,-1
2024-03-18 15:16:51.149,19905,19906,19905,1,-1
2024-03-18 15:16:51.418,19905,19906,19905,1,-1
2024-03-18 15:16:53.410,19905,19906,19905,3,-3
2024-03-18 15:16:57.422,19904,19905,19905,1,1
2024-03-18 15:16:57.422,19904,19905,19905,1,1
2024-03-18 15:17:04.045,19905,19906,19906,17,17
2024-03-18 15:17:10.965,19905,19906,19905,2,-2
2024-03-18 15:17:11.863,19904,19905,19904,2,-2
2024-03-18 15:17:11.864,19904,19905,19904,2,-2
2024-03-18 15:17:11.864,19904,19905,19904,1,-1
2024-03-18 15:17:14.841,19903,19904,19904,1,1
2024-03-18 15:17:14.841,19903,19904,19904,1,1
2024-03-18 15:17:18.218,19903,19904,19903,4,-4
2024-03-18 15:17:18.219,19903,19904,19903,4,-4
2024-03-18 15:17:18.454,19902,19904,19902,6,-6
2024-03-18 15:17:18.455,19902,19904,19902,1,-1
2024-03-18 15:17:18.457,19902,19904,19902,1,-1
2024-03-18 15:17:18.519,19902,19904,19902,2,-2
2024-03-18 15:17:18.647,19902,19903,19902,1,-1
2024-03-18 15:17:18.672,19902,19903,19902,1,-1
2024-03-18 15:17:18.806,19902,19903,19902,1,-1
2024-03-18 15:17:23.378,19902,19903,19902,5,-5
2024-03-18 15:17:24.231,19902,19903,19902,1,-1
2024-03-18 15:17:25.959,19902,19903,19903,9,9
2024-03-18 15:17:26.088,19902,19904,19902,1,-1
2024-03-18 15:17:28.657,19902,19904,19902,1,-1
2024-03-18 15:17:31.890,19902,19903,19903,1,1
2024-03-18 15:17:34.320,19902,19903,19903,2,2
2024-03-18 15:17:34.321,19902,19903,19903,1,1
2024-03-18 15:17:39.408,19903,19904,19904,1,1
2024-03-18 15:17:41.443,19904,19905,19904,1,-1
2024-03-18 15:17:41.443,19904,19905,19903,4,-4
2024-03-18 15:17:42.738,19903,19905,19903,1,-1
2024-03-18 15:17:45.879,19903,19905,19903,4,-4
2024-03-18 15:17:55.361,19904,19905,19904,1,-1
2024-03-18 15:17:57.315,19903,19904,19904,1,1
2024-03-18 15:18:00.225,19903,19904,19903,1,-1
2024-03-18 15:18:00.748,19903,19904,19904,1,1
2024-03-18 15:18:00.944,19903,19905,19903,1,-1
2024-03-18 15:18:15.275,19904,19905,19905,2,2
2024-03-18 15:18:15.276,19904,19905,19905,1,1
2024-03-18 15:18:17.208,19905,19906,19906,1,1
2024-03-18 15:18:22.254,19905,19907,19905,5,-5
2024-03-18 15:18:22.586,19905,19906,19905,4,-4
2024-03-18 15:18:22.587,19905,19906,19905,1,-1
2024-03-18 15:18:25.913,19904,19906,19906,1,1
2024-03-18 15:18:30.505,19904,19905,19904,26,-26
2024-03-18 15:18:30.506,19904,19905,19903,1,-1
2024-03-18 15:18:34.000,19903,19905,19903,1,-1
2024-03-18 15:18:37.738,19903,19904,19904,1,1
2024-03-18 15:18:39.230,19903,19905,19905,1,1
2024-03-18 15:18:41.352,19903,19905,19903,12,-12
2024-03-18 15:18:42.585,19903,19905,19905,3,3
2024-03-18 15:18:50.913,19903,19904,19904,2,2
2024-03-18 15:19:00.549,19904,19905,19904,1,-1
2024-03-18 15:19:02.365,19904,19905,19905,1,1
2024-03-18 15:19:03.465,19904,19905,19905,7,7
2024-03-18 15:19:12.322,19904,19905,19904,1,-1
2024-03-18 15:19:12.340,19904,19905,19904,2,-2
2024-03-18 15:19:18.723,19904,19905,19904,1,-1
2024-03-18 15:19:24.922,19903,19904,19904,1,1
2024-03-18 15:19:43.072,19903,19904,19903,2,-2
2024-03-18 15:19:51.268,19903,19904,19904,1,1
2024-03-18 15:20:15.094,19903,19904,19904,1,1
2024-03-18 15:20:16.203,19903,19904,19904,1,1
2024-03-18 15:20:17.812,19903,19904,19904,1,1
2024-03-18 15:20:20.214,19903,19904,19903,3,-3
2024-03-18 15:20:20.266,19903,19904,19904,3,3
2024-03-18 15:20:30.601,19903,19904,19904,2,2
2024-03-18 15:20:31.802,19903,19904,19904,2,2
2024-03-18 15:20:32.304,19903,19904,19904,5,5
2024-03-18 15:20:38.444,19904,19905,19904,2,-2
2024-03-18 15:20:48.448,19904,19905,19904,1,-1
2024-03-18 15:20:50.333,19904,19905,19904,2,-2
2024-03-18 15:20:50.375,19904,19905,19905,2,2
2024-03-18 15:20:50.375,19904,19905,19905,7,7
2024-03-18 15:20:50.375,19904,19905,19905,2,2
2024-03-18 15:20:50.376,19904,19905,19906,1,1
2024-03-18 15:20:50.377,19904,19905,19906,1,1
2024-03-18 15:21:07.226,19906,19907,19906,1,-1
2024-03-18 15:21:07.932,19906,19907,19906,1,-1
2024-03-18 15:21:10.802,19906,19907,19906,1,-1
2024-03-18 15:21:18.803,19906,19907,19907,2,2
2024-03-18 15:21:18.838,19906,19907,19907,1,1
2024-03-18 15:21:20.914,19906,19907,19907,1,1
2024-03-18 15:21:22.182,19906,19907,19907,1,1
2024-03-18 15:21:25.773,19906,19907,19906,1,-1
2024-03-18 15:21:26.607,19906,19907,19906,2,-2
2024-03-18 15:21:26.842,19906,19907,19907,2,2
2024-03-18 15:21:26.842,19906,19907,19907,2,2
2024-03-18 15:21:30.821,19907,19908,19908,6,6
2024-03-18 15:21:37.478,19908,19909,19909,1,1
2024-03-18 15:21:42.097,19908,19909,19909,1,1
2024-03-18 15:21:42.403,19908,19909,19909,1,1
2024-03-18 15:21:43.225,19908,19909,19909,1,1
2024-03-18 15:21:45.100,19908,19909,19909,1,1
2024-03-18 15:21:50.442,19908,19909,19909,1,1
2024-03-18 15:21:50.443,19908,19909,19909,1,1
2024-03-18 15:21:50.989,19908,19910,19910,1,1
2024-03-18 15:21:57.820,19909,19910,19910,1,1
2024-03-18 15:22:00.268,19909,19910,19910,2,2
2024-03-18 15:22:00.268,19909,19910,19910,1,1
2024-03-18 15:22:00.268,19909,19910,19910,13,13
2024-03-18 15:22:00.325,19910,19911,19910,1,-1
2024-03-18 15:22:01.473,19910,19911,19910,1,-1
2024-03-18 15:22:03.606,19910,19911,19910,1,-1
2024-03-18 15:22:05.745,19910,19911,19910,9,-9
2024-03-18 15:22:05.745,19910,19911,19909,17,-17
2024-03-18 15:22:05.775,19910,19911,19910,4,-4
2024-03-18 15:22:06.852,19909,19910,19909,2,-2
2024-03-18 15:22:06.852,19909,19910,19908,17,-17
2024-03-18 15:22:06.853,19909,19910,19908,2,-2
2024-03-18 15:22:06.854,19909,19910,19908,5,-5
2024-03-18 15:22:06.854,19909,19910,19908,1,-1
2024-03-18 15:22:08.092,19909,19910,19910,1,1
2024-03-18 15:22:08.108,19909,19910,19910,1,1
2024-03-18 15:22:10.762,19909,19911,19909,9,-9
2024-03-18 15:22:13.402,19909,19910,19909,1,-1
2024-03-18 15:22:13.657,19909,19910,19909,1,-1
2024-03-18 15:22:15.524,19909,19911,19911,1,1
2024-03-18 15:22:15.689,19909,19911,19911,1,1
2024-03-18 15:22:16.373,19910,19911,19910,2,-2
2024-03-18 15:22:16.373,19910,19911,19909,17,-17
2024-03-18 15:22:16.374,19910,19911,19909,2,-2
2024-03-18 15:22:16.374,19910,19911,19909,2,-2
2024-03-18 15:22:19.605,19909,19910,19909,5,-5
2024-03-18 15:22:19.605,19909,19910,19908,1,-1
2024-03-18 15:22:22.508,19909,19910,19909,1,-1
2024-03-18 15:22:25.884,19909,19910,19909,1,-1
2024-03-18 15:22:25.884,19909,19910,19908,15,-15
2024-03-18 15:22:25.884,19909,19910,19908,1,-1
2024-03-18 15:22:25.885,19909,19910,19908,1,-1
2024-03-18 15:22:25.885,19909,19910,19908,17,-17
2024-03-18 15:22:27.782,19909,19910,19910,1,1
2024-03-18 15:22:28.791,19910,19911,19910,1,-1
2024-03-18 15:22:29.059,19910,19911,19911,2,2
2024-03-18 15:22:36.788,19910,19911,19911,1,1
2024-03-18 15:22:36.871,19910,19911,19911,1,1
2024-03-18 15:22:36.885,19910,19911,19910,1,-1
2024-03-18 15:22:57.267,19910,19911,19910,3,-3
2024-03-18 15:22:59.203,19910,19911,19911,1,1
2024-03-18 15:23:02.304,19910,19911,19910,1,-1
2024-03-18 15:23:02.322,19909,19911,19909,1,-1
2024-03-18 15:23:11.616,19909,19910,19910,1,1
2024-03-18 15:23:17.268,19909,19910,19909,1,-1
2024-03-18 15:23:17.268,19909,19910,19909,1,-1
2024-03-18 15:23:17.644,19908,19909,19908,1,-1
2024-03-18 15:23:28.585,19908,19909,19908,1,-1
2024-03-18 15:23:31.866,19908,19909,19909,1,1
2024-03-18 15:23:32.475,19908,19909,19909,1,1
2024-03-18 15:23:33.105,19908,19909,19908,2,-2
2024-03-18 15:23:33.740,19907,19909,19909,1,1
2024-03-18 15:23:53.501,19908,19909,19909,1,1
2024-03-18 15:24:02.224,19908,19909,19909,1,1
2024-03-18 15:24:02.377,19908,19909,19909,1,1
2024-03-18 15:24:02.877,19909,19910,19910,1,1
2024-03-18 15:24:02.877,19909,19910,19910,4,4
2024-03-18 15:24:03.349,19909,19911,19911,1,1
2024-03-18 15:24:04.767,19909,19911,19909,3,-3
2024-03-18 15:24:24.103,19909,19910,19910,1,1
2024-03-18 15:24:27.328,19909,19910,19909,1,-1
2024-03-18 15:24:27.329,19909,19910,19909,1,-1
2024-03-18 15:24:30.403,19908,19909,19908,2,-2
2024-03-18 15:24:30.404,19908,19909,19908,12,-12
2024-03-18 15:24:32.015,19907,19908,19907,1,-1
2024-03-18 15:24:32.524,19907,19908,19908,1,1
2024-03-18 15:24:35.900,19907,19908,19908,1,1
2024-03-18 15:24:37.048,19907,19908,19907,1,-1
2024-03-18 15:25:00.578,19907,19908,19907,1,-1
2024-03-18 15:25:00.951,19907,19908,19907,1,-1
2024-03-18 15:25:20.448,19907,19908,19907,1,-1
2024-03-18 15:25:23.317,19907,19908,19908,1,1
2024-03-18 15:25:41.013,19907,19908,19908,1,1
2024-03-18 15:25:41.182,19907,19908,19908,1,1
2024-03-18 15:25:45.327,19907,19908,19908,1,1
2024-03-18 15:25:58.413,19907,19908,19908,1,1
2024-03-18 15:26:02.385,19907,19908,19908,1,1
2024-03-18 15:26:10.815,19908,19909,19908,1,-1
2024-03-18 15:26:14.661,19908,19909,19908,1,-1
2024-03-18 15:26:14.662,19908,19909,19908,2,-2
2024-03-18 15:26:14.720,19907,19908,19908,1,1
2024-03-18 15:26:16.667,19907,19908,19908,1,1
2024-03-18 15:26:16.902,19907,19908,19908,1,1
2024-03-18 15:26:17.094,19907,19908,19908,1,1
2024-03-18 15:26:17.293,19907,19908,19908,1,1
2024-03-18 15:26:32.433,19907,19908,19907,1,-1
2024-03-18 15:26:44.940,19907,19908,19908,1,1
2024-03-18 15:26:46.856,19907,19908,19908,1,1
2024-03-18 15:26:48.439,19907,19908,19907,1,-1
2024-03-18 15:27:04.767,19907,19908,19908,1,1
2024-03-18 15:27:13.435,19907,19908,19908,1,1
2024-03-18 15:27:44.045,19907,19908,19907,1,-1
2024-03-18 15:27:47.757,19907,19908,19907,1,-1
2024-03-18 15:27:47.798,19907,19908,19908,2,2
2024-03-18 15:27:50.615,19907,19908,19907,1,-1
2024-03-18 15:27:53.415,19907,19908,19907,1,-1
2024-03-18 15:27:53.415,19907,19908,19907,4,-4
2024-03-18 15:27:53.415,19907,19908,19907,2,-2
2024-03-18 15:27:55.424,19906,19907,19907,2,2
2024-03-18 15:28:09.176,19906,19907,19907,1,1
2024-03-18 15:28:09.372,19906,19907,19906,1,-1
2024-03-18 15:28:09.372,19906,19907,19906,6,-6
2024-03-18 15:28:09.372,19906,19907,19906,3,-3
2024-03-18 15:28:09.372,19906,19907,19906,3,-3
2024-03-18 15:28:09.372,19906,19907,19906,1,-1
2024-03-18 15:28:09.372,19906,19907,19906,1,-1
2024-03-18 15:28:09.372,19906,19907,19906,10,-10
2024-03-18 15:28:18.845,19905,19906,19906,2,2
2024-03-18 15:28:19.614,19905,19906,19905,1,-1
2024-03-18 15:28:27.698,19905,19906,19905,1,-1
2024-03-18 15:28:30.906,19905,19906,19905,1,-1
2024-03-18 15:28:34.533,19905,19906,19905,1,-1
2024-03-18 15:28:41.078,19905,19906,19905,1,-1
2024-03-18 15:28:41.971,19905,19906,19905,1,-1
2024-03-18 15:28:43.182,19905,19906,19905,1,-1
2024-03-18 15:28:43.216,19904,19905,19904,8,-8
2024-03-18 15:28:43.343,19903,19905,19903,4,-4
2024-03-18 15:28:48.316,19903,19905,19904,1,-1
2024-03-18 15:28:49.943,19903,19904,19903,8,-8
2024-03-18 15:28:51.360,19903,19904,19903,8,-8
2024-03-18 15:28:52.986,19903,19904,19904,1,1
2024-03-18 15:28:53.528,19903,19904,19904,1,1
2024-03-18 15:28:56.363,19903,19904,19904,1,1
2024-03-18 15:29:00.046,19903,19904,19904,1,1
2024-03-18 15:29:00.104,19903,19904,19903,1,-1
2024-03-18 15:29:00.225,19903,19904,19903,7,-7
2024-03-18 15:29:00.487,19903,19904,19903,1,-1
2024-03-18 15:29:04.502,19903,19904,19903,1,-1
2024-03-18 15:29:08.522,19903,19904,19903,1,-1
2024-03-18 15:29:17.173,19903,19904,19903,9,-9
2024-03-18 15:29:18.367,19902,19903,19902,1,-1
2024-03-18 15:29:18.588,19902,19903,19902,1,-1
2024-03-18 15:29:18.726,19902,19903,19902,1,-1
2024-03-18 15:29:22.736,19902,19903,19902,1,-1
2024-03-18 15:29:25.383,19902,19903,19902,1,-1
2024-03-18 15:29:26.887,19902,19903,19902,2,-2
2024-03-18 15:29:27.982,19902,19903,19903,1,1
2024-03-18 15:29:28.384,19902,19903,19902,5,-5
2024-03-18 15:29:28.409,19902,19903,19901,1,-1
2024-03-18 15:29:28.467,19901,19902,19901,1,-1
2024-03-18 15:29:28.504,19901,19902,19901,1,-1
2024-03-18 15:29:28.674,19901,19902,19901,15,-15
2024-03-18 15:29:28.829,19900,19901,19900,1,-1
2024-03-18 15:29:28.964,19900,19901,19900,1,-1
2024-03-18 15:29:28.966,19900,19901,19900,4,-4
2024-03-18 15:29:28.999,19900,19901,19900,1,-1
2024-03-18 15:29:29.525,19900,19901,19901,1,1
2024-03-18 15:29:30.359,19900,19901,19900,4,-4
2024-03-18 15:29:32.769,19900,19902,19900,1,-1
2024-03-18 15:29:33.530,19901,19902,19901,1,-1
2024-03-18 15:29:37.500,19900,19901,19901,1,1
2024-03-18 15:29:38.404,19901,19902,19901,1,-1
2024-03-18 15:29:42.571,19901,19902,19901,1,-1
2024-03-18 15:29:42.571,19901,19902,19900,1,-1
2024-03-18 15:29:45.612,19900,19901,19901,1,1
2024-03-18 15:29:50.242,19901,19902,19901,1,-1
2024-03-18 15:29:52.571,19901,19902,19901,1,-1
2024-03-18 15:30:06.971,19901,19902,19901,3,-3
2024-03-18 15:30:07.576,19901,19902,19902,1,1
2024-03-18 15:30:12.669,19902,19903,19902,4,-4
2024-03-18 15:30:19.789,19902,19903,19903,3,3
2024-03-18 15:30:19.789,19902,19903,19904,1,1
2024-03-18 15:30:19.823,19903,19904,19904,1,1
2024-03-18 15:30:20.870,19903,19904,19903,1,-1
2024-03-18 15:30:22.441,19902,19904,19902,3,-3
2024-03-18 15:30:31.320,19903,19904,19903,2,-2
2024-03-18 15:30:31.320,19903,19904,19902,1,-1
2024-03-18 15:30:37.474,19902,19903,19903,1,1
2024-03-18 15:30:37.574,19902,19903,19903,1,1
2024-03-18 15:30:40.219,19902,19903,19902,2,-2
2024-03-18 15:30:41.484,19902,19903,19903,1,1
2024-03-18 15:30:44.262,19902,19903,19903,1,1
2024-03-18 15:30:45.539,19902,19904,19904,3,3
2024-03-18 15:30:47.057,19902,19904,19904,3,3
2024-03-18 15:30:49.004,19903,19904,19904,3,3
2024-03-18 15:30:57.059,19904,19905,19905,5,5
2024-03-18 15:30:57.059,19904,19905,19905,1,1
2024-03-18 15:30:57.059,19904,19905,19905,4,4
2024-03-18 15:31:04.736,19905,19906,19906,8,8
2024-03-18 15:31:13.412,19905,19906,19905,1,-1
2024-03-18 15:31:16.638,19905,19906,19905,1,-1
2024-03-18 15:31:29.171,19905,19906,19906,2,2
2024-03-18 15:31:36.730,19906,19907,19906,1,-1
2024-03-18 15:31:36.731,19906,19907,19906,1,-1
2024-03-18 15:31:37.258,19906,19907,19906,1,-1
2024-03-18 15:31:38.775,19906,19907,19907,1,1
2024-03-18 15:31:40.571,19906,19907,19907,2,2
2024-03-18 15:31:40.623,19906,19907,19907,1,1
2024-03-18 15:31:41.203,19907,19908,19908,6,6
2024-03-18 15:31:41.205,19907,19908,19909,14,14
2024-03-18 15:31:43.766,19909,19910,19910,5,5
2024-03-18 15:31:43.767,19909,19910,19910,1,1
2024-03-18 15:31:43.767,19909,19910,19910,2,2
2024-03-18 15:31:46.265,19910,19911,19911,1,1
2024-03-18 15:31:46.514,19910,19911,19911,1,1
2024-03-18 15:31:53.763,19910,19911,19911,1,1
2024-03-18 15:31:54.679,19910,19911,19910,1,-1
2024-03-18 15:31:55.022,19910,19911,19911,1,1
2024-03-18 15:32:00.537,19910,19911,19910,1,-1
2024-03-18 15:32:01.013,19910,19911,19910,1,-1
2024-03-18 15:32:01.901,19910,19911,19911,1,1
2024-03-18 15:32:05.123,19910,19911,19911,7,7
2024-03-18 15:32:08.496,19911,19912,19912,2,2
2024-03-18 15:32:08.586,19911,19912,19912,2,2
2024-03-18 15:32:10.326,19911,19912,19912,1,1
2024-03-18 15:32:10.354,19911,19912,19912,1,1
2024-03-18 15:32:11.478,19911,19912,19911,1,-1
2024-03-18 15:32:15.147,19911,19912,19912,1,1
2024-03-18 15:32:20.559,19911,19912,19912,1,1
2024-03-18 15:32:22.988,19911,19912,19911,2,-2
2024-03-18 15:32:22.989,19911,19912,19911,1,-1
2024-03-18 15:32:22.989,19911,19912,19911,4,-4
2024-03-18 15:32:22.989,19911,19912,19911,1,-1
2024-03-18 15:32:22.989,19911,19912,19911,1,-1
2024-03-18 15:32:22.989,19911,19912,19911,1,-1
2024-03-18 15:32:22.989,19911,19912,19911,1,-1
2024-03-18 15:32:25.369,19910,19911,19911,1,1
2024-03-18 15:32:31.679,19910,19911,19910,8,-8
2024-03-18 15:32:32.846,19910,19911,19911,8,8
2024-03-18 15:32:36.294,19910,19911,19911,1,1
2024-03-18 15:32:36.294,19910,19911,19911,1,1
2024-03-18 15:32:36.424,19910,19912,19912,1,1
2024-03-18 15:32:36.981,19910,19912,19912,1,1
2024-03-18 15:32:52.953,19911,19912,19912,3,3
2024-03-18 15:32:54.597,19912,19913,19912,1,-1
2024-03-18 15:32:58.760,19912,19913,19913,1,1
2024-03-18 15:32:58.840,19912,19913,19913,2,2
2024-03-18 15:32:58.840,19912,19913,19913,1,1
2024-03-18 15:32:59.008,19912,19913,19913,1,1
2024-03-18 15:32:59.008,19912,19913,19913,5,5
2024-03-18 15:33:00.116,19912,19914,19912,1,-1
2024-03-18 15:33:00.351,19912,19914,19912,1,-1
2024-03-18 15:33:06.399,19912,19914,19914,1,1
2024-03-18 15:33:06.403,19912,19914,19914,1,1
2024-03-18 15:33:06.403,19912,19914,19914,4,4
2024-03-18 15:33:06.404,19912,19914,19914,1,1
2024-03-18 15:33:06.404,19912,19914,19914,1,1
2024-03-18 15:33:06.404,19912,19914,19914,11,11
2024-03-18 15:33:06.412,19912,19914,19915,8,8
2024-03-18 15:33:06.412,19912,19914,19915,27,27
2024-03-18 15:33:06.457,19915,19916,19916,1,1
2024-03-18 15:33:06.473,19915,19916,19915,3,-3
2024-03-18 15:33:06.529,19915,19916,19916,1,1
2024-03-18 15:33:06.540,19915,19916,19916,1,1
2024-03-18 15:33:06.552,19915,19916,19916,1,1
2024-03-18 15:33:06.555,19915,19916,19916,1,1
2024-03-18 15:33:06.583,19915,19916,19916,2,2
2024-03-18 15:33:06.583,19915,19916,19916,1,1
2024-03-18 15:33:06.583,19915,19916,19916,1,1
2024-03-18 15:33:06.583,19915,19916,19916,4,4
2024-03-18 15:33:06.583,19915,19916,19916,7,7
2024-03-18 15:33:06.583,19915,19916,19916,4,4
2024-03-18 15:33:06.588,19915,19916,19917,1,1
2024-03-18 15:33:06.592,19915,19916,19917,1,1
2024-03-18 15:33:06.608,19915,19916,19917,1,1
2024-03-18 15:33:06.649,19915,19916,19917,1,1
2024-03-18 15:33:06.742,19916,19917,19917,1,1
2024-03-18 15:33:06.834,19916,19917,19917,1,1
2024-03-18 15:33:06.922,19916,19917,19917,1,1
2024-03-18 15:33:07.016,19916,19917,19917,1,1
2024-03-18 15:33:07.109,19916,19917,19917,1,1
2024-03-18 15:33:07.618,19916,19917,19916,1,-1
2024-03-18 15:33:07.620,19916,19917,19916,1,-1
2024-03-18 15:33:09.001,19916,19917,19917,1,1
2024-03-18 15:33:09.369,19916,19917,19916,3,-3
2024-03-18 15:33:09.369,19916,19917,19915,19,-19
2024-03-18 15:33:09.369,19916,19917,19914,8,-8
2024-03-18 15:33:10.150,19914,19915,19915,1,1
2024-03-18 15:33:10.191,19914,19915,19915,1,1
2024-03-18 15:33:11.009,19914,19915,19915,1,1
2024-03-18 15:33:15.021,19916,19917,19917,1,1
2024-03-18 15:33:15.021,19916,19917,19917,1,1
2024-03-18 15:33:18.334,19917,19918,19917,2,-2
2024-03-18 15:33:19.270,19917,19918,19918,1,1
2024-03-18 15:33:20.297,19917,19918,19918,2,2
2024-03-18 15:33:20.817,19917,19918,19918,1,1
2024-03-18 15:33:20.817,19917,19918,19918,1,1
2024-03-18 15:33:20.817,19917,19918,19918,1,1
2024-03-18 15:33:20.818,19917,19918,19918,1,1
2024-03-18 15:33:23.443,19917,19918,19918,1,1
2024-03-18 15:33:25.662,19917,19918,19918,1,1
2024-03-18 15:33:26.163,19917,19918,19918,1,1
2024-03-18 15:33:27.453,19917,19918,19918,1,1
2024-03-18 15:33:27.454,19917,19918,19918,1,1
2024-03-18 15:33:27.454,19917,19918,19918,1,1
2024-03-18 15:33:27.454,19917,19918,19918,1,1
2024-03-18 15:33:28.505,19918,19919,19919,1,1
2024-03-18 15:33:28.677,19918,19919,19918,1,-1
2024-03-18 15:33:28.735,19918,19919,19918,6,-6
2024-03-18 15:33:32.096,19918,19919,19918,1,-1
2024-03-18 15:33:32.316,19917,19919,19918,1,-1
2024-03-18 15:33:32.331,19918,19919,19918,1,-1
2024-03-18 15:33:34.381,19917,19918,19918,3,3
2024-03-18 15:33:35.674,19917,19918,19918,1,1
2024-03-18 15:33:36.357,19917,19918,19918,1,1
2024-03-18 15:33:36.410,19917,19918,19918,2,2
2024-03-18 15:33:37.277,19917,19918,19917,1,-1
2024-03-18 15:33:37.277,19917,19918,19917,4,-4
2024-03-18 15:33:37.278,19917,19918,19917,2,-2
2024-03-18 15:33:37.278,19917,19918,19917,1,-1
2024-03-18 15:33:37.278,19917,19918,19917,2,-2
2024-03-18 15:33:38.860,19916,19917,19917,1,1
2024-03-18 15:33:39.542,19916,19917,19916,1,-1
2024-03-18 15:33:40.352,19916,19917,19916,1,-1
2024-03-18 15:33:41.685,19916,19917,19916,1,-1
2024-03-18 15:33:45.468,19915,19916,19915,1,-1
2024-03-18 15:33:46.108,19914,19916,19916,1,1
2024-03-18 15:33:51.239,19914,19915,19915,2,2
2024-03-18 15:33:52.956,19914,19915,19914,1,-1
2024-03-18 15:33:53.892,19913,19914,19914,2,2
2024-03-18 15:34:00.992,19915,19916,19915,1,-1
2024-03-18 15:34:00.992,19915,19916,19914,13,-13
2024-03-18 15:34:00.993,19915,19916,19914,1,-1
2024-03-18 15:34:01.312,19913,19915,19915,2,2
2024-03-18 15:34:06.386,19914,19915,19915,1,1
2024-03-18 15:34:15.145,19915,19916,19916,12,12
2024-03-18 15:34:16.357,19915,19916,19916,1,1
2024-03-18 15:34:16.981,19915,19916,19916,1,1
2024-03-18 15:34:18.563,19915,19917,19917,1,1
2024-03-18 15:34:28.230,19916,19917,19916,2,-2
2024-03-18 15:34:29.414,19915,19916,19915,4,-4
2024-03-18 15:34:30.069,19914,19916,19914,2,-2
2024-03-18 15:34:33.455,19914,19915,19914,1,-1
2024-03-18 15:34:33.455,19914,19915,19914,1,-1
2024-03-18 15:34:33.938,19913,19914,19914,1,1
2024-03-18 15:34:37.014,19913,19914,19914,6,6
2024-03-18 15:34:46.003,19913,19914,19913,1,-1
2024-03-18 15:34:47.807,19913,19914,19913,1,-1
2024-03-18 15:34:54.293,19912,19914,19913,1,-1
2024-03-18 15:35:00.188,19912,19913,19913,1,1
2024-03-18 15:35:00.203,19913,19914,19914,1,1
2024-03-18 15:35:00.203,19913,19914,19914,2,2
2024-03-18 15:35:03.857,19913,19915,19913,5,-5
2024-03-18 15:35:04.920,19913,19915,19915,1,1
2024-03-18 15:35:05.764,19913,19915,19913,4,-4
2024-03-18 15:35:07.974,19913,19915,19913,2,-2
2024-03-18 15:35:09.293,19914,19915,19915,1,1
2024-03-18 15:35:09.419,19914,19915,19914,1,-1
2024-03-18 15:35:25.666,19914,19915,19915,1,1
2024-03-18 15:35:25.666,19914,19915,19916,1,1
2024-03-18 15:35:27.517,19915,19916,19916,1,1
2024-03-18 15:35:27.517,19915,19916,19917,4,4
2024-03-18 15:35:27.574,19916,19917,19917,1,1
2024-03-18 15:35:27.574,19916,19917,19917,1,1
2024-03-18 15:35:27.814,19916,19917,19916,1,-1
2024-03-18 15:35:35.874,19915,19916,19915,2,-2
2024-03-18 15:35:53.324,19915,19916,19916,1,1
2024-03-18 15:35:53.654,19915,19916,19916,1,1
2024-03-18 15:35:59.421,19915,19916,19916,3,3
2024-03-18 15:36:00.567,19915,19916,19915,1,-1
2024-03-18 15:36:00.823,19915,19916,19916,1,1
2024-03-18 15:36:01.048,19915,19917,19915,1,-1
2024-03-18 15:36:01.931,19915,19917,19915,1,-1
2024-03-18 15:36:04.547,19915,19916,19916,1,1
2024-03-18 15:36:05.750,19916,19917,19917,5,5
2024-03-18 15:36:10.082,19916,19917,19917,3,3
2024-03-18 15:36:11.107,19916,19917,19917,1,1
2024-03-18 15:36:16.136,19916,19917,19916,1,-1
2024-03-18 15:36:19.033,19915,19916,19916,1,1
2024-03-18 15:36:19.033,19915,19916,19917,4,4
2024-03-18 15:36:20.107,19915,19917,19917,3,3
2024-03-18 15:36:21.267,19915,19917,19917,3,3
2024-03-18 15:36:26.292,19915,19917,19917,3,3
2024-03-18 15:36:40.385,19916,19917,19917,1,1
2024-03-18 15:36:40.385,19916,19917,19917,1,1
2024-03-18 15:36:44.390,19917,19918,19918,1,1
2024-03-18 15:36:44.390,19917,19918,19918,10,10
2024-03-18 15:36:44.396,19917,19918,19919,7,7
2024-03-18 15:36:44.561,19918,19919,19919,1,1
2024-03-18 15:36:49.436,19918,19919,19919,1,1
2024-03-18 15:36:49.437,19918,19919,19919,1,1
2024-03-18 15:36:49.437,19918,19919,19919,4,4
2024-03-18 15:36:49.437,19918,19919,19919,1,1
2024-03-18 15:36:49.437,19918,19919,19919,1,1
2024-03-18 15:36:53.323,19919,19920,19919,1,-1
2024-03-18 15:36:56.029,19919,19920,19919,1,-1
2024-03-18 15:37:00.028,19917,19919,19919,1,1
2024-03-18 15:37:03.317,19917,19919,19919,1,1
2024-03-18 15:37:04.724,19917,19919,19917,1,-1
2024-03-18 15:37:16.188,19917,19918,19917,3,-3
2024-03-18 15:37:16.846,19917,19918,19917,1,-1
2024-03-18 15:37:16.846,19917,19918,19916,2,-2
2024-03-18 15:37:28.159,19916,19918,19916,2,-2
2024-03-18 15:37:30.143,19916,19918,19918,1,1
2024-03-18 15:37:30.846,19916,19918,19918,1,1
2024-03-18 15:37:35.320,19917,19918,19917,1,-1
2024-03-18 15:37:35.320,19917,19918,19917,1,-1
2024-03-18 15:37:43.618,19917,19918,19917,1,-1
2024-03-18 15:37:48.137,19917,19918,19918,1,1
2024-03-18 15:37:53.747,19917,19918,19918,1,1
2024-03-18 15:37:58.865,19917,19918,19918,1,1
2024-03-18 15:38:27.942,19917,19918,19918,1,1
2024-03-18 15:38:28.318,19917,19918,19918,1,1
2024-03-18 15:38:28.763,19917,19918,19918,1,1
2024-03-18 15:38:32.214,19917,19918,19917,1,-1
2024-03-18 15:38:33.274,19917,19918,19918,1,1
2024-03-18 15:38:38.065,19917,19918,19918,5,5
2024-03-18 15:38:42.063,19917,19918,19918,3,3
2024-03-18 15:38:45.168,19918,19919,19918,1,-1
2024-03-18 15:38:46.985,19918,19919,19918,1,-1
2024-03-18 15:38:50.903,19918,19919,19918,1,-1
2024-03-18 15:38:53.854,19918,19919,19919,5,5
2024-03-18 15:38:53.962,19919,19920,19920,1,1
2024-03-18 15:38:54.079,19919,19920,19920,1,1
2024-03-18 15:38:54.144,19919,19920,19920,1,1
2024-03-18 15:38:54.154,19919,19920,19920,1,1
2024-03-18 15:38:54.224,19919,19920,19920,2,2
2024-03-18 15:38:54.225,19919,19920,19920,2,2
2024-03-18 15:39:01.785,19920,19921,19920,6,-6
2024-03-18 15:39:02.083,19920,19921,19920,1,-1
2024-03-18 15:39:02.793,19920,19921,19921,1,1
2024-03-18 15:39:02.875,19920,19921,19921,1,1
2024-03-18 15:39:02.876,19920,19921,19921,1,1
2024-03-18 15:39:02.903,19920,19921,19921,1,1
2024-03-18 15:39:05.014,19920,19921,19921,1,1
2024-03-18 15:39:14.141,19920,19921,19921,1,1
2024-03-18 15:39:16.075,19921,19922,19921,1,-1
2024-03-18 15:39:17.567,19920,19921,19921,1,1
2024-03-18 15:39:20.751,19920,19921,19920,1,-1
2024-03-18 15:39:21.984,19920,19921,19920,1,-1
2024-03-18 15:39:32.224,19920,19921,19920,1,-1
2024-03-18 15:39:32.313,19920,19921,19921,8,8
2024-03-18 15:39:32.463,19920,19921,19920,1,-1
2024-03-18 15:39:43.574,19920,19921,19921,1,1
2024-03-18 15:39:45.749,19920,19921,19920,1,-1
2024-03-18 15:40:01.437,19920,19921,19920,1,-1
2024-03-18 15:40:01.634,19919,19921,19919,1,-1
2024-03-18 15:40:02.307,19919,19921,19919,1,-1
2024-03-18 15:40:08.169,19919,19920,19920,1,1
2024-03-18 15:40:14.880,19919,19920,19920,1,1
2024-03-18 15:40:15.563,19920,19921,19920,1,-1
2024-03-18 15:40:17.654,19919,19921,19919,1,-1
2024-03-18 15:40:18.126,19919,19921,19921,1,1
2024-03-18 15:40:21.290,19920,19921,19921,1,1
2024-03-18 15:40:24.145,19920,19921,19920,1,-1
2024-03-18 15:40:24.583,19919,19920,19919,1,-1
2024-03-18 15:40:24.583,19919,19920,19919,1,-1
2024-03-18 15:40:24.583,19919,19920,19919,4,-4
2024-03-18 15:40:24.583,19919,19920,19919,3,-3
2024-03-18 15:40:24.602,19919,19920,19918,2,-2
2024-03-18 15:40:25.243,19918,19919,19919,2,2
2024-03-18 15:40:27.918,19919,19920,19920,1,1
2024-03-18 15:40:34.489,19919,19920,19919,2,-2
2024-03-18 15:40:38.000,19918,19920,19920,2,2
2024-03-18 15:40:42.583,19918,19920,19920,1,1
2024-03-18 15:40:50.428,19918,19920,19918,2,-2
2024-03-18 15:40:53.034,19918,19920,19920,1,1
2024-03-18 15:40:57.316,19919,19920,19920,2,2
2024-03-18 15:40:57.317,19919,19920,19920,1,1
2024-03-18 15:41:07.130,19920,19921,19921,1,1
2024-03-18 15:41:08.786,19920,19921,19921,1,1
2024-03-18 15:41:08.949,19920,19921,19921,1,1
2024-03-18 15:41:09.992,19920,19921,19921,2,2
2024-03-18 15:41:10.878,19920,19921,19921,1,1
2024-03-18 15:41:21.763,19920,19922,19921,1,1
2024-03-18 15:41:30.053,19921,19922,19921,1,-1
2024-03-18 15:41:30.243,19921,19922,19922,1,1
2024-03-18 15:41:30.374,19921,19922,19922,1,1
2024-03-18 15:41:30.453,19921,19922,19922,1,1
2024-03-18 15:41:31.759,19921,19922,19922,1,1
2024-03-18 15:41:35.400,19921,19922,19921,1,-1
2024-03-18 15:41:39.105,19920,19921,19920,1,-1
2024-03-18 15:41:39.106,19920,19921,19920,1,-1
2024-03-18 15:41:39.106,19920,19921,19920,1,-1
2024-03-18 15:41:48.116,19919,19920,19920,1,1
2024-03-18 15:41:49.164,19920,19921,19920,1,-1
2024-03-18 15:42:00.119,19920,19921,19920,1,-1
2024-03-18 15:42:00.301,19919,19920,19920,1,1
2024-03-18 15:42:06.387,19919,19920,19919,1,-1
2024-03-18 15:42:12.611,19919,19920,19920,2,2
2024-03-18 15:42:20.024,19919,19920,19919,2,-2
2024-03-18 15:42:20.564,19919,19920,19920,1,1
2024-03-18 15:42:36.845,19919,19920,19920,1,1
2024-03-18 15:42:37.941,19919,19920,19920,2,2
2024-03-18 15:42:38.146,19919,19920,19920,1,1
2024-03-18 15:42:41.996,19919,19920,19919,1,-1
2024-03-18 15:42:50.579,19919,19920,19919,1,-1
2024-03-18 15:42:57.180,19919,19920,19920,5,5
2024-03-18 15:42:58.100,19919,19920,19919,3,-3
2024-03-18 15:42:58.975,19919,19920,19920,1,1
2024-03-18 15:42:58.998,19919,19920,19920,1,1
2024-03-18 15:42:59.023,19919,19920,19920,1,1
2024-03-18 15:43:01.538,19920,19921,19920,2,-2
2024-03-18 15:43:02.130,19920,19921,19920,1,-1
2024-03-18 15:43:08.107,19920,19921,19920,2,-2
2024-03-18 15:43:19.547,19920,19921,19921,1,1
2024-03-18 15:43:20.149,19920,19921,19921,1,1
2024-03-18 15:43:20.171,19920,19921,19921,1,1
2024-03-18 15:43:21.546,19920,19921,19921,1,1
2024-03-18 15:43:23.894,19920,19921,19921,2,2
2024-03-18 15:43:28.941,19920,19921,19921,1,1
2024-03-18 15:43:46.908,19920,19921,19921,1,1
2024-03-18 15:44:05.625,19920,19921,19920,1,-1
2024-03-18 15:44:05.975,19920,19921,19921,2,2
2024-03-18 15:44:05.992,19920,19921,19921,2,2
2024-03-18 15:44:11.194,19920,19921,19921,1,1
2024-03-18 15:44:12.737,19920,19921,19920,1,-1
2024-03-18 15:44:12.738,19920,19921,19920,1,-1
2024-03-18 15:44:12.738,19920,19921,19920,2,-2
2024-03-18 15:44:18.029,19919,19920,19919,1,-1
2024-03-18 15:44:19.765,19919,19920,19919,1,-1
2024-03-18 15:44:20.361,19919,19920,19919,1,-1
2024-03-18 15:44:21.147,19919,19920,19919,2,-2
2024-03-18 15:44:21.147,19919,19920,19919,5,-5
2024-03-18 15:44:27.109,19918,19919,19918,3,-3
2024-03-18 15:44:28.251,19918,19919,19918,1,-1
2024-03-18 15:44:32.045,19918,19919,19918,5,-5
2024-03-18 15:44:32.045,19918,19919,19918,1,-1
2024-03-18 15:44:32.045,19918,19919,19918,3,-3
2024-03-18 15:44:35.034,19917,19918,19917,1,-1
2024-03-18 15:44:35.192,19917,19918,19917,1,-1
2024-03-18 15:44:49.950,19917,19918,19917,4,-4
2024-03-18 15:44:50.996,19917,19918,19917,1,-1
2024-03-18 15:44:51.141,19917,19918,19917,1,-1
2024-03-18 15:45:02.025,19916,19917,19916,1,-1
2024-03-18 15:45:02.347,19916,19917,19916,1,-1
2024-03-18 15:45:02.428,19916,19917,19917,1,1
2024-03-18 15:45:02.457,19916,19917,19917,1,1
2024-03-18 15:45:02.467,19916,19917,19917,1,1
2024-03-18 15:45:02.536,19916,19917,19917,1,1
2024-03-18 15:45:02.644,19916,19917,19917,1,1
2024-03-18 15:45:06.685,19916,19917,19917,1,1
2024-03-18 15:45:09.040,19916,19917,19916,1,-1
2024-03-18 15:45:13.625,19916,19917,19917,1,1
2024-03-18 15:45:29.551,19916,19917,19917,2,2
2024-03-18 15:45:29.551,19916,19917,19917,1,1
2024-03-18 15:45:29.551,19916,19917,19917,2,2
2024-03-18 15:45:29.551,19916,19917,19917,4,4
2024-03-18 15:45:34.945,19917,19918,19918,1,1
2024-03-18 15:45:48.056,19919,19920,19919,1,-1
2024-03-18 15:45:48.218,19919,19920,19919,1,-1
2024-03-18 15:45:59.002,19919,19920,19919,3,-3
2024-03-18 15:45:59.003,19919,19920,19919,1,-1
2024-03-18 15:46:01.584,19918,19919,19918,1,-1
2024-03-18 15:46:01.732,19918,19919,19918,1,-1
2024-03-18 15:46:02.132,19918,19919,19918,1,-1
2024-03-18 15:46:04.184,19918,19919,19918,2,-2
2024-03-18 15:46:09.349,19918,19919,19919,1,1
2024-03-18 15:46:23.334,19918,19919,19918,5,-5
2024-03-18 15:46:26.738,19918,19919,19919,1,1
2024-03-18 15:46:27.425,19918,19919,19919,1,1
2024-03-18 15:46:33.645,19918,19919,19918,5,-5
2024-03-18 15:46:40.225,19917,19918,19918,1,1
2024-03-18 15:46:58.506,19917,19918,19917,4,-4
2024-03-18 15:46:58.506,19917,19918,19917,1,-1
2024-03-18 15:47:02.660,19916,19917,19916,2,-2
2024-03-18 15:47:02.660,19916,19917,19916,2,-2
2024-03-18 15:47:02.660,19916,19917,19916,1,-1
2024-03-18 15:47:02.661,19916,19917,19916,1,-1
2024-03-18 15:47:02.661,19916,19917,19916,5,-5
2024-03-18 15:47:02.661,19916,19917,19916,1,-1
2024-03-18 15:47:02.661,19916,19917,19916,1,-1
2024-03-18 15:47:02.693,19916,19917,19915,3,-3
2024-03-18 15:47:09.107,19915,19916,19916,1,1
2024-03-18 15:47:14.515,19915,19916,19915,1,-1
2024-03-18 15:47:16.332,19915,19916,19915,1,-1
2024-03-18 15:47:21.350,19914,19915,19914,2,-2
2024-03-18 15:47:23.042,19913,19915,19915,1,1
2024-03-18 15:47:25.373,19913,19915,19913,4,-4
2024-03-18 15:47:27.136,19913,19915,19913,1,-1
2024-03-18 15:47:35.012,19913,19914,19914,1,1
2024-03-18 15:47:35.012,19913,19914,19914,1,1
2024-03-18 15:47:35.154,19914,19915,19914,5,-5
2024-03-18 15:48:00.139,19913,19914,19913,1,-1
2024-03-18 15:48:05.124,19913,19914,19913,3,-3
2024-03-18 15:48:05.955,19913,19914,19913,1,-1
2024-03-18 15:48:05.955,19913,19914,19913,1,-1
2024-03-18 15:48:05.955,19913,19914,19913,1,-1
2024-03-18 15:48:05.955,19913,19914,19913,3,-3
2024-03-18 15:48:10.507,19912,19913,19913,1,1
2024-03-18 15:48:12.827,19912,19913,19912,1,-1
2024-03-18 15:48:17.788,19912,19913,19912,1,-1
2024-03-18 15:48:23.926,19912,19913,19912,1,-1
2024-03-18 15:48:25.174,19912,19913,19912,3,-3
2024-03-18 15:48:25.657,19912,19913,19912,1,-1
2024-03-18 15:48:26.890,19912,19913,19912,1,-1
2024-03-18 15:48:29.157,19912,19913,19913,2,2
2024-03-18 15:48:33.242,19912,19913,19913,1,1
2024-03-18 15:48:33.242,19912,19913,19913,1,1
2024-03-18 15:48:34.172,19912,19914,19912,3,-3
2024-03-18 15:48:39.081,19912,19913,19913,1,1
2024-03-18 15:48:47.186,19912,19914,19912,1,-1
2024-03-18 15:48:50.397,19912,19913,19913,1,1
2024-03-18 15:48:53.196,19912,19913,19913,1,1
2024-03-18 15:48:54.174,19912,19913,19913,1,1
2024-03-18 15:48:56.331,19912,19913,19913,1,1
2024-03-18 15:48:59.900,19913,19914,19913,5,-5
2024-03-18 15:49:06.591,19913,19914,19913,1,-1
2024-03-18 15:49:09.000,19913,19914,19913,1,-1
2024-03-18 15:49:18.699,19912,19914,19912,1,-1
2024-03-18 15:49:20.916,19913,19914,19913,2,-2
2024-03-18 15:49:27.532,19912,19913,19912,1,-1
2024-03-18 15:49:29.036,19912,19913,19912,1,-1
2024-03-18 15:49:37.742,19912,19913,19912,1,-1
2024-03-18 15:49:37.742,19912,19913,19911,1,-1
2024-03-18 15:49:37.841,19911,19913,19911,2,-2
2024-03-18 15:49:38.974,19911,19913,19911,1,-1
2024-03-18 15:49:47.026,19911,19913,19913,1,1
2024-03-18 15:49:48.949,19911,19913,19911,8,-8
2024-03-18 15:50:00.753,19911,19912,19911,1,-1
2024-03-18 15:50:01.118,19911,19912,19911,1,-1
2024-03-18 15:50:05.300,19911,19912,19912,1,1
2024-03-18 15:50:06.126,19912,19913,19912,1,-1
2024-03-18 15:50:11.298,19911,19912,19912,1,1
2024-03-18 15:50:14.503,19911,19913,19911,1,-1
2024-03-18 15:50:31.719,19912,19913,19913,2,2
2024-03-18 15:50:31.975,19912,19913,19913,4,4
2024-03-18 15:50:32.053,19912,19913,19913,1,1
2024-03-18 15:50:32.797,19913,19914,19913,1,-1
2024-03-18 15:50:36.435,19913,19914,19913,9,-9
2024-03-18 15:50:41.647,19912,19914,19912,1,-1
2024-03-18 15:51:03.604,19913,19914,19913,1,-1
2024-03-18 15:51:03.604,19913,19914,19912,2,-2
2024-03-18 15:51:10.073,19912,19913,19912,17,-17
2024-03-18 15:51:10.318,19911,19912,19911,4,-4
2024-03-18 15:51:12.743,19910,19911,19910,1,-1
2024-03-18 15:51:13.773,19910,19911,19910,1,-1
2024-03-18 15:51:13.773,19910,19911,19910,5,-5
2024-03-18 15:51:13.774,19910,19911,19910,1,-1
2024-03-18 15:51:13.774,19910,19911,19910,1,-1
2024-03-18 15:51:13.774,19910,19911,19910,5,-5
2024-03-18 15:51:13.774,19910,19911,19910,2,-2
2024-03-18 15:51:20.687,19909,19910,19910,1,1
2024-03-18 15:51:27.207,19909,19910,19910,1,1
2024-03-18 15:51:28.207,19909,19911,19911,1,1
2024-03-18 15:51:28.948,19910,19912,19912,1,1
2024-03-18 15:51:29.458,19910,19912,19912,1,1
2024-03-18 15:51:34.475,19910,19912,19910,1,-1
2024-03-18 15:51:37.144,19910,19911,19911,1,1
2024-03-18 15:51:37.771,19910,19911,19911,1,1
2024-03-18 15:51:38.474,19910,19911,19911,1,1
2024-03-18 15:51:41.229,19910,19911,19911,1,1
2024-03-18 15:51:41.776,19910,19911,19911,1,1
2024-03-18 15:51:42.994,19910,19912,19912,1,1
2024-03-18 15:51:43.557,19910,19912,19912,1,1
2024-03-18 15:51:44.292,19910,19911,19911,1,1
2024-03-18 15:51:48.275,19911,19913,19913,1,1
2024-03-18 15:52:00.554,19912,19913,19912,1,-1
2024-03-18 15:52:26.772,19912,19913,19913,1,1
2024-03-18 15:52:30.067,19912,19913,19913,2,2
2024-03-18 15:52:35.741,19913,19914,19914,2,2
2024-03-18 15:52:35.741,19913,19914,19914,3,3
2024-03-18 15:52:49.388,19914,19915,19915,1,1
2024-03-18 15:52:51.489,19914,19915,19915,1,1
2024-03-18 15:52:51.489,19914,19915,19915,6,6
2024-03-18 15:52:51.543,19914,19915,19916,1,1
2024-03-18 15:53:07.161,19914,19915,19915,4,4
2024-03-18 15:53:11.623,19914,19915,19915,1,1
2024-03-18 15:53:12.201,19914,19915,19915,1,1
2024-03-18 15:53:13.513,19914,19915,19915,1,1
2024-03-18 15:53:14.528,19914,19916,19916,1,1
2024-03-18 15:53:24.089,19914,19915,19915,1,1
2024-03-18 15:53:32.422,19915,19916,19915,1,-1
2024-03-18 15:53:39.937,19914,19916,19916,1,1
2024-03-18 15:53:47.393,19914,19915,19914,2,-2
2024-03-18 15:53:57.981,19914,19915,19914,1,-1
2024-03-18 15:53:57.981,19914,19915,19914,2,-2
2024-03-18 15:54:24.777,19914,19915,19914,1,-1
2024-03-18 15:54:30.515,19914,19915,19914,1,-1
2024-03-18 15:54:35.619,19913,19914,19913,1,-1
2024-03-18 15:54:43.979,19912,19913,19913,1,1
2024-03-18 15:54:43.979,19912,19913,19913,1,1
2024-03-18 15:54:49.868,19912,19913,19913,1,1
2024-03-18 15:55:01.271,19912,19914,19912,1,-1
2024-03-18 15:55:20.859,19912,19913,19913,1,1
2024-03-18 15:55:20.859,19912,19913,19913,1,1
2024-03-18 15:55:20.859,19912,19913,19913,2,2
2024-03-18 15:55:24.599,19913,19915,19915,1,1
2024-03-18 15:55:37.951,19913,19914,19913,1,-1
2024-03-18 15:55:37.981,19913,19914,19912,5,-5
2024-03-18 15:56:04.663,19912,19913,19913,1,1
2024-03-18 15:56:09.719,19913,19915,19915,2,2
2024-03-18 15:56:10.981,19913,19915,19913,1,-1
2024-03-18 15:56:11.283,19913,19915,19913,1,-1
2024-03-18 15:56:32.991,19913,19914,19914,1,1
2024-03-18 15:56:46.582,19913,19915,19915,1,1
2024-03-18 15:57:21.812,19912,19913,19913,4,4
2024-03-18 15:57:21.812,19912,19913,19913,1,1
2024-03-18 15:57:21.863,19913,19914,19915,2,2
2024-03-18 15:57:21.877,19913,19914,19915,1,1
2024-03-18 15:57:21.883,19913,19914,19915,1,1
2024-03-18 15:57:22.694,19913,19915,19913,2,-2
2024-03-18 15:58:56.908,19914,19915,19914,1,-1
2024-03-18 15:59:00.154,19914,19915,19914,1,-1
2024-03-18 15:59:02.361,19914,19915,19915,1,1
2024-03-18 15:59:02.362,19914,19915,19915,1,1
2024-03-18 15:59:04.083,19914,19916,19914,1,-1
2024-03-18 15:59:20.660,19914,19915,19914,1,-1
2024-03-18 15:59:23.890,19914,19915,19914,2,-2
2024-03-18 15:59:29.388,19913,19914,19913,1,-1
2024-03-18 15:59:29.388,19913,19914,19913,1,-1
2024-03-18 15:59:29.388,19913,19914,19913,4,-4
2024-03-18 15:59:36.398,19912,19913,19913,2,2
2024-03-18 15:59:37.503,19912,19913,19912,1,-1
2024-03-18 15:59:37.588,19911,19912,19911,1,-1
2024-03-18 15:59:37.605,19911,19912,19911,2,-2
2024-03-18 15:59:38.331,19910,19911,19910,2,-2
2024-03-18 15:59:38.477,19910,19911,19910,1,-1
2024-03-18 15:59:40.708,19909,19910,19910,1,1
2024-03-18 15:59:42.812,19910,19911,19910,1,-1
2024-03-18 15:59:43.800,19910,19911,19910,1,-1
2024-03-18 15:59:46.790,19909,19910,19910,1,1
2024-03-18 15:59:46.853,19909,19910,19909,9,-9
2024-03-18 15:59:50.989,19908,19909,19909,1,1
2024-03-18 15:59:52.724,19908,19909,19908,1,-1
2024-03-18 15:59:54.552,19908,19909,19908,1,-1
2024-03-18 15:59:55.108,19908,19909,19908,1,-1
2024-03-18 15:59:55.108,19908,19909,19908,2,-2
2024-03-18 15:59:57.057,19907,19909,19909,1,1
2024-03-18 16:00:00.069,19908,19909,19909,2,2
2024-03-18 16:00:00.301,19908,19910,19910,1,1
2024-03-18 16:00:00.323,19908,19910,19910,1,1
2024-03-18 16:00:00.462,19909,19911,19911,1,1
2024-03-18 16:00:00.492,19909,19911,19911,1,1
2024-03-18 16:00:00.497,19909,19911,19911,1,1
2024-03-18 16:00:00.527,19909,19911,19911,1,1
2024-03-18 16:00:00.599,19909,19911,19909,1,-1
2024-03-18 16:00:00.703,19909,19911,19911,1,1
2024-03-18 16:00:00.716,19909,19911,19911,1,1
2024-03-18 16:00:01.143,19909,19910,19910,1,1
2024-03-18 16:00:01.148,19909,19910,19910,1,1
2024-03-18 16:00:01.535,19909,19911,19911,1,1
2024-03-18 16:00:03.728,19909,19910,19909,1,-1
2024-03-18 16:00:05.410,19909,19910,19910,2,2
2024-03-18 16:00:06.602,19909,19911,19910,1,1
2024-03-18 16:00:15.160,19908,19909,19909,1,1
2024-03-18 16:00:15.419,19908,19909,19909,1,1
2024-03-18 16:00:15.716,19908,19910,19910,1,1
2024-03-18 16:00:16.911,19909,19910,19909,3,-3
2024-03-18 16:00:17.370,19908,19910,19908,3,-3
2024-03-18 16:00:19.656,19908,19909,19909,1,1
2024-03-18 16:00:21.954,19909,19910,19909,1,-1
2024-03-18 16:00:24.082,19908,19909,19909,1,1
2024-03-18 16:00:26.882,19909,19910,19909,4,-4
2024-03-18 16:00:32.184,19909,19910,19910,1,1
2024-03-18 16:00:32.199,19909,19911,19911,1,1
2024-03-18 16:00:32.204,19909,19911,19911,1,1
2024-03-18 16:00:33.212,19910,19912,19911,1,1
2024-03-18 16:00:47.919,19911,19913,19913,3,3
2024-03-18 16:00:49.275,19912,19913,19913,1,1
2024-03-18 16:00:49.275,19912,19913,19914,2,2
2024-03-18 16:00:49.323,19912,19914,19914,1,1
2024-03-18 16:00:50.451,19912,19914,19914,3,3
2024-03-18 16:00:51.197,19912,19914,19914,1,1
2024-03-18 16:00:51.688,19912,19914,19914,3,3
2024-03-18 16:00:52.939,19913,19915,19915,3,3
2024-03-18 16:00:54.664,19913,19915,19913,1,-1
2024-03-18 16:01:00.281,19913,19914,19913,1,-1
2024-03-18 16:01:00.533,19912,19914,19912,1,-1
2024-03-18 16:01:06.556,19913,19914,19913,1,-1
2024-03-18 16:01:08.585,19912,19913,19913,1,1
2024-03-18 16:01:09.700,19912,19913,19912,1,-1
2024-03-18 16:01:14.726,19912,19913,19913,3,3
2024-03-18 16:01:16.751,19912,19913,19912,1,-1
2024-03-18 16:01:19.472,19912,19913,19912,1,-1
2024-03-18 16:01:21.827,19911,19912,19911,2,-2
2024-03-18 16:01:23.691,19910,19911,19910,2,-2
2024-03-18 16:01:36.584,19910,19911,19911,2,2
2024-03-18 16:01:36.584,19910,19911,19911,2,2
2024-03-18 16:01:39.514,19912,19913,19913,1,1
2024-03-18 16:01:43.811,19911,19913,19911,1,-1
2024-03-18 16:01:52.640,19912,19914,19914,3,3
2024-03-18 16:01:58.942,19912,19914,19912,5,-5
2024-03-18 16:02:00.107,19912,19914,19912,1,-1
2024-03-18 16:02:03.995,19913,19914,19914,1,1
2024-03-18 16:02:04.389,19913,19914,19913,1,-1
2024-03-18 16:02:04.389,19913,19914,19912,4,-4
2024-03-18 16:02:06.054,19912,19914,19912,1,-1
2024-03-18 16:02:12.324,19912,19914,19912,2,-2
2024-03-18 16:02:32.105,19911,19912,19912,1,1
2024-03-18 16:02:32.105,19911,19912,19912,7,7
2024-03-18 16:02:32.105,19911,19912,19912,1,1
2024-03-18 16:02:32.105,19911,19912,19912,1,1
2024-03-18 16:02:35.052,19913,19914,19913,1,-1
2024-03-18 16:02:43.591,19913,19914,19913,1,-1
2024-03-18 16:02:57.027,19912,19913,19913,1,1
2024-03-18 16:03:01.875,19912,19913,19912,6,-6
2024-03-18 16:03:02.570,19911,19913,19913,6,6
2024-03-18 16:03:02.598,19911,19913,19913,4,4
2024-03-18 16:03:02.645,19911,19913,19914,12,12
2024-03-18 16:03:02.653,19911,19913,19914,2,2
2024-03-18 16:03:03.558,19912,19913,19913,1,1
2024-03-18 16:03:03.558,19912,19913,19914,1,1
2024-03-18 16:03:08.045,19912,19914,19912,1,-1
2024-03-18 16:03:16.640,19913,19914,19913,1,-1
2024-03-18 16:03:16.640,19913,19914,19912,1,-1
2024-03-18 16:03:22.447,19912,19913,19913,1,1
2024-03-18 16:03:27.928,19913,19914,19913,1,-1
2024-03-18 16:03:35.217,19912,19913,19912,1,-1
2024-03-18 16:03:35.248,19912,19913,19912,1,-1
2024-03-18 16:03:42.994,19912,19913,19912,1,-1
2024-03-18 16:03:51.341,19912,19913,19912,1,-1
2024-03-18 16:04:07.133,19912,19913,19913,2,2
2024-03-18 16:04:07.134,19912,19913,19913,2,2
2024-03-18 16:04:07.134,19912,19913,19913,1,1
2024-03-18 16:04:07.841,19913,19914,19914,5,5
2024-03-18 16:04:08.814,19914,19915,19914,1,-1
2024-03-18 16:04:11.156,19914,19915,19915,1,1
2024-03-18 16:04:14.612,19915,19916,19915,1,-1
2024-03-18 16:04:22.408,19915,19916,19916,1,1
2024-03-18 16:04:22.463,19915,19916,19916,1,1
2024-03-18 16:04:27.174,19915,19916,19916,1,1
2024-03-18 16:04:27.843,19915,19916,19916,1,1
2024-03-18 16:04:27.996,19915,19917,19917,3,3
2024-03-18 16:04:30.017,19916,19917,19917,1,1
2024-03-18 16:04:30.713,19916,19917,19916,4,-4
2024-03-18 16:04:30.713,19916,19917,19916,2,-2
2024-03-18 16:04:30.714,19916,19917,19916,1,-1
2024-03-18 16:04:32.839,19915,19917,19917,3,3
2024-03-18 16:04:36.793,19916,19917,19917,1,1
2024-03-18 16:04:37.347,19916,19917,19916,1,-1
2024-03-18 16:04:38.719,19916,19917,19916,1,-1
2024-03-18 16:04:39.671,19915,19916,19916,1,1
2024-03-18 16:04:40.517,19915,19916,19916,3,3
2024-03-18 16:04:46.839,19915,19916,19915,1,-1
2024-03-18 16:04:48.432,19915,19916,19916,2,2
2024-03-18 16:04:53.399,19915,19916,19916,1,1
2024-03-18 16:04:56.763,19915,19916,19915,5,-5
2024-03-18 16:05:00.229,19912,19914,19913,1,-1
2024-03-18 16:05:00.388,19913,19914,19913,1,-1
2024-03-18 16:05:07.759,19913,19915,19915,1,1
2024-03-18 16:05:21.285,19913,19915,19915,1,1
2024-03-18 16:05:34.191,19913,19914,19913,1,-1
2024-03-18 16:05:41.650,19912,19913,19913,1,1
2024-03-18 16:05:45.249,19912,19913,19913,1,1
2024-03-18 16:05:50.926,19912,19913,19912,1,-1
2024-03-18 16:05:53.771,19912,19913,19913,1,1
2024-03-18 16:05:56.884,19912,19913,19912,2,-2
2024-03-18 16:05:56.884,19912,19913,19911,2,-2
2024-03-18 16:06:01.052,19911,19913,19911,2,-2
2024-03-18 16:06:12.307,19912,19913,19912,1,-1
2024-03-18 16:06:12.308,19912,19913,19912,1,-1
2024-03-18 16:06:15.659,19911,19912,19911,4,-4
2024-03-18 16:06:15.660,19911,19912,19911,3,-3
2024-03-18 16:06:15.660,19911,19912,19911,6,-6
2024-03-18 16:06:16.216,19910,19911,19911,1,1
2024-03-18 16:06:16.734,19910,19911,19911,1,1
2024-03-18 16:06:18.779,19911,19912,19912,2,2
2024-03-18 16:06:20.886,19911,19913,19911,1,-1
2024-03-18 16:06:28.649,19911,19912,19912,1,1
2024-03-18 16:07:00.162,19911,19912,19912,2,2
2024-03-18 16:07:00.162,19911,19912,19912,1,1
2024-03-18 16:07:45.159,19911,19912,19911,1,-1
2024-03-18 16:07:46.567,19911,19912,19911,1,-1
2024-03-18 16:07:57.197,19911,19912,19911,1,-1
2024-03-18 16:07:58.741,19911,19912,19911,1,-1
2024-03-18 16:08:07.591,19911,19912,19911,2,-2
2024-03-18 16:08:07.592,19911,19912,19910,8,-8
2024-03-18 16:08:08.342,19909,19911,19911,1,1
2024-03-18 16:08:13.127,19909,19910,19909,1,-1
2024-03-18 16:08:17.046,19909,19910,19910,1,1
2024-03-18 16:08:24.462,19909,19910,19909,1,-1
2024-03-18 16:08:29.802,19909,19910,19910,1,1
2024-03-18 16:08:40.626,19911,19912,19911,2,-2
2024-03-18 16:09:00.926,19911,19913,19911,1,-1
2024-03-18 16:09:06.784,19911,19912,19911,1,-1
2024-03-18 16:09:11.101,19911,19912,19912,1,1
2024-03-18 16:09:11.103,19911,19912,19912,2,2
2024-03-18 16:09:15.263,19912,19913,19912,1,-1
2024-03-18 16:09:44.864,19912,19913,19913,1,1
2024-03-18 16:09:44.864,19912,19913,19913,1,1
2024-03-18 16:10:00.055,19913,19915,19913,2,-2
2024-03-18 16:10:00.176,19913,19915,19915,3,3
2024-03-18 16:10:00.179,19913,19915,19915,7,7
2024-03-18 16:10:07.158,19914,19915,19915,2,2
2024-03-18 16:10:10.279,19914,19915,19915,1,1
2024-03-18 16:10:12.987,19914,19915,19915,3,3
2024-03-18 16:10:13.119,19914,19915,19915,1,1
2024-03-18 16:10:16.295,19914,19916,19915,1,1
2024-03-18 16:10:18.560,19915,19916,19915,1,-1
2024-03-18 16:10:18.930,19914,19916,19916,1,1
2024-03-18 16:10:22.172,19914,19915,19915,1,1
2024-03-18 16:10:35.668,19915,19916,19916,1,1
2024-03-18 16:10:46.657,19915,19916,19915,1,-1
2024-03-18 16:10:58.232,19915,19916,19915,1,-1
2024-03-18 16:11:10.811,19915,19916,19916,1,1
2024-03-18 16:11:10.811,19915,19916,19916,2,2
2024-03-18 16:11:11.440,19916,19917,19916,1,-1
2024-03-18 16:11:32.473,19916,19917,19916,1,-1
2024-03-18 16:11:32.474,19916,19917,19916,1,-1
2024-03-18 16:11:35.583,19915,19916,19916,1,1
2024-03-18 16:11:39.655,19915,19916,19916,1,1
2024-03-18 16:11:46.982,19915,19916,19916,1,1
2024-03-18 16:11:48.524,19915,19916,19916,2,2
2024-03-18 16:11:48.850,19916,19917,19917,1,1
2024-03-18 16:12:00.118,19916,19917,19916,1,-1
2024-03-18 16:12:01.767,19916,19917,19917,2,2
2024-03-18 16:12:05.673,19916,19917,19916,2,-2
2024-03-18 16:12:05.674,19916,19917,19916,1,-1
2024-03-18 16:12:05.762,19915,19917,19917,2,2
2024-03-18 16:12:10.076,19916,19917,19916,1,-1
2024-03-18 16:12:12.143,19915,19916,19916,1,1
2024-03-18 16:12:12.717,19915,19917,19915,1,-1
2024-03-18 16:12:16.934,19915,19916,19915,3,-3
2024-03-18 16:12:18.241,19914,19915,19915,1,1
2024-03-18 16:12:18.241,19914,19915,19915,1,1
2024-03-18 16:12:30.094,19915,19916,19916,1,1
2024-03-18 16:12:30.094,19915,19916,19917,1,1
2024-03-18 16:12:30.300,19915,19917,19916,1,1
2024-03-18 16:12:30.304,19915,19917,19916,1,1
2024-03-18 16:12:30.304,19915,19917,19916,1,1
2024-03-18 16:12:52.932,19915,19916,19915,6,-6
2024-03-18 16:13:00.143,19914,19916,19916,5,5
2024-03-18 16:13:29.064,19915,19916,19915,1,-1
2024-03-18 16:13:33.476,19914,19915,19914,1,-1
2024-03-18 16:13:40.308,19914,19915,19914,1,-1
2024-03-18 16:13:43.922,19914,19915,19914,1,-1
2024-03-18 16:13:51.824,19914,19915,19914,3,-3
2024-03-18 16:13:56.873,19914,19915,19914,1,-1
2024-03-18 16:14:04.150,19913,19915,19915,5,5
2024-03-18 16:14:18.033,19914,19915,19914,3,-3
2024-03-18 16:14:22.248,19913,19914,19913,2,-2
2024-03-18 16:14:22.532,19913,19914,19913,1,-1
2024-03-18 16:14:28.585,19913,19914,19913,2,-2
2024-03-18 16:14:28.682,19913,19914,19913,1,-1
2024-03-18 16:14:37.080,19913,19914,19914,2,2
2024-03-18 16:14:44.276,19913,19914,19913,1,-1
2024-03-18 16:14:56.198,19913,19914,19913,1,-1
2024-03-18 16:14:56.878,19913,19914,19913,2,-2
2024-03-18 16:15:00.206,19913,19914,19913,1,-1
2024-03-18 16:15:02.262,19913,19914,19914,5,5
2024-03-18 16:15:02.262,19913,19914,19914,3,3
2024-03-18 16:15:02.262,19913,19914,19914,4,4
2024-03-18 16:15:02.263,19913,19914,19914,3,3
2024-03-18 16:15:02.267,19913,19914,19915,1,1
2024-03-18 16:15:02.342,19914,19915,19914,2,-2
2024-03-18 16:15:08.153,19914,19915,19915,5,5
2024-03-18 16:15:11.530,19914,19915,19914,1,-1
2024-03-18 16:15:20.546,19914,19915,19914,1,-1
2024-03-18 16:15:21.944,19913,19915,19913,2,-2
2024-03-18 16:15:27.015,19913,19915,19915,1,1
2024-03-18 16:15:56.990,19914,19915,19914,3,-3
2024-03-18 16:16:08.711,19913,19914,19913,1,-1
2024-03-18 16:16:12.173,19913,19914,19914,5,5
2024-03-18 16:16:13.164,19913,19914,19913,11,-11
2024-03-18 16:16:29.744,19912,19914,19912,3,-3
2024-03-18 16:16:29.844,19912,19914,19912,1,-1
2024-03-18 16:16:29.844,19912,19914,19912,2,-2
2024-03-18 16:16:37.855,19913,19914,19913,1,-1
2024-03-18 16:16:51.072,19912,19913,19912,1,-1
2024-03-18 16:16:51.213,19911,19912,19912,1,1
2024-03-18 16:16:55.297,19911,19912,19912,2,2
2024-03-18 16:16:59.286,19912,19913,19912,2,-2
2024-03-18 16:17:13.410,19912,19913,19912,1,-1
2024-03-18 16:17:13.410,19912,19913,19912,2,-2
2024-03-18 16:17:16.155,19911,19912,19912,5,5
2024-03-18 16:17:18.756,19911,19913,19913,1,1
2024-03-18 16:17:23.310,19911,19912,19912,1,1
2024-03-18 16:17:34.273,19911,19912,19911,4,-4
2024-03-18 16:17:34.339,19910,19911,19911,1,1
2024-03-18 16:17:35.596,19910,19911,19910,1,-1
2024-03-18 16:17:35.597,19910,19911,19910,3,-3
2024-03-18 16:17:35.597,19910,19911,19910,2,-2
2024-03-18 16:17:40.224,19909,19910,19909,1,-1
2024-03-18 16:17:44.300,19909,19910,19909,2,-2
2024-03-18 16:17:44.780,19909,19910,19910,2,2
2024-03-18 16:17:51.436,19909,19911,19910,1,1
2024-03-18 16:17:53.643,19909,19910,19910,1,1
2024-03-18 16:17:59.135,19910,19911,19910,1,-1
2024-03-18 16:17:59.138,19910,19911,19910,2,-2
2024-03-18 16:18:00.699,19909,19910,19909,1,-1
2024-03-18 16:18:03.140,19909,19910,19909,1,-1
2024-03-18 16:18:04.140,19909,19910,19909,1,-1
2024-03-18 16:18:07.147,19908,19909,19909,1,1
2024-03-18 16:18:14.399,19909,19910,19909,1,-1
2024-03-18 16:18:15.043,19908,19910,19908,1,-1
2024-03-18 16:18:16.812,19909,19910,19909,1,-1
2024-03-18 16:18:17.640,19908,19909,19908,1,-1
2024-03-18 16:18:18.355,19908,19909,19909,1,1
2024-03-18 16:18:20.144,19908,19910,19910,5,5
2024-03-18 16:18:20.215,19909,19910,19909,1,-1
2024-03-18 16:18:21.521,19908,19910,19908,2,-2
2024-03-18 16:18:24.905,19908,19910,19908,8,-8
2024-03-18 16:18:29.584,19908,19909,19908,3,-3
2024-03-18 16:18:41.003,19908,19909,19908,1,-1
2024-03-18 16:18:41.623,19908,19909,19909,2,2
2024-03-18 16:18:53.895,19909,19910,19909,1,-1
2024-03-18 16:18:54.646,19909,19910,19910,1,1
2024-03-18 16:18:54.646,19909,19910,19910,1,1
2024-03-18 16:19:10.062,19910,19911,19910,6,-6
2024-03-18 16:19:10.239,19909,19910,19909,1,-1
2024-03-18 16:19:12.855,19909,19910,19909,2,-2
2024-03-18 16:19:13.865,19909,19910,19910,1,1
2024-03-18 16:19:24.144,19909,19910,19911,3,3
2024-03-18 16:19:24.144,19909,19910,19910,2,2
2024-03-18 16:19:31.475,19909,19910,19910,1,1
2024-03-18 16:19:40.227,19909,19910,19909,1,-1
2024-03-18 16:19:50.943,19910,19911,19910,1,-1
2024-03-18 16:19:50.943,19910,19911,19910,2,-2
2024-03-18 16:20:23.830,19909,19910,19909,1,-1
2024-03-18 16:20:23.830,19909,19910,19909,3,-3
2024-03-18 16:20:23.831,19909,19910,19908,2,-2
2024-03-18 16:20:27.249,19907,19908,19908,3,3
2024-03-18 16:20:28.143,19907,19908,19908,5,5
2024-03-18 16:20:33.332,19907,19908,19907,3,-3
2024-03-18 16:20:33.464,19907,19908,19907,1,-1
2024-03-18 16:20:40.231,19907,19908,19907,2,-2
2024-03-18 16:20:41.350,19907,19908,19907,4,-4
2024-03-18 16:20:48.709,19907,19908,19908,1,1
2024-03-18 16:20:54.233,19907,19908,19908,1,1
2024-03-18 16:20:56.966,19907,19909,19907,1,-1
2024-03-18 16:20:59.860,19907,19908,19908,1,1
2024-03-18 16:21:00.060,19907,19909,19907,1,-1
2024-03-18 16:21:04.111,19907,19908,19908,1,1
2024-03-18 16:21:04.111,19907,19908,19908,2,2
2024-03-18 16:21:05.110,19908,19909,19909,3,3
2024-03-18 16:21:11.590,19909,19910,19909,10,-10
2024-03-18 16:21:15.849,19909,19910,19909,1,-1
2024-03-18 16:21:32.156,19909,19910,19910,4,4
2024-03-18 16:21:32.156,19909,19910,19911,1,1
2024-03-18 16:21:33.750,19909,19911,19911,4,4
2024-03-18 16:21:44.414,19908,19910,19910,1,1
2024-03-18 16:21:45.622,19908,19910,19910,2,2
2024-03-18 16:21:47.998,19908,19910,19910,1,1
2024-03-18 16:21:55.631,19909,19910,19909,1,-1
2024-03-18 16:22:01.074,19909,19910,19909,1,-1
2024-03-18 16:22:07.128,19908,19909,19909,1,1
2024-03-18 16:22:08.249,19908,19909,19908,1,-1
2024-03-18 16:22:15.351,19908,19909,19908,2,-2
2024-03-18 16:22:20.222,19908,19909,19908,1,-1
2024-03-18 16:22:23.437,19908,19909,19908,1,-1
2024-03-18 16:22:34.168,19908,19909,19909,1,1
2024-03-18 16:22:34.168,19908,19909,19909,2,2
2024-03-18 16:22:34.168,19908,19909,19909,1,1
2024-03-18 16:22:36.067,19909,19910,19910,1,1
2024-03-18 16:22:36.067,19909,19910,19910,1,1
2024-03-18 16:22:36.081,19909,19910,19910,1,1
2024-03-18 16:22:36.173,19909,19910,19911,2,2
2024-03-18 16:22:36.173,19909,19910,19912,3,3
2024-03-18 16:22:36.244,19910,19912,19912,5,5
2024-03-18 16:22:47.075,19911,19912,19912,1,1
2024-03-18 16:22:51.123,19911,19912,19911,1,-1
2024-03-18 16:22:57.829,19910,19911,19911,1,1
2024-03-18 16:23:00.785,19910,19911,19910,2,-2
2024-03-18 16:23:15.383,19909,19911,19911,1,1
2024-03-18 16:23:40.147,19910,19911,19911,5,5
2024-03-18 16:23:41.890,19910,19911,19911,1,1
2024-03-18 16:23:56.897,19910,19911,19910,1,-1
2024-03-18 16:24:00.137,19910,19911,19910,1,-1
2024-03-18 16:24:18.135,19910,19911,19911,6,6
2024-03-18 16:24:30.405,19910,19911,19911,2,2
2024-03-18 16:24:32.920,19910,19912,19910,1,-1
2024-03-18 16:24:34.198,19911,19912,19911,1,-1
2024-03-18 16:24:41.661,19910,19911,19910,1,-1
2024-03-18 16:24:44.153,19909,19910,19911,5,5
2024-03-18 16:25:04.506,19909,19910,19909,1,-1
2024-03-18 16:25:09.848,19909,19911,19909,1,-1
2024-03-18 16:25:10.546,19909,19911,19909,1,-1
2024-03-18 16:25:11.011,19910,19911,19910,1,-1
2024-03-18 16:25:22.468,19909,19910,19910,1,1
2024-03-18 16:25:24.508,19909,19911,19909,1,-1
2024-03-18 16:25:26.274,19910,19911,19910,1,-1
2024-03-18 16:25:31.015,19910,19911,19910,2,-2
2024-03-18 16:25:48.155,19909,19910,19910,1,1
2024-03-18 16:25:48.155,19909,19910,19911,4,4
2024-03-18 16:26:05.395,19910,19911,19911,1,1
2024-03-18 16:26:10.218,19910,19911,19910,1,-1
2024-03-18 16:26:45.577,19910,19911,19910,1,-1
2024-03-18 16:26:46.553,19910,19911,19911,1,1
2024-03-18 16:26:52.145,19910,19911,19911,5,5
2024-03-18 16:26:52.526,19910,19911,19910,6,-6
2024-03-18 16:27:00.236,19910,19912,19910,1,-1
2024-03-18 16:27:06.598,19909,19910,19910,1,1
2024-03-18 16:27:25.445,19909,19910,19910,8,8
2024-03-18 16:27:32.089,19909,19910,19910,2,2
2024-03-18 16:27:50.599,19910,19911,19910,1,-1
2024-03-18 16:27:55.628,19910,19911,19910,1,-1
2024-03-18 16:27:56.157,19909,19911,19911,5,5
2024-03-18 16:28:02.981,19910,19911,19910,1,-1
2024-03-18 16:28:06.022,19910,19911,19910,1,-1
2024-03-18 16:28:10.260,19909,19911,19910,1,-1
2024-03-18 16:28:18.681,19909,19910,19910,1,1
2024-03-18 16:28:30.728,19909,19910,19910,4,4
2024-03-18 16:28:50.490,19909,19910,19910,2,2
2024-03-18 16:28:57.793,19910,19911,19910,6,-6
2024-03-18 16:28:57.794,19910,19911,19910,3,-3
2024-03-18 16:28:59.789,19909,19911,19911,1,1
2024-03-18 16:28:59.900,19909,19911,19911,3,3
2024-03-18 16:29:00.157,19909,19911,19911,5,5
2024-03-18 16:29:00.308,19909,19911,19911,1,1
2024-03-18 16:29:00.308,19909,19911,19911,7,7
2024-03-18 16:29:04.664,19910,19911,19910,1,-1
2024-03-18 16:29:07.982,19910,19911,19910,1,-1
2024-03-18 16:29:08.447,19910,19911,19910,2,-2
2024-03-18 16:29:16.404,19910,19911,19910,1,-1
2024-03-18 16:29:40.237,19909,19910,19909,2,-2
2024-03-18 16:29:43.324,19909,19910,19909,2,-2
2024-03-18 16:29:54.842,19908,19910,19908,1,-1
2024-03-18 16:29:56.919,19908,19910,19908,1,-1
2024-03-18 16:30:00.209,19908,19909,19908,1,-1
2024-03-18 16:30:01.689,19908,19909,19909,1,1
2024-03-18 16:30:01.986,19908,19909,19908,2,-2
2024-03-18 16:30:01.986,19908,19909,19908,16,-16
2024-03-18 16:30:04.145,19907,19908,19909,2,2
2024-03-18 16:30:04.145,19907,19908,19908,3,3
2024-03-18 16:30:15.264,19907,19908,19907,21,-21
2024-03-18 16:30:15.511,19906,19907,19906,3,-3
2024-03-18 16:30:15.647,19906,19907,19906,3,-3
2024-03-18 16:30:15.647,19906,19907,19906,5,-5
2024-03-18 16:30:17.968,19905,19907,19905,1,-1
2024-03-18 16:30:18.091,19905,19907,19905,1,-1
2024-03-18 16:30:22.560,19905,19906,19905,1,-1
2024-03-18 16:30:23.515,19905,19906,19905,1,-1
2024-03-18 16:30:24.821,19905,19906,19905,1,-1
2024-03-18 16:30:26.600,19905,19906,19905,4,-4
2024-03-18 16:30:29.431,19905,19906,19905,12,-12
2024-03-18 16:30:31.454,19905,19906,19906,1,1
2024-03-18 16:30:31.455,19905,19906,19906,1,1
2024-03-18 16:30:31.455,19905,19906,19907,1,1
2024-03-18 16:30:35.753,19908,19909,19908,4,-4
2024-03-18 16:30:38.413,19908,19909,19907,18,-18
2024-03-18 16:30:38.413,19908,19909,19907,2,-2
2024-03-18 16:30:38.413,19908,19909,19908,3,-3
2024-03-18 16:30:38.414,19908,19909,19906,2,-2
2024-03-18 16:30:38.414,19908,19909,19907,1,-1
2024-03-18 16:30:39.540,19906,19907,19907,1,1
2024-03-18 16:30:50.092,19906,19907,19906,4,-4
2024-03-18 16:30:55.639,19906,19907,19906,1,-1
2024-03-18 16:31:00.137,19906,19907,19906,1,-1
2024-03-18 16:31:05.195,19905,19906,19906,1,1
2024-03-18 16:31:06.686,19906,19907,19907,4,4
2024-03-18 16:31:06.686,19906,19907,19907,4,4
2024-03-18 16:31:06.686,19906,19907,19907,1,1
2024-03-18 16:31:06.687,19906,19907,19907,1,1
2024-03-18 16:31:06.687,19906,19907,19907,1,1
2024-03-18 16:31:08.144,19906,19908,19908,5,5
2024-03-18 16:31:10.864,19906,19908,19906,1,-1
2024-03-18 16:31:24.464,19906,19907,19906,1,-1
2024-03-18 16:31:26.030,19906,19907,19906,2,-2
2024-03-18 16:31:43.610,19906,19907,19906,1,-1
2024-03-18 16:31:44.848,19906,19907,19906,1,-1
2024-03-18 16:31:47.643,19906,19907,19906,1,-1
2024-03-18 16:31:47.643,19906,19907,19906,1,-1
2024-03-18 16:32:00.423,19905,19906,19906,2,2
2024-03-18 16:32:07.304,19906,19907,19906,1,-1
2024-03-18 16:32:08.182,19906,19907,19906,1,-1
2024-03-18 16:32:12.151,19905,19906,19906,2,2
2024-03-18 16:32:12.151,19905,19906,19907,3,3
2024-03-18 16:32:26.673,19906,19907,19907,1,1
2024-03-18 16:32:26.673,19906,19907,19907,2,2
2024-03-18 16:32:55.990,19907,19908,19908,1,1
2024-03-18 16:33:00.994,19907,19908,19908,3,3
2024-03-18 16:33:16.157,19908,19909,19909,5,5
2024-03-18 16:33:39.345,19909,19910,19910,1,1
2024-03-18 16:33:43.276,19909,19910,19910,1,1
2024-03-18 16:33:47.227,19909,19910,19910,1,1
2024-03-18 16:33:47.717,19909,19910,19910,1,1
2024-03-18 16:33:49.463,19909,19910,19910,1,1
2024-03-18 16:33:53.365,19909,19910,19909,1,-1
2024-03-18 16:34:00.163,19909,19910,19909,1,-1
2024-03-18 16:34:13.339,19909,19910,19909,3,-3
2024-03-18 16:34:13.339,19909,19910,19908,2,-2
2024-03-18 16:34:20.164,19908,19910,19910,5,5
2024-03-18 16:34:50.785,19910,19911,19910,1,-1
2024-03-18 16:34:52.909,19909,19911,19910,1,-1
2024-03-18 16:35:05.766,19908,19909,19908,1,-1
2024-03-18 16:35:13.515,19907,19908,19908,3,3
2024-03-18 16:35:15.350,19908,19910,19908,7,-7
2024-03-18 16:35:20.226,19907,19908,19907,5,-5
2024-03-18 16:35:22.493,19907,19908,19908,1,1
2024-03-18 16:35:24.150,19908,19910,19910,5,5
2024-03-18 16:35:29.600,19909,19910,19909,2,-2
2024-03-18 16:35:29.605,19909,19910,19909,2,-2
2024-03-18 16:35:57.339,19908,19909,19909,2,2
2024-03-18 16:36:28.154,19908,19909,19909,4,4
2024-03-18 16:36:28.154,19908,19909,19910,1,1
2024-03-18 16:36:45.045,19909,19910,19909,1,-1
2024-03-18 16:36:56.740,19909,19910,19909,1,-1
2024-03-18 16:37:00.721,19908,19910,19908,1,-1
2024-03-18 16:37:12.387,19908,19909,19908,1,-1
2024-03-18 16:37:32.146,19908,19909,19909,3,3
2024-03-18 16:37:32.146,19908,19909,19910,2,2
2024-03-18 16:37:44.750,19909,19910,19910,13,13
2024-03-18 16:37:45.991,19910,19911,19911,1,1
2024-03-18 16:37:52.650,19910,19912,19911,2,2
2024-03-18 16:37:55.430,19911,19912,19912,3,3
2024-03-18 16:37:55.984,19911,19913,19913,2,2
2024-03-18 16:37:56.102,19911,19913,19913,1,1
2024-03-18 16:38:02.754,19911,19912,19912,1,1
2024-03-18 16:38:11.000,19911,19912,19912,1,1
2024-03-18 16:38:11.000,19911,19912,19912,1,1
2024-03-18 16:38:13.428,19911,19913,19912,1,1
2024-03-18 16:38:15.810,19912,19913,19913,1,1
2024-03-18 16:38:20.423,19912,19913,19912,1,-1
2024-03-18 16:38:26.996,19912,19913,19912,1,-1
2024-03-18 16:38:34.721,19912,19913,19912,1,-1
2024-03-18 16:38:36.155,19910,19912,19912,6,6
2024-03-18 16:39:35.425,19910,19911,19911,1,1
2024-03-18 16:39:35.425,19910,19911,19911,1,1
2024-03-18 16:39:40.155,19910,19912,19912,6,6
2024-03-18 16:40:00.233,19911,19912,19911,1,-1
2024-03-18 16:40:01.098,19911,19912,19911,1,-1
2024-03-18 16:40:01.495,19911,19912,19911,1,-1
2024-03-18 16:40:07.079,19911,19912,19911,1,-1
2024-03-18 16:40:10.718,19911,19912,19911,8,-8
2024-03-18 16:40:12.435,19911,19912,19911,1,-1
2024-03-18 16:40:20.214,19912,19913,19912,4,-4
2024-03-18 16:40:42.833,19911,19912,19912,1,1
2024-03-18 16:40:42.891,19911,19912,19912,1,1
2024-03-18 16:40:44.175,19911,19913,19913,6,6
2024-03-18 16:40:58.638,19912,19913,19912,1,-1
2024-03-18 16:41:01.296,19912,19913,19912,1,-1
2024-03-18 16:41:15.770,19912,19913,19913,1,1
2024-03-18 16:41:31.310,19912,19913,19912,1,-1
2024-03-18 16:41:31.310,19912,19913,19912,3,-3
2024-03-18 16:41:31.310,19912,19913,19912,1,-1
2024-03-18 16:41:31.663,19911,19912,19912,1,1
2024-03-18 16:41:41.660,19911,19912,19911,1,-1
2024-03-18 16:41:48.158,19911,19912,19912,6,6
2024-03-18 16:41:49.642,19911,19913,19911,1,-1
2024-03-18 16:42:02.615,19911,19913,19913,1,1
2024-03-18 16:42:13.000,19912,19913,19912,2,-2
2024-03-18 16:42:21.004,19912,19913,19913,3,3
2024-03-18 16:42:21.004,19912,19913,19913,2,2
2024-03-18 16:42:21.004,19912,19913,19913,1,1
2024-03-18 16:42:21.004,19912,19913,19913,6,6
2024-03-18 16:42:21.004,19912,19913,19913,7,7
2024-03-18 16:42:21.004,19912,19913,19913,1,1
2024-03-18 16:42:21.004,19912,19913,19913,2,2
2024-03-18 16:42:21.004,19912,19913,19913,8,8
2024-03-18 16:42:21.006,19912,19913,19914,1,1
2024-03-18 16:42:23.115,19913,19914,19913,1,-1
2024-03-18 16:42:24.555,19913,19914,19913,2,-2
2024-03-18 16:42:24.599,19912,19913,19914,1,1
2024-03-18 16:42:28.849,19913,19914,19913,2,-2
2024-03-18 16:42:47.861,19912,19913,19913,1,1
2024-03-18 16:42:56.988,19912,19913,19913,1,1
2024-03-18 16:43:02.423,19912,19913,19912,1,-1
2024-03-18 16:43:06.368,19911,19912,19912,1,1
2024-03-18 16:43:06.649,19911,19913,19911,1,-1
2024-03-18 16:43:07.782,19911,19912,19912,1,1
2024-03-18 16:43:24.346,19911,19912,19912,1,1
2024-03-18 16:43:37.026,19911,19912,19912,1,1
2024-03-18 16:43:46.098,19912,19913,19912,1,-1
2024-03-18 16:44:01.514,19912,19913,19912,1,-1
2024-03-18 16:44:07.414,19912,19913,19912,1,-1
2024-03-18 16:44:34.063,19912,19913,19912,2,-2
2024-03-18 16:44:46.316,19912,19913,19913,1,1
2024-03-18 16:44:46.317,19912,19913,19913,4,4
2024-03-18 16:44:46.317,19912,19913,19913,6,6
2024-03-18 16:45:03.972,19913,19914,19914,1,1
2024-03-18 16:45:03.972,19913,19914,19914,2,2
2024-03-18 16:45:11.923,19914,19915,19914,2,-2
2024-03-18 16:45:44.437,19913,19914,19914,1,1
2024-03-18 16:45:44.608,19913,19914,19914,1,1
2024-03-18 16:45:44.608,19913,19914,19914,1,1
2024-03-18 16:46:18.807,19913,19915,19915,5,5
2024-03-18 16:46:20.630,19913,19914,19914,1,1
2024-03-18 16:46:24.696,19913,19914,19914,1,1
2024-03-18 16:46:25.534,19913,19914,19914,1,1
2024-03-18 16:46:40.217,19913,19914,19913,1,-1
2024-03-18 16:46:44.147,19913,19914,19913,1,-1
2024-03-18 16:46:44.147,19913,19914,19913,1,-1
2024-03-18 16:46:45.917,19912,19913,19913,1,1
2024-03-18 16:46:50.275,19912,19913,19913,1,1
2024-03-18 16:47:00.220,19912,19913,19912,1,-1
2024-03-18 16:47:27.558,19912,19913,19912,1,-1
2024-03-18 16:47:28.137,19912,19913,19912,1,-1
2024-03-18 16:47:56.033,19912,19913,19912,1,-1
2024-03-18 16:48:00.104,19912,19913,19912,1,-1
2024-03-18 16:48:11.925,19912,19913,19913,5,5
2024-03-18 16:48:53.379,19914,19915,19915,14,14
2024-03-18 16:48:53.379,19914,19915,19915,1,1
2024-03-18 16:48:53.379,19914,19915,19915,1,1
2024-03-18 16:48:53.379,19914,19915,19915,2,2
2024-03-18 16:48:53.379,19914,19915,19915,1,1
2024-03-18 16:49:10.545,19915,19916,19915,1,-1
2024-03-18 16:49:12.482,19915,19916,19915,1,-1
2024-03-18 16:49:13.493,19915,19916,19915,1,-1
2024-03-18 16:49:18.539,19915,19916,19915,1,-1
2024-03-18 16:49:19.293,19915,19916,19916,1,1
2024-03-18 16:49:19.293,19915,19916,19916,1,1
2024-03-18 16:49:19.294,19915,19916,19916,3,3
2024-03-18 16:49:22.101,19916,19917,19917,2,2
2024-03-18 16:49:22.101,19916,19917,19917,4,4
2024-03-18 16:49:22.101,19916,19917,19917,3,3
2024-03-18 16:49:22.102,19916,19917,19917,4,4
2024-03-18 16:49:22.102,19916,19917,19917,1,1
2024-03-18 16:49:22.102,19916,19917,19917,3,3
2024-03-18 16:49:22.233,19917,19918,19918,2,2
2024-03-18 16:49:22.243,19917,19918,19918,2,2
2024-03-18 16:49:22.338,19917,19918,19918,2,2
2024-03-18 16:49:22.339,19917,19918,19918,1,1
2024-03-18 16:49:22.372,19917,19918,19918,1,1
2024-03-18 16:49:22.608,19917,19918,19918,1,1
2024-03-18 16:49:22.807,19917,19918,19918,4,4
2024-03-18 16:49:22.809,19917,19918,19918,3,3
2024-03-18 16:49:32.282,19917,19918,19918,1,1
2024-03-18 16:49:32.522,19918,19919,19918,1,-1
2024-03-18 16:49:48.468,19917,19918,19918,2,2
2024-03-18 16:49:53.116,19917,19918,19918,1,1
2024-03-18 16:49:58.016,19918,19919,19918,1,-1
2024-03-18 16:50:02.173,19918,19919,19918,1,-1
2024-03-18 16:50:04.692,19918,19919,19919,21,21
2024-03-18 16:50:04.692,19918,19919,19919,1,1
2024-03-18 16:50:04.692,19918,19919,19919,1,1
2024-03-18 16:50:04.692,19918,19919,19919,4,4
2024-03-18 16:50:04.692,19918,19919,19919,1,1
2024-03-18 16:50:04.692,19918,19919,19919,1,1
2024-03-18 16:50:04.692,19918,19919,19919,6,6
2024-03-18 16:50:04.692,19918,19919,19919,40,40
2024-03-18 16:50:04.692,19918,19919,19919,47,47
2024-03-18 16:50:04.692,19918,19919,19919,1,1
2024-03-18 16:50:04.692,19918,19919,19919,1,1
2024-03-18 16:50:04.692,19918,19919,19919,17,17
2024-03-18 16:50:04.692,19918,19919,19919,3,3
2024-03-18 16:50:04.692,19918,19919,19919,1,1
2024-03-18 16:50:04.693,19918,19919,19920,1,1
2024-03-18 16:50:04.693,19918,19919,19920,1,1
2024-03-18 16:50:04.693,19918,19919,19920,1,1
2024-03-18 16:50:04.693,19918,19919,19920,6,6
2024-03-18 16:50:04.694,19918,19919,19920,7,7
2024-03-18 16:50:04.694,19918,19919,19921,2,2
2024-03-18 16:50:04.833,19920,19921,19921,1,1
2024-03-18 16:50:05.324,19920,19921,19921,1,1
2024-03-18 16:50:05.407,19920,19921,19921,1,1
2024-03-18 16:50:05.651,19920,19921,19921,1,1
2024-03-18 16:50:06.197,19920,19921,19921,1,1
2024-03-18 16:50:16.039,19920,19921,19920,1,-1
2024-03-18 16:50:16.040,19920,19921,19920,2,-2
2024-03-18 16:50:16.040,19920,19921,19920,4,-4
2024-03-18 16:50:18.812,19920,19921,19920,9,-9
2024-03-18 16:50:19.958,19920,19921,19920,1,-1
2024-03-18 16:50:21.172,19920,19921,19920,1,-1
2024-03-18 16:50:23.428,19920,19921,19921,7,7
2024-03-18 16:50:23.430,19920,19921,19921,1,1
2024-03-18 16:50:28.864,19921,19922,19921,1,-1
2024-03-18 16:50:36.067,19921,19922,19921,1,-1
2024-03-18 16:50:36.261,19921,19922,19922,1,1
2024-03-18 16:50:36.261,19921,19922,19922,6,6
2024-03-18 16:50:36.261,19921,19922,19922,1,1
2024-03-18 16:50:36.261,19921,19922,19922,9,9
2024-03-18 16:50:36.730,19922,19923,19923,1,1
2024-03-18 16:50:36.834,19922,19923,19923,1,1
2024-03-18 16:50:36.844,19922,19923,19923,1,1
2024-03-18 16:50:36.849,19922,19923,19923,1,1
2024-03-18 16:50:36.996,19922,19923,19923,1,1
2024-03-18 16:50:37.021,19922,19923,19923,1,1
2024-03-18 16:50:37.041,19922,19923,19924,2,2
2024-03-18 16:50:37.087,19922,19924,19924,1,1
2024-03-18 16:50:37.092,19922,19924,19924,1,1
2024-03-18 16:50:37.097,19922,19924,19924,1,1
2024-03-18 16:50:37.098,19922,19924,19924,1,1
2024-03-18 16:50:37.100,19922,19924,19924,3,3
2024-03-18 16:50:37.100,19922,19924,19924,3,3
2024-03-18 16:50:37.102,19922,19924,19924,1,1
2024-03-18 16:50:37.102,19922,19924,19923,2,2
2024-03-18 16:50:37.103,19922,19924,19923,1,1
2024-03-18 16:50:37.107,19922,19924,19924,1,1
2024-03-18 16:50:37.116,19922,19924,19924,1,1
2024-03-18 16:50:37.135,19922,19924,19924,3,3
2024-03-18 16:50:37.144,19922,19924,19924,6,6
2024-03-18 16:50:37.181,19922,19924,19924,6,6
2024-03-18 16:50:37.184,19922,19924,19924,3,3
2024-03-18 16:50:37.184,19922,19924,19924,1,1
2024-03-18 16:50:37.185,19922,19924,19924,1,1
2024-03-18 16:50:37.185,19922,19924,19924,1,1
2024-03-18 16:50:37.191,19922,19924,19924,2,2
2024-03-18 16:50:37.202,19923,19925,19925,3,3
2024-03-18 16:50:37.208,19923,19925,19925,1,1
2024-03-18 16:50:37.246,19923,19925,19925,2,2
2024-03-18 16:50:37.251,19923,19925,19925,1,1
2024-03-18 16:50:37.301,19923,19925,19925,1,1
2024-03-18 16:50:37.304,19923,19925,19925,3,3
2024-03-18 16:50:37.308,19923,19925,19925,1,1
2024-03-18 16:50:37.311,19923,19925,19925,3,3
2024-03-18 16:50:37.325,19924,19925,19925,1,1
2024-03-18 16:50:37.325,19924,19925,19925,1,1
2024-03-18 16:50:37.325,19924,19925,19925,1,1
2024-03-18 16:50:37.326,19924,19925,19925,1,1
2024-03-18 16:50:37.326,19924,19925,19925,1,1
2024-03-18 16:50:37.326,19924,19925,19925,1,1
2024-03-18 16:50:37.332,19924,19925,19925,1,1
2024-03-18 16:50:37.332,19924,19925,19925,1,1
2024-03-18 16:50:37.338,19924,19925,19925,1,1
2024-03-18 16:50:37.342,19924,19925,19925,3,3
2024-03-18 16:50:37.345,19924,19925,19925,2,2
