2020-05-27 15:00:00.065,10963,10964,10963,47
2020-05-27 15:00:00.066,10963,10964,10963,1
2020-05-27 15:00:00.067,10963,10964,10962,4
2020-05-27 15:00:00.113,10961,10964,10961,10
2020-05-27 15:00:00.277,10961,10963,10962,1
2020-05-27 15:00:00.448,10961,10963,10963,1
2020-05-27 15:00:00.459,10961,10963,10961,1
2020-05-27 15:00:00.515,10961,10963,10960,1
2020-05-27 15:00:00.632,10960,10962,10960,2
2020-05-27 15:00:00.635,10960,10962,10960,3
2020-05-27 15:00:00.637,10960,10962,10961,4
2020-05-27 15:00:00.640,10960,10962,10960,1
2020-05-27 15:00:00.650,10960,10962,10960,1
2020-05-27 15:00:00.656,10960,10962,10960,2
2020-05-27 15:00:00.676,10960,10962,10960,1
2020-05-27 15:00:00.687,10960,10962,10960,3
2020-05-27 15:00:00.700,10960,10962,10960,1
2020-05-27 15:00:00.720,10960,10962,10960,1
2020-05-27 15:00:00.730,10960,10962,10960,1
2020-05-27 15:00:00.741,10960,10962,10960,1
2020-05-27 15:00:00.860,10960,10962,10960,1
2020-05-27 15:00:00.868,10960,10962,10959,2
2020-05-27 15:00:00.948,10960,10962,10960,1
2020-05-27 15:00:00.948,10960,10962,10959,2
2020-05-27 15:00:01.040,10960,10962,10960,1
2020-05-27 15:00:01.043,10960,10962,10959,1
2020-05-27 15:00:01.138,10959,10961,10959,1
2020-05-27 15:00:01.138,10959,10961,10958,1
2020-05-27 15:00:01.229,10958,10960,10960,1
2020-05-27 15:00:01.281,10958,10960,10959,1
2020-05-27 15:00:01.283,10958,10960,10960,1
2020-05-27 15:00:01.295,10958,10960,10959,2
2020-05-27 15:00:01.629,10959,10961,10961,1
2020-05-27 15:00:01.908,10959,10961,10959,1
2020-05-27 15:00:01.921,10958,10960,10958,3
2020-05-27 15:00:02.160,10958,10960,10958,1
2020-05-27 15:00:02.195,10958,10960,10958,3
2020-05-27 15:00:02.204,10958,10960,10958,1
2020-05-27 15:00:02.215,10958,10960,10958,1
2020-05-27 15:00:02.238,10958,10960,10959,1
2020-05-27 15:00:02.371,10958,10959,10958,1
2020-05-27 15:00:02.475,10957,10959,10959,1
2020-05-27 15:00:02.642,10957,10959,10959,1
2020-05-27 15:00:02.805,10958,10960,10960,1
2020-05-27 15:00:02.888,10958,10960,10958,1
2020-05-27 15:00:02.920,10958,10960,10960,1
2020-05-27 15:00:03.126,10958,10960,10960,2
2020-05-27 15:00:03.131,10958,10960,10961,1
2020-05-27 15:00:03.408,10958,10961,10961,3
2020-05-27 15:00:03.492,10959,10962,10959,1
2020-05-27 15:00:03.523,10959,10962,10961,2
2020-05-27 15:00:04.703,10960,10961,10960,1
2020-05-27 15:00:05.060,10959,10960,10959,2
2020-05-27 15:00:05.150,10959,10960,10960,1
2020-05-27 15:00:06.252,10958,10959,10959,1
2020-05-27 15:00:06.282,10958,10959,10959,1
2020-05-27 15:00:06.495,10958,10960,10959,1
2020-05-27 15:00:06.518,10958,10960,10958,1
2020-05-27 15:00:07.361,10958,10960,10960,2
2020-05-27 15:00:07.735,10958,10960,10959,2
2020-05-27 15:00:07.923,10958,10960,10960,1
2020-05-27 15:00:08.105,10958,10961,10961,1
2020-05-27 15:00:08.192,10958,10960,10958,1
2020-05-27 15:00:08.754,10959,10960,10959,1
2020-05-27 15:00:08.828,10958,10960,10958,2
2020-05-27 15:00:10.510,10958,10959,10958,3
2020-05-27 15:00:10.705,10957,10958,10958,1
2020-05-27 15:00:10.925,10957,10959,10957,1
2020-05-27 15:00:11.498,10957,10959,10957,2
2020-05-27 15:00:11.670,10957,10958,10958,1
2020-05-27 15:00:12.092,10957,10959,10959,1
2020-05-27 15:00:12.540,10957,10959,10957,1
2020-05-27 15:00:12.780,10957,10959,10958,1
2020-05-27 15:00:12.899,10957,10959,10959,1
2020-05-27 15:00:14.756,10958,10959,10959,1
2020-05-27 15:00:15.144,10959,10960,10959,2
2020-05-27 15:00:15.308,10959,10960,10959,1
2020-05-27 15:00:15.414,10959,10960,10959,1
2020-05-27 15:00:15.426,10958,10960,10958,1
2020-05-27 15:00:15.910,10958,10959,10959,1
2020-05-27 15:00:16.263,10958,10959,10959,1
2020-05-27 15:00:17.504,10959,10960,10960,1
2020-05-27 15:00:17.575,10959,10960,10960,1
2020-05-27 15:00:17.863,10959,10960,10959,2
2020-05-27 15:00:18.908,10959,10960,10960,1
2020-05-27 15:00:19.782,10959,10960,10959,1
2020-05-27 15:00:20.065,10959,10960,10959,1
2020-05-27 15:00:20.998,10959,10960,10960,1
2020-05-27 15:00:21.787,10959,10960,10960,2
2020-05-27 15:00:21.787,10959,10960,10960,7
2020-05-27 15:00:21.787,10959,10960,10960,1
2020-05-27 15:00:21.788,10959,10960,10960,2
2020-05-27 15:00:22.009,10960,10961,10960,1
2020-05-27 15:00:22.522,10960,10961,10960,1
2020-05-27 15:00:22.790,10960,10961,10960,1
2020-05-27 15:00:25.169,10960,10961,10961,1
2020-05-27 15:00:26.351,10961,10962,10961,3
2020-05-27 15:00:28.062,10961,10962,10962,1
2020-05-27 15:00:28.472,10961,10962,10962,1
2020-05-27 15:00:31.568,10961,10962,10962,1
2020-05-27 15:00:31.599,10961,10962,10962,1
2020-05-27 15:00:32.797,10961,10962,10962,4
2020-05-27 15:00:32.797,10961,10962,10963,1
2020-05-27 15:00:35.197,10962,10963,10963,1
2020-05-27 15:00:39.067,10962,10963,10962,1
2020-05-27 15:00:39.666,10962,10963,10963,1
2020-05-27 15:00:39.800,10962,10963,10962,1
2020-05-27 15:00:40.867,10962,10963,10962,1
2020-05-27 15:00:40.867,10962,10963,10962,1
2020-05-27 15:00:40.867,10962,10963,10962,2
2020-05-27 15:00:40.867,10962,10963,10962,1
2020-05-27 15:00:40.867,10962,10963,10962,4
2020-05-27 15:00:40.867,10962,10963,10962,2
2020-05-27 15:00:41.381,10961,10963,10963,1
2020-05-27 15:00:44.056,10962,10963,10963,5
2020-05-27 15:00:44.342,10962,10963,10962,1
2020-05-27 15:00:44.539,10961,10963,10962,1
2020-05-27 15:00:46.200,10961,10962,10962,1
2020-05-27 15:00:47.934,10961,10963,10963,2
2020-05-27 15:00:48.513,10961,10963,10963,1
2020-05-27 15:00:49.029,10961,10963,10962,1
2020-05-27 15:00:49.898,10961,10962,10962,1
2020-05-27 15:00:51.430,10962,10963,10962,1
2020-05-27 15:00:53.545,10962,10963,10963,5
2020-05-27 15:00:54.032,10962,10963,10962,1
2020-05-27 15:00:55.261,10962,10963,10962,1
2020-05-27 15:00:55.703,10962,10963,10963,5
2020-05-27 15:00:56.341,10962,10963,10962,1
2020-05-27 15:00:56.847,10962,10963,10963,3
2020-05-27 15:00:56.847,10962,10963,10963,1
2020-05-27 15:00:58.862,10963,10964,10963,5
2020-05-27 15:01:00.051,10962,10963,10963,1
2020-05-27 15:01:02.658,10962,10963,10963,1
2020-05-27 15:01:05.729,10962,10963,10963,1
2020-05-27 15:01:06.547,10963,10964,10963,2
2020-05-27 15:01:07.097,10962,10963,10962,1
2020-05-27 15:01:07.308,10962,10963,10962,13
2020-05-27 15:01:10.467,10961,10962,10962,1
2020-05-27 15:01:12.176,10961,10962,10962,2
2020-05-27 15:01:15.570,10962,10963,10962,1
2020-05-27 15:01:18.790,10962,10963,10963,2
2020-05-27 15:01:18.791,10962,10963,10963,1
2020-05-27 15:01:18.791,10962,10963,10963,2
2020-05-27 15:01:19.978,10963,10964,10963,1
2020-05-27 15:01:20.201,10963,10964,10963,3
2020-05-27 15:01:20.828,10963,10964,10963,3
2020-05-27 15:01:21.023,10962,10964,10964,9
2020-05-27 15:01:23.051,10963,10965,10963,1
2020-05-27 15:01:24.275,10962,10964,10964,1
2020-05-27 15:01:25.068,10963,10965,10965,1
2020-05-27 15:01:25.191,10963,10965,10965,1
2020-05-27 15:01:28.502,10963,10964,10964,1
2020-05-27 15:01:28.649,10963,10964,10964,1
2020-05-27 15:01:29.778,10964,10965,10964,1
2020-05-27 15:01:32.887,10964,10965,10964,1
2020-05-27 15:01:33.727,10964,10965,10964,1
2020-05-27 15:01:36.567,10964,10965,10965,1
2020-05-27 15:01:36.575,10964,10965,10964,1
2020-05-27 15:01:36.705,10964,10965,10965,1
2020-05-27 15:01:39.998,10964,10965,10965,1
2020-05-27 15:01:43.996,10964,10965,10965,2
2020-05-27 15:01:48.150,10964,10965,10964,2
2020-05-27 15:01:49.431,10964,10965,10964,1
2020-05-27 15:01:52.570,10964,10965,10964,1
2020-05-27 15:01:53.710,10964,10965,10964,1
2020-05-27 15:01:54.217,10964,10965,10964,1
2020-05-27 15:01:56.782,10964,10965,10965,1
2020-05-27 15:01:56.783,10964,10965,10965,12
2020-05-27 15:01:59.895,10964,10965,10964,1
2020-05-27 15:02:02.064,10964,10965,10965,2
2020-05-27 15:02:04.310,10965,10966,10966,1
2020-05-27 15:02:04.311,10965,10966,10966,11
2020-05-27 15:02:10.186,10966,10967,10967,9
2020-05-27 15:02:10.689,10966,10968,10968,1
2020-05-27 15:02:13.595,10967,10968,10968,12
2020-05-27 15:02:15.017,10968,10969,10969,1
2020-05-27 15:02:15.155,10968,10969,10969,1
2020-05-27 15:02:15.791,10968,10969,10969,1
2020-05-27 15:02:15.850,10968,10969,10969,1
2020-05-27 15:02:15.967,10968,10969,10969,1
2020-05-27 15:02:16.857,10968,10969,10969,1
2020-05-27 15:02:16.857,10968,10969,10969,3
2020-05-27 15:02:17.553,10968,10970,10970,3
2020-05-27 15:02:17.960,10968,10970,10970,2
2020-05-27 15:02:19.728,10968,10970,10968,1
2020-05-27 15:02:25.339,10968,10969,10969,3
2020-05-27 15:02:26.248,10968,10970,10968,1
2020-05-27 15:02:26.682,10968,10970,10970,1
2020-05-27 15:02:28.839,10968,10969,10969,1
2020-05-27 15:02:30.264,10969,10970,10969,2
2020-05-27 15:02:31.101,10968,10970,10968,1
2020-05-27 15:02:33.162,10968,10969,10969,1
2020-05-27 15:02:34.731,10968,10969,10969,1
2020-05-27 15:02:37.140,10968,10969,10969,1
2020-05-27 15:02:37.140,10968,10969,10970,4
2020-05-27 15:02:38.676,10968,10970,10968,1
2020-05-27 15:02:39.247,10968,10969,10969,1
2020-05-27 15:02:44.337,10969,10970,10969,1
2020-05-27 15:02:47.502,10969,10970,10969,1
2020-05-27 15:02:48.174,10969,10970,10970,3
2020-05-27 15:02:51.004,10969,10970,10970,1
2020-05-27 15:02:52.917,10969,10970,10970,1
2020-05-27 15:02:54.459,10969,10970,10969,1
2020-05-27 15:02:55.280,10969,10970,10970,1
2020-05-27 15:02:57.483,10969,10970,10970,1
2020-05-27 15:02:59.115,10969,10970,10970,4
2020-05-27 15:02:59.118,10969,10970,10970,3
2020-05-27 15:03:00.320,10970,10971,10971,1
2020-05-27 15:03:02.436,10970,10971,10970,1
2020-05-27 15:03:03.349,10970,10971,10970,1
2020-05-27 15:03:03.853,10970,10971,10971,1
2020-05-27 15:03:04.603,10971,10972,10971,1
2020-05-27 15:03:12.312,10971,10972,10971,1
2020-05-27 15:03:16.471,10971,10972,10971,1
2020-05-27 15:03:17.054,10971,10972,10971,1
2020-05-27 15:03:18.349,10971,10972,10971,1
2020-05-27 15:03:19.820,10971,10972,10971,1
2020-05-27 15:03:20.623,10971,10972,10971,1
2020-05-27 15:03:21.491,10971,10972,10971,1
2020-05-27 15:03:23.023,10971,10972,10971,1
2020-05-27 15:03:23.146,10971,10972,10971,1
2020-05-27 15:03:26.252,10971,10972,10971,1
2020-05-27 15:03:26.936,10971,10972,10972,1
2020-05-27 15:03:27.092,10971,10972,10972,5
2020-05-27 15:03:27.098,10971,10972,10972,3
2020-05-27 15:03:32.069,10971,10972,10971,1
2020-05-27 15:03:33.485,10971,10972,10971,2
2020-05-27 15:03:36.766,10971,10972,10972,1
2020-05-27 15:03:36.786,10971,10972,10971,1
2020-05-27 15:03:37.181,10971,10972,10971,3
2020-05-27 15:03:39.469,10970,10971,10971,1
2020-05-27 15:03:39.809,10971,10972,10972,1
2020-05-27 15:03:40.555,10971,10972,10971,1
2020-05-27 15:03:41.324,10970,10972,10970,1
2020-05-27 15:03:43.754,10970,10972,10972,2
2020-05-27 15:03:48.755,10970,10971,10971,1
2020-05-27 15:03:52.431,10970,10971,10970,1
2020-05-27 15:03:54.143,10970,10971,10971,2
2020-05-27 15:03:55.969,10970,10971,10971,1
2020-05-27 15:03:57.845,10970,10971,10971,5
2020-05-27 15:04:05.741,10970,10971,10970,1
2020-05-27 15:04:08.470,10970,10971,10970,1
2020-05-27 15:04:10.500,10970,10971,10970,1
2020-05-27 15:04:11.435,10970,10971,10971,1
2020-05-27 15:04:14.297,10970,10971,10971,1
2020-05-27 15:04:15.948,10970,10971,10971,1
2020-05-27 15:04:15.949,10970,10971,10971,2
2020-05-27 15:04:16.262,10971,10972,10971,1
2020-05-27 15:04:16.713,10970,10972,10972,1
2020-05-27 15:04:17.130,10971,10972,10971,1
2020-05-27 15:04:17.130,10971,10972,10970,3
2020-05-27 15:04:19.060,10971,10972,10972,12
2020-05-27 15:04:19.681,10972,10973,10972,1
2020-05-27 15:04:24.754,10972,10973,10972,1
2020-05-27 15:04:31.983,10972,10973,10972,1
2020-05-27 15:04:33.874,10971,10973,10971,1
2020-05-27 15:04:34.682,10971,10973,10971,1
2020-05-27 15:04:37.969,10972,10973,10973,1
2020-05-27 15:04:38.109,10972,10973,10973,1
2020-05-27 15:04:41.929,10972,10973,10972,1
2020-05-27 15:04:42.010,10972,10973,10972,1
2020-05-27 15:04:51.897,10971,10973,10972,1
2020-05-27 15:05:02.464,10972,10973,10973,10
2020-05-27 15:05:02.649,10972,10973,10973,3
2020-05-27 15:05:03.207,10972,10973,10973,3
2020-05-27 15:05:03.207,10972,10973,10973,4
2020-05-27 15:05:03.208,10972,10973,10973,5
2020-05-27 15:05:03.208,10972,10973,10973,8
2020-05-27 15:05:03.208,10972,10973,10973,10
2020-05-27 15:05:03.208,10972,10973,10973,3
2020-05-27 15:05:03.208,10972,10973,10973,1
2020-05-27 15:05:03.360,10973,10974,10973,1
2020-05-27 15:05:03.378,10973,10974,10974,4
2020-05-27 15:05:08.688,10972,10973,10972,1
2020-05-27 15:05:09.045,10971,10972,10972,2
2020-05-27 15:05:11.100,10971,10973,10971,1
2020-05-27 15:05:13.267,10971,10972,10972,2
2020-05-27 15:05:15.046,10971,10973,10971,1
2020-05-27 15:05:17.097,10971,10972,10971,3
2020-05-27 15:05:18.940,10971,10972,10971,1
2020-05-27 15:05:24.426,10971,10972,10971,1
2020-05-27 15:05:29.607,10971,10972,10971,1
2020-05-27 15:05:32.048,10971,10972,10972,1
2020-05-27 15:05:38.651,10972,10973,10972,1
2020-05-27 15:05:42.411,10972,10973,10972,1
2020-05-27 15:05:42.411,10972,10973,10972,2
2020-05-27 15:05:42.771,10971,10973,10972,5
2020-05-27 15:05:50.759,10971,10972,10972,1
2020-05-27 15:05:52.777,10971,10972,10972,1
2020-05-27 15:05:54.010,10971,10972,10972,1
2020-05-27 15:06:00.064,10971,10972,10971,1
2020-05-27 15:06:08.259,10971,10972,10972,5
2020-05-27 15:06:08.981,10972,10973,10972,1
2020-05-27 15:06:10.903,10972,10973,10972,1
2020-05-27 15:06:10.903,10972,10973,10971,1
2020-05-27 15:06:12.465,10971,10973,10972,1
2020-05-27 15:06:12.549,10972,10973,10972,1
2020-05-27 15:06:16.781,10972,10973,10972,1
2020-05-27 15:06:21.836,10972,10973,10973,5
2020-05-27 15:06:28.539,10973,10974,10973,1
2020-05-27 15:06:30.285,10973,10974,10973,1
2020-05-27 15:06:37.676,10972,10973,10972,1
2020-05-27 15:06:59.589,10972,10973,10973,3
2020-05-27 15:07:00.145,10972,10973,10973,2
2020-05-27 15:07:01.423,10972,10973,10973,1
2020-05-27 15:07:01.661,10972,10973,10973,1
2020-05-27 15:07:04.676,10973,10974,10974,2
2020-05-27 15:07:06.744,10973,10974,10973,1
2020-05-27 15:07:12.542,10973,10974,10973,1
2020-05-27 15:07:16.578,10973,10974,10974,1
2020-05-27 15:07:18.183,10973,10974,10974,1
2020-05-27 15:07:19.887,10973,10974,10974,1
2020-05-27 15:07:22.978,10973,10974,10973,1
2020-05-27 15:07:25.172,10973,10974,10974,2
2020-05-27 15:07:25.890,10973,10974,10974,1
2020-05-27 15:07:27.977,10973,10974,10974,1
2020-05-27 15:07:30.781,10973,10974,10974,1
2020-05-27 15:07:31.047,10973,10974,10974,1
2020-05-27 15:07:32.474,10973,10974,10974,1
2020-05-27 15:07:34.305,10973,10974,10974,1
2020-05-27 15:07:42.270,10974,10975,10975,13
2020-05-27 15:07:42.271,10974,10975,10975,1
2020-05-27 15:07:42.405,10975,10976,10976,1
2020-05-27 15:07:49.330,10975,10976,10976,1
2020-05-27 15:07:50.030,10975,10976,10976,1
2020-05-27 15:07:50.358,10975,10976,10975,1
2020-05-27 15:07:52.531,10975,10976,10976,5
2020-05-27 15:07:52.572,10976,10977,10977,1
2020-05-27 15:07:52.579,10976,10977,10976,1
2020-05-27 15:07:52.695,10976,10977,10977,2
2020-05-27 15:07:52.695,10976,10977,10977,1
2020-05-27 15:07:54.317,10976,10977,10976,1
2020-05-27 15:07:57.070,10976,10977,10976,1
2020-05-27 15:07:59.799,10976,10977,10977,2
2020-05-27 15:08:01.438,10976,10977,10976,2
2020-05-27 15:08:04.358,10976,10977,10977,7
2020-05-27 15:08:04.358,10976,10977,10977,1
2020-05-27 15:08:04.547,10976,10978,10978,1
2020-05-27 15:08:05.282,10977,10978,10977,5
2020-05-27 15:08:06.346,10977,10978,10977,1
2020-05-27 15:08:07.160,10976,10978,10978,1
2020-05-27 15:08:08.047,10976,10977,10977,1
2020-05-27 15:08:08.047,10976,10977,10977,1
2020-05-27 15:08:11.108,10976,10977,10977,2
2020-05-27 15:08:19.876,10977,10978,10977,2
2020-05-27 15:08:19.968,10977,10978,10977,2
2020-05-27 15:08:22.460,10977,10978,10977,1
2020-05-27 15:08:22.506,10977,10978,10977,1
2020-05-27 15:08:24.581,10977,10978,10977,1
2020-05-27 15:08:29.075,10977,10978,10978,1
2020-05-27 15:08:32.782,10977,10978,10978,1
2020-05-27 15:08:32.819,10977,10978,10978,2
2020-05-27 15:08:32.819,10977,10978,10978,2
2020-05-27 15:08:32.819,10977,10978,10978,4
2020-05-27 15:08:32.819,10977,10978,10978,1
2020-05-27 15:08:32.819,10977,10978,10978,4
2020-05-27 15:08:32.820,10977,10978,10978,3
2020-05-27 15:08:32.820,10977,10978,10978,1
2020-05-27 15:08:32.820,10977,10978,10978,1
2020-05-27 15:08:32.820,10977,10978,10978,2
2020-05-27 15:08:32.820,10977,10978,10978,2
2020-05-27 15:08:38.963,10978,10979,10979,1
2020-05-27 15:08:39.067,10978,10979,10979,1
2020-05-27 15:08:41.857,10978,10979,10979,1
2020-05-27 15:08:44.144,10978,10979,10979,1
2020-05-27 15:08:47.600,10978,10979,10978,2
2020-05-27 15:08:47.652,10978,10979,10979,1
2020-05-27 15:08:48.240,10978,10979,10979,1
2020-05-27 15:08:51.858,10978,10979,10979,1
2020-05-27 15:08:54.056,10978,10979,10979,2
2020-05-27 15:08:56.557,10978,10979,10979,1
2020-05-27 15:08:58.687,10978,10979,10979,1
2020-05-27 15:09:00.722,10978,10979,10978,2
2020-05-27 15:09:03.095,10978,10979,10979,2
2020-05-27 15:09:04.097,10978,10979,10978,1
2020-05-27 15:09:04.109,10978,10979,10979,2
2020-05-27 15:09:12.233,10978,10979,10978,2
2020-05-27 15:09:12.233,10978,10979,10978,1
2020-05-27 15:09:12.233,10978,10979,10978,11
2020-05-27 15:09:12.544,10977,10978,10978,1
2020-05-27 15:09:19.536,10977,10978,10977,1
2020-05-27 15:09:20.780,10977,10978,10977,1
2020-05-27 15:09:31.864,10976,10977,10977,1
2020-05-27 15:09:32.545,10976,10977,10977,1
2020-05-27 15:09:34.178,10976,10977,10976,1
2020-05-27 15:09:50.994,10976,10977,10977,6
2020-05-27 15:09:57.847,10976,10977,10976,1
2020-05-27 15:09:58.028,10976,10977,10977,1
2020-05-27 15:10:04.686,10976,10977,10976,1
2020-05-27 15:10:04.687,10976,10977,10976,2
2020-05-27 15:10:04.687,10976,10977,10976,1
2020-05-27 15:10:04.687,10976,10977,10976,2
2020-05-27 15:10:04.687,10976,10977,10976,2
2020-05-27 15:10:04.687,10976,10977,10976,2
2020-05-27 15:10:05.219,10975,10976,10975,3
2020-05-27 15:10:05.551,10974,10976,10974,4
2020-05-27 15:10:05.786,10974,10975,10975,1
2020-05-27 15:10:13.908,10974,10975,10974,1
2020-05-27 15:10:15.475,10974,10975,10974,1
2020-05-27 15:10:16.222,10974,10975,10974,1
2020-05-27 15:10:18.244,10974,10975,10975,7
2020-05-27 15:10:18.521,10974,10975,10974,1
2020-05-27 15:10:21.303,10974,10975,10974,3
2020-05-27 15:10:29.426,10974,10975,10974,1
2020-05-27 15:10:41.266,10974,10975,10974,7
2020-05-27 15:10:41.610,10973,10975,10974,1
2020-05-27 15:10:49.683,10973,10974,10973,1
2020-05-27 15:10:50.340,10973,10974,10973,2
2020-05-27 15:10:51.700,10973,10974,10973,1
2020-05-27 15:10:53.117,10973,10974,10973,9
2020-05-27 15:10:55.770,10972,10973,10972,1
2020-05-27 15:10:58.472,10972,10973,10972,1
2020-05-27 15:11:02.509,10972,10973,10973,1
2020-05-27 15:11:06.402,10972,10973,10973,1
2020-05-27 15:11:08.478,10972,10973,10972,1
2020-05-27 15:11:11.711,10972,10973,10973,1
2020-05-27 15:11:22.041,10972,10973,10973,1
2020-05-27 15:11:23.785,10972,10973,10973,1
2020-05-27 15:11:23.785,10972,10973,10973,4
2020-05-27 15:11:23.785,10972,10973,10973,3
2020-05-27 15:11:28.257,10973,10974,10974,1
2020-05-27 15:11:28.257,10973,10974,10974,1
2020-05-27 15:11:28.257,10973,10974,10974,4
2020-05-27 15:11:31.705,10974,10975,10974,1
2020-05-27 15:11:39.567,10974,10975,10974,1
2020-05-27 15:11:40.736,10973,10974,10974,1
2020-05-27 15:11:47.204,10973,10974,10974,4
2020-05-27 15:11:47.204,10973,10974,10975,1
2020-05-27 15:12:00.086,10973,10974,10973,1
2020-05-27 15:12:09.049,10974,10975,10974,1
2020-05-27 15:12:09.729,10974,10975,10974,1
2020-05-27 15:12:10.047,10973,10974,10974,1
2020-05-27 15:12:10.671,10974,10975,10974,1
2020-05-27 15:12:10.675,10974,10975,10973,1
2020-05-27 15:12:12.294,10973,10974,10974,1
2020-05-27 15:12:16.544,10973,10974,10974,1
2020-05-27 15:12:22.893,10974,10975,10974,2
2020-05-27 15:12:34.283,10974,10975,10975,1
2020-05-27 15:12:37.235,10974,10975,10974,2
2020-05-27 15:12:38.461,10973,10974,10974,4
2020-05-27 15:12:38.461,10973,10974,10974,1
2020-05-27 15:12:39.562,10973,10974,10974,1
2020-05-27 15:12:43.952,10973,10974,10974,1
2020-05-27 15:12:46.541,10973,10974,10973,5
2020-05-27 15:13:06.991,10973,10974,10973,5
2020-05-27 15:13:13.920,10973,10974,10974,1
2020-05-27 15:13:14.945,10973,10974,10973,1
2020-05-27 15:13:18.220,10973,10974,10974,1
2020-05-27 15:13:20.551,10973,10974,10973,1
2020-05-27 15:13:20.785,10973,10974,10973,2
2020-05-27 15:13:24.299,10973,10974,10973,1
2020-05-27 15:13:40.785,10972,10973,10973,2
2020-05-27 15:13:41.780,10972,10973,10973,3
2020-05-27 15:13:59.916,10973,10974,10973,1
2020-05-27 15:14:02.296,10973,10974,10974,2
2020-05-27 15:14:04.411,10974,10975,10974,1
2020-05-27 15:14:06.985,10974,10975,10974,3
2020-05-27 15:14:07.173,10973,10974,10974,2
2020-05-27 15:14:12.259,10974,10975,10974,1
2020-05-27 15:14:12.899,10974,10975,10974,2
2020-05-27 15:14:25.410,10974,10975,10975,1
2020-05-27 15:14:27.700,10974,10975,10974,1
2020-05-27 15:14:27.876,10974,10975,10974,1
2020-05-27 15:14:28.010,10974,10975,10974,1
2020-05-27 15:14:28.186,10974,10975,10974,1
2020-05-27 15:14:29.887,10974,10975,10975,1
2020-05-27 15:14:30.182,10974,10975,10975,1
2020-05-27 15:14:30.182,10974,10975,10975,6
2020-05-27 15:14:30.182,10974,10975,10975,1
2020-05-27 15:14:34.576,10975,10976,10976,3
2020-05-27 15:14:34.602,10975,10976,10976,1
2020-05-27 15:14:38.504,10975,10976,10976,1
2020-05-27 15:14:39.296,10975,10976,10975,2
2020-05-27 15:14:39.296,10975,10976,10975,1
2020-05-27 15:14:40.624,10974,10976,10974,1
2020-05-27 15:14:53.151,10974,10976,10974,2
2020-05-27 15:15:00.198,10974,10975,10975,1
2020-05-27 15:15:01.970,10974,10975,10974,2
2020-05-27 15:15:02.179,10974,10975,10974,2
2020-05-27 15:15:06.228,10973,10974,10974,2
2020-05-27 15:15:07.599,10975,10976,10975,2
2020-05-27 15:15:13.091,10974,10975,10975,3
2020-05-27 15:15:13.812,10974,10976,10974,1
2020-05-27 15:15:24.596,10975,10976,10975,1
2020-05-27 15:15:53.046,10975,10976,10975,1
2020-05-27 15:15:57.059,10975,10976,10975,1
2020-05-27 15:16:02.365,10975,10976,10975,3
2020-05-27 15:16:15.576,10975,10976,10975,1
2020-05-27 15:16:26.520,10975,10976,10975,1
2020-05-27 15:16:26.521,10975,10976,10975,1
2020-05-27 15:16:26.521,10975,10976,10975,6
2020-05-27 15:16:44.824,10975,10976,10975,1
2020-05-27 15:16:53.051,10974,10975,10974,1
2020-05-27 15:16:54.834,10974,10975,10974,6
2020-05-27 15:17:02.133,10973,10974,10973,9
2020-05-27 15:17:02.133,10973,10974,10973,1
2020-05-27 15:17:02.133,10973,10974,10973,1
2020-05-27 15:17:02.133,10973,10974,10973,3
2020-05-27 15:17:02.134,10973,10974,10973,1
2020-05-27 15:17:02.134,10973,10974,10973,2
2020-05-27 15:17:02.134,10973,10974,10973,3
2020-05-27 15:17:02.365,10972,10973,10973,1
2020-05-27 15:17:02.719,10972,10973,10973,1
2020-05-27 15:17:04.359,10972,10973,10972,23
2020-05-27 15:17:06.943,10971,10972,10971,2
2020-05-27 15:17:10.965,10971,10972,10971,5
2020-05-27 15:17:13.821,10970,10971,10970,1
2020-05-27 15:17:13.989,10970,10971,10970,2
2020-05-27 15:17:16.923,10970,10971,10971,1
2020-05-27 15:17:20.264,10971,10972,10971,1
2020-05-27 15:17:21.672,10971,10972,10972,2
2020-05-27 15:17:21.997,10971,10973,10971,1
2020-05-27 15:17:32.288,10971,10973,10973,1
2020-05-27 15:17:33.907,10971,10973,10971,1
2020-05-27 15:17:35.547,10971,10972,10972,2
2020-05-27 15:17:36.236,10971,10973,10971,1
2020-05-27 15:17:36.978,10971,10973,10971,1
2020-05-27 15:17:37.789,10971,10973,10971,1
2020-05-27 15:17:40.449,10971,10972,10971,1
2020-05-27 15:17:41.112,10971,10972,10971,1
2020-05-27 15:17:43.420,10971,10972,10971,1
2020-05-27 15:17:43.423,10971,10972,10971,1
2020-05-27 15:17:45.179,10970,10971,10971,1
2020-05-27 15:17:45.306,10970,10971,10971,1
2020-05-27 15:17:45.306,10970,10971,10972,1
2020-05-27 15:17:49.978,10970,10971,10971,1
2020-05-27 15:17:51.434,10970,10971,10971,1
2020-05-27 15:17:52.771,10970,10971,10970,19
2020-05-27 15:17:52.771,10970,10971,10970,4
2020-05-27 15:17:52.772,10970,10971,10970,15
2020-05-27 15:17:52.772,10970,10971,10970,3
2020-05-27 15:17:53.561,10969,10970,10969,5
2020-05-27 15:17:53.728,10968,10969,10968,1
2020-05-27 15:17:55.279,10968,10970,10968,2
2020-05-27 15:17:56.345,10968,10969,10968,16
2020-05-27 15:17:56.345,10968,10969,10968,1
2020-05-27 15:17:56.346,10968,10969,10968,5
2020-05-27 15:17:57.143,10967,10968,10967,1
2020-05-27 15:17:57.268,10967,10968,10967,1
2020-05-27 15:17:59.338,10967,10968,10968,1
2020-05-27 15:17:59.693,10967,10968,10968,2
2020-05-27 15:18:00.336,10967,10968,10968,1
2020-05-27 15:18:06.911,10967,10968,10967,1
2020-05-27 15:18:07.476,10967,10968,10967,1
2020-05-27 15:18:07.500,10967,10968,10967,1
2020-05-27 15:18:08.338,10967,10968,10967,1
2020-05-27 15:18:12.413,10967,10968,10967,1
2020-05-27 15:18:15.564,10967,10968,10967,6
2020-05-27 15:18:20.996,10967,10968,10968,3
2020-05-27 15:18:21.290,10968,10969,10969,1
2020-05-27 15:18:31.527,10968,10969,10969,1
2020-05-27 15:18:32.192,10968,10969,10969,1
2020-05-27 15:18:34.177,10968,10969,10969,2
2020-05-27 15:18:47.849,10969,10970,10970,1
2020-05-27 15:19:02.490,10969,10970,10969,3
2020-05-27 15:19:06.165,10969,10970,10967,5
2020-05-27 15:19:06.165,10969,10970,10967,2
2020-05-27 15:19:06.166,10969,10970,10967,1
2020-05-27 15:19:06.166,10969,10970,10967,1
2020-05-27 15:19:06.167,10969,10970,10967,1
2020-05-27 15:19:06.167,10969,10970,10967,1
2020-05-27 15:19:06.168,10969,10970,10967,8
2020-05-27 15:19:06.170,10969,10970,10967,1
2020-05-27 15:19:06.170,10969,10970,10966,11
2020-05-27 15:19:06.163,10965,10967,10969,2
2020-05-27 15:19:06.164,10965,10967,10968,2
2020-05-27 15:19:06.164,10965,10967,10968,2
2020-05-27 15:19:06.164,10965,10967,10968,13
2020-05-27 15:19:06.164,10965,10967,10967,2
2020-05-27 15:19:06.165,10965,10967,10967,2
2020-05-27 15:19:06.166,10965,10967,10967,2
2020-05-27 15:19:06.167,10965,10967,10967,1
2020-05-27 15:19:06.167,10965,10967,10967,1
2020-05-27 15:19:06.168,10965,10967,10967,8
2020-05-27 15:19:06.172,10965,10967,10965,1
2020-05-27 15:19:06.172,10965,10967,10965,2
2020-05-27 15:19:06.173,10965,10967,10965,5
2020-05-27 15:19:06.188,10965,10967,10965,9
2020-05-27 15:19:06.188,10965,10967,10965,1
2020-05-27 15:19:06.188,10965,10967,10965,2
2020-05-27 15:19:06.188,10965,10967,10965,17
2020-05-27 15:19:06.188,10965,10967,10965,4
2020-05-27 15:19:06.188,10965,10967,10965,3
2020-05-27 15:19:06.194,10965,10967,10964,1
2020-05-27 15:19:06.202,10965,10967,10964,8
2020-05-27 15:19:06.202,10965,10967,10964,9
2020-05-27 15:19:06.219,10965,10967,10964,21
2020-05-27 15:19:06.229,10965,10967,10963,14
2020-05-27 15:19:06.291,10965,10967,10962,3
2020-05-27 15:19:06.293,10965,10967,10962,2
2020-05-27 15:19:06.293,10965,10967,10962,3
2020-05-27 15:19:06.294,10965,10967,10962,1
2020-05-27 15:19:06.294,10965,10967,10962,4
2020-05-27 15:19:06.294,10965,10967,10962,1
2020-05-27 15:19:06.343,10961,10962,10961,16
2020-05-27 15:19:06.343,10961,10962,10961,2
2020-05-27 15:19:06.343,10961,10962,10961,4
2020-05-27 15:19:06.343,10961,10962,10961,2
2020-05-27 15:19:06.365,10961,10962,10961,2
2020-05-27 15:19:06.365,10961,10962,10961,1
2020-05-27 15:19:06.366,10961,10962,10961,2
2020-05-27 15:19:06.366,10961,10962,10961,2
2020-05-27 15:19:06.368,10961,10962,10961,2
2020-05-27 15:19:06.414,10961,10962,10961,1
2020-05-27 15:19:06.421,10961,10962,10961,2
2020-05-27 15:19:06.464,10961,10962,10961,1
2020-05-27 15:19:06.499,10961,10962,10961,2
2020-05-27 15:19:06.529,10961,10962,10961,1
2020-05-27 15:19:06.652,10961,10962,10961,2
2020-05-27 15:19:06.805,10961,10962,10961,2
2020-05-27 15:19:06.858,10961,10962,10961,3
2020-05-27 15:19:06.862,10961,10962,10961,1
2020-05-27 15:19:06.983,10961,10962,10961,1
2020-05-27 15:19:07.174,10961,10962,10961,3
2020-05-27 15:19:07.439,10960,10961,10960,2
2020-05-27 15:19:07.682,10960,10961,10961,1
2020-05-27 15:19:07.682,10960,10961,10961,4
2020-05-27 15:19:07.682,10960,10961,10961,1
2020-05-27 15:19:07.683,10960,10961,10961,2
2020-05-27 15:19:07.687,10960,10961,10961,4
2020-05-27 15:19:07.687,10960,10961,10961,1
2020-05-27 15:19:07.688,10960,10961,10961,2
2020-05-27 15:19:07.884,10960,10962,10962,2
2020-05-27 15:19:07.886,10960,10962,10962,3
2020-05-27 15:19:07.886,10960,10962,10962,1
2020-05-27 15:19:08.164,10961,10963,10963,2
2020-05-27 15:19:08.165,10961,10963,10963,2
2020-05-27 15:19:08.186,10962,10964,10964,1
2020-05-27 15:19:08.546,10965,10966,10965,1
2020-05-27 15:19:08.698,10964,10966,10964,1
2020-05-27 15:19:11.519,10964,10965,10965,1
2020-05-27 15:19:11.519,10964,10965,10965,1
2020-05-27 15:19:11.522,10964,10965,10965,2
2020-05-27 15:19:12.800,10965,10966,10965,1
2020-05-27 15:19:12.878,10965,10966,10965,2
2020-05-27 15:19:14.931,10965,10966,10965,2
2020-05-27 15:19:16.065,10964,10965,10965,1
2020-05-27 15:19:16.182,10964,10965,10965,1
2020-05-27 15:19:16.297,10964,10965,10964,2
2020-05-27 15:19:16.297,10964,10965,10964,4
2020-05-27 15:19:16.298,10964,10965,10964,1
2020-05-27 15:19:16.579,10963,10965,10964,4
2020-05-27 15:19:17.152,10964,10965,10964,1
2020-05-27 15:19:17.543,10964,10965,10964,1
2020-05-27 15:19:17.555,10964,10965,10964,1
2020-05-27 15:19:18.437,10964,10965,10965,2
2020-05-27 15:19:18.438,10964,10965,10965,2
2020-05-27 15:19:18.666,10965,10966,10965,1
2020-05-27 15:19:18.804,10965,10966,10965,1
2020-05-27 15:19:18.809,10965,10966,10965,1
2020-05-27 15:19:19.464,10965,10966,10966,1
2020-05-27 15:19:19.855,10965,10966,10965,1
2020-05-27 15:19:21.217,10965,10966,10965,1
2020-05-27 15:19:21.838,10964,10966,10964,1
2020-05-27 15:19:22.205,10965,10966,10965,1
2020-05-27 15:19:23.940,10964,10965,10965,4
2020-05-27 15:19:23.941,10964,10965,10966,4
2020-05-27 15:19:25.885,10967,10968,10967,1
2020-05-27 15:19:25.885,10967,10968,10966,2
2020-05-27 15:19:27.697,10966,10967,10966,6
2020-05-27 15:19:28.117,10965,10967,10967,1
2020-05-27 15:19:28.630,10965,10966,10966,1
2020-05-27 15:19:28.806,10965,10966,10966,2
2020-05-27 15:19:30.009,10964,10966,10964,9
2020-05-27 15:19:30.009,10964,10966,10963,1
2020-05-27 15:19:30.011,10964,10966,10964,2
2020-05-27 15:19:30.680,10964,10965,10965,1
2020-05-27 15:19:31.159,10964,10965,10964,1
2020-05-27 15:19:32.171,10964,10965,10965,1
2020-05-27 15:19:32.171,10964,10965,10965,1
2020-05-27 15:19:32.371,10965,10966,10964,2
2020-05-27 15:19:33.524,10964,10965,10964,1
2020-05-27 15:19:36.435,10964,10965,10964,1
2020-05-27 15:19:37.225,10963,10964,10964,1
2020-05-27 15:19:38.717,10963,10965,10963,1
2020-05-27 15:19:39.997,10963,10965,10963,1
2020-05-27 15:19:40.298,10963,10965,10963,1
2020-05-27 15:19:40.525,10963,10965,10965,5
2020-05-27 15:19:40.634,10965,10966,10965,1
2020-05-27 15:19:41.421,10964,10965,10964,5
2020-05-27 15:19:41.556,10963,10965,10963,13
2020-05-27 15:19:41.556,10963,10965,10962,7
2020-05-27 15:19:41.683,10962,10963,10963,1
2020-05-27 15:19:46.181,10963,10964,10963,1
2020-05-27 15:19:46.181,10963,10964,10963,1
2020-05-27 15:19:46.181,10963,10964,10963,1
2020-05-27 15:19:46.228,10963,10964,10963,2
2020-05-27 15:19:47.415,10963,10965,10963,2
2020-05-27 15:19:51.940,10963,10964,10964,2
2020-05-27 15:19:51.961,10963,10964,10964,1
2020-05-27 15:19:52.411,10964,10965,10964,1
2020-05-27 15:19:54.705,10963,10964,10963,3
2020-05-27 15:19:54.705,10963,10964,10962,15
2020-05-27 15:19:54.705,10963,10964,10961,2
2020-05-27 15:19:58.229,10962,10963,10963,3
2020-05-27 15:19:58.587,10962,10964,10962,1
2020-05-27 15:19:58.746,10963,10964,10964,1
2020-05-27 15:19:58.776,10963,10964,10964,2
2020-05-27 15:19:59.316,10964,10965,10964,1
2020-05-27 15:19:59.404,10964,10965,10963,1
2020-05-27 15:19:59.530,10963,10965,10964,1
2020-05-27 15:19:59.530,10963,10965,10964,1
2020-05-27 15:19:59.795,10963,10964,10964,1
2020-05-27 15:20:00.349,10963,10964,10963,1
2020-05-27 15:20:00.721,10963,10964,10964,2
2020-05-27 15:20:00.721,10963,10964,10965,2
2020-05-27 15:20:01.216,10963,10965,10963,2
2020-05-27 15:20:02.291,10963,10965,10963,1
2020-05-27 15:20:05.509,10964,10965,10964,1
2020-05-27 15:20:06.152,10963,10964,10963,1
2020-05-27 15:20:06.310,10961,10963,10961,1
2020-05-27 15:20:07.741,10962,10963,10962,1
2020-05-27 15:20:09.853,10962,10964,10964,1
2020-05-27 15:20:11.931,10962,10964,10964,1
2020-05-27 15:20:16.323,10963,10964,10963,2
2020-05-27 15:20:17.112,10963,10964,10964,1
2020-05-27 15:20:17.112,10963,10964,10964,1
2020-05-27 15:20:18.676,10963,10965,10963,1
2020-05-27 15:20:19.846,10963,10964,10963,1
2020-05-27 15:20:21.497,10963,10964,10964,2
2020-05-27 15:20:21.497,10963,10964,10965,13
2020-05-27 15:20:21.498,10963,10964,10965,2
2020-05-27 15:20:21.498,10963,10964,10965,1
2020-05-27 15:20:21.502,10963,10964,10966,2
2020-05-27 15:20:21.508,10963,10964,10966,1
2020-05-27 15:20:21.511,10963,10964,10966,1
2020-05-27 15:20:21.539,10963,10964,10966,2
2020-05-27 15:20:21.539,10963,10964,10966,2
2020-05-27 15:20:21.541,10963,10964,10966,2
2020-05-27 15:20:21.541,10963,10964,10966,3
2020-05-27 15:20:21.547,10966,10967,10967,3
2020-05-27 15:20:21.548,10966,10967,10967,1
2020-05-27 15:20:21.548,10966,10967,10968,1
2020-05-27 15:20:21.548,10966,10967,10968,3
2020-05-27 15:20:21.921,10967,10968,10967,1
2020-05-27 15:20:29.552,10965,10966,10966,1
2020-05-27 15:20:40.580,10964,10965,10965,1
2020-05-27 15:20:41.469,10965,10966,10965,1
2020-05-27 15:20:51.440,10965,10966,10965,2
2020-05-27 15:20:51.440,10965,10966,10965,2
2020-05-27 15:20:55.888,10964,10965,10965,1
2020-05-27 15:20:59.091,10964,10965,10965,1
2020-05-27 15:21:02.899,10965,10966,10965,1
2020-05-27 15:21:03.742,10964,10966,10964,20
2020-05-27 15:21:07.929,10964,10965,10964,1
2020-05-27 15:21:10.662,10964,10965,10964,1
2020-05-27 15:21:13.486,10964,10965,10964,2
2020-05-27 15:21:19.216,10964,10965,10965,1
2020-05-27 15:21:24.884,10964,10965,10965,1
2020-05-27 15:21:28.377,10964,10965,10965,2
2020-05-27 15:21:34.320,10964,10965,10965,1
2020-05-27 15:21:36.301,10964,10965,10965,1
2020-05-27 15:21:41.527,10964,10965,10965,1
2020-05-27 15:21:41.796,10964,10965,10965,2
2020-05-27 15:21:45.887,10964,10965,10964,14
2020-05-27 15:21:46.472,10963,10964,10964,13
2020-05-27 15:21:46.893,10964,10965,10965,1
2020-05-27 15:21:47.401,10964,10965,10964,10
2020-05-27 15:21:50.106,10964,10965,10964,3
2020-05-27 15:21:50.106,10964,10965,10963,20
2020-05-27 15:21:50.109,10964,10965,10964,1
2020-05-27 15:21:50.130,10964,10965,10964,1
2020-05-27 15:21:53.689,10964,10965,10964,2
2020-05-27 15:21:53.691,10964,10965,10964,2
2020-05-27 15:21:53.923,10963,10965,10964,1
2020-05-27 15:21:59.714,10964,10965,10964,1
2020-05-27 15:22:00.431,10964,10965,10964,1
2020-05-27 15:22:00.735,10963,10965,10963,2
2020-05-27 15:22:03.890,10963,10964,10963,1
2020-05-27 15:22:04.451,10963,10964,10964,1
2020-05-27 15:22:17.810,10963,10964,10963,1
2020-05-27 15:22:17.820,10963,10964,10964,1
2020-05-27 15:22:35.886,10963,10964,10964,1
2020-05-27 15:22:46.345,10963,10964,10964,1
2020-05-27 15:22:47.824,10963,10964,10964,2
2020-05-27 15:22:50.438,10963,10964,10964,2
2020-05-27 15:22:54.468,10963,10964,10964,2
2020-05-27 15:22:54.798,10963,10964,10964,2
2020-05-27 15:22:56.726,10963,10964,10964,1
2020-05-27 15:22:57.171,10963,10964,10964,5
2020-05-27 15:22:59.391,10963,10965,10963,1
2020-05-27 15:22:59.806,10963,10965,10963,1
2020-05-27 15:23:14.103,10964,10965,10965,1
2020-05-27 15:23:22.140,10964,10965,10964,4
2020-05-27 15:23:22.317,10964,10965,10964,4
2020-05-27 15:23:30.276,10963,10964,10964,1
2020-05-27 15:23:35.391,10963,10964,10963,2
2020-05-27 15:23:35.391,10963,10964,10963,4
2020-05-27 15:23:35.392,10963,10964,10963,1
2020-05-27 15:23:36.041,10963,10964,10964,1
2020-05-27 15:23:43.312,10963,10964,10964,7
2020-05-27 15:24:02.537,10964,10965,10964,5
2020-05-27 15:24:02.725,10964,10965,10964,1
2020-05-27 15:24:03.365,10963,10964,10964,1
2020-05-27 15:24:06.274,10964,10965,10964,2
2020-05-27 15:24:15.989,10964,10965,10965,1
2020-05-27 15:24:16.167,10964,10965,10965,1
2020-05-27 15:24:16.753,10964,10965,10965,1
2020-05-27 15:24:19.468,10964,10965,10964,2
2020-05-27 15:24:19.469,10964,10965,10964,1
2020-05-27 15:24:19.469,10964,10965,10964,1
2020-05-27 15:24:20.375,10963,10964,10964,1
2020-05-27 15:24:24.921,10963,10964,10964,1
2020-05-27 15:24:25.060,10963,10964,10964,1
2020-05-27 15:24:25.851,10963,10964,10964,1
2020-05-27 15:24:37.738,10963,10964,10963,10
2020-05-27 15:24:39.359,10963,10964,10964,3
2020-05-27 15:25:08.513,10964,10965,10964,1
2020-05-27 15:25:12.734,10964,10965,10964,4
2020-05-27 15:25:12.734,10964,10965,10964,1
2020-05-27 15:25:15.755,10963,10964,10963,1
2020-05-27 15:25:15.988,10963,10964,10964,5
2020-05-27 15:25:19.683,10964,10965,10964,1
2020-05-27 15:25:23.227,10964,10965,10965,10
2020-05-27 15:25:29.115,10964,10965,10965,1
2020-05-27 15:25:40.463,10964,10965,10965,1
2020-05-27 15:25:42.333,10965,10966,10965,1
2020-05-27 15:25:43.774,10964,10965,10965,3
2020-05-27 15:25:43.775,10964,10965,10965,1
2020-05-27 15:25:44.791,10965,10966,10965,1
2020-05-27 15:25:46.549,10964,10965,10965,1
2020-05-27 15:25:46.666,10964,10965,10964,4
2020-05-27 15:25:48.192,10963,10964,10964,1
2020-05-27 15:25:59.251,10964,10965,10965,14
2020-05-27 15:26:00.622,10965,10966,10966,9
2020-05-27 15:26:10.673,10965,10966,10966,2
2020-05-27 15:26:11.357,10966,10967,10966,3
2020-05-27 15:26:15.752,10966,10967,10967,1
2020-05-27 15:26:17.582,10966,10967,10967,1
2020-05-27 15:26:20.614,10966,10967,10967,1
2020-05-27 15:26:22.361,10966,10967,10967,2
2020-05-27 15:26:22.431,10966,10967,10967,2
2020-05-27 15:26:26.490,10967,10968,10967,1
2020-05-27 15:26:26.731,10967,10968,10968,1
2020-05-27 15:26:27.883,10967,10968,10967,2
2020-05-27 15:26:28.445,10966,10967,10967,1
2020-05-27 15:26:30.397,10966,10967,10967,1
2020-05-27 15:26:38.920,10966,10967,10967,1
2020-05-27 15:26:39.811,10966,10967,10967,1
2020-05-27 15:27:04.289,10966,10967,10967,1
2020-05-27 15:27:06.695,10966,10967,10967,2
2020-05-27 15:27:08.858,10967,10968,10967,1
2020-05-27 15:27:11.095,10967,10968,10968,1
2020-05-27 15:27:23.715,10967,10968,10968,1
2020-05-27 15:27:27.412,10967,10968,10968,1
2020-05-27 15:27:37.561,10967,10968,10968,5
2020-05-27 15:27:41.976,10968,10969,10969,8
2020-05-27 15:27:48.090,10968,10969,10969,1
2020-05-27 15:27:51.391,10969,10970,10970,8
2020-05-27 15:27:51.501,10970,10971,10971,2
2020-05-27 15:27:55.598,10970,10971,10970,1
2020-05-27 15:27:59.499,10970,10971,10971,1
2020-05-27 15:28:02.296,10970,10971,10971,6
2020-05-27 15:28:02.488,10970,10971,10971,1
2020-05-27 15:28:02.894,10971,10972,10971,1
2020-05-27 15:28:03.321,10971,10972,10971,1
2020-05-27 15:28:04.634,10970,10971,10971,1
2020-05-27 15:28:05.285,10971,10972,10971,1
2020-05-27 15:28:15.298,10970,10971,10971,2
2020-05-27 15:28:15.299,10970,10971,10971,1
2020-05-27 15:28:22.191,10970,10971,10971,1
2020-05-27 15:28:23.090,10971,10972,10972,1
2020-05-27 15:28:23.288,10971,10972,10972,1
2020-05-27 15:28:30.850,10971,10972,10972,3
2020-05-27 15:28:30.850,10971,10972,10972,3
2020-05-27 15:28:37.323,10972,10973,10972,1
2020-05-27 15:28:41.239,10971,10973,10973,1
2020-05-27 15:28:43.940,10971,10972,10972,1
2020-05-27 15:28:48.485,10972,10973,10972,1
2020-05-27 15:28:59.409,10971,10972,10972,1
2020-05-27 15:29:00.046,10971,10972,10971,5
2020-05-27 15:29:04.500,10970,10971,10971,1
2020-05-27 15:29:05.717,10971,10972,10971,1
2020-05-27 15:29:09.290,10971,10972,10971,1
2020-05-27 15:29:10.292,10971,10972,10971,1
2020-05-27 15:29:18.871,10971,10972,10972,1
2020-05-27 15:29:27.530,10971,10972,10971,1
2020-05-27 15:29:42.404,10971,10972,10971,2
2020-05-27 15:29:45.127,10971,10972,10971,1
2020-05-27 15:29:49.019,10971,10972,10972,1
2020-05-27 15:29:54.591,10971,10972,10972,1
2020-05-27 15:29:54.591,10971,10972,10972,1
2020-05-27 15:29:54.604,10971,10972,10972,3
2020-05-27 15:29:55.681,10972,10973,10973,8
2020-05-27 15:29:57.789,10973,10974,10973,4
2020-05-27 15:29:58.857,10973,10974,10974,1
2020-05-27 15:30:01.308,10973,10974,10974,1
2020-05-27 15:30:02.134,10973,10974,10974,1
2020-05-27 15:30:02.145,10973,10974,10974,1
2020-05-27 15:30:02.607,10973,10974,10974,1
2020-05-27 15:30:03.328,10973,10974,10974,1
2020-05-27 15:30:05.173,10973,10974,10974,1
2020-05-27 15:30:07.712,10973,10974,10973,3
2020-05-27 15:30:13.239,10973,10974,10973,1
2020-05-27 15:30:18.387,10973,10974,10973,4
2020-05-27 15:30:30.347,10972,10973,10972,1
2020-05-27 15:30:38.496,10971,10972,10971,1
2020-05-27 15:30:40.357,10971,10972,10971,2
2020-05-27 15:30:40.693,10970,10971,10970,1
2020-05-27 15:30:47.404,10970,10972,10970,3
2020-05-27 15:30:48.780,10970,10972,10972,1
2020-05-27 15:30:51.001,10971,10973,10971,1
2020-05-27 15:30:52.901,10971,10972,10972,1
2020-05-27 15:30:55.997,10972,10973,10973,3
2020-05-27 15:30:55.998,10972,10973,10973,2
2020-05-27 15:30:56.391,10973,10974,10973,1
2020-05-27 15:30:56.508,10973,10974,10973,1
2020-05-27 15:30:57.201,10973,10974,10973,2
2020-05-27 15:30:57.201,10973,10974,10973,2
2020-05-27 15:31:03.474,10972,10973,10973,4
2020-05-27 15:31:03.474,10972,10973,10973,2
2020-05-27 15:31:05.367,10973,10974,10974,5
2020-05-27 15:31:05.367,10973,10974,10974,12
2020-05-27 15:31:07.016,10973,10975,10973,1
2020-05-27 15:31:11.191,10973,10974,10973,2
2020-05-27 15:31:23.341,10973,10974,10973,4
2020-05-27 15:31:23.341,10973,10974,10973,3
2020-05-27 15:31:24.692,10972,10973,10972,1
2020-05-27 15:31:26.986,10972,10973,10972,1
2020-05-27 15:31:29.482,10971,10972,10971,2
2020-05-27 15:31:29.482,10971,10972,10971,1
2020-05-27 15:31:54.389,10971,10972,10972,1
2020-05-27 15:31:55.189,10971,10972,10972,2
2020-05-27 15:31:57.522,10972,10973,10973,1
2020-05-27 15:31:59.606,10972,10973,10972,1
2020-05-27 15:31:59.606,10972,10973,10972,1
2020-05-27 15:32:01.787,10971,10972,10972,8
2020-05-27 15:32:02.011,10972,10973,10973,2
2020-05-27 15:32:04.918,10972,10973,10973,3
2020-05-27 15:32:04.918,10972,10973,10973,2
2020-05-27 15:32:04.918,10972,10973,10973,1
2020-05-27 15:32:06.645,10972,10973,10973,1
2020-05-27 15:32:15.409,10973,10974,10974,4
2020-05-27 15:32:17.511,10973,10974,10974,4
2020-05-27 15:32:18.163,10973,10974,10973,1
2020-05-27 15:32:29.076,10973,10974,10973,1
2020-05-27 15:32:36.986,10973,10974,10973,1
2020-05-27 15:32:37.146,10973,10974,10974,14
2020-05-27 15:32:37.596,10974,10975,10974,1
2020-05-27 15:32:37.597,10974,10975,10974,2
2020-05-27 15:32:37.597,10974,10975,10974,3
2020-05-27 15:32:37.597,10974,10975,10974,2
2020-05-27 15:32:37.597,10974,10975,10974,3
2020-05-27 15:32:40.432,10972,10973,10973,1
2020-05-27 15:32:45.449,10972,10973,10973,1
2020-05-27 15:33:03.387,10972,10973,10973,1
2020-05-27 15:33:11.381,10972,10973,10973,1
2020-05-27 15:33:19.089,10972,10973,10972,3
2020-05-27 15:33:27.712,10971,10972,10971,2
2020-05-27 15:33:30.399,10971,10972,10971,2
2020-05-27 15:33:34.375,10970,10971,10970,1
2020-05-27 15:33:45.457,10970,10971,10971,1
2020-05-27 15:33:45.913,10970,10971,10970,2
2020-05-27 15:33:51.962,10970,10971,10970,15
2020-05-27 15:33:51.962,10970,10971,10970,5
2020-05-27 15:33:52.191,10969,10970,10970,1
2020-05-27 15:33:55.453,10970,10971,10970,1
2020-05-27 15:33:57.968,10970,10971,10971,1
2020-05-27 15:34:00.553,10969,10971,10969,1
2020-05-27 15:34:11.900,10969,10970,10970,2
2020-05-27 15:34:13.861,10970,10971,10971,2
2020-05-27 15:34:13.861,10970,10971,10971,1
2020-05-27 15:34:20.589,10970,10972,10972,1
2020-05-27 15:34:26.238,10970,10971,10971,1
2020-05-27 15:34:36.751,10971,10972,10972,1
2020-05-27 15:34:40.611,10971,10972,10972,3
2020-05-27 15:34:41.474,10972,10973,10973,1
2020-05-27 15:34:41.474,10972,10973,10973,5
2020-05-27 15:34:41.474,10972,10973,10973,3
2020-05-27 15:34:41.474,10972,10973,10973,3
2020-05-27 15:34:44.164,10973,10974,10974,2
2020-05-27 15:34:44.164,10973,10974,10974,3
2020-05-27 15:34:55.079,10972,10974,10972,1
2020-05-27 15:34:57.309,10972,10973,10973,1
2020-05-27 15:34:58.339,10972,10973,10973,1
2020-05-27 15:34:59.146,10972,10973,10973,1
2020-05-27 15:35:01.507,10972,10973,10973,2
2020-05-27 15:35:02.458,10972,10973,10972,1
2020-05-27 15:35:15.082,10973,10974,10973,1
2020-05-27 15:35:35.878,10972,10973,10972,1
2020-05-27 15:35:35.878,10972,10973,10972,2
2020-05-27 15:36:01.281,10971,10972,10971,2
2020-05-27 15:36:01.281,10971,10972,10971,2
2020-05-27 15:36:03.098,10970,10971,10970,1
2020-05-27 15:36:03.293,10970,10971,10970,1
2020-05-27 15:36:04.216,10969,10970,10970,1
2020-05-27 15:36:09.696,10970,10971,10970,1
2020-05-27 15:36:14.487,10970,10971,10971,1
2020-05-27 15:36:14.487,10970,10971,10971,1
2020-05-27 15:36:16.814,10971,10973,10971,1
2020-05-27 15:36:27.823,10970,10972,10970,2
2020-05-27 15:36:40.775,10970,10971,10971,1
2020-05-27 15:36:46.745,10970,10971,10971,1
2020-05-27 15:36:46.745,10970,10971,10971,2
2020-05-27 15:37:06.949,10971,10972,10972,2
2020-05-27 15:37:06.949,10971,10972,10972,1
2020-05-27 15:37:10.683,10971,10973,10973,1
2020-05-27 15:37:12.246,10972,10973,10973,1
2020-05-27 15:37:13.324,10972,10973,10973,1
2020-05-27 15:37:17.548,10971,10973,10971,1
2020-05-27 15:37:27.206,10972,10973,10973,1
2020-05-27 15:37:27.207,10972,10973,10973,1
2020-05-27 15:37:27.207,10972,10973,10973,1
2020-05-27 15:37:27.207,10972,10973,10973,8
2020-05-27 15:37:27.207,10972,10973,10973,2
2020-05-27 15:37:45.534,10973,10974,10973,2
2020-05-27 15:37:51.062,10973,10974,10973,2
2020-05-27 15:37:53.224,10973,10974,10973,1
2020-05-27 15:38:02.379,10972,10974,10973,3
2020-05-27 15:38:16.505,10973,10974,10973,1
2020-05-27 15:38:30.051,10973,10974,10974,4
2020-05-27 15:38:30.052,10973,10974,10974,5
2020-05-27 15:38:30.052,10973,10974,10974,1
2020-05-27 15:38:30.052,10973,10974,10974,5
2020-05-27 15:38:31.217,10974,10975,10974,1
2020-05-27 15:38:42.590,10974,10975,10975,1
2020-05-27 15:38:42.714,10974,10975,10975,3
2020-05-27 15:38:42.785,10974,10975,10975,1
2020-05-27 15:38:48.342,10974,10975,10975,1
2020-05-27 15:38:49.868,10974,10975,10975,1
2020-05-27 15:38:50.380,10974,10975,10975,1
2020-05-27 15:38:51.757,10974,10975,10975,3
2020-05-27 15:38:51.977,10974,10975,10975,1
2020-05-27 15:38:52.347,10974,10975,10975,4
2020-05-27 15:38:52.347,10974,10975,10975,3
2020-05-27 15:38:52.348,10974,10975,10975,3
2020-05-27 15:38:52.546,10975,10976,10976,3
2020-05-27 15:38:54.553,10975,10976,10976,2
2020-05-27 15:38:54.553,10975,10976,10976,3
2020-05-27 15:38:54.553,10975,10976,10976,4
2020-05-27 15:38:54.553,10975,10976,10976,1
2020-05-27 15:38:59.644,10976,10977,10977,1
2020-05-27 15:38:59.697,10976,10977,10977,1
2020-05-27 15:38:59.815,10976,10977,10977,1
2020-05-27 15:39:00.900,10976,10977,10977,1
2020-05-27 15:39:00.987,10976,10977,10977,6
2020-05-27 15:39:03.395,10977,10978,10977,2
2020-05-27 15:39:04.469,10976,10978,10978,1
2020-05-27 15:39:04.588,10976,10978,10978,2
2020-05-27 15:39:05.382,10977,10978,10978,12
2020-05-27 15:39:05.539,10977,10978,10978,2
2020-05-27 15:39:05.539,10977,10978,10978,1
2020-05-27 15:39:05.539,10977,10978,10978,2
2020-05-27 15:39:06.095,10978,10979,10979,13
2020-05-27 15:39:06.185,10979,10980,10980,1
2020-05-27 15:39:06.189,10979,10980,10980,1
2020-05-27 15:39:06.286,10979,10980,10980,1
2020-05-27 15:39:06.348,10979,10980,10980,1
2020-05-27 15:39:06.354,10979,10980,10980,1
2020-05-27 15:39:06.397,10979,10980,10980,1
2020-05-27 15:39:07.698,10979,10980,10980,1
2020-05-27 15:39:07.877,10979,10980,10979,4
2020-05-27 15:39:08.351,10979,10980,10980,1
2020-05-27 15:39:09.521,10979,10980,10980,1
2020-05-27 15:39:09.521,10979,10980,10980,2
2020-05-27 15:39:09.521,10979,10980,10980,2
2020-05-27 15:39:09.521,10979,10980,10980,3
2020-05-27 15:39:09.522,10979,10980,10980,5
2020-05-27 15:39:09.584,10980,10981,10981,1
2020-05-27 15:39:09.739,10980,10981,10981,1
2020-05-27 15:39:10.073,10980,10981,10981,1
2020-05-27 15:39:10.518,10980,10981,10981,1
2020-05-27 15:39:10.655,10980,10982,10980,1
2020-05-27 15:39:11.889,10980,10981,10980,1
2020-05-27 15:39:17.467,10980,10981,10980,1
2020-05-27 15:39:18.505,10980,10981,10981,1
2020-05-27 15:39:18.643,10980,10981,10980,1
2020-05-27 15:39:19.969,10980,10981,10980,1
2020-05-27 15:39:21.604,10980,10981,10980,3
2020-05-27 15:39:23.268,10980,10981,10980,1
2020-05-27 15:39:23.394,10980,10981,10980,3
2020-05-27 15:39:23.394,10980,10981,10980,1
2020-05-27 15:39:23.809,10979,10980,10980,1
2020-05-27 15:39:26.279,10979,10980,10980,1
2020-05-27 15:39:27.521,10979,10980,10979,2
2020-05-27 15:39:27.521,10979,10980,10979,2
2020-05-27 15:39:29.507,10978,10979,10979,1
2020-05-27 15:39:31.156,10978,10979,10978,1
2020-05-27 15:39:32.081,10978,10979,10979,1
2020-05-27 15:39:32.965,10978,10980,10978,1
2020-05-27 15:39:36.897,10978,10979,10979,1
2020-05-27 15:39:39.031,10979,10980,10980,1
2020-05-27 15:39:39.211,10979,10980,10980,1
2020-05-27 15:39:39.470,10979,10981,10981,1
2020-05-27 15:39:40.583,10979,10981,10981,1
2020-05-27 15:39:41.165,10979,10981,10981,1
2020-05-27 15:39:41.475,10979,10981,10981,1
2020-05-27 15:39:42.723,10979,10980,10980,1
2020-05-27 15:39:42.723,10979,10980,10981,1
2020-05-27 15:39:44.273,10980,10981,10981,2
2020-05-27 15:39:48.431,10980,10981,10980,1
2020-05-27 15:39:52.723,10980,10981,10980,1
2020-05-27 15:39:53.157,10980,10981,10980,1
2020-05-27 15:39:54.331,10980,10981,10980,1
2020-05-27 15:39:54.331,10980,10981,10980,2
2020-05-27 15:39:54.374,10980,10981,10980,1
2020-05-27 15:39:57.555,10979,10980,10979,1
2020-05-27 15:39:57.555,10979,10980,10979,6
2020-05-27 15:40:00.039,10978,10979,10978,1
2020-05-27 15:40:00.886,10978,10979,10979,1
2020-05-27 15:40:01.170,10978,10979,10979,1
2020-05-27 15:40:02.239,10979,10980,10980,1
2020-05-27 15:40:03.509,10979,10980,10979,1
2020-05-27 15:40:04.104,10979,10980,10979,1
2020-05-27 15:40:06.908,10979,10980,10980,1
2020-05-27 15:40:07.244,10979,10980,10979,1
2020-05-27 15:40:08.311,10979,10980,10980,1
2020-05-27 15:40:09.752,10979,10980,10979,1
2020-05-27 15:40:10.496,10979,10980,10980,1
2020-05-27 15:40:23.746,10979,10980,10980,1
2020-05-27 15:40:25.096,10979,10980,10980,2
2020-05-27 15:40:27.194,10979,10980,10979,1
2020-05-27 15:40:28.000,10979,10980,10980,1
2020-05-27 15:40:30.257,10979,10980,10979,5
2020-05-27 15:40:38.741,10978,10979,10979,2
2020-05-27 15:40:42.706,10978,10979,10978,1
2020-05-27 15:40:45.665,10978,10979,10978,1
2020-05-27 15:40:45.963,10978,10979,10978,1
2020-05-27 15:40:47.923,10978,10979,10978,2
2020-05-27 15:40:47.996,10978,10979,10978,1
2020-05-27 15:40:48.914,10978,10979,10978,1
2020-05-27 15:40:50.621,10978,10979,10978,1
2020-05-27 15:40:54.074,10978,10979,10979,2
2020-05-27 15:40:54.074,10978,10979,10979,4
2020-05-27 15:40:59.009,10979,10980,10980,1
2020-05-27 15:41:07.232,10979,10980,10980,11
2020-05-27 15:41:07.232,10979,10980,10980,6
2020-05-27 15:41:08.212,10980,10981,10981,3
2020-05-27 15:41:08.212,10980,10981,10981,1
2020-05-27 15:41:08.212,10980,10981,10981,2
2020-05-27 15:41:08.212,10980,10981,10981,4
2020-05-27 15:41:08.212,10980,10981,10981,2
2020-05-27 15:41:08.212,10980,10981,10981,1
2020-05-27 15:41:16.413,10980,10981,10981,1
2020-05-27 15:41:17.099,10980,10981,10981,1
2020-05-27 15:41:19.822,10980,10981,10981,5
2020-05-27 15:41:19.822,10980,10981,10981,1
2020-05-27 15:41:19.823,10980,10981,10981,2
2020-05-27 15:41:19.858,10980,10981,10981,2
2020-05-27 15:41:21.768,10981,10982,10982,10
2020-05-27 15:41:21.832,10981,10982,10982,2
2020-05-27 15:41:22.038,10981,10982,10982,2
2020-05-27 15:41:26.464,10981,10982,10982,1
2020-05-27 15:41:27.372,10981,10982,10982,1
2020-05-27 15:41:30.189,10981,10982,10982,1
2020-05-27 15:41:30.247,10981,10982,10982,1
2020-05-27 15:41:31.438,10981,10982,10982,1
2020-05-27 15:41:33.791,10981,10982,10982,1
2020-05-27 15:41:35.303,10981,10982,10982,1
2020-05-27 15:41:35.605,10981,10982,10982,1
2020-05-27 15:41:36.482,10981,10982,10982,1
2020-05-27 15:41:36.571,10981,10982,10982,1
2020-05-27 15:41:36.735,10981,10982,10981,1
2020-05-27 15:41:37.598,10981,10982,10982,1
2020-05-27 15:41:37.993,10981,10982,10982,1
2020-05-27 15:41:38.485,10981,10982,10982,3
2020-05-27 15:41:38.688,10981,10982,10982,1
2020-05-27 15:41:39.045,10981,10983,10983,1
2020-05-27 15:41:39.072,10981,10983,10983,1
2020-05-27 15:41:39.118,10981,10983,10983,1
2020-05-27 15:41:39.853,10981,10982,10981,1
2020-05-27 15:41:40.019,10981,10982,10981,1
2020-05-27 15:41:41.054,10981,10982,10981,7
2020-05-27 15:41:47.297,10980,10981,10981,3
2020-05-27 15:41:50.430,10980,10981,10981,1
2020-05-27 15:41:51.042,10981,10982,10981,1
2020-05-27 15:41:52.984,10981,10982,10981,2
2020-05-27 15:42:00.386,10980,10981,10980,1
2020-05-27 15:42:09.438,10980,10981,10981,2
2020-05-27 15:42:10.630,10981,10982,10981,3
2020-05-27 15:42:10.963,10980,10981,10981,2
2020-05-27 15:42:11.531,10980,10981,10980,1
2020-05-27 15:42:12.378,10980,10981,10980,2
2020-05-27 15:42:15.563,10980,10981,10981,1
2020-05-27 15:42:18.849,10980,10981,10980,1
2020-05-27 15:42:21.928,10980,10981,10980,2
2020-05-27 15:42:21.928,10980,10981,10980,3
2020-05-27 15:42:26.386,10980,10981,10980,2
2020-05-27 15:42:26.386,10980,10981,10980,1
2020-05-27 15:42:27.041,10979,10980,10980,3
2020-05-27 15:42:29.373,10979,10980,10980,1
2020-05-27 15:42:40.604,10979,10980,10979,1
2020-05-27 15:42:47.639,10979,10980,10979,1
2020-05-27 15:42:54.922,10979,10980,10979,1
2020-05-27 15:42:55.814,10979,10980,10979,1
2020-05-27 15:42:55.913,10979,10980,10979,2
2020-05-27 15:42:56.419,10979,10980,10979,1
2020-05-27 15:42:58.388,10979,10980,10980,2
2020-05-27 15:43:29.666,10979,10980,10979,1
2020-05-27 15:43:30.619,10979,10980,10979,1
2020-05-27 15:43:36.961,10979,10980,10979,1
2020-05-27 15:43:47.775,10979,10980,10979,1
2020-05-27 15:43:54.865,10979,10980,10979,1
2020-05-27 15:43:56.703,10979,10980,10979,1
2020-05-27 15:43:58.047,10979,10980,10979,1
2020-05-27 15:44:02.288,10979,10980,10979,1
2020-05-27 15:44:02.288,10979,10980,10979,1
2020-05-27 15:44:02.288,10979,10980,10979,1
2020-05-27 15:44:02.288,10979,10980,10979,2
2020-05-27 15:44:03.750,10978,10979,10979,1
2020-05-27 15:44:18.872,10978,10979,10978,1
2020-05-27 15:44:19.171,10978,10979,10978,1
2020-05-27 15:44:19.889,10978,10979,10978,1
2020-05-27 15:44:21.547,10978,10979,10978,1
2020-05-27 15:44:22.749,10978,10979,10978,1
2020-05-27 15:44:23.758,10977,10978,10978,1
2020-05-27 15:44:30.736,10977,10978,10978,2
2020-05-27 15:44:30.736,10977,10978,10978,4
2020-05-27 15:44:30.736,10977,10978,10978,1
2020-05-27 15:44:30.736,10977,10978,10978,4
2020-05-27 15:44:30.835,10978,10979,10979,3
2020-05-27 15:44:31.873,10978,10980,10978,1
2020-05-27 15:44:42.923,10978,10980,10980,2
2020-05-27 15:44:42.944,10978,10980,10980,1
2020-05-27 15:44:42.956,10978,10980,10980,1
2020-05-27 15:44:43.116,10979,10980,10980,2
2020-05-27 15:44:43.240,10979,10980,10980,2
2020-05-27 15:44:44.638,10979,10980,10979,2
2020-05-27 15:44:46.346,10978,10979,10979,1
2020-05-27 15:44:51.229,10978,10979,10979,1
2020-05-27 15:44:53.826,10978,10979,10978,2
2020-05-27 15:44:53.826,10978,10979,10978,2
2020-05-27 15:44:57.882,10977,10978,10978,2
2020-05-27 15:45:02.185,10978,10979,10979,2
2020-05-27 15:45:02.946,10978,10979,10979,1
2020-05-27 15:45:02.946,10978,10979,10980,1
2020-05-27 15:45:17.980,10978,10979,10978,1
2020-05-27 15:45:19.608,10978,10979,10979,1
2020-05-27 15:45:32.090,10978,10979,10979,1
2020-05-27 15:45:32.631,10978,10980,10978,1
2020-05-27 15:45:33.399,10978,10979,10979,1
2020-05-27 15:45:40.969,10979,10980,10980,2
2020-05-27 15:45:40.969,10979,10980,10980,7
2020-05-27 15:45:40.970,10979,10980,10980,15
2020-05-27 15:45:48.357,10980,10981,10980,1
2020-05-27 15:46:02.393,10980,10981,10981,2
2020-05-27 15:46:03.842,10980,10981,10981,2
2020-05-27 15:46:03.842,10980,10981,10981,1
2020-05-27 15:46:03.843,10980,10981,10981,3
2020-05-27 15:46:03.843,10980,10981,10981,2
2020-05-27 15:46:03.843,10980,10981,10981,1
2020-05-27 15:46:03.843,10980,10981,10981,1
2020-05-27 15:46:03.843,10980,10981,10981,4
2020-05-27 15:46:03.843,10980,10981,10981,1
2020-05-27 15:46:03.843,10980,10981,10981,2
2020-05-27 15:46:03.843,10980,10981,10981,1
2020-05-27 15:46:03.843,10980,10981,10981,2
2020-05-27 15:46:03.843,10980,10981,10981,5
2020-05-27 15:46:06.405,10981,10982,10981,1
2020-05-27 15:46:07.172,10981,10982,10981,1
2020-05-27 15:46:09.285,10980,10981,10980,2
2020-05-27 15:46:10.437,10980,10981,10981,1
2020-05-27 15:46:11.734,10980,10981,10981,2
2020-05-27 15:46:19.204,10980,10981,10981,1
2020-05-27 15:46:23.028,10980,10981,10981,1
2020-05-27 15:46:39.210,10980,10981,10980,2
2020-05-27 15:47:03.805,10980,10981,10980,2
2020-05-27 15:47:34.350,10980,10981,10980,1
2020-05-27 15:47:34.350,10980,10981,10980,6
2020-05-27 15:47:35.725,10979,10981,10981,1
2020-05-27 15:47:38.125,10980,10981,10981,1
2020-05-27 15:47:45.962,10980,10981,10981,1
2020-05-27 15:47:46.239,10980,10981,10980,2
2020-05-27 15:47:46.378,10980,10981,10981,1
2020-05-27 15:47:49.879,10980,10981,10981,1
2020-05-27 15:47:50.964,10980,10981,10981,2
2020-05-27 15:47:53.976,10980,10981,10980,1
2020-05-27 15:48:01.377,10980,10981,10981,3
2020-05-27 15:48:01.378,10980,10981,10981,1
2020-05-27 15:48:01.378,10980,10981,10981,1
2020-05-27 15:48:01.378,10980,10981,10981,4
2020-05-27 15:48:01.378,10980,10981,10981,2
2020-05-27 15:48:01.378,10980,10981,10981,1
2020-05-27 15:48:01.623,10981,10982,10982,1
2020-05-27 15:48:01.628,10981,10982,10982,1
2020-05-27 15:48:01.628,10981,10982,10982,1
2020-05-27 15:48:01.633,10981,10982,10982,1
2020-05-27 15:48:01.634,10981,10982,10982,1
2020-05-27 15:48:01.634,10981,10982,10982,2
2020-05-27 15:48:06.654,10981,10982,10982,2
2020-05-27 15:48:06.654,10981,10982,10982,1
2020-05-27 15:48:06.655,10981,10982,10982,1
2020-05-27 15:48:06.834,10982,10983,10983,1
2020-05-27 15:48:06.836,10982,10983,10983,1
2020-05-27 15:48:06.838,10982,10983,10983,1
2020-05-27 15:48:06.844,10982,10983,10983,4
2020-05-27 15:48:06.955,10982,10983,10983,1
2020-05-27 15:48:07.209,10982,10983,10982,1
2020-05-27 15:48:07.260,10982,10983,10982,5
2020-05-27 15:48:07.408,10982,10983,10982,2
2020-05-27 15:48:07.408,10982,10983,10982,1
2020-05-27 15:48:07.411,10982,10983,10982,1
2020-05-27 15:48:07.411,10982,10983,10982,1
2020-05-27 15:48:07.703,10981,10983,10983,1
2020-05-27 15:48:11.626,10982,10983,10983,2
2020-05-27 15:48:11.707,10982,10983,10983,5
2020-05-27 15:48:12.290,10982,10983,10983,1
2020-05-27 15:48:14.004,10982,10983,10983,2
2020-05-27 15:48:15.121,10982,10983,10983,1
2020-05-27 15:48:15.374,10982,10983,10983,2
2020-05-27 15:48:15.628,10982,10983,10983,1
2020-05-27 15:48:16.762,10982,10983,10982,1
2020-05-27 15:48:18.660,10981,10982,10981,2
2020-05-27 15:48:18.674,10981,10982,10981,2
2020-05-27 15:48:19.956,10981,10982,10982,1
2020-05-27 15:48:21.346,10981,10982,10982,1
2020-05-27 15:48:23.287,10980,10982,10982,1
2020-05-27 15:48:37.217,10980,10981,10980,5
2020-05-27 15:48:37.384,10980,10981,10980,1
2020-05-27 15:48:41.240,10980,10981,10981,1
2020-05-27 15:48:41.986,10980,10981,10980,1
2020-05-27 15:48:41.986,10980,10981,10980,1
2020-05-27 15:48:41.986,10980,10981,10980,2
2020-05-27 15:48:45.947,10979,10980,10979,1
2020-05-27 15:48:46.412,10978,10979,10979,1
2020-05-27 15:48:46.963,10978,10979,10979,1
2020-05-27 15:48:48.710,10978,10979,10978,1
2020-05-27 15:48:56.376,10978,10980,10978,1
2020-05-27 15:49:00.454,10979,10980,10979,1
2020-05-27 15:49:04.609,10979,10980,10979,1
2020-05-27 15:49:22.047,10978,10979,10979,1
2020-05-27 15:49:24.596,10978,10979,10979,1
2020-05-27 15:49:33.329,10978,10979,10979,1
2020-05-27 15:49:40.772,10978,10979,10979,1
2020-05-27 15:49:45.364,10978,10979,10978,1
2020-05-27 15:49:46.224,10978,10979,10979,1
2020-05-27 15:49:46.859,10978,10979,10979,1
2020-05-27 15:49:52.466,10978,10979,10978,1
2020-05-27 15:50:02.217,10978,10979,10979,4
2020-05-27 15:50:02.499,10978,10979,10978,4
2020-05-27 15:50:02.738,10978,10979,10978,1
2020-05-27 15:50:03.206,10978,10979,10978,1
2020-05-27 15:50:04.956,10978,10979,10979,1
2020-05-27 15:50:05.357,10978,10979,10978,1
2020-05-27 15:50:06.043,10978,10979,10978,1
2020-05-27 15:50:21.254,10977,10978,10977,7
2020-05-27 15:50:21.505,10976,10977,10976,1
2020-05-27 15:50:21.565,10976,10977,10976,1
2020-05-27 15:50:25.421,10976,10977,10976,1
2020-05-27 15:50:26.851,10976,10977,10977,1
2020-05-27 15:50:30.914,10977,10978,10977,1
2020-05-27 15:50:32.846,10977,10978,10977,2
2020-05-27 15:50:37.034,10977,10978,10977,1
2020-05-27 15:50:39.532,10977,10978,10977,2
2020-05-27 15:50:41.822,10977,10978,10977,1
2020-05-27 15:50:42.904,10977,10978,10978,1
2020-05-27 15:50:42.904,10977,10978,10978,4
2020-05-27 15:50:43.707,10978,10979,10978,1
2020-05-27 15:50:43.707,10978,10979,10977,1
2020-05-27 15:50:48.895,10978,10979,10978,1
2020-05-27 15:51:04.518,10978,10979,10979,1
2020-05-27 15:51:21.771,10978,10979,10978,2
2020-05-27 15:51:29.218,10978,10979,10978,1
2020-05-27 15:51:45.942,10978,10979,10979,4
2020-05-27 15:52:00.118,10978,10979,10979,2
2020-05-27 15:52:01.163,10978,10979,10979,1
2020-05-27 15:52:02.275,10978,10979,10979,1
2020-05-27 15:52:04.677,10978,10979,10978,2
2020-05-27 15:52:04.677,10978,10979,10978,1
2020-05-27 15:52:04.677,10978,10979,10978,2
2020-05-27 15:52:04.677,10978,10979,10978,1
2020-05-27 15:52:04.677,10978,10979,10978,2
2020-05-27 15:52:04.677,10978,10979,10978,14
2020-05-27 15:52:04.677,10978,10979,10978,4
2020-05-27 15:52:05.623,10977,10978,10978,3
2020-05-27 15:52:21.088,10978,10979,10978,1
2020-05-27 15:52:34.613,10978,10979,10979,1
2020-05-27 15:52:41.860,10978,10979,10979,2
2020-05-27 15:53:04.122,10979,10980,10979,4
2020-05-27 15:53:04.123,10979,10980,10979,2
2020-05-27 15:53:04.123,10979,10980,10979,5
2020-05-27 15:53:04.123,10979,10980,10979,5
2020-05-27 15:53:04.124,10979,10980,10979,1
2020-05-27 15:53:07.935,10978,10979,10979,1
2020-05-27 15:53:11.520,10978,10979,10979,1
2020-05-27 15:53:15.110,10978,10979,10979,3
2020-05-27 15:53:15.112,10978,10979,10980,2
2020-05-27 15:53:23.539,10978,10979,10979,1
2020-05-27 15:53:33.206,10979,10980,10979,2
2020-05-27 15:53:58.008,10979,10980,10979,1
2020-05-27 15:53:59.455,10979,10980,10979,1
2020-05-27 15:54:03.224,10978,10979,10979,1
2020-05-27 15:54:03.232,10978,10979,10979,1
2020-05-27 15:54:03.264,10978,10979,10979,1
2020-05-27 15:54:05.509,10979,10980,10979,3
2020-05-27 15:54:14.663,10978,10979,10979,4
2020-05-27 15:54:21.207,10978,10979,10979,1
2020-05-27 15:54:21.652,10978,10979,10979,1
2020-05-27 15:54:23.510,10978,10979,10979,3
2020-05-27 15:54:54.897,10978,10979,10979,2
2020-05-27 15:54:54.897,10978,10979,10979,2
2020-05-27 15:54:57.452,10979,10980,10979,2
2020-05-27 15:54:59.287,10979,10980,10979,2
2020-05-27 15:55:03.026,10979,10980,10979,1
2020-05-27 15:55:12.935,10979,10980,10979,1
2020-05-27 15:55:14.078,10978,10979,10979,1
2020-05-27 15:55:14.453,10979,10980,10979,2
2020-05-27 15:55:23.895,10979,10980,10979,2
2020-05-27 15:55:30.670,10979,10980,10979,1
2020-05-27 15:55:36.733,10979,10980,10979,1
2020-05-27 15:55:36.734,10979,10980,10979,3
2020-05-27 15:56:03.473,10978,10979,10978,1
2020-05-27 15:56:03.926,10978,10979,10979,2
2020-05-27 15:56:17.381,10978,10979,10979,1
2020-05-27 15:56:22.986,10979,10980,10980,1
2020-05-27 15:56:22.986,10979,10980,10980,11
2020-05-27 15:56:24.125,10980,10981,10981,1
2020-05-27 15:56:27.687,10980,10981,10981,1
2020-05-27 15:56:28.891,10980,10981,10980,3
2020-05-27 15:56:34.881,10980,10981,10980,1
2020-05-27 15:56:36.574,10980,10981,10980,1
2020-05-27 15:56:37.443,10979,10980,10979,1
2020-05-27 15:56:37.902,10979,10980,10980,1
2020-05-27 15:56:45.505,10978,10980,10980,1
2020-05-27 15:56:54.472,10979,10980,10980,1
2020-05-27 15:56:56.448,10979,10980,10980,1
2020-05-27 15:56:56.722,10980,10981,10981,10
2020-05-27 15:56:56.931,10979,10981,10981,10
2020-05-27 15:57:26.373,10980,10981,10981,1
2020-05-27 15:57:29.903,10980,10981,10981,1
2020-05-27 15:57:34.174,10980,10981,10981,1
2020-05-27 15:57:35.810,10980,10981,10981,4
2020-05-27 15:57:35.810,10980,10981,10981,5
2020-05-27 15:57:39.155,10980,10981,10980,4
2020-05-27 15:57:39.155,10980,10981,10980,4
2020-05-27 15:57:39.156,10980,10981,10980,1
2020-05-27 15:57:55.487,10980,10981,10981,1
2020-05-27 15:58:10.463,10980,10981,10980,3
2020-05-27 15:58:17.437,10980,10981,10981,1
2020-05-27 15:58:35.367,10980,10981,10980,1
2020-05-27 15:58:49.619,10980,10981,10980,1
2020-05-27 15:59:09.788,10980,10981,10981,6
2020-05-27 15:59:09.788,10980,10981,10981,1
2020-05-27 15:59:09.788,10980,10981,10981,5
2020-05-27 15:59:09.789,10980,10981,10981,1
2020-05-27 15:59:09.789,10980,10981,10981,1
2020-05-27 15:59:09.789,10980,10981,10981,1
2020-05-27 15:59:09.789,10980,10981,10981,1
2020-05-27 15:59:10.369,10981,10982,10981,1
2020-05-27 15:59:15.853,10981,10982,10982,2
2020-05-27 15:59:15.858,10981,10982,10982,3
2020-05-27 15:59:16.121,10981,10982,10982,1
2020-05-27 15:59:18.685,10981,10982,10982,1
2020-05-27 15:59:21.809,10981,10982,10982,5
2020-05-27 15:59:35.300,10981,10982,10981,1
2020-05-27 15:59:35.426,10980,10981,10980,2
2020-05-27 15:59:39.961,10980,10981,10980,1
2020-05-27 15:59:49.388,10980,10982,10980,2
2020-05-27 15:59:58.717,10980,10981,10980,4
2020-05-27 16:00:03.039,10980,10981,10981,1
2020-05-27 16:00:03.270,10980,10982,10982,1
2020-05-27 16:00:03.291,10980,10982,10982,1
2020-05-27 16:00:03.451,10981,10982,10982,1
2020-05-27 16:00:03.517,10981,10982,10982,1
2020-05-27 16:00:03.547,10981,10982,10982,1
2020-05-27 16:00:03.616,10981,10982,10982,3
2020-05-27 16:00:05.228,10981,10982,10981,1
2020-05-27 16:00:06.922,10980,10982,10982,2
2020-05-27 16:00:08.500,10981,10982,10982,1
2020-05-27 16:00:08.635,10981,10982,10982,2
2020-05-27 16:00:19.037,10981,10982,10981,1
2020-05-27 16:00:20.374,10980,10982,10982,1
2020-05-27 16:00:25.235,10981,10982,10982,2
2020-05-27 16:00:25.235,10981,10982,10982,1
2020-05-27 16:00:58.620,10981,10982,10982,1
2020-05-27 16:01:00.077,10981,10982,10982,9
2020-05-27 16:01:00.078,10981,10982,10982,6
2020-05-27 16:01:00.105,10981,10982,10981,1
2020-05-27 16:01:02.312,10981,10982,10981,1
2020-05-27 16:01:03.010,10980,10982,10980,7
2020-05-27 16:01:13.477,10981,10982,10981,1
2020-05-27 16:01:19.497,10981,10982,10981,2
2020-05-27 16:01:22.420,10981,10982,10982,1
2020-05-27 16:01:22.421,10981,10982,10982,1
2020-05-27 16:01:22.421,10981,10982,10982,1
2020-05-27 16:01:22.421,10981,10982,10982,3
2020-05-27 16:01:22.421,10981,10982,10982,5
2020-05-27 16:01:22.421,10981,10982,10982,2
2020-05-27 16:01:22.421,10981,10982,10982,1
2020-05-27 16:01:22.421,10981,10982,10982,3
2020-05-27 16:01:22.421,10981,10982,10982,2
2020-05-27 16:01:24.237,10982,10983,10982,1
2020-05-27 16:01:28.011,10982,10983,10982,1
2020-05-27 16:01:46.351,10982,10983,10983,13
2020-05-27 16:01:47.766,10983,10984,10984,1
2020-05-27 16:01:47.773,10983,10984,10984,1
2020-05-27 16:01:47.849,10983,10984,10983,4
2020-05-27 16:01:47.874,10983,10984,10984,1
2020-05-27 16:01:48.096,10983,10984,10984,1
2020-05-27 16:01:52.166,10983,10984,10983,1
2020-05-27 16:01:54.921,10983,10984,10983,2
2020-05-27 16:02:00.567,10982,10983,10983,1
2020-05-27 16:02:02.024,10982,10983,10982,1
2020-05-27 16:02:02.024,10982,10983,10982,1
2020-05-27 16:02:02.024,10982,10983,10982,1
2020-05-27 16:02:04.368,10981,10983,10983,2
2020-05-27 16:02:08.528,10982,10983,10983,2
2020-05-27 16:02:13.277,10982,10983,10982,1
2020-05-27 16:02:30.183,10982,10983,10983,1
2020-05-27 16:02:37.224,10982,10983,10982,1
2020-05-27 16:02:41.731,10982,10983,10983,3
2020-05-27 16:02:43.169,10982,10983,10982,5
2020-05-27 16:02:43.169,10982,10983,10982,16
2020-05-27 16:03:00.917,10981,10982,10981,1
2020-05-27 16:03:03.697,10981,10982,10982,1
2020-05-27 16:03:15.558,10981,10982,10982,1
2020-05-27 16:03:29.090,10981,10982,10981,3
2020-05-27 16:03:29.090,10981,10982,10981,1
2020-05-27 16:03:53.986,10980,10981,10981,1
2020-05-27 16:04:08.065,10980,10981,10980,1
2020-05-27 16:04:08.390,10980,10981,10981,2
2020-05-27 16:04:08.508,10980,10982,10982,2
2020-05-27 16:04:08.514,10980,10982,10982,2
2020-05-27 16:04:11.936,10981,10982,10981,2
2020-05-27 16:04:11.937,10981,10982,10981,1
2020-05-27 16:04:14.003,10981,10982,10981,1
2020-05-27 16:04:18.627,10981,10982,10981,1
2020-05-27 16:04:28.038,10981,10982,10982,6
2020-05-27 16:04:44.232,10981,10982,10982,1
2020-05-27 16:04:44.232,10981,10982,10983,14
2020-05-27 16:04:47.613,10981,10983,10982,1
2020-05-27 16:04:54.943,10982,10983,10982,1
2020-05-27 16:05:15.560,10982,10983,10983,5
2020-05-27 16:05:15.718,10983,10984,10984,1
2020-05-27 16:05:18.023,10983,10984,10984,16
2020-05-27 16:05:18.024,10983,10984,10984,1
2020-05-27 16:05:18.060,10984,10985,10985,1
2020-05-27 16:05:18.181,10984,10985,10985,1
2020-05-27 16:05:18.181,10984,10985,10985,2
2020-05-27 16:05:18.183,10984,10985,10985,2
2020-05-27 16:05:18.188,10984,10985,10985,1
2020-05-27 16:05:18.192,10984,10985,10985,1
2020-05-27 16:05:18.192,10984,10985,10985,1
2020-05-27 16:05:18.193,10984,10985,10985,8
2020-05-27 16:05:18.203,10984,10985,10985,2
2020-05-27 16:05:18.215,10984,10985,10985,2
2020-05-27 16:05:18.459,10984,10985,10985,1
2020-05-27 16:05:20.324,10983,10985,10983,1
2020-05-27 16:05:20.874,10983,10985,10985,2
2020-05-27 16:05:21.721,10983,10984,10984,1
2020-05-27 16:05:22.587,10984,10985,10984,2
2020-05-27 16:05:22.588,10984,10985,10984,3
2020-05-27 16:05:22.928,10982,10984,10984,1
2020-05-27 16:05:30.206,10983,10984,10984,5
2020-05-27 16:05:30.293,10983,10984,10984,1
2020-05-27 16:05:30.585,10983,10985,10985,1
2020-05-27 16:05:31.286,10983,10985,10985,2
2020-05-27 16:05:33.614,10983,10984,10984,1
2020-05-27 16:05:36.289,10984,10985,10985,3
2020-05-27 16:05:36.663,10984,10985,10985,3
2020-05-27 16:05:37.504,10984,10985,10985,6
2020-05-27 16:05:37.901,10984,10985,10984,1
2020-05-27 16:05:49.807,10984,10985,10984,2
2020-05-27 16:05:54.065,10984,10985,10984,1
2020-05-27 16:05:57.563,10984,10985,10984,1
2020-05-27 16:06:12.368,10984,10985,10984,1
2020-05-27 16:06:17.576,10984,10985,10984,1
2020-05-27 16:06:18.820,10984,10985,10984,1
2020-05-27 16:06:21.750,10984,10985,10985,1
2020-05-27 16:06:30.316,10984,10985,10985,1
2020-05-27 16:06:30.373,10984,10985,10985,1
2020-05-27 16:06:37.706,10984,10985,10984,2
2020-05-27 16:06:41.944,10984,10985,10984,12
2020-05-27 16:06:54.770,10983,10984,10984,2
2020-05-27 16:07:01.823,10983,10984,10984,1
2020-05-27 16:07:02.447,10983,10984,10984,3
2020-05-27 16:07:04.813,10983,10984,10984,2
2020-05-27 16:07:05.008,10983,10984,10984,1
2020-05-27 16:07:05.009,10983,10984,10984,2
2020-05-27 16:07:11.239,10984,10985,10984,1
2020-05-27 16:07:28.866,10984,10985,10984,1
2020-05-27 16:07:48.341,10984,10985,10984,2
2020-05-27 16:07:48.341,10984,10985,10984,4
2020-05-27 16:08:03.557,10983,10984,10984,2
2020-05-27 16:08:12.942,10983,10984,10983,1
2020-05-27 16:08:24.745,10983,10984,10983,11
2020-05-27 16:08:24.746,10983,10984,10983,1
2020-05-27 16:08:24.746,10983,10984,10983,1
2020-05-27 16:08:24.746,10983,10984,10983,1
2020-05-27 16:08:29.831,10982,10983,10983,5
2020-05-27 16:08:30.590,10982,10983,10982,1
2020-05-27 16:08:30.591,10982,10983,10982,5
2020-05-27 16:08:30.591,10982,10983,10982,2
2020-05-27 16:08:33.894,10981,10982,10982,3
2020-05-27 16:08:33.894,10981,10982,10982,1
2020-05-27 16:08:45.724,10982,10984,10982,1
2020-05-27 16:09:02.228,10982,10983,10982,3
2020-05-27 16:09:02.229,10982,10983,10982,1
2020-05-27 16:09:02.230,10982,10983,10982,1
2020-05-27 16:09:02.230,10982,10983,10982,1
2020-05-27 16:09:22.475,10982,10983,10982,1
2020-05-27 16:09:26.018,10982,10983,10982,1
2020-05-27 16:09:35.073,10982,10983,10982,1
2020-05-27 16:09:38.205,10982,10983,10983,1
2020-05-27 16:09:52.178,10982,10983,10983,2
2020-05-27 16:10:02.014,10982,10983,10982,3
2020-05-27 16:10:24.330,10981,10982,10981,2
2020-05-27 16:10:27.289,10981,10982,10982,1
2020-05-27 16:10:41.596,10981,10982,10982,2
2020-05-27 16:10:42.189,10981,10982,10981,1
2020-05-27 16:10:45.063,10981,10982,10981,1
2020-05-27 16:10:55.649,10981,10982,10981,1
2020-05-27 16:10:58.149,10981,10982,10981,1
2020-05-27 16:11:23.842,10980,10981,10981,1
2020-05-27 16:11:28.118,10980,10981,10981,5
2020-05-27 16:11:33.701,10981,10982,10982,1
2020-05-27 16:11:34.920,10981,10982,10982,2
2020-05-27 16:11:34.920,10981,10982,10982,2
2020-05-27 16:11:38.651,10982,10983,10982,9
2020-05-27 16:11:52.541,10982,10983,10983,1
2020-05-27 16:11:56.921,10982,10983,10983,1
2020-05-27 16:12:06.054,10983,10984,10983,1
2020-05-27 16:12:06.189,10982,10984,10982,1
2020-05-27 16:12:09.761,10983,10984,10983,2
2020-05-27 16:12:12.167,10983,10984,10983,1
2020-05-27 16:12:19.433,10982,10983,10983,3
2020-05-27 16:12:32.490,10983,10984,10983,1
2020-05-27 16:12:36.526,10983,10984,10983,1
2020-05-27 16:12:37.390,10983,10984,10984,1
2020-05-27 16:12:37.398,10983,10984,10984,1
2020-05-27 16:12:44.931,10983,10984,10984,1
2020-05-27 16:12:45.759,10983,10984,10984,1
2020-05-27 16:12:46.172,10983,10984,10984,1
2020-05-27 16:12:46.172,10983,10984,10984,1
2020-05-27 16:12:47.560,10983,10984,10984,1
2020-05-27 16:12:47.760,10983,10984,10984,1
2020-05-27 16:12:47.960,10983,10984,10984,1
2020-05-27 16:13:04.078,10983,10984,10983,2
2020-05-27 16:13:11.049,10983,10984,10983,2
2020-05-27 16:13:11.050,10983,10984,10983,1
2020-05-27 16:13:17.284,10982,10983,10983,3
2020-05-27 16:13:20.103,10982,10983,10983,1
2020-05-27 16:13:22.670,10982,10983,10983,1
2020-05-27 16:13:22.981,10982,10983,10983,1
2020-05-27 16:13:25.930,10982,10983,10982,1
2020-05-27 16:13:29.681,10982,10983,10983,1
2020-05-27 16:13:31.663,10982,10983,10983,1
2020-05-27 16:13:32.564,10982,10983,10983,1
2020-05-27 16:13:33.270,10982,10983,10983,1
2020-05-27 16:13:39.598,10982,10983,10982,1
2020-05-27 16:13:56.979,10982,10983,10982,1
2020-05-27 16:14:03.977,10982,10983,10982,1
2020-05-27 16:14:15.930,10982,10983,10982,1
2020-05-27 16:14:16.852,10982,10983,10983,2
2020-05-27 16:14:16.852,10982,10983,10983,12
2020-05-27 16:14:23.557,10982,10984,10984,1
2020-05-27 16:14:27.648,10982,10984,10983,1
2020-05-27 16:14:32.857,10982,10983,10983,1
2020-05-27 16:14:39.790,10983,10984,10984,2
2020-05-27 16:14:57.097,10983,10984,10983,1
2020-05-27 16:14:57.097,10983,10984,10983,1
2020-05-27 16:15:02.436,10982,10983,10983,7
2020-05-27 16:15:25.401,10982,10983,10983,1
2020-05-27 16:15:25.401,10982,10983,10983,1
2020-05-27 16:15:25.401,10982,10983,10983,2
2020-05-27 16:15:42.852,10983,10984,10984,10
2020-05-27 16:15:43.079,10983,10984,10984,3
2020-05-27 16:15:43.175,10984,10985,10984,3
2020-05-27 16:15:43.351,10984,10985,10985,10
2020-05-27 16:15:43.885,10983,10985,10985,10
2020-05-27 16:16:27.810,10984,10985,10985,2
2020-05-27 16:16:27.810,10984,10985,10985,5
2020-05-27 16:16:27.810,10984,10985,10985,1
2020-05-27 16:16:27.954,10985,10986,10986,1
2020-05-27 16:16:30.217,10984,10986,10986,1
2020-05-27 16:16:30.397,10984,10986,10986,1
2020-05-27 16:16:30.528,10984,10986,10986,1
2020-05-27 16:16:36.756,10984,10986,10986,1
2020-05-27 16:16:48.253,10984,10985,10985,1
2020-05-27 16:17:02.050,10984,10985,10985,1
2020-05-27 16:17:06.498,10984,10985,10985,2
2020-05-27 16:17:25.417,10984,10985,10985,3
2020-05-27 16:17:25.930,10985,10986,10985,1
2020-05-27 16:17:33.058,10985,10986,10985,1
2020-05-27 16:17:39.594,10985,10986,10985,1
2020-05-27 16:17:48.754,10985,10986,10985,1
2020-05-27 16:17:51.723,10985,10986,10985,1
2020-05-27 16:17:52.177,10985,10986,10985,3
2020-05-27 16:17:52.178,10985,10986,10985,1
2020-05-27 16:17:52.178,10985,10986,10985,1
2020-05-27 16:17:52.178,10985,10986,10985,1
2020-05-27 16:17:52.534,10985,10986,10985,1
2020-05-27 16:18:02.442,10984,10985,10985,1
2020-05-27 16:18:02.844,10984,10985,10985,1
2020-05-27 16:18:02.863,10984,10985,10985,1
2020-05-27 16:18:02.864,10984,10985,10985,2
2020-05-27 16:18:05.056,10985,10986,10985,1
2020-05-27 16:18:34.234,10985,10986,10986,1
2020-05-27 16:18:34.234,10985,10986,10986,1
2020-05-27 16:18:34.235,10985,10986,10986,5
2020-05-27 16:18:34.235,10985,10986,10986,1
2020-05-27 16:18:34.235,10985,10986,10986,1
2020-05-27 16:18:34.235,10985,10986,10986,4
2020-05-27 16:18:34.235,10985,10986,10986,4
2020-05-27 16:18:35.450,10986,10987,10987,2
2020-05-27 16:18:35.601,10986,10987,10987,1
2020-05-27 16:18:35.623,10986,10987,10987,1
2020-05-27 16:18:35.623,10986,10987,10987,3
2020-05-27 16:18:35.623,10986,10987,10987,2
2020-05-27 16:18:35.623,10986,10987,10987,1
2020-05-27 16:18:35.623,10986,10987,10987,1
2020-05-27 16:18:35.624,10986,10987,10987,1
2020-05-27 16:18:35.749,10986,10987,10987,1
2020-05-27 16:18:35.750,10986,10987,10987,1
2020-05-27 16:18:35.751,10986,10987,10987,2
2020-05-27 16:18:45.201,10986,10987,10987,1
2020-05-27 16:18:45.302,10986,10987,10987,1
2020-05-27 16:18:49.287,10986,10987,10987,2
2020-05-27 16:18:49.586,10986,10987,10986,2
2020-05-27 16:18:50.349,10986,10987,10987,3
2020-05-27 16:18:51.280,10986,10987,10986,1
2020-05-27 16:18:52.768,10986,10987,10987,3
2020-05-27 16:18:54.800,10986,10988,10986,1
2020-05-27 16:18:56.060,10986,10987,10987,1
2020-05-27 16:18:59.317,10987,10988,10987,1
2020-05-27 16:19:00.323,10987,10988,10987,1
2020-05-27 16:19:11.237,10986,10987,10987,1
2020-05-27 16:19:11.640,10986,10987,10987,1
2020-05-27 16:19:18.080,10987,10988,10987,1
2020-05-27 16:19:19.092,10987,10988,10988,5
2020-05-27 16:19:19.287,10987,10988,10988,1
2020-05-27 16:19:21.847,10987,10988,10988,2
2020-05-27 16:19:24.695,10987,10988,10988,1
2020-05-27 16:19:28.406,10987,10988,10988,1
2020-05-27 16:19:29.857,10987,10988,10987,1
2020-05-27 16:19:30.253,10987,10988,10988,1
2020-05-27 16:19:30.349,10987,10988,10988,1
2020-05-27 16:19:31.066,10987,10988,10987,4
2020-05-27 16:19:32.850,10986,10987,10987,1
2020-05-27 16:19:35.204,10986,10987,10986,3
2020-05-27 16:19:48.550,10986,10987,10987,7
2020-05-27 16:19:50.982,10987,10988,10987,1
2020-05-27 16:19:55.296,10987,10988,10987,1
2020-05-27 16:19:57.049,10987,10988,10987,1
2020-05-27 16:20:01.921,10987,10988,10988,1
2020-05-27 16:20:01.993,10987,10988,10988,1
2020-05-27 16:20:02.001,10987,10988,10988,1
2020-05-27 16:20:02.019,10987,10988,10988,1
2020-05-27 16:20:02.026,10987,10988,10988,1
2020-05-27 16:20:02.183,10987,10988,10988,2
2020-05-27 16:20:02.945,10987,10988,10988,1
2020-05-27 16:20:05.711,10987,10988,10988,1
2020-05-27 16:20:08.083,10987,10988,10988,1
2020-05-27 16:20:10.029,10987,10988,10987,2
2020-05-27 16:20:10.244,10987,10988,10988,1
2020-05-27 16:20:10.500,10987,10988,10988,1
2020-05-27 16:20:10.982,10987,10988,10988,1
2020-05-27 16:20:12.766,10987,10988,10988,1
2020-05-27 16:20:15.267,10987,10988,10988,1
2020-05-27 16:20:18.461,10987,10988,10987,1
2020-05-27 16:20:18.642,10987,10988,10987,3
2020-05-27 16:20:19.045,10986,10987,10987,1
2020-05-27 16:20:43.945,10986,10987,10987,6
2020-05-27 16:20:53.369,10986,10987,10987,1
2020-05-27 16:20:59.429,10986,10987,10987,1
2020-05-27 16:21:10.354,10986,10987,10987,5
2020-05-27 16:21:13.032,10987,10988,10988,1
2020-05-27 16:21:14.395,10987,10988,10987,1
2020-05-27 16:21:17.456,10987,10988,10988,2
2020-05-27 16:21:17.456,10987,10988,10988,2
2020-05-27 16:21:17.457,10987,10988,10988,5
2020-05-27 16:21:17.849,10988,10989,10988,3
2020-05-27 16:21:17.849,10988,10989,10987,3
2020-05-27 16:21:32.713,10988,10989,10988,1
2020-05-27 16:21:56.645,10988,10989,10989,1
2020-05-27 16:21:57.870,10988,10989,10989,1
2020-05-27 16:21:57.883,10988,10989,10988,1
2020-05-27 16:21:58.873,10988,10989,10989,1
2020-05-27 16:22:00.520,10988,10989,10989,1
2020-05-27 16:22:00.623,10988,10989,10989,1
2020-05-27 16:22:00.788,10988,10989,10989,1
2020-05-27 16:22:02.300,10988,10989,10989,1
2020-05-27 16:22:03.812,10988,10989,10989,1
2020-05-27 16:22:03.927,10988,10989,10989,1
2020-05-27 16:22:03.928,10988,10989,10989,1
2020-05-27 16:22:03.929,10988,10989,10989,1
2020-05-27 16:22:03.929,10988,10989,10989,2
2020-05-27 16:22:03.929,10988,10989,10989,1
2020-05-27 16:22:03.929,10988,10989,10989,1
2020-05-27 16:22:03.929,10988,10989,10989,1
2020-05-27 16:22:03.929,10988,10989,10989,6
2020-05-27 16:22:03.929,10988,10989,10989,4
2020-05-27 16:22:03.929,10988,10989,10989,1
2020-05-27 16:22:03.929,10988,10989,10989,4
2020-05-27 16:22:03.934,10988,10989,10990,1
2020-05-27 16:22:03.935,10988,10989,10990,1
2020-05-27 16:22:03.936,10988,10989,10990,1
2020-05-27 16:22:03.940,10988,10989,10990,1
2020-05-27 16:22:03.943,10988,10989,10990,1
2020-05-27 16:22:03.957,10988,10989,10990,1
2020-05-27 16:22:04.525,10989,10990,10990,1
2020-05-27 16:22:04.675,10989,10990,10990,1
2020-05-27 16:22:04.774,10989,10990,10990,1
2020-05-27 16:22:04.990,10989,10990,10989,2
2020-05-27 16:22:07.796,10989,10990,10990,1
2020-05-27 16:22:09.807,10989,10990,10989,1
2020-05-27 16:22:15.305,10989,10990,10989,1
2020-05-27 16:22:18.402,10989,10990,10989,1
2020-05-27 16:22:29.323,10989,10990,10989,2
2020-05-27 16:22:29.323,10989,10990,10989,3
2020-05-27 16:22:29.323,10989,10990,10989,7
2020-05-27 16:22:29.958,10988,10989,10989,1
2020-05-27 16:22:30.096,10988,10989,10989,1
2020-05-27 16:22:36.969,10988,10989,10989,2
2020-05-27 16:22:43.974,10988,10989,10988,1
2020-05-27 16:22:44.683,10988,10989,10989,1
2020-05-27 16:22:52.058,10988,10989,10989,2
2020-05-27 16:22:53.371,10988,10989,10988,5
2020-05-27 16:22:54.439,10988,10989,10989,1
2020-05-27 16:22:55.040,10988,10989,10989,1
2020-05-27 16:22:55.480,10988,10989,10989,1
2020-05-27 16:22:56.459,10988,10989,10989,1
2020-05-27 16:23:07.331,10988,10989,10989,1
2020-05-27 16:23:13.526,10988,10989,10989,1
2020-05-27 16:23:15.466,10988,10989,10988,3
2020-05-27 16:23:15.466,10988,10989,10988,9
2020-05-27 16:23:18.737,10987,10988,10987,1
2020-05-27 16:23:22.053,10986,10987,10987,1
2020-05-27 16:23:24.550,10986,10987,10986,2
2020-05-27 16:23:33.544,10986,10987,10986,1
2020-05-27 16:23:37.941,10986,10987,10986,1
2020-05-27 16:23:41.120,10986,10987,10987,1
2020-05-27 16:23:50.155,10986,10987,10986,1
2020-05-27 16:23:52.256,10986,10987,10987,1
2020-05-27 16:23:56.090,10986,10987,10987,1
2020-05-27 16:24:02.502,10986,10987,10987,1
2020-05-27 16:24:02.800,10986,10987,10987,1
2020-05-27 16:24:03.523,10986,10987,10987,1
2020-05-27 16:24:05.074,10986,10987,10987,1
2020-05-27 16:24:07.134,10986,10987,10987,2
2020-05-27 16:24:17.284,10987,10988,10987,1
2020-05-27 16:24:23.958,10987,10988,10987,2
2020-05-27 16:25:09.608,10986,10987,10987,1
2020-05-27 16:25:13.000,10986,10987,10986,1
2020-05-27 16:25:13.000,10986,10987,10986,7
2020-05-27 16:25:13.000,10986,10987,10986,4
2020-05-27 16:25:13.000,10986,10987,10986,2
2020-05-27 16:25:13.000,10986,10987,10986,1
2020-05-27 16:25:13.000,10986,10987,10986,6
2020-05-27 16:25:13.000,10986,10987,10986,1
2020-05-27 16:25:16.731,10985,10986,10985,1
2020-05-27 16:25:17.436,10985,10986,10985,2
2020-05-27 16:25:17.482,10985,10986,10985,2
2020-05-27 16:25:17.634,10985,10986,10985,2
2020-05-27 16:25:17.748,10985,10986,10985,2
2020-05-27 16:25:17.750,10985,10986,10985,2
2020-05-27 16:25:17.826,10985,10986,10985,4
2020-05-27 16:25:18.001,10985,10986,10985,1
2020-05-27 16:25:18.001,10985,10986,10984,3
2020-05-27 16:25:18.089,10984,10986,10984,4
2020-05-27 16:25:31.746,10984,10986,10984,1
2020-05-27 16:25:32.420,10984,10986,10984,1
2020-05-27 16:25:35.180,10984,10986,10984,2
2020-05-27 16:25:39.093,10985,10986,10985,1
2020-05-27 16:26:02.424,10984,10986,10984,2
2020-05-27 16:26:04.963,10984,10985,10985,1
2020-05-27 16:26:35.994,10984,10985,10985,3
2020-05-27 16:26:39.244,10984,10985,10985,2
2020-05-27 16:26:40.857,10984,10985,10984,2
2020-05-27 16:26:40.858,10984,10985,10984,4
2020-05-27 16:26:40.858,10984,10985,10984,2
2020-05-27 16:26:40.858,10984,10985,10984,5
2020-05-27 16:26:47.734,10983,10984,10983,2
2020-05-27 16:26:48.140,10983,10984,10983,3
2020-05-27 16:26:48.166,10983,10984,10983,1
2020-05-27 16:27:02.369,10982,10983,10983,1
2020-05-27 16:27:02.468,10982,10983,10982,4
2020-05-27 16:27:03.002,10982,10983,10983,1
2020-05-27 16:27:03.330,10982,10983,10982,1
2020-05-27 16:27:03.331,10982,10983,10982,1
2020-05-27 16:27:04.469,10982,10983,10982,1
2020-05-27 16:27:05.744,10982,10983,10982,10
2020-05-27 16:27:07.254,10982,10983,10982,6
2020-05-27 16:27:16.532,10981,10982,10981,1
2020-05-27 16:27:17.152,10981,10982,10981,1
2020-05-27 16:27:20.393,10981,10982,10981,1
2020-05-27 16:27:23.113,10981,10982,10981,1
2020-05-27 16:27:24.557,10981,10982,10982,1
2020-05-27 16:27:25.437,10981,10982,10981,2
2020-05-27 16:27:26.057,10981,10982,10982,1
2020-05-27 16:27:26.057,10981,10982,10982,1
2020-05-27 16:27:26.057,10981,10982,10982,1
2020-05-27 16:27:30.381,10982,10983,10982,2
2020-05-27 16:27:30.934,10982,10983,10982,8
2020-05-27 16:27:30.935,10982,10983,10982,1
2020-05-27 16:27:33.440,10982,10983,10982,1
2020-05-27 16:27:39.141,10982,10983,10982,4
2020-05-27 16:27:49.462,10981,10982,10981,2
2020-05-27 16:27:54.166,10981,10982,10981,1
2020-05-27 16:27:55.123,10981,10982,10981,1
2020-05-27 16:27:55.326,10981,10982,10981,1
2020-05-27 16:27:56.493,10981,10982,10982,2
2020-05-27 16:27:57.466,10981,10982,10982,17
2020-05-27 16:27:57.466,10981,10982,10982,1
2020-05-27 16:27:57.466,10981,10982,10982,1
2020-05-27 16:27:57.466,10981,10982,10982,1
2020-05-27 16:27:57.467,10981,10982,10982,1
2020-05-27 16:27:59.996,10982,10983,10983,1
2020-05-27 16:28:03.296,10982,10983,10982,5
2020-05-27 16:28:10.249,10982,10983,10982,1
2020-05-27 16:28:10.347,10981,10982,10982,1
2020-05-27 16:28:12.030,10981,10982,10982,1
2020-05-27 16:28:13.352,10981,10982,10981,2
2020-05-27 16:28:13.352,10981,10982,10981,6
2020-05-27 16:28:13.352,10981,10982,10981,1
2020-05-27 16:28:17.365,10980,10981,10980,5
2020-05-27 16:28:17.365,10980,10981,10980,17
2020-05-27 16:28:17.365,10980,10981,10980,1
2020-05-27 16:28:17.365,10980,10981,10980,1
2020-05-27 16:28:17.365,10980,10981,10980,2
2020-05-27 16:28:18.290,10979,10980,10979,2
2020-05-27 16:28:18.292,10979,10980,10979,1
2020-05-27 16:28:18.294,10979,10980,10979,2
2020-05-27 16:28:18.304,10978,10979,10978,2
2020-05-27 16:28:18.305,10978,10979,10978,17
2020-05-27 16:28:18.305,10978,10979,10978,3
2020-05-27 16:28:18.305,10978,10979,10978,2
2020-05-27 16:28:18.337,10978,10979,10977,1
2020-05-27 16:28:18.493,10977,10978,10977,1
2020-05-27 16:28:18.505,10977,10978,10978,3
2020-05-27 16:28:20.995,10978,10979,10978,1
2020-05-27 16:28:21.904,10978,10979,10978,1
2020-05-27 16:28:23.366,10978,10979,10978,1
2020-05-27 16:28:25.354,10978,10979,10979,3
2020-05-27 16:28:25.870,10978,10979,10979,2
2020-05-27 16:28:25.871,10978,10979,10979,1
2020-05-27 16:28:30.924,10980,10981,10980,1
2020-05-27 16:28:33.770,10980,10981,10980,1
2020-05-27 16:28:38.467,10980,10981,10980,1
2020-05-27 16:28:39.007,10980,10981,10980,1
2020-05-27 16:28:45.758,10980,10981,10980,1
2020-05-27 16:28:48.424,10979,10980,10980,2
2020-05-27 16:28:48.424,10979,10980,10980,2
2020-05-27 16:28:48.424,10979,10980,10980,2
2020-05-27 16:28:53.259,10979,10980,10980,1
2020-05-27 16:28:56.914,10979,10980,10980,1
2020-05-27 16:28:58.655,10979,10980,10980,1
2020-05-27 16:29:00.459,10979,10980,10980,1
2020-05-27 16:29:00.518,10979,10980,10980,2
2020-05-27 16:29:00.589,10979,10980,10980,3
2020-05-27 16:29:05.383,10980,10981,10980,1
2020-05-27 16:29:06.114,10980,10981,10980,1
2020-05-27 16:29:06.839,10980,10981,10980,1
2020-05-27 16:29:07.789,10980,10981,10980,1
2020-05-27 16:29:10.152,10979,10980,10980,1
2020-05-27 16:29:11.514,10980,10981,10980,1
2020-05-27 16:29:15.449,10980,10981,10980,1
2020-05-27 16:29:30.569,10980,10981,10980,1
2020-05-27 16:29:32.933,10980,10981,10980,1
2020-05-27 16:29:38.589,10980,10981,10981,1
2020-05-27 16:29:38.916,10980,10981,10981,4
2020-05-27 16:29:39.236,10980,10981,10981,1
2020-05-27 16:29:44.817,10980,10981,10980,3
2020-05-27 16:29:45.764,10979,10980,10980,1
2020-05-27 16:29:49.261,10979,10980,10980,4
2020-05-27 16:29:49.261,10979,10980,10980,1
2020-05-27 16:29:54.980,10980,10981,10980,1
2020-05-27 16:30:02.359,10980,10981,10981,2
2020-05-27 16:30:02.946,10980,10981,10981,3
2020-05-27 16:30:03.196,10980,10982,10982,1
2020-05-27 16:30:03.411,10980,10982,10982,4
2020-05-27 16:30:04.204,10981,10982,10982,8
2020-05-27 16:30:05.294,10981,10983,10981,1
2020-05-27 16:30:05.952,10981,10983,10981,1
2020-05-27 16:30:06.788,10981,10983,10983,12
2020-05-27 16:30:07.698,10983,10984,10983,1
2020-05-27 16:30:08.016,10983,10984,10984,4
2020-05-27 16:30:08.096,10984,10985,10985,1
2020-05-27 16:30:08.179,10984,10985,10985,1
2020-05-27 16:30:09.715,10984,10985,10985,11
2020-05-27 16:30:10.016,10985,10986,10986,1
2020-05-27 16:30:10.998,10985,10986,10986,2
2020-05-27 16:30:12.934,10985,10987,10986,1
2020-05-27 16:30:13.221,10986,10987,10986,1
2020-05-27 16:30:14.643,10985,10986,10985,1
2020-05-27 16:30:15.055,10985,10986,10985,1
2020-05-27 16:30:15.555,10985,10986,10985,1
2020-05-27 16:30:15.959,10985,10986,10985,1
2020-05-27 16:30:16.871,10985,10986,10986,2
2020-05-27 16:30:16.871,10985,10986,10986,1
2020-05-27 16:30:17.131,10986,10987,10986,2
2020-05-27 16:30:19.528,10985,10987,10985,1
2020-05-27 16:30:36.752,10985,10986,10985,1
2020-05-27 16:30:37.710,10985,10986,10985,1
2020-05-27 16:30:43.263,10985,10986,10986,1
2020-05-27 16:30:44.628,10985,10986,10985,5
2020-05-27 16:30:48.879,10985,10986,10985,1
2020-05-27 16:31:11.611,10985,10986,10985,2
2020-05-27 16:31:11.888,10985,10986,10985,2
2020-05-27 16:31:17.888,10985,10986,10985,1
2020-05-27 16:31:22.890,10984,10985,10985,9
2020-05-27 16:31:22.930,10984,10986,10986,1
2020-05-27 16:31:22.931,10984,10986,10986,1
2020-05-27 16:31:22.934,10984,10986,10986,1
2020-05-27 16:31:22.938,10984,10986,10986,1
2020-05-27 16:31:22.948,10984,10986,10986,3
2020-05-27 16:31:39.299,10985,10986,10985,1
2020-05-27 16:31:49.814,10984,10985,10985,1
2020-05-27 16:31:55.564,10984,10985,10985,1
2020-05-27 16:32:04.914,10984,10985,10984,1
2020-05-27 16:32:09.110,10984,10985,10985,1
2020-05-27 16:32:13.298,10984,10985,10984,2
2020-05-27 16:32:34.528,10983,10984,10984,2
2020-05-27 16:33:00.054,10983,10984,10984,2
2020-05-27 16:33:30.037,10983,10984,10983,1
2020-05-27 16:33:36.039,10983,10984,10984,2
2020-05-27 16:33:36.039,10983,10984,10984,3
2020-05-27 16:33:36.039,10983,10984,10984,1
2020-05-27 16:33:36.039,10983,10984,10984,3
2020-05-27 16:33:42.000,10984,10985,10985,8
2020-05-27 16:33:56.758,10984,10985,10985,1
2020-05-27 16:34:01.604,10985,10986,10985,1
2020-05-27 16:34:07.639,10984,10985,10985,1
2020-05-27 16:34:11.426,10984,10985,10985,1
2020-05-27 16:34:14.266,10985,10986,10985,1
2020-05-27 16:34:20.038,10985,10986,10986,1
2020-05-27 16:34:23.355,10985,10986,10986,1
2020-05-27 16:34:23.525,10985,10986,10986,1
2020-05-27 16:34:24.701,10985,10986,10985,2
2020-05-27 16:34:24.701,10985,10986,10985,1
2020-05-27 16:34:27.382,10984,10985,10985,1
2020-05-27 16:34:31.729,10985,10986,10985,1
2020-05-27 16:35:00.342,10984,10985,10984,3
2020-05-27 16:35:15.264,10984,10985,10984,1
2020-05-27 16:35:27.018,10983,10984,10984,1
2020-05-27 16:35:54.828,10984,10985,10985,1
2020-05-27 16:35:56.541,10985,10986,10985,1
2020-05-27 16:36:06.332,10985,10986,10985,1
2020-05-27 16:36:06.764,10985,10986,10986,10
2020-05-27 16:36:06.813,10985,10986,10986,1
2020-05-27 16:36:06.984,10985,10986,10986,3
2020-05-27 16:36:07.255,10986,10987,10987,10
2020-05-27 16:36:07.747,10986,10987,10987,6
2020-05-27 16:36:07.749,10986,10987,10987,1
2020-05-27 16:36:07.803,10987,10988,10988,3
2020-05-27 16:36:07.803,10987,10988,10988,1
2020-05-27 16:36:07.806,10987,10988,10988,1
2020-05-27 16:36:07.808,10987,10988,10988,1
2020-05-27 16:36:07.810,10987,10988,10988,1
2020-05-27 16:36:07.814,10987,10988,10988,1
2020-05-27 16:36:07.815,10987,10988,10988,1
2020-05-27 16:36:07.977,10987,10988,10988,1
2020-05-27 16:36:17.673,10986,10988,10988,1
2020-05-27 16:36:27.822,10986,10987,10987,1
2020-05-27 16:36:33.237,10986,10987,10987,1
2020-05-27 16:36:40.539,10987,10988,10987,1
2020-05-27 16:36:41.053,10987,10988,10987,2
2020-05-27 16:36:49.308,10987,10988,10988,1
2020-05-27 16:36:49.308,10987,10988,10988,7
2020-05-27 16:36:49.308,10987,10988,10988,8
2020-05-27 16:36:49.308,10987,10988,10988,7
2020-05-27 16:36:49.315,10987,10988,10989,2
2020-05-27 16:36:49.486,10988,10989,10989,1
2020-05-27 16:36:49.517,10988,10989,10989,1
2020-05-27 16:36:49.517,10988,10989,10989,1
2020-05-27 16:36:49.517,10988,10989,10989,4
2020-05-27 16:36:49.517,10988,10989,10989,1
2020-05-27 16:36:49.517,10988,10989,10989,8
2020-05-27 16:36:49.517,10988,10989,10989,2
2020-05-27 16:36:49.517,10988,10989,10989,1
2020-05-27 16:36:49.517,10988,10989,10989,3
2020-05-27 16:36:49.517,10988,10989,10989,2
2020-05-27 16:36:49.518,10988,10989,10989,1
2020-05-27 16:36:49.518,10988,10989,10989,1
2020-05-27 16:36:49.518,10988,10989,10989,5
2020-05-27 16:36:49.846,10989,10990,10990,5
2020-05-27 16:36:49.917,10989,10990,10990,1
2020-05-27 16:36:50.018,10989,10990,10990,6
2020-05-27 16:36:50.039,10989,10990,10990,6
2020-05-27 16:36:50.040,10989,10990,10990,4
2020-05-27 16:36:50.078,10989,10990,10990,2
2020-05-27 16:36:50.078,10989,10990,10991,7
2020-05-27 16:36:50.190,10989,10991,10991,1
2020-05-27 16:36:50.264,10989,10991,10991,1
2020-05-27 16:36:50.280,10989,10991,10991,1
2020-05-27 16:36:50.312,10989,10991,10991,1
2020-05-27 16:36:50.418,10989,10991,10990,2
2020-05-27 16:36:50.418,10989,10991,10991,1
2020-05-27 16:36:50.544,10989,10991,10991,1
2020-05-27 16:36:53.866,10989,10991,10991,1
2020-05-27 16:36:55.994,10989,10991,10991,2
2020-05-27 16:36:56.071,10989,10991,10991,1
2020-05-27 16:36:56.160,10989,10991,10991,2
2020-05-27 16:36:56.668,10990,10991,10990,1
2020-05-27 16:36:57.437,10989,10991,10991,3
2020-05-27 16:36:58.154,10989,10991,10991,2
2020-05-27 16:37:00.228,10989,10991,10991,1
2020-05-27 16:37:00.896,10989,10991,10991,1
2020-05-27 16:37:02.347,10989,10991,10990,1
2020-05-27 16:37:06.901,10990,10991,10990,1
2020-05-27 16:37:10.936,10990,10991,10991,1
2020-05-27 16:37:11.321,10990,10991,10991,1
2020-05-27 16:37:12.736,10990,10991,10990,1
2020-05-27 16:37:13.687,10990,10991,10991,2
2020-05-27 16:37:14.797,10990,10991,10991,4
2020-05-27 16:37:15.098,10991,10992,10992,3
2020-05-27 16:37:15.346,10991,10992,10992,1
2020-05-27 16:37:15.351,10991,10992,10992,1
2020-05-27 16:37:15.840,10991,10992,10992,2
2020-05-27 16:37:16.071,10991,10992,10991,1
2020-05-27 16:37:17.173,10991,10992,10991,1
2020-05-27 16:37:18.089,10991,10992,10992,2
2020-05-27 16:37:18.089,10991,10992,10992,1
2020-05-27 16:37:18.089,10991,10992,10992,1
2020-05-27 16:37:18.090,10991,10992,10992,1
2020-05-27 16:37:18.090,10991,10992,10992,1
2020-05-27 16:37:18.091,10991,10992,10992,4
2020-05-27 16:37:18.091,10991,10992,10992,4
2020-05-27 16:37:18.091,10991,10992,10992,1
2020-05-27 16:37:18.114,10991,10992,10993,1
2020-05-27 16:37:18.626,10992,10993,10993,10
2020-05-27 16:37:18.837,10992,10993,10993,1
2020-05-27 16:37:18.878,10992,10993,10992,3
2020-05-27 16:37:20.345,10992,10993,10993,1
2020-05-27 16:37:20.805,10992,10993,10992,2
2020-05-27 16:37:20.805,10992,10993,10992,3
2020-05-27 16:37:21.537,10991,10992,10991,3
2020-05-27 16:37:21.538,10991,10992,10991,2
2020-05-27 16:37:21.538,10991,10992,10991,2
2020-05-27 16:37:24.998,10990,10991,10991,1
2020-05-27 16:37:26.757,10990,10991,10990,1
2020-05-27 16:37:28.416,10990,10991,10991,1
2020-05-27 16:37:28.460,10990,10991,10991,1
2020-05-27 16:37:28.641,10990,10991,10991,4
2020-05-27 16:37:28.697,10990,10991,10991,6
2020-05-27 16:37:28.998,10990,10992,10991,1
2020-05-27 16:37:35.026,10990,10992,10992,1
2020-05-27 16:37:36.674,10991,10992,10991,1
2020-05-27 16:37:36.880,10991,10992,10991,1
2020-05-27 16:37:39.540,10991,10992,10991,1
2020-05-27 16:37:41.829,10991,10992,10992,1
2020-05-27 16:37:42.750,10991,10992,10992,1
2020-05-27 16:37:45.468,10991,10992,10992,1
2020-05-27 16:37:45.534,10991,10992,10992,1
2020-05-27 16:37:46.106,10991,10992,10992,1
2020-05-27 16:37:52.708,10992,10993,10993,1
2020-05-27 16:37:52.848,10992,10993,10993,1
2020-05-27 16:37:53.953,10992,10993,10993,1
2020-05-27 16:37:54.071,10992,10993,10993,1
2020-05-27 16:37:55.305,10992,10993,10993,1
2020-05-27 16:37:55.437,10992,10993,10993,1
2020-05-27 16:37:58.242,10992,10993,10993,1
2020-05-27 16:38:00.530,10992,10993,10993,1
2020-05-27 16:38:00.909,10992,10993,10993,1
2020-05-27 16:38:01.795,10992,10993,10993,1
2020-05-27 16:38:02.604,10992,10993,10993,1
2020-05-27 16:38:05.590,10992,10993,10993,7
2020-05-27 16:38:05.737,10992,10993,10993,3
2020-05-27 16:38:06.176,10992,10993,10992,1
2020-05-27 16:38:08.774,10992,10993,10992,2
2020-05-27 16:38:17.914,10992,10993,10992,1
2020-05-27 16:38:17.914,10992,10993,10992,9
2020-05-27 16:38:18.661,10991,10992,10992,1
2020-05-27 16:38:18.823,10991,10992,10992,2
2020-05-27 16:38:20.928,10991,10992,10992,1
2020-05-27 16:38:21.404,10991,10992,10992,1
2020-05-27 16:38:22.523,10991,10992,10992,1
2020-05-27 16:38:22.583,10992,10993,10992,3
2020-05-27 16:38:22.583,10992,10993,10992,1
2020-05-27 16:38:24.341,10991,10992,10992,1
2020-05-27 16:38:28.272,10992,10993,10992,1
2020-05-27 16:38:31.699,10992,10993,10992,6
2020-05-27 16:38:32.195,10991,10992,10992,3
2020-05-27 16:38:32.196,10991,10992,10992,2
2020-05-27 16:38:35.412,10991,10992,10992,4
2020-05-27 16:38:35.412,10991,10992,10992,1
2020-05-27 16:38:38.245,10991,10992,10992,1
2020-05-27 16:38:38.361,10992,10993,10992,1
2020-05-27 16:38:50.477,10992,10993,10992,1
2020-05-27 16:38:53.744,10992,10993,10992,1
2020-05-27 16:38:54.140,10992,10993,10992,1
2020-05-27 16:38:55.795,10992,10993,10992,1
2020-05-27 16:38:56.981,10992,10993,10992,1
2020-05-27 16:39:03.965,10992,10993,10993,1
2020-05-27 16:39:03.982,10992,10993,10993,10
2020-05-27 16:39:03.982,10992,10993,10993,3
2020-05-27 16:39:04.498,10992,10994,10992,1
2020-05-27 16:39:15.069,10992,10994,10992,1
2020-05-27 16:39:19.583,10992,10993,10993,1
2020-05-27 16:39:19.843,10993,10994,10993,1
2020-05-27 16:39:21.220,10992,10993,10992,1
2020-05-27 16:39:27.153,10992,10993,10993,2
2020-05-27 16:39:27.638,10992,10993,10993,5
2020-05-27 16:39:32.099,10992,10993,10993,15
2020-05-27 16:39:36.892,10992,10993,10993,1
2020-05-27 16:39:39.172,10993,10994,10993,1
2020-05-27 16:39:41.488,10992,10993,10993,5
2020-05-27 16:39:42.470,10993,10994,10993,1
2020-05-27 16:39:45.184,10992,10993,10993,2
2020-05-27 16:39:45.184,10992,10993,10993,8
2020-05-27 16:39:45.187,10992,10993,10993,2
2020-05-27 16:39:45.187,10992,10993,10993,1
2020-05-27 16:39:45.187,10992,10993,10993,1
2020-05-27 16:39:45.188,10992,10993,10993,1
2020-05-27 16:39:47.379,10993,10994,10993,1
2020-05-27 16:39:48.838,10993,10994,10993,1
2020-05-27 16:39:53.058,10993,10994,10993,1
2020-05-27 16:39:53.059,10993,10994,10993,8
2020-05-27 16:39:54.783,10992,10993,10992,2
2020-05-27 16:39:54.784,10992,10993,10992,4
2020-05-27 16:39:54.784,10992,10993,10992,1
2020-05-27 16:39:54.784,10992,10993,10992,2
2020-05-27 16:39:54.784,10992,10993,10992,4
2020-05-27 16:40:02.077,10992,10993,10992,12
2020-05-27 16:40:02.599,10992,10993,10993,4
2020-05-27 16:40:02.692,10992,10993,10993,4
2020-05-27 16:40:02.798,10992,10993,10993,2
2020-05-27 16:40:02.798,10992,10993,10994,2
2020-05-27 16:40:02.886,10992,10993,10993,1
2020-05-27 16:40:02.892,10992,10993,10994,4
2020-05-27 16:40:03.076,10992,10994,10994,1
2020-05-27 16:40:10.511,10992,10993,10992,2
2020-05-27 16:40:10.511,10992,10993,10992,2
2020-05-27 16:40:13.898,10991,10992,10992,1
2020-05-27 16:40:14.303,10991,10993,10993,1
2020-05-27 16:40:14.706,10991,10993,10993,1
2020-05-27 16:40:15.106,10991,10993,10993,1
2020-05-27 16:40:24.215,10991,10993,10993,6
2020-05-27 16:40:34.389,10992,10993,10993,1
2020-05-27 16:40:40.467,10992,10993,10993,1
2020-05-27 16:40:41.433,10992,10993,10993,1
2020-05-27 16:40:44.381,10992,10993,10993,1
2020-05-27 16:40:47.666,10992,10993,10993,9
2020-05-27 16:40:50.037,10992,10994,10994,1
2020-05-27 16:40:54.653,10993,10994,10993,1
2020-05-27 16:40:59.996,10992,10993,10993,1
2020-05-27 16:41:00.392,10992,10993,10993,1
2020-05-27 16:41:02.185,10992,10993,10992,3
2020-05-27 16:41:07.142,10992,10993,10992,1
2020-05-27 16:41:09.098,10991,10993,10991,1
2020-05-27 16:41:15.616,10991,10993,10993,19
2020-05-27 16:41:19.184,10993,10994,10993,1
2020-05-27 16:41:20.045,10993,10994,10993,1
2020-05-27 16:41:24.946,10993,10994,10993,1
2020-05-27 16:41:27.510,10993,10994,10993,2
2020-05-27 16:41:29.154,10993,10994,10993,1
2020-05-27 16:41:31.280,10993,10994,10993,1
2020-05-27 16:41:32.405,10993,10994,10994,1
2020-05-27 16:41:32.405,10993,10994,10994,5
2020-05-27 16:41:32.406,10993,10994,10994,1
2020-05-27 16:41:32.406,10993,10994,10994,17
2020-05-27 16:41:32.406,10993,10994,10994,2
2020-05-27 16:41:32.406,10993,10994,10994,4
2020-05-27 16:41:32.406,10993,10994,10994,7
2020-05-27 16:41:32.406,10993,10994,10994,3
2020-05-27 16:41:32.407,10993,10994,10994,1
2020-05-27 16:41:34.424,10994,10995,10995,10
2020-05-27 16:41:35.049,10994,10995,10995,1
2020-05-27 16:41:35.049,10994,10995,10995,2
2020-05-27 16:41:35.049,10994,10995,10995,1
2020-05-27 16:41:35.049,10994,10995,10995,1
2020-05-27 16:41:35.050,10994,10995,10995,2
2020-05-27 16:41:35.050,10994,10995,10995,2
2020-05-27 16:41:35.144,10994,10995,10995,1
2020-05-27 16:41:35.885,10994,10995,10995,10
2020-05-27 16:41:36.122,10994,10995,10995,10
2020-05-27 16:41:36.129,10994,10995,10995,1
2020-05-27 16:41:36.313,10994,10995,10995,10
2020-05-27 16:41:36.314,10994,10995,10995,4
2020-05-27 16:41:36.315,10994,10995,10995,2
2020-05-27 16:41:36.315,10994,10995,10995,1
2020-05-27 16:41:36.442,10994,10995,10995,1
2020-05-27 16:41:36.443,10994,10995,10995,1
2020-05-27 16:41:36.450,10994,10995,10995,1
2020-05-27 16:41:36.551,10994,10995,10995,10
2020-05-27 16:41:38.048,10994,10995,10995,1
2020-05-27 16:41:38.934,10994,10995,10995,6
2020-05-27 16:41:40.933,10994,10995,10995,3
2020-05-27 16:41:41.600,10994,10995,10995,1
2020-05-27 16:41:43.094,10994,10995,10995,1
2020-05-27 16:41:43.624,10994,10995,10995,1
