2023-03-14 15:00:00.049,15333,15335,15340,52,52
2023-03-14 15:00:00.050,15340,15345,15340,3,-3
2023-03-14 15:00:00.050,15340,15345,15339,1,-1
2023-03-14 15:00:00.127,15338,15344,15338,2,-2
2023-03-14 15:00:00.167,15338,15344,15342,1,1
2023-03-14 15:00:00.167,15338,15344,15344,1,1
2023-03-14 15:00:00.202,15338,15342,15342,2,2
2023-03-14 15:00:00.214,15338,15342,15344,2,2
2023-03-14 15:00:00.241,15338,15342,15344,1,1
2023-03-14 15:00:00.242,15338,15342,15344,1,1
2023-03-14 15:00:00.289,15338,15342,15344,1,1
2023-03-14 15:00:00.289,15338,15342,15344,1,1
2023-03-14 15:00:00.316,15340,15345,15345,1,1
2023-03-14 15:00:00.337,15340,15345,15345,1,1
2023-03-14 15:00:00.376,15340,15345,15341,1,-1
2023-03-14 15:00:00.376,15340,15345,15340,3,-3
2023-03-14 15:00:00.394,15340,15345,15340,4,-4
2023-03-14 15:00:00.395,15340,15345,15342,1,-1
2023-03-14 15:00:00.403,15340,15345,15344,1,1
2023-03-14 15:00:00.404,15340,15345,15343,1,1
2023-03-14 15:00:00.407,15340,15345,15345,1,1
2023-03-14 15:00:00.436,15340,15345,15345,1,1
2023-03-14 15:00:00.449,15343,15345,15343,1,-1
2023-03-14 15:00:00.474,15343,15345,15343,1,-1
2023-03-14 15:00:00.484,15343,15345,15342,1,-1
2023-03-14 15:00:00.498,15343,15345,15341,1,-1
2023-03-14 15:00:00.520,15343,15345,15342,1,-1
2023-03-14 15:00:00.622,15342,15344,15342,1,-1
2023-03-14 15:00:00.629,15342,15344,15343,1,-1
2023-03-14 15:00:00.649,15342,15344,15344,1,1
2023-03-14 15:00:00.657,15342,15344,15342,1,-1
2023-03-14 15:00:00.700,15342,15344,15342,2,-2
2023-03-14 15:00:00.717,15342,15344,15341,1,-1
2023-03-14 15:00:00.719,15342,15344,15342,1,-1
2023-03-14 15:00:00.725,15342,15344,15341,1,-1
2023-03-14 15:00:00.755,15342,15344,15341,1,-1
2023-03-14 15:00:00.768,15342,15344,15341,1,-1
2023-03-14 15:00:00.783,15342,15344,15343,1,-1
2023-03-14 15:00:00.852,15341,15343,15343,1,1
2023-03-14 15:00:00.891,15341,15343,15341,1,-1
2023-03-14 15:00:00.906,15341,15343,15341,1,-1
2023-03-14 15:00:01.030,15341,15343,15341,1,-1
2023-03-14 15:00:01.247,15341,15343,15343,1,1
2023-03-14 15:00:01.247,15341,15343,15343,1,1
2023-03-14 15:00:01.348,15341,15344,15344,3,3
2023-03-14 15:00:01.358,15341,15344,15345,1,1
2023-03-14 15:00:01.394,15341,15344,15344,1,1
2023-03-14 15:00:01.467,15344,15346,15344,1,-1
2023-03-14 15:00:01.591,15343,15346,15345,2,2
2023-03-14 15:00:01.660,15343,15346,15344,1,-1
2023-03-14 15:00:01.877,15344,15346,15346,2,2
2023-03-14 15:00:01.984,15344,15346,15346,2,2
2023-03-14 15:00:02.137,15345,15347,15345,1,-1
2023-03-14 15:00:02.326,15345,15347,15345,2,-2
2023-03-14 15:00:02.930,15346,15348,15348,2,2
2023-03-14 15:00:03.341,15347,15349,15347,1,-1
2023-03-14 15:00:03.377,15347,15349,15347,2,-2
2023-03-14 15:00:03.377,15347,15349,15346,3,-3
2023-03-14 15:00:03.478,15345,15347,15347,2,2
2023-03-14 15:00:03.580,15345,15347,15347,1,1
2023-03-14 15:00:03.784,15345,15347,15347,2,2
2023-03-14 15:00:04.034,15346,15348,15348,2,2
2023-03-14 15:00:04.112,15346,15348,15348,5,5
2023-03-14 15:00:04.165,15346,15348,15347,1,1
2023-03-14 15:00:04.248,15347,15348,15348,1,1
2023-03-14 15:00:04.369,15347,15348,15348,10,10
2023-03-14 15:00:04.374,15347,15348,15349,10,10
2023-03-14 15:00:04.375,15347,15348,15349,1,1
2023-03-14 15:00:04.375,15347,15348,15349,1,1
2023-03-14 15:00:04.445,15348,15350,15349,1,1
2023-03-14 15:00:04.480,15348,15350,15349,1,1
2023-03-14 15:00:04.480,15348,15350,15349,1,1
2023-03-14 15:00:04.559,15348,15350,15349,1,1
2023-03-14 15:00:04.611,15349,15350,15350,1,1
2023-03-14 15:00:04.908,15350,15351,15351,2,2
2023-03-14 15:00:05.178,15351,15352,15352,6,6
2023-03-14 15:00:06.028,15353,15354,15353,4,-4
2023-03-14 15:00:06.028,15353,15354,15352,8,-8
2023-03-14 15:00:06.161,15351,15352,15353,3,3
2023-03-14 15:00:06.194,15352,15353,15352,1,-1
2023-03-14 15:00:06.473,15352,15353,15352,2,-2
2023-03-14 15:00:06.787,15351,15353,15353,1,1
2023-03-14 15:00:06.875,15352,15354,15352,2,-2
2023-03-14 15:00:06.900,15352,15354,15353,4,-4
2023-03-14 15:00:06.982,15352,15354,15354,7,7
2023-03-14 15:00:06.984,15352,15354,15354,9,9
2023-03-14 15:00:07.057,15352,15354,15355,1,1
2023-03-14 15:00:07.138,15354,15356,15355,3,3
2023-03-14 15:00:07.162,15354,15356,15355,4,4
2023-03-14 15:00:07.246,15354,15355,15355,2,2
2023-03-14 15:00:07.252,15354,15355,15355,4,4
2023-03-14 15:00:07.367,15355,15356,15355,1,-1
2023-03-14 15:00:07.368,15355,15356,15355,3,-3
2023-03-14 15:00:07.423,15355,15356,15354,1,-1
2023-03-14 15:00:07.423,15355,15356,15354,1,-1
2023-03-14 15:00:07.532,15353,15355,15355,2,2
2023-03-14 15:00:07.882,15353,15355,15353,1,-1
2023-03-14 15:00:08.231,15352,15354,15354,4,4
2023-03-14 15:00:08.573,15353,15355,15355,2,2
2023-03-14 15:00:09.129,15353,15355,15353,1,-1
2023-03-14 15:00:09.401,15353,15355,15353,1,-1
2023-03-14 15:00:09.550,15353,15355,15355,1,1
2023-03-14 15:00:09.820,15353,15355,15355,1,1
2023-03-14 15:00:10.175,15354,15355,15354,1,-1
2023-03-14 15:00:11.508,15354,15355,15354,1,-1
2023-03-14 15:00:11.644,15353,15355,15355,2,2
2023-03-14 15:00:12.143,15353,15355,15353,1,-1
2023-03-14 15:00:13.033,15353,15355,15355,1,1
2023-03-14 15:00:13.045,15353,15355,15353,3,-3
2023-03-14 15:00:13.052,15353,15355,15352,1,-1
2023-03-14 15:00:13.052,15353,15355,15352,2,-2
2023-03-14 15:00:13.052,15353,15355,15352,1,-1
2023-03-14 15:00:13.052,15353,15355,15352,4,-4
2023-03-14 15:00:13.557,15351,15352,15352,1,1
2023-03-14 15:00:13.862,15351,15352,15352,4,4
2023-03-14 15:00:13.992,15351,15353,15352,4,4
2023-03-14 15:00:14.410,15351,15352,15351,1,-1
2023-03-14 15:00:14.709,15351,15353,15351,2,-2
2023-03-14 15:00:14.775,15351,15353,15351,1,-1
2023-03-14 15:00:16.111,15351,15353,15353,1,1
2023-03-14 15:00:16.703,15351,15353,15351,1,-1
2023-03-14 15:00:16.761,15351,15353,15351,1,-1
2023-03-14 15:00:16.880,15351,15353,15351,5,-5
2023-03-14 15:00:17.054,15351,15353,15351,1,-1
2023-03-14 15:00:18.943,15352,15354,15352,1,-1
2023-03-14 15:00:20.152,15352,15353,15352,2,-2
2023-03-14 15:00:24.137,15352,15353,15353,1,1
2023-03-14 15:00:24.647,15352,15353,15352,4,-4
2023-03-14 15:00:25.115,15352,15353,15353,1,1
2023-03-14 15:00:26.636,15352,15354,15354,1,1
2023-03-14 15:00:29.485,15354,15355,15355,5,5
2023-03-14 15:00:29.485,15354,15355,15355,3,3
2023-03-14 15:00:30.094,15354,15356,15356,1,1
2023-03-14 15:00:32.348,15354,15355,15354,1,-1
2023-03-14 15:00:32.543,15354,15355,15355,1,1
2023-03-14 15:00:33.465,15354,15355,15354,1,-1
2023-03-14 15:00:34.715,15354,15355,15354,1,-1
2023-03-14 15:00:35.518,15355,15356,15355,1,-1
2023-03-14 15:00:37.908,15355,15356,15355,3,-3
2023-03-14 15:00:38.022,15355,15356,15355,1,-1
2023-03-14 15:00:38.517,15355,15356,15356,4,4
2023-03-14 15:00:38.733,15357,15358,15357,2,-2
2023-03-14 15:00:39.054,15357,15358,15357,1,-1
2023-03-14 15:00:39.054,15357,15358,15357,1,-1
2023-03-14 15:00:39.116,15357,15358,15357,1,-1
2023-03-14 15:00:40.432,15357,15358,15357,1,-1
2023-03-14 15:00:42.291,15357,15358,15358,1,1
2023-03-14 15:00:42.291,15357,15358,15358,1,1
2023-03-14 15:00:42.345,15357,15359,15357,1,-1
2023-03-14 15:00:43.368,15357,15359,15357,1,-1
2023-03-14 15:00:43.368,15357,15359,15357,4,-4
2023-03-14 15:00:43.523,15356,15358,15358,1,1
2023-03-14 15:00:44.624,15357,15358,15358,1,1
2023-03-14 15:00:44.966,15357,15359,15357,1,-1
2023-03-14 15:00:50.410,15357,15358,15358,1,1
2023-03-14 15:00:51.153,15358,15359,15359,2,2
2023-03-14 15:00:51.153,15358,15359,15359,3,3
2023-03-14 15:00:51.202,15358,15360,15358,2,-2
2023-03-14 15:00:51.464,15358,15360,15358,4,-4
2023-03-14 15:00:52.533,15358,15360,15360,4,4
2023-03-14 15:00:52.603,15359,15360,15359,2,-2
2023-03-14 15:00:53.710,15358,15359,15359,2,2
2023-03-14 15:00:54.377,15359,15360,15359,1,-1
2023-03-14 15:00:55.087,15359,15360,15360,4,4
2023-03-14 15:00:55.087,15359,15360,15360,1,1
2023-03-14 15:00:55.097,15359,15360,15360,3,3
2023-03-14 15:00:56.560,15360,15361,15360,4,-4
2023-03-14 15:00:56.986,15359,15360,15360,1,1
2023-03-14 15:00:57.464,15360,15361,15361,1,1
2023-03-14 15:00:57.494,15360,15361,15360,1,-1
2023-03-14 15:00:57.544,15360,15361,15360,7,-7
2023-03-14 15:00:58.008,15359,15360,15360,2,2
2023-03-14 15:00:58.365,15359,15360,15360,1,1
2023-03-14 15:00:59.179,15359,15361,15361,5,5
2023-03-14 15:00:59.443,15360,15362,15360,1,-1
2023-03-14 15:00:59.504,15360,15362,15360,1,-1
2023-03-14 15:00:59.631,15360,15361,15360,1,-1
2023-03-14 15:00:59.633,15360,15361,15360,1,-1
2023-03-14 15:01:00.036,15360,15362,15360,1,-1
2023-03-14 15:01:00.037,15360,15362,15360,1,-1
2023-03-14 15:01:00.138,15360,15361,15360,1,-1
2023-03-14 15:01:00.449,15360,15362,15360,1,-1
2023-03-14 15:01:00.934,15360,15362,15360,4,-4
2023-03-14 15:01:01.875,15360,15361,15361,1,1
2023-03-14 15:01:02.213,15360,15361,15361,3,3
2023-03-14 15:01:02.590,15361,15362,15362,1,1
2023-03-14 15:01:02.932,15361,15362,15362,1,1
2023-03-14 15:01:03.099,15361,15362,15362,1,1
2023-03-14 15:01:04.096,15361,15362,15361,2,-2
2023-03-14 15:01:04.096,15361,15362,15361,1,-1
2023-03-14 15:01:04.096,15361,15362,15361,1,-1
2023-03-14 15:01:04.096,15361,15362,15361,1,-1
2023-03-14 15:01:04.097,15361,15362,15361,1,-1
2023-03-14 15:01:05.381,15360,15361,15361,2,2
2023-03-14 15:01:06.931,15360,15361,15361,1,1
2023-03-14 15:01:07.077,15360,15361,15361,2,2
2023-03-14 15:01:07.262,15360,15362,15362,2,2
2023-03-14 15:01:08.569,15360,15361,15361,1,1
2023-03-14 15:01:08.571,15360,15361,15362,1,1
2023-03-14 15:01:08.571,15360,15361,15362,4,4
2023-03-14 15:01:08.581,15360,15361,15363,1,1
2023-03-14 15:01:08.581,15360,15361,15363,1,1
2023-03-14 15:01:08.581,15360,15361,15363,1,1
2023-03-14 15:01:08.651,15360,15361,15364,4,4
2023-03-14 15:01:08.754,15363,15365,15365,1,1
2023-03-14 15:01:08.786,15363,15365,15365,1,1
2023-03-14 15:01:08.884,15363,15365,15365,1,1
2023-03-14 15:01:09.341,15363,15365,15363,1,-1
2023-03-14 15:01:12.111,15363,15364,15364,2,2
2023-03-14 15:01:12.172,15363,15364,15363,1,-1
2023-03-14 15:01:12.317,15363,15365,15365,1,1
2023-03-14 15:01:12.493,15363,15365,15363,1,-1
2023-03-14 15:01:14.033,15364,15365,15363,1,-1
2023-03-14 15:01:14.168,15363,15365,15365,2,2
2023-03-14 15:01:14.657,15363,15365,15363,1,-1
2023-03-14 15:01:15.634,15363,15364,15364,1,1
2023-03-14 15:01:15.732,15363,15364,15363,1,-1
2023-03-14 15:01:15.787,15363,15364,15363,1,-1
2023-03-14 15:01:16.012,15362,15364,15364,1,1
2023-03-14 15:01:16.021,15362,15364,15364,2,2
2023-03-14 15:01:18.076,15362,15363,15363,1,1
2023-03-14 15:01:18.098,15362,15363,15363,2,2
2023-03-14 15:01:18.463,15362,15363,15363,2,2
2023-03-14 15:01:18.466,15362,15363,15363,2,2
2023-03-14 15:01:18.498,15362,15363,15363,4,4
2023-03-14 15:01:18.612,15362,15363,15363,1,1
2023-03-14 15:01:18.803,15362,15363,15362,1,-1
2023-03-14 15:01:18.803,15362,15363,15361,1,-1
2023-03-14 15:01:19.061,15361,15363,15363,1,1
2023-03-14 15:01:19.162,15361,15363,15363,1,1
2023-03-14 15:01:20.200,15361,15362,15362,1,1
2023-03-14 15:01:20.200,15361,15362,15363,1,1
2023-03-14 15:01:20.895,15361,15362,15362,1,1
2023-03-14 15:01:21.011,15361,15362,15362,2,2
2023-03-14 15:01:21.070,15361,15362,15362,1,1
2023-03-14 15:01:21.867,15361,15362,15361,1,-1
2023-03-14 15:01:21.977,15361,15362,15362,2,2
2023-03-14 15:01:22.592,15361,15362,15361,1,-1
2023-03-14 15:01:24.265,15361,15362,15362,2,2
2023-03-14 15:01:24.322,15361,15362,15361,1,-1
2023-03-14 15:01:24.413,15361,15362,15362,1,1
2023-03-14 15:01:25.831,15361,15362,15362,4,4
2023-03-14 15:01:25.989,15361,15362,15362,1,1
2023-03-14 15:01:26.008,15361,15362,15362,1,1
2023-03-14 15:01:27.354,15362,15363,15362,2,-2
2023-03-14 15:01:29.629,15361,15362,15362,1,1
2023-03-14 15:01:29.870,15361,15362,15362,2,2
2023-03-14 15:01:30.644,15361,15362,15362,2,2
2023-03-14 15:01:30.710,15361,15363,15363,2,2
2023-03-14 15:01:32.107,15362,15363,15363,2,2
2023-03-14 15:01:32.917,15362,15363,15362,1,-1
2023-03-14 15:01:32.917,15362,15363,15362,1,-1
2023-03-14 15:01:33.112,15361,15362,15362,1,1
2023-03-14 15:01:34.475,15361,15362,15362,2,2
2023-03-14 15:01:34.618,15361,15362,15362,2,2
2023-03-14 15:01:34.658,15361,15362,15362,3,3
2023-03-14 15:01:35.880,15361,15362,15362,2,2
2023-03-14 15:01:37.038,15361,15362,15361,1,-1
2023-03-14 15:01:37.968,15361,15362,15362,1,1
2023-03-14 15:01:37.968,15361,15362,15362,1,1
2023-03-14 15:01:38.666,15361,15363,15363,2,2
2023-03-14 15:01:39.732,15362,15363,15363,2,2
2023-03-14 15:01:41.194,15362,15363,15362,1,-1
2023-03-14 15:01:42.236,15362,15363,15363,2,2
2023-03-14 15:01:43.975,15362,15363,15362,1,-1
2023-03-14 15:01:44.998,15361,15362,15362,2,2
2023-03-14 15:01:46.358,15361,15363,15363,1,1
2023-03-14 15:01:47.665,15361,15362,15362,1,1
2023-03-14 15:01:48.267,15361,15362,15362,2,2
2023-03-14 15:01:48.660,15361,15362,15362,3,3
2023-03-14 15:01:49.202,15362,15363,15362,1,-1
2023-03-14 15:01:49.495,15362,15363,15363,2,2
2023-03-14 15:01:49.495,15362,15363,15363,6,6
2023-03-14 15:01:52.671,15363,15364,15363,2,-2
2023-03-14 15:01:54.106,15362,15363,15363,2,2
2023-03-14 15:01:56.133,15363,15364,15363,1,-1
2023-03-14 15:01:56.661,15363,15364,15363,1,-1
2023-03-14 15:01:56.661,15363,15364,15363,2,-2
2023-03-14 15:01:58.376,15362,15363,15363,2,2
2023-03-14 15:02:00.065,15362,15363,15363,2,2
2023-03-14 15:02:00.536,15362,15363,15363,2,2
2023-03-14 15:02:01.221,15362,15363,15362,1,-1
2023-03-14 15:02:01.222,15362,15363,15362,1,-1
2023-03-14 15:02:01.224,15362,15363,15362,1,-1
2023-03-14 15:02:01.910,15361,15363,15361,2,-2
2023-03-14 15:02:02.854,15361,15362,15361,1,-1
2023-03-14 15:02:04.080,15361,15362,15362,2,2
2023-03-14 15:02:07.161,15362,15363,15363,1,1
2023-03-14 15:02:07.161,15362,15363,15363,3,3
2023-03-14 15:02:08.577,15362,15364,15364,1,1
2023-03-14 15:02:09.406,15363,15364,15363,1,-1
2023-03-14 15:02:10.156,15363,15364,15363,5,-5
2023-03-14 15:02:11.220,15363,15364,15363,1,-1
2023-03-14 15:02:13.483,15363,15364,15363,1,-1
2023-03-14 15:02:13.756,15362,15363,15363,4,4
2023-03-14 15:02:13.756,15362,15363,15364,5,5
2023-03-14 15:02:15.291,15362,15364,15363,2,2
2023-03-14 15:02:16.322,15362,15363,15363,2,2
2023-03-14 15:02:16.606,15362,15363,15363,2,2
2023-03-14 15:02:16.606,15362,15363,15364,1,1
2023-03-14 15:02:17.728,15363,15364,15364,1,1
2023-03-14 15:02:18.829,15363,15364,15363,2,-2
2023-03-14 15:02:19.576,15363,15364,15364,1,1
2023-03-14 15:02:19.629,15363,15364,15364,2,2
2023-03-14 15:02:20.257,15363,15364,15363,1,-1
2023-03-14 15:02:21.789,15363,15364,15363,1,-1
2023-03-14 15:02:21.791,15363,15364,15363,1,-1
2023-03-14 15:02:22.227,15362,15363,15363,1,1
2023-03-14 15:02:22.482,15362,15363,15363,2,2
2023-03-14 15:02:25.792,15362,15363,15363,2,2
2023-03-14 15:02:26.449,15362,15363,15363,1,1
2023-03-14 15:02:27.606,15363,15364,15363,1,-1
2023-03-14 15:02:29.042,15362,15363,15363,2,2
2023-03-14 15:02:29.254,15362,15364,15362,1,-1
2023-03-14 15:02:31.121,15363,15364,15363,1,-1
2023-03-14 15:02:31.649,15362,15363,15363,2,2
2023-03-14 15:02:32.339,15362,15363,15362,1,-1
2023-03-14 15:02:32.339,15362,15363,15362,1,-1
2023-03-14 15:02:32.342,15362,15363,15362,1,-1
2023-03-14 15:02:33.374,15361,15362,15361,5,-5
2023-03-14 15:02:33.453,15361,15362,15362,2,2
2023-03-14 15:02:34.043,15361,15362,15362,2,2
2023-03-14 15:02:34.809,15361,15362,15362,2,2
2023-03-14 15:02:35.565,15361,15362,15362,2,2
2023-03-14 15:02:37.795,15362,15363,15362,1,-1
2023-03-14 15:02:38.212,15362,15363,15363,2,2
2023-03-14 15:02:38.867,15362,15363,15363,2,2
2023-03-14 15:02:41.036,15362,15363,15363,2,2
2023-03-14 15:02:43.940,15362,15363,15362,2,-2
2023-03-14 15:02:46.935,15362,15363,15362,2,-2
2023-03-14 15:02:50.910,15361,15362,15362,2,2
2023-03-14 15:02:51.364,15361,15362,15362,2,2
2023-03-14 15:02:51.450,15361,15362,15361,2,-2
2023-03-14 15:02:51.450,15361,15362,15361,1,-1
2023-03-14 15:02:52.961,15361,15362,15362,2,2
2023-03-14 15:02:53.835,15361,15362,15362,2,2
2023-03-14 15:02:54.188,15361,15362,15362,3,3
2023-03-14 15:02:56.075,15362,15363,15363,2,2
2023-03-14 15:02:56.288,15362,15363,15363,3,3
2023-03-14 15:02:56.718,15363,15364,15363,3,-3
2023-03-14 15:02:57.548,15362,15364,15362,1,-1
2023-03-14 15:02:57.822,15362,15364,15364,2,2
2023-03-14 15:02:59.617,15362,15364,15364,2,2
2023-03-14 15:03:00.058,15363,15364,15363,1,-1
2023-03-14 15:03:00.071,15363,15364,15363,1,-1
2023-03-14 15:03:00.090,15363,15364,15362,1,-1
2023-03-14 15:03:00.411,15362,15364,15364,1,1
2023-03-14 15:03:00.936,15362,15364,15363,3,3
2023-03-14 15:03:02.813,15363,15364,15363,5,-5
2023-03-14 15:03:03.412,15362,15364,15362,1,-1
2023-03-14 15:03:03.611,15362,15364,15362,1,-1
2023-03-14 15:03:03.671,15362,15364,15362,1,-1
2023-03-14 15:03:04.052,15363,15364,15363,1,-1
2023-03-14 15:03:04.052,15363,15364,15363,1,-1
2023-03-14 15:03:04.496,15362,15363,15363,2,2
2023-03-14 15:03:04.877,15362,15363,15363,2,2
2023-03-14 15:03:06.498,15362,15363,15362,5,-5
2023-03-14 15:03:06.536,15362,15363,15362,2,-2
2023-03-14 15:03:07.423,15361,15363,15363,2,2
2023-03-14 15:03:08.368,15362,15363,15363,2,2
2023-03-14 15:03:09.903,15362,15363,15362,1,-1
2023-03-14 15:03:09.903,15362,15363,15362,1,-1
2023-03-14 15:03:10.453,15361,15362,15362,1,1
2023-03-14 15:03:10.942,15362,15363,15363,2,2
2023-03-14 15:03:11.390,15362,15363,15363,2,2
2023-03-14 15:03:11.653,15362,15363,15362,1,-1
2023-03-14 15:03:11.653,15362,15363,15361,4,-4
2023-03-14 15:03:14.399,15361,15362,15362,1,1
2023-03-14 15:03:15.884,15362,15363,15363,2,2
2023-03-14 15:03:17.550,15362,15363,15363,2,2
2023-03-14 15:03:17.670,15362,15363,15362,1,-1
2023-03-14 15:03:17.670,15362,15363,15361,1,-1
2023-03-14 15:03:17.958,15362,15363,15362,1,-1
2023-03-14 15:03:18.395,15362,15363,15362,1,-1
2023-03-14 15:03:19.250,15362,15363,15363,1,1
2023-03-14 15:03:19.263,15362,15363,15363,2,2
2023-03-14 15:03:19.658,15362,15364,15364,2,2
2023-03-14 15:03:20.384,15362,15364,15362,5,-5
2023-03-14 15:03:20.594,15362,15363,15363,2,2
2023-03-14 15:03:21.324,15361,15363,15363,1,1
2023-03-14 15:03:22.388,15363,15364,15363,1,-1
2023-03-14 15:03:23.090,15363,15364,15363,1,-1
2023-03-14 15:03:24.435,15362,15364,15362,2,-2
2023-03-14 15:03:27.724,15362,15364,15364,1,1
2023-03-14 15:03:31.911,15362,15363,15362,1,-1
2023-03-14 15:03:33.378,15362,15363,15363,5,5
2023-03-14 15:03:35.153,15362,15363,15363,2,2
2023-03-14 15:03:35.635,15362,15363,15363,2,2
2023-03-14 15:03:37.951,15363,15364,15363,1,-1
2023-03-14 15:03:38.009,15363,15364,15364,2,2
2023-03-14 15:03:38.342,15363,15364,15364,2,2
2023-03-14 15:03:43.041,15363,15364,15363,1,-1
2023-03-14 15:03:44.693,15362,15363,15363,5,5
2023-03-14 15:03:47.087,15362,15363,15363,2,2
2023-03-14 15:03:47.586,15362,15363,15363,2,2
2023-03-14 15:03:48.314,15362,15363,15363,2,2
2023-03-14 15:03:48.777,15362,15363,15363,2,2
2023-03-14 15:03:50.059,15362,15363,15363,2,2
2023-03-14 15:03:50.413,15362,15363,15363,2,2
2023-03-14 15:03:50.778,15362,15363,15363,2,2
2023-03-14 15:03:51.135,15362,15363,15363,2,2
2023-03-14 15:03:52.828,15362,15363,15363,1,1
2023-03-14 15:03:53.200,15362,15363,15363,4,4
2023-03-14 15:03:53.750,15363,15364,15364,2,2
2023-03-14 15:03:53.750,15363,15364,15364,7,7
2023-03-14 15:03:53.939,15364,15365,15365,2,2
2023-03-14 15:03:53.940,15364,15365,15365,6,6
2023-03-14 15:03:55.383,15365,15366,15366,1,1
2023-03-14 15:03:55.383,15365,15366,15366,3,3
2023-03-14 15:03:55.383,15365,15366,15366,2,2
2023-03-14 15:03:55.384,15365,15366,15366,1,1
2023-03-14 15:03:55.384,15365,15366,15366,5,5
2023-03-14 15:03:55.385,15365,15366,15366,1,1
2023-03-14 15:03:55.403,15365,15366,15367,1,1
2023-03-14 15:03:55.403,15365,15366,15367,3,3
2023-03-14 15:03:55.403,15365,15366,15367,2,2
2023-03-14 15:03:55.403,15365,15366,15367,1,1
2023-03-14 15:03:55.403,15365,15366,15367,3,3
2023-03-14 15:03:55.403,15365,15366,15367,4,4
2023-03-14 15:03:55.403,15365,15366,15367,1,1
2023-03-14 15:03:55.403,15365,15366,15367,1,1
2023-03-14 15:03:56.095,15366,15368,15367,4,4
2023-03-14 15:03:57.527,15366,15367,15367,1,1
2023-03-14 15:03:58.505,15366,15367,15366,2,-2
2023-03-14 15:03:58.613,15366,15367,15367,2,2
2023-03-14 15:03:58.997,15366,15367,15367,2,2
2023-03-14 15:03:59.637,15366,15367,15366,1,-1
2023-03-14 15:04:00.621,15366,15367,15367,2,2
2023-03-14 15:04:02.453,15367,15368,15368,2,2
2023-03-14 15:04:05.078,15367,15368,15368,1,1
2023-03-14 15:04:06.674,15367,15368,15368,1,1
2023-03-14 15:04:08.172,15367,15368,15368,5,5
2023-03-14 15:04:08.172,15367,15368,15368,1,1
2023-03-14 15:04:08.172,15367,15368,15368,1,1
2023-03-14 15:04:08.629,15368,15369,15368,1,-1
2023-03-14 15:04:09.085,15368,15369,15369,1,1
2023-03-14 15:04:09.104,15368,15369,15368,1,-1
2023-03-14 15:04:09.320,15368,15369,15368,1,-1
2023-03-14 15:04:10.223,15367,15368,15367,1,-1
2023-03-14 15:04:10.223,15367,15368,15367,3,-3
2023-03-14 15:04:10.583,15366,15367,15367,1,1
2023-03-14 15:04:12.177,15366,15367,15367,2,2
2023-03-14 15:04:13.412,15367,15368,15368,1,1
2023-03-14 15:04:17.666,15367,15368,15368,1,1
2023-03-14 15:04:17.708,15367,15368,15367,3,-3
2023-03-14 15:04:21.226,15367,15368,15368,2,2
2023-03-14 15:04:21.640,15367,15368,15368,2,2
2023-03-14 15:04:22.303,15367,15368,15368,1,1
2023-03-14 15:04:22.303,15367,15368,15368,1,1
2023-03-14 15:04:23.539,15368,15369,15368,1,-1
2023-03-14 15:04:24.779,15368,15369,15368,1,-1
2023-03-14 15:04:27.092,15367,15368,15367,1,-1
2023-03-14 15:04:28.133,15367,15368,15368,2,2
2023-03-14 15:04:28.618,15367,15368,15368,1,1
2023-03-14 15:04:29.671,15368,15369,15368,1,-1
2023-03-14 15:04:30.064,15367,15368,15368,2,2
2023-03-14 15:04:31.687,15368,15369,15368,1,-1
2023-03-14 15:04:32.615,15368,15369,15369,1,1
2023-03-14 15:04:32.643,15368,15369,15369,4,4
2023-03-14 15:04:32.643,15368,15369,15369,1,1
2023-03-14 15:04:32.643,15368,15369,15369,6,6
2023-03-14 15:04:32.643,15368,15369,15369,1,1
2023-03-14 15:04:32.643,15368,15369,15369,1,1
2023-03-14 15:04:32.644,15368,15369,15369,8,8
2023-03-14 15:04:32.906,15369,15370,15370,4,4
2023-03-14 15:04:32.906,15369,15370,15370,2,2
2023-03-14 15:04:32.906,15369,15370,15370,7,7
2023-03-14 15:04:33.204,15370,15371,15370,1,-1
2023-03-14 15:04:34.370,15370,15371,15370,1,-1
2023-03-14 15:04:37.894,15369,15370,15370,2,2
2023-03-14 15:04:38.150,15369,15370,15370,1,1
2023-03-14 15:04:38.416,15369,15370,15370,2,2
2023-03-14 15:04:40.928,15369,15370,15369,4,-4
2023-03-14 15:04:40.934,15369,15370,15370,2,2
2023-03-14 15:04:41.322,15368,15370,15370,2,2
2023-03-14 15:04:41.472,15368,15370,15370,1,1
2023-03-14 15:04:41.981,15368,15370,15370,2,2
2023-03-14 15:04:42.345,15368,15370,15370,3,3
2023-03-14 15:04:42.435,15368,15370,15370,2,2
2023-03-14 15:04:42.866,15368,15370,15370,2,2
2023-03-14 15:04:43.296,15369,15370,15370,2,2
2023-03-14 15:04:43.581,15369,15370,15370,2,2
2023-03-14 15:04:43.837,15369,15370,15370,1,1
2023-03-14 15:04:43.918,15369,15370,15370,2,2
2023-03-14 15:04:44.324,15369,15370,15370,2,2
2023-03-14 15:04:46.357,15369,15370,15370,1,1
2023-03-14 15:04:46.358,15369,15370,15370,1,1
2023-03-14 15:04:49.930,15369,15370,15369,1,-1
2023-03-14 15:04:51.055,15369,15370,15370,3,3
2023-03-14 15:04:51.055,15369,15370,15371,4,4
2023-03-14 15:04:51.359,15370,15371,15370,1,-1
2023-03-14 15:04:53.148,15369,15371,15371,1,1
2023-03-14 15:04:53.303,15369,15371,15371,1,1
2023-03-14 15:04:57.710,15371,15372,15371,1,-1
2023-03-14 15:05:00.544,15370,15371,15370,1,-1
2023-03-14 15:05:00.847,15369,15370,15370,1,1
2023-03-14 15:05:00.969,15369,15371,15371,1,1
2023-03-14 15:05:00.992,15369,15371,15371,1,1
2023-03-14 15:05:01.101,15369,15371,15371,1,1
2023-03-14 15:05:01.126,15369,15371,15371,1,1
2023-03-14 15:05:01.152,15369,15371,15371,1,1
2023-03-14 15:05:01.182,15369,15371,15371,1,1
2023-03-14 15:05:01.207,15369,15371,15371,1,1
2023-03-14 15:05:01.238,15369,15371,15371,1,1
2023-03-14 15:05:01.264,15369,15371,15371,1,1
2023-03-14 15:05:01.278,15369,15371,15371,1,1
2023-03-14 15:05:01.288,15369,15371,15371,1,1
2023-03-14 15:05:01.312,15369,15371,15371,1,1
2023-03-14 15:05:01.334,15369,15371,15371,1,1
2023-03-14 15:05:01.360,15369,15371,15370,1,1
2023-03-14 15:05:01.381,15369,15371,15371,1,1
2023-03-14 15:05:02.517,15369,15371,15370,1,1
2023-03-14 15:05:03.440,15369,15370,15370,1,1
2023-03-14 15:05:03.440,15369,15370,15371,4,4
2023-03-14 15:05:03.475,15369,15371,15369,1,-1
2023-03-14 15:05:03.478,15369,15371,15369,1,-1
2023-03-14 15:05:03.504,15369,15371,15371,2,2
2023-03-14 15:05:03.710,15369,15371,15371,2,2
2023-03-14 15:05:05.983,15369,15371,15369,6,-6
2023-03-14 15:05:07.112,15369,15370,15369,1,-1
2023-03-14 15:05:10.452,15369,15370,15369,5,-5
2023-03-14 15:05:12.290,15367,15368,15368,1,1
2023-03-14 15:05:15.672,15367,15369,15369,3,3
2023-03-14 15:05:18.250,15368,15369,15368,2,-2
2023-03-14 15:05:20.446,15367,15368,15368,2,2
2023-03-14 15:05:24.737,15368,15370,15368,1,-1
2023-03-14 15:05:24.737,15368,15370,15368,1,-1
2023-03-14 15:05:24.738,15368,15370,15368,3,-3
2023-03-14 15:05:26.685,15367,15368,15367,1,-1
2023-03-14 15:05:26.685,15367,15368,15367,1,-1
2023-03-14 15:05:26.722,15367,15368,15367,6,-6
2023-03-14 15:05:27.893,15366,15367,15366,2,-2
2023-03-14 15:05:30.097,15366,15367,15367,1,1
2023-03-14 15:05:33.361,15367,15369,15367,1,-1
2023-03-14 15:05:34.127,15368,15369,15368,1,-1
2023-03-14 15:05:35.418,15368,15369,15368,4,-4
2023-03-14 15:05:36.236,15368,15369,15369,2,2
2023-03-14 15:05:38.895,15368,15369,15368,3,-3
2023-03-14 15:05:41.913,15367,15368,15368,3,3
2023-03-14 15:05:43.431,15368,15369,15369,1,1
2023-03-14 15:05:45.610,15368,15369,15368,1,-1
2023-03-14 15:05:49.525,15368,15369,15368,5,-5
2023-03-14 15:05:52.507,15368,15369,15368,2,-2
2023-03-14 15:05:56.242,15368,15369,15368,5,-5
2023-03-14 15:05:57.469,15367,15368,15367,9,-9
2023-03-14 15:05:57.850,15366,15368,15368,5,5
2023-03-14 15:06:02.228,15366,15367,15366,1,-1
2023-03-14 15:06:02.240,15366,15367,15366,1,-1
2023-03-14 15:06:02.240,15366,15367,15366,4,-4
2023-03-14 15:06:02.880,15365,15367,15367,1,1
2023-03-14 15:06:06.591,15365,15366,15365,1,-1
2023-03-14 15:06:06.591,15365,15366,15365,2,-2
2023-03-14 15:06:06.591,15365,15366,15365,1,-1
2023-03-14 15:06:08.610,15364,15365,15365,4,4
2023-03-14 15:06:10.704,15365,15366,15365,4,-4
2023-03-14 15:06:16.412,15365,15366,15365,1,-1
2023-03-14 15:06:16.461,15364,15365,15364,1,-1
2023-03-14 15:06:16.461,15364,15365,15364,1,-1
2023-03-14 15:06:16.461,15364,15365,15364,1,-1
2023-03-14 15:06:18.011,15364,15365,15364,1,-1
2023-03-14 15:06:18.195,15364,15365,15364,2,-2
2023-03-14 15:06:18.571,15363,15364,15363,1,-1
2023-03-14 15:06:18.572,15363,15364,15363,1,-1
2023-03-14 15:06:19.248,15363,15364,15363,2,-2
2023-03-14 15:06:20.555,15363,15364,15364,7,7
2023-03-14 15:06:21.021,15363,15364,15363,1,-1
2023-03-14 15:06:21.282,15362,15363,15363,1,1
2023-03-14 15:06:22.498,15363,15364,15363,1,-1
2023-03-14 15:06:23.242,15362,15363,15363,2,2
2023-03-14 15:06:24.576,15363,15364,15363,1,-1
2023-03-14 15:06:25.380,15362,15364,15362,1,-1
2023-03-14 15:06:25.602,15362,15364,15362,1,-1
2023-03-14 15:06:27.204,15362,15364,15362,1,-1
2023-03-14 15:06:30.869,15362,15363,15362,6,-6
2023-03-14 15:06:37.473,15362,15363,15362,1,-1
2023-03-14 15:06:39.701,15362,15363,15363,1,1
2023-03-14 15:06:42.240,15362,15363,15362,4,-4
2023-03-14 15:06:46.100,15362,15363,15362,1,-1
2023-03-14 15:06:47.687,15362,15363,15362,1,-1
2023-03-14 15:06:48.729,15362,15363,15362,1,-1
2023-03-14 15:06:50.324,15362,15363,15362,1,-1
2023-03-14 15:06:51.496,15362,15363,15362,1,-1
2023-03-14 15:06:54.367,15362,15363,15362,1,-1
2023-03-14 15:07:02.102,15361,15362,15362,1,1
2023-03-14 15:07:07.514,15361,15362,15362,7,7
2023-03-14 15:07:07.514,15361,15362,15363,14,14
2023-03-14 15:07:08.189,15363,15364,15363,2,-2
2023-03-14 15:07:08.253,15363,15364,15363,3,-3
2023-03-14 15:07:08.328,15362,15364,15364,1,1
2023-03-14 15:07:12.346,15362,15363,15363,4,4
2023-03-14 15:07:12.346,15362,15363,15363,1,1
2023-03-14 15:07:12.346,15362,15363,15363,2,2
2023-03-14 15:07:12.346,15362,15363,15363,1,1
2023-03-14 15:07:12.347,15362,15363,15363,1,1
2023-03-14 15:07:12.347,15362,15363,15363,1,1
2023-03-14 15:07:12.347,15362,15363,15363,2,2
2023-03-14 15:07:15.352,15362,15364,15364,1,1
2023-03-14 15:07:16.140,15363,15364,15363,1,-1
2023-03-14 15:07:22.641,15362,15363,15363,1,1
2023-03-14 15:07:28.125,15362,15363,15363,6,6
2023-03-14 15:07:40.497,15363,15364,15363,1,-1
2023-03-14 15:07:53.554,15362,15363,15363,1,1
2023-03-14 15:07:53.741,15362,15363,15363,4,4
2023-03-14 15:07:53.792,15362,15363,15363,1,1
2023-03-14 15:07:57.312,15363,15364,15364,4,4
2023-03-14 15:07:57.312,15363,15364,15364,1,1
2023-03-14 15:07:57.312,15363,15364,15364,2,2
2023-03-14 15:08:00.143,15363,15364,15364,1,1
2023-03-14 15:08:00.613,15363,15365,15365,1,1
2023-03-14 15:08:02.827,15363,15365,15363,1,-1
2023-03-14 15:08:02.950,15363,15365,15365,1,1
2023-03-14 15:08:03.938,15364,15365,15365,17,17
2023-03-14 15:08:04.228,15365,15367,15365,1,-1
2023-03-14 15:08:06.554,15366,15368,15367,1,-1
2023-03-14 15:08:09.556,15366,15368,15366,1,-1
2023-03-14 15:08:12.862,15365,15367,15367,1,1
2023-03-14 15:08:16.477,15366,15367,15366,1,-1
2023-03-14 15:08:16.477,15366,15367,15365,11,-11
2023-03-14 15:08:16.478,15366,15367,15365,1,-1
2023-03-14 15:08:16.527,15366,15367,15365,1,-1
2023-03-14 15:08:18.373,15364,15365,15365,1,1
2023-03-14 15:08:20.380,15364,15365,15364,3,-3
2023-03-14 15:08:27.372,15364,15365,15365,1,1
2023-03-14 15:08:28.265,15364,15365,15364,1,-1
2023-03-14 15:08:34.787,15363,15364,15364,2,2
2023-03-14 15:08:44.828,15363,15364,15363,1,-1
2023-03-14 15:08:44.936,15363,15364,15363,1,-1
2023-03-14 15:08:51.615,15363,15364,15363,1,-1
2023-03-14 15:08:53.442,15362,15363,15363,1,1
2023-03-14 15:08:53.442,15362,15363,15363,1,1
2023-03-14 15:08:53.442,15362,15363,15363,1,1
2023-03-14 15:08:58.213,15362,15363,15362,1,-1
2023-03-14 15:09:00.747,15362,15363,15362,4,-4
2023-03-14 15:09:00.747,15362,15363,15362,2,-2
2023-03-14 15:09:00.747,15362,15363,15362,1,-1
2023-03-14 15:09:00.748,15362,15363,15362,2,-2
2023-03-14 15:09:00.828,15361,15362,15362,1,1
2023-03-14 15:09:02.151,15361,15362,15361,4,-4
2023-03-14 15:09:02.151,15361,15362,15361,1,-1
2023-03-14 15:09:02.151,15361,15362,15361,1,-1
2023-03-14 15:09:02.151,15361,15362,15361,15,-15
2023-03-14 15:09:05.975,15360,15361,15360,7,-7
2023-03-14 15:09:06.113,15359,15361,15359,1,-1
2023-03-14 15:09:09.621,15360,15361,15360,1,-1
2023-03-14 15:09:09.842,15359,15360,15360,1,1
2023-03-14 15:09:09.982,15359,15360,15359,1,-1
2023-03-14 15:09:10.712,15359,15360,15360,2,2
2023-03-14 15:09:10.712,15359,15360,15360,2,2
2023-03-14 15:09:11.174,15360,15361,15361,2,2
2023-03-14 15:09:12.285,15360,15362,15360,1,-1
2023-03-14 15:09:17.017,15360,15361,15361,1,1
2023-03-14 15:09:17.017,15360,15361,15361,1,1
2023-03-14 15:09:19.190,15361,15362,15362,1,1
2023-03-14 15:09:28.034,15361,15362,15361,4,-4
2023-03-14 15:09:32.845,15360,15361,15361,1,1
2023-03-14 15:09:36.545,15360,15361,15361,1,1
2023-03-14 15:09:51.109,15361,15362,15362,2,2
2023-03-14 15:09:55.323,15362,15363,15362,1,-1
2023-03-14 15:09:56.273,15362,15363,15362,1,-1
2023-03-14 15:10:01.710,15362,15363,15362,3,-3
2023-03-14 15:10:01.852,15361,15363,15361,1,-1
2023-03-14 15:10:01.955,15361,15363,15363,2,2
2023-03-14 15:10:01.955,15361,15363,15363,2,2
2023-03-14 15:10:01.975,15361,15363,15363,2,2
2023-03-14 15:10:02.665,15362,15363,15363,1,1
2023-03-14 15:10:03.145,15363,15364,15364,2,2
2023-03-14 15:10:03.146,15363,15364,15364,3,3
2023-03-14 15:10:03.177,15363,15364,15365,1,1
2023-03-14 15:10:03.178,15363,15364,15365,1,1
2023-03-14 15:10:03.178,15363,15364,15365,7,7
2023-03-14 15:10:05.993,15364,15365,15365,1,1
2023-03-14 15:10:06.935,15365,15366,15365,1,-1
2023-03-14 15:10:14.908,15365,15366,15365,2,-2
2023-03-14 15:10:16.795,15365,15366,15366,1,1
2023-03-14 15:10:23.111,15365,15366,15366,1,1
2023-03-14 15:10:29.310,15365,15366,15366,1,1
2023-03-14 15:10:29.310,15365,15366,15366,1,1
2023-03-14 15:10:29.310,15365,15366,15366,4,4
2023-03-14 15:10:33.811,15365,15367,15365,1,-1
2023-03-14 15:10:35.264,15365,15366,15366,1,1
2023-03-14 15:10:40.321,15365,15366,15366,1,1
2023-03-14 15:10:40.321,15365,15366,15366,1,1
2023-03-14 15:10:53.534,15365,15366,15365,1,-1
2023-03-14 15:10:53.535,15365,15366,15365,2,-2
2023-03-14 15:10:53.535,15365,15366,15365,6,-6
2023-03-14 15:10:53.535,15365,15366,15365,1,-1
2023-03-14 15:10:54.501,15364,15365,15364,4,-4
2023-03-14 15:10:58.406,15363,15365,15364,1,-1
2023-03-14 15:11:00.262,15363,15364,15363,1,-1
2023-03-14 15:11:00.935,15363,15364,15363,2,-2
2023-03-14 15:11:05.257,15363,15364,15364,3,3
2023-03-14 15:11:11.120,15364,15365,15365,1,1
2023-03-14 15:11:14.601,15365,15366,15366,1,1
2023-03-14 15:11:21.733,15366,15367,15366,1,-1
2023-03-14 15:11:22.362,15366,15367,15367,1,1
2023-03-14 15:11:22.362,15366,15367,15367,1,1
2023-03-14 15:11:22.362,15366,15367,15367,2,2
2023-03-14 15:11:22.369,15366,15367,15367,3,3
2023-03-14 15:11:23.981,15367,15368,15367,1,-1
2023-03-14 15:11:26.485,15366,15367,15367,1,1
2023-03-14 15:11:33.619,15367,15368,15368,11,11
2023-03-14 15:11:33.771,15367,15368,15367,1,-1
2023-03-14 15:11:34.181,15367,15368,15368,3,3
2023-03-14 15:11:34.817,15368,15369,15369,16,16
2023-03-14 15:11:35.739,15369,15370,15370,1,1
2023-03-14 15:11:35.739,15369,15370,15370,1,1
2023-03-14 15:11:35.739,15369,15370,15370,7,7
2023-03-14 15:11:36.107,15369,15370,15369,1,-1
2023-03-14 15:11:36.107,15369,15370,15369,1,-1
2023-03-14 15:11:36.842,15369,15370,15369,1,-1
2023-03-14 15:11:37.991,15367,15369,15369,2,2
2023-03-14 15:11:38.002,15367,15369,15369,1,1
2023-03-14 15:11:38.621,15367,15369,15369,4,4
2023-03-14 15:11:38.783,15367,15369,15369,4,4
2023-03-14 15:11:41.931,15367,15368,15368,2,2
2023-03-14 15:11:42.482,15368,15369,15369,3,3
2023-03-14 15:11:42.482,15368,15369,15370,1,1
2023-03-14 15:11:43.266,15367,15369,15367,14,-14
2023-03-14 15:11:46.004,15365,15366,15365,1,-1
2023-03-14 15:11:51.820,15365,15366,15366,2,2
2023-03-14 15:11:52.998,15365,15366,15365,1,-1
2023-03-14 15:12:04.240,15365,15366,15365,1,-1
2023-03-14 15:12:10.463,15365,15366,15365,1,-1
2023-03-14 15:12:10.463,15365,15366,15365,1,-1
2023-03-14 15:12:11.227,15364,15365,15365,3,3
2023-03-14 15:12:12.337,15364,15365,15365,1,1
2023-03-14 15:12:15.748,15364,15365,15365,1,1
2023-03-14 15:12:25.425,15364,15365,15364,1,-1
2023-03-14 15:12:33.284,15364,15365,15365,1,1
2023-03-14 15:12:36.963,15364,15365,15365,1,1
2023-03-14 15:12:37.128,15364,15365,15364,1,-1
2023-03-14 15:12:37.145,15364,15365,15365,1,1
2023-03-14 15:12:38.435,15364,15365,15365,1,1
2023-03-14 15:12:39.172,15364,15366,15366,1,1
2023-03-14 15:12:52.931,15364,15365,15365,2,2
2023-03-14 15:12:54.034,15364,15365,15365,1,1
2023-03-14 15:12:55.813,15364,15365,15365,1,1
2023-03-14 15:12:58.873,15364,15365,15365,1,1
2023-03-14 15:13:00.809,15364,15365,15365,1,1
2023-03-14 15:13:01.203,15364,15366,15364,3,-3
2023-03-14 15:13:01.203,15364,15366,15364,1,-1
2023-03-14 15:13:01.203,15364,15366,15364,26,-26
2023-03-14 15:13:01.203,15364,15366,15364,1,-1
2023-03-14 15:13:01.204,15364,15366,15364,1,-1
2023-03-14 15:13:01.204,15364,15366,15364,2,-2
2023-03-14 15:13:01.270,15364,15366,15363,1,-1
2023-03-14 15:13:11.548,15363,15364,15363,1,-1
2023-03-14 15:13:11.548,15363,15364,15363,2,-2
2023-03-14 15:13:11.789,15362,15363,15364,3,3
2023-03-14 15:13:12.883,15362,15364,15364,1,1
2023-03-14 15:13:13.571,15363,15365,15365,3,3
2023-03-14 15:13:14.774,15363,15365,15365,1,1
2023-03-14 15:13:25.360,15364,15365,15365,1,1
2023-03-14 15:13:25.560,15365,15366,15366,2,2
2023-03-14 15:13:25.699,15366,15367,15367,2,2
2023-03-14 15:13:32.452,15367,15368,15367,1,-1
2023-03-14 15:13:40.902,15367,15368,15367,1,-1
2023-03-14 15:13:41.362,15367,15368,15368,1,1
2023-03-14 15:13:41.362,15367,15368,15368,3,3
2023-03-14 15:13:41.363,15367,15368,15368,1,1
2023-03-14 15:13:41.363,15367,15368,15368,1,1
2023-03-14 15:13:47.366,15365,15367,15367,1,1
2023-03-14 15:13:50.125,15365,15367,15367,1,1
2023-03-14 15:13:51.076,15366,15367,15367,3,3
2023-03-14 15:14:15.407,15367,15368,15367,1,-1
2023-03-14 15:14:17.488,15366,15367,15367,1,1
2023-03-14 15:14:19.212,15367,15368,15367,1,-1
2023-03-14 15:14:22.488,15366,15367,15367,1,1
2023-03-14 15:14:23.702,15366,15367,15366,1,-1
2023-03-14 15:14:23.702,15366,15367,15366,1,-1
2023-03-14 15:14:25.344,15365,15366,15365,1,-1
2023-03-14 15:14:25.344,15365,15366,15365,2,-2
2023-03-14 15:14:30.256,15365,15367,15367,1,1
2023-03-14 15:14:31.972,15364,15366,15366,1,1
2023-03-14 15:14:39.228,15365,15367,15365,2,-2
2023-03-14 15:14:53.017,15365,15366,15366,1,1
2023-03-14 15:14:58.511,15366,15367,15367,2,2
2023-03-14 15:15:07.679,15366,15367,15367,1,1
2023-03-14 15:15:07.680,15366,15367,15367,2,2
2023-03-14 15:15:07.680,15366,15367,15367,1,1
2023-03-14 15:15:13.937,15367,15368,15367,1,-1
2023-03-14 15:15:23.242,15367,15368,15368,3,3
2023-03-14 15:15:26.306,15367,15368,15367,1,-1
2023-03-14 15:15:26.307,15367,15368,15367,1,-1
2023-03-14 15:15:26.307,15367,15368,15367,1,-1
2023-03-14 15:15:26.307,15367,15368,15367,2,-2
2023-03-14 15:15:26.307,15367,15368,15367,1,-1
2023-03-14 15:15:26.307,15367,15368,15367,1,-1
2023-03-14 15:15:33.448,15367,15368,15368,1,1
2023-03-14 15:15:34.490,15367,15368,15368,3,3
2023-03-14 15:15:34.490,15367,15368,15368,1,1
2023-03-14 15:15:34.490,15367,15368,15368,1,1
2023-03-14 15:15:44.585,15368,15369,15369,1,1
2023-03-14 15:15:47.216,15368,15369,15368,1,-1
2023-03-14 15:15:51.314,15367,15368,15367,1,-1
2023-03-14 15:16:02.055,15366,15367,15366,1,-1
2023-03-14 15:16:02.055,15366,15367,15366,2,-2
2023-03-14 15:16:03.435,15365,15366,15366,1,1
2023-03-14 15:16:03.810,15366,15367,15367,1,1
2023-03-14 15:16:09.729,15366,15367,15367,4,4
2023-03-14 15:16:09.730,15366,15367,15367,1,1
2023-03-14 15:16:23.862,15366,15368,15368,1,1
2023-03-14 15:16:26.521,15366,15368,15368,1,1
2023-03-14 15:16:26.569,15367,15368,15369,1,1
2023-03-14 15:16:30.813,15366,15367,15366,6,-6
2023-03-14 15:16:30.813,15366,15367,15366,1,-1
2023-03-14 15:16:30.813,15366,15367,15366,4,-4
2023-03-14 15:16:32.331,15365,15366,15366,5,5
2023-03-14 15:16:36.112,15365,15367,15367,1,1
2023-03-14 15:16:41.965,15366,15367,15366,5,-5
2023-03-14 15:16:50.053,15365,15366,15365,4,-4
2023-03-14 15:16:50.120,15364,15366,15364,1,-1
2023-03-14 15:16:53.156,15364,15365,15364,1,-1
2023-03-14 15:16:53.156,15364,15365,15364,1,-1
2023-03-14 15:16:53.272,15363,15364,15364,1,1
2023-03-14 15:16:54.799,15364,15365,15364,1,-1
2023-03-14 15:16:57.039,15364,15365,15364,2,-2
2023-03-14 15:16:57.039,15364,15365,15364,2,-2
2023-03-14 15:17:00.303,15363,15364,15364,1,1
2023-03-14 15:17:00.366,15363,15364,15364,1,1
2023-03-14 15:17:01.474,15363,15364,15364,1,1
2023-03-14 15:17:16.038,15364,15366,15365,4,4
2023-03-14 15:17:20.299,15364,15365,15365,1,1
2023-03-14 15:17:36.569,15364,15365,15365,1,1
2023-03-14 15:17:36.569,15364,15365,15365,6,6
2023-03-14 15:17:38.088,15364,15365,15365,1,1
2023-03-14 15:17:41.297,15364,15366,15366,5,5
2023-03-14 15:17:44.927,15366,15368,15368,1,1
2023-03-14 15:17:51.592,15365,15366,15365,1,-1
2023-03-14 15:17:51.592,15365,15366,15365,2,-2
2023-03-14 15:18:03.000,15364,15365,15364,20,-20
2023-03-14 15:18:03.003,15364,15365,15363,7,-7
2023-03-14 15:18:03.780,15363,15364,15363,1,-1
2023-03-14 15:18:03.780,15363,15364,15363,3,-3
2023-03-14 15:18:05.027,15362,15363,15363,1,1
2023-03-14 15:18:06.105,15362,15363,15362,1,-1
2023-03-14 15:18:09.358,15362,15363,15362,1,-1
2023-03-14 15:18:09.358,15362,15363,15362,3,-3
2023-03-14 15:18:09.358,15362,15363,15362,1,-1
2023-03-14 15:18:09.358,15362,15363,15362,1,-1
2023-03-14 15:18:09.359,15362,15363,15362,1,-1
2023-03-14 15:18:09.359,15362,15363,15362,4,-4
2023-03-14 15:18:09.359,15362,15363,15362,1,-1
2023-03-14 15:18:09.359,15362,15363,15362,3,-3
2023-03-14 15:18:12.269,15361,15362,15361,4,-4
2023-03-14 15:18:12.418,15360,15362,15360,2,-2
2023-03-14 15:18:13.800,15361,15362,15361,1,-1
2023-03-14 15:18:15.508,15361,15362,15361,1,-1
2023-03-14 15:18:16.630,15361,15362,15362,9,9
2023-03-14 15:18:16.630,15361,15362,15362,2,2
2023-03-14 15:18:16.631,15361,15362,15362,1,1
2023-03-14 15:18:18.587,15361,15363,15361,1,-1
2023-03-14 15:18:25.468,15361,15363,15361,1,-1
2023-03-14 15:18:29.419,15361,15362,15361,2,-2
2023-03-14 15:18:30.316,15361,15363,15361,2,-2
2023-03-14 15:18:37.933,15361,15362,15361,1,-1
2023-03-14 15:18:40.350,15361,15362,15361,1,-1
2023-03-14 15:18:40.616,15360,15361,15361,1,1
2023-03-14 15:18:41.173,15360,15361,15360,1,-1
2023-03-14 15:18:41.174,15360,15361,15360,3,-3
2023-03-14 15:18:41.174,15360,15361,15360,1,-1
2023-03-14 15:18:41.269,15359,15360,15359,2,-2
2023-03-14 15:18:41.425,15358,15360,15358,5,-5
2023-03-14 15:18:41.820,15358,15359,15359,4,4
2023-03-14 15:18:41.821,15358,15359,15359,1,1
2023-03-14 15:18:41.821,15358,15359,15359,5,5
2023-03-14 15:18:41.821,15358,15359,15359,2,2
2023-03-14 15:18:41.821,15358,15359,15359,2,2
2023-03-14 15:18:41.821,15358,15359,15359,1,1
2023-03-14 15:18:42.687,15359,15360,15360,1,1
2023-03-14 15:18:44.318,15359,15361,15359,3,-3
2023-03-14 15:18:47.850,15358,15359,15359,1,1
2023-03-14 15:18:50.382,15359,15360,15359,1,-1
2023-03-14 15:18:50.609,15359,15360,15359,4,-4
2023-03-14 15:18:50.609,15359,15360,15358,1,-1
2023-03-14 15:18:51.890,15359,15360,15359,1,-1
2023-03-14 15:18:56.580,15359,15360,15360,11,11
2023-03-14 15:18:56.580,15359,15360,15361,11,11
2023-03-14 15:19:00.838,15360,15362,15362,1,1
2023-03-14 15:19:01.745,15361,15362,15362,1,1
2023-03-14 15:19:02.269,15362,15364,15362,1,-1
2023-03-14 15:19:02.433,15362,15364,15363,1,-1
2023-03-14 15:19:12.092,15361,15362,15362,1,1
2023-03-14 15:19:13.670,15362,15363,15362,1,-1
2023-03-14 15:19:16.638,15362,15363,15362,4,-4
2023-03-14 15:19:24.561,15362,15363,15362,1,-1
2023-03-14 15:19:32.499,15360,15361,15361,1,1
2023-03-14 15:19:32.499,15360,15361,15362,6,6
2023-03-14 15:19:32.554,15360,15361,15362,9,9
2023-03-14 15:19:32.596,15361,15363,15363,2,2
2023-03-14 15:19:32.669,15361,15363,15363,6,6
2023-03-14 15:19:49.608,15361,15362,15362,2,2
2023-03-14 15:19:49.609,15361,15362,15362,1,1
2023-03-14 15:19:51.368,15361,15363,15363,1,1
2023-03-14 15:19:52.492,15361,15363,15363,2,2
2023-03-14 15:20:07.375,15362,15363,15363,1,1
2023-03-14 15:20:10.536,15362,15363,15363,3,3
2023-03-14 15:20:12.522,15363,15364,15363,2,-2
2023-03-14 15:20:14.860,15363,15364,15364,4,4
2023-03-14 15:20:14.863,15363,15364,15364,1,1
2023-03-14 15:20:20.435,15363,15364,15362,1,-1
2023-03-14 15:20:25.172,15361,15362,15362,1,1
2023-03-14 15:20:28.802,15362,15363,15363,1,1
2023-03-14 15:20:31.724,15363,15364,15364,1,1
2023-03-14 15:20:31.724,15363,15364,15364,1,1
2023-03-14 15:20:35.783,15363,15364,15364,1,1
2023-03-14 15:20:35.783,15363,15364,15364,2,2
2023-03-14 15:20:40.509,15364,15365,15364,1,-1
2023-03-14 15:20:44.579,15363,15364,15363,1,-1
2023-03-14 15:20:46.808,15362,15364,15362,1,-1
2023-03-14 15:20:48.986,15362,15363,15362,1,-1
2023-03-14 15:20:48.986,15362,15363,15361,4,-4
2023-03-14 15:20:50.714,15361,15362,15362,5,5
2023-03-14 15:20:50.715,15361,15362,15362,3,3
2023-03-14 15:21:02.912,15361,15363,15363,1,1
2023-03-14 15:21:15.603,15362,15363,15363,1,1
2023-03-14 15:21:15.603,15362,15363,15363,1,1
2023-03-14 15:21:26.862,15362,15363,15363,1,1
2023-03-14 15:21:34.624,15362,15363,15363,1,1
2023-03-14 15:21:46.601,15362,15363,15362,1,-1
2023-03-14 15:21:46.601,15362,15363,15362,4,-4
2023-03-14 15:21:46.601,15362,15363,15362,1,-1
2023-03-14 15:21:51.443,15361,15363,15361,1,-1
2023-03-14 15:21:58.256,15362,15363,15362,1,-1
2023-03-14 15:22:00.336,15362,15363,15363,1,1
2023-03-14 15:22:08.425,15362,15363,15363,1,1
2023-03-14 15:22:08.619,15363,15364,15363,2,-2
2023-03-14 15:22:16.440,15363,15365,15365,1,1
2023-03-14 15:22:16.451,15363,15365,15365,1,1
2023-03-14 15:22:23.164,15363,15364,15364,1,1
2023-03-14 15:22:27.082,15364,15365,15365,1,1
2023-03-14 15:22:27.082,15364,15365,15365,1,1
2023-03-14 15:22:27.082,15364,15365,15365,1,1
2023-03-14 15:22:27.082,15364,15365,15365,1,1
2023-03-14 15:22:27.083,15364,15365,15365,1,1
2023-03-14 15:22:31.245,15364,15365,15364,1,-1
2023-03-14 15:22:31.245,15364,15365,15364,1,-1
2023-03-14 15:22:32.272,15363,15364,15364,1,1
2023-03-14 15:22:32.272,15363,15364,15364,1,1
2023-03-14 15:22:37.761,15364,15365,15365,1,1
2023-03-14 15:22:48.058,15365,15366,15365,1,-1
2023-03-14 15:22:48.059,15365,15366,15365,1,-1
2023-03-14 15:22:48.710,15363,15365,15363,1,-1
2023-03-14 15:22:51.786,15363,15364,15363,1,-1
2023-03-14 15:23:01.330,15364,15365,15364,2,-2
2023-03-14 15:23:09.886,15364,15365,15364,1,-1
2023-03-14 15:23:24.633,15363,15364,15363,3,-3
2023-03-14 15:23:26.116,15362,15363,15362,3,-3
2023-03-14 15:23:27.369,15361,15362,15361,6,-6
2023-03-14 15:23:32.211,15360,15361,15360,1,-1
2023-03-14 15:23:34.709,15360,15361,15360,1,-1
2023-03-14 15:23:35.391,15360,15361,15360,1,-1
2023-03-14 15:23:35.392,15360,15361,15360,2,-2
2023-03-14 15:23:35.392,15360,15361,15360,4,-4
2023-03-14 15:23:38.238,15359,15360,15359,1,-1
2023-03-14 15:23:40.879,15359,15360,15359,1,-1
2023-03-14 15:23:40.901,15359,15360,15359,1,-1
2023-03-14 15:23:41.788,15359,15360,15360,1,1
2023-03-14 15:23:42.330,15359,15360,15359,1,-1
2023-03-14 15:23:43.685,15358,15360,15360,1,1
2023-03-14 15:23:45.284,15359,15360,15360,2,2
2023-03-14 15:23:45.285,15359,15360,15360,2,2
2023-03-14 15:23:45.285,15359,15360,15360,1,1
2023-03-14 15:23:46.683,15361,15362,15360,5,-5
2023-03-14 15:23:53.276,15361,15362,15362,3,3
2023-03-14 15:23:53.276,15361,15362,15362,1,1
2023-03-14 15:23:53.277,15361,15362,15362,3,3
2023-03-14 15:23:53.277,15361,15362,15362,1,1
2023-03-14 15:23:53.277,15361,15362,15362,2,2
2023-03-14 15:23:53.279,15361,15362,15362,1,1
2023-03-14 15:23:54.700,15360,15362,15360,2,-2
2023-03-14 15:23:54.864,15360,15361,15360,1,-1
2023-03-14 15:23:55.691,15360,15361,15360,5,-5
2023-03-14 15:23:55.692,15360,15361,15360,9,-9
2023-03-14 15:24:01.845,15359,15360,15360,1,1
2023-03-14 15:24:02.786,15359,15360,15360,1,1
2023-03-14 15:24:03.129,15359,15360,15359,1,-1
2023-03-14 15:24:03.227,15359,15360,15359,1,-1
2023-03-14 15:24:05.542,15359,15360,15360,3,3
2023-03-14 15:24:19.710,15359,15361,15359,10,-10
2023-03-14 15:24:25.808,15359,15361,15359,1,-1
2023-03-14 15:24:35.761,15359,15360,15359,1,-1
2023-03-14 15:24:35.761,15359,15360,15359,2,-2
2023-03-14 15:24:35.761,15359,15360,15359,2,-2
2023-03-14 15:24:38.532,15358,15359,15359,1,1
2023-03-14 15:24:48.536,15358,15359,15358,2,-2
2023-03-14 15:24:53.155,15358,15359,15358,1,-1
2023-03-14 15:24:58.222,15357,15359,15357,2,-2
2023-03-14 15:24:58.355,15357,15359,15357,10,-10
2023-03-14 15:24:58.384,15357,15359,15357,1,-1
2023-03-14 15:24:58.648,15357,15358,15357,1,-1
2023-03-14 15:24:59.386,15357,15358,15358,2,2
2023-03-14 15:25:00.705,15357,15358,15357,1,-1
2023-03-14 15:25:02.310,15357,15358,15357,1,-1
2023-03-14 15:25:04.419,15357,15358,15357,1,-1
2023-03-14 15:25:06.423,15357,15358,15357,1,-1
2023-03-14 15:25:09.012,15356,15357,15356,2,-2
2023-03-14 15:25:10.090,15356,15357,15356,4,-4
2023-03-14 15:25:14.587,15356,15357,15356,1,-1
2023-03-14 15:25:16.250,15356,15357,15356,1,-1
2023-03-14 15:25:21.122,15355,15356,15355,2,-2
2023-03-14 15:25:21.243,15355,15356,15355,5,-5
2023-03-14 15:25:21.288,15355,15356,15355,1,-1
2023-03-14 15:25:21.289,15355,15356,15355,1,-1
2023-03-14 15:25:22.185,15355,15356,15356,2,2
2023-03-14 15:25:22.186,15355,15356,15356,1,1
2023-03-14 15:25:22.880,15355,15356,15356,1,1
2023-03-14 15:25:25.379,15356,15357,15356,6,-6
2023-03-14 15:25:27.693,15355,15356,15355,3,-3
2023-03-14 15:25:27.693,15355,15356,15355,1,-1
2023-03-14 15:25:27.693,15355,15356,15355,1,-1
2023-03-14 15:25:27.693,15355,15356,15355,1,-1
2023-03-14 15:25:30.529,15354,15355,15354,1,-1
2023-03-14 15:25:30.617,15354,15355,15354,5,-5
2023-03-14 15:25:30.617,15354,15355,15354,2,-2
2023-03-14 15:25:30.674,15354,15355,15353,1,-1
2023-03-14 15:25:32.068,15354,15355,15354,1,-1
2023-03-14 15:25:32.069,15354,15355,15354,3,-3
2023-03-14 15:25:32.069,15354,15355,15354,1,-1
2023-03-14 15:25:32.069,15354,15355,15354,6,-6
2023-03-14 15:25:35.000,15353,15354,15353,1,-1
2023-03-14 15:25:35.665,15353,15354,15354,1,1
2023-03-14 15:25:37.263,15354,15355,15354,1,-1
2023-03-14 15:25:37.883,15354,15355,15354,1,-1
2023-03-14 15:25:40.375,15354,15356,15354,1,-1
2023-03-14 15:25:46.985,15354,15355,15354,1,-1
2023-03-14 15:25:47.064,15354,15355,15354,1,-1
2023-03-14 15:25:50.504,15354,15355,15354,1,-1
2023-03-14 15:25:55.237,15354,15355,15354,1,-1
2023-03-14 15:25:56.832,15354,15355,15354,1,-1
2023-03-14 15:25:59.308,15354,15355,15354,1,-1
2023-03-14 15:25:59.308,15354,15355,15354,1,-1
2023-03-14 15:25:59.308,15354,15355,15354,2,-2
2023-03-14 15:26:01.065,15353,15354,15353,1,-1
2023-03-14 15:26:01.065,15353,15354,15353,1,-1
2023-03-14 15:26:01.065,15353,15354,15353,4,-4
2023-03-14 15:26:01.065,15353,15354,15353,1,-1
2023-03-14 15:26:01.539,15352,15354,15354,2,2
2023-03-14 15:26:02.047,15352,15354,15354,9,9
2023-03-14 15:26:02.054,15352,15354,15354,5,5
2023-03-14 15:26:04.668,15353,15354,15352,1,-1
2023-03-14 15:26:04.784,15352,15354,15352,1,-1
2023-03-14 15:26:08.030,15352,15353,15352,1,-1
2023-03-14 15:26:14.111,15352,15353,15352,1,-1
2023-03-14 15:26:23.215,15352,15353,15352,1,-1
2023-03-14 15:26:23.215,15352,15353,15352,3,-3
2023-03-14 15:26:23.215,15352,15353,15352,1,-1
2023-03-14 15:26:23.215,15352,15353,15352,1,-1
2023-03-14 15:26:23.216,15352,15353,15352,1,-1
2023-03-14 15:26:23.216,15352,15353,15352,1,-1
2023-03-14 15:26:23.216,15352,15353,15352,5,-5
2023-03-14 15:26:23.216,15352,15353,15352,4,-4
2023-03-14 15:26:32.492,15351,15352,15352,1,1
2023-03-14 15:26:34.404,15351,15352,15351,3,-3
2023-03-14 15:26:35.831,15351,15352,15351,1,-1
2023-03-14 15:26:35.831,15351,15352,15351,9,-9
2023-03-14 15:26:41.620,15351,15352,15351,2,-2
2023-03-14 15:26:43.237,15351,15352,15352,1,1
2023-03-14 15:26:43.293,15351,15352,15351,2,-2
2023-03-14 15:26:43.695,15351,15352,15351,1,-1
2023-03-14 15:26:50.166,15350,15351,15350,1,-1
2023-03-14 15:26:50.167,15350,15351,15350,4,-4
2023-03-14 15:26:50.167,15350,15351,15350,1,-1
2023-03-14 15:26:50.167,15350,15351,15350,10,-10
2023-03-14 15:26:50.167,15350,15351,15350,1,-1
2023-03-14 15:26:50.167,15350,15351,15350,2,-2
2023-03-14 15:26:50.167,15350,15351,15350,3,-3
2023-03-14 15:26:50.206,15349,15350,15349,5,-5
2023-03-14 15:26:50.296,15349,15350,15350,1,1
2023-03-14 15:26:50.366,15349,15350,15349,1,-1
2023-03-14 15:26:50.912,15349,15350,15349,1,-1
2023-03-14 15:26:50.912,15349,15350,15348,1,-1
2023-03-14 15:26:50.933,15349,15350,15348,1,-1
2023-03-14 15:26:50.977,15348,15350,15348,2,-2
2023-03-14 15:26:52.013,15348,15349,15348,1,-1
2023-03-14 15:26:54.334,15348,15349,15348,2,-2
2023-03-14 15:26:55.285,15347,15348,15348,2,2
2023-03-14 15:26:56.788,15347,15348,15348,1,1
2023-03-14 15:26:58.790,15347,15348,15348,1,1
2023-03-14 15:27:00.127,15347,15348,15347,1,-1
2023-03-14 15:27:00.790,15347,15348,15347,1,-1
2023-03-14 15:27:00.969,15346,15348,15348,1,1
2023-03-14 15:27:02.810,15347,15348,15348,2,2
2023-03-14 15:27:02.903,15347,15348,15347,1,-1
2023-03-14 15:27:04.434,15346,15347,15346,7,-7
2023-03-14 15:27:05.043,15345,15346,15346,1,1
2023-03-14 15:27:05.812,15345,15347,15346,1,1
2023-03-14 15:27:09.650,15345,15346,15345,9,-9
2023-03-14 15:27:11.779,15344,15345,15344,3,-3
2023-03-14 15:27:11.779,15344,15345,15344,2,-2
2023-03-14 15:27:11.781,15344,15345,15344,1,-1
2023-03-14 15:27:14.311,15343,15344,15343,1,-1
2023-03-14 15:27:14.311,15343,15344,15344,3,3
2023-03-14 15:27:14.340,15343,15345,15343,7,-7
2023-03-14 15:27:14.342,15343,15345,15343,3,-3
2023-03-14 15:27:15.538,15342,15344,15342,5,-5
2023-03-14 15:27:15.734,15342,15344,15341,1,-1
2023-03-14 15:27:16.068,15342,15343,15342,5,-5
2023-03-14 15:27:16.068,15342,15343,15341,4,-4
2023-03-14 15:27:19.255,15341,15342,15341,9,-9
2023-03-14 15:27:19.694,15340,15341,15340,4,-4
2023-03-14 15:27:19.695,15340,15341,15340,4,-4
2023-03-14 15:27:19.695,15340,15341,15340,1,-1
2023-03-14 15:27:19.844,15339,15340,15339,5,-5
2023-03-14 15:27:20.472,15339,15340,15340,4,4
2023-03-14 15:27:20.472,15339,15340,15341,6,6
2023-03-14 15:27:20.965,15339,15341,15341,4,4
2023-03-14 15:27:22.206,15339,15341,15339,3,-3
2023-03-14 15:27:22.446,15340,15341,15340,1,-1
2023-03-14 15:27:22.476,15340,15341,15340,2,-2
2023-03-14 15:27:24.637,15339,15340,15340,1,1
2023-03-14 15:27:24.881,15339,15340,15340,1,1
2023-03-14 15:27:24.920,15339,15340,15339,1,-1
2023-03-14 15:27:27.452,15339,15340,15339,1,-1
2023-03-14 15:27:27.514,15339,15340,15339,1,-1
2023-03-14 15:27:27.525,15339,15340,15339,1,-1
2023-03-14 15:27:28.498,15339,15340,15339,1,-1
2023-03-14 15:27:28.830,15339,15340,15340,2,2
2023-03-14 15:27:28.830,15339,15340,15340,1,1
2023-03-14 15:27:28.830,15339,15340,15340,1,1
2023-03-14 15:27:29.852,15340,15341,15340,6,-6
2023-03-14 15:27:29.903,15340,15341,15340,1,-1
2023-03-14 15:27:30.688,15340,15341,15340,1,-1
2023-03-14 15:27:31.656,15340,15341,15340,5,-5
2023-03-14 15:27:33.081,15340,15341,15340,1,-1
2023-03-14 15:27:33.081,15340,15341,15340,1,-1
2023-03-14 15:27:35.906,15339,15340,15340,1,1
2023-03-14 15:27:35.910,15339,15340,15341,2,2
2023-03-14 15:27:35.910,15339,15340,15341,3,3
2023-03-14 15:27:37.017,15341,15342,15342,1,1
2023-03-14 15:27:41.054,15341,15342,15342,1,1
2023-03-14 15:27:43.357,15341,15342,15341,1,-1
2023-03-14 15:27:43.983,15341,15342,15341,4,-4
2023-03-14 15:27:44.051,15341,15342,15341,3,-3
2023-03-14 15:27:44.818,15341,15342,15342,1,1
2023-03-14 15:27:44.947,15341,15342,15342,2,2
2023-03-14 15:27:48.012,15342,15343,15342,3,-3
2023-03-14 15:27:48.967,15342,15343,15343,1,1
2023-03-14 15:27:49.477,15342,15343,15343,1,1
2023-03-14 15:27:49.593,15342,15344,15342,2,-2
2023-03-14 15:27:50.473,15342,15343,15342,1,-1
2023-03-14 15:27:50.610,15341,15343,15342,1,-1
2023-03-14 15:27:51.152,15342,15343,15343,1,1
2023-03-14 15:27:51.346,15342,15343,15342,1,-1
2023-03-14 15:27:52.722,15342,15343,15342,1,-1
2023-03-14 15:27:52.980,15342,15343,15343,1,1
2023-03-14 15:27:53.523,15342,15344,15342,1,-1
2023-03-14 15:27:54.904,15342,15343,15342,1,-1
2023-03-14 15:27:55.234,15342,15343,15343,1,1
2023-03-14 15:27:56.351,15342,15343,15343,1,1
2023-03-14 15:27:59.118,15342,15343,15343,2,2
2023-03-14 15:28:00.961,15342,15343,15342,1,-1
2023-03-14 15:28:00.965,15342,15343,15343,1,1
2023-03-14 15:28:01.071,15342,15343,15342,1,-1
2023-03-14 15:28:01.072,15342,15343,15342,3,-3
2023-03-14 15:28:06.879,15341,15342,15341,1,-1
2023-03-14 15:28:08.194,15341,15342,15342,4,4
2023-03-14 15:28:08.319,15341,15342,15341,1,-1
2023-03-14 15:28:09.058,15341,15342,15341,1,-1
2023-03-14 15:28:11.772,15341,15342,15342,1,1
2023-03-14 15:28:11.838,15341,15342,15341,1,-1
2023-03-14 15:28:12.229,15341,15342,15342,3,3
2023-03-14 15:28:13.037,15341,15342,15341,6,-6
2023-03-14 15:28:13.631,15340,15341,15340,1,-1
2023-03-14 15:28:13.698,15340,15341,15340,4,-4
2023-03-14 15:28:13.698,15340,15341,15340,2,-2
2023-03-14 15:28:13.698,15340,15341,15340,2,-2
2023-03-14 15:28:13.698,15340,15341,15340,1,-1
2023-03-14 15:28:13.986,15339,15341,15341,4,4
2023-03-14 15:28:14.814,15339,15340,15339,1,-1
2023-03-14 15:28:16.374,15339,15340,15339,1,-1
2023-03-14 15:28:16.516,15339,15340,15339,1,-1
2023-03-14 15:28:16.797,15339,15340,15340,2,2
2023-03-14 15:28:16.830,15339,15340,15339,1,-1
2023-03-14 15:28:18.437,15339,15340,15339,2,-2
2023-03-14 15:28:18.607,15339,15340,15340,2,2
2023-03-14 15:28:18.631,15339,15340,15341,1,1
2023-03-14 15:28:18.757,15340,15342,15340,1,-1
2023-03-14 15:28:20.187,15341,15342,15341,1,-1
2023-03-14 15:28:20.319,15340,15342,15340,1,-1
2023-03-14 15:28:20.402,15340,15342,15340,1,-1
2023-03-14 15:28:22.672,15341,15342,15342,3,3
2023-03-14 15:28:22.672,15341,15342,15343,7,7
2023-03-14 15:28:22.887,15341,15343,15343,1,1
2023-03-14 15:28:23.025,15341,15343,15343,1,1
2023-03-14 15:28:23.154,15341,15343,15342,1,1
2023-03-14 15:28:23.812,15341,15343,15343,1,1
2023-03-14 15:28:25.088,15342,15344,15344,10,10
2023-03-14 15:28:25.707,15342,15344,15344,5,5
2023-03-14 15:28:27.483,15343,15345,15345,1,1
2023-03-14 15:28:27.706,15343,15345,15345,10,10
2023-03-14 15:28:32.189,15344,15345,15344,3,-3
2023-03-14 15:28:34.658,15344,15345,15344,1,-1
2023-03-14 15:28:34.737,15344,15345,15345,2,2
2023-03-14 15:28:34.737,15344,15345,15345,3,3
2023-03-14 15:28:39.527,15345,15346,15345,1,-1
2023-03-14 15:28:40.801,15345,15346,15345,1,-1
2023-03-14 15:28:42.934,15345,15346,15346,1,1
2023-03-14 15:28:48.446,15345,15346,15345,1,-1
2023-03-14 15:28:48.446,15345,15346,15345,1,-1
2023-03-14 15:28:49.600,15344,15345,15344,1,-1
2023-03-14 15:28:53.595,15344,15345,15344,5,-5
2023-03-14 15:28:53.709,15344,15345,15344,4,-4
2023-03-14 15:28:55.047,15343,15344,15343,1,-1
2023-03-14 15:28:55.797,15343,15344,15344,1,1
2023-03-14 15:28:57.068,15343,15344,15344,1,1
2023-03-14 15:29:02.101,15343,15344,15343,1,-1
2023-03-14 15:29:02.101,15343,15344,15343,1,-1
2023-03-14 15:29:04.442,15341,15342,15342,3,3
2023-03-14 15:29:05.275,15342,15344,15342,1,-1
2023-03-14 15:29:06.137,15341,15343,15341,1,-1
2023-03-14 15:29:07.090,15342,15343,15342,1,-1
2023-03-14 15:29:11.630,15342,15343,15343,1,1
2023-03-14 15:29:11.630,15342,15343,15343,1,1
2023-03-14 15:29:11.630,15342,15343,15343,1,1
2023-03-14 15:29:11.861,15343,15344,15344,1,1
2023-03-14 15:29:11.861,15343,15344,15344,3,3
2023-03-14 15:29:12.141,15344,15345,15344,1,-1
2023-03-14 15:29:15.435,15342,15343,15342,1,-1
2023-03-14 15:29:18.723,15343,15344,15343,1,-1
2023-03-14 15:29:20.062,15342,15344,15342,1,-1
2023-03-14 15:29:20.288,15342,15344,15342,1,-1
2023-03-14 15:29:21.030,15342,15344,15342,1,-1
2023-03-14 15:29:25.961,15342,15344,15343,1,-1
2023-03-14 15:29:29.874,15343,15344,15343,1,-1
2023-03-14 15:29:33.280,15343,15344,15343,1,-1
2023-03-14 15:29:37.134,15343,15344,15343,1,-1
2023-03-14 15:29:40.546,15343,15344,15344,2,2
2023-03-14 15:29:48.719,15343,15344,15344,1,1
2023-03-14 15:29:49.714,15344,15345,15344,2,-2
2023-03-14 15:29:52.737,15344,15345,15345,1,1
2023-03-14 15:29:52.737,15344,15345,15345,3,3
2023-03-14 15:29:52.776,15344,15345,15346,4,4
2023-03-14 15:29:57.508,15344,15345,15344,1,-1
2023-03-14 15:29:59.705,15344,15345,15344,1,-1
2023-03-14 15:29:59.705,15344,15345,15344,2,-2
2023-03-14 15:30:00.389,15343,15344,15344,1,1
2023-03-14 15:30:00.821,15343,15345,15345,1,1
2023-03-14 15:30:00.831,15343,15345,15343,2,-2
2023-03-14 15:30:00.863,15343,15345,15343,2,-2
2023-03-14 15:30:00.924,15343,15345,15343,4,-4
2023-03-14 15:30:01.703,15344,15346,15344,2,-2
2023-03-14 15:30:11.250,15344,15345,15344,2,-2
2023-03-14 15:30:14.382,15343,15345,15345,1,1
2023-03-14 15:30:16.404,15344,15346,15345,1,1
2023-03-14 15:30:17.204,15344,15345,15344,1,-1
2023-03-14 15:30:17.350,15343,15344,15343,1,-1
2023-03-14 15:30:17.591,15342,15343,15343,1,1
2023-03-14 15:30:26.058,15342,15343,15342,3,-3
2023-03-14 15:30:26.058,15342,15343,15342,1,-1
2023-03-14 15:30:26.058,15342,15343,15342,2,-2
2023-03-14 15:30:26.058,15342,15343,15342,2,-2
2023-03-14 15:30:26.058,15342,15343,15342,1,-1
2023-03-14 15:30:26.058,15342,15343,15342,4,-4
2023-03-14 15:30:26.058,15342,15343,15342,1,-1
2023-03-14 15:30:26.058,15342,15343,15342,1,-1
2023-03-14 15:30:26.058,15342,15343,15342,4,-4
2023-03-14 15:30:26.059,15342,15343,15342,1,-1
2023-03-14 15:30:26.059,15342,15343,15342,1,-1
2023-03-14 15:30:26.059,15342,15343,15342,1,-1
2023-03-14 15:30:26.059,15342,15343,15342,1,-1
2023-03-14 15:30:26.059,15342,15343,15342,1,-1
2023-03-14 15:30:26.059,15342,15343,15342,1,-1
2023-03-14 15:30:26.059,15342,15343,15342,1,-1
2023-03-14 15:30:26.839,15341,15342,15342,2,2
2023-03-14 15:30:34.075,15342,15343,15342,1,-1
2023-03-14 15:30:35.446,15342,15343,15342,2,-2
2023-03-14 15:30:41.702,15341,15342,15341,1,-1
2023-03-14 15:30:41.702,15341,15342,15341,1,-1
2023-03-14 15:30:41.702,15341,15342,15341,1,-1
2023-03-14 15:30:41.702,15341,15342,15341,1,-1
2023-03-14 15:30:49.214,15340,15341,15341,3,3
2023-03-14 15:30:49.516,15341,15342,15341,1,-1
2023-03-14 15:30:53.782,15341,15342,15341,1,-1
2023-03-14 15:30:55.134,15341,15342,15342,1,1
2023-03-14 15:30:55.134,15341,15342,15342,6,6
2023-03-14 15:30:55.134,15341,15342,15342,2,2
2023-03-14 15:30:56.229,15342,15344,15342,1,-1
2023-03-14 15:31:00.128,15342,15343,15343,1,1
2023-03-14 15:31:07.621,15343,15345,15343,2,-2
2023-03-14 15:31:10.666,15342,15343,15342,3,-3
2023-03-14 15:31:17.579,15341,15342,15342,1,1
2023-03-14 15:31:25.888,15341,15342,15342,2,2
2023-03-14 15:31:37.602,15342,15343,15342,2,-2
2023-03-14 15:31:41.051,15342,15343,15342,1,-1
2023-03-14 15:31:41.051,15342,15343,15342,2,-2
2023-03-14 15:31:45.097,15341,15342,15342,2,2
2023-03-14 15:31:45.982,15342,15343,15343,1,1
2023-03-14 15:31:46.507,15343,15344,15344,3,3
2023-03-14 15:31:46.991,15344,15345,15345,1,1
2023-03-14 15:31:46.991,15344,15345,15345,4,4
2023-03-14 15:31:52.264,15342,15344,15344,1,1
2023-03-14 15:31:59.932,15342,15344,15344,1,1
2023-03-14 15:32:04.343,15343,15344,15344,3,3
2023-03-14 15:32:08.687,15344,15346,15346,5,5
2023-03-14 15:32:14.007,15345,15346,15346,1,1
2023-03-14 15:32:15.498,15346,15347,15346,1,-1
2023-03-14 15:32:16.246,15346,15347,15346,1,-1
2023-03-14 15:32:17.175,15346,15347,15347,1,1
2023-03-14 15:32:22.468,15346,15347,15346,2,-2
2023-03-14 15:32:22.847,15346,15347,15347,2,2
2023-03-14 15:32:23.247,15346,15347,15347,1,1
2023-03-14 15:32:32.244,15346,15347,15346,1,-1
2023-03-14 15:32:34.007,15346,15347,15346,1,-1
2023-03-14 15:32:36.038,15346,15347,15346,1,-1
2023-03-14 15:32:36.901,15346,15347,15347,1,1
2023-03-14 15:32:39.960,15347,15348,15348,1,1
2023-03-14 15:32:44.174,15348,15349,15348,5,-5
2023-03-14 15:32:46.210,15348,15349,15348,1,-1
2023-03-14 15:32:46.435,15347,15349,15349,1,1
2023-03-14 15:32:47.433,15347,15349,15349,1,1
2023-03-14 15:32:47.939,15347,15349,15349,1,1
2023-03-14 15:32:49.983,15347,15349,15347,3,-3
2023-03-14 15:32:49.983,15347,15349,15346,1,-1
2023-03-14 15:32:50.136,15346,15348,15348,1,1
2023-03-14 15:32:55.161,15346,15347,15346,2,-2
2023-03-14 15:32:55.681,15345,15347,15347,1,1
2023-03-14 15:33:00.648,15345,15346,15346,2,2
2023-03-14 15:33:03.646,15345,15346,15346,1,1
2023-03-14 15:33:04.107,15345,15346,15346,1,1
2023-03-14 15:33:06.438,15345,15347,15346,2,2
2023-03-14 15:33:06.929,15345,15346,15345,1,-1
2023-03-14 15:33:06.929,15345,15346,15345,3,-3
2023-03-14 15:33:12.552,15344,15346,15346,1,1
2023-03-14 15:33:13.084,15344,15345,15345,2,2
2023-03-14 15:33:18.831,15344,15345,15345,1,1
2023-03-14 15:33:19.031,15344,15345,15345,1,1
2023-03-14 15:33:24.035,15344,15346,15346,1,1
2023-03-14 15:33:25.129,15344,15345,15345,1,1
2023-03-14 15:33:25.130,15344,15345,15345,1,1
2023-03-14 15:33:25.130,15344,15345,15345,1,1
2023-03-14 15:33:30.760,15346,15347,15346,4,-4
2023-03-14 15:33:33.014,15346,15347,15347,2,2
2023-03-14 15:33:40.864,15346,15348,15346,1,-1
2023-03-14 15:33:46.754,15346,15348,15346,1,-1
2023-03-14 15:33:46.843,15346,15348,15348,2,2
2023-03-14 15:33:48.323,15346,15348,15346,3,-3
2023-03-14 15:34:03.612,15347,15348,15347,5,-5
2023-03-14 15:34:06.612,15347,15348,15347,5,-5
2023-03-14 15:34:09.063,15347,15348,15348,5,5
2023-03-14 15:34:09.120,15347,15349,15347,1,-1
2023-03-14 15:34:13.125,15348,15349,15348,1,-1
2023-03-14 15:34:13.125,15348,15349,15347,3,-3
2023-03-14 15:34:15.137,15347,15348,15348,2,2
2023-03-14 15:34:20.631,15348,15349,15349,6,6
2023-03-14 15:34:23.100,15349,15350,15350,3,3
2023-03-14 15:34:23.236,15350,15351,15351,1,1
2023-03-14 15:34:23.236,15350,15351,15351,2,2
2023-03-14 15:34:23.236,15350,15351,15352,1,1
2023-03-14 15:34:26.286,15350,15351,15351,1,1
2023-03-14 15:34:26.925,15350,15351,15352,1,1
2023-03-14 15:34:27.472,15351,15352,15351,1,-1
2023-03-14 15:34:31.123,15351,15352,15351,2,-2
2023-03-14 15:34:34.044,15350,15351,15350,1,-1
2023-03-14 15:34:36.271,15350,15351,15351,1,1
2023-03-14 15:34:39.999,15350,15351,15350,2,-2
2023-03-14 15:34:45.823,15350,15351,15350,1,-1
2023-03-14 15:34:47.133,15350,15351,15350,1,-1
2023-03-14 15:34:47.133,15350,15351,15350,1,-1
2023-03-14 15:34:47.608,15348,15350,15348,1,-1
2023-03-14 15:34:52.744,15350,15351,15350,2,-2
2023-03-14 15:34:54.845,15350,15351,15349,1,-1
2023-03-14 15:34:57.341,15350,15351,15351,2,2
2023-03-14 15:34:57.342,15350,15351,15351,3,3
2023-03-14 15:35:00.481,15351,15352,15352,2,2
2023-03-14 15:35:00.482,15351,15352,15352,2,2
2023-03-14 15:35:00.482,15351,15352,15352,2,2
2023-03-14 15:35:00.482,15351,15352,15352,1,1
2023-03-14 15:35:00.980,15351,15353,15351,1,-1
2023-03-14 15:35:01.125,15351,15353,15353,3,3
2023-03-14 15:35:04.109,15351,15353,15353,1,1
2023-03-14 15:35:05.092,15352,15353,15352,1,-1
2023-03-14 15:35:05.873,15352,15353,15353,2,2
2023-03-14 15:35:06.752,15352,15353,15353,1,1
2023-03-14 15:35:08.150,15352,15354,15353,1,1
2023-03-14 15:35:08.203,15352,15353,15353,1,1
2023-03-14 15:35:09.912,15352,15353,15352,1,-1
2023-03-14 15:35:12.151,15351,15352,15351,1,-1
2023-03-14 15:35:12.151,15351,15352,15351,4,-4
2023-03-14 15:35:13.717,15350,15352,15352,1,1
2023-03-14 15:35:25.745,15351,15352,15352,2,2
2023-03-14 15:35:25.750,15351,15352,15352,2,2
2023-03-14 15:35:26.899,15351,15352,15352,1,1
2023-03-14 15:35:27.872,15352,15353,15352,1,-1
2023-03-14 15:35:32.394,15352,15353,15353,2,2
2023-03-14 15:35:32.576,15352,15353,15353,1,1
2023-03-14 15:35:36.282,15352,15354,15354,1,1
2023-03-14 15:35:36.553,15352,15354,15354,1,1
2023-03-14 15:35:40.116,15353,15354,15353,1,-1
2023-03-14 15:35:40.120,15353,15354,15353,1,-1
2023-03-14 15:35:40.695,15353,15354,15353,1,-1
2023-03-14 15:35:41.135,15353,15354,15354,1,1
2023-03-14 15:35:41.334,15353,15354,15353,1,-1
2023-03-14 15:35:41.334,15353,15354,15353,1,-1
2023-03-14 15:35:41.334,15353,15354,15353,1,-1
2023-03-14 15:35:53.517,15353,15354,15354,1,1
2023-03-14 15:35:59.419,15353,15354,15354,1,1
2023-03-14 15:36:03.735,15353,15355,15355,1,1
2023-03-14 15:36:08.438,15354,15355,15355,3,3
2023-03-14 15:36:09.682,15355,15356,15355,1,-1
2023-03-14 15:36:12.072,15355,15356,15355,2,-2
2023-03-14 15:36:12.128,15355,15356,15355,1,-1
2023-03-14 15:36:12.129,15355,15356,15355,2,-2
2023-03-14 15:36:12.129,15355,15356,15355,1,-1
2023-03-14 15:36:12.880,15354,15356,15356,1,1
2023-03-14 15:36:12.881,15354,15356,15356,1,1
2023-03-14 15:36:16.639,15356,15357,15356,1,-1
2023-03-14 15:36:16.747,15356,15357,15357,1,1
2023-03-14 15:36:19.412,15356,15357,15357,3,3
2023-03-14 15:36:22.002,15357,15358,15358,1,1
2023-03-14 15:36:23.417,15357,15358,15357,2,-2
2023-03-14 15:36:28.855,15357,15358,15358,1,1
2023-03-14 15:36:28.855,15357,15358,15358,3,3
2023-03-14 15:36:28.855,15357,15358,15358,1,1
2023-03-14 15:36:29.259,15358,15359,15359,2,2
2023-03-14 15:36:29.259,15358,15359,15359,2,2
2023-03-14 15:36:29.259,15358,15359,15359,2,2
2023-03-14 15:36:29.259,15358,15359,15359,1,1
2023-03-14 15:36:29.259,15358,15359,15359,1,1
2023-03-14 15:36:29.259,15358,15359,15359,2,2
2023-03-14 15:36:29.671,15358,15359,15359,1,1
2023-03-14 15:36:30.717,15358,15360,15360,1,1
2023-03-14 15:36:31.673,15359,15360,15359,1,-1
2023-03-14 15:36:33.245,15359,15360,15360,2,2
2023-03-14 15:36:33.832,15359,15360,15359,1,-1
2023-03-14 15:36:38.121,15359,15360,15359,1,-1
2023-03-14 15:36:38.754,15359,15360,15359,1,-1
2023-03-14 15:36:40.800,15359,15360,15360,1,1
2023-03-14 15:36:45.003,15359,15360,15360,1,1
2023-03-14 15:36:45.003,15359,15360,15360,4,4
2023-03-14 15:36:45.003,15359,15360,15360,1,1
2023-03-14 15:36:46.786,15360,15361,15360,1,-1
2023-03-14 15:36:48.642,15359,15360,15359,2,-2
2023-03-14 15:36:48.643,15359,15360,15359,2,-2
2023-03-14 15:36:48.643,15359,15360,15359,1,-1
2023-03-14 15:36:48.850,15358,15359,15358,2,-2
2023-03-14 15:36:51.248,15358,15359,15359,1,1
2023-03-14 15:36:57.868,15357,15359,15358,1,1
2023-03-14 15:37:03.939,15358,15359,15358,3,-3
2023-03-14 15:37:09.182,15357,15358,15358,1,1
2023-03-14 15:37:11.863,15358,15359,15359,1,1
2023-03-14 15:37:16.130,15358,15359,15359,4,4
2023-03-14 15:37:23.673,15358,15359,15359,1,1
2023-03-14 15:37:25.993,15358,15359,15358,1,-1
2023-03-14 15:37:26.821,15357,15359,15359,1,1
2023-03-14 15:37:27.646,15357,15359,15359,3,3
2023-03-14 15:37:36.959,15358,15359,15359,3,3
2023-03-14 15:37:41.116,15358,15359,15358,1,-1
2023-03-14 15:37:43.851,15357,15358,15357,1,-1
2023-03-14 15:37:44.593,15357,15358,15357,6,-6
2023-03-14 15:37:45.763,15356,15357,15357,1,1
2023-03-14 15:37:49.879,15357,15358,15358,2,2
2023-03-14 15:37:49.880,15357,15358,15358,3,3
2023-03-14 15:37:51.412,15358,15359,15359,1,1
2023-03-14 15:37:52.405,15359,15360,15359,1,-1
2023-03-14 15:37:56.931,15358,15359,15358,1,-1
2023-03-14 15:37:56.932,15358,15359,15358,1,-1
2023-03-14 15:38:00.603,15358,15359,15358,1,-1
2023-03-14 15:38:13.195,15358,15359,15358,3,-3
2023-03-14 15:38:14.501,15358,15359,15359,9,9
2023-03-14 15:38:17.489,15359,15360,15359,1,-1
2023-03-14 15:38:21.953,15359,15360,15360,1,1
2023-03-14 15:38:31.401,15359,15360,15360,14,14
2023-03-14 15:38:31.402,15359,15360,15360,3,3
2023-03-14 15:38:33.002,15359,15360,15360,1,1
2023-03-14 15:38:33.571,15360,15361,15361,1,1
2023-03-14 15:38:33.572,15360,15361,15361,11,11
2023-03-14 15:38:42.137,15360,15361,15360,1,-1
2023-03-14 15:38:42.137,15360,15361,15360,3,-3
2023-03-14 15:38:44.049,15359,15360,15360,2,2
2023-03-14 15:38:47.058,15360,15361,15361,1,1
2023-03-14 15:38:47.582,15360,15361,15360,1,-1
2023-03-14 15:38:53.134,15360,15361,15361,2,2
2023-03-14 15:38:53.350,15361,15363,15363,3,3
2023-03-14 15:38:57.781,15361,15362,15362,1,1
2023-03-14 15:38:58.870,15361,15362,15361,1,-1
2023-03-14 15:38:59.577,15360,15362,15362,5,5
2023-03-14 15:39:00.846,15360,15362,15362,1,1
2023-03-14 15:39:04.442,15360,15362,15361,1,1
2023-03-14 15:39:09.390,15361,15362,15361,1,-1
2023-03-14 15:39:11.044,15361,15362,15361,1,-1
2023-03-14 15:39:11.682,15361,15362,15361,1,-1
2023-03-14 15:39:14.677,15360,15361,15360,1,-1
2023-03-14 15:39:18.486,15360,15361,15360,1,-1
2023-03-14 15:39:19.975,15360,15361,15360,1,-1
2023-03-14 15:39:20.764,15360,15361,15360,1,-1
2023-03-14 15:39:21.938,15360,15361,15360,1,-1
2023-03-14 15:39:22.260,15360,15361,15360,1,-1
2023-03-14 15:39:22.565,15360,15361,15360,1,-1
2023-03-14 15:39:22.851,15360,15361,15360,1,-1
2023-03-14 15:39:24.162,15360,15361,15360,1,-1
2023-03-14 15:39:24.162,15360,15361,15360,1,-1
2023-03-14 15:39:24.717,15359,15360,15359,1,-1
2023-03-14 15:39:24.884,15358,15359,15358,1,-1
2023-03-14 15:39:24.891,15358,15359,15358,1,-1
2023-03-14 15:39:30.051,15357,15358,15357,1,-1
2023-03-14 15:39:30.613,15357,15358,15357,1,-1
2023-03-14 15:39:31.366,15356,15358,15356,1,-1
2023-03-14 15:39:31.450,15356,15358,15356,1,-1
2023-03-14 15:39:35.004,15355,15357,15356,1,-1
2023-03-14 15:39:37.138,15356,15357,15356,1,-1
2023-03-14 15:39:41.447,15356,15357,15356,1,-1
2023-03-14 15:39:42.352,15355,15356,15355,1,-1
2023-03-14 15:39:43.442,15355,15357,15355,1,-1
2023-03-14 15:39:44.261,15356,15357,15356,1,-1
2023-03-14 15:39:46.452,15356,15357,15357,1,1
2023-03-14 15:39:46.452,15356,15357,15357,2,2
2023-03-14 15:39:49.828,15356,15357,15356,2,-2
2023-03-14 15:39:57.341,15355,15356,15355,1,-1
2023-03-14 15:39:57.341,15355,15356,15355,2,-2
2023-03-14 15:39:57.341,15355,15356,15355,1,-1
2023-03-14 15:40:01.059,15354,15355,15354,1,-1
2023-03-14 15:40:01.487,15353,15355,15353,1,-1
2023-03-14 15:40:01.799,15353,15354,15354,1,1
2023-03-14 15:40:02.791,15354,15355,15354,1,-1
2023-03-14 15:40:04.822,15355,15356,15356,1,1
2023-03-14 15:40:04.822,15355,15356,15356,1,1
2023-03-14 15:40:05.906,15357,15358,15357,1,-1
2023-03-14 15:40:30.963,15356,15357,15357,1,1
2023-03-14 15:40:30.963,15356,15357,15357,1,1
2023-03-14 15:40:30.963,15356,15357,15357,1,1
2023-03-14 15:40:30.963,15356,15357,15357,4,4
2023-03-14 15:40:33.670,15356,15357,15357,1,1
2023-03-14 15:40:42.455,15356,15357,15356,1,-1
2023-03-14 15:40:42.455,15356,15357,15355,2,-2
2023-03-14 15:40:47.411,15355,15357,15355,1,-1
2023-03-14 15:40:48.610,15355,15356,15356,1,1
2023-03-14 15:40:49.041,15355,15356,15355,1,-1
2023-03-14 15:40:49.150,15355,15356,15355,1,-1
2023-03-14 15:40:51.893,15354,15356,15354,1,-1
2023-03-14 15:41:00.586,15354,15356,15354,1,-1
2023-03-14 15:41:06.903,15354,15356,15354,1,-1
2023-03-14 15:41:07.175,15355,15356,15355,1,-1
2023-03-14 15:41:13.785,15354,15355,15355,2,2
2023-03-14 15:41:18.710,15355,15356,15356,1,1
2023-03-14 15:41:18.711,15355,15356,15356,1,1
2023-03-14 15:41:19.407,15355,15357,15355,1,-1
2023-03-14 15:41:26.722,15355,15356,15355,1,-1
2023-03-14 15:41:29.405,15354,15355,15354,1,-1
2023-03-14 15:41:29.405,15354,15355,15353,2,-2
2023-03-14 15:41:35.698,15353,15355,15355,1,1
2023-03-14 15:41:39.742,15354,15355,15354,1,-1
2023-03-14 15:41:47.532,15354,15355,15355,1,1
2023-03-14 15:41:48.274,15354,15356,15354,1,-1
2023-03-14 15:41:50.473,15354,15356,15354,1,-1
2023-03-14 15:41:51.811,15355,15356,15355,1,-1
2023-03-14 15:41:56.119,15355,15356,15355,1,-1
2023-03-14 15:42:02.732,15354,15355,15354,1,-1
2023-03-14 15:42:02.747,15354,15355,15354,1,-1
2023-03-14 15:42:03.562,15353,15354,15353,1,-1
2023-03-14 15:42:09.366,15355,15356,15356,1,1
2023-03-14 15:42:09.367,15355,15356,15356,1,1
2023-03-14 15:42:09.367,15355,15356,15356,1,1
2023-03-14 15:42:09.367,15355,15356,15356,1,1
2023-03-14 15:42:09.367,15355,15356,15356,1,1
2023-03-14 15:42:11.389,15356,15357,15356,1,-1
2023-03-14 15:42:14.984,15355,15356,15356,1,1
2023-03-14 15:43:14.604,15353,15355,15353,1,-1
2023-03-14 15:43:28.200,15354,15355,15355,1,1
2023-03-14 15:43:31.045,15355,15356,15355,1,-1
2023-03-14 15:43:32.094,15355,15356,15355,1,-1
2023-03-14 15:43:33.688,15355,15356,15355,1,-1
2023-03-14 15:43:40.243,15355,15356,15356,3,3
2023-03-14 15:43:55.635,15355,15356,15356,1,1
2023-03-14 15:44:00.882,15356,15357,15357,5,5
2023-03-14 15:44:01.829,15357,15358,15357,3,-3
2023-03-14 15:44:13.524,15355,15356,15355,2,-2
2023-03-14 15:44:20.263,15354,15355,15355,1,1
2023-03-14 15:44:29.327,15354,15355,15354,4,-4
2023-03-14 15:44:42.512,15354,15355,15354,4,-4
2023-03-14 15:44:53.496,15354,15355,15354,1,-1
2023-03-14 15:44:54.605,15354,15355,15354,1,-1
2023-03-14 15:44:56.072,15353,15354,15353,1,-1
2023-03-14 15:44:59.130,15352,15353,15352,1,-1
2023-03-14 15:44:59.130,15352,15353,15352,1,-1
2023-03-14 15:44:59.130,15352,15353,15352,2,-2
2023-03-14 15:44:59.130,15352,15353,15352,1,-1
2023-03-14 15:45:01.460,15351,15353,15351,1,-1
2023-03-14 15:45:02.034,15351,15353,15351,1,-1
2023-03-14 15:45:05.345,15352,15353,15352,1,-1
2023-03-14 15:45:06.005,15351,15353,15351,1,-1
2023-03-14 15:45:08.316,15350,15352,15350,1,-1
2023-03-14 15:45:08.378,15350,15352,15351,1,-1
2023-03-14 15:45:08.606,15351,15352,15351,2,-2
2023-03-14 15:45:14.283,15351,15352,15351,1,-1
2023-03-14 15:45:16.208,15351,15352,15351,1,-1
2023-03-14 15:45:17.142,15351,15352,15351,1,-1
2023-03-14 15:45:17.874,15351,15352,15351,1,-1
2023-03-14 15:45:20.423,15351,15352,15351,1,-1
2023-03-14 15:45:26.532,15350,15351,15351,1,1
2023-03-14 15:45:27.348,15350,15351,15350,1,-1
2023-03-14 15:45:27.760,15350,15352,15350,1,-1
2023-03-14 15:45:32.382,15350,15352,15350,1,-1
2023-03-14 15:45:37.488,15350,15352,15350,1,-1
2023-03-14 15:45:39.343,15350,15351,15350,1,-1
2023-03-14 15:45:39.344,15350,15351,15350,1,-1
2023-03-14 15:45:39.344,15350,15351,15350,6,-6
2023-03-14 15:45:39.344,15350,15351,15350,1,-1
2023-03-14 15:45:39.344,15350,15351,15350,1,-1
2023-03-14 15:45:39.344,15350,15351,15350,2,-2
2023-03-14 15:45:39.344,15350,15351,15350,3,-3
2023-03-14 15:45:40.268,15349,15350,15349,1,-1
2023-03-14 15:45:40.268,15349,15350,15349,1,-1
2023-03-14 15:45:44.447,15348,15350,15348,1,-1
2023-03-14 15:45:46.214,15348,15349,15348,1,-1
2023-03-14 15:45:46.214,15348,15349,15347,1,-1
2023-03-14 15:45:46.396,15347,15349,15347,10,-10
2023-03-14 15:45:46.397,15347,15349,15347,1,-1
2023-03-14 15:45:46.398,15347,15349,15347,2,-2
2023-03-14 15:45:47.718,15346,15348,15346,1,-1
2023-03-14 15:45:48.011,15346,15347,15347,1,1
2023-03-14 15:45:51.841,15346,15348,15347,1,1
2023-03-14 15:45:52.313,15346,15347,15346,1,-1
2023-03-14 15:45:53.623,15346,15347,15346,2,-2
2023-03-14 15:45:56.766,15346,15347,15346,1,-1
2023-03-14 15:45:58.418,15346,15347,15346,2,-2
2023-03-14 15:45:58.731,15345,15346,15345,2,-2
2023-03-14 15:45:58.883,15345,15346,15345,1,-1
2023-03-14 15:45:59.396,15345,15346,15346,1,1
2023-03-14 15:46:00.564,15345,15346,15345,1,-1
2023-03-14 15:46:00.713,15345,15346,15345,3,-3
2023-03-14 15:46:01.062,15344,15346,15346,2,2
2023-03-14 15:46:04.966,15345,15346,15346,2,2
2023-03-14 15:46:05.100,15346,15347,15346,3,-3
2023-03-14 15:46:06.338,15346,15347,15346,2,-2
2023-03-14 15:46:11.051,15344,15346,15346,1,1
2023-03-14 15:46:21.976,15346,15347,15346,1,-1
2023-03-14 15:46:24.435,15345,15347,15345,2,-2
2023-03-14 15:46:27.508,15346,15347,15346,2,-2
2023-03-14 15:46:43.427,15345,15346,15346,1,1
2023-03-14 15:46:43.831,15345,15347,15345,3,-3
2023-03-14 15:46:47.893,15345,15346,15346,1,1
2023-03-14 15:46:49.626,15346,15347,15346,1,-1
2023-03-14 15:46:54.481,15346,15347,15346,1,-1
2023-03-14 15:46:54.795,15346,15347,15346,3,-3
2023-03-14 15:46:57.646,15346,15347,15346,1,-1
2023-03-14 15:46:57.756,15345,15346,15345,4,-4
2023-03-14 15:46:57.849,15344,15346,15344,6,-6
2023-03-14 15:46:59.509,15343,15345,15344,3,-3
2023-03-14 15:47:01.820,15344,15345,15344,1,-1
2023-03-14 15:47:05.097,15343,15344,15343,1,-1
2023-03-14 15:47:05.097,15343,15344,15343,1,-1
2023-03-14 15:47:05.097,15343,15344,15343,1,-1
2023-03-14 15:47:07.299,15343,15344,15343,1,-1
2023-03-14 15:47:11.314,15342,15343,15342,3,-3
2023-03-14 15:47:12.777,15341,15342,15342,1,1
2023-03-14 15:47:13.685,15341,15342,15342,2,2
2023-03-14 15:47:13.685,15341,15342,15342,2,2
2023-03-14 15:47:13.685,15341,15342,15342,1,1
2023-03-14 15:47:13.685,15341,15342,15342,1,1
2023-03-14 15:47:13.685,15341,15342,15342,1,1
2023-03-14 15:47:15.292,15342,15344,15342,6,-6
2023-03-14 15:47:16.431,15342,15343,15342,4,-4
2023-03-14 15:47:16.493,15341,15342,15341,1,-1
2023-03-14 15:47:17.179,15341,15342,15341,2,-2
2023-03-14 15:47:19.738,15341,15342,15342,2,2
2023-03-14 15:47:24.948,15341,15342,15342,1,1
2023-03-14 15:47:26.476,15343,15344,15343,1,-1
2023-03-14 15:47:29.191,15343,15344,15344,1,1
2023-03-14 15:47:29.191,15343,15344,15345,1,1
2023-03-14 15:47:29.455,15344,15345,15344,1,-1
2023-03-14 15:47:30.331,15344,15345,15344,1,-1
2023-03-14 15:47:31.001,15344,15346,15345,1,-1
2023-03-14 15:47:33.055,15345,15346,15345,1,-1
2023-03-14 15:47:39.256,15345,15347,15346,1,-1
2023-03-14 15:47:43.432,15345,15346,15345,1,-1
2023-03-14 15:47:46.713,15343,15345,15345,1,1
2023-03-14 15:47:56.485,15344,15345,15345,1,1
2023-03-14 15:47:57.607,15344,15345,15344,2,-2
2023-03-14 15:47:57.607,15344,15345,15344,3,-3
2023-03-14 15:48:01.698,15343,15345,15343,11,-11
2023-03-14 15:48:03.114,15344,15345,15344,1,-1
2023-03-14 15:48:04.867,15344,15345,15344,1,-1
2023-03-14 15:48:07.077,15344,15345,15345,1,1
2023-03-14 15:48:12.149,15344,15345,15345,4,4
2023-03-14 15:48:12.762,15344,15345,15345,6,6
2023-03-14 15:48:13.435,15345,15346,15345,2,-2
2023-03-14 15:48:14.745,15345,15346,15345,1,-1
2023-03-14 15:48:18.446,15345,15346,15345,1,-1
2023-03-14 15:48:18.984,15345,15346,15346,1,1
2023-03-14 15:48:18.984,15345,15346,15346,1,1
2023-03-14 15:48:21.223,15346,15347,15347,1,1
2023-03-14 15:48:21.223,15346,15347,15347,2,2
2023-03-14 15:48:36.416,15349,15350,15350,1,1
2023-03-14 15:48:36.416,15349,15350,15350,1,1
2023-03-14 15:48:36.416,15349,15350,15350,4,4
2023-03-14 15:48:38.181,15350,15351,15350,1,-1
2023-03-14 15:48:41.571,15349,15350,15350,1,1
2023-03-14 15:48:44.225,15349,15350,15350,4,4
2023-03-14 15:48:46.669,15349,15350,15349,1,-1
2023-03-14 15:48:46.749,15348,15349,15349,2,2
2023-03-14 15:48:46.749,15348,15349,15350,4,4
2023-03-14 15:48:46.887,15348,15350,15350,1,1
2023-03-14 15:48:48.924,15349,15351,15349,1,-1
2023-03-14 15:48:56.304,15349,15350,15350,1,1
2023-03-14 15:48:56.304,15349,15350,15350,1,1
2023-03-14 15:49:01.568,15350,15351,15351,1,1
2023-03-14 15:49:01.795,15350,15352,15352,2,2
2023-03-14 15:49:03.721,15351,15352,15351,2,-2
2023-03-14 15:49:03.721,15351,15352,15351,4,-4
2023-03-14 15:49:03.721,15351,15352,15351,1,-1
2023-03-14 15:49:03.721,15351,15352,15351,3,-3
2023-03-14 15:49:03.721,15351,15352,15351,1,-1
2023-03-14 15:49:03.721,15351,15352,15351,1,-1
2023-03-14 15:49:03.724,15351,15352,15350,1,-1
2023-03-14 15:49:04.520,15350,15351,15351,1,1
2023-03-14 15:49:05.262,15350,15351,15351,1,1
2023-03-14 15:49:08.120,15349,15350,15349,1,-1
2023-03-14 15:49:09.416,15348,15349,15348,2,-2
2023-03-14 15:49:09.416,15348,15349,15348,2,-2
2023-03-14 15:49:09.417,15348,15349,15348,1,-1
2023-03-14 15:49:10.302,15347,15348,15348,1,1
2023-03-14 15:49:15.512,15348,15349,15349,1,1
2023-03-14 15:49:15.512,15348,15349,15349,1,1
2023-03-14 15:49:22.125,15348,15349,15348,1,-1
2023-03-14 15:49:28.258,15347,15348,15348,1,1
2023-03-14 15:49:37.775,15347,15348,15348,1,1
2023-03-14 15:49:49.056,15348,15350,15348,10,-10
2023-03-14 15:49:55.372,15349,15350,15349,1,-1
2023-03-14 15:49:55.372,15349,15350,15349,2,-2
2023-03-14 15:50:00.212,15348,15349,15349,1,1
2023-03-14 15:50:01.272,15348,15349,15349,1,1
2023-03-14 15:50:01.773,15348,15350,15348,1,-1
2023-03-14 15:50:13.669,15347,15348,15348,3,3
2023-03-14 15:50:20.877,15347,15348,15348,1,1
2023-03-14 15:50:27.515,15349,15350,15350,3,3
2023-03-14 15:50:37.451,15349,15350,15350,1,1
2023-03-14 15:50:40.495,15350,15351,15350,1,-1
2023-03-14 15:50:44.973,15350,15351,15350,2,-2
2023-03-14 15:50:44.973,15350,15351,15350,3,-3
2023-03-14 15:50:47.123,15348,15350,15350,1,1
2023-03-14 15:50:53.791,15349,15350,15350,1,1
2023-03-14 15:50:59.975,15350,15351,15351,2,2
2023-03-14 15:51:01.509,15351,15352,15352,2,2
2023-03-14 15:51:26.274,15349,15350,15350,2,2
2023-03-14 15:51:31.073,15350,15351,15350,1,-1
2023-03-14 15:51:31.403,15349,15350,15349,1,-1
2023-03-14 15:51:39.558,15349,15351,15349,2,-2
2023-03-14 15:51:41.349,15350,15351,15350,1,-1
2023-03-14 15:51:53.684,15349,15350,15349,2,-2
2023-03-14 15:51:53.684,15349,15350,15348,1,-1
2023-03-14 15:51:59.081,15348,15350,15348,1,-1
2023-03-14 15:52:07.853,15348,15349,15348,1,-1
2023-03-14 15:52:07.853,15348,15349,15348,2,-2
2023-03-14 15:52:11.828,15347,15348,15348,1,1
2023-03-14 15:52:13.549,15347,15348,15348,1,1
2023-03-14 15:52:20.433,15347,15348,15347,1,-1
2023-03-14 15:52:20.460,15346,15347,15346,1,-1
2023-03-14 15:52:33.773,15346,15347,15346,1,-1
2023-03-14 15:52:34.541,15346,15347,15347,1,1
2023-03-14 15:52:39.596,15348,15349,15349,3,3
2023-03-14 15:52:39.596,15348,15349,15349,1,1
2023-03-14 15:52:39.597,15348,15349,15349,1,1
2023-03-14 15:52:45.129,15348,15349,15348,1,-1
2023-03-14 15:52:45.210,15347,15349,15348,1,-1
2023-03-14 15:52:45.210,15347,15349,15348,1,-1
2023-03-14 15:52:48.379,15347,15348,15348,1,1
2023-03-14 15:52:57.990,15347,15348,15348,1,1
2023-03-14 15:53:07.267,15347,15348,15348,1,1
2023-03-14 15:53:24.349,15348,15349,15349,2,2
2023-03-14 15:53:24.349,15348,15349,15350,3,3
2023-03-14 15:53:25.335,15349,15350,15349,1,-1
2023-03-14 15:53:39.156,15349,15350,15350,1,1
2023-03-14 15:53:39.421,15349,15350,15349,1,-1
2023-03-14 15:53:39.421,15349,15350,15349,4,-4
2023-03-14 15:53:47.439,15349,15350,15350,1,1
2023-03-14 15:53:52.865,15347,15349,15349,1,1
2023-03-14 15:53:53.973,15347,15349,15347,1,-1
2023-03-14 15:53:53.987,15347,15349,15346,1,-1
2023-03-14 15:53:58.628,15345,15346,15346,1,1
2023-03-14 15:53:58.628,15345,15346,15347,6,6
2023-03-14 15:54:06.922,15346,15347,15346,2,-2
2023-03-14 15:54:21.191,15346,15347,15346,2,-2
2023-03-14 15:54:21.192,15346,15347,15346,4,-4
2023-03-14 15:54:25.291,15345,15346,15346,1,1
2023-03-14 15:54:27.987,15346,15347,15346,2,-2
2023-03-14 15:54:44.087,15346,15347,15347,1,1
2023-03-14 15:54:49.011,15347,15348,15348,1,1
2023-03-14 15:54:49.644,15347,15348,15348,2,2
2023-03-14 15:55:11.313,15346,15348,15348,1,1
2023-03-14 15:55:16.216,15346,15348,15348,1,1
2023-03-14 15:55:35.100,15347,15348,15348,1,1
2023-03-14 15:55:46.034,15349,15350,15349,1,-1
2023-03-14 15:55:55.754,15348,15349,15349,1,1
2023-03-14 15:55:58.341,15348,15349,15348,1,-1
2023-03-14 15:55:58.341,15348,15349,15348,1,-1
2023-03-14 15:55:58.341,15348,15349,15348,1,-1
2023-03-14 15:56:04.567,15347,15348,15348,1,1
2023-03-14 15:56:04.755,15348,15349,15349,1,1
2023-03-14 15:56:04.755,15348,15349,15349,1,1
2023-03-14 15:56:05.791,15349,15350,15350,1,1
2023-03-14 15:56:07.176,15349,15350,15350,1,1
2023-03-14 15:56:07.176,15349,15350,15350,1,1
2023-03-14 15:56:07.176,15349,15350,15350,3,3
2023-03-14 15:56:07.176,15349,15350,15350,1,1
2023-03-14 15:56:08.859,15350,15352,15350,1,-1
2023-03-14 15:56:13.450,15350,15351,15351,1,1
2023-03-14 15:56:20.395,15351,15352,15351,1,-1
2023-03-14 15:56:21.495,15351,15352,15351,1,-1
2023-03-14 15:56:21.495,15351,15352,15351,1,-1
2023-03-14 15:56:25.687,15350,15351,15351,1,1
2023-03-14 15:56:35.871,15351,15352,15352,2,2
2023-03-14 15:56:40.209,15351,15352,15352,1,1
2023-03-14 15:56:44.638,15352,15354,15352,1,-1
2023-03-14 15:56:45.926,15352,15354,15354,3,3
2023-03-14 15:56:46.146,15352,15354,15354,1,1
2023-03-14 15:56:54.116,15352,15353,15352,5,-5
2023-03-14 15:56:55.021,15351,15353,15352,3,-3
2023-03-14 15:56:59.128,15352,15353,15353,1,1
2023-03-14 15:57:04.231,15352,15353,15353,5,5
2023-03-14 15:57:05.831,15352,15354,15352,3,-3
2023-03-14 15:57:07.409,15352,15353,15353,1,1
2023-03-14 15:57:07.409,15352,15353,15354,1,1
2023-03-14 15:57:14.249,15353,15354,15354,2,2
2023-03-14 15:57:14.249,15353,15354,15355,3,3
2023-03-14 15:57:14.401,15353,15355,15355,2,2
2023-03-14 15:57:24.650,15352,15354,15354,1,1
2023-03-14 15:57:24.886,15352,15354,15352,1,-1
2023-03-14 15:57:27.574,15353,15354,15353,1,-1
2023-03-14 15:57:30.359,15352,15353,15352,1,-1
2023-03-14 15:57:32.268,15352,15353,15353,1,1
2023-03-14 15:57:34.650,15353,15354,15353,1,-1
2023-03-14 15:57:44.443,15352,15354,15352,1,-1
2023-03-14 15:58:08.918,15353,15354,15354,1,1
2023-03-14 15:58:10.904,15354,15355,15354,1,-1
2023-03-14 15:58:11.935,15353,15355,15353,1,-1
2023-03-14 15:58:14.008,15354,15355,15354,2,-2
2023-03-14 15:58:17.472,15353,15354,15354,1,1
2023-03-14 15:58:27.902,15354,15355,15355,1,1
2023-03-14 15:58:27.902,15354,15355,15355,1,1
2023-03-14 15:58:27.902,15354,15355,15355,1,1
2023-03-14 15:58:27.902,15354,15355,15355,2,2
2023-03-14 15:58:41.468,15355,15356,15356,1,1
2023-03-14 15:58:41.469,15355,15356,15356,1,1
2023-03-14 15:58:41.469,15355,15356,15356,3,3
2023-03-14 15:58:41.679,15356,15357,15357,1,1
2023-03-14 15:58:43.212,15355,15357,15357,3,3
2023-03-14 15:58:48.851,15356,15357,15357,1,1
2023-03-14 15:58:49.464,15356,15357,15357,1,1
2023-03-14 15:58:49.764,15356,15357,15357,1,1
2023-03-14 15:58:52.620,15357,15358,15358,1,1
2023-03-14 15:58:53.532,15357,15358,15358,1,1
2023-03-14 15:58:54.208,15357,15358,15358,1,1
2023-03-14 15:58:54.210,15357,15358,15357,1,-1
2023-03-14 15:58:57.971,15357,15358,15357,1,-1
2023-03-14 15:59:01.773,15357,15358,15357,1,-1
2023-03-14 15:59:03.536,15357,15358,15358,1,1
2023-03-14 15:59:03.536,15357,15358,15358,1,1
2023-03-14 15:59:03.536,15357,15358,15358,1,1
2023-03-14 15:59:03.536,15357,15358,15358,1,1
2023-03-14 15:59:03.536,15357,15358,15358,1,1
2023-03-14 15:59:03.536,15357,15358,15358,1,1
2023-03-14 15:59:05.996,15357,15358,15358,1,1
2023-03-14 15:59:10.594,15358,15359,15358,4,-4
2023-03-14 15:59:14.448,15358,15359,15358,1,-1
2023-03-14 15:59:14.990,15358,15359,15359,1,1
2023-03-14 15:59:14.990,15358,15359,15359,1,1
2023-03-14 15:59:14.990,15358,15359,15359,1,1
2023-03-14 15:59:14.990,15358,15359,15359,2,2
2023-03-14 15:59:16.503,15358,15360,15360,3,3
2023-03-14 15:59:16.593,15358,15360,15360,1,1
2023-03-14 15:59:21.000,15358,15359,15359,4,4
2023-03-14 15:59:21.000,15358,15359,15359,2,2
2023-03-14 15:59:21.000,15358,15359,15359,1,1
2023-03-14 15:59:21.000,15358,15359,15359,1,1
2023-03-14 15:59:25.847,15358,15359,15358,2,-2
2023-03-14 15:59:27.527,15357,15358,15357,1,-1
2023-03-14 15:59:31.296,15356,15357,15356,1,-1
2023-03-14 15:59:36.693,15355,15356,15355,1,-1
2023-03-14 15:59:42.979,15355,15356,15356,1,1
2023-03-14 15:59:43.299,15355,15356,15356,5,5
2023-03-14 15:59:44.032,15355,15357,15355,1,-1
2023-03-14 15:59:49.940,15355,15356,15355,1,-1
2023-03-14 15:59:50.251,15355,15356,15356,1,1
2023-03-14 16:00:01.469,15357,15358,15357,1,-1
2023-03-14 16:00:01.539,15357,15358,15358,1,1
2023-03-14 16:00:02.007,15357,15358,15358,1,1
2023-03-14 16:00:02.158,15357,15358,15358,1,1
2023-03-14 16:00:02.159,15357,15358,15358,1,1
2023-03-14 16:00:02.396,15357,15359,15357,1,-1
2023-03-14 16:00:03.049,15358,15359,15359,1,1
2023-03-14 16:00:03.724,15359,15360,15360,1,1
2023-03-14 16:00:03.725,15359,15360,15360,2,2
2023-03-14 16:00:03.725,15359,15360,15360,1,1
2023-03-14 16:00:03.725,15359,15360,15360,2,2
2023-03-14 16:00:03.725,15359,15360,15360,1,1
2023-03-14 16:00:03.725,15359,15360,15360,1,1
2023-03-14 16:00:03.725,15359,15360,15360,2,2
2023-03-14 16:00:03.725,15359,15360,15360,1,1
2023-03-14 16:00:03.736,15359,15360,15360,2,2
2023-03-14 16:00:03.736,15359,15360,15360,1,1
2023-03-14 16:00:03.736,15359,15360,15360,1,1
2023-03-14 16:00:03.765,15359,15360,15361,1,1
2023-03-14 16:00:04.387,15360,15362,15360,2,-2
2023-03-14 16:00:06.181,15358,15360,15359,3,-3
2023-03-14 16:00:08.709,15358,15360,15358,1,-1
2023-03-14 16:00:09.128,15359,15360,15360,2,2
2023-03-14 16:00:20.431,15361,15362,15362,1,1
2023-03-14 16:00:21.194,15361,15362,15362,1,1
2023-03-14 16:00:22.414,15361,15362,15362,1,1
2023-03-14 16:00:23.411,15361,15362,15362,2,2
2023-03-14 16:00:23.412,15361,15362,15362,2,2
2023-03-14 16:00:23.649,15362,15363,15363,11,11
2023-03-14 16:00:23.914,15363,15364,15363,4,-4
2023-03-14 16:00:24.698,15362,15363,15363,4,4
2023-03-14 16:00:26.036,15362,15363,15362,1,-1
2023-03-14 16:00:26.571,15361,15362,15362,1,1
2023-03-14 16:00:26.974,15361,15362,15361,1,-1
2023-03-14 16:00:29.766,15360,15362,15361,1,-1
2023-03-14 16:00:30.233,15361,15362,15362,4,4
2023-03-14 16:00:31.922,15362,15363,15362,1,-1
2023-03-14 16:00:34.782,15362,15363,15362,1,-1
2023-03-14 16:00:42.272,15360,15361,15361,2,2
2023-03-14 16:00:45.062,15361,15362,15362,1,1
2023-03-14 16:00:45.062,15361,15362,15362,1,1
2023-03-14 16:00:45.062,15361,15362,15362,3,3
2023-03-14 16:00:45.480,15361,15363,15362,1,1
2023-03-14 16:00:49.478,15360,15361,15360,2,-2
2023-03-14 16:00:49.478,15360,15361,15360,1,-1
2023-03-14 16:00:50.482,15359,15360,15360,2,2
2023-03-14 16:00:51.266,15359,15361,15361,1,1
2023-03-14 16:00:57.574,15358,15360,15360,1,1
2023-03-14 16:01:00.591,15359,15360,15359,1,-1
2023-03-14 16:01:07.475,15359,15360,15360,1,1
2023-03-14 16:01:11.617,15359,15360,15360,1,1
2023-03-14 16:01:11.876,15360,15361,15361,1,1
2023-03-14 16:01:16.677,15360,15361,15361,1,1
2023-03-14 16:01:16.677,15360,15361,15361,1,1
2023-03-14 16:01:16.677,15360,15361,15361,3,3
2023-03-14 16:01:16.677,15360,15361,15361,1,1
2023-03-14 16:01:16.678,15360,15361,15361,1,1
2023-03-14 16:01:21.648,15360,15361,15360,3,-3
2023-03-14 16:01:24.470,15360,15361,15361,1,1
2023-03-14 16:01:25.139,15360,15361,15361,3,3
2023-03-14 16:01:25.304,15361,15362,15361,1,-1
2023-03-14 16:01:25.304,15361,15362,15361,2,-2
2023-03-14 16:01:26.032,15360,15361,15360,1,-1
2023-03-14 16:01:28.780,15360,15361,15360,1,-1
2023-03-14 16:01:30.725,15360,15361,15361,3,3
2023-03-14 16:01:31.104,15360,15362,15360,6,-6
2023-03-14 16:01:34.489,15360,15361,15360,6,-6
2023-03-14 16:01:34.490,15360,15361,15360,1,-1
2023-03-14 16:01:35.887,15359,15360,15360,1,1
2023-03-14 16:01:37.830,15360,15361,15360,2,-2
2023-03-14 16:01:38.074,15360,15361,15360,1,-1
2023-03-14 16:01:43.013,15358,15359,15358,2,-2
2023-03-14 16:01:44.768,15358,15359,15358,3,-3
2023-03-14 16:01:45.299,15358,15359,15358,1,-1
2023-03-14 16:01:48.758,15356,15358,15357,2,-2
2023-03-14 16:01:51.457,15357,15358,15357,1,-1
2023-03-14 16:01:57.786,15357,15358,15358,1,1
2023-03-14 16:01:59.596,15357,15359,15359,1,1
2023-03-14 16:02:01.202,15358,15359,15359,1,1
2023-03-14 16:02:01.202,15358,15359,15359,1,1
2023-03-14 16:02:01.202,15358,15359,15359,2,2
2023-03-14 16:02:11.626,15357,15358,15357,2,-2
2023-03-14 16:02:11.626,15357,15358,15357,1,-1
2023-03-14 16:02:13.933,15356,15357,15356,1,-1
2023-03-14 16:02:14.255,15355,15356,15355,2,-2
2023-03-14 16:02:14.548,15354,15355,15356,1,1
2023-03-14 16:02:20.110,15357,15358,15358,1,1
2023-03-14 16:02:22.937,15357,15358,15357,1,-1
2023-03-14 16:02:22.937,15357,15358,15357,3,-3
2023-03-14 16:02:26.203,15357,15359,15358,1,-1
2023-03-14 16:02:27.207,15357,15359,15357,1,-1
2023-03-14 16:02:33.035,15357,15358,15357,1,-1
2023-03-14 16:02:34.757,15355,15356,15356,1,1
2023-03-14 16:02:37.024,15356,15357,15356,1,-1
2023-03-14 16:02:43.538,15355,15356,15356,1,1
2023-03-14 16:02:44.889,15354,15355,15354,1,-1
2023-03-14 16:02:44.889,15354,15355,15354,1,-1
2023-03-14 16:02:45.957,15354,15356,15354,3,-3
2023-03-14 16:02:45.958,15354,15356,15354,3,-3
2023-03-14 16:02:47.620,15354,15356,15354,2,-2
2023-03-14 16:02:49.294,15354,15356,15354,3,-3
2023-03-14 16:02:51.762,15353,15354,15353,1,-1
2023-03-14 16:02:51.762,15353,15354,15353,1,-1
2023-03-14 16:02:51.762,15353,15354,15353,3,-3
2023-03-14 16:02:51.762,15353,15354,15353,1,-1
2023-03-14 16:02:53.675,15353,15355,15354,3,-3
2023-03-14 16:02:55.200,15353,15354,15354,1,1
2023-03-14 16:02:56.615,15352,15354,15352,5,-5
2023-03-14 16:02:58.023,15351,15353,15353,4,4
2023-03-14 16:03:00.128,15353,15354,15355,2,2
2023-03-14 16:03:01.002,15353,15355,15353,1,-1
2023-03-14 16:03:02.848,15355,15356,15355,3,-3
2023-03-14 16:03:03.400,15355,15356,15356,1,1
2023-03-14 16:03:08.340,15355,15357,15355,2,-2
2023-03-14 16:03:16.728,15354,15355,15354,1,-1
2023-03-14 16:03:17.915,15354,15355,15354,1,-1
2023-03-14 16:03:17.916,15354,15355,15354,2,-2
2023-03-14 16:03:19.301,15354,15356,15354,2,-2
2023-03-14 16:03:20.216,15353,15355,15354,1,-1
2023-03-14 16:03:22.647,15353,15354,15353,1,-1
2023-03-14 16:03:22.648,15353,15354,15353,1,-1
2023-03-14 16:03:25.323,15353,15354,15353,1,-1
2023-03-14 16:03:30.810,15353,15355,15353,1,-1
2023-03-14 16:03:35.046,15352,15354,15352,1,-1
2023-03-14 16:03:38.863,15353,15354,15354,1,1
2023-03-14 16:03:47.951,15354,15355,15354,1,-1
2023-03-14 16:03:53.245,15353,15354,15353,1,-1
2023-03-14 16:03:59.431,15352,15353,15353,1,1
2023-03-14 16:04:01.602,15353,15354,15353,3,-3
2023-03-14 16:04:07.794,15353,15354,15354,2,2
2023-03-14 16:04:07.794,15353,15354,15354,1,1
2023-03-14 16:04:08.086,15353,15355,15353,3,-3
2023-03-14 16:04:25.362,15354,15355,15354,4,-4
2023-03-14 16:04:35.009,15353,15354,15353,1,-1
2023-03-14 16:04:49.090,15352,15353,15353,1,1
2023-03-14 16:04:49.426,15352,15353,15352,1,-1
2023-03-14 16:04:49.426,15352,15353,15352,4,-4
2023-03-14 16:04:49.426,15352,15353,15352,2,-2
2023-03-14 16:04:51.755,15351,15352,15352,1,1
2023-03-14 16:04:53.673,15351,15352,15351,1,-1
2023-03-14 16:04:53.673,15351,15352,15351,1,-1
2023-03-14 16:04:53.801,15350,15352,15352,1,1
2023-03-14 16:04:57.896,15351,15352,15351,1,-1
2023-03-14 16:04:57.896,15351,15352,15351,1,-1
2023-03-14 16:05:12.538,15350,15352,15350,1,-1
2023-03-14 16:05:12.538,15350,15352,15350,2,-2
2023-03-14 16:05:12.538,15350,15352,15350,1,-1
2023-03-14 16:05:12.538,15350,15352,15350,1,-1
2023-03-14 16:05:12.538,15350,15352,15350,2,-2
2023-03-14 16:05:12.538,15350,15352,15350,1,-1
2023-03-14 16:05:12.539,15350,15352,15350,1,-1
2023-03-14 16:05:12.539,15350,15352,15350,1,-1
2023-03-14 16:05:12.539,15350,15352,15350,1,-1
2023-03-14 16:05:12.539,15350,15352,15350,2,-2
2023-03-14 16:05:12.539,15350,15352,15350,1,-1
2023-03-14 16:05:12.539,15350,15352,15350,1,-1
2023-03-14 16:05:12.539,15350,15352,15350,1,-1
2023-03-14 16:05:12.735,15350,15351,15350,2,-2
2023-03-14 16:05:13.013,15349,15351,15351,1,1
2023-03-14 16:05:13.060,15349,15351,15349,1,-1
2023-03-14 16:05:13.122,15349,15351,15351,1,1
2023-03-14 16:05:13.186,15349,15351,15349,1,-1
2023-03-14 16:05:13.463,15349,15351,15351,1,1
2023-03-14 16:05:16.983,15351,15352,15351,1,-1
2023-03-14 16:05:16.983,15351,15352,15351,1,-1
2023-03-14 16:05:16.983,15351,15352,15351,1,-1
2023-03-14 16:05:26.493,15352,15353,15353,1,1
2023-03-14 16:05:27.631,15352,15354,15352,1,-1
2023-03-14 16:05:30.960,15351,15352,15352,5,5
2023-03-14 16:05:31.637,15352,15354,15352,5,-5
2023-03-14 16:05:36.266,15354,15355,15355,1,1
2023-03-14 16:05:36.266,15354,15355,15355,1,1
2023-03-14 16:05:38.537,15353,15355,15355,1,1
2023-03-14 16:05:50.093,15353,15355,15355,3,3
2023-03-14 16:06:00.167,15354,15355,15354,2,-2
2023-03-14 16:06:04.343,15354,15355,15355,1,1
2023-03-14 16:06:04.344,15354,15355,15355,3,3
2023-03-14 16:06:04.344,15354,15355,15355,1,1
2023-03-14 16:06:09.478,15355,15356,15356,2,2
2023-03-14 16:06:15.019,15355,15356,15356,1,1
2023-03-14 16:06:17.430,15355,15357,15357,5,5
2023-03-14 16:06:22.577,15357,15358,15358,1,1
2023-03-14 16:06:22.977,15357,15359,15359,1,1
2023-03-14 16:06:27.837,15357,15358,15357,1,-1
2023-03-14 16:06:28.060,15357,15358,15357,1,-1
2023-03-14 16:06:33.844,15358,15359,15359,1,1
2023-03-14 16:06:33.844,15358,15359,15359,1,1
2023-03-14 16:06:33.845,15358,15359,15359,1,1
2023-03-14 16:06:33.887,15358,15359,15360,1,1
2023-03-14 16:06:33.888,15358,15359,15360,1,1
2023-03-14 16:06:33.888,15358,15359,15360,1,1
2023-03-14 16:06:39.389,15359,15360,15360,1,1
2023-03-14 16:06:39.389,15359,15360,15360,2,2
2023-03-14 16:06:39.389,15359,15360,15360,2,2
2023-03-14 16:06:39.405,15359,15360,15360,1,1
2023-03-14 16:06:39.425,15359,15360,15361,9,9
2023-03-14 16:06:40.267,15361,15362,15361,3,-3
2023-03-14 16:06:40.328,15361,15362,15361,1,-1
2023-03-14 16:06:42.677,15361,15362,15361,1,-1
2023-03-14 16:06:42.882,15360,15362,15361,1,-1
2023-03-14 16:06:43.852,15360,15361,15360,2,-2
2023-03-14 16:06:43.852,15360,15361,15360,1,-1
2023-03-14 16:06:43.852,15360,15361,15360,1,-1
2023-03-14 16:06:43.852,15360,15361,15360,1,-1
2023-03-14 16:06:45.872,15359,15361,15361,7,7
2023-03-14 16:06:47.068,15361,15362,15361,1,-1
2023-03-14 16:06:47.068,15361,15362,15361,1,-1
2023-03-14 16:06:47.068,15361,15362,15361,1,-1
2023-03-14 16:06:54.528,15360,15361,15360,1,-1
2023-03-14 16:06:54.528,15360,15361,15360,1,-1
2023-03-14 16:07:01.268,15360,15361,15360,1,-1
2023-03-14 16:07:01.980,15360,15361,15360,1,-1
2023-03-14 16:07:02.508,15360,15361,15360,1,-1
2023-03-14 16:07:08.662,15360,15361,15361,1,1
2023-03-14 16:07:08.662,15360,15361,15361,1,1
2023-03-14 16:07:08.663,15360,15361,15361,2,2
2023-03-14 16:07:13.540,15361,15362,15361,1,-1
2023-03-14 16:07:14.837,15361,15362,15362,1,1
2023-03-14 16:07:14.837,15361,15362,15362,1,1
2023-03-14 16:07:14.837,15361,15362,15362,3,3
2023-03-14 16:07:14.837,15361,15362,15362,1,1
2023-03-14 16:07:14.838,15361,15362,15362,12,12
2023-03-14 16:07:19.286,15361,15363,15363,1,1
2023-03-14 16:07:20.160,15361,15362,15362,6,6
2023-03-14 16:07:24.441,15362,15363,15363,2,2
2023-03-14 16:07:24.533,15362,15363,15362,1,-1
2023-03-14 16:07:25.104,15361,15362,15362,1,1
2023-03-14 16:07:26.922,15362,15363,15363,1,1
2023-03-14 16:07:27.907,15362,15363,15363,5,5
2023-03-14 16:07:28.796,15363,15364,15363,1,-1
2023-03-14 16:07:31.530,15363,15364,15364,2,2
2023-03-14 16:07:31.723,15363,15365,15365,3,3
2023-03-14 16:07:36.109,15364,15365,15364,2,-2
2023-03-14 16:07:37.507,15364,15365,15364,2,-2
2023-03-14 16:07:38.320,15363,15364,15364,1,1
2023-03-14 16:07:38.459,15364,15365,15365,1,1
2023-03-14 16:07:40.570,15364,15365,15365,2,2
2023-03-14 16:07:40.609,15364,15365,15365,5,5
2023-03-14 16:07:40.610,15364,15365,15365,1,1
2023-03-14 16:07:40.610,15364,15365,15365,4,4
2023-03-14 16:07:41.569,15365,15366,15365,1,-1
2023-03-14 16:07:41.574,15365,15366,15365,1,-1
2023-03-14 16:07:42.563,15363,15365,15365,1,1
2023-03-14 16:07:44.578,15364,15365,15365,1,1
2023-03-14 16:07:46.853,15364,15365,15365,1,1
2023-03-14 16:07:48.614,15364,15365,15365,1,1
2023-03-14 16:07:48.675,15364,15365,15365,1,1
2023-03-14 16:07:52.159,15365,15366,15365,2,-2
2023-03-14 16:07:56.442,15364,15365,15365,1,1
2023-03-14 16:07:56.452,15364,15365,15365,3,3
2023-03-14 16:07:57.600,15365,15366,15366,1,1
2023-03-14 16:07:57.600,15365,15366,15366,1,1
2023-03-14 16:07:57.600,15365,15366,15366,1,1
2023-03-14 16:07:57.600,15365,15366,15366,3,3
2023-03-14 16:07:57.600,15365,15366,15366,19,19
2023-03-14 16:07:57.738,15366,15367,15367,1,1
2023-03-14 16:07:57.965,15365,15367,15367,2,2
2023-03-14 16:07:58.681,15366,15367,15366,2,-2
2023-03-14 16:08:04.030,15365,15366,15365,2,-2
2023-03-14 16:08:04.030,15365,15366,15365,1,-1
2023-03-14 16:08:04.030,15365,15366,15365,1,-1
2023-03-14 16:08:04.030,15365,15366,15365,1,-1
2023-03-14 16:08:04.103,15364,15365,15364,1,-1
2023-03-14 16:08:04.569,15364,15366,15366,1,1
2023-03-14 16:08:06.510,15364,15365,15365,1,1
2023-03-14 16:08:08.779,15364,15366,15366,3,3
2023-03-14 16:08:10.060,15365,15366,15366,2,2
2023-03-14 16:08:11.352,15366,15367,15366,3,-3
2023-03-14 16:08:12.076,15366,15367,15366,1,-1
2023-03-14 16:08:12.076,15366,15367,15366,2,-2
2023-03-14 16:08:12.542,15365,15367,15365,1,-1
2023-03-14 16:08:12.956,15365,15366,15365,2,-2
2023-03-14 16:08:14.540,15365,15366,15366,1,1
2023-03-14 16:08:15.778,15364,15366,15366,2,2
2023-03-14 16:08:18.568,15364,15365,15364,1,-1
