2020-02-19 15:00:00.046,11760,11762,11762,39
2020-02-19 15:00:00.058,11761,11762,11762,9
2020-02-19 15:00:00.058,11761,11762,11763,15
2020-02-19 15:00:00.058,11761,11762,11764,9
2020-02-19 15:00:00.062,11761,11762,11764,14
2020-02-19 15:00:00.062,11761,11762,11765,4
2020-02-19 15:00:00.062,11761,11762,11766,5
2020-02-19 15:00:00.062,11761,11762,11767,3
2020-02-19 15:00:00.062,11761,11762,11768,4
2020-02-19 15:00:00.062,11761,11762,11769,6
2020-02-19 15:00:00.062,11761,11762,11770,9
2020-02-19 15:00:00.062,11761,11762,11770,13
2020-02-19 15:00:00.062,11761,11762,11771,2
2020-02-19 15:00:00.062,11761,11762,11772,7
2020-02-19 15:00:00.062,11761,11762,11773,8
2020-02-19 15:00:00.062,11761,11762,11774,1
2020-02-19 15:00:00.062,11761,11762,11774,6
2020-02-19 15:00:00.063,11761,11762,11774,17
2020-02-19 15:00:00.063,11761,11762,11775,7
2020-02-19 15:00:00.063,11761,11762,11776,3
2020-02-19 15:00:00.063,11761,11762,11777,4
2020-02-19 15:00:00.063,11761,11762,11778,16
2020-02-19 15:00:00.063,11761,11762,11779,3
2020-02-19 15:00:00.063,11761,11762,11780,12
2020-02-19 15:00:00.063,11761,11762,11782,5
2020-02-19 15:00:00.063,11761,11762,11782,9
2020-02-19 15:00:00.064,11761,11762,11782,2
2020-02-19 15:00:00.064,11761,11762,11783,2
2020-02-19 15:00:00.076,11761,11783,11783,2
2020-02-19 15:00:00.076,11761,11783,11785,11
2020-02-19 15:00:00.076,11761,11783,11786,18
2020-02-19 15:00:00.076,11761,11783,11786,6
2020-02-19 15:00:00.076,11761,11783,11787,1
2020-02-19 15:00:00.076,11761,11783,11788,4
2020-02-19 15:00:00.076,11761,11783,11789,2
2020-02-19 15:00:00.076,11761,11783,11790,5
2020-02-19 15:00:00.076,11761,11783,11792,3
2020-02-19 15:00:00.076,11761,11783,11793,1
2020-02-19 15:00:00.076,11761,11783,11795,2
2020-02-19 15:00:00.076,11761,11783,11796,5
2020-02-19 15:00:00.076,11761,11783,11798,2
2020-02-19 15:00:00.076,11761,11783,11798,4
2020-02-19 15:00:00.077,11761,11783,11798,31
2020-02-19 15:00:00.077,11761,11783,11798,8
2020-02-19 15:00:00.077,11761,11783,11798,31
2020-02-19 15:00:00.078,11761,11783,11798,31
2020-02-19 15:00:00.079,11761,11783,11798,34
2020-02-19 15:00:00.079,11761,11783,11799,4
2020-02-19 15:00:00.079,11761,11783,11800,8
2020-02-19 15:00:00.079,11761,11783,11804,2
2020-02-19 15:00:00.079,11761,11783,11805,3
2020-02-19 15:00:00.080,11761,11783,11805,2
2020-02-19 15:00:00.080,11761,11783,11807,2
2020-02-19 15:00:00.084,11761,11783,11807,1
2020-02-19 15:00:00.084,11761,11783,11808,2
2020-02-19 15:00:00.084,11761,11783,11809,1
2020-02-19 15:00:00.084,11761,11783,11810,9
2020-02-19 15:00:00.086,11761,11783,11810,1
2020-02-19 15:00:00.086,11761,11783,11811,1
2020-02-19 15:00:00.086,11761,11783,11812,1
2020-02-19 15:00:00.086,11761,11783,11813,1
2020-02-19 15:00:00.086,11761,11783,11814,2
2020-02-19 15:00:00.086,11761,11783,11815,2
2020-02-19 15:00:00.086,11761,11783,11815,1
2020-02-19 15:00:00.086,11761,11783,11819,1
2020-02-19 15:00:00.086,11761,11783,11820,4
2020-02-19 15:00:00.162,11762,11820,11813,1
2020-02-19 15:00:00.183,11762,11820,11820,2
2020-02-19 15:00:00.203,11762,11820,11820,2
2020-02-19 15:00:00.256,11799,11822,11799,1
2020-02-19 15:00:00.271,11799,11822,11799,4
2020-02-19 15:00:00.271,11799,11822,11788,2
2020-02-19 15:00:00.332,11799,11822,11822,2
2020-02-19 15:00:00.362,11788,11822,11822,2
2020-02-19 15:00:00.375,11788,11822,11822,1
2020-02-19 15:00:00.383,11788,11822,11822,1
2020-02-19 15:00:00.399,11788,11822,11822,1
2020-02-19 15:00:00.414,11788,11822,11822,1
2020-02-19 15:00:00.443,11788,11822,11821,1
2020-02-19 15:00:00.449,11788,11822,11788,2
2020-02-19 15:00:00.463,11788,11822,11822,1
2020-02-19 15:00:00.467,11788,11822,11788,1
2020-02-19 15:00:00.494,11788,11822,11821,1
2020-02-19 15:00:00.494,11788,11822,11779,1
2020-02-19 15:00:00.494,11788,11822,11775,1
2020-02-19 15:00:00.494,11788,11822,11765,3
2020-02-19 15:00:00.549,11788,11822,11821,1
2020-02-19 15:00:00.566,11788,11822,11821,1
2020-02-19 15:00:00.579,11788,11822,11790,1
2020-02-19 15:00:00.579,11788,11822,11789,1
2020-02-19 15:00:00.579,11788,11822,11765,1
2020-02-19 15:00:00.641,11788,11821,11809,1
2020-02-19 15:00:00.654,11788,11821,11821,1
2020-02-19 15:00:00.672,11788,11821,11821,2
2020-02-19 15:00:00.672,11788,11821,11822,1
2020-02-19 15:00:00.690,11788,11821,11822,2
2020-02-19 15:00:00.697,11788,11821,11822,2
2020-02-19 15:00:00.708,11788,11821,11822,1
2020-02-19 15:00:00.714,11820,11822,11820,3
2020-02-19 15:00:00.731,11820,11822,11820,6
2020-02-19 15:00:00.768,11820,11822,11821,3
2020-02-19 15:00:00.786,11820,11822,11821,2
2020-02-19 15:00:00.795,11820,11822,11821,1
2020-02-19 15:00:00.813,11820,11822,11821,1
2020-02-19 15:00:00.813,11820,11822,11822,1
2020-02-19 15:00:00.855,11789,11822,11822,1
2020-02-19 15:00:00.869,11789,11822,11790,2
2020-02-19 15:00:00.940,11789,11822,11790,3
2020-02-19 15:00:01.029,11789,11821,11820,1
2020-02-19 15:00:01.066,11789,11821,11820,1
2020-02-19 15:00:01.116,11790,11820,11795,2
2020-02-19 15:00:01.123,11790,11820,11819,1
2020-02-19 15:00:01.123,11790,11820,11819,1
2020-02-19 15:00:01.125,11790,11820,11819,1
2020-02-19 15:00:01.126,11790,11820,11819,1
2020-02-19 15:00:01.166,11790,11820,11819,1
2020-02-19 15:00:01.248,11790,11820,11820,3
2020-02-19 15:00:01.252,11790,11820,11820,1
2020-02-19 15:00:01.308,11790,11820,11821,1
2020-02-19 15:00:01.424,11790,11821,11816,1
2020-02-19 15:00:01.434,11790,11821,11822,1
2020-02-19 15:00:01.470,11808,11824,11809,1
2020-02-19 15:00:01.470,11808,11824,11808,1
2020-02-19 15:00:01.491,11808,11824,11809,1
2020-02-19 15:00:01.491,11808,11824,11808,2
2020-02-19 15:00:01.491,11808,11824,11807,2
2020-02-19 15:00:01.523,11808,11824,11806,1
2020-02-19 15:00:01.594,11790,11823,11822,1
2020-02-19 15:00:01.842,11791,11794,11794,1
2020-02-19 15:00:01.847,11791,11794,11792,1
2020-02-19 15:00:01.847,11791,11794,11791,1
2020-02-19 15:00:01.851,11791,11794,11791,1
2020-02-19 15:00:01.862,11791,11794,11791,1
2020-02-19 15:00:01.862,11791,11794,11794,2
2020-02-19 15:00:01.862,11791,11794,11795,1
2020-02-19 15:00:01.933,11791,11794,11790,2
2020-02-19 15:00:01.933,11791,11794,11789,5
2020-02-19 15:00:01.933,11791,11794,11784,3
2020-02-19 15:00:02.065,11784,11795,11784,1
2020-02-19 15:00:02.227,11783,11794,11794,1
2020-02-19 15:00:02.367,11783,11794,11783,1
2020-02-19 15:00:02.823,11786,11792,11791,1
2020-02-19 15:00:02.986,11788,11791,11788,1
2020-02-19 15:00:03.076,11788,11791,11787,1
2020-02-19 15:00:03.076,11788,11791,11786,1
2020-02-19 15:00:03.355,11784,11790,11789,1
2020-02-19 15:00:03.444,11784,11790,11783,5
2020-02-19 15:00:03.444,11784,11790,11778,4
2020-02-19 15:00:03.444,11784,11790,11777,4
2020-02-19 15:00:03.444,11784,11790,11773,15
2020-02-19 15:00:03.444,11784,11790,11772,1
2020-02-19 15:00:03.444,11784,11790,11766,2
2020-02-19 15:00:03.444,11784,11790,11765,12
2020-02-19 15:00:03.444,11784,11790,11762,2
2020-02-19 15:00:03.715,11762,11772,11771,3
2020-02-19 15:00:03.715,11762,11772,11772,2
2020-02-19 15:00:03.746,11762,11772,11771,1
2020-02-19 15:00:03.746,11762,11772,11772,4
2020-02-19 15:00:04.043,11764,11787,11787,1
2020-02-19 15:00:04.362,11763,11787,11786,1
2020-02-19 15:00:04.753,11763,11786,11763,1
2020-02-19 15:00:04.806,11763,11786,11786,1
2020-02-19 15:00:04.858,11763,11786,11763,1
2020-02-19 15:00:06.209,11764,11776,11764,1
2020-02-19 15:00:06.839,11765,11766,11766,1
2020-02-19 15:00:07.089,11767,11770,11769,1
2020-02-19 15:00:07.089,11767,11770,11770,1
2020-02-19 15:00:07.214,11767,11770,11770,1
2020-02-19 15:00:07.339,11767,11769,11771,1
2020-02-19 15:00:07.356,11767,11769,11767,1
2020-02-19 15:00:07.696,11767,11771,11771,2
2020-02-19 15:00:07.696,11767,11771,11772,1
2020-02-19 15:00:07.714,11767,11771,11771,1
2020-02-19 15:00:08.089,11767,11769,11769,1
2020-02-19 15:00:10.253,11767,11769,11768,1
2020-02-19 15:00:10.295,11767,11769,11769,1
2020-02-19 15:00:11.058,11767,11770,11770,1
2020-02-19 15:00:11.795,11767,11770,11770,1
2020-02-19 15:00:12.089,11768,11769,11769,1
2020-02-19 15:00:12.105,11768,11769,11769,1
2020-02-19 15:00:12.345,11768,11769,11769,1
2020-02-19 15:00:12.714,11769,11770,11770,2
2020-02-19 15:00:12.714,11769,11770,11770,5
2020-02-19 15:00:12.714,11769,11770,11770,2
2020-02-19 15:00:12.753,11769,11770,11772,1
2020-02-19 15:00:13.010,11770,11773,11771,1
2020-02-19 15:00:13.106,11771,11773,11772,1
2020-02-19 15:00:13.214,11771,11772,11772,1
2020-02-19 15:00:13.216,11771,11772,11772,1
2020-02-19 15:00:13.230,11771,11772,11771,2
2020-02-19 15:00:13.241,11771,11772,11771,1
2020-02-19 15:00:13.339,11770,11772,11772,1
2020-02-19 15:00:13.481,11772,11773,11772,1
2020-02-19 15:00:13.775,11771,11773,11771,1
2020-02-19 15:00:14.105,11772,11773,11772,3
2020-02-19 15:00:14.339,11771,11773,11772,1
2020-02-19 15:00:14.860,11771,11772,11772,1
2020-02-19 15:00:14.964,11771,11772,11772,1
2020-02-19 15:00:15.112,11772,11773,11772,1
2020-02-19 15:00:15.714,11771,11772,11772,1
2020-02-19 15:00:15.875,11772,11773,11772,1
2020-02-19 15:00:15.977,11772,11773,11772,3
2020-02-19 15:00:16.214,11771,11772,11772,1
2020-02-19 15:00:16.214,11771,11772,11772,1
2020-02-19 15:00:16.230,11771,11772,11771,5
2020-02-19 15:00:16.664,11771,11772,11772,2
2020-02-19 15:00:16.855,11772,11773,11772,1
2020-02-19 15:00:17.081,11772,11773,11772,1
2020-02-19 15:00:17.339,11772,11773,11772,1
2020-02-19 15:00:17.606,11771,11772,11771,1
2020-02-19 15:00:17.676,11771,11772,11772,2
2020-02-19 15:00:17.676,11771,11772,11773,2
2020-02-19 15:00:17.778,11771,11773,11773,1
2020-02-19 15:00:17.979,11771,11772,11771,2
2020-02-19 15:00:18.427,11771,11772,11772,2
2020-02-19 15:00:18.433,11771,11772,11771,2
2020-02-19 15:00:18.787,11771,11772,11771,1
2020-02-19 15:00:18.854,11770,11771,11771,1
2020-02-19 15:00:18.997,11770,11772,11772,1
2020-02-19 15:00:20.095,11770,11772,11772,1
2020-02-19 15:00:20.232,11770,11771,11770,5
2020-02-19 15:00:20.355,11770,11771,11770,1
2020-02-19 15:00:20.661,11770,11771,11771,1
2020-02-19 15:00:20.702,11770,11771,11771,1
2020-02-19 15:00:20.823,11770,11771,11770,2
2020-02-19 15:00:22.455,11769,11771,11771,1
2020-02-19 15:00:23.223,11770,11771,11771,1
2020-02-19 15:00:24.185,11770,11771,11771,1
2020-02-19 15:00:24.417,11770,11771,11771,1
2020-02-19 15:00:24.596,11770,11772,11771,1
2020-02-19 15:00:24.606,11770,11772,11771,1
2020-02-19 15:00:25.431,11770,11772,11770,1
2020-02-19 15:00:26.289,11770,11771,11771,1
2020-02-19 15:00:26.376,11770,11772,11770,4
2020-02-19 15:00:26.677,11770,11772,11770,3
2020-02-19 15:00:26.742,11770,11772,11770,1
2020-02-19 15:00:26.873,11769,11771,11770,5
2020-02-19 15:00:27.151,11769,11771,11771,1
2020-02-19 15:00:27.586,11769,11771,11771,2
2020-02-19 15:00:28.156,11771,11772,11771,2
2020-02-19 15:00:28.362,11771,11772,11771,1
2020-02-19 15:00:28.542,11771,11772,11771,1
2020-02-19 15:00:28.589,11770,11771,11771,1
2020-02-19 15:00:28.924,11770,11771,11770,7
2020-02-19 15:00:29.294,11770,11771,11770,1
2020-02-19 15:00:29.905,11769,11771,11771,2
2020-02-19 15:00:29.989,11769,11771,11770,2
2020-02-19 15:00:30.423,11769,11771,11769,6
2020-02-19 15:00:30.544,11768,11771,11770,1
2020-02-19 15:00:30.552,11768,11771,11769,6
2020-02-19 15:00:31.039,11768,11770,11770,1
2020-02-19 15:00:31.166,11768,11770,11770,1
2020-02-19 15:00:32.078,11768,11770,11770,1
2020-02-19 15:00:32.374,11769,11770,11769,1
2020-02-19 15:00:32.546,11769,11770,11769,3
2020-02-19 15:00:33.297,11769,11770,11769,3
2020-02-19 15:00:33.491,11769,11770,11769,1
2020-02-19 15:00:34.086,11768,11770,11770,2
2020-02-19 15:00:35.806,11769,11770,11769,5
2020-02-19 15:00:36.184,11768,11770,11770,1
2020-02-19 15:00:36.942,11769,11770,11769,1
2020-02-19 15:00:37.307,11769,11770,11769,1
2020-02-19 15:00:37.990,11769,11770,11769,2
2020-02-19 15:00:38.488,11768,11769,11769,1
2020-02-19 15:00:38.920,11768,11769,11768,1
2020-02-19 15:00:40.545,11768,11769,11769,2
2020-02-19 15:00:40.942,11768,11769,11769,1
2020-02-19 15:00:41.904,11768,11769,11769,1
2020-02-19 15:00:42.501,11768,11769,11768,3
2020-02-19 15:00:43.512,11768,11769,11768,2
2020-02-19 15:00:43.569,11768,11769,11769,10
2020-02-19 15:00:43.936,11768,11769,11769,2
2020-02-19 15:00:43.964,11768,11769,11769,2
2020-02-19 15:00:44.089,11768,11769,11769,2
2020-02-19 15:00:44.238,11769,11770,11769,2
2020-02-19 15:00:46.280,11769,11770,11770,1
2020-02-19 15:00:46.339,11769,11770,11770,8
2020-02-19 15:00:46.464,11769,11770,11770,1
2020-02-19 15:00:46.464,11769,11770,11770,5
2020-02-19 15:00:46.464,11769,11770,11770,2
2020-02-19 15:00:46.589,11769,11770,11770,1
2020-02-19 15:00:47.109,11770,11771,11770,2
2020-02-19 15:00:47.589,11770,11771,11771,2
2020-02-19 15:00:48.214,11770,11771,11771,2
2020-02-19 15:00:48.339,11770,11771,11771,1
2020-02-19 15:00:48.580,11770,11771,11771,1
2020-02-19 15:00:48.589,11770,11771,11771,3
2020-02-19 15:00:48.783,11770,11771,11771,2
2020-02-19 15:00:48.839,11770,11771,11771,1
2020-02-19 15:00:49.097,11771,11772,11771,5
2020-02-19 15:00:49.097,11771,11772,11770,13
2020-02-19 15:00:49.161,11771,11772,11770,1
2020-02-19 15:00:49.214,11769,11770,11770,1
2020-02-19 15:00:49.254,11769,11770,11771,2
2020-02-19 15:00:49.634,11771,11772,11771,3
2020-02-19 15:00:52.517,11770,11771,11770,2
2020-02-19 15:00:52.596,11770,11771,11771,1
2020-02-19 15:00:53.219,11770,11771,11770,1
2020-02-19 15:00:54.603,11770,11771,11771,1
2020-02-19 15:00:54.735,11770,11771,11770,8
2020-02-19 15:00:55.480,11769,11770,11770,3
2020-02-19 15:00:55.724,11769,11770,11770,1
2020-02-19 15:00:55.962,11769,11770,11769,2
2020-02-19 15:00:56.256,11769,11770,11769,1
2020-02-19 15:00:57.314,11769,11770,11770,1
2020-02-19 15:00:59.061,11769,11770,11769,2
2020-02-19 15:00:59.081,11769,11770,11770,1
2020-02-19 15:00:59.372,11769,11770,11770,2
2020-02-19 15:00:59.374,11769,11770,11770,3
2020-02-19 15:00:59.386,11769,11770,11770,2
2020-02-19 15:00:59.400,11769,11770,11770,4
2020-02-19 15:00:59.412,11769,11770,11771,2
2020-02-19 15:01:00.069,11770,11771,11771,4
2020-02-19 15:01:00.278,11770,11772,11770,7
2020-02-19 15:01:00.278,11770,11772,11769,2
2020-02-19 15:01:00.396,11769,11772,11771,2
2020-02-19 15:01:00.455,11769,11772,11769,1
2020-02-19 15:01:00.486,11769,11771,11771,1
2020-02-19 15:01:01.219,11769,11770,11770,3
2020-02-19 15:01:01.219,11769,11770,11770,1
2020-02-19 15:01:01.245,11769,11770,11770,1
2020-02-19 15:01:01.245,11769,11770,11771,1
2020-02-19 15:01:01.245,11769,11770,11771,2
2020-02-19 15:01:01.550,11770,11771,11770,6
2020-02-19 15:01:01.550,11770,11771,11769,1
2020-02-19 15:01:01.608,11769,11771,11771,1
2020-02-19 15:01:01.750,11769,11771,11770,1
2020-02-19 15:01:02.009,11769,11771,11769,10
2020-02-19 15:01:02.204,11769,11771,11771,6
2020-02-19 15:01:02.204,11769,11771,11772,5
2020-02-19 15:01:02.250,11770,11772,11772,4
2020-02-19 15:01:02.250,11770,11772,11773,4
2020-02-19 15:01:02.298,11770,11772,11772,4
2020-02-19 15:01:02.298,11770,11772,11771,1
2020-02-19 15:01:02.299,11770,11772,11773,3
2020-02-19 15:01:02.435,11772,11773,11772,1
2020-02-19 15:01:02.477,11772,11773,11772,1
2020-02-19 15:01:02.500,11772,11773,11772,1
2020-02-19 15:01:02.964,11772,11773,11772,1
2020-02-19 15:01:03.352,11771,11772,11772,2
2020-02-19 15:01:03.421,11771,11772,11771,1
2020-02-19 15:01:03.957,11770,11772,11772,5
2020-02-19 15:01:04.180,11770,11773,11771,1
2020-02-19 15:01:04.180,11770,11773,11770,6
2020-02-19 15:01:04.565,11770,11772,11770,2
2020-02-19 15:01:04.794,11771,11772,11772,1
2020-02-19 15:01:04.839,11771,11772,11772,5
2020-02-19 15:01:05.020,11771,11773,11771,5
2020-02-19 15:01:05.201,11771,11773,11772,1
2020-02-19 15:01:05.349,11771,11773,11771,6
2020-02-19 15:01:05.464,11770,11771,11771,14
2020-02-19 15:01:05.682,11770,11772,11773,1
2020-02-19 15:01:05.801,11770,11773,11770,1
2020-02-19 15:01:06.362,11770,11772,11770,1
2020-02-19 15:01:06.420,11770,11772,11770,1
2020-02-19 15:01:07.404,11770,11772,11772,4
2020-02-19 15:01:07.481,11772,11773,11772,2
2020-02-19 15:01:07.589,11772,11773,11772,1
2020-02-19 15:01:07.891,11772,11773,11772,1
2020-02-19 15:01:09.951,11771,11772,11771,2
2020-02-19 15:01:10.394,11771,11772,11771,5
2020-02-19 15:01:10.394,11771,11772,11770,15
2020-02-19 15:01:12.410,11770,11771,11770,2
2020-02-19 15:01:12.410,11770,11771,11769,4
2020-02-19 15:01:12.475,11769,11771,11770,1
2020-02-19 15:01:12.475,11769,11771,11771,4
2020-02-19 15:01:13.231,11769,11771,11771,3
2020-02-19 15:01:13.312,11769,11771,11771,1
2020-02-19 15:01:13.773,11769,11771,11771,1
2020-02-19 15:01:15.964,11769,11770,11770,1
2020-02-19 15:01:16.089,11769,11770,11770,1
2020-02-19 15:01:16.147,11769,11770,11771,1
2020-02-19 15:01:16.214,11769,11771,11771,1
2020-02-19 15:01:16.339,11769,11771,11771,1
2020-02-19 15:01:16.464,11770,11771,11771,1
2020-02-19 15:01:16.589,11770,11771,11771,1
2020-02-19 15:01:16.714,11770,11771,11771,1
2020-02-19 15:01:17.851,11770,11771,11771,5
2020-02-19 15:01:17.899,11770,11771,11770,2
2020-02-19 15:01:18.280,11770,11771,11771,3
2020-02-19 15:01:18.280,11770,11771,11772,2
2020-02-19 15:01:18.917,11771,11772,11771,1
2020-02-19 15:01:19.349,11771,11772,11771,1
2020-02-19 15:01:20.505,11771,11772,11771,1
2020-02-19 15:01:20.934,11771,11772,11772,5
2020-02-19 15:01:20.946,11771,11772,11771,7
2020-02-19 15:01:20.964,11770,11771,11771,1
2020-02-19 15:01:21.209,11771,11772,11771,1
2020-02-19 15:01:22.481,11771,11772,11772,3
2020-02-19 15:01:22.520,11771,11772,11772,1
2020-02-19 15:01:23.971,11771,11772,11771,1
2020-02-19 15:01:24.840,11771,11772,11771,1
2020-02-19 15:01:25.121,11771,11772,11772,3
2020-02-19 15:01:25.380,11771,11772,11772,1
2020-02-19 15:01:25.530,11771,11772,11772,1
2020-02-19 15:01:26.885,11772,11773,11773,1
2020-02-19 15:01:26.964,11772,11773,11773,2
2020-02-19 15:01:26.980,11772,11773,11773,2
2020-02-19 15:01:27.126,11773,11774,11773,1
2020-02-19 15:01:28.883,11773,11774,11773,1
2020-02-19 15:01:29.652,11773,11774,11774,1
2020-02-19 15:01:29.714,11773,11774,11774,1
2020-02-19 15:01:29.774,11773,11774,11774,2
2020-02-19 15:01:29.774,11773,11774,11775,5
2020-02-19 15:01:29.865,11774,11775,11774,1
2020-02-19 15:01:30.429,11774,11775,11774,2
2020-02-19 15:01:32.788,11774,11775,11775,2
2020-02-19 15:01:34.314,11774,11775,11774,1
2020-02-19 15:01:34.368,11774,11775,11774,1
2020-02-19 15:01:34.929,11774,11775,11774,2
2020-02-19 15:01:35.522,11774,11775,11774,1
2020-02-19 15:01:36.093,11774,11775,11775,1
2020-02-19 15:01:36.964,11774,11775,11775,3
2020-02-19 15:01:37.449,11775,11776,11775,1
2020-02-19 15:01:38.147,11774,11775,11775,2
2020-02-19 15:01:38.573,11775,11776,11775,4
2020-02-19 15:01:43.053,11774,11775,11775,2
2020-02-19 15:01:44.712,11774,11775,11775,2
2020-02-19 15:01:45.122,11774,11775,11775,1
2020-02-19 15:01:46.356,11774,11775,11774,2
2020-02-19 15:01:46.846,11774,11775,11775,1
2020-02-19 15:01:47.012,11774,11775,11775,1
2020-02-19 15:01:48.147,11774,11775,11775,3
2020-02-19 15:01:48.945,11774,11775,11775,1
2020-02-19 15:01:49.560,11775,11776,11775,1
2020-02-19 15:01:50.696,11775,11776,11775,2
2020-02-19 15:01:51.147,11775,11776,11775,1
2020-02-19 15:01:52.547,11775,11776,11775,7
2020-02-19 15:01:52.833,11774,11775,11775,1
2020-02-19 15:01:53.070,11774,11775,11775,1
2020-02-19 15:01:53.817,11774,11775,11775,1
2020-02-19 15:01:54.678,11774,11775,11774,4
2020-02-19 15:01:54.809,11774,11775,11775,2
2020-02-19 15:01:56.214,11774,11775,11775,1
2020-02-19 15:01:56.845,11774,11775,11775,2
2020-02-19 15:01:56.971,11774,11775,11775,1
2020-02-19 15:01:57.134,11774,11776,11775,1
2020-02-19 15:01:58.872,11775,11776,11775,1
2020-02-19 15:01:59.182,11775,11776,11775,2
2020-02-19 15:01:59.320,11775,11776,11775,1
2020-02-19 15:01:59.495,11775,11776,11775,2
2020-02-19 15:02:00.056,11775,11776,11776,1
2020-02-19 15:02:01.217,11775,11776,11775,1
2020-02-19 15:02:01.802,11775,11776,11775,5
2020-02-19 15:02:01.802,11775,11776,11774,35
2020-02-19 15:02:01.869,11773,11774,11774,1
2020-02-19 15:02:02.428,11773,11774,11773,1
2020-02-19 15:02:02.475,11773,11774,11774,1
2020-02-19 15:02:02.580,11773,11774,11774,3
2020-02-19 15:02:02.720,11773,11775,11773,5
2020-02-19 15:02:03.052,11774,11775,11774,8
2020-02-19 15:02:03.482,11773,11775,11774,2
2020-02-19 15:02:03.556,11773,11775,11775,1
2020-02-19 15:02:04.482,11774,11775,11775,1
2020-02-19 15:02:04.735,11774,11775,11775,1
2020-02-19 15:02:05.178,11774,11776,11774,10
2020-02-19 15:02:06.173,11774,11775,11774,5
2020-02-19 15:02:07.980,11774,11775,11775,3
2020-02-19 15:02:08.149,11774,11775,11774,1
2020-02-19 15:02:12.105,11774,11775,11775,6
2020-02-19 15:02:12.107,11774,11775,11775,1
2020-02-19 15:02:13.185,11775,11776,11775,1
2020-02-19 15:02:14.771,11775,11776,11776,1
2020-02-19 15:02:15.174,11775,11776,11776,2
2020-02-19 15:02:15.223,11775,11776,11775,1
2020-02-19 15:02:17.986,11775,11776,11775,2
2020-02-19 15:02:19.885,11775,11776,11776,1
2020-02-19 15:02:21.340,11775,11776,11775,2
2020-02-19 15:02:22.929,11775,11776,11776,1
2020-02-19 15:02:23.140,11775,11776,11775,1
2020-02-19 15:02:23.701,11775,11776,11775,2
2020-02-19 15:02:23.996,11774,11775,11775,5
2020-02-19 15:02:25.318,11775,11776,11775,1
2020-02-19 15:02:26.332,11775,11776,11775,1
2020-02-19 15:02:26.618,11774,11775,11774,1
2020-02-19 15:02:28.556,11774,11775,11774,5
2020-02-19 15:02:29.672,11774,11775,11775,1
2020-02-19 15:02:30.470,11774,11775,11774,1
2020-02-19 15:02:30.565,11774,11775,11775,1
2020-02-19 15:02:31.307,11774,11775,11775,1
2020-02-19 15:02:31.401,11774,11775,11774,1
2020-02-19 15:02:32.321,11774,11775,11774,1
2020-02-19 15:02:32.378,11774,11775,11775,1
2020-02-19 15:02:33.115,11774,11775,11774,1
2020-02-19 15:02:33.975,11774,11775,11775,2
2020-02-19 15:02:34.104,11774,11775,11774,1
2020-02-19 15:02:34.960,11774,11775,11774,1
2020-02-19 15:02:35.027,11774,11775,11775,1
2020-02-19 15:02:35.231,11774,11775,11774,1
2020-02-19 15:02:35.498,11774,11775,11774,2
2020-02-19 15:02:35.747,11774,11775,11775,5
2020-02-19 15:02:36.392,11774,11775,11774,1
2020-02-19 15:02:36.904,11774,11775,11774,5
2020-02-19 15:02:37.314,11774,11775,11775,1
2020-02-19 15:02:37.752,11774,11775,11775,2
2020-02-19 15:02:40.185,11774,11775,11774,1
2020-02-19 15:02:41.871,11774,11775,11775,2
2020-02-19 15:02:45.384,11774,11775,11775,1
2020-02-19 15:02:47.729,11774,11775,11775,1
2020-02-19 15:02:48.206,11774,11775,11775,4
2020-02-19 15:02:48.539,11774,11775,11775,2
2020-02-19 15:02:50.694,11774,11775,11775,2
2020-02-19 15:02:51.080,11774,11775,11775,1
2020-02-19 15:02:51.490,11775,11776,11775,1
2020-02-19 15:02:52.672,11774,11775,11775,3
2020-02-19 15:02:52.920,11775,11776,11776,11
2020-02-19 15:02:53.418,11775,11776,11775,3
2020-02-19 15:02:56.691,11775,11776,11776,1
2020-02-19 15:02:58.933,11775,11776,11776,7
2020-02-19 15:03:00.179,11776,11777,11777,1
2020-02-19 15:03:00.566,11776,11777,11777,1
2020-02-19 15:03:01.225,11776,11777,11777,2
2020-02-19 15:03:01.386,11776,11777,11777,1
2020-02-19 15:03:01.479,11776,11777,11777,1
2020-02-19 15:03:02.437,11777,11778,11777,2
2020-02-19 15:03:03.181,11777,11778,11777,2
2020-02-19 15:03:05.750,11777,11778,11778,1
2020-02-19 15:03:06.961,11777,11778,11778,1
2020-02-19 15:03:07.624,11777,11778,11778,1
2020-02-19 15:03:08.382,11777,11778,11778,6
2020-02-19 15:03:09.775,11777,11778,11778,6
2020-02-19 15:03:09.791,11777,11778,11778,1
2020-02-19 15:03:10.325,11778,11779,11778,1
2020-02-19 15:03:11.277,11778,11779,11779,1
2020-02-19 15:03:11.353,11778,11779,11778,1
2020-02-19 15:03:11.412,11778,11779,11778,2
2020-02-19 15:03:12.102,11777,11778,11778,1
2020-02-19 15:03:12.157,11777,11778,11778,1
2020-02-19 15:03:15.556,11777,11778,11778,3
2020-02-19 15:03:17.327,11777,11778,11778,1
2020-02-19 15:03:17.631,11777,11778,11778,1
2020-02-19 15:03:18.000,11777,11778,11778,2
2020-02-19 15:03:18.227,11777,11778,11778,3
2020-02-19 15:03:18.339,11778,11779,11778,1
2020-02-19 15:03:18.520,11777,11778,11778,3
2020-02-19 15:03:18.520,11777,11778,11779,3
2020-02-19 15:03:21.002,11778,11779,11778,1
2020-02-19 15:03:21.482,11778,11779,11779,1
2020-02-19 15:03:22.301,11778,11779,11778,1
2020-02-19 15:03:23.429,11778,11779,11778,1
2020-02-19 15:03:24.689,11777,11778,11778,1
2020-02-19 15:03:24.758,11777,11778,11778,1
2020-02-19 15:03:26.014,11777,11778,11778,1
2020-02-19 15:03:26.813,11777,11778,11778,1
2020-02-19 15:03:27.189,11777,11778,11778,1
2020-02-19 15:03:29.010,11777,11778,11778,4
2020-02-19 15:03:30.719,11778,11779,11779,5
2020-02-19 15:03:31.595,11778,11779,11778,1
2020-02-19 15:03:31.978,11778,11779,11779,1
2020-02-19 15:03:32.599,11778,11779,11779,3
2020-02-19 15:03:32.645,11778,11779,11779,1
2020-02-19 15:03:35.443,11778,11779,11778,1
2020-02-19 15:03:35.699,11778,11779,11779,1
2020-02-19 15:03:35.734,11778,11779,11779,1
2020-02-19 15:03:36.753,11778,11779,11779,1
2020-02-19 15:03:37.531,11778,11779,11779,5
2020-02-19 15:03:41.177,11778,11779,11779,1
2020-02-19 15:03:41.385,11778,11779,11779,2
2020-02-19 15:03:43.478,11778,11779,11779,1
2020-02-19 15:03:45.014,11778,11779,11779,1
2020-02-19 15:03:45.152,11778,11779,11779,1
2020-02-19 15:03:45.714,11778,11779,11779,1
2020-02-19 15:03:45.984,11778,11779,11779,1
2020-02-19 15:03:47.162,11778,11779,11779,1
2020-02-19 15:03:47.540,11778,11779,11779,1
2020-02-19 15:03:47.557,11778,11779,11778,1
2020-02-19 15:03:47.874,11778,11779,11778,1
2020-02-19 15:03:48.848,11778,11779,11778,1
2020-02-19 15:03:49.590,11778,11779,11779,1
2020-02-19 15:03:49.687,11778,11779,11778,1
2020-02-19 15:03:50.617,11778,11779,11778,5
2020-02-19 15:03:52.828,11778,11779,11779,5
2020-02-19 15:03:53.093,11778,11779,11778,1
2020-02-19 15:03:53.292,11778,11779,11779,1
2020-02-19 15:03:56.379,11778,11779,11778,5
2020-02-19 15:03:58.639,11778,11779,11778,1
2020-02-19 15:03:58.846,11778,11779,11779,5
2020-02-19 15:04:02.105,11778,11779,11779,1
2020-02-19 15:04:02.472,11778,11779,11779,1
2020-02-19 15:04:02.787,11778,11779,11778,1
2020-02-19 15:04:06.243,11778,11779,11779,2
2020-02-19 15:04:09.399,11778,11779,11779,5
2020-02-19 15:04:10.540,11778,11779,11778,7
2020-02-19 15:04:11.714,11777,11778,11777,12
2020-02-19 15:04:11.839,11777,11778,11777,12
2020-02-19 15:04:12.089,11776,11777,11776,8
2020-02-19 15:04:12.214,11776,11777,11776,1
2020-02-19 15:04:12.435,11775,11777,11775,5
2020-02-19 15:04:12.598,11775,11776,11776,1
2020-02-19 15:04:13.183,11775,11776,11776,1
2020-02-19 15:04:14.132,11775,11776,11775,1
2020-02-19 15:04:14.215,11775,11776,11775,2
2020-02-19 15:04:16.507,11775,11776,11775,1
2020-02-19 15:04:18.575,11775,11776,11776,1
2020-02-19 15:04:18.977,11775,11776,11775,8
2020-02-19 15:04:19.007,11775,11776,11775,1
2020-02-19 15:04:19.089,11774,11775,11775,1
2020-02-19 15:04:19.214,11774,11776,11775,1
2020-02-19 15:04:19.321,11774,11776,11775,1
2020-02-19 15:04:19.321,11774,11776,11775,1
2020-02-19 15:04:19.427,11775,11776,11775,2
2020-02-19 15:04:19.584,11775,11776,11775,2
2020-02-19 15:04:21.578,11775,11776,11775,1
2020-02-19 15:04:21.716,11775,11776,11776,1
2020-02-19 15:04:25.141,11775,11776,11775,8
2020-02-19 15:04:25.727,11774,11775,11775,1
2020-02-19 15:04:27.957,11774,11775,11775,1
2020-02-19 15:04:29.390,11774,11775,11775,1
2020-02-19 15:04:33.392,11774,11775,11774,1
2020-02-19 15:04:34.057,11774,11775,11775,1
2020-02-19 15:04:34.535,11774,11775,11774,1
2020-02-19 15:04:37.146,11774,11775,11775,1
2020-02-19 15:04:37.753,11774,11775,11774,1
2020-02-19 15:04:38.387,11774,11775,11775,2
2020-02-19 15:04:39.427,11774,11775,11774,1
2020-02-19 15:04:40.134,11774,11775,11775,1
2020-02-19 15:04:40.552,11774,11775,11774,5
2020-02-19 15:04:41.396,11774,11775,11775,2
2020-02-19 15:04:41.710,11774,11775,11774,1
2020-02-19 15:04:43.829,11774,11775,11774,1
2020-02-19 15:04:44.208,11773,11775,11775,1
2020-02-19 15:04:47.670,11774,11775,11774,1
2020-02-19 15:04:49.700,11774,11775,11774,5
2020-02-19 15:04:49.951,11774,11775,11774,2
2020-02-19 15:04:52.830,11773,11774,11773,3
2020-02-19 15:04:54.709,11773,11774,11774,3
2020-02-19 15:04:55.031,11773,11774,11774,1
2020-02-19 15:04:58.447,11773,11774,11774,1
2020-02-19 15:05:03.385,11773,11774,11774,1
2020-02-19 15:05:03.659,11773,11774,11774,1
2020-02-19 15:05:03.715,11773,11774,11774,1
2020-02-19 15:05:03.725,11773,11774,11774,1
2020-02-19 15:05:04.497,11773,11774,11774,1
2020-02-19 15:05:09.179,11773,11774,11774,1
2020-02-19 15:05:18.214,11773,11774,11773,17
2020-02-19 15:05:18.214,11773,11774,11773,5
2020-02-19 15:05:18.339,11773,11774,11773,1
2020-02-19 15:05:18.339,11773,11774,11773,4
2020-02-19 15:05:18.381,11773,11774,11773,1
2020-02-19 15:05:22.145,11772,11773,11773,2
2020-02-19 15:05:24.521,11772,11773,11772,5
2020-02-19 15:05:25.147,11772,11773,11772,2
2020-02-19 15:05:25.465,11772,11773,11773,2
2020-02-19 15:05:26.296,11772,11773,11772,5
2020-02-19 15:05:26.576,11772,11773,11772,1
2020-02-19 15:05:27.910,11771,11772,11772,1
2020-02-19 15:05:32.829,11772,11773,11772,5
2020-02-19 15:05:32.840,11771,11772,11772,5
2020-02-19 15:05:33.219,11772,11773,11773,1
2020-02-19 15:05:33.316,11772,11773,11772,2
2020-02-19 15:05:34.721,11772,11773,11772,4
2020-02-19 15:05:35.265,11772,11773,11772,1
2020-02-19 15:05:36.716,11772,11773,11772,1
2020-02-19 15:05:37.420,11772,11773,11773,3
2020-02-19 15:05:39.382,11772,11773,11772,1
2020-02-19 15:05:40.195,11772,11773,11772,1
2020-02-19 15:05:43.033,11772,11773,11772,4
2020-02-19 15:05:45.106,11772,11773,11772,1
2020-02-19 15:05:45.206,11772,11773,11773,5
2020-02-19 15:05:45.381,11772,11774,11772,5
2020-02-19 15:05:46.515,11773,11774,11773,1
2020-02-19 15:05:46.671,11772,11773,11773,4
2020-02-19 15:05:47.270,11772,11774,11772,1
2020-02-19 15:05:47.528,11772,11774,11772,2
2020-02-19 15:05:47.629,11772,11774,11774,2
2020-02-19 15:05:48.409,11772,11774,11774,6
2020-02-19 15:05:54.650,11773,11774,11774,1
2020-02-19 15:05:55.086,11773,11774,11774,5
2020-02-19 15:05:56.669,11773,11774,11774,2
2020-02-19 15:05:57.381,11773,11774,11774,2
2020-02-19 15:06:03.307,11773,11774,11774,1
2020-02-19 15:06:03.428,11773,11774,11774,5
2020-02-19 15:06:03.726,11773,11774,11774,1
2020-02-19 15:06:03.733,11773,11774,11774,1
2020-02-19 15:06:04.300,11773,11774,11774,1
2020-02-19 15:06:06.457,11773,11774,11774,1
2020-02-19 15:06:06.700,11773,11774,11773,1
2020-02-19 15:06:06.786,11773,11774,11774,1
2020-02-19 15:06:07.196,11774,11775,11774,1
2020-02-19 15:06:07.217,11774,11775,11774,1
2020-02-19 15:06:08.956,11774,11775,11774,1
2020-02-19 15:06:09.335,11773,11775,11775,36
2020-02-19 15:06:09.335,11773,11775,11776,10
2020-02-19 15:06:17.298,11774,11775,11775,3
2020-02-19 15:06:20.589,11774,11775,11775,1
2020-02-19 15:06:22.536,11774,11775,11775,1
2020-02-19 15:06:24.186,11774,11775,11775,2
2020-02-19 15:06:24.214,11774,11775,11775,4
2020-02-19 15:06:28.062,11775,11776,11775,1
2020-02-19 15:06:30.643,11774,11775,11775,1
2020-02-19 15:06:30.643,11774,11775,11776,1
2020-02-19 15:06:31.840,11774,11776,11775,1
2020-02-19 15:06:33.914,11774,11776,11776,15
2020-02-19 15:06:33.914,11774,11776,11777,27
2020-02-19 15:06:33.914,11774,11776,11778,14
2020-02-19 15:06:33.915,11774,11776,11778,4
2020-02-19 15:06:34.006,11777,11778,11778,5
2020-02-19 15:06:34.340,11777,11778,11778,1
2020-02-19 15:06:34.554,11777,11778,11778,1
2020-02-19 15:06:34.598,11777,11778,11777,1
2020-02-19 15:06:35.214,11776,11777,11777,3
2020-02-19 15:06:40.339,11777,11778,11777,1
2020-02-19 15:06:42.181,11777,11778,11777,1
2020-02-19 15:06:42.920,11776,11777,11777,1
2020-02-19 15:06:43.216,11776,11777,11777,1
2020-02-19 15:06:43.230,11776,11777,11776,1
2020-02-19 15:06:43.427,11776,11778,11778,1
2020-02-19 15:06:44.026,11776,11778,11778,2
2020-02-19 15:06:45.177,11777,11778,11778,1
2020-02-19 15:06:45.250,11777,11778,11778,1
2020-02-19 15:06:46.358,11777,11778,11777,1
2020-02-19 15:06:48.184,11777,11778,11777,5
2020-02-19 15:06:48.323,11776,11778,11778,2
2020-02-19 15:06:48.462,11776,11778,11778,1
2020-02-19 15:06:53.277,11777,11778,11778,1
2020-02-19 15:06:53.796,11777,11778,11778,1
2020-02-19 15:06:55.605,11777,11778,11778,1
2020-02-19 15:06:55.800,11777,11778,11778,5
2020-02-19 15:06:55.800,11777,11778,11779,5
2020-02-19 15:06:55.998,11777,11779,11779,1
2020-02-19 15:06:56.339,11778,11779,11778,1
2020-02-19 15:06:58.551,11778,11779,11778,1
2020-02-19 15:06:58.637,11778,11779,11778,2
2020-02-19 15:06:58.714,11778,11779,11778,1
2020-02-19 15:07:00.080,11778,11779,11778,1
2020-02-19 15:07:04.931,11777,11778,11778,1
2020-02-19 15:07:06.969,11777,11778,11778,1
2020-02-19 15:07:08.348,11777,11778,11778,1
2020-02-19 15:07:09.394,11777,11778,11777,1
2020-02-19 15:07:09.533,11777,11778,11778,1
2020-02-19 15:07:14.722,11777,11778,11778,1
2020-02-19 15:07:15.692,11777,11778,11777,5
2020-02-19 15:07:15.886,11777,11778,11778,1
2020-02-19 15:07:16.031,11777,11778,11778,3
2020-02-19 15:07:17.575,11777,11778,11778,1
2020-02-19 15:07:18.705,11777,11778,11778,1
2020-02-19 15:07:22.106,11777,11778,11778,1
2020-02-19 15:07:24.020,11777,11778,11777,1
2020-02-19 15:07:30.667,11777,11778,11777,1
2020-02-19 15:07:30.997,11777,11778,11777,1
2020-02-19 15:07:31.523,11777,11778,11777,4
2020-02-19 15:07:31.589,11777,11778,11777,12
2020-02-19 15:07:32.119,11776,11777,11777,1
2020-02-19 15:07:32.642,11776,11777,11776,1
2020-02-19 15:07:32.819,11776,11777,11776,2
2020-02-19 15:07:32.981,11776,11777,11777,6
2020-02-19 15:07:33.317,11776,11777,11776,2
2020-02-19 15:07:33.942,11776,11777,11776,2
2020-02-19 15:07:34.368,11776,11777,11777,1
2020-02-19 15:07:35.197,11776,11777,11776,1
2020-02-19 15:07:37.643,11776,11777,11776,5
2020-02-19 15:07:40.432,11776,11777,11776,1
2020-02-19 15:07:42.288,11776,11777,11777,1
2020-02-19 15:07:49.343,11776,11777,11777,1
2020-02-19 15:07:52.198,11776,11777,11777,2
2020-02-19 15:07:55.253,11776,11777,11776,5
2020-02-19 15:07:55.253,11776,11777,11776,5
2020-02-19 15:07:55.253,11776,11777,11776,2
2020-02-19 15:07:55.339,11776,11777,11776,6
2020-02-19 15:07:55.339,11776,11777,11776,1
2020-02-19 15:07:55.339,11776,11777,11776,1
2020-02-19 15:07:55.339,11776,11777,11776,1
2020-02-19 15:07:55.339,11776,11777,11776,20
2020-02-19 15:07:55.410,11776,11777,11775,2
2020-02-19 15:07:55.410,11776,11777,11775,3
2020-02-19 15:07:55.589,11775,11776,11775,1
2020-02-19 15:07:55.604,11775,11776,11775,1
2020-02-19 15:07:55.607,11775,11776,11776,2
2020-02-19 15:07:58.041,11775,11776,11775,2
2020-02-19 15:07:58.802,11775,11776,11775,2
2020-02-19 15:07:59.789,11775,11776,11775,2
2020-02-19 15:07:59.839,11775,11776,11775,1
2020-02-19 15:07:59.967,11774,11775,11775,1
2020-02-19 15:08:02.006,11774,11775,11775,2
2020-02-19 15:08:03.217,11774,11775,11775,1
2020-02-19 15:08:03.287,11774,11775,11775,2
2020-02-19 15:08:04.151,11774,11775,11775,1
2020-02-19 15:08:04.801,11774,11775,11775,2
2020-02-19 15:08:07.640,11774,11775,11775,1
2020-02-19 15:08:14.851,11774,11775,11775,4
2020-02-19 15:08:17.259,11774,11775,11775,1
2020-02-19 15:08:17.375,11774,11775,11775,4
2020-02-19 15:08:19.289,11774,11775,11775,1
2020-02-19 15:08:21.510,11774,11775,11775,1
2020-02-19 15:08:23.970,11774,11775,11775,2
2020-02-19 15:08:25.058,11774,11776,11775,1
2020-02-19 15:08:25.058,11774,11776,11776,5
2020-02-19 15:08:32.853,11775,11776,11775,1
2020-02-19 15:08:33.054,11775,11776,11776,1
2020-02-19 15:08:35.633,11775,11776,11776,6
2020-02-19 15:08:36.945,11775,11776,11775,1
2020-02-19 15:08:39.109,11775,11776,11775,1
2020-02-19 15:08:39.804,11775,11776,11776,1
2020-02-19 15:08:43.915,11775,11776,11776,2
2020-02-19 15:08:44.068,11775,11776,11775,1
2020-02-19 15:08:47.684,11775,11776,11776,5
2020-02-19 15:08:49.336,11775,11776,11776,1
2020-02-19 15:08:53.214,11775,11776,11775,2
2020-02-19 15:08:53.615,11775,11776,11776,1
2020-02-19 15:08:57.921,11775,11776,11775,1
2020-02-19 15:08:59.856,11775,11776,11775,10
2020-02-19 15:08:59.856,11775,11776,11774,23
2020-02-19 15:09:00.346,11774,11775,11774,1
2020-02-19 15:09:00.946,11774,11775,11774,1
2020-02-19 15:09:06.218,11774,11775,11774,5
2020-02-19 15:09:07.152,11774,11775,11774,1
2020-02-19 15:09:10.183,11774,11775,11774,1
2020-02-19 15:09:10.375,11774,11775,11774,1
2020-02-19 15:09:15.958,11774,11775,11774,1
2020-02-19 15:09:17.166,11774,11775,11774,1
2020-02-19 15:09:17.986,11774,11775,11775,5
2020-02-19 15:09:18.723,11774,11775,11775,7
2020-02-19 15:09:18.781,11774,11775,11774,3
2020-02-19 15:09:20.169,11775,11776,11775,5
2020-02-19 15:09:20.169,11775,11776,11774,5
2020-02-19 15:09:23.776,11774,11775,11775,1
2020-02-19 15:09:23.776,11774,11775,11775,1
2020-02-19 15:09:24.124,11775,11776,11776,1
2020-02-19 15:09:26.936,11775,11776,11776,3
2020-02-19 15:09:27.066,11775,11776,11776,3
2020-02-19 15:09:28.027,11776,11777,11776,1
2020-02-19 15:09:29.532,11776,11777,11776,1
2020-02-19 15:09:30.138,11776,11777,11776,1
2020-02-19 15:09:30.452,11776,11777,11776,2
2020-02-19 15:09:30.669,11776,11777,11777,3
2020-02-19 15:09:34.411,11776,11777,11777,2
2020-02-19 15:09:34.451,11776,11777,11777,1
2020-02-19 15:09:34.464,11777,11778,11777,2
2020-02-19 15:09:38.335,11776,11777,11777,1
2020-02-19 15:09:38.560,11776,11777,11776,2
2020-02-19 15:09:39.938,11776,11777,11776,1
2020-02-19 15:09:44.156,11776,11777,11777,2
2020-02-19 15:09:45.584,11776,11777,11776,1
2020-02-19 15:09:47.365,11776,11777,11776,1
2020-02-19 15:09:49.292,11776,11777,11777,1
2020-02-19 15:09:50.684,11776,11777,11776,1
2020-02-19 15:09:51.013,11776,11777,11776,2
2020-02-19 15:09:54.237,11776,11777,11777,1
2020-02-19 15:09:57.008,11776,11777,11777,1
2020-02-19 15:09:57.878,11776,11777,11777,1
2020-02-19 15:10:00.641,11776,11777,11776,1
2020-02-19 15:10:01.321,11776,11777,11776,1
2020-02-19 15:10:04.129,11776,11777,11776,1
2020-02-19 15:10:07.173,11776,11777,11777,2
2020-02-19 15:10:10.080,11776,11777,11776,2
2020-02-19 15:10:12.057,11776,11777,11777,1
2020-02-19 15:10:12.285,11776,11777,11777,1
2020-02-19 15:10:12.500,11776,11777,11777,1
2020-02-19 15:10:12.656,11776,11777,11777,1
2020-02-19 15:10:13.233,11776,11777,11777,1
2020-02-19 15:10:15.909,11776,11777,11776,6
2020-02-19 15:10:16.723,11775,11776,11775,2
2020-02-19 15:10:20.426,11775,11776,11775,1
2020-02-19 15:10:24.489,11775,11776,11775,2
2020-02-19 15:10:25.998,11775,11776,11775,2
2020-02-19 15:10:27.997,11775,11776,11775,3
2020-02-19 15:10:30.558,11775,11776,11775,1
2020-02-19 15:10:31.069,11775,11776,11775,1
2020-02-19 15:10:32.659,11775,11776,11775,2
2020-02-19 15:10:36.635,11774,11775,11775,1
2020-02-19 15:10:37.378,11774,11775,11775,1
2020-02-19 15:10:38.589,11774,11775,11775,3
2020-02-19 15:10:39.567,11774,11775,11775,1
2020-02-19 15:10:40.726,11774,11775,11774,1
2020-02-19 15:10:41.743,11774,11775,11775,1
2020-02-19 15:10:49.652,11774,11775,11775,6
2020-02-19 15:10:53.316,11774,11775,11775,4
2020-02-19 15:11:03.208,11774,11775,11774,5
2020-02-19 15:11:08.196,11774,11775,11774,2
2020-02-19 15:11:08.694,11774,11775,11774,2
2020-02-19 15:11:08.788,11774,11775,11774,1
2020-02-19 15:11:09.697,11774,11775,11774,2
2020-02-19 15:11:10.167,11774,11775,11775,1
2020-02-19 15:11:14.218,11774,11775,11774,1
2020-02-19 15:11:15.868,11774,11775,11774,1
2020-02-19 15:11:18.017,11774,11775,11775,1
2020-02-19 15:11:19.328,11774,11775,11774,1
2020-02-19 15:11:21.653,11774,11775,11774,1
2020-02-19 15:11:24.824,11774,11775,11774,1
2020-02-19 15:11:25.912,11774,11775,11775,1
2020-02-19 15:11:29.016,11774,11775,11775,1
2020-02-19 15:11:33.543,11774,11775,11774,1
2020-02-19 15:11:38.775,11774,11775,11774,2
2020-02-19 15:11:44.740,11774,11775,11774,6
2020-02-19 15:11:47.164,11774,11775,11774,1
2020-02-19 15:11:50.097,11774,11775,11774,1
2020-02-19 15:11:56.120,11774,11775,11774,1
2020-02-19 15:11:58.696,11774,11775,11774,1
2020-02-19 15:11:59.159,11774,11775,11774,1
2020-02-19 15:12:04.014,11774,11775,11774,26
2020-02-19 15:12:04.672,11773,11774,11773,3
2020-02-19 15:12:05.741,11773,11774,11774,5
2020-02-19 15:12:10.293,11773,11774,11773,1
2020-02-19 15:12:10.782,11773,11774,11774,1
2020-02-19 15:12:16.500,11773,11774,11773,1
2020-02-19 15:12:17.294,11773,11774,11774,1
2020-02-19 15:12:20.222,11773,11774,11773,1
2020-02-19 15:12:27.086,11773,11774,11773,1
2020-02-19 15:12:28.962,11773,11774,11773,1
2020-02-19 15:12:33.276,11773,11774,11773,1
2020-02-19 15:12:36.083,11773,11774,11773,3
2020-02-19 15:12:41.694,11773,11774,11773,2
2020-02-19 15:12:44.112,11773,11774,11773,1
2020-02-19 15:12:44.113,11773,11774,11773,1
2020-02-19 15:12:44.125,11773,11774,11773,6
2020-02-19 15:12:48.545,11772,11773,11773,1
2020-02-19 15:12:51.131,11772,11773,11772,16
2020-02-19 15:12:51.803,11771,11772,11772,1
2020-02-19 15:12:52.414,11771,11772,11772,1
2020-02-19 15:12:54.314,11771,11772,11772,2
2020-02-19 15:12:56.473,11771,11772,11772,1
2020-02-19 15:12:56.629,11771,11772,11771,2
2020-02-19 15:12:58.129,11771,11772,11771,1
2020-02-19 15:12:59.764,11771,11772,11772,1
2020-02-19 15:13:00.447,11771,11772,11771,1
2020-02-19 15:13:03.374,11771,11772,11771,12
2020-02-19 15:13:03.494,11771,11772,11771,1
2020-02-19 15:13:03.922,11771,11772,11772,1
2020-02-19 15:13:04.171,11771,11772,11771,1
2020-02-19 15:13:04.199,11771,11772,11771,1
2020-02-19 15:13:04.256,11771,11772,11772,1
2020-02-19 15:13:04.444,11771,11772,11771,2
2020-02-19 15:13:05.326,11771,11772,11771,1
2020-02-19 15:13:05.349,11771,11772,11771,1
2020-02-19 15:13:06.076,11771,11772,11771,1
2020-02-19 15:13:06.215,11770,11771,11771,1
2020-02-19 15:13:06.694,11771,11772,11771,2
2020-02-19 15:13:11.638,11770,11771,11770,1
2020-02-19 15:13:15.582,11770,11771,11770,2
2020-02-19 15:13:19.839,11770,11771,11771,3
2020-02-19 15:13:20.279,11770,11771,11770,1
2020-02-19 15:13:22.683,11770,11771,11770,2
2020-02-19 15:13:23.213,11770,11771,11770,1
2020-02-19 15:13:23.815,11770,11771,11770,1
2020-02-19 15:13:26.098,11770,11771,11770,1
2020-02-19 15:13:27.857,11770,11771,11770,1
2020-02-19 15:13:29.464,11770,11771,11770,20
2020-02-19 15:13:31.181,11770,11771,11770,1
2020-02-19 15:13:36.431,11770,11771,11770,10
2020-02-19 15:13:36.818,11770,11771,11770,2
2020-02-19 15:13:39.553,11770,11771,11770,1
2020-02-19 15:13:39.825,11770,11771,11770,2
2020-02-19 15:13:41.311,11770,11771,11770,1
2020-02-19 15:13:41.332,11770,11771,11770,1
2020-02-19 15:13:41.838,11770,11771,11770,1
2020-02-19 15:13:42.595,11770,11771,11770,1
2020-02-19 15:13:42.773,11770,11771,11770,2
2020-02-19 15:13:42.943,11770,11771,11770,2
2020-02-19 15:13:43.054,11770,11771,11770,3
2020-02-19 15:13:45.261,11769,11770,11769,15
2020-02-19 15:13:45.261,11769,11770,11768,5
2020-02-19 15:13:48.890,11768,11769,11769,1
2020-02-19 15:13:49.925,11768,11770,11768,2
2020-02-19 15:13:50.405,11768,11770,11768,2
2020-02-19 15:13:51.605,11768,11770,11768,1
2020-02-19 15:13:51.639,11768,11770,11768,1
2020-02-19 15:13:51.651,11768,11770,11770,1
2020-02-19 15:13:52.445,11769,11770,11769,2
2020-02-19 15:13:54.648,11769,11770,11769,3
2020-02-19 15:13:55.379,11769,11770,11769,1
2020-02-19 15:13:55.464,11768,11769,11769,17
2020-02-19 15:13:55.464,11768,11769,11769,4
2020-02-19 15:13:55.589,11768,11769,11769,1
2020-02-19 15:13:56.415,11769,11770,11769,1
2020-02-19 15:13:58.043,11769,11770,11769,1
2020-02-19 15:13:58.660,11769,11770,11769,3
2020-02-19 15:13:59.964,11769,11770,11770,13
2020-02-19 15:14:05.547,11770,11771,11770,1
2020-02-19 15:14:05.680,11770,11771,11770,1
2020-02-19 15:14:07.423,11770,11771,11771,1
2020-02-19 15:14:07.809,11770,11771,11770,1
2020-02-19 15:14:08.602,11770,11771,11770,13
2020-02-19 15:14:12.936,11769,11770,11769,1
2020-02-19 15:14:16.787,11769,11770,11770,1
2020-02-19 15:14:20.209,11769,11770,11769,2
2020-02-19 15:14:33.699,11769,11770,11769,1
2020-02-19 15:14:34.741,11769,11770,11769,2
2020-02-19 15:14:39.265,11769,11770,11769,1
2020-02-19 15:14:39.445,11769,11770,11769,1
2020-02-19 15:14:40.462,11769,11770,11769,5
2020-02-19 15:14:42.091,11769,11770,11769,1
2020-02-19 15:14:51.913,11769,11770,11770,1
2020-02-19 15:14:52.519,11769,11770,11769,1
2020-02-19 15:15:04.148,11769,11770,11769,29
2020-02-19 15:15:04.673,11768,11769,11768,1
2020-02-19 15:15:05.229,11768,11769,11769,2
2020-02-19 15:15:05.571,11769,11770,11769,1
2020-02-19 15:15:05.916,11768,11769,11769,2
2020-02-19 15:15:09.812,11769,11770,11770,2
2020-02-19 15:15:10.070,11769,11770,11769,1
2020-02-19 15:15:10.572,11769,11770,11769,1
2020-02-19 15:15:10.589,11768,11769,11769,1
2020-02-19 15:15:15.546,11769,11770,11769,3
2020-02-19 15:15:16.605,11769,11770,11769,1
2020-02-19 15:15:18.282,11769,11770,11770,1
2020-02-19 15:15:18.534,11769,11770,11770,1
2020-02-19 15:15:18.793,11769,11770,11770,1
2020-02-19 15:15:19.198,11769,11770,11770,1
2020-02-19 15:15:22.358,11769,11770,11769,2
2020-02-19 15:15:26.103,11769,11770,11769,2
2020-02-19 15:15:28.427,11769,11770,11769,1
2020-02-19 15:15:28.815,11769,11770,11770,1
2020-02-19 15:15:31.033,11769,11770,11769,4
2020-02-19 15:15:31.369,11768,11769,11769,1
2020-02-19 15:15:33.825,11768,11769,11768,4
2020-02-19 15:15:37.043,11768,11769,11768,2
2020-02-19 15:15:37.605,11768,11769,11769,2
2020-02-19 15:15:38.999,11768,11769,11769,1
2020-02-19 15:15:39.384,11768,11769,11768,1
2020-02-19 15:15:52.674,11768,11769,11768,1
2020-02-19 15:15:55.363,11768,11769,11768,2
2020-02-19 15:15:57.512,11768,11769,11768,4
2020-02-19 15:15:58.281,11768,11769,11769,2
2020-02-19 15:16:03.041,11768,11769,11769,1
2020-02-19 15:16:04.255,11768,11769,11768,1
2020-02-19 15:16:05.246,11768,11769,11769,1
2020-02-19 15:16:05.347,11768,11769,11769,1
2020-02-19 15:16:05.347,11768,11769,11769,1
2020-02-19 15:16:05.350,11768,11769,11769,1
2020-02-19 15:16:05.351,11768,11769,11769,1
2020-02-19 15:16:05.352,11768,11769,11769,1
2020-02-19 15:16:05.353,11768,11769,11769,1
2020-02-19 15:16:05.357,11768,11769,11769,1
2020-02-19 15:16:05.357,11768,11769,11769,1
2020-02-19 15:16:05.359,11768,11769,11769,1
2020-02-19 15:16:05.359,11768,11769,11769,1
2020-02-19 15:16:05.359,11768,11769,11769,1
2020-02-19 15:16:05.360,11768,11769,11770,2
2020-02-19 15:16:05.360,11768,11769,11770,1
2020-02-19 15:16:05.363,11768,11769,11770,1
2020-02-19 15:16:05.949,11769,11770,11769,1
2020-02-19 15:16:05.964,11768,11769,11769,1
2020-02-19 15:16:15.040,11769,11770,11769,1
2020-02-19 15:16:15.226,11769,11770,11769,1
2020-02-19 15:16:17.322,11769,11770,11770,3
2020-02-19 15:16:20.334,11769,11770,11769,5
2020-02-19 15:16:24.794,11769,11770,11770,1
2020-02-19 15:16:29.214,11769,11770,11770,22
2020-02-19 15:16:29.339,11769,11770,11770,2
2020-02-19 15:16:29.543,11770,11771,11771,13
2020-02-19 15:16:32.952,11771,11772,11771,1
2020-02-19 15:16:36.821,11771,11772,11771,1
2020-02-19 15:16:42.920,11771,11772,11771,3
2020-02-19 15:16:42.920,11771,11772,11770,1
2020-02-19 15:16:57.087,11770,11771,11770,10
2020-02-19 15:17:05.632,11769,11770,11770,1
2020-02-19 15:17:06.784,11769,11770,11770,1
2020-02-19 15:17:09.416,11769,11770,11770,1
2020-02-19 15:17:12.419,11769,11770,11770,1
2020-02-19 15:17:22.279,11769,11770,11769,1
2020-02-19 15:17:29.484,11769,11770,11770,3
2020-02-19 15:17:37.218,11769,11770,11770,1
2020-02-19 15:17:38.992,11769,11770,11770,1
2020-02-19 15:17:40.105,11769,11770,11770,6
2020-02-19 15:17:40.214,11770,11771,11770,2
2020-02-19 15:17:40.339,11770,11771,11770,2
2020-02-19 15:17:50.589,11770,11771,11770,1
2020-02-19 15:17:54.294,11769,11770,11770,1
2020-02-19 15:18:02.429,11769,11770,11770,2
2020-02-19 15:18:02.669,11770,11771,11771,1
2020-02-19 15:18:06.778,11770,11771,11770,1
2020-02-19 15:18:07.997,11770,11771,11771,4
2020-02-19 15:18:11.977,11770,11771,11771,2
2020-02-19 15:18:13.276,11770,11771,11771,1
2020-02-19 15:18:13.568,11771,11772,11771,2
2020-02-19 15:18:13.714,11771,11772,11771,1
2020-02-19 15:18:13.983,11770,11772,11770,1
2020-02-19 15:18:14.429,11770,11771,11771,6
2020-02-19 15:18:14.429,11770,11771,11772,36
2020-02-19 15:18:14.430,11770,11771,11772,1
2020-02-19 15:18:14.430,11770,11771,11772,2
2020-02-19 15:18:14.430,11770,11771,11772,1
2020-02-19 15:18:14.464,11771,11772,11772,1
2020-02-19 15:18:14.464,11771,11772,11772,1
2020-02-19 15:18:14.516,11771,11772,11772,2
2020-02-19 15:18:14.588,11772,11773,11772,1
2020-02-19 15:18:14.589,11772,11773,11772,1
2020-02-19 15:18:14.589,11772,11773,11772,1
2020-02-19 15:18:14.589,11772,11773,11773,2
2020-02-19 15:18:14.623,11772,11773,11773,1
2020-02-19 15:18:14.825,11771,11773,11772,1
2020-02-19 15:18:16.514,11771,11773,11771,3
2020-02-19 15:18:16.683,11771,11773,11771,1
2020-02-19 15:18:16.736,11771,11773,11773,1
2020-02-19 15:18:17.276,11771,11773,11771,1
2020-02-19 15:18:17.307,11771,11773,11773,1
2020-02-19 15:18:20.922,11772,11773,11773,1
2020-02-19 15:18:24.698,11772,11773,11772,1
2020-02-19 15:18:31.859,11771,11772,11771,1
2020-02-19 15:18:32.320,11771,11772,11771,2
2020-02-19 15:18:37.945,11771,11772,11771,1
2020-02-19 15:18:46.720,11771,11772,11771,3
2020-02-19 15:18:47.843,11771,11772,11771,1
2020-02-19 15:18:47.898,11771,11772,11772,8
2020-02-19 15:18:47.964,11772,11773,11772,1
2020-02-19 15:18:57.052,11772,11773,11773,1
2020-02-19 15:19:02.218,11772,11773,11773,2
2020-02-19 15:19:02.280,11772,11773,11773,3
2020-02-19 15:19:03.773,11772,11773,11773,5
2020-02-19 15:19:06.661,11772,11773,11773,2
2020-02-19 15:19:07.227,11772,11773,11773,1
2020-02-19 15:19:07.339,11773,11774,11773,4
2020-02-19 15:19:07.562,11773,11774,11773,1
2020-02-19 15:19:16.033,11772,11773,11773,1
2020-02-19 15:19:17.274,11772,11773,11773,1
2020-02-19 15:19:18.349,11772,11773,11773,10
2020-02-19 15:19:21.819,11772,11773,11773,1
2020-02-19 15:19:22.500,11772,11773,11773,1
2020-02-19 15:19:25.721,11772,11773,11772,8
2020-02-19 15:19:25.901,11771,11772,11772,2
2020-02-19 15:19:54.435,11772,11773,11773,5
2020-02-19 15:20:02.800,11772,11773,11773,10
2020-02-19 15:20:03.121,11773,11774,11774,1
2020-02-19 15:20:03.166,11773,11774,11774,1
2020-02-19 15:20:03.293,11773,11774,11774,1
2020-02-19 15:20:03.427,11773,11774,11774,1
2020-02-19 15:20:03.527,11773,11774,11774,1
2020-02-19 15:20:03.845,11773,11774,11774,1
2020-02-19 15:20:03.952,11773,11774,11774,5
2020-02-19 15:20:03.964,11773,11774,11774,1
2020-02-19 15:20:09.665,11774,11775,11774,4
2020-02-19 15:20:11.299,11773,11774,11774,1
2020-02-19 15:20:12.429,11773,11774,11774,1
2020-02-19 15:20:14.777,11773,11774,11774,2
2020-02-19 15:20:16.009,11774,11775,11775,1
2020-02-19 15:20:16.123,11774,11775,11775,1
2020-02-19 15:20:16.465,11774,11775,11775,13
2020-02-19 15:20:19.877,11775,11776,11776,1
2020-02-19 15:20:20.413,11775,11776,11775,1
2020-02-19 15:20:20.493,11775,11776,11775,1
2020-02-19 15:20:20.740,11775,11776,11776,1
2020-02-19 15:20:22.241,11775,11776,11775,2
2020-02-19 15:20:28.496,11775,11776,11776,1
2020-02-19 15:20:28.502,11775,11776,11775,6
2020-02-19 15:20:28.589,11774,11775,11775,1
2020-02-19 15:20:28.590,11774,11775,11775,1
2020-02-19 15:20:32.673,11775,11776,11775,1
2020-02-19 15:20:33.459,11774,11775,11775,1
2020-02-19 15:20:33.465,11774,11775,11775,1
2020-02-19 15:20:37.239,11774,11775,11775,2
2020-02-19 15:20:38.636,11775,11776,11776,1
2020-02-19 15:20:42.058,11775,11776,11776,1
2020-02-19 15:20:42.748,11775,11776,11775,1
2020-02-19 15:20:47.349,11775,11776,11775,3
2020-02-19 15:20:51.959,11775,11776,11776,20
2020-02-19 15:20:53.187,11775,11776,11775,1
2020-02-19 15:20:53.521,11775,11776,11775,9
2020-02-19 15:20:53.999,11774,11775,11775,1
2020-02-19 15:20:54.417,11774,11775,11775,1
2020-02-19 15:20:56.185,11774,11775,11775,1
2020-02-19 15:21:05.196,11774,11775,11774,2
2020-02-19 15:21:06.103,11774,11775,11775,1
2020-02-19 15:21:06.443,11774,11775,11774,2
2020-02-19 15:21:09.329,11774,11775,11774,2
2020-02-19 15:21:14.809,11773,11774,11774,1
2020-02-19 15:21:15.693,11773,11774,11773,2
2020-02-19 15:21:17.630,11773,11774,11774,1
2020-02-19 15:21:19.580,11773,11774,11774,1
2020-02-19 15:21:19.744,11773,11774,11773,2
2020-02-19 15:21:20.069,11773,11774,11773,2
2020-02-19 15:21:25.070,11773,11774,11773,2
2020-02-19 15:21:26.044,11773,11774,11774,5
2020-02-19 15:21:47.902,11773,11774,11773,2
2020-02-19 15:21:58.196,11773,11774,11773,4
2020-02-19 15:21:58.196,11773,11774,11772,56
2020-02-19 15:21:58.197,11773,11774,11772,1
2020-02-19 15:21:58.714,11771,11772,11771,5
2020-02-19 15:22:00.229,11771,11772,11772,6
2020-02-19 15:22:00.229,11771,11772,11773,3
2020-02-19 15:22:01.366,11771,11772,11772,1
2020-02-19 15:22:03.649,11771,11772,11771,1
2020-02-19 15:22:04.925,11770,11771,11771,1
2020-02-19 15:22:05.720,11770,11771,11771,1
2020-02-19 15:22:11.494,11771,11772,11771,2
2020-02-19 15:22:12.095,11771,11772,11771,2
2020-02-19 15:22:13.718,11770,11771,11771,3
2020-02-19 15:22:24.146,11771,11772,11771,1
2020-02-19 15:22:37.968,11771,11772,11771,1
2020-02-19 15:22:43.006,11771,11772,11771,1
2020-02-19 15:22:43.491,11771,11772,11771,1
2020-02-19 15:22:59.918,11770,11771,11771,1
2020-02-19 15:23:01.641,11770,11771,11771,2
2020-02-19 15:23:02.333,11770,11771,11771,2
2020-02-19 15:23:02.523,11770,11771,11771,1
2020-02-19 15:23:10.060,11771,11772,11772,14
2020-02-19 15:23:25.935,11772,11773,11773,2
2020-02-19 15:23:39.297,11773,11774,11774,3
2020-02-19 15:23:39.404,11773,11774,11773,3
2020-02-19 15:23:43.886,11772,11773,11773,1
2020-02-19 15:23:46.759,11773,11774,11773,1
2020-02-19 15:23:49.025,11773,11774,11774,1
2020-02-19 15:23:52.379,11773,11774,11774,4
2020-02-19 15:23:52.506,11773,11774,11774,3
2020-02-19 15:23:52.506,11773,11774,11774,2
2020-02-19 15:23:55.285,11774,11775,11775,1
2020-02-19 15:23:58.433,11774,11775,11775,6
2020-02-19 15:24:01.384,11775,11776,11775,7
2020-02-19 15:24:01.384,11775,11776,11774,29
2020-02-19 15:24:01.384,11775,11776,11773,24
2020-02-19 15:24:01.385,11775,11776,11774,1
2020-02-19 15:24:01.466,11773,11774,11774,4
2020-02-19 15:24:01.519,11773,11774,11774,4
2020-02-19 15:24:01.611,11773,11774,11774,2
2020-02-19 15:24:01.637,11773,11774,11775,1
2020-02-19 15:24:01.637,11773,11774,11775,10
2020-02-19 15:24:01.653,11773,11774,11775,4
2020-02-19 15:24:01.755,11773,11775,11775,1
2020-02-19 15:24:01.798,11773,11775,11775,1
2020-02-19 15:24:01.952,11774,11775,11774,1
2020-02-19 15:24:02.368,11774,11775,11775,3
2020-02-19 15:24:04.095,11774,11775,11775,5
2020-02-19 15:24:05.036,11774,11775,11774,2
2020-02-19 15:24:15.459,11774,11775,11774,1
2020-02-19 15:24:15.568,11774,11775,11774,1
2020-02-19 15:24:23.392,11774,11775,11774,1
2020-02-19 15:24:23.817,11774,11775,11774,1
2020-02-19 15:24:33.801,11774,11775,11774,13
2020-02-19 15:24:33.801,11774,11775,11773,39
2020-02-19 15:24:34.451,11773,11774,11774,4
2020-02-19 15:24:34.685,11773,11774,11774,1
2020-02-19 15:24:34.715,11773,11774,11774,1
2020-02-19 15:24:40.491,11774,11775,11774,2
2020-02-19 15:24:40.887,11773,11774,11774,3
2020-02-19 15:24:41.370,11774,11775,11774,1
2020-02-19 15:24:42.084,11774,11775,11775,2
2020-02-19 15:24:46.500,11774,11775,11775,8
2020-02-19 15:24:51.084,11775,11776,11775,5
2020-02-19 15:24:55.727,11775,11776,11775,1
2020-02-19 15:24:56.344,11775,11776,11775,3
2020-02-19 15:24:57.723,11774,11775,11774,18
2020-02-19 15:24:58.349,11773,11774,11774,1
2020-02-19 15:25:02.138,11773,11774,11774,3
2020-02-19 15:25:18.194,11773,11774,11774,1
2020-02-19 15:25:18.859,11773,11774,11774,2
2020-02-19 15:25:19.779,11773,11774,11774,1
2020-02-19 15:25:24.982,11773,11774,11773,2
2020-02-19 15:25:33.748,11773,11774,11773,1
2020-02-19 15:25:58.858,11773,11774,11773,1
2020-02-19 15:26:00.625,11773,11774,11774,1
2020-02-19 15:26:00.809,11773,11774,11774,2
2020-02-19 15:26:07.455,11773,11774,11774,1
2020-02-19 15:26:19.783,11773,11774,11774,20
2020-02-19 15:26:19.839,11773,11774,11774,2
2020-02-19 15:26:19.964,11773,11774,11774,8
2020-02-19 15:26:20.089,11773,11774,11774,2
2020-02-19 15:26:21.886,11773,11775,11775,1
2020-02-19 15:26:22.659,11773,11775,11774,1
2020-02-19 15:26:34.325,11774,11775,11774,2
2020-02-19 15:26:35.549,11774,11775,11774,3
2020-02-19 15:26:35.855,11774,11775,11774,1
2020-02-19 15:26:42.566,11774,11775,11774,1
2020-02-19 15:27:00.695,11773,11774,11774,1
2020-02-19 15:27:03.883,11773,11774,11774,10
2020-02-19 15:27:05.033,11773,11774,11774,5
2020-02-19 15:27:05.035,11773,11774,11774,3
2020-02-19 15:27:05.037,11773,11774,11774,3
2020-02-19 15:27:05.039,11773,11774,11774,1
2020-02-19 15:27:05.058,11773,11774,11774,1
2020-02-19 15:27:07.562,11773,11775,11775,1
2020-02-19 15:27:20.733,11774,11775,11774,1
2020-02-19 15:27:21.950,11773,11774,11774,1
2020-02-19 15:27:23.839,11773,11774,11774,2
2020-02-19 15:27:30.688,11773,11774,11774,1
2020-02-19 15:27:33.372,11773,11775,11775,1
2020-02-19 15:27:44.824,11773,11774,11774,1
2020-02-19 15:27:51.038,11773,11774,11774,1
2020-02-19 15:27:51.038,11773,11774,11773,1
2020-02-19 15:27:51.856,11773,11774,11773,1
2020-02-19 15:27:53.328,11773,11774,11773,2
2020-02-19 15:27:54.480,11773,11774,11774,1
2020-02-19 15:28:11.021,11773,11774,11774,5
2020-02-19 15:28:11.108,11774,11775,11774,1
2020-02-19 15:28:13.320,11774,11775,11774,4
2020-02-19 15:28:13.320,11774,11775,11773,1
2020-02-19 15:28:23.338,11773,11775,11774,1
2020-02-19 15:28:27.548,11773,11774,11774,1
2020-02-19 15:28:34.631,11773,11774,11774,3
2020-02-19 15:28:35.398,11774,11775,11774,1
2020-02-19 15:28:35.750,11774,11775,11774,1
2020-02-19 15:28:36.364,11774,11775,11774,1
2020-02-19 15:28:45.773,11774,11775,11774,1
2020-02-19 15:29:02.130,11773,11774,11774,1
2020-02-19 15:29:07.307,11773,11774,11774,1
2020-02-19 15:29:08.167,11773,11774,11774,2
2020-02-19 15:29:17.952,11773,11774,11773,1
2020-02-19 15:29:53.358,11773,11774,11774,1
2020-02-19 15:29:56.413,11773,11774,11774,6
2020-02-19 15:29:56.461,11773,11774,11774,3
2020-02-19 15:29:58.587,11774,11775,11774,2
2020-02-19 15:29:59.280,11773,11775,11773,2
2020-02-19 15:30:12.178,11773,11774,11773,3
2020-02-19 15:30:12.515,11773,11774,11774,1
2020-02-19 15:30:12.591,11773,11774,11774,1
2020-02-19 15:30:12.591,11773,11774,11775,1
2020-02-19 15:30:12.706,11773,11774,11775,3
2020-02-19 15:30:13.153,11773,11774,11773,1
2020-02-19 15:30:20.917,11773,11774,11774,2
2020-02-19 15:30:20.971,11773,11775,11773,1
2020-02-19 15:30:20.971,11773,11775,11773,1
2020-02-19 15:30:20.971,11773,11775,11773,1
2020-02-19 15:30:20.972,11773,11775,11773,1
2020-02-19 15:30:20.973,11773,11775,11773,1
2020-02-19 15:30:20.973,11773,11775,11773,2
2020-02-19 15:30:20.975,11773,11775,11773,1
2020-02-19 15:30:20.976,11773,11775,11773,1
2020-02-19 15:30:20.976,11773,11775,11773,1
2020-02-19 15:30:20.978,11773,11775,11773,1
2020-02-19 15:30:20.979,11773,11775,11773,1
2020-02-19 15:30:20.982,11773,11775,11773,1
2020-02-19 15:30:20.983,11773,11775,11773,1
2020-02-19 15:30:20.988,11773,11775,11773,1
2020-02-19 15:30:25.103,11773,11774,11774,1
2020-02-19 15:30:33.941,11773,11774,11774,1
2020-02-19 15:30:40.107,11773,11774,11774,1
2020-02-19 15:30:52.155,11773,11774,11774,2
2020-02-19 15:31:03.444,11774,11775,11775,6
2020-02-19 15:31:05.477,11774,11775,11774,1
2020-02-19 15:31:10.008,11774,11775,11775,3
2020-02-19 15:31:13.211,11774,11775,11775,1
2020-02-19 15:31:28.054,11774,11775,11775,2
2020-02-19 15:31:28.055,11774,11775,11775,2
2020-02-19 15:31:28.055,11774,11775,11775,3
2020-02-19 15:31:28.442,11775,11776,11775,2
2020-02-19 15:31:32.169,11775,11776,11775,1
2020-02-19 15:31:49.280,11774,11775,11775,1
2020-02-19 15:31:49.339,11774,11775,11775,3
2020-02-19 15:32:02.667,11775,11776,11775,1
2020-02-19 15:32:02.701,11775,11776,11775,1
2020-02-19 15:32:12.909,11775,11776,11775,1
2020-02-19 15:32:13.469,11775,11776,11776,1
2020-02-19 15:32:21.416,11775,11776,11776,1
2020-02-19 15:32:27.957,11775,11776,11776,1
2020-02-19 15:32:30.228,11775,11776,11776,1
2020-02-19 15:32:45.970,11775,11776,11775,1
2020-02-19 15:32:46.335,11775,11776,11776,5
2020-02-19 15:32:52.500,11775,11776,11776,1
2020-02-19 15:32:59.671,11775,11776,11776,2
2020-02-19 15:33:01.161,11775,11776,11776,2
2020-02-19 15:33:03.006,11775,11776,11776,2
2020-02-19 15:33:03.931,11775,11776,11776,5
2020-02-19 15:33:04.225,11775,11776,11776,1
2020-02-19 15:33:13.077,11776,11777,11776,3
2020-02-19 15:33:15.493,11776,11777,11776,1
2020-02-19 15:33:16.161,11776,11777,11776,1
2020-02-19 15:33:17.043,11776,11777,11777,5
2020-02-19 15:33:17.064,11776,11777,11776,1
2020-02-19 15:33:19.892,11776,11777,11777,1
2020-02-19 15:33:21.420,11776,11777,11777,5
2020-02-19 15:33:22.894,11776,11777,11777,5
2020-02-19 15:33:23.470,11776,11777,11777,1
2020-02-19 15:33:23.470,11776,11777,11778,4
2020-02-19 15:33:23.635,11776,11778,11778,1
2020-02-19 15:33:24.637,11777,11778,11777,1
2020-02-19 15:33:26.964,11777,11778,11777,1
2020-02-19 15:33:29.067,11776,11778,11778,2
2020-02-19 15:33:31.871,11777,11778,11778,5
2020-02-19 15:33:36.342,11777,11778,11778,1
2020-02-19 15:33:38.537,11777,11778,11778,1
2020-02-19 15:33:41.964,11777,11778,11777,2
2020-02-19 15:33:42.942,11777,11778,11778,1
2020-02-19 15:33:43.963,11777,11778,11777,1
2020-02-19 15:33:53.036,11777,11778,11778,5
2020-02-19 15:33:56.406,11777,11778,11778,1
2020-02-19 15:34:03.417,11777,11778,11778,1
2020-02-19 15:34:08.259,11777,11778,11778,1
2020-02-19 15:34:09.471,11777,11778,11778,1
2020-02-19 15:34:09.507,11777,11778,11778,1
2020-02-19 15:34:11.356,11777,11778,11778,3
2020-02-19 15:34:16.202,11777,11778,11778,1
2020-02-19 15:34:18.387,11777,11778,11778,1
2020-02-19 15:34:18.480,11777,11778,11777,2
2020-02-19 15:34:18.522,11777,11778,11777,1
2020-02-19 15:34:20.178,11777,11778,11778,1
2020-02-19 15:34:21.589,11777,11778,11778,3
2020-02-19 15:34:23.943,11778,11779,11778,2
2020-02-19 15:34:24.645,11778,11779,11778,1
2020-02-19 15:34:27.414,11778,11779,11779,1
2020-02-19 15:34:27.414,11778,11779,11779,9
2020-02-19 15:34:27.414,11778,11779,11779,2
2020-02-19 15:34:27.415,11778,11779,11779,11
2020-02-19 15:34:27.416,11778,11779,11779,4
2020-02-19 15:34:27.464,11778,11779,11779,1
2020-02-19 15:34:27.872,11779,11780,11779,1
2020-02-19 15:34:29.958,11779,11780,11780,2
2020-02-19 15:34:29.964,11779,11780,11780,11
2020-02-19 15:34:29.964,11779,11780,11780,1
2020-02-19 15:34:29.995,11779,11780,11780,2
2020-02-19 15:34:29.997,11779,11780,11780,1
2020-02-19 15:34:30.089,11779,11780,11780,13
2020-02-19 15:34:30.089,11779,11780,11780,3
2020-02-19 15:34:30.089,11779,11780,11780,2
2020-02-19 15:34:30.089,11779,11780,11780,1
2020-02-19 15:34:30.089,11779,11780,11780,3
2020-02-19 15:34:30.089,11779,11780,11780,3
2020-02-19 15:34:30.214,11779,11780,11780,1
2020-02-19 15:34:30.214,11779,11780,11780,2
2020-02-19 15:34:30.214,11779,11780,11780,18
2020-02-19 15:34:30.214,11779,11780,11780,2
2020-02-19 15:34:30.218,11779,11780,11780,1
2020-02-19 15:34:31.992,11780,11781,11781,1
2020-02-19 15:34:32.032,11780,11781,11781,1
2020-02-19 15:34:32.089,11780,11781,11781,4
2020-02-19 15:34:32.405,11780,11781,11781,11
2020-02-19 15:34:33.436,11781,11782,11781,1
2020-02-19 15:34:34.975,11780,11782,11782,1
2020-02-19 15:34:35.318,11780,11782,11782,1
2020-02-19 15:34:35.412,11780,11782,11782,1
2020-02-19 15:34:35.624,11780,11781,11781,1
2020-02-19 15:34:37.486,11780,11782,11782,5
2020-02-19 15:34:38.273,11780,11782,11782,5
2020-02-19 15:34:39.873,11781,11782,11781,2
2020-02-19 15:34:39.936,11781,11782,11782,1
2020-02-19 15:34:39.988,11781,11782,11782,5
2020-02-19 15:34:40.404,11781,11782,11782,5
2020-02-19 15:34:41.194,11781,11782,11781,2
2020-02-19 15:34:41.194,11781,11782,11781,2
2020-02-19 15:34:41.627,11780,11781,11781,1
2020-02-19 15:34:41.664,11780,11781,11781,20
2020-02-19 15:34:44.430,11780,11781,11780,1
2020-02-19 15:34:50.775,11780,11781,11781,4
2020-02-19 15:34:50.775,11780,11781,11782,1
2020-02-19 15:34:52.056,11781,11782,11782,5
2020-02-19 15:34:52.453,11781,11782,11782,1
2020-02-19 15:34:55.000,11781,11782,11782,1
2020-02-19 15:34:55.291,11781,11782,11782,1
2020-02-19 15:34:56.584,11781,11782,11782,1
2020-02-19 15:34:57.195,11781,11782,11782,1
2020-02-19 15:34:57.217,11781,11782,11782,1
2020-02-19 15:34:57.471,11781,11782,11782,1
2020-02-19 15:34:58.003,11781,11782,11782,1
2020-02-19 15:34:58.260,11781,11782,11782,1
2020-02-19 15:34:58.321,11781,11782,11782,1
2020-02-19 15:35:00.588,11781,11782,11782,1
2020-02-19 15:35:01.090,11781,11782,11781,3
2020-02-19 15:35:01.482,11781,11782,11782,1
2020-02-19 15:35:01.525,11781,11782,11782,3
2020-02-19 15:35:03.964,11781,11782,11781,4
2020-02-19 15:35:08.035,11780,11781,11781,1
2020-02-19 15:35:08.090,11781,11782,11781,1
2020-02-19 15:35:12.299,11780,11781,11781,3
2020-02-19 15:35:14.836,11781,11782,11781,1
2020-02-19 15:35:28.352,11781,11782,11781,1
2020-02-19 15:35:33.012,11781,11782,11782,10
2020-02-19 15:35:41.136,11781,11782,11782,10
2020-02-19 15:35:41.619,11781,11782,11782,1
2020-02-19 15:35:41.800,11781,11782,11782,1
2020-02-19 15:35:41.960,11781,11782,11782,1
2020-02-19 15:35:42.469,11781,11782,11782,1
2020-02-19 15:35:42.549,11781,11782,11782,1
2020-02-19 15:35:43.255,11781,11782,11782,1
2020-02-19 15:35:43.424,11782,11783,11782,2
2020-02-19 15:35:43.424,11782,11783,11782,3
2020-02-19 15:35:43.464,11782,11783,11782,1
2020-02-19 15:35:43.543,11782,11783,11782,2
2020-02-19 15:35:43.543,11782,11783,11782,1
2020-02-19 15:35:46.138,11782,11783,11783,5
2020-02-19 15:35:46.300,11782,11783,11783,1
2020-02-19 15:35:46.306,11782,11783,11783,1
2020-02-19 15:35:46.447,11782,11783,11782,1
2020-02-19 15:35:49.587,11782,11783,11783,1
2020-02-19 15:35:53.444,11782,11783,11783,2
2020-02-19 15:35:54.083,11782,11783,11783,1
2020-02-19 15:35:58.541,11782,11783,11782,1
2020-02-19 15:36:01.075,11782,11783,11783,1
2020-02-19 15:36:01.387,11782,11783,11783,1
2020-02-19 15:36:01.983,11782,11783,11783,1
2020-02-19 15:36:02.263,11782,11783,11783,3
2020-02-19 15:36:05.469,11782,11783,11783,2
2020-02-19 15:36:09.774,11782,11783,11782,1
2020-02-19 15:36:11.445,11782,11783,11783,1
2020-02-19 15:36:11.868,11782,11783,11783,1
2020-02-19 15:36:14.253,11782,11783,11782,1
2020-02-19 15:36:14.912,11782,11783,11782,1
2020-02-19 15:36:17.204,11782,11783,11782,1
2020-02-19 15:36:30.336,11782,11783,11782,1
2020-02-19 15:36:30.673,11782,11783,11783,1
2020-02-19 15:36:31.801,11782,11783,11783,2
2020-02-19 15:36:34.454,11782,11783,11783,1
2020-02-19 15:36:36.335,11782,11783,11782,8
2020-02-19 15:36:39.261,11782,11783,11782,2
2020-02-19 15:36:39.262,11782,11783,11782,5
2020-02-19 15:36:40.816,11781,11782,11781,18
2020-02-19 15:36:53.058,11780,11781,11781,1
2020-02-19 15:36:57.106,11780,11781,11781,1
2020-02-19 15:37:01.363,11780,11781,11780,5
2020-02-19 15:37:06.089,11780,11781,11780,4
2020-02-19 15:37:07.253,11779,11780,11779,1
2020-02-19 15:37:07.353,11779,11780,11779,1
2020-02-19 15:37:12.278,11779,11780,11779,1
2020-02-19 15:37:12.282,11779,11780,11779,1
2020-02-19 15:37:13.742,11779,11780,11780,1
2020-02-19 15:37:14.528,11779,11780,11779,2
2020-02-19 15:37:15.551,11779,11780,11779,5
2020-02-19 15:37:28.316,11779,11780,11779,1
2020-02-19 15:37:32.973,11779,11780,11779,13
2020-02-19 15:37:43.691,11778,11779,11779,1
2020-02-19 15:38:02.966,11778,11779,11779,1
2020-02-19 15:38:03.126,11778,11779,11778,3
2020-02-19 15:38:05.077,11778,11779,11778,2
2020-02-19 15:38:05.077,11778,11779,11778,11
2020-02-19 15:38:06.428,11777,11778,11778,1
2020-02-19 15:38:07.781,11777,11778,11777,1
2020-02-19 15:38:08.791,11777,11778,11777,2
2020-02-19 15:38:15.144,11777,11778,11777,1
2020-02-19 15:38:16.397,11777,11778,11777,1
2020-02-19 15:38:17.502,11777,11778,11777,1
2020-02-19 15:38:17.810,11777,11778,11777,1
2020-02-19 15:38:19.401,11777,11778,11777,1
2020-02-19 15:38:20.335,11777,11778,11777,2
2020-02-19 15:38:21.958,11777,11778,11777,2
2020-02-19 15:38:22.198,11777,11778,11777,2
2020-02-19 15:38:22.214,11777,11778,11777,2
2020-02-19 15:38:25.888,11776,11777,11777,2
2020-02-19 15:38:29.067,11777,11778,11777,1
2020-02-19 15:38:29.464,11777,11778,11777,1
2020-02-19 15:38:32.288,11776,11777,11777,1
2020-02-19 15:38:32.847,11776,11777,11777,1
2020-02-19 15:38:33.170,11776,11777,11777,2
2020-02-19 15:38:40.355,11777,11778,11777,1
2020-02-19 15:38:47.382,11776,11777,11776,12
2020-02-19 15:38:47.382,11776,11777,11775,8
2020-02-19 15:38:47.464,11775,11776,11775,21
2020-02-19 15:38:51.414,11775,11776,11775,2
2020-02-19 15:38:53.096,11775,11776,11776,1
2020-02-19 15:38:53.281,11775,11776,11776,9
2020-02-19 15:38:53.911,11776,11777,11776,1
2020-02-19 15:38:54.721,11776,11777,11777,1
2020-02-19 15:38:55.294,11776,11777,11777,1
2020-02-19 15:38:55.776,11776,11778,11777,1
2020-02-19 15:38:57.103,11777,11778,11778,1
2020-02-19 15:38:59.718,11777,11778,11777,2
2020-02-19 15:39:01.131,11777,11778,11778,1
2020-02-19 15:39:03.257,11776,11778,11776,2
2020-02-19 15:39:14.198,11776,11777,11776,2
2020-02-19 15:39:14.819,11776,11777,11776,2
2020-02-19 15:39:15.444,11776,11777,11776,2
2020-02-19 15:39:16.074,11776,11777,11776,2
2020-02-19 15:39:17.285,11776,11777,11776,1
2020-02-19 15:39:17.568,11776,11777,11776,1
2020-02-19 15:39:24.605,11775,11776,11776,1
2020-02-19 15:39:24.825,11775,11776,11775,2
2020-02-19 15:39:26.193,11775,11776,11775,11
2020-02-19 15:39:31.968,11774,11775,11775,1
2020-02-19 15:39:32.583,11774,11775,11774,1
2020-02-19 15:39:35.800,11774,11775,11775,1
2020-02-19 15:39:59.534,11774,11775,11775,1
2020-02-19 15:40:00.587,11774,11775,11775,3
2020-02-19 15:40:00.587,11774,11775,11775,2
2020-02-19 15:40:00.587,11774,11775,11775,1
2020-02-19 15:40:00.588,11774,11775,11775,10
2020-02-19 15:40:00.588,11774,11775,11775,3
2020-02-19 15:40:00.588,11774,11775,11775,1
2020-02-19 15:40:02.002,11775,11776,11775,10
2020-02-19 15:40:05.007,11774,11775,11775,1
2020-02-19 15:40:06.350,11774,11775,11775,1
2020-02-19 15:40:08.267,11774,11775,11774,1
2020-02-19 15:40:17.766,11774,11775,11774,1
2020-02-19 15:40:18.764,11774,11775,11774,1
2020-02-19 15:40:19.107,11774,11775,11775,1
2020-02-19 15:40:21.488,11774,11775,11774,1
2020-02-19 15:40:21.820,11774,11775,11774,1
2020-02-19 15:40:24.712,11774,11775,11775,1
2020-02-19 15:40:25.462,11774,11775,11774,1
2020-02-19 15:40:25.494,11774,11775,11774,1
2020-02-19 15:40:25.704,11774,11775,11775,1
2020-02-19 15:40:31.108,11774,11775,11774,18
2020-02-19 15:40:32.318,11773,11774,11773,2
2020-02-19 15:40:32.817,11773,11774,11773,2
2020-02-19 15:40:32.878,11773,11774,11773,2
2020-02-19 15:40:35.821,11773,11774,11773,2
2020-02-19 15:40:37.201,11773,11774,11773,2
2020-02-19 15:40:37.507,11773,11774,11774,3
2020-02-19 15:40:37.828,11773,11774,11773,2
2020-02-19 15:40:41.942,11773,11774,11773,1
2020-02-19 15:40:42.560,11773,11774,11773,4
2020-02-19 15:40:43.466,11773,11774,11773,8
2020-02-19 15:40:43.490,11773,11774,11773,1
2020-02-19 15:40:43.491,11773,11774,11773,1
2020-02-19 15:40:45.203,11773,11774,11773,1
2020-02-19 15:40:53.859,11773,11774,11773,1
2020-02-19 15:41:03.981,11773,11774,11773,1
2020-02-19 15:41:04.116,11773,11774,11774,1
2020-02-19 15:41:06.188,11773,11774,11774,10
2020-02-19 15:41:11.427,11774,11775,11774,1
2020-02-19 15:41:12.115,11773,11775,11773,1
2020-02-19 15:41:18.533,11774,11775,11774,2
2020-02-19 15:41:20.537,11773,11774,11773,1
2020-02-19 15:41:24.462,11773,11774,11774,2
2020-02-19 15:41:40.710,11773,11774,11774,2
2020-02-19 15:41:42.760,11773,11774,11774,2
2020-02-19 15:41:42.839,11773,11774,11774,1
2020-02-19 15:41:44.913,11774,11775,11774,2
2020-02-19 15:41:48.050,11773,11775,11775,1
2020-02-19 15:41:58.427,11774,11775,11775,1
2020-02-19 15:42:01.114,11774,11775,11775,2
2020-02-19 15:42:01.535,11774,11775,11775,2
2020-02-19 15:42:12.427,11774,11775,11775,1
2020-02-19 15:42:22.994,11775,11776,11776,2
2020-02-19 15:42:23.576,11775,11776,11776,6
2020-02-19 15:42:30.840,11775,11776,11776,1
2020-02-19 15:42:42.514,11775,11776,11776,2
2020-02-19 15:43:04.215,11775,11776,11776,2
2020-02-19 15:43:06.050,11776,11777,11776,1
2020-02-19 15:43:22.599,11776,11777,11777,1
2020-02-19 15:43:26.751,11776,11777,11777,1
2020-02-19 15:43:27.570,11776,11777,11777,2
2020-02-19 15:43:30.179,11776,11777,11777,1
2020-02-19 15:43:32.178,11776,11777,11777,5
2020-02-19 15:43:37.197,11777,11778,11777,1
2020-02-19 15:43:37.215,11776,11777,11777,1
2020-02-19 15:43:38.573,11776,11778,11778,1
2020-02-19 15:43:38.811,11777,11778,11777,1
2020-02-19 15:43:49.555,11776,11778,11778,1
2020-02-19 15:43:56.758,11777,11778,11777,1
2020-02-19 15:43:59.055,11777,11778,11777,2
2020-02-19 15:44:06.980,11777,11778,11777,1
2020-02-19 15:44:12.601,11776,11777,11777,2
2020-02-19 15:44:14.731,11776,11777,11777,1
2020-02-19 15:44:16.706,11776,11777,11777,1
2020-02-19 15:44:16.714,11776,11777,11777,1
2020-02-19 15:44:17.261,11777,11778,11777,1
2020-02-19 15:44:20.462,11777,11778,11777,1
2020-02-19 15:44:22.598,11777,11778,11777,1
2020-02-19 15:44:25.395,11776,11778,11778,1
2020-02-19 15:44:25.689,11777,11778,11777,1
2020-02-19 15:44:30.868,11776,11777,11777,1
2020-02-19 15:44:37.208,11777,11778,11777,1
2020-02-19 15:45:12.978,11777,11778,11777,2
2020-02-19 15:45:13.505,11777,11778,11778,3
2020-02-19 15:45:20.192,11777,11778,11777,2
2020-02-19 15:45:20.192,11777,11778,11777,2
2020-02-19 15:45:20.222,11776,11777,11777,1
2020-02-19 15:45:29.864,11777,11778,11777,4
2020-02-19 15:45:31.699,11776,11777,11777,1
2020-02-19 15:45:31.699,11776,11777,11778,1
2020-02-19 15:45:34.084,11777,11778,11778,1
2020-02-19 15:45:36.714,11777,11778,11777,1
2020-02-19 15:45:39.965,11776,11777,11777,1
2020-02-19 15:45:45.771,11776,11777,11777,2
2020-02-19 15:45:51.307,11777,11778,11777,1
2020-02-19 15:46:03.464,11777,11778,11778,8
2020-02-19 15:46:05.839,11778,11779,11779,12
2020-02-19 15:46:05.964,11778,11779,11779,2
2020-02-19 15:46:06.617,11779,11780,11779,1
2020-02-19 15:46:13.385,11779,11780,11779,5
2020-02-19 15:46:13.846,11778,11779,11778,1
2020-02-19 15:46:14.069,11778,11779,11778,1
2020-02-19 15:46:15.474,11778,11779,11779,3
2020-02-19 15:46:20.820,11778,11779,11778,1
2020-02-19 15:46:22.819,11777,11779,11779,1
2020-02-19 15:46:34.605,11778,11779,11779,2
2020-02-19 15:46:36.484,11778,11779,11779,1
2020-02-19 15:46:37.590,11778,11779,11779,2
2020-02-19 15:46:44.909,11778,11779,11779,2
2020-02-19 15:46:45.069,11778,11779,11778,1
2020-02-19 15:46:49.523,11778,11779,11779,1
2020-02-19 15:47:01.957,11778,11779,11778,8
2020-02-19 15:47:09.619,11777,11778,11778,1
2020-02-19 15:47:13.731,11778,11779,11778,1
2020-02-19 15:47:16.053,11778,11779,11779,2
2020-02-19 15:47:21.025,11778,11779,11779,1
2020-02-19 15:47:23.516,11778,11779,11779,1
2020-02-19 15:47:24.191,11778,11779,11778,3
2020-02-19 15:47:26.034,11777,11778,11778,1
2020-02-19 15:47:28.374,11777,11779,11779,1
2020-02-19 15:47:28.729,11777,11779,11779,1
2020-02-19 15:47:50.446,11778,11779,11778,2
2020-02-19 15:47:57.517,11777,11778,11777,4
2020-02-19 15:47:59.066,11777,11778,11777,2
2020-02-19 15:47:59.066,11777,11778,11777,1
2020-02-19 15:47:59.066,11777,11778,11777,6
2020-02-19 15:48:04.835,11776,11777,11777,1
2020-02-19 15:48:08.447,11776,11777,11777,1
2020-02-19 15:48:31.790,11777,11778,11778,1
2020-02-19 15:48:47.723,11777,11778,11778,1
2020-02-19 15:48:49.209,11777,11778,11778,2
2020-02-19 15:49:02.413,11777,11778,11777,1
2020-02-19 15:49:04.503,11777,11778,11778,2
2020-02-19 15:49:04.503,11777,11778,11778,1
2020-02-19 15:49:04.503,11777,11778,11778,1
2020-02-19 15:49:09.868,11777,11778,11778,1
2020-02-19 15:49:14.673,11778,11779,11778,2
2020-02-19 15:49:18.964,11777,11778,11778,1
2020-02-19 15:49:30.761,11778,11779,11778,1
2020-02-19 15:49:30.761,11778,11779,11778,2
2020-02-19 15:49:37.412,11778,11779,11778,1
2020-02-19 15:49:42.214,11778,11779,11778,1
2020-02-19 15:49:42.339,11778,11779,11778,2
2020-02-19 15:50:19.089,11777,11778,11778,9
2020-02-19 15:50:19.214,11777,11778,11778,2
2020-02-19 15:50:22.703,11778,11779,11779,1
2020-02-19 15:50:23.729,11778,11779,11779,1
2020-02-19 15:50:31.150,11778,11779,11778,7
2020-02-19 15:50:31.214,11777,11778,11778,1
2020-02-19 15:50:34.424,11777,11779,11779,1
2020-02-19 15:50:38.531,11778,11779,11778,1
2020-02-19 15:50:43.200,11778,11779,11779,1
2020-02-19 15:50:54.268,11778,11779,11778,4
2020-02-19 15:50:56.723,11777,11778,11778,1
2020-02-19 15:51:04.655,11777,11778,11778,1
2020-02-19 15:51:06.424,11777,11778,11778,1
2020-02-19 15:51:19.066,11777,11778,11778,1
2020-02-19 15:51:31.858,11777,11778,11778,1
2020-02-19 15:51:32.198,11778,11779,11778,2
2020-02-19 15:51:33.947,11778,11779,11779,1
2020-02-19 15:51:47.749,11778,11779,11778,2
2020-02-19 15:51:47.749,11778,11779,11777,70
2020-02-19 15:51:47.840,11776,11778,11776,3
2020-02-19 15:51:47.964,11776,11777,11776,11
2020-02-19 15:51:57.904,11776,11777,11776,2
2020-02-19 15:51:57.904,11776,11777,11776,1
2020-02-19 15:52:01.326,11775,11776,11776,1
2020-02-19 15:52:02.573,11776,11777,11776,1
2020-02-19 15:52:03.315,11776,11777,11776,1
2020-02-19 15:52:03.369,11776,11777,11776,1
2020-02-19 15:52:12.429,11776,11777,11776,1
2020-02-19 15:52:15.020,11776,11777,11776,1
2020-02-19 15:52:19.899,11776,11777,11776,2
2020-02-19 15:52:27.795,11776,11777,11777,1
2020-02-19 15:52:35.829,11776,11777,11776,1
2020-02-19 15:52:40.917,11776,11777,11777,1
2020-02-19 15:52:55.413,11776,11777,11777,1
2020-02-19 15:53:00.526,11776,11777,11777,1
2020-02-19 15:53:01.714,11776,11777,11777,1
2020-02-19 15:53:07.320,11776,11778,11778,1
2020-02-19 15:53:14.198,11777,11778,11777,1
2020-02-19 15:53:17.421,11777,11778,11777,1
2020-02-19 15:53:22.320,11776,11777,11777,1
2020-02-19 15:53:38.089,11777,11778,11778,1
2020-02-19 15:53:44.719,11777,11778,11778,5
2020-02-19 15:53:44.839,11777,11778,11778,7
2020-02-19 15:53:50.509,11777,11779,11777,1
2020-02-19 15:54:12.699,11778,11779,11778,1
2020-02-19 15:54:15.536,11778,11779,11778,1
2020-02-19 15:54:31.934,11777,11778,11778,1
2020-02-19 15:54:31.934,11777,11778,11779,1
2020-02-19 15:54:56.652,11778,11779,11778,2
2020-02-19 15:55:05.317,11777,11778,11778,5
2020-02-19 15:55:13.337,11777,11778,11778,1
2020-02-19 15:55:15.123,11777,11778,11778,1
2020-02-19 15:55:27.186,11778,11779,11778,4
2020-02-19 15:55:29.863,11777,11778,11778,1
2020-02-19 15:55:30.188,11777,11778,11778,1
2020-02-19 15:55:31.727,11777,11778,11778,1
2020-02-19 15:55:38.355,11777,11778,11778,2
2020-02-19 15:55:55.803,11777,11778,11778,1
2020-02-19 15:55:59.334,11777,11778,11778,5
2020-02-19 15:56:03.586,11777,11778,11778,2
2020-02-19 15:56:09.427,11777,11778,11778,1
2020-02-19 15:56:11.550,11777,11778,11778,1
2020-02-19 15:56:11.808,11777,11778,11778,1
2020-02-19 15:56:17.396,11777,11778,11778,2
2020-02-19 15:56:20.866,11777,11778,11778,1
2020-02-19 15:57:33.487,11777,11778,11778,1
2020-02-19 15:57:33.912,11777,11778,11778,2
2020-02-19 15:57:33.913,11777,11778,11778,13
2020-02-19 15:57:33.994,11778,11779,11779,3
2020-02-19 15:57:34.089,11778,11779,11779,1
2020-02-19 15:57:34.089,11778,11779,11779,25
2020-02-19 15:57:34.089,11778,11779,11779,3
2020-02-19 15:57:34.089,11778,11779,11779,1
2020-02-19 15:57:34.089,11778,11779,11779,1
2020-02-19 15:57:34.090,11778,11779,11779,1
2020-02-19 15:57:49.419,11779,11780,11779,1
2020-02-19 15:57:50.899,11779,11780,11780,5
2020-02-19 15:57:53.797,11779,11780,11779,1
2020-02-19 15:57:57.950,11779,11780,11779,1
2020-02-19 15:58:08.831,11779,11780,11780,5
2020-02-19 15:58:25.989,11779,11780,11779,5
2020-02-19 15:58:26.089,11779,11780,11779,3
2020-02-19 15:58:27.284,11778,11779,11779,1
2020-02-19 15:58:33.772,11778,11779,11779,1
2020-02-19 15:58:35.578,11778,11779,11778,1
2020-02-19 15:58:44.397,11778,11779,11779,2
2020-02-19 15:58:44.397,11778,11779,11779,1
2020-02-19 15:58:45.882,11778,11779,11779,1
2020-02-19 15:59:12.086,11779,11780,11780,15
2020-02-19 15:59:14.184,11779,11780,11779,1
2020-02-19 15:59:29.889,11779,11780,11780,3
2020-02-19 15:59:31.603,11779,11780,11780,12
2020-02-19 15:59:31.603,11779,11780,11780,1
2020-02-19 15:59:31.655,11779,11780,11780,1
2020-02-19 15:59:31.655,11779,11780,11780,1
2020-02-19 15:59:31.656,11779,11780,11780,2
2020-02-19 15:59:31.656,11779,11780,11780,1
2020-02-19 15:59:31.656,11779,11780,11780,1
2020-02-19 15:59:31.656,11779,11780,11780,1
2020-02-19 15:59:31.657,11779,11780,11780,1
2020-02-19 15:59:31.657,11779,11780,11780,1
2020-02-19 15:59:31.672,11779,11780,11780,1
2020-02-19 15:59:31.672,11779,11780,11780,1
2020-02-19 15:59:36.335,11780,11781,11780,1
2020-02-19 15:59:38.086,11780,11781,11781,3
2020-02-19 15:59:40.202,11780,11781,11781,4
2020-02-19 15:59:43.936,11780,11781,11781,4
2020-02-19 15:59:45.092,11780,11781,11781,4
2020-02-19 15:59:49.093,11780,11781,11781,1
2020-02-19 16:00:00.156,11780,11781,11780,1
2020-02-19 16:00:00.156,11780,11781,11780,8
2020-02-19 16:00:00.156,11780,11781,11780,1
2020-02-19 16:00:00.157,11780,11781,11780,1
2020-02-19 16:00:00.678,11779,11780,11779,16
2020-02-19 16:00:00.678,11779,11780,11779,1
2020-02-19 16:00:00.918,11778,11779,11778,18
2020-02-19 16:00:01.125,11777,11778,11777,1
2020-02-19 16:00:01.125,11777,11778,11777,4
2020-02-19 16:00:01.125,11777,11778,11777,1
2020-02-19 16:00:01.125,11777,11778,11777,13
2020-02-19 16:00:01.174,11777,11778,11777,1
2020-02-19 16:00:01.214,11777,11778,11777,7
2020-02-19 16:00:01.339,11777,11778,11777,1
2020-02-19 16:00:01.422,11777,11778,11777,1
2020-02-19 16:00:01.428,11777,11778,11777,1
2020-02-19 16:00:01.431,11777,11778,11777,1
2020-02-19 16:00:01.736,11777,11778,11777,1
2020-02-19 16:00:03.839,11778,11779,11779,1
2020-02-19 16:00:10.444,11778,11779,11778,2
2020-02-19 16:00:12.436,11777,11779,11777,1
2020-02-19 16:00:13.975,11778,11779,11778,1
2020-02-19 16:00:17.099,11778,11779,11778,1
2020-02-19 16:00:19.395,11778,11779,11778,1
2020-02-19 16:00:19.868,11778,11779,11778,1
2020-02-19 16:00:19.869,11778,11779,11778,5
2020-02-19 16:00:27.635,11777,11778,11777,6
2020-02-19 16:00:28.359,11776,11777,11777,1
2020-02-19 16:00:28.946,11776,11777,11777,1
2020-02-19 16:00:30.743,11776,11777,11777,1
2020-02-19 16:00:33.572,11776,11777,11776,1
2020-02-19 16:00:34.386,11776,11777,11776,1
2020-02-19 16:00:35.378,11776,11777,11777,1
2020-02-19 16:00:35.401,11776,11777,11777,1
2020-02-19 16:00:38.625,11776,11777,11776,3
2020-02-19 16:00:39.195,11776,11777,11776,1
2020-02-19 16:00:42.276,11776,11777,11777,2
2020-02-19 16:00:43.252,11776,11777,11776,1
2020-02-19 16:00:45.438,11776,11777,11776,1
2020-02-19 16:00:47.375,11776,11777,11776,1
2020-02-19 16:00:51.593,11776,11777,11776,2
2020-02-19 16:00:53.463,11776,11777,11777,1
2020-02-19 16:01:01.830,11776,11777,11776,1
2020-02-19 16:01:01.992,11776,11777,11777,2
2020-02-19 16:01:03.089,11776,11777,11777,1
2020-02-19 16:01:04.271,11777,11778,11777,1
2020-02-19 16:01:04.290,11777,11778,11777,1
2020-02-19 16:01:07.589,11777,11778,11778,1
2020-02-19 16:01:09.184,11777,11778,11777,1
2020-02-19 16:01:16.473,11777,11778,11777,4
2020-02-19 16:01:17.546,11776,11778,11776,10
2020-02-19 16:01:22.081,11776,11777,11776,1
2020-02-19 16:01:22.580,11775,11777,11775,3
2020-02-19 16:01:25.848,11776,11777,11776,1
2020-02-19 16:01:27.263,11776,11777,11776,1
2020-02-19 16:01:27.284,11776,11777,11776,1
2020-02-19 16:01:34.587,11776,11777,11776,2
2020-02-19 16:01:36.886,11776,11777,11777,1
2020-02-19 16:01:58.273,11777,11778,11778,4
2020-02-19 16:02:20.089,11778,11779,11778,1
2020-02-19 16:02:27.878,11777,11778,11778,2
2020-02-19 16:02:30.916,11777,11778,11778,1
2020-02-19 16:02:35.380,11777,11778,11778,1
2020-02-19 16:02:35.987,11778,11779,11778,1
2020-02-19 16:02:36.283,11777,11778,11778,1
2020-02-19 16:02:42.770,11778,11779,11779,2
2020-02-19 16:02:42.770,11778,11779,11779,4
2020-02-19 16:02:52.553,11779,11780,11779,1
2020-02-19 16:02:53.135,11779,11780,11779,1
2020-02-19 16:02:56.030,11778,11779,11779,2
2020-02-19 16:02:56.065,11778,11779,11779,1
2020-02-19 16:02:57.864,11779,11780,11779,1
2020-02-19 16:02:59.219,11779,11780,11779,1
2020-02-19 16:02:59.219,11779,11780,11779,4
2020-02-19 16:02:59.219,11779,11780,11779,4
2020-02-19 16:02:59.219,11779,11780,11779,3
2020-02-19 16:03:01.603,11778,11779,11779,1
2020-02-19 16:03:05.712,11778,11779,11778,2
2020-02-19 16:03:05.712,11778,11779,11778,1
2020-02-19 16:03:07.974,11777,11778,11778,2
2020-02-19 16:03:13.385,11777,11778,11777,6
2020-02-19 16:03:16.988,11777,11778,11777,1
2020-02-19 16:03:22.991,11777,11778,11777,1
2020-02-19 16:03:23.159,11777,11778,11777,1
2020-02-19 16:03:23.221,11777,11778,11777,1
2020-02-19 16:03:30.553,11776,11777,11777,1
2020-02-19 16:03:43.218,11776,11777,11777,2
2020-02-19 16:03:45.139,11776,11777,11777,2
2020-02-19 16:03:52.689,11776,11777,11777,1
2020-02-19 16:03:54.181,11776,11777,11776,9
2020-02-19 16:03:57.281,11775,11776,11775,10
2020-02-19 16:03:57.339,11775,11776,11775,1
2020-02-19 16:03:57.339,11775,11776,11775,26
2020-02-19 16:03:57.339,11775,11776,11775,2
2020-02-19 16:03:57.339,11775,11776,11775,4
2020-02-19 16:03:57.339,11775,11776,11775,2
2020-02-19 16:03:59.456,11774,11775,11775,1
2020-02-19 16:04:00.910,11774,11775,11775,4
2020-02-19 16:04:06.644,11774,11775,11774,10
2020-02-19 16:04:06.715,11774,11775,11774,5
2020-02-19 16:04:08.121,11773,11774,11774,1
2020-02-19 16:04:10.809,11773,11774,11773,1
2020-02-19 16:04:13.927,11773,11774,11773,27
2020-02-19 16:04:14.522,11772,11773,11773,1
2020-02-19 16:04:16.144,11772,11773,11772,1
2020-02-19 16:04:17.136,11772,11773,11772,1
2020-02-19 16:04:18.301,11772,11773,11772,1
2020-02-19 16:04:18.323,11772,11773,11773,2
2020-02-19 16:04:22.224,11772,11773,11773,1
2020-02-19 16:04:23.047,11772,11773,11772,5
2020-02-19 16:04:27.243,11772,11773,11772,2
2020-02-19 16:04:37.964,11772,11773,11772,1
2020-02-19 16:04:42.689,11772,11773,11772,1
2020-02-19 16:04:43.537,11772,11773,11772,5
2020-02-19 16:04:43.749,11772,11773,11772,1
2020-02-19 16:04:44.473,11772,11773,11773,1
2020-02-19 16:04:44.817,11772,11773,11772,1
2020-02-19 16:04:46.146,11772,11773,11772,1
2020-02-19 16:04:48.330,11772,11773,11772,5
2020-02-19 16:04:48.339,11771,11772,11772,10
2020-02-19 16:04:49.746,11772,11773,11772,1
2020-02-19 16:04:54.704,11772,11773,11773,1
2020-02-19 16:04:55.521,11772,11773,11772,2
2020-02-19 16:04:56.325,11772,11773,11772,2
2020-02-19 16:04:56.494,11772,11773,11772,10
2020-02-19 16:04:56.501,11772,11773,11773,1
2020-02-19 16:04:56.701,11772,11773,11772,7
2020-02-19 16:04:56.703,11772,11773,11772,3
2020-02-19 16:04:56.931,11772,11773,11772,7
2020-02-19 16:04:56.931,11772,11773,11772,1
2020-02-19 16:04:56.964,11771,11772,11772,2
2020-02-19 16:04:57.182,11772,11773,11772,1
2020-02-19 16:04:57.564,11772,11773,11772,1
2020-02-19 16:04:58.543,11772,11773,11772,1
2020-02-19 16:05:01.072,11772,11773,11772,2
2020-02-19 16:05:04.726,11772,11773,11772,1
2020-02-19 16:05:06.811,11772,11773,11772,12
2020-02-19 16:05:06.813,11772,11773,11772,14
2020-02-19 16:05:06.840,11771,11772,11771,2
2020-02-19 16:05:06.840,11771,11772,11771,1
2020-02-19 16:05:06.846,11771,11772,11771,1
2020-02-19 16:05:06.850,11771,11772,11771,1
2020-02-19 16:05:06.852,11771,11772,11771,3
2020-02-19 16:05:06.854,11771,11772,11771,2
2020-02-19 16:05:06.855,11771,11772,11771,2
2020-02-19 16:05:06.859,11771,11772,11771,1
2020-02-19 16:05:06.859,11771,11772,11771,3
2020-02-19 16:05:06.860,11771,11772,11771,2
2020-02-19 16:05:06.860,11771,11772,11771,2
2020-02-19 16:05:06.861,11771,11772,11771,4
2020-02-19 16:05:06.865,11771,11772,11771,1
2020-02-19 16:05:06.867,11771,11772,11771,1
2020-02-19 16:05:06.868,11771,11772,11771,2
2020-02-19 16:05:06.869,11771,11772,11771,1
2020-02-19 16:05:06.869,11771,11772,11770,1
2020-02-19 16:05:06.870,11771,11772,11770,7
2020-02-19 16:05:06.871,11771,11772,11770,2
2020-02-19 16:05:06.965,11770,11771,11770,8
2020-02-19 16:05:06.995,11770,11771,11770,1
2020-02-19 16:05:07.391,11770,11771,11770,1
2020-02-19 16:05:07.486,11770,11771,11770,2
2020-02-19 16:05:11.312,11770,11771,11771,1
2020-02-19 16:05:11.656,11770,11771,11770,2
2020-02-19 16:05:12.471,11770,11771,11771,1
2020-02-19 16:05:12.594,11770,11771,11770,2
2020-02-19 16:05:12.856,11770,11771,11770,2
2020-02-19 16:05:13.101,11770,11771,11770,2
2020-02-19 16:05:15.048,11770,11771,11770,8
2020-02-19 16:05:15.194,11770,11771,11770,1
2020-02-19 16:05:15.215,11770,11771,11771,1
2020-02-19 16:05:15.229,11770,11771,11770,1
2020-02-19 16:05:17.481,11770,11771,11771,2
2020-02-19 16:05:17.483,11770,11771,11771,7
2020-02-19 16:05:17.483,11770,11771,11771,4
2020-02-19 16:05:17.589,11770,11771,11771,1
2020-02-19 16:05:19.240,11771,11772,11771,10
2020-02-19 16:05:24.105,11771,11772,11772,1
2020-02-19 16:05:24.622,11771,11772,11772,1
2020-02-19 16:05:34.218,11771,11772,11772,4
2020-02-19 16:05:36.191,11771,11772,11771,1
2020-02-19 16:05:36.698,11771,11772,11772,1
2020-02-19 16:05:38.860,11771,11772,11772,2
2020-02-19 16:05:39.387,11771,11772,11772,4
2020-02-19 16:05:40.200,11771,11772,11772,1
2020-02-19 16:05:41.760,11772,11773,11772,1
2020-02-19 16:05:43.482,11772,11773,11772,1
2020-02-19 16:05:44.866,11772,11773,11772,1
2020-02-19 16:05:46.084,11772,11773,11772,4
2020-02-19 16:05:46.089,11771,11772,11772,1
2020-02-19 16:05:47.733,11771,11773,11771,1
2020-02-19 16:05:47.839,11772,11773,11772,1
2020-02-19 16:05:53.170,11772,11773,11772,3
2020-02-19 16:05:53.623,11772,11773,11772,1
2020-02-19 16:05:56.009,11772,11773,11772,1
2020-02-19 16:05:58.446,11772,11773,11772,1
2020-02-19 16:05:58.590,11772,11773,11772,15
2020-02-19 16:05:59.016,11771,11772,11772,3
2020-02-19 16:06:00.016,11771,11772,11772,1
2020-02-19 16:06:00.597,11771,11772,11771,1
2020-02-19 16:06:03.693,11771,11772,11771,2
2020-02-19 16:06:08.883,11771,11772,11771,6
2020-02-19 16:06:08.977,11771,11772,11771,2
2020-02-19 16:06:08.978,11771,11772,11771,2
2020-02-19 16:06:08.979,11771,11772,11771,1
2020-02-19 16:06:08.979,11771,11772,11771,1
2020-02-19 16:06:08.979,11771,11772,11771,1
2020-02-19 16:06:08.980,11771,11772,11771,2
2020-02-19 16:06:08.981,11771,11772,11771,2
2020-02-19 16:06:08.981,11771,11772,11771,1
2020-02-19 16:06:08.982,11771,11772,11771,2
2020-02-19 16:06:08.982,11771,11772,11771,3
2020-02-19 16:06:08.982,11771,11772,11771,1
2020-02-19 16:06:08.984,11771,11772,11771,1
2020-02-19 16:06:08.984,11771,11772,11771,1
2020-02-19 16:06:08.987,11771,11772,11771,1
2020-02-19 16:06:08.988,11771,11772,11771,2
2020-02-19 16:06:08.988,11771,11772,11771,1
2020-02-19 16:06:08.989,11771,11772,11771,2
2020-02-19 16:06:08.990,11771,11772,11771,4
2020-02-19 16:06:08.990,11771,11772,11770,3
2020-02-19 16:06:08.991,11771,11772,11770,2
2020-02-19 16:06:08.994,11771,11772,11770,1
2020-02-19 16:06:13.844,11770,11771,11771,2
2020-02-19 16:06:13.964,11770,11771,11771,2
2020-02-19 16:06:14.090,11771,11772,11771,1
2020-02-19 16:06:14.211,11771,11772,11771,1
2020-02-19 16:06:14.418,11771,11772,11771,4
2020-02-19 16:06:20.725,11770,11771,11770,3
2020-02-19 16:06:24.195,11770,11771,11770,6
2020-02-19 16:06:27.550,11770,11771,11770,3
2020-02-19 16:06:27.839,11770,11771,11771,9
2020-02-19 16:06:27.839,11770,11771,11771,1
2020-02-19 16:06:27.964,11771,11772,11771,1
2020-02-19 16:06:28.368,11771,11772,11771,2
2020-02-19 16:06:29.402,11771,11772,11771,2
2020-02-19 16:06:29.464,11771,11772,11771,1
2020-02-19 16:06:29.582,11771,11772,11770,8
2020-02-19 16:06:32.380,11770,11772,11770,1
2020-02-19 16:06:34.301,11770,11771,11771,1
2020-02-19 16:06:38.061,11771,11772,11771,1
2020-02-19 16:06:38.095,11770,11771,11771,1
2020-02-19 16:06:44.843,11770,11771,11771,1
2020-02-19 16:06:45.214,11770,11771,11770,22
2020-02-19 16:06:45.339,11770,11771,11770,5
2020-02-19 16:06:45.339,11770,11771,11770,1
2020-02-19 16:06:45.610,11769,11770,11769,17
2020-02-19 16:06:45.611,11769,11770,11769,1
2020-02-19 16:06:45.674,11769,11770,11769,1
2020-02-19 16:06:46.244,11768,11770,11769,1
2020-02-19 16:06:46.274,11768,11770,11769,1
2020-02-19 16:06:49.346,11769,11770,11770,2
2020-02-19 16:06:49.624,11769,11770,11769,2
2020-02-19 16:06:50.178,11769,11770,11769,2
2020-02-19 16:06:51.565,11769,11770,11769,4
2020-02-19 16:06:51.566,11769,11770,11769,5
2020-02-19 16:06:51.566,11769,11770,11769,3
2020-02-19 16:06:51.566,11769,11770,11769,3
2020-02-19 16:06:52.627,11768,11769,11768,30
2020-02-19 16:06:52.714,11768,11769,11768,1
2020-02-19 16:06:52.839,11768,11769,11768,4
2020-02-19 16:06:52.839,11768,11769,11768,8
2020-02-19 16:06:55.639,11767,11768,11768,1
2020-02-19 16:06:56.117,11767,11768,11767,18
2020-02-19 16:06:56.117,11767,11768,11767,1
2020-02-19 16:06:56.471,11766,11767,11766,1
2020-02-19 16:06:56.599,11766,11767,11767,1
2020-02-19 16:06:56.682,11766,11767,11767,1
2020-02-19 16:06:56.714,11766,11767,11767,1
2020-02-19 16:06:56.948,11766,11767,11768,1
2020-02-19 16:06:57.040,11766,11768,11766,17
2020-02-19 16:06:57.254,11766,11767,11767,1
2020-02-19 16:06:57.638,11766,11767,11766,15
2020-02-19 16:06:57.658,11766,11767,11767,1
2020-02-19 16:06:57.948,11765,11767,11767,1
2020-02-19 16:06:58.211,11766,11767,11767,1
2020-02-19 16:06:58.452,11766,11767,11766,4
2020-02-19 16:06:58.539,11766,11767,11767,1
2020-02-19 16:06:58.753,11767,11768,11767,1
2020-02-19 16:06:58.870,11766,11768,11766,1
2020-02-19 16:06:59.030,11766,11768,11767,1
2020-02-19 16:06:59.296,11766,11767,11766,1
2020-02-19 16:06:59.417,11766,11768,11768,1
2020-02-19 16:06:59.765,11766,11767,11766,1
2020-02-19 16:06:59.938,11766,11767,11766,9
2020-02-19 16:07:00.328,11765,11766,11766,1
2020-02-19 16:07:00.328,11765,11766,11767,19
2020-02-19 16:07:00.720,11766,11767,11767,1
2020-02-19 16:07:00.720,11766,11767,11768,1
2020-02-19 16:07:00.798,11766,11767,11766,1
2020-02-19 16:07:00.850,11766,11767,11766,10
2020-02-19 16:07:01.144,11765,11767,11765,1
2020-02-19 16:07:01.253,11765,11767,11765,1
2020-02-19 16:07:01.320,11765,11767,11765,1
2020-02-19 16:07:01.698,11765,11767,11765,2
2020-02-19 16:07:01.706,11765,11767,11765,2
2020-02-19 16:07:01.728,11765,11767,11765,1
2020-02-19 16:07:01.758,11765,11767,11766,3
2020-02-19 16:07:01.758,11765,11767,11767,17
2020-02-19 16:07:01.785,11765,11767,11766,1
2020-02-19 16:07:02.621,11766,11767,11766,1
2020-02-19 16:07:02.729,11766,11767,11767,2
2020-02-19 16:07:03.191,11766,11767,11767,1
2020-02-19 16:07:03.504,11766,11767,11766,1
2020-02-19 16:07:04.078,11765,11767,11767,13
2020-02-19 16:07:04.089,11767,11768,11767,7
2020-02-19 16:07:04.689,11766,11767,11766,2
2020-02-19 16:07:05.097,11765,11767,11767,2
2020-02-19 16:07:05.392,11765,11767,11765,3
2020-02-19 16:07:06.015,11766,11767,11766,1
2020-02-19 16:07:06.899,11765,11766,11766,1
2020-02-19 16:07:07.410,11765,11766,11766,1
2020-02-19 16:07:07.410,11765,11766,11767,9
2020-02-19 16:07:07.854,11766,11767,11766,4
2020-02-19 16:07:07.965,11765,11766,11766,1
2020-02-19 16:07:08.301,11765,11766,11767,1
2020-02-19 16:07:08.525,11765,11767,11765,2
2020-02-19 16:07:11.712,11765,11766,11766,2
2020-02-19 16:07:11.797,11766,11767,11766,1
2020-02-19 16:07:13.200,11766,11767,11766,2
2020-02-19 16:07:13.200,11766,11767,11765,6
2020-02-19 16:07:16.453,11766,11767,11766,1
2020-02-19 16:07:16.453,11766,11767,11765,45
2020-02-19 16:07:17.613,11764,11766,11764,1
2020-02-19 16:07:17.909,11764,11765,11764,1
2020-02-19 16:07:17.995,11764,11765,11764,3
2020-02-19 16:07:18.066,11764,11765,11764,1
2020-02-19 16:07:19.768,11765,11766,11765,1
2020-02-19 16:07:20.367,11764,11765,11764,1
2020-02-19 16:07:21.164,11764,11765,11764,1
2020-02-19 16:07:22.068,11764,11765,11765,2
2020-02-19 16:07:22.371,11765,11766,11765,1
2020-02-19 16:07:22.371,11765,11766,11764,24
2020-02-19 16:07:24.482,11764,11765,11764,2
2020-02-19 16:07:24.783,11764,11765,11764,1
2020-02-19 16:07:26.097,11764,11765,11764,1
2020-02-19 16:07:27.045,11764,11765,11764,1
2020-02-19 16:07:27.186,11764,11765,11764,1
2020-02-19 16:07:27.237,11764,11765,11764,3
2020-02-19 16:07:27.237,11764,11765,11763,42
2020-02-19 16:07:27.339,11764,11765,11764,3
2020-02-19 16:07:27.464,11763,11764,11763,5
2020-02-19 16:07:27.712,11763,11764,11764,1
2020-02-19 16:07:27.745,11763,11764,11763,1
2020-02-19 16:07:27.909,11762,11764,11762,2
2020-02-19 16:07:27.956,11762,11764,11764,1
2020-02-19 16:07:28.006,11762,11764,11762,1
2020-02-19 16:07:28.187,11762,11764,11762,1
2020-02-19 16:07:28.216,11762,11764,11762,2
2020-02-19 16:07:28.743,11762,11763,11762,1
2020-02-19 16:07:29.022,11762,11763,11762,1
2020-02-19 16:07:29.239,11762,11763,11762,1
2020-02-19 16:07:29.443,11762,11763,11762,1
2020-02-19 16:07:30.018,11762,11763,11762,5
2020-02-19 16:07:30.304,11762,11763,11762,4
2020-02-19 16:07:31.288,11762,11763,11763,2
2020-02-19 16:07:31.288,11762,11763,11764,1
2020-02-19 16:07:32.871,11762,11763,11763,1
2020-02-19 16:07:33.394,11762,11764,11762,15
2020-02-19 16:07:33.846,11762,11764,11764,1
2020-02-19 16:07:35.148,11763,11764,11763,1
2020-02-19 16:07:36.594,11762,11764,11762,1
2020-02-19 16:07:37.581,11762,11763,11763,1
2020-02-19 16:07:38.263,11762,11763,11762,1
2020-02-19 16:07:39.128,11762,11763,11762,6
2020-02-19 16:07:41.485,11762,11763,11763,1
2020-02-19 16:07:42.599,11762,11763,11762,1
2020-02-19 16:07:44.089,11762,11763,11763,10
2020-02-19 16:07:46.408,11763,11765,11763,3
2020-02-19 16:07:46.825,11763,11764,11763,1
2020-02-19 16:07:47.143,11763,11764,11764,1
2020-02-19 16:07:47.748,11764,11765,11764,1
2020-02-19 16:07:47.854,11763,11765,11763,2
2020-02-19 16:07:48.751,11763,11765,11763,1
2020-02-19 16:07:49.411,11764,11765,11764,1
2020-02-19 16:07:50.058,11764,11765,11764,1
2020-02-19 16:07:50.578,11763,11765,11763,5
2020-02-19 16:07:51.063,11764,11765,11764,1
2020-02-19 16:07:52.249,11763,11764,11763,5
2020-02-19 16:07:52.916,11763,11764,11763,2
2020-02-19 16:07:54.839,11763,11764,11764,1
2020-02-19 16:07:57.646,11764,11765,11764,2
2020-02-19 16:07:58.574,11764,11765,11764,1
2020-02-19 16:07:59.397,11764,11765,11764,8
2020-02-19 16:07:59.398,11764,11765,11764,1
2020-02-19 16:07:59.464,11763,11764,11764,1
2020-02-19 16:08:07.896,11764,11765,11764,1
2020-02-19 16:08:08.089,11764,11765,11765,1
2020-02-19 16:08:08.089,11764,11765,11765,4
2020-02-19 16:08:08.089,11764,11765,11765,18
2020-02-19 16:08:08.089,11764,11765,11765,2
2020-02-19 16:08:08.090,11764,11765,11765,4
2020-02-19 16:08:08.092,11764,11765,11765,2
2020-02-19 16:08:08.111,11764,11765,11765,1
2020-02-19 16:08:09.153,11765,11766,11766,2
2020-02-19 16:08:11.224,11766,11767,11767,2
2020-02-19 16:08:11.791,11766,11767,11766,1
2020-02-19 16:08:16.369,11766,11767,11767,1
2020-02-19 16:08:16.464,11766,11767,11767,2
2020-02-19 16:08:16.464,11766,11767,11767,4
2020-02-19 16:08:16.466,11766,11767,11767,2
2020-02-19 16:08:18.589,11767,11768,11767,1
2020-02-19 16:08:18.814,11766,11768,11766,1
2020-02-19 16:08:19.020,11766,11768,11766,10
2020-02-19 16:08:26.549,11766,11767,11766,1
2020-02-19 16:08:29.964,11767,11768,11767,1
2020-02-19 16:08:31.103,11766,11767,11766,1
2020-02-19 16:08:33.262,11766,11767,11766,1
2020-02-19 16:08:34.297,11766,11767,11767,1
2020-02-19 16:08:36.294,11766,11767,11766,1
2020-02-19 16:08:41.436,11766,11767,11766,2
2020-02-19 16:08:42.776,11766,11767,11766,1
2020-02-19 16:08:44.017,11766,11767,11767,1
2020-02-19 16:08:46.843,11766,11767,11766,1
2020-02-19 16:08:47.682,11766,11767,11767,1
2020-02-19 16:08:47.962,11766,11767,11766,2
2020-02-19 16:08:50.982,11766,11767,11767,1
2020-02-19 16:08:51.179,11766,11767,11767,1
2020-02-19 16:09:00.471,11766,11767,11767,2
2020-02-19 16:09:00.526,11766,11767,11767,3
2020-02-19 16:09:02.997,11767,11768,11767,1
2020-02-19 16:09:06.191,11767,11768,11768,1
2020-02-19 16:09:06.325,11767,11768,11768,5
2020-02-19 16:09:07.313,11767,11768,11767,5
2020-02-19 16:09:09.214,11767,11768,11767,1
2020-02-19 16:09:10.960,11767,11768,11767,1
2020-02-19 16:09:14.419,11767,11768,11768,5
2020-02-19 16:09:16.584,11767,11768,11768,1
2020-02-19 16:09:18.398,11767,11768,11767,1
2020-02-19 16:09:18.634,11767,11768,11767,1
2020-02-19 16:09:18.800,11767,11768,11767,9
2020-02-19 16:09:18.839,11767,11768,11767,1
2020-02-19 16:09:18.891,11767,11768,11766,1
2020-02-19 16:09:19.178,11766,11768,11766,1
2020-02-19 16:09:27.725,11767,11768,11767,1
2020-02-19 16:09:33.398,11767,11768,11767,1
2020-02-19 16:09:35.040,11766,11768,11767,1
2020-02-19 16:09:35.557,11767,11768,11767,3
2020-02-19 16:09:35.891,11767,11768,11767,1
2020-02-19 16:09:41.085,11766,11767,11767,1
2020-02-19 16:09:45.912,11766,11767,11767,1
2020-02-19 16:09:47.213,11767,11768,11767,1
2020-02-19 16:09:48.918,11766,11767,11767,1
2020-02-19 16:09:54.872,11767,11768,11767,1
2020-02-19 16:10:00.461,11767,11768,11767,1
2020-02-19 16:10:04.733,11766,11767,11767,1
2020-02-19 16:10:19.833,11766,11767,11767,11
2020-02-19 16:10:22.990,11767,11768,11767,4
2020-02-19 16:10:24.065,11767,11768,11768,1
2020-02-19 16:10:26.124,11767,11768,11767,3
2020-02-19 16:10:27.499,11767,11768,11768,1
2020-02-19 16:10:28.741,11767,11768,11768,3
2020-02-19 16:10:32.107,11767,11768,11768,4
2020-02-19 16:10:43.652,11767,11768,11768,1
2020-02-19 16:10:44.176,11767,11768,11768,5
2020-02-19 16:10:45.096,11768,11769,11769,1
2020-02-19 16:10:46.491,11768,11769,11769,1
2020-02-19 16:10:46.891,11768,11770,11768,1
2020-02-19 16:10:47.324,11768,11769,11768,1
2020-02-19 16:10:48.403,11768,11769,11768,1
2020-02-19 16:10:53.091,11768,11769,11769,3
2020-02-19 16:11:00.494,11768,11769,11769,1
2020-02-19 16:11:08.905,11768,11769,11768,5
2020-02-19 16:11:14.699,11767,11768,11767,1
2020-02-19 16:11:15.770,11767,11768,11768,1
2020-02-19 16:11:16.097,11767,11768,11768,2
2020-02-19 16:11:18.602,11767,11768,11768,1
2020-02-19 16:11:18.797,11767,11768,11768,1
2020-02-19 16:11:21.055,11767,11768,11768,1
2020-02-19 16:11:22.452,11767,11768,11767,6
2020-02-19 16:11:22.574,11766,11767,11768,1
2020-02-19 16:11:29.952,11766,11767,11767,1
2020-02-19 16:11:31.875,11766,11767,11767,2
2020-02-19 16:11:31.877,11766,11767,11767,1
