2020-04-27,15:00:00.056000,10530,10531,10531,38
2020-04-27,15:00:00.058000,10531,10532,10531,1
2020-04-27,15:00:00.275000,10531,10532,10532,1
2020-04-27,15:00:00.292000,10531,10532,10531,1
2020-04-27,15:00:00.292000,10531,10532,10532,1
2020-04-27,15:00:00.323000,10531,10532,10532,1
2020-04-27,15:00:00.362000,10531,10532,10532,1
2020-04-27,15:00:00.412000,10531,10532,10532,1
2020-04-27,15:00:00.435000,10531,10532,10532,1
2020-04-27,15:00:00.510000,10531,10532,10531,1
2020-04-27,15:00:00.529000,10531,10532,10531,1
2020-04-27,15:00:00.538000,10531,10532,10531,1
2020-04-27,15:00:00.538000,10531,10532,10530,3
2020-04-27,15:00:00.719000,10531,10532,10531,1
2020-04-27,15:00:00.775000,10531,10532,10532,1
2020-04-27,15:00:00.795000,10531,10532,10530,1
2020-04-27,15:00:00.832000,10530,10532,10530,1
2020-04-27,15:00:00.833000,10530,10532,10532,1
2020-04-27,15:00:01.073000,10531,10532,10532,1
2020-04-27,15:00:01.082000,10531,10532,10531,1
2020-04-27,15:00:01.280000,10530,10532,10531,1
2020-04-27,15:00:01.621000,10531,10532,10532,1
2020-04-27,15:00:01.810000,10531,10532,10532,3
2020-04-27,15:00:01.975000,10531,10532,10532,1
2020-04-27,15:00:01.975000,10531,10532,10533,12
2020-04-27,15:00:01.975000,10531,10532,10534,3
2020-04-27,15:00:02.359000,10531,10533,10531,1
2020-04-27,15:00:03.962000,10531,10532,10532,1
2020-04-27,15:00:04.173000,10531,10532,10532,1
2020-04-27,15:00:04.506000,10531,10532,10532,1
2020-04-27,15:00:06.015000,10532,10533,10533,2
2020-04-27,15:00:06.555000,10532,10533,10533,1
2020-04-27,15:00:07.591000,10532,10533,10532,1
2020-04-27,15:00:07.762000,10532,10533,10532,1
2020-04-27,15:00:07.864000,10532,10533,10532,1
2020-04-27,15:00:08,10532,10533,10532,1
2020-04-27,15:00:08.542000,10531,10533,10531,3
2020-04-27,15:00:10.585000,10532,10533,10532,1
2020-04-27,15:00:10.940000,10532,10533,10532,1
2020-04-27,15:00:12.474000,10532,10533,10532,1
2020-04-27,15:00:13.253000,10532,10533,10533,1
2020-04-27,15:00:13.490000,10532,10533,10533,1
2020-04-27,15:00:14.085000,10532,10533,10533,1
2020-04-27,15:00:14.194000,10532,10533,10533,1
2020-04-27,15:00:14.786000,10532,10533,10533,1
2020-04-27,15:00:15.042000,10532,10533,10532,1
2020-04-27,15:00:16.567000,10532,10533,10532,3
2020-04-27,15:00:16.699000,10532,10533,10533,16
2020-04-27,15:00:17.396000,10533,10534,10533,1
2020-04-27,15:00:18.433000,10533,10534,10534,3
2020-04-27,15:00:18.967000,10533,10534,10534,1
2020-04-27,15:00:19.317000,10533,10534,10534,2
2020-04-27,15:00:19.403000,10533,10534,10534,1
2020-04-27,15:00:19.635000,10533,10534,10533,1
2020-04-27,15:00:20.261000,10533,10534,10534,1
2020-04-27,15:00:20.735000,10533,10534,10534,20
2020-04-27,15:00:20.781000,10533,10534,10533,6
2020-04-27,15:00:22.642000,10534,10535,10534,1
2020-04-27,15:00:22.642000,10534,10535,10534,1
2020-04-27,15:00:22.642000,10534,10535,10534,1
2020-04-27,15:00:23.899000,10533,10534,10533,3
2020-04-27,15:00:24.609000,10532,10533,10533,1
2020-04-27,15:00:25.250000,10532,10534,10534,1
2020-04-27,15:00:25.250000,10532,10534,10535,2
2020-04-27,15:00:27.393000,10533,10535,10535,1
2020-04-27,15:00:27.765000,10533,10535,10535,1
2020-04-27,15:00:29.774000,10533,10534,10533,2
2020-04-27,15:00:30.080000,10533,10534,10534,1
2020-04-27,15:00:30.862000,10533,10534,10535,1
2020-04-27,15:00:31.203000,10533,10535,10533,1
2020-04-27,15:00:31.887000,10533,10534,10534,2
2020-04-27,15:00:31.888000,10533,10534,10534,1
2020-04-27,15:00:32.580000,10533,10535,10535,1
2020-04-27,15:00:33.615000,10533,10535,10534,1
2020-04-27,15:00:34.030000,10533,10534,10534,1
2020-04-27,15:00:34.493000,10533,10534,10534,1
2020-04-27,15:00:36.048000,10533,10534,10533,1
2020-04-27,15:00:38.394000,10533,10534,10534,1
2020-04-27,15:00:39.050000,10533,10534,10534,1
2020-04-27,15:00:39.849000,10533,10534,10534,1
2020-04-27,15:00:41.010000,10533,10534,10534,1
2020-04-27,15:00:41.871000,10533,10535,10533,1
2020-04-27,15:00:42.541000,10533,10535,10535,2
2020-04-27,15:00:43.372000,10534,10535,10535,2
2020-04-27,15:00:44.165000,10534,10535,10534,1
2020-04-27,15:00:44.203000,10534,10535,10535,1
2020-04-27,15:00:44.275000,10534,10535,10535,1
2020-04-27,15:00:47.466000,10534,10535,10535,1
2020-04-27,15:00:47.759000,10535,10536,10536,1
2020-04-27,15:00:48.290000,10535,10536,10535,1
2020-04-27,15:00:48.290000,10535,10536,10535,1
2020-04-27,15:00:48.291000,10535,10536,10535,1
2020-04-27,15:00:48.380000,10534,10536,10535,1
2020-04-27,15:00:48.504000,10534,10536,10535,1
2020-04-27,15:00:48.792000,10534,10536,10534,3
2020-04-27,15:00:50.116000,10534,10535,10534,5
2020-04-27,15:00:51.589000,10534,10535,10535,1
2020-04-27,15:00:51.984000,10534,10535,10534,1
2020-04-27,15:00:52.686000,10534,10535,10535,1
2020-04-27,15:00:53.756000,10534,10535,10535,1
2020-04-27,15:00:54.422000,10534,10535,10535,3
2020-04-27,15:00:55.094000,10534,10535,10534,5
2020-04-27,15:00:55.667000,10533,10535,10533,10
2020-04-27,15:00:55.903000,10533,10534,10534,1
2020-04-27,15:00:57.292000,10533,10534,10534,1
2020-04-27,15:00:57.441000,10534,10535,10534,1
2020-04-27,15:00:57.775000,10534,10535,10534,1
2020-04-27,15:00:57.775000,10534,10535,10533,5
2020-04-27,15:00:57.896000,10533,10535,10535,1
2020-04-27,15:00:58.889000,10534,10535,10534,1
2020-04-27,15:00:58.889000,10534,10535,10533,1
2020-04-27,15:00:58.908000,10534,10535,10533,1
2020-04-27,15:01:00.048000,10533,10534,10533,4
2020-04-27,15:01:00.049000,10533,10534,10533,3
2020-04-27,15:01:00.049000,10533,10534,10533,1
2020-04-27,15:01:00.054000,10533,10534,10533,2
2020-04-27,15:01:00.058000,10533,10534,10533,3
2020-04-27,15:01:00.139000,10532,10534,10532,1
2020-04-27,15:01:00.754000,10532,10534,10534,3
2020-04-27,15:01:00.760000,10532,10534,10532,7
2020-04-27,15:01:04.040000,10533,10534,10534,1
2020-04-27,15:01:04.082000,10533,10534,10534,2
2020-04-27,15:01:04.082000,10533,10534,10534,1
2020-04-27,15:01:04.199000,10534,10535,10533,2
2020-04-27,15:01:04.201000,10534,10535,10533,2
2020-04-27,15:01:04.205000,10534,10535,10533,1
2020-04-27,15:01:04.209000,10534,10535,10533,1
2020-04-27,15:01:04.211000,10534,10535,10533,1
2020-04-27,15:01:04.211000,10534,10535,10533,1
2020-04-27,15:01:04.212000,10534,10535,10532,6
2020-04-27,15:01:04.214000,10534,10535,10532,1
2020-04-27,15:01:04.218000,10534,10535,10532,1
2020-04-27,15:01:04.221000,10534,10535,10532,1
2020-04-27,15:01:04.225000,10534,10535,10532,3
2020-04-27,15:01:04.226000,10534,10535,10532,1
2020-04-27,15:01:04.238000,10534,10535,10532,2
2020-04-27,15:01:04.695000,10531,10533,10533,2
2020-04-27,15:01:05.472000,10532,10534,10532,1
2020-04-27,15:01:05.643000,10532,10534,10532,1
2020-04-27,15:01:07.847000,10532,10533,10532,2
2020-04-27,15:01:07.847000,10532,10533,10531,3
2020-04-27,15:01:08.007000,10531,10533,10533,5
2020-04-27,15:01:08.760000,10531,10533,10533,1
2020-04-27,15:01:09.863000,10532,10533,10532,1
2020-04-27,15:01:10.167000,10531,10533,10533,1
2020-04-27,15:01:11.592000,10532,10533,10533,5
2020-04-27,15:01:12.105000,10532,10534,10532,1
2020-04-27,15:01:13.390000,10532,10533,10533,1
2020-04-27,15:01:13.929000,10533,10534,10533,4
2020-04-27,15:01:14.326000,10532,10533,10532,1
2020-04-27,15:01:14.734000,10531,10533,10531,2
2020-04-27,15:01:14.981000,10531,10533,10531,1
2020-04-27,15:01:17.130000,10532,10534,10532,1
2020-04-27,15:01:19.768000,10533,10534,10533,1
2020-04-27,15:01:20.162000,10533,10534,10533,1
2020-04-27,15:01:21.091000,10532,10533,10532,6
2020-04-27,15:01:21.294000,10531,10533,10533,1
2020-04-27,15:01:22.197000,10531,10533,10533,1
2020-04-27,15:01:22.495000,10531,10533,10533,5
2020-04-27,15:01:22.574000,10532,10533,10532,1
2020-04-27,15:01:23.640000,10531,10532,10531,18
2020-04-27,15:01:23.641000,10531,10532,10531,1
2020-04-27,15:01:23.747000,10530,10531,10530,10
2020-04-27,15:01:23.747000,10530,10531,10530,14
2020-04-27,15:01:23.834000,10529,10530,10530,1
2020-04-27,15:01:24.909000,10529,10530,10529,8
2020-04-27,15:01:25.102000,10528,10530,10528,1
2020-04-27,15:01:25.117000,10528,10530,10528,1
2020-04-27,15:01:25.329000,10528,10529,10528,1
2020-04-27,15:01:25.582000,10528,10529,10528,2
2020-04-27,15:01:26.338000,10528,10529,10528,2
2020-04-27,15:01:26.851000,10528,10529,10529,1
2020-04-27,15:01:27.345000,10528,10529,10528,5
2020-04-27,15:01:27.767000,10528,10529,10529,2
2020-04-27,15:01:28.939000,10528,10529,10528,1
2020-04-27,15:01:28.939000,10528,10529,10528,1
2020-04-27,15:01:29.139000,10528,10529,10528,1
2020-04-27,15:01:29.191000,10528,10529,10528,4
2020-04-27,15:01:29.192000,10528,10529,10529,1
2020-04-27,15:01:29.192000,10528,10529,10528,1
2020-04-27,15:01:29.240000,10528,10529,10527,1
2020-04-27,15:01:29.246000,10528,10529,10527,1
2020-04-27,15:01:29.419000,10527,10528,10528,1
2020-04-27,15:01:29.432000,10527,10528,10528,1
2020-04-27,15:01:29.441000,10527,10529,10527,1
2020-04-27,15:01:29.468000,10527,10529,10527,1
2020-04-27,15:01:29.474000,10527,10529,10527,1
2020-04-27,15:01:29.542000,10527,10529,10527,1
2020-04-27,15:01:29.642000,10527,10528,10527,2
2020-04-27,15:01:29.673000,10527,10528,10527,1
2020-04-27,15:01:29.731000,10526,10528,10526,1
2020-04-27,15:01:29.974000,10526,10528,10526,1
2020-04-27,15:01:29.987000,10526,10528,10526,1
2020-04-27,15:01:30.054000,10526,10528,10528,1
2020-04-27,15:01:30.138000,10526,10528,10526,3
2020-04-27,15:01:30.138000,10526,10528,10525,2
2020-04-27,15:01:30.143000,10526,10528,10526,2
2020-04-27,15:01:30.221000,10526,10527,10526,1
2020-04-27,15:01:30.356000,10526,10528,10526,1
2020-04-27,15:01:30.499000,10526,10528,10526,1
2020-04-27,15:01:30.506000,10526,10528,10526,1
2020-04-27,15:01:30.693000,10526,10527,10526,1
2020-04-27,15:01:30.773000,10526,10527,10526,1
2020-04-27,15:01:30.807000,10526,10527,10526,1
2020-04-27,15:01:31.065000,10525,10527,10527,1
2020-04-27,15:01:31.092000,10525,10527,10525,1
2020-04-27,15:01:31.718000,10526,10527,10527,1
2020-04-27,15:01:31.962000,10526,10527,10526,2
2020-04-27,15:01:31.981000,10526,10527,10525,6
2020-04-27,15:01:32.948000,10526,10527,10526,1
2020-04-27,15:01:33.887000,10526,10527,10527,1
2020-04-27,15:01:33.971000,10526,10528,10526,6
2020-04-27,15:01:34.617000,10526,10527,10527,2
2020-04-27,15:01:34.618000,10526,10527,10527,1
2020-04-27,15:01:34.901000,10527,10528,10527,1
2020-04-27,15:01:36.233000,10526,10528,10526,1
2020-04-27,15:01:36.886000,10526,10528,10526,1
2020-04-27,15:01:39.582000,10527,10528,10527,1
2020-04-27,15:01:40.137000,10527,10528,10527,1
2020-04-27,15:01:40.873000,10527,10528,10527,1
2020-04-27,15:01:44.026000,10527,10528,10527,2
2020-04-27,15:01:44.026000,10527,10528,10526,1
2020-04-27,15:01:45.985000,10526,10528,10526,1
2020-04-27,15:01:46.189000,10526,10528,10527,2
2020-04-27,15:01:46.279000,10526,10527,10528,1
2020-04-27,15:01:46.296000,10526,10527,10528,1
2020-04-27,15:01:47.019000,10526,10527,10526,1
2020-04-27,15:01:47.343000,10526,10527,10527,1
2020-04-27,15:01:49.052000,10526,10527,10526,3
2020-04-27,15:01:49.055000,10526,10527,10526,8
2020-04-27,15:01:49.055000,10526,10527,10526,1
2020-04-27,15:01:50.941000,10525,10527,10527,1
2020-04-27,15:01:52.803000,10525,10527,10527,1
2020-04-27,15:01:54.656000,10525,10526,10526,1
2020-04-27,15:01:54.863000,10525,10526,10525,3
2020-04-27,15:01:59.378000,10525,10526,10525,1
2020-04-27,15:01:59.735000,10525,10526,10526,1
2020-04-27,15:02:00.235000,10525,10527,10527,3
2020-04-27,15:02:01.833000,10525,10526,10526,2
2020-04-27,15:02:03.098000,10526,10527,10526,1
2020-04-27,15:02:03.318000,10526,10527,10527,1
2020-04-27,15:02:03.381000,10526,10527,10527,1
2020-04-27,15:02:03.651000,10526,10528,10527,1
2020-04-27,15:02:03.651000,10526,10528,10528,2
2020-04-27,15:02:03.777000,10526,10528,10528,1
2020-04-27,15:02:06.898000,10526,10528,10528,4
2020-04-27,15:02:09.450000,10528,10529,10529,1
2020-04-27,15:02:09.888000,10528,10529,10528,1
2020-04-27,15:02:13.343000,10528,10529,10529,1
2020-04-27,15:02:16.220000,10528,10529,10528,1
2020-04-27,15:02:16.351000,10528,10529,10528,1
2020-04-27,15:02:17.108000,10528,10529,10529,1
2020-04-27,15:02:17.108000,10528,10529,10530,1
2020-04-27,15:02:18.785000,10528,10530,10528,1
2020-04-27,15:02:19.190000,10527,10529,10529,1
2020-04-27,15:02:20.827000,10527,10529,10529,1
2020-04-27,15:02:21.511000,10527,10528,10528,1
2020-04-27,15:02:21.973000,10527,10528,10528,1
2020-04-27,15:02:23.702000,10527,10528,10527,1
2020-04-27,15:02:23.703000,10527,10528,10527,2
2020-04-27,15:02:24.183000,10526,10527,10527,1
2020-04-27,15:02:24.733000,10526,10527,10527,1
2020-04-27,15:02:24.880000,10526,10527,10527,2
2020-04-27,15:02:26.109000,10526,10528,10528,1
2020-04-27,15:02:26.244000,10526,10528,10528,1
2020-04-27,15:02:27.924000,10527,10528,10528,1
2020-04-27,15:02:30.816000,10527,10528,10528,1
2020-04-27,15:02:31.415000,10528,10529,10529,3
2020-04-27,15:02:33.775000,10528,10530,10528,1
2020-04-27,15:02:35.168000,10528,10529,10528,1
2020-04-27,15:02:36.393000,10528,10529,10529,1
2020-04-27,15:02:40.902000,10528,10529,10529,3
2020-04-27,15:02:42.190000,10528,10530,10530,1
2020-04-27,15:02:42.877000,10528,10530,10529,1
2020-04-27,15:02:43.537000,10529,10530,10530,1
2020-04-27,15:02:43.900000,10529,10530,10529,1
2020-04-27,15:02:44.622000,10529,10530,10529,2
2020-04-27,15:02:45.664000,10529,10530,10529,1
2020-04-27,15:02:47.767000,10529,10530,10529,1
2020-04-27,15:02:49.977000,10529,10530,10530,9
2020-04-27,15:02:50.154000,10530,10531,10530,1
2020-04-27,15:02:50.708000,10530,10531,10531,1
2020-04-27,15:02:51.610000,10530,10532,10532,1
2020-04-27,15:02:52.045000,10532,10533,10532,2
2020-04-27,15:02:55.272000,10531,10532,10532,2
2020-04-27,15:02:55.489000,10531,10532,10532,1
2020-04-27,15:02:56.729000,10531,10532,10532,3
2020-04-27,15:02:57.421000,10532,10533,10533,1
2020-04-27,15:02:57.511000,10532,10534,10534,1
2020-04-27,15:02:57.889000,10532,10534,10534,3
2020-04-27,15:02:57.937000,10532,10534,10534,3
2020-04-27,15:02:57.938000,10532,10534,10534,1
2020-04-27,15:02:59.439000,10534,10535,10534,1
2020-04-27,15:03:00.588000,10533,10534,10534,1
2020-04-27,15:03:01.852000,10533,10535,10535,1
2020-04-27,15:03:02.037000,10533,10534,10534,1
2020-04-27,15:03:02.037000,10533,10534,10535,4
2020-04-27,15:03:02.272000,10533,10535,10533,2
2020-04-27,15:03:02.347000,10533,10535,10533,2
2020-04-27,15:03:02.464000,10533,10535,10534,1
2020-04-27,15:03:02.875000,10534,10535,10534,1
2020-04-27,15:03:03.269000,10534,10535,10534,1
2020-04-27,15:03:03.505000,10534,10535,10534,1
2020-04-27,15:03:03.937000,10533,10535,10534,1
2020-04-27,15:03:04.897000,10533,10535,10534,1
2020-04-27,15:03:05.299000,10534,10535,10535,1
2020-04-27,15:03:05.373000,10534,10536,10536,2
2020-04-27,15:03:05.467000,10534,10536,10536,1
2020-04-27,15:03:06.151000,10534,10536,10536,1
2020-04-27,15:03:07.586000,10534,10535,10535,1
2020-04-27,15:03:08.241000,10535,10536,10535,1
2020-04-27,15:03:08.743000,10535,10536,10535,1
2020-04-27,15:03:09.180000,10535,10536,10535,1
2020-04-27,15:03:09.181000,10535,10536,10535,2
2020-04-27,15:03:09.871000,10534,10536,10536,2
2020-04-27,15:03:10.686000,10534,10536,10536,1
2020-04-27,15:03:11.714000,10534,10535,10535,2
2020-04-27,15:03:12.228000,10534,10535,10534,1
2020-04-27,15:03:12.228000,10534,10535,10534,2
2020-04-27,15:03:12.229000,10534,10535,10534,1
2020-04-27,15:03:12.376000,10533,10534,10534,1
2020-04-27,15:03:12.556000,10534,10535,10534,1
2020-04-27,15:03:14.675000,10534,10535,10534,1
2020-04-27,15:03:14.948000,10533,10535,10535,1
2020-04-27,15:03:17.837000,10534,10535,10535,1
2020-04-27,15:03:18.442000,10534,10535,10535,1
2020-04-27,15:03:20.494000,10534,10535,10535,1
2020-04-27,15:03:20.544000,10534,10535,10535,4
2020-04-27,15:03:20.652000,10535,10536,10535,1
2020-04-27,15:03:21.372000,10535,10536,10536,3
2020-04-27,15:03:21.372000,10535,10536,10536,9
2020-04-27,15:03:22.935000,10535,10537,10537,4
2020-04-27,15:03:22.962000,10537,10538,10537,1
2020-04-27,15:03:23.294000,10537,10538,10538,1
2020-04-27,15:03:23.358000,10537,10538,10538,1
2020-04-27,15:03:23.529000,10537,10538,10538,1
2020-04-27,15:03:24.716000,10537,10538,10537,2
2020-04-27,15:03:24.716000,10537,10538,10536,2
2020-04-27,15:03:24.976000,10536,10538,10538,1
2020-04-27,15:03:25.090000,10536,10538,10538,3
2020-04-27,15:03:26.305000,10538,10539,10539,6
2020-04-27,15:03:27.503000,10537,10539,10539,2
2020-04-27,15:03:30.027000,10537,10539,10537,1
2020-04-27,15:03:30.872000,10537,10538,10537,1
2020-04-27,15:03:30.873000,10537,10538,10537,1
2020-04-27,15:03:30.873000,10537,10538,10537,1
2020-04-27,15:03:31.128000,10536,10537,10537,13
2020-04-27,15:03:31.128000,10536,10537,10538,3
2020-04-27,15:03:32.273000,10537,10538,10538,1
2020-04-27,15:03:32.539000,10537,10538,10537,1
2020-04-27,15:03:32.856000,10536,10538,10537,1
2020-04-27,15:03:34.185000,10537,10538,10537,1
2020-04-27,15:03:35.406000,10537,10538,10537,1
2020-04-27,15:03:35.985000,10536,10537,10537,2
2020-04-27,15:03:36.822000,10536,10537,10536,3
2020-04-27,15:03:37.031000,10535,10536,10536,1
2020-04-27,15:03:38.446000,10536,10537,10536,1
2020-04-27,15:03:39.354000,10535,10536,10535,4
2020-04-27,15:03:40.416000,10535,10536,10535,4
2020-04-27,15:03:40.582000,10534,10535,10535,3
2020-04-27,15:03:40.583000,10534,10535,10535,3
2020-04-27,15:03:41.204000,10534,10535,10535,1
2020-04-27,15:03:41.269000,10534,10535,10536,4
2020-04-27,15:03:41.485000,10535,10536,10535,1
2020-04-27,15:03:41.496000,10535,10536,10535,1
2020-04-27,15:03:41.982000,10534,10536,10534,1
2020-04-27,15:03:42.644000,10534,10535,10535,2
2020-04-27,15:03:43.078000,10534,10535,10534,1
2020-04-27,15:03:43.254000,10534,10535,10535,3
2020-04-27,15:03:46.217000,10534,10536,10535,1
2020-04-27,15:03:49.686000,10534,10535,10535,1
2020-04-27,15:03:49.699000,10534,10536,10536,2
2020-04-27,15:03:50.808000,10535,10536,10535,1
2020-04-27,15:03:51.462000,10535,10536,10536,1
2020-04-27,15:03:51.462000,10535,10536,10536,1
2020-04-27,15:03:52.539000,10535,10537,10535,1
2020-04-27,15:03:52.789000,10535,10537,10537,4
2020-04-27,15:03:53.799000,10535,10536,10535,1
2020-04-27,15:03:54.453000,10535,10536,10535,1
2020-04-27,15:03:54.816000,10535,10536,10536,1
2020-04-27,15:03:55.511000,10535,10536,10536,1
2020-04-27,15:03:55.714000,10535,10536,10535,1
2020-04-27,15:03:57.850000,10535,10536,10535,2
2020-04-27,15:03:58.502000,10534,10535,10535,1
2020-04-27,15:03:59.690000,10534,10535,10535,1
2020-04-27,15:04:00.713000,10534,10535,10535,1
2020-04-27,15:04:01.002000,10534,10536,10534,1
2020-04-27,15:04:01.196000,10534,10535,10535,1
2020-04-27,15:04:02.283000,10535,10536,10536,4
2020-04-27,15:04:02.394000,10535,10537,10535,5
2020-04-27,15:04:06.054000,10535,10536,10535,1
2020-04-27,15:04:06.285000,10535,10536,10535,2
2020-04-27,15:04:07.095000,10535,10536,10535,1
2020-04-27,15:04:08.879000,10535,10536,10535,10
2020-04-27,15:04:08.904000,10535,10536,10535,1
2020-04-27,15:04:09.857000,10535,10536,10536,7
2020-04-27,15:04:10.409000,10536,10537,10537,3
2020-04-27,15:04:13.325000,10536,10538,10538,1
2020-04-27,15:04:15.114000,10536,10538,10538,10
2020-04-27,15:04:15.114000,10536,10538,10538,1
2020-04-27,15:04:15.114000,10536,10538,10538,1
2020-04-27,15:04:15.133000,10536,10538,10537,1
2020-04-27,15:04:16.391000,10536,10538,10538,2
2020-04-27,15:04:16.597000,10536,10537,10537,1
2020-04-27,15:04:17.049000,10537,10538,10538,1
2020-04-27,15:04:19.269000,10537,10538,10538,2
2020-04-27,15:04:20.160000,10537,10539,10538,5
2020-04-27,15:04:21.696000,10537,10538,10538,3
2020-04-27,15:04:21.696000,10537,10538,10539,3
2020-04-27,15:04:23.744000,10538,10539,10539,1
2020-04-27,15:04:23.745000,10538,10539,10539,4
2020-04-27,15:04:23.745000,10538,10539,10539,1
2020-04-27,15:04:26.930000,10538,10539,10539,1
2020-04-27,15:04:28.139000,10538,10539,10539,1
2020-04-27,15:04:28.207000,10538,10539,10539,1
2020-04-27,15:04:29.120000,10538,10539,10539,1
2020-04-27,15:04:31.225000,10538,10540,10539,1
2020-04-27,15:04:31.875000,10538,10539,10539,3
2020-04-27,15:04:33.563000,10539,10540,10539,7
2020-04-27,15:04:35.377000,10537,10539,10539,4
2020-04-27,15:04:35.804000,10538,10539,10538,2
2020-04-27,15:04:35.938000,10537,10539,10537,1
2020-04-27,15:04:37.133000,10537,10538,10537,2
2020-04-27,15:04:39.777000,10537,10538,10538,1
2020-04-27,15:04:39.871000,10537,10538,10537,7
2020-04-27,15:04:40.839000,10536,10537,10536,6
2020-04-27,15:04:41.431000,10535,10536,10536,3
2020-04-27,15:04:42.286000,10535,10536,10535,1
2020-04-27,15:04:42.286000,10535,10536,10535,2
2020-04-27,15:04:42.286000,10535,10536,10535,2
2020-04-27,15:04:42.556000,10534,10535,10534,1
2020-04-27,15:04:44.829000,10534,10535,10534,1
2020-04-27,15:04:47.843000,10534,10535,10534,4
2020-04-27,15:04:47.843000,10534,10535,10533,2
2020-04-27,15:04:47.942000,10533,10535,10533,1
2020-04-27,15:04:48.442000,10533,10535,10533,1
2020-04-27,15:04:48.878000,10533,10535,10533,2
2020-04-27,15:04:49.691000,10534,10535,10534,1
2020-04-27,15:04:54.623000,10534,10536,10536,2
2020-04-27,15:04:59.356000,10534,10536,10536,1
2020-04-27,15:05:00.300000,10535,10536,10535,1
2020-04-27,15:05:00.519000,10534,10535,10535,1
2020-04-27,15:05:01.072000,10534,10535,10534,5
2020-04-27,15:05:02.007000,10533,10534,10534,1
2020-04-27,15:05:02.749000,10533,10535,10535,1
2020-04-27,15:05:02.974000,10533,10535,10535,2
2020-04-27,15:05:06.198000,10533,10534,10534,1
2020-04-27,15:05:06.461000,10533,10534,10534,1
2020-04-27,15:05:08.136000,10534,10535,10534,1
2020-04-27,15:05:09.088000,10533,10534,10533,8
2020-04-27,15:05:09.865000,10532,10534,10534,1
2020-04-27,15:05:13.305000,10533,10535,10533,1
2020-04-27,15:05:13.420000,10533,10535,10535,2
2020-04-27,15:05:17.482000,10533,10534,10534,1
2020-04-27,15:05:17.482000,10533,10534,10534,1
2020-04-27,15:05:22.098000,10533,10534,10533,5
2020-04-27,15:05:23.303000,10532,10533,10533,1
2020-04-27,15:05:23.390000,10532,10534,10532,1
2020-04-27,15:05:23.539000,10532,10534,10532,3
2020-04-27,15:05:23.579000,10532,10534,10534,2
2020-04-27,15:05:25.328000,10532,10534,10532,1
2020-04-27,15:05:30.361000,10533,10534,10534,1
2020-04-27,15:05:30.362000,10533,10534,10534,6
2020-04-27,15:05:30.362000,10533,10534,10534,1
2020-04-27,15:05:30.362000,10533,10534,10534,2
2020-04-27,15:05:30.598000,10534,10535,10534,1
2020-04-27,15:05:30.652000,10534,10535,10534,1
2020-04-27,15:05:31.509000,10533,10535,10533,1
2020-04-27,15:05:32.250000,10533,10535,10533,1
2020-04-27,15:05:39.567000,10533,10534,10533,1
2020-04-27,15:05:40.493000,10533,10534,10533,2
2020-04-27,15:05:41.005000,10533,10534,10533,1
2020-04-27,15:05:41.235000,10533,10534,10534,1
2020-04-27,15:05:41.236000,10533,10534,10534,1
2020-04-27,15:05:41.465000,10534,10535,10535,1
2020-04-27,15:05:41.466000,10534,10535,10535,3
2020-04-27,15:05:46.197000,10534,10535,10535,1
2020-04-27,15:05:47.569000,10534,10536,10536,2
2020-04-27,15:05:55.660000,10535,10536,10536,2
2020-04-27,15:05:58.725000,10536,10537,10536,1
2020-04-27,15:05:58.818000,10535,10536,10535,2
2020-04-27,15:06:00.023000,10535,10536,10535,2
2020-04-27,15:06:00.029000,10535,10536,10535,1
2020-04-27,15:06:00.030000,10535,10536,10535,1
2020-04-27,15:06:00.040000,10535,10536,10535,1
2020-04-27,15:06:00.046000,10535,10536,10535,1
2020-04-27,15:06:00.049000,10535,10536,10535,1
2020-04-27,15:06:00.069000,10535,10537,10535,1
2020-04-27,15:06:02.368000,10536,10537,10537,3
2020-04-27,15:06:02.849000,10536,10537,10537,2
2020-04-27,15:06:03.520000,10536,10538,10538,1
2020-04-27,15:06:03.753000,10536,10538,10538,1
2020-04-27,15:06:06.846000,10536,10538,10538,1
2020-04-27,15:06:09.068000,10537,10538,10537,2
2020-04-27,15:06:09.904000,10537,10538,10538,3
2020-04-27,15:06:11.883000,10538,10539,10538,1
2020-04-27,15:06:14.172000,10538,10539,10538,1
2020-04-27,15:06:15.034000,10538,10539,10539,2
2020-04-27,15:06:15.215000,10538,10539,10539,1
2020-04-27,15:06:15.412000,10538,10539,10539,2
2020-04-27,15:06:16.967000,10539,10540,10540,1
2020-04-27,15:06:17.109000,10539,10540,10540,1
2020-04-27,15:06:18.056000,10539,10540,10540,1
2020-04-27,15:06:18.245000,10539,10540,10539,1
2020-04-27,15:06:18.720000,10539,10540,10540,2
2020-04-27,15:06:18.720000,10539,10540,10540,9
2020-04-27,15:06:19.995000,10540,10541,10541,4
2020-04-27,15:06:19.995000,10540,10541,10542,2
2020-04-27,15:06:20.203000,10540,10542,10540,1
2020-04-27,15:06:21.661000,10540,10541,10541,1
2020-04-27,15:06:22.327000,10541,10542,10541,1
2020-04-27,15:06:23.165000,10540,10541,10541,1
2020-04-27,15:06:23.488000,10540,10541,10541,1
2020-04-27,15:06:23.562000,10540,10541,10541,1
2020-04-27,15:06:26.060000,10540,10541,10540,1
2020-04-27,15:06:26.286000,10540,10541,10541,1
2020-04-27,15:06:27.615000,10540,10541,10541,3
2020-04-27,15:06:27.637000,10540,10541,10541,1
2020-04-27,15:06:27.637000,10540,10541,10541,1
2020-04-27,15:06:29.889000,10540,10541,10541,2
2020-04-27,15:06:30.254000,10540,10541,10540,3
2020-04-27,15:06:30.254000,10540,10541,10540,3
2020-04-27,15:06:30.254000,10540,10541,10540,7
2020-04-27,15:06:30.303000,10540,10541,10540,1
2020-04-27,15:06:30.377000,10539,10540,10540,1
2020-04-27,15:06:31.353000,10539,10540,10539,2
2020-04-27,15:06:32.601000,10538,10539,10538,1
2020-04-27,15:06:32.988000,10537,10538,10538,1
2020-04-27,15:06:33.094000,10537,10538,10538,6
2020-04-27,15:06:33.363000,10537,10538,10538,1
2020-04-27,15:06:34.748000,10537,10538,10538,1
2020-04-27,15:06:39.026000,10538,10539,10538,1
2020-04-27,15:06:39.247000,10538,10539,10539,1
2020-04-27,15:06:40.136000,10538,10539,10538,1
2020-04-27,15:06:45.498000,10537,10538,10537,4
2020-04-27,15:06:46.034000,10536,10537,10536,1
2020-04-27,15:06:47.169000,10535,10537,10537,1
2020-04-27,15:06:47.296000,10535,10537,10535,1
2020-04-27,15:06:47.394000,10535,10536,10536,3
2020-04-27,15:06:47.456000,10535,10537,10537,1
2020-04-27,15:06:48.302000,10535,10537,10537,1
2020-04-27,15:06:49.891000,10535,10537,10537,1
2020-04-27,15:06:52.195000,10537,10538,10537,7
2020-04-27,15:06:52.195000,10537,10538,10537,1
2020-04-27,15:06:52.325000,10536,10537,10537,2
2020-04-27,15:06:54.866000,10537,10538,10538,4
2020-04-27,15:07:01.243000,10538,10539,10539,1
2020-04-27,15:07:01.386000,10538,10540,10540,4
2020-04-27,15:07:07.154000,10538,10539,10539,1
2020-04-27,15:07:08.027000,10538,10539,10539,1
2020-04-27,15:07:08.390000,10538,10539,10539,3
2020-04-27,15:07:11.018000,10538,10539,10539,2
2020-04-27,15:07:15.793000,10538,10539,10539,2
2020-04-27,15:07:18.637000,10538,10539,10539,1
2020-04-27,15:07:23.101000,10539,10540,10540,2
2020-04-27,15:07:24.147000,10539,10540,10539,1
2020-04-27,15:07:26.217000,10539,10540,10540,3
2020-04-27,15:07:28.022000,10539,10540,10540,2
2020-04-27,15:07:28.221000,10539,10540,10539,7
2020-04-27,15:07:29.580000,10538,10539,10538,2
2020-04-27,15:07:29.580000,10538,10539,10538,6
2020-04-27,15:07:29.663000,10538,10539,10538,4
2020-04-27,15:07:29.692000,10537,10538,10537,1
2020-04-27,15:07:33.220000,10538,10539,10538,1
2020-04-27,15:07:34.612000,10537,10539,10537,1
2020-04-27,15:07:36.940000,10537,10539,10539,1
2020-04-27,15:07:39.656000,10537,10539,10539,4
2020-04-27,15:07:39.656000,10537,10539,10540,2
2020-04-27,15:07:42.271000,10538,10539,10539,1
2020-04-27,15:07:43.482000,10537,10539,10538,1
2020-04-27,15:07:45.479000,10537,10539,10539,2
2020-04-27,15:07:47.364000,10538,10539,10539,1
2020-04-27,15:07:47.364000,10538,10539,10540,5
2020-04-27,15:07:47.364000,10538,10539,10541,1
2020-04-27,15:07:48.748000,10539,10540,10539,3
2020-04-27,15:07:53.450000,10539,10540,10539,1
2020-04-27,15:07:54.053000,10538,10539,10539,1
2020-04-27,15:07:54.624000,10538,10540,10538,3
2020-04-27,15:07:58.149000,10538,10539,10538,2
2020-04-27,15:07:59.294000,10537,10538,10538,1
2020-04-27,15:07:59.428000,10537,10538,10538,1
2020-04-27,15:08:00.374000,10537,10538,10537,4
2020-04-27,15:08:00.374000,10537,10538,10537,1
2020-04-27,15:08:00.375000,10537,10538,10537,1
2020-04-27,15:08:00.375000,10537,10538,10537,3
2020-04-27,15:08:00.375000,10537,10538,10537,1
2020-04-27,15:08:01.623000,10537,10538,10537,1
2020-04-27,15:08:02.937000,10537,10538,10538,1
2020-04-27,15:08:04.689000,10536,10537,10536,1
2020-04-27,15:08:08.429000,10537,10538,10537,1
2020-04-27,15:08:15.962000,10536,10537,10536,3
2020-04-27,15:08:15.962000,10536,10537,10536,5
2020-04-27,15:08:16.162000,10535,10536,10536,1
2020-04-27,15:08:17.416000,10535,10536,10535,6
2020-04-27,15:08:19.304000,10535,10536,10536,1
2020-04-27,15:08:25.145000,10535,10536,10536,1
2020-04-27,15:08:25.426000,10535,10536,10535,3
2020-04-27,15:08:25.965000,10534,10535,10535,1
2020-04-27,15:08:26.078000,10534,10535,10534,4
2020-04-27,15:08:26.949000,10533,10534,10534,1
2020-04-27,15:08:31.089000,10534,10535,10534,2
2020-04-27,15:08:32.304000,10533,10534,10534,1
2020-04-27,15:08:33.186000,10533,10534,10534,1
2020-04-27,15:08:33.189000,10533,10534,10534,1
2020-04-27,15:08:33.760000,10533,10534,10534,1
2020-04-27,15:08:34.799000,10533,10534,10533,1
2020-04-27,15:08:36.914000,10533,10534,10533,1
2020-04-27,15:08:39.531000,10533,10534,10534,2
2020-04-27,15:08:41.098000,10533,10534,10533,10
2020-04-27,15:08:41.364000,10532,10534,10532,10
2020-04-27,15:08:41.518000,10532,10533,10532,3
2020-04-27,15:08:42.007000,10532,10533,10533,2
2020-04-27,15:08:42.088000,10532,10533,10532,1
2020-04-27,15:08:43.105000,10532,10533,10532,4
2020-04-27,15:08:46.129000,10532,10533,10532,1
2020-04-27,15:08:46.826000,10532,10534,10532,1
2020-04-27,15:08:48.137000,10533,10534,10533,1
2020-04-27,15:08:49.113000,10533,10534,10533,1
2020-04-27,15:08:53.458000,10533,10534,10534,3
2020-04-27,15:08:55.621000,10534,10536,10534,1
2020-04-27,15:08:56.132000,10535,10536,10535,1
2020-04-27,15:08:56.132000,10535,10536,10535,1
2020-04-27,15:08:59.431000,10534,10535,10534,1
2020-04-27,15:09:03.476000,10533,10534,10534,1
2020-04-27,15:09:06.799000,10534,10535,10535,1
2020-04-27,15:09:06.799000,10534,10535,10536,2
2020-04-27,15:09:14.522000,10535,10536,10535,1
2020-04-27,15:09:16.511000,10534,10535,10534,1
2020-04-27,15:09:16.677000,10534,10535,10534,1
2020-04-27,15:09:16.678000,10534,10535,10534,1
2020-04-27,15:09:17.884000,10533,10534,10534,1
2020-04-27,15:09:18.955000,10533,10534,10533,3
2020-04-27,15:09:19.138000,10532,10533,10532,2
2020-04-27,15:09:19.233000,10532,10533,10532,1
2020-04-27,15:09:20.004000,10532,10533,10532,1
2020-04-27,15:09:20.948000,10532,10533,10533,1
2020-04-27,15:09:22.441000,10532,10533,10532,1
2020-04-27,15:09:23.277000,10532,10533,10533,1
2020-04-27,15:09:23.701000,10532,10533,10533,1
2020-04-27,15:09:26.234000,10533,10535,10533,1
2020-04-27,15:09:27.715000,10533,10535,10535,3
2020-04-27,15:09:27.952000,10533,10534,10533,1
2020-04-27,15:09:30.023000,10533,10534,10534,1
2020-04-27,15:09:30.023000,10533,10534,10535,1
2020-04-27,15:09:35.629000,10533,10534,10534,1
2020-04-27,15:09:36.064000,10533,10534,10533,1
2020-04-27,15:09:36.263000,10533,10534,10533,1
2020-04-27,15:09:36.671000,10532,10533,10533,2
2020-04-27,15:09:40.273000,10533,10534,10533,6
2020-04-27,15:09:41.145000,10533,10534,10534,2
2020-04-27,15:09:42.017000,10534,10535,10535,1
2020-04-27,15:09:42.017000,10534,10535,10536,1
2020-04-27,15:09:45.664000,10534,10535,10535,1
2020-04-27,15:09:49.809000,10535,10536,10535,1
2020-04-27,15:09:50.674000,10534,10536,10536,1
2020-04-27,15:09:53.094000,10535,10536,10536,2
2020-04-27,15:09:55.591000,10536,10537,10536,1
2020-04-27,15:10:01.302000,10535,10537,10535,3
2020-04-27,15:10:02.040000,10535,10536,10536,2
2020-04-27,15:10:02.295000,10536,10537,10537,2
2020-04-27,15:10:02.457000,10536,10537,10537,1
2020-04-27,15:10:02.457000,10536,10537,10538,1
2020-04-27,15:10:04.014000,10537,10538,10537,1
2020-04-27,15:10:06.892000,10536,10537,10536,1
2020-04-27,15:10:08.337000,10536,10537,10537,1
2020-04-27,15:10:08.467000,10536,10538,10536,2
2020-04-27,15:10:09.070000,10536,10537,10536,1
2020-04-27,15:10:10.036000,10535,10536,10536,1
2020-04-27,15:10:12.318000,10536,10537,10536,1
2020-04-27,15:10:12.854000,10535,10536,10536,1
2020-04-27,15:10:16.932000,10536,10538,10536,2
2020-04-27,15:10:23.069000,10537,10538,10538,3
2020-04-27,15:10:23.100000,10537,10538,10538,4
2020-04-27,15:10:23.100000,10537,10538,10537,1
2020-04-27,15:10:25.158000,10536,10538,10538,1
2020-04-27,15:10:25.822000,10537,10538,10538,1
2020-04-27,15:10:26.527000,10536,10538,10538,1
2020-04-27,15:10:30.179000,10537,10538,10538,1
2020-04-27,15:10:32.255000,10538,10539,10538,2
2020-04-27,15:10:32.256000,10538,10539,10538,1
2020-04-27,15:10:32.256000,10538,10539,10538,4
2020-04-27,15:10:36.101000,10537,10539,10537,1
2020-04-27,15:10:36.477000,10537,10539,10539,1
2020-04-27,15:10:48.451000,10538,10539,10538,1
2020-04-27,15:10:51.763000,10538,10539,10538,3
2020-04-27,15:10:58.422000,10538,10539,10539,1
2020-04-27,15:10:59.261000,10538,10539,10539,1
2020-04-27,15:11:01.471000,10538,10539,10539,3
2020-04-27,15:11:01.471000,10538,10539,10539,2
2020-04-27,15:11:01.471000,10538,10539,10539,4
2020-04-27,15:11:01.795000,10539,10540,10540,1
2020-04-27,15:11:02.133000,10539,10540,10540,10
2020-04-27,15:11:02.318000,10539,10540,10540,4
2020-04-27,15:11:04.456000,10538,10540,10540,1
2020-04-27,15:11:06.588000,10538,10539,10538,1
2020-04-27,15:11:06.979000,10537,10538,10538,2
2020-04-27,15:11:10.930000,10537,10538,10537,2
2020-04-27,15:11:12.221000,10536,10538,10538,1
2020-04-27,15:11:12.567000,10536,10538,10538,2
2020-04-27,15:11:15.251000,10537,10538,10538,7
2020-04-27,15:11:16.687000,10537,10539,10537,1
2020-04-27,15:11:17.420000,10538,10539,10538,1
2020-04-27,15:11:22.662000,10537,10538,10538,1
2020-04-27,15:11:27.522000,10538,10539,10539,6
2020-04-27,15:11:40.530000,10537,10539,10537,1
2020-04-27,15:11:43.030000,10537,10539,10539,1
2020-04-27,15:11:55.310000,10538,10539,10539,1
2020-04-27,15:11:56.081000,10538,10539,10539,1
2020-04-27,15:11:56.937000,10538,10539,10539,2
2020-04-27,15:11:56.937000,10538,10539,10539,2
2020-04-27,15:11:59.443000,10539,10540,10539,1
2020-04-27,15:11:59.822000,10538,10539,10539,2
2020-04-27,15:11:59.822000,10538,10539,10540,3
2020-04-27,15:12:04.477000,10538,10539,10538,1
2020-04-27,15:12:04.726000,10538,10539,10539,10
2020-04-27,15:12:04.726000,10538,10539,10540,5
2020-04-27,15:12:04.727000,10538,10539,10540,1
2020-04-27,15:12:04.739000,10538,10539,10540,1
2020-04-27,15:12:04.739000,10538,10539,10541,6
2020-04-27,15:12:04.877000,10539,10541,10541,1
2020-04-27,15:12:04.993000,10539,10541,10541,2
2020-04-27,15:12:05.035000,10539,10541,10540,1
2020-04-27,15:12:10.798000,10540,10541,10540,1
2020-04-27,15:12:11.533000,10540,10541,10541,10
2020-04-27,15:12:12.630000,10540,10541,10540,1
2020-04-27,15:12:17.819000,10540,10541,10540,3
2020-04-27,15:12:17.877000,10540,10541,10540,1
2020-04-27,15:12:19.014000,10538,10540,10540,1
2020-04-27,15:12:19.153000,10538,10540,10540,10
2020-04-27,15:12:19.321000,10539,10540,10540,1
2020-04-27,15:12:20.322000,10539,10540,10540,1
2020-04-27,15:12:23.789000,10540,10541,10541,1
2020-04-27,15:12:23.790000,10540,10541,10541,6
2020-04-27,15:12:23.790000,10540,10541,10541,2
2020-04-27,15:12:23.790000,10540,10541,10541,2
2020-04-27,15:12:23.790000,10540,10541,10541,1
2020-04-27,15:12:26.316000,10541,10542,10541,1
2020-04-27,15:12:29.297000,10541,10542,10541,1
2020-04-27,15:12:32.796000,10540,10541,10540,7
2020-04-27,15:12:35.058000,10539,10540,10540,1
2020-04-27,15:12:36.308000,10540,10541,10540,1
2020-04-27,15:12:39.761000,10539,10540,10540,1
2020-04-27,15:12:45.746000,10540,10541,10540,3
2020-04-27,15:12:51.533000,10539,10540,10539,2
2020-04-27,15:12:51.534000,10539,10540,10539,2
2020-04-27,15:12:51.534000,10539,10540,10539,5
2020-04-27,15:12:51.684000,10538,10539,10539,1
2020-04-27,15:12:54.347000,10538,10539,10538,11
2020-04-27,15:12:55.220000,10537,10538,10538,1
2020-04-27,15:12:55.862000,10537,10539,10539,1
2020-04-27,15:12:56.985000,10537,10538,10538,1
2020-04-27,15:13:00.898000,10537,10538,10537,10
2020-04-27,15:13:04.873000,10536,10537,10537,2
2020-04-27,15:13:08.283000,10537,10538,10537,3
2020-04-27,15:13:12.898000,10537,10538,10537,2
2020-04-27,15:13:14.453000,10537,10538,10538,1
2020-04-27,15:13:14.453000,10537,10538,10538,2
2020-04-27,15:13:23.433000,10539,10540,10540,3
2020-04-27,15:13:23.657000,10539,10541,10539,1
2020-04-27,15:13:23.792000,10539,10541,10539,3
2020-04-27,15:13:26.075000,10539,10540,10539,3
2020-04-27,15:13:26.075000,10539,10540,10538,2
2020-04-27,15:13:33.731000,10538,10539,10538,1
2020-04-27,15:13:35.826000,10538,10539,10539,1
2020-04-27,15:13:35.829000,10538,10539,10539,1
2020-04-27,15:13:42.788000,10537,10538,10538,1
2020-04-27,15:13:44.452000,10538,10539,10539,2
2020-04-27,15:13:46.776000,10539,10540,10539,3
2020-04-27,15:13:46.881000,10538,10540,10539,1
2020-04-27,15:13:48.042000,10539,10540,10539,1
2020-04-27,15:13:56.778000,10538,10540,10539,1
2020-04-27,15:14:03.459000,10539,10540,10540,3
2020-04-27,15:14:06.550000,10540,10541,10540,1
2020-04-27,15:14:07.960000,10540,10541,10540,1
2020-04-27,15:14:08.119000,10540,10541,10540,1
2020-04-27,15:14:08.194000,10540,10541,10541,1
2020-04-27,15:14:09.531000,10540,10541,10541,2
2020-04-27,15:14:09.532000,10540,10541,10541,4
2020-04-27,15:14:12.172000,10541,10542,10542,1
2020-04-27,15:14:12.332000,10541,10542,10542,1
2020-04-27,15:14:12.476000,10541,10542,10542,1
2020-04-27,15:14:13.788000,10541,10542,10542,1
2020-04-27,15:14:14.749000,10541,10542,10542,1
2020-04-27,15:14:15.656000,10541,10542,10542,3
2020-04-27,15:14:16.704000,10541,10542,10542,1
2020-04-27,15:14:17.080000,10541,10542,10542,2
2020-04-27,15:14:17.726000,10541,10542,10542,1
2020-04-27,15:14:17.951000,10541,10542,10542,1
2020-04-27,15:14:18.197000,10541,10542,10542,1
2020-04-27,15:14:18.373000,10541,10543,10543,1
2020-04-27,15:14:18.478000,10541,10543,10542,1
2020-04-27,15:14:18.771000,10541,10543,10543,2
2020-04-27,15:14:19.151000,10541,10543,10543,1
2020-04-27,15:14:20.670000,10542,10543,10543,1
2020-04-27,15:14:27.832000,10542,10543,10543,11
2020-04-27,15:14:28.025000,10542,10544,10544,1
2020-04-27,15:14:28.074000,10542,10544,10544,2
2020-04-27,15:14:28.343000,10543,10544,10544,1
2020-04-27,15:14:32.065000,10543,10544,10544,1
2020-04-27,15:14:32.096000,10543,10544,10544,1
2020-04-27,15:14:32.148000,10543,10544,10544,1
2020-04-27,15:14:32.483000,10543,10544,10544,4
2020-04-27,15:14:32.530000,10543,10544,10544,2
2020-04-27,15:14:34.578000,10544,10545,10544,1
2020-04-27,15:14:37.774000,10543,10544,10543,1
2020-04-27,15:14:37.886000,10543,10544,10544,1
2020-04-27,15:14:37.923000,10543,10544,10543,1
2020-04-27,15:14:39.109000,10542,10544,10544,1
2020-04-27,15:14:39.953000,10542,10544,10544,1
2020-04-27,15:14:39.991000,10542,10544,10544,1
2020-04-27,15:14:40.066000,10542,10544,10544,1
2020-04-27,15:14:42.322000,10543,10544,10543,1
2020-04-27,15:14:43.466000,10542,10543,10543,1
2020-04-27,15:14:44.137000,10543,10544,10544,4
2020-04-27,15:14:47.063000,10544,10545,10545,1
2020-04-27,15:14:47.262000,10544,10545,10545,1
2020-04-27,15:14:47.707000,10544,10545,10544,1
2020-04-27,15:14:49.578000,10544,10545,10544,1
2020-04-27,15:14:51.321000,10543,10545,10545,1
2020-04-27,15:14:52.748000,10544,10545,10545,1
2020-04-27,15:14:53.619000,10544,10545,10544,1
2020-04-27,15:14:55.167000,10544,10545,10545,1
2020-04-27,15:14:55.168000,10544,10545,10545,3
2020-04-27,15:14:55.168000,10544,10545,10545,2
2020-04-27,15:14:55.168000,10544,10545,10545,8
2020-04-27,15:14:55.168000,10544,10545,10545,16
2020-04-27,15:14:55.168000,10544,10545,10545,1
2020-04-27,15:14:55.169000,10544,10545,10545,3
2020-04-27,15:14:56.875000,10544,10545,10545,1
2020-04-27,15:14:57.886000,10544,10545,10545,3
2020-04-27,15:14:57.886000,10544,10545,10546,2
2020-04-27,15:14:58.058000,10545,10546,10545,1
2020-04-27,15:14:58.129000,10545,10546,10546,2
2020-04-27,15:14:58.155000,10545,10546,10545,1
2020-04-27,15:15:00.265000,10544,10546,10546,1
2020-04-27,15:15:00.474000,10544,10546,10546,11
2020-04-27,15:15:00.474000,10544,10546,10547,4
2020-04-27,15:15:00.480000,10544,10546,10546,1
2020-04-27,15:15:00.484000,10544,10546,10546,5
2020-04-27,15:15:00.484000,10544,10546,10547,2
2020-04-27,15:15:00.590000,10545,10546,10546,2
2020-04-27,15:15:00.698000,10545,10546,10546,1
2020-04-27,15:15:00.729000,10545,10546,10546,2
2020-04-27,15:15:00.994000,10545,10547,10547,1
2020-04-27,15:15:01.097000,10545,10547,10545,2
2020-04-27,15:15:01.381000,10545,10546,10546,1
2020-04-27,15:15:03.439000,10544,10545,10545,1
2020-04-27,15:15:03.813000,10544,10545,10544,3
2020-04-27,15:15:03.813000,10544,10545,10544,1
2020-04-27,15:15:03.813000,10544,10545,10544,1
2020-04-27,15:15:03.817000,10544,10545,10544,1
2020-04-27,15:15:03.905000,10544,10545,10544,1
2020-04-27,15:15:04.127000,10543,10544,10543,2
2020-04-27,15:15:04.224000,10542,10543,10543,1
2020-04-27,15:15:04.276000,10542,10543,10543,1
2020-04-27,15:15:05.117000,10542,10544,10542,6
2020-04-27,15:15:05.118000,10542,10544,10542,3
2020-04-27,15:15:05.118000,10542,10544,10542,1
2020-04-27,15:15:05.871000,10541,10543,10542,2
2020-04-27,15:15:05.872000,10541,10543,10542,1
2020-04-27,15:15:06.101000,10541,10542,10542,1
2020-04-27,15:15:07.876000,10542,10543,10543,1
2020-04-27,15:15:08.758000,10542,10543,10542,2
2020-04-27,15:15:12.884000,10542,10543,10542,1
2020-04-27,15:15:12.884000,10542,10543,10542,2
2020-04-27,15:15:12.960000,10541,10542,10542,1
2020-04-27,15:15:13.683000,10542,10543,10542,1
2020-04-27,15:15:14.953000,10541,10543,10543,1
2020-04-27,15:15:15.360000,10541,10542,10542,1
2020-04-27,15:15:15.360000,10541,10542,10542,1
2020-04-27,15:15:17.256000,10542,10543,10542,1
2020-04-27,15:15:18.548000,10542,10543,10543,1
2020-04-27,15:15:21.116000,10542,10544,10544,1
2020-04-27,15:15:23.200000,10543,10544,10544,1
2020-04-27,15:15:28.911000,10544,10545,10544,2
2020-04-27,15:15:30.938000,10544,10545,10544,1
2020-04-27,15:15:33.171000,10543,10544,10544,1
2020-04-27,15:15:34.393000,10544,10545,10545,1
2020-04-27,15:15:34.394000,10544,10545,10545,1
2020-04-27,15:15:34.472000,10545,10546,10545,1
2020-04-27,15:15:36.676000,10544,10546,10546,1
2020-04-27,15:15:36.887000,10544,10546,10546,1
2020-04-27,15:15:37.127000,10545,10546,10545,1
2020-04-27,15:15:37.544000,10544,10546,10544,1
2020-04-27,15:15:38.796000,10544,10546,10546,1
2020-04-27,15:15:42.473000,10545,10546,10546,1
2020-04-27,15:15:44.138000,10545,10546,10546,1
2020-04-27,15:15:44.480000,10546,10547,10546,3
2020-04-27,15:15:48.176000,10545,10546,10545,1
2020-04-27,15:15:50.545000,10545,10546,10545,1
2020-04-27,15:15:52.679000,10545,10546,10545,6
2020-04-27,15:15:53.336000,10544,10545,10545,1
2020-04-27,15:15:53.783000,10544,10545,10545,1
2020-04-27,15:15:54.097000,10544,10545,10545,1
2020-04-27,15:15:55.583000,10544,10545,10545,1
2020-04-27,15:15:59.501000,10544,10545,10545,2
2020-04-27,15:16:05.723000,10545,10546,10546,2
2020-04-27,15:16:05.946000,10545,10547,10545,1
2020-04-27,15:16:06.630000,10545,10547,10547,8
2020-04-27,15:16:06.714000,10546,10547,10547,1
2020-04-27,15:16:06.840000,10546,10547,10547,1
2020-04-27,15:16:08.280000,10546,10547,10546,1
2020-04-27,15:16:12.105000,10546,10547,10547,1
2020-04-27,15:16:13.588000,10546,10547,10547,1
2020-04-27,15:16:17.774000,10545,10547,10547,1
2020-04-27,15:16:19.198000,10546,10547,10547,1
2020-04-27,15:16:20.188000,10547,10548,10547,1
2020-04-27,15:16:24.920000,10547,10548,10547,5
2020-04-27,15:16:27.829000,10545,10547,10547,1
2020-04-27,15:16:30.036000,10545,10546,10545,1
2020-04-27,15:16:30.389000,10545,10546,10545,1
2020-04-27,15:16:30.389000,10545,10546,10545,2
2020-04-27,15:16:30.389000,10545,10546,10545,4
2020-04-27,15:16:30.408000,10545,10546,10544,6
2020-04-27,15:16:30.441000,10544,10545,10545,1
2020-04-27,15:16:30.460000,10544,10545,10544,2
2020-04-27,15:16:31.372000,10543,10544,10544,1
2020-04-27,15:16:37.821000,10543,10544,10544,2
2020-04-27,15:16:39.718000,10544,10545,10545,1
2020-04-27,15:16:39.718000,10544,10545,10545,1
2020-04-27,15:16:39.718000,10544,10545,10545,1
2020-04-27,15:16:39.719000,10544,10545,10545,2
2020-04-27,15:16:39.719000,10544,10545,10545,5
2020-04-27,15:16:39.978000,10545,10547,10545,2
2020-04-27,15:16:43.756000,10544,10546,10544,3
2020-04-27,15:16:46.378000,10545,10546,10545,1
2020-04-27,15:16:48.700000,10545,10547,10545,1
2020-04-27,15:16:49.258000,10545,10547,10545,1
2020-04-27,15:16:51.861000,10545,10546,10546,1
2020-04-27,15:16:53.061000,10546,10547,10546,2
2020-04-27,15:16:53.173000,10545,10546,10545,3
2020-04-27,15:16:55.758000,10545,10546,10546,2
2020-04-27,15:16:59.753000,10545,10546,10546,1
2020-04-27,15:17:03.510000,10546,10547,10546,1
2020-04-27,15:17:05.021000,10546,10547,10547,6
2020-04-27,15:17:05.205000,10547,10548,10547,1
2020-04-27,15:17:05.206000,10547,10548,10547,2
2020-04-27,15:17:14.475000,10546,10547,10546,1
2020-04-27,15:17:14.949000,10545,10547,10547,1
2020-04-27,15:17:17.739000,10545,10546,10546,1
2020-04-27,15:17:21.368000,10546,10547,10546,2
2020-04-27,15:17:26.713000,10546,10547,10546,1
2020-04-27,15:17:27.595000,10546,10547,10547,2
2020-04-27,15:17:38.546000,10546,10547,10546,2
2020-04-27,15:17:41.046000,10545,10547,10547,6
2020-04-27,15:17:41.231000,10546,10547,10547,2
2020-04-27,15:17:41.587000,10546,10547,10547,1
2020-04-27,15:17:41.656000,10546,10547,10547,1
2020-04-27,15:17:41.907000,10546,10548,10546,1
2020-04-27,15:17:42.176000,10546,10548,10546,1
2020-04-27,15:17:43.390000,10546,10547,10546,1
2020-04-27,15:17:44.596000,10546,10547,10546,1
2020-04-27,15:18:01.048000,10545,10546,10545,20
2020-04-27,15:18:01.048000,10545,10546,10545,5
2020-04-27,15:18:01.048000,10545,10546,10545,6
2020-04-27,15:18:01.048000,10545,10546,10545,3
2020-04-27,15:18:01.421000,10544,10545,10545,1
2020-04-27,15:18:01.480000,10544,10545,10544,3
2020-04-27,15:18:01.763000,10544,10545,10544,1
2020-04-27,15:18:01.763000,10544,10545,10544,3
2020-04-27,15:18:08.669000,10544,10545,10544,1
2020-04-27,15:18:08.696000,10544,10545,10544,1
2020-04-27,15:18:13.081000,10543,10544,10544,1
2020-04-27,15:18:19.468000,10543,10544,10543,8
2020-04-27,15:18:19.672000,10542,10543,10543,1
2020-04-27,15:18:22.823000,10542,10543,10543,1
2020-04-27,15:18:23.333000,10542,10543,10543,1
2020-04-27,15:18:25.784000,10542,10543,10542,1
2020-04-27,15:18:25.871000,10542,10543,10542,9
2020-04-27,15:18:25.986000,10541,10542,10542,1
2020-04-27,15:18:26.647000,10541,10542,10542,1
2020-04-27,15:18:27.988000,10541,10542,10541,10
2020-04-27,15:18:27.989000,10541,10542,10541,2
2020-04-27,15:18:28.571000,10540,10542,10542,1
2020-04-27,15:18:28.631000,10540,10542,10540,1
2020-04-27,15:18:34.341000,10540,10541,10541,3
2020-04-27,15:18:34.629000,10541,10542,10541,1
2020-04-27,15:18:36.730000,10540,10542,10541,1
2020-04-27,15:18:37.514000,10541,10542,10542,1
2020-04-27,15:18:44.653000,10542,10543,10542,3
2020-04-27,15:18:45.061000,10541,10542,10541,7
2020-04-27,15:18:45.061000,10541,10542,10540,28
2020-04-27,15:18:45.061000,10541,10542,10539,3
2020-04-27,15:18:45.062000,10541,10542,10541,1
2020-04-27,15:18:45.279000,10540,10542,10540,2
2020-04-27,15:18:45.407000,10540,10542,10540,1
2020-04-27,15:18:47.919000,10540,10542,10540,4
2020-04-27,15:18:48.053000,10540,10541,10541,2
2020-04-27,15:18:50.580000,10540,10542,10540,1
2020-04-27,15:18:55.629000,10539,10540,10540,1
2020-04-27,15:18:57.129000,10539,10540,10540,1
2020-04-27,15:18:59.523000,10539,10540,10540,1
2020-04-27,15:19:01.289000,10539,10540,10539,1
2020-04-27,15:19:02.954000,10539,10541,10539,1
2020-04-27,15:19:07.186000,10539,10540,10539,1
2020-04-27,15:19:08.543000,10539,10540,10539,5
2020-04-27,15:19:08.543000,10539,10540,10538,18
2020-04-27,15:19:08.617000,10538,10539,10539,1
2020-04-27,15:19:08.664000,10538,10539,10539,1
2020-04-27,15:19:12.457000,10538,10539,10538,1
2020-04-27,15:19:12.458000,10538,10539,10538,2
2020-04-27,15:19:12.845000,10537,10538,10538,1
2020-04-27,15:19:13.755000,10537,10538,10538,1
2020-04-27,15:19:16.037000,10537,10538,10538,1
2020-04-27,15:19:16.977000,10537,10538,10537,6
2020-04-27,15:19:19.674000,10537,10538,10537,1
2020-04-27,15:19:23.188000,10537,10538,10538,1
2020-04-27,15:19:23.195000,10538,10539,10539,1
2020-04-27,15:19:24.472000,10538,10539,10539,1
2020-04-27,15:19:24.782000,10539,10540,10539,2
2020-04-27,15:19:32.819000,10538,10539,10538,1
2020-04-27,15:19:33.773000,10537,10539,10537,1
2020-04-27,15:19:40.198000,10537,10538,10538,1
2020-04-27,15:19:43.548000,10538,10539,10538,1
2020-04-27,15:19:49.993000,10538,10539,10539,1
2020-04-27,15:19:57.351000,10539,10540,10539,10
2020-04-27,15:19:57.571000,10539,10540,10539,5
2020-04-27,15:19:57.615000,10539,10540,10538,10
2020-04-27,15:19:58.805000,10538,10539,10539,10
2020-04-27,15:20:03.330000,10539,10540,10539,1
2020-04-27,15:20:10.625000,10538,10540,10539,1
2020-04-27,15:20:18.514000,10539,10540,10540,2
2020-04-27,15:20:18.514000,10539,10540,10540,3
2020-04-27,15:20:18.540000,10539,10540,10540,2
2020-04-27,15:20:18.567000,10539,10540,10540,2
2020-04-27,15:20:22.307000,10539,10541,10540,1
2020-04-27,15:20:39.054000,10539,10540,10540,3
2020-04-27,15:20:40.383000,10539,10540,10540,1
2020-04-27,15:20:42.118000,10539,10540,10540,1
2020-04-27,15:20:43.742000,10540,10541,10541,1
2020-04-27,15:20:45.656000,10540,10541,10540,1
2020-04-27,15:20:47.088000,10540,10541,10541,1
2020-04-27,15:20:54.098000,10540,10541,10540,2
2020-04-27,15:20:54.099000,10540,10541,10540,3
2020-04-27,15:20:54.099000,10540,10541,10540,2
2020-04-27,15:20:54.394000,10539,10540,10539,2
2020-04-27,15:20:58.555000,10539,10540,10539,1
2020-04-27,15:20:59.958000,10539,10540,10539,1
2020-04-27,15:21:04.771000,10539,10540,10540,2
2020-04-27,15:21:04.879000,10539,10540,10539,1
2020-04-27,15:21:13.868000,10539,10540,10539,1
2020-04-27,15:21:14.704000,10539,10540,10539,3
2020-04-27,15:21:14.704000,10539,10540,10539,12
2020-04-27,15:21:20.028000,10538,10539,10538,1
2020-04-27,15:21:20.121000,10538,10539,10539,1
2020-04-27,15:21:23.375000,10539,10540,10539,1
2020-04-27,15:21:25.119000,10539,10540,10540,5
2020-04-27,15:21:25.364000,10540,10541,10541,1
2020-04-27,15:21:25.544000,10540,10542,10542,2
2020-04-27,15:21:25.971000,10540,10542,10542,1
2020-04-27,15:21:26.676000,10541,10542,10542,1
2020-04-27,15:21:27.301000,10541,10542,10542,1
2020-04-27,15:21:31.707000,10541,10542,10542,1
2020-04-27,15:21:34.570000,10541,10542,10542,1
2020-04-27,15:21:42.228000,10542,10543,10543,1
2020-04-27,15:21:42.228000,10542,10543,10543,2
2020-04-27,15:21:42.515000,10543,10544,10544,1
2020-04-27,15:21:43.786000,10543,10544,10544,10
2020-04-27,15:21:48.235000,10544,10545,10544,1
2020-04-27,15:21:48.235000,10544,10545,10543,8
2020-04-27,15:21:48.235000,10544,10545,10542,27
2020-04-27,15:21:48.236000,10544,10545,10542,1
2020-04-27,15:21:48.237000,10544,10545,10542,12
2020-04-27,15:21:48.237000,10544,10545,10542,1
2020-04-27,15:21:48.315000,10542,10543,10542,2
2020-04-27,15:21:48.349000,10542,10543,10542,3
2020-04-27,15:21:49.958000,10542,10543,10543,1
2020-04-27,15:21:53.240000,10542,10543,10542,2
2020-04-27,15:21:53.240000,10542,10543,10541,3
2020-04-27,15:21:53.345000,10541,10543,10543,6
2020-04-27,15:21:56.105000,10543,10544,10544,1
2020-04-27,15:21:59.171000,10542,10544,10544,3
2020-04-27,15:22:00.333000,10542,10544,10544,2
2020-04-27,15:22:01.967000,10542,10544,10542,1
2020-04-27,15:22:02.087000,10542,10544,10544,6
2020-04-27,15:22:03.987000,10542,10544,10542,8
2020-04-27,15:22:03.987000,10542,10544,10541,19
2020-04-27,15:22:03.988000,10542,10544,10541,1
2020-04-27,15:22:03.988000,10542,10544,10541,1
2020-04-27,15:22:03.988000,10542,10544,10541,1
2020-04-27,15:22:03.988000,10542,10544,10541,1
2020-04-27,15:22:04.072000,10540,10541,10540,1
2020-04-27,15:22:09.603000,10540,10541,10541,4
2020-04-27,15:22:16.049000,10541,10543,10541,9
2020-04-27,15:22:16.049000,10541,10543,10540,18
2020-04-27,15:22:16.051000,10541,10543,10540,1
2020-04-27,15:22:16.051000,10541,10543,10540,3
2020-04-27,15:22:16.051000,10541,10543,10540,1
2020-04-27,15:22:16.110000,10540,10541,10540,2
2020-04-27,15:22:16.969000,10540,10541,10541,1
2020-04-27,15:22:18.265000,10539,10541,10541,1
2020-04-27,15:22:22.296000,10539,10541,10541,1
2020-04-27,15:22:22.308000,10539,10541,10541,2
2020-04-27,15:22:24.587000,10540,10541,10540,2
2020-04-27,15:22:25.096000,10539,10541,10541,1
2020-04-27,15:22:28.219000,10539,10541,10539,5
2020-04-27,15:22:28.472000,10538,10540,10538,1
2020-04-27,15:22:28.664000,10538,10540,10538,1
2020-04-27,15:22:33.905000,10538,10540,10538,4
2020-04-27,15:22:37.353000,10538,10540,10538,3
2020-04-27,15:22:42.368000,10538,10540,10538,1
2020-04-27,15:23:07.223000,10538,10540,10538,1
2020-04-27,15:23:09.314000,10538,10540,10540,2
2020-04-27,15:23:18.236000,10538,10540,10540,2
2020-04-27,15:23:28.089000,10538,10540,10540,1
2020-04-27,15:23:37.721000,10539,10540,10539,1
2020-04-27,15:23:38.106000,10538,10539,10539,1
2020-04-27,15:23:43.637000,10538,10539,10538,9
2020-04-27,15:23:45.787000,10537,10538,10538,1
2020-04-27,15:23:53.050000,10537,10538,10537,6
2020-04-27,15:23:58.773000,10537,10538,10537,1
2020-04-27,15:24:01.770000,10537,10538,10538,1
2020-04-27,15:24:01.944000,10537,10538,10538,1
2020-04-27,15:24:03.327000,10537,10539,10537,12
2020-04-27,15:24:03.327000,10537,10539,10536,23
2020-04-27,15:24:03.850000,10536,10537,10536,1
2020-04-27,15:24:03.873000,10536,10537,10536,1
2020-04-27,15:24:03.888000,10536,10537,10536,1
2020-04-27,15:24:04.044000,10536,10537,10536,1
2020-04-27,15:24:07.297000,10537,10538,10538,2
2020-04-27,15:24:10.731000,10538,10540,10539,1
2020-04-27,15:24:12.881000,10539,10540,10540,1
2020-04-27,15:24:22.279000,10538,10539,10539,1
2020-04-27,15:24:22.542000,10538,10539,10539,1
2020-04-27,15:24:22.553000,10538,10539,10539,1
2020-04-27,15:24:23.373000,10538,10540,10540,1
2020-04-27,15:24:23.924000,10538,10540,10540,1
2020-04-27,15:24:26.032000,10538,10540,10540,3
2020-04-27,15:24:26.327000,10539,10541,10541,1
2020-04-27,15:24:26.905000,10540,10541,10541,4
2020-04-27,15:24:27.133000,10540,10541,10541,1
2020-04-27,15:24:28.443000,10540,10542,10540,1
2020-04-27,15:24:34.929000,10540,10541,10540,1
2020-04-27,15:24:44.735000,10540,10541,10540,1
2020-04-27,15:24:44.735000,10540,10541,10540,6
2020-04-27,15:24:46.064000,10539,10540,10540,2
2020-04-27,15:24:49.062000,10540,10541,10540,1
2020-04-27,15:24:58.394000,10540,10541,10541,2
2020-04-27,15:25:00.449000,10541,10542,10542,1
2020-04-27,15:25:00.449000,10541,10542,10542,5
2020-04-27,15:25:04.429000,10542,10543,10542,1
2020-04-27,15:25:04.492000,10542,10543,10543,1
2020-04-27,15:25:09.293000,10543,10544,10543,4
2020-04-27,15:25:11.488000,10543,10544,10544,1
2020-04-27,15:25:12.543000,10543,10544,10543,1
2020-04-27,15:25:16.208000,10543,10544,10544,1
2020-04-27,15:25:22.049000,10543,10544,10544,1
2020-04-27,15:25:25.004000,10543,10544,10543,2
2020-04-27,15:25:25.004000,10543,10544,10543,2
2020-04-27,15:25:25.425000,10542,10543,10542,1
2020-04-27,15:25:25.664000,10542,10543,10543,1
2020-04-27,15:25:30.905000,10543,10544,10543,3
2020-04-27,15:25:31.220000,10543,10544,10543,2
2020-04-27,15:25:34.580000,10543,10544,10543,2
2020-04-27,15:25:41.365000,10543,10544,10544,1
2020-04-27,15:25:44.729000,10543,10544,10543,3
2020-04-27,15:25:45.007000,10542,10543,10543,1
2020-04-27,15:25:47.347000,10542,10543,10542,1
2020-04-27,15:25:47.347000,10542,10543,10542,1
2020-04-27,15:25:47.347000,10542,10543,10542,1
2020-04-27,15:25:47.409000,10542,10543,10543,1
2020-04-27,15:26:01.017000,10542,10543,10543,6
2020-04-27,15:26:19.885000,10542,10543,10543,1
2020-04-27,15:26:20.506000,10542,10543,10542,6
2020-04-27,15:26:20.506000,10542,10543,10541,14
2020-04-27,15:26:20.507000,10542,10543,10542,1
2020-04-27,15:26:31.849000,10540,10542,10542,5
2020-04-27,15:26:32.041000,10540,10542,10542,1
2020-04-27,15:26:47.393000,10542,10543,10542,1
2020-04-27,15:26:47.393000,10542,10543,10542,2
2020-04-27,15:27:11.109000,10541,10542,10541,1
2020-04-27,15:27:14.138000,10540,10541,10540,1
2020-04-27,15:27:14.138000,10540,10541,10540,4
2020-04-27,15:27:14.138000,10540,10541,10540,1
2020-04-27,15:27:14.138000,10540,10541,10540,1
2020-04-27,15:27:14.138000,10540,10541,10540,1
2020-04-27,15:27:15.683000,10539,10540,10539,5
2020-04-27,15:27:23.215000,10538,10540,10538,1
2020-04-27,15:27:27.271000,10539,10540,10540,1
2020-04-27,15:27:37.423000,10540,10541,10541,2
2020-04-27,15:27:44.616000,10542,10543,10542,1
2020-04-27,15:28:07.697000,10542,10543,10543,8
2020-04-27,15:28:08.701000,10543,10544,10543,1
2020-04-27,15:28:11.953000,10542,10544,10544,1
2020-04-27,15:28:23.832000,10541,10542,10541,1
2020-04-27,15:28:26.916000,10541,10542,10541,1
2020-04-27,15:28:29.544000,10540,10541,10540,1
2020-04-27,15:28:51.043000,10540,10542,10540,1
2020-04-27,15:28:58.182000,10540,10542,10540,1
2020-04-27,15:29:22.990000,10540,10541,10540,1
2020-04-27,15:29:41.596000,10539,10541,10540,1
2020-04-27,15:29:44.637000,10540,10541,10540,1
2020-04-27,15:29:46.610000,10540,10541,10541,1
2020-04-27,15:29:48.550000,10541,10542,10541,1
2020-04-27,15:29:53.370000,10540,10541,10541,1
2020-04-27,15:30:01.136000,10541,10542,10542,4
2020-04-27,15:30:01.722000,10541,10542,10541,1
2020-04-27,15:30:01.722000,10541,10542,10540,3
2020-04-27,15:30:01.824000,10540,10541,10540,5
2020-04-27,15:30:01.910000,10540,10541,10541,1
2020-04-27,15:30:01.924000,10540,10541,10542,1
2020-04-27,15:30:01.939000,10540,10541,10542,1
2020-04-27,15:30:01.939000,10540,10541,10542,2
2020-04-27,15:30:18.247000,10540,10541,10540,2
2020-04-27,15:30:22.664000,10540,10541,10540,2
2020-04-27,15:30:25.305000,10539,10540,10540,1
2020-04-27,15:30:26.050000,10540,10541,10541,1
2020-04-27,15:30:29.060000,10540,10542,10542,1
2020-04-27,15:30:34.158000,10540,10541,10541,1
2020-04-27,15:30:37.927000,10541,10542,10542,2
2020-04-27,15:30:39.529000,10541,10543,10541,1
2020-04-27,15:30:43.628000,10541,10542,10541,2
2020-04-27,15:30:59.681000,10540,10542,10542,1
2020-04-27,15:31:01.350000,10542,10543,10543,1
2020-04-27,15:31:01.351000,10542,10543,10543,1
2020-04-27,15:31:08.054000,10543,10544,10543,1
2020-04-27,15:31:08.555000,10542,10543,10542,1
2020-04-27,15:31:13.015000,10542,10543,10543,1
2020-04-27,15:31:17.377000,10542,10543,10542,1
2020-04-27,15:31:23.692000,10542,10543,10542,1
2020-04-27,15:31:24.775000,10542,10543,10543,1
2020-04-27,15:31:27.554000,10542,10543,10542,1
2020-04-27,15:31:27.554000,10542,10543,10542,1
2020-04-27,15:31:27.967000,10541,10542,10542,2
2020-04-27,15:31:27.967000,10541,10542,10543,3
2020-04-27,15:31:38.513000,10541,10542,10541,1
2020-04-27,15:31:38.513000,10541,10542,10541,4
2020-04-27,15:31:49.076000,10541,10542,10542,1
2020-04-27,15:31:57.303000,10542,10543,10543,3
2020-04-27,15:32:04.083000,10542,10544,10544,1
2020-04-27,15:32:07.326000,10542,10543,10542,1
2020-04-27,15:32:07.496000,10542,10543,10542,1
2020-04-27,15:32:07.854000,10542,10543,10543,1
2020-04-27,15:32:07.854000,10542,10543,10543,1
2020-04-27,15:32:10.914000,10543,10544,10543,1
2020-04-27,15:32:11.096000,10543,10544,10543,1
2020-04-27,15:32:11.856000,10543,10544,10543,1
2020-04-27,15:32:17.506000,10543,10544,10544,4
2020-04-27,15:32:18.555000,10543,10544,10544,2
2020-04-27,15:32:18.555000,10543,10544,10544,10
2020-04-27,15:32:18.555000,10543,10544,10544,4
2020-04-27,15:32:28.506000,10543,10544,10544,1
2020-04-27,15:32:35.896000,10543,10545,10544,1
2020-04-27,15:32:39.074000,10544,10545,10545,1
2020-04-27,15:32:39.074000,10544,10545,10545,8
2020-04-27,15:32:43.109000,10545,10546,10545,1
2020-04-27,15:32:45.406000,10545,10546,10546,2
2020-04-27,15:32:45.406000,10545,10546,10546,5
2020-04-27,15:32:45.407000,10545,10546,10546,1
2020-04-27,15:32:45.407000,10545,10546,10546,2
2020-04-27,15:32:45.407000,10545,10546,10546,3
2020-04-27,15:32:45.814000,10546,10547,10547,1
2020-04-27,15:32:45.838000,10545,10547,10547,1
2020-04-27,15:32:46.082000,10546,10547,10547,1
2020-04-27,15:32:46.404000,10546,10547,10546,1
2020-04-27,15:32:47.704000,10545,10547,10547,1
2020-04-27,15:32:49.457000,10546,10547,10546,2
2020-04-27,15:32:54.470000,10546,10547,10547,1
2020-04-27,15:32:54.624000,10546,10547,10546,1
2020-04-27,15:32:54.920000,10545,10546,10546,5
2020-04-27,15:32:58.474000,10545,10546,10546,1
2020-04-27,15:33:05.432000,10545,10546,10546,1
2020-04-27,15:33:05.433000,10545,10546,10546,2
2020-04-27,15:33:10.700000,10545,10546,10546,1
2020-04-27,15:33:11.142000,10545,10546,10546,1
2020-04-27,15:33:20.692000,10545,10546,10546,2
2020-04-27,15:33:24.818000,10545,10546,10546,5
2020-04-27,15:33:26.097000,10546,10547,10547,1
2020-04-27,15:33:29.398000,10546,10547,10546,1
2020-04-27,15:33:30.393000,10546,10547,10546,1
2020-04-27,15:33:38.668000,10545,10546,10546,1
2020-04-27,15:33:45.482000,10545,10546,10546,1
2020-04-27,15:33:50.650000,10545,10546,10545,1
2020-04-27,15:33:54.003000,10545,10546,10546,2
2020-04-27,15:33:54.003000,10545,10546,10546,3
2020-04-27,15:33:55.452000,10546,10547,10546,1
2020-04-27,15:34:37.178000,10545,10546,10546,1
2020-04-27,15:34:45.344000,10546,10547,10547,2
2020-04-27,15:34:45.344000,10546,10547,10547,2
2020-04-27,15:34:45.345000,10546,10547,10547,1
2020-04-27,15:34:45.345000,10546,10547,10547,1
2020-04-27,15:34:45.345000,10546,10547,10547,3
2020-04-27,15:34:46.712000,10547,10548,10548,1
2020-04-27,15:34:47.137000,10547,10548,10548,1
2020-04-27,15:34:47.236000,10547,10548,10548,4
2020-04-27,15:34:47.236000,10547,10548,10548,1
2020-04-27,15:34:47.236000,10547,10548,10548,1
2020-04-27,15:34:47.236000,10547,10548,10548,5
2020-04-27,15:34:47.236000,10547,10548,10548,14
2020-04-27,15:34:47.236000,10547,10548,10548,5
2020-04-27,15:34:47.237000,10547,10548,10548,3
2020-04-27,15:34:47.237000,10547,10548,10548,8
2020-04-27,15:34:47.237000,10547,10548,10548,3
2020-04-27,15:34:50.249000,10548,10549,10548,1
2020-04-27,15:34:50.249000,10548,10549,10548,1
2020-04-27,15:34:50.249000,10548,10549,10548,1
2020-04-27,15:34:54.805000,10548,10549,10549,1
2020-04-27,15:34:54.805000,10548,10549,10549,1
2020-04-27,15:34:54.805000,10548,10549,10549,3
2020-04-27,15:34:54.806000,10548,10549,10549,4
2020-04-27,15:34:54.807000,10548,10549,10549,4
2020-04-27,15:34:54.807000,10548,10549,10549,1
2020-04-27,15:34:54.807000,10548,10549,10549,1
2020-04-27,15:34:54.809000,10548,10549,10549,3
2020-04-27,15:34:55.086000,10549,10550,10550,1
2020-04-27,15:34:55.215000,10549,10550,10550,1
2020-04-27,15:34:55.250000,10549,10550,10550,1
2020-04-27,15:34:55.252000,10549,10550,10550,5
2020-04-27,15:34:55.426000,10549,10550,10550,2
2020-04-27,15:34:55.917000,10549,10550,10550,1
2020-04-27,15:34:56.248000,10549,10550,10549,1
2020-04-27,15:34:56.514000,10548,10550,10550,1
2020-04-27,15:34:56.558000,10548,10550,10550,1
2020-04-27,15:35:02.302000,10548,10549,10549,1
2020-04-27,15:35:03.620000,10548,10549,10549,1
2020-04-27,15:35:04.159000,10548,10549,10549,1
2020-04-27,15:35:04.159000,10548,10549,10550,8
2020-04-27,15:35:08.983000,10549,10550,10549,1
2020-04-27,15:35:09.421000,10549,10550,10549,1
2020-04-27,15:35:12.694000,10549,10550,10549,1
2020-04-27,15:35:14.496000,10549,10550,10550,1
2020-04-27,15:35:15.300000,10549,10550,10550,3
2020-04-27,15:35:15.954000,10549,10550,10549,1
2020-04-27,15:35:17.140000,10549,10550,10549,2
2020-04-27,15:35:17.557000,10549,10550,10550,1
2020-04-27,15:35:19.943000,10549,10550,10550,1
2020-04-27,15:35:21.408000,10549,10550,10550,3
2020-04-27,15:35:21.680000,10549,10550,10549,2
2020-04-27,15:35:22.747000,10548,10550,10550,2
2020-04-27,15:35:22.858000,10548,10550,10550,1
2020-04-27,15:35:23.807000,10548,10550,10550,2
2020-04-27,15:35:26.240000,10548,10549,10548,1
2020-04-27,15:35:26.240000,10548,10549,10548,2
2020-04-27,15:35:26.240000,10548,10549,10548,3
2020-04-27,15:35:26.240000,10548,10549,10548,9
2020-04-27,15:35:28.090000,10547,10548,10548,1
2020-04-27,15:35:28.848000,10547,10548,10547,3
2020-04-27,15:35:31.529000,10547,10548,10548,1
2020-04-27,15:35:31.947000,10547,10548,10548,1
2020-04-27,15:35:36.541000,10547,10549,10548,1
2020-04-27,15:35:37.855000,10548,10549,10549,1
2020-04-27,15:35:38.209000,10548,10549,10548,1
2020-04-27,15:35:42.335000,10548,10549,10548,1
2020-04-27,15:35:45.427000,10548,10549,10548,1
2020-04-27,15:35:48.347000,10548,10549,10549,1
2020-04-27,15:35:49.088000,10548,10549,10549,1
2020-04-27,15:35:52.965000,10548,10549,10549,1
2020-04-27,15:35:55.460000,10548,10549,10548,1
2020-04-27,15:35:55.461000,10548,10549,10548,4
2020-04-27,15:35:55.477000,10548,10549,10548,3
2020-04-27,15:35:56.526000,10547,10549,10549,1
2020-04-27,15:35:59.298000,10548,10549,10549,1
2020-04-27,15:35:59.512000,10548,10549,10548,1
2020-04-27,15:36:03.257000,10548,10549,10548,1
2020-04-27,15:36:03.558000,10547,10549,10547,1
2020-04-27,15:36:07.183000,10548,10549,10548,2
2020-04-27,15:36:10.351000,10548,10549,10548,1
2020-04-27,15:36:11.583000,10547,10548,10547,1
2020-04-27,15:36:13.020000,10547,10548,10548,1
2020-04-27,15:36:13.929000,10547,10548,10548,1
2020-04-27,15:36:22.933000,10547,10548,10547,1
2020-04-27,15:36:32.842000,10547,10548,10548,1
2020-04-27,15:36:39.041000,10547,10548,10548,4
2020-04-27,15:36:39.041000,10547,10548,10548,2
2020-04-27,15:36:39.890000,10548,10549,10548,1
2020-04-27,15:36:40.711000,10548,10549,10548,1
2020-04-27,15:36:42.612000,10547,10549,10549,2
2020-04-27,15:36:46.318000,10548,10549,10548,1
2020-04-27,15:36:46.676000,10547,10549,10548,1
2020-04-27,15:36:48.039000,10547,10549,10549,1
2020-04-27,15:36:50.921000,10547,10549,10549,1
2020-04-27,15:36:51.042000,10547,10549,10549,3
2020-04-27,15:36:58.712000,10548,10549,10548,1
2020-04-27,15:37:02.200000,10548,10549,10549,2
2020-04-27,15:37:05.002000,10548,10549,10549,1
2020-04-27,15:37:05.004000,10548,10549,10549,3
2020-04-27,15:37:05.004000,10548,10549,10549,1
2020-04-27,15:37:08.826000,10549,10550,10550,1
2020-04-27,15:37:09.259000,10549,10550,10549,1
2020-04-27,15:37:10.402000,10549,10550,10549,1
2020-04-27,15:37:10.420000,10549,10550,10550,1
2020-04-27,15:37:10.420000,10549,10550,10550,4
2020-04-27,15:37:10.420000,10549,10550,10550,3
2020-04-27,15:37:11.606000,10549,10550,10549,1
2020-04-27,15:37:16.049000,10549,10550,10550,1
2020-04-27,15:37:16.611000,10549,10550,10550,1
2020-04-27,15:37:17.099000,10550,10551,10551,1
2020-04-27,15:37:17.281000,10550,10551,10551,1
2020-04-27,15:37:18.543000,10550,10551,10550,1
2020-04-27,15:37:19.866000,10549,10550,10550,1
2020-04-27,15:37:19.866000,10549,10550,10551,2
2020-04-27,15:37:20.181000,10549,10551,10551,3
2020-04-27,15:37:23.240000,10550,10551,10550,1
2020-04-27,15:37:25.641000,10550,10551,10551,1
2020-04-27,15:37:28.505000,10550,10551,10551,1
2020-04-27,15:37:29.221000,10550,10551,10551,1
2020-04-27,15:37:32.593000,10550,10551,10551,2
2020-04-27,15:37:32.667000,10550,10551,10551,1
2020-04-27,15:37:37.448000,10550,10551,10551,1
2020-04-27,15:37:38.953000,10550,10551,10551,1
2020-04-27,15:37:45.494000,10550,10552,10550,1
2020-04-27,15:37:55.488000,10551,10552,10551,2
2020-04-27,15:37:55.488000,10551,10552,10551,1
2020-04-27,15:37:59.834000,10550,10551,10551,1
2020-04-27,15:38:02.251000,10550,10551,10551,3
2020-04-27,15:38:02.251000,10550,10551,10551,2
2020-04-27,15:38:07.714000,10550,10552,10550,1
2020-04-27,15:38:12.350000,10550,10551,10551,2
2020-04-27,15:38:13.785000,10551,10552,10551,1
2020-04-27,15:38:22.825000,10550,10551,10551,1
2020-04-27,15:38:23.357000,10550,10551,10551,1
2020-04-27,15:38:24.267000,10550,10551,10550,2
2020-04-27,15:38:24.267000,10550,10551,10550,2
2020-04-27,15:38:24.268000,10550,10551,10550,1
2020-04-27,15:38:24.268000,10550,10551,10550,8
2020-04-27,15:38:24.268000,10550,10551,10550,5
2020-04-27,15:38:25.039000,10549,10550,10550,1
2020-04-27,15:38:27.503000,10549,10550,10550,1
2020-04-27,15:38:29.153000,10549,10551,10549,1
2020-04-27,15:38:35.957000,10550,10551,10550,1
2020-04-27,15:38:36.956000,10550,10551,10550,1
2020-04-27,15:38:41.338000,10550,10551,10550,1
2020-04-27,15:38:45.793000,10550,10551,10551,3
2020-04-27,15:38:49.734000,10550,10551,10550,2
2020-04-27,15:38:51.334000,10550,10551,10550,1
2020-04-27,15:38:52.040000,10550,10551,10550,1
2020-04-27,15:38:52.072000,10550,10551,10551,3
2020-04-27,15:38:54.578000,10550,10551,10550,1
2020-04-27,15:38:58.129000,10550,10551,10551,3
2020-04-27,15:38:58.129000,10550,10551,10552,1
2020-04-27,15:39:03.713000,10550,10552,10552,4
2020-04-27,15:39:12.106000,10550,10552,10552,2
2020-04-27,15:39:12.653000,10551,10552,10552,1
2020-04-27,15:39:16.993000,10551,10552,10551,1
2020-04-27,15:39:18.209000,10551,10552,10552,6
2020-04-27,15:39:21.938000,10551,10552,10552,1
2020-04-27,15:39:23.134000,10551,10552,10552,1
2020-04-27,15:39:24.964000,10551,10552,10551,1
2020-04-27,15:39:26.320000,10551,10552,10551,3
2020-04-27,15:39:27.773000,10550,10552,10552,1
2020-04-27,15:39:34.841000,10550,10552,10552,1
2020-04-27,15:39:38.208000,10550,10552,10552,1
2020-04-27,15:39:40.548000,10550,10551,10551,3
2020-04-27,15:39:44.711000,10551,10552,10552,1
2020-04-27,15:39:55.861000,10551,10552,10552,1
2020-04-27,15:39:55.861000,10551,10552,10552,1
2020-04-27,15:39:55.861000,10551,10552,10552,2
2020-04-27,15:39:55.861000,10551,10552,10552,1
2020-04-27,15:39:55.861000,10551,10552,10552,1
2020-04-27,15:39:55.861000,10551,10552,10552,1
2020-04-27,15:39:55.861000,10551,10552,10552,5
2020-04-27,15:39:56.022000,10552,10553,10552,1
2020-04-27,15:40:03.270000,10551,10553,10551,1
2020-04-27,15:40:04.921000,10552,10553,10552,1
2020-04-27,15:40:05.827000,10552,10553,10553,1
2020-04-27,15:40:11.249000,10552,10553,10553,3
2020-04-27,15:40:11.730000,10552,10553,10553,1
2020-04-27,15:40:11.730000,10552,10553,10553,1
2020-04-27,15:40:11.730000,10552,10553,10553,1
2020-04-27,15:40:11.730000,10552,10553,10553,1
2020-04-27,15:40:12.202000,10553,10554,10554,1
2020-04-27,15:40:12.425000,10553,10554,10554,2
2020-04-27,15:40:12.605000,10553,10554,10553,1
2020-04-27,15:40:15.248000,10552,10553,10553,1
2020-04-27,15:40:15.710000,10552,10553,10553,1
2020-04-27,15:40:16.491000,10552,10554,10553,1
2020-04-27,15:40:17.622000,10553,10554,10554,1
2020-04-27,15:40:19.004000,10553,10554,10553,1
2020-04-27,15:40:20.003000,10553,10554,10553,1
2020-04-27,15:40:22.303000,10553,10554,10554,3
2020-04-27,15:40:22.898000,10553,10555,10555,1
2020-04-27,15:40:22.964000,10553,10555,10555,1
2020-04-27,15:40:23.197000,10553,10555,10555,1
2020-04-27,15:40:23.216000,10553,10555,10555,4
2020-04-27,15:40:23.226000,10553,10555,10553,1
2020-04-27,15:40:23.352000,10553,10555,10555,4
2020-04-27,15:40:23.888000,10553,10555,10555,1
2020-04-27,15:40:25.331000,10554,10555,10554,1
2020-04-27,15:40:25.646000,10554,10555,10555,1
2020-04-27,15:40:25.797000,10554,10555,10555,2
2020-04-27,15:40:27.342000,10554,10555,10555,1
2020-04-27,15:40:29.489000,10554,10555,10554,4
2020-04-27,15:40:29.578000,10553,10554,10554,1
2020-04-27,15:40:29.804000,10553,10555,10555,2
2020-04-27,15:40:32.609000,10554,10555,10555,1
2020-04-27,15:40:34.032000,10554,10555,10555,1
2020-04-27,15:40:34.491000,10554,10555,10554,1
2020-04-27,15:40:34.637000,10553,10555,10555,1
2020-04-27,15:40:36.085000,10554,10555,10555,1
2020-04-27,15:40:39.324000,10554,10555,10555,1
2020-04-27,15:40:39.324000,10554,10555,10555,2
2020-04-27,15:40:39.324000,10554,10555,10555,4
2020-04-27,15:40:39.324000,10554,10555,10555,2
2020-04-27,15:40:39.325000,10554,10555,10555,1
2020-04-27,15:40:39.576000,10555,10556,10555,1
2020-04-27,15:40:39.576000,10555,10556,10554,1
2020-04-27,15:40:39.589000,10555,10556,10554,1
2020-04-27,15:40:39.602000,10555,10556,10554,1
2020-04-27,15:40:46.844000,10555,10556,10555,2
2020-04-27,15:40:49.482000,10555,10556,10556,1
2020-04-27,15:40:49.757000,10555,10556,10556,1
2020-04-27,15:40:49.759000,10555,10556,10556,1
2020-04-27,15:40:50.140000,10555,10556,10555,5
2020-04-27,15:40:51.303000,10554,10555,10555,1
2020-04-27,15:40:52.162000,10554,10555,10555,4
2020-04-27,15:40:52.945000,10554,10555,10555,1
2020-04-27,15:40:53.427000,10554,10555,10554,1
2020-04-27,15:40:54.736000,10554,10555,10555,1
2020-04-27,15:40:54.737000,10554,10555,10555,3
2020-04-27,15:40:54.897000,10554,10555,10555,1
2020-04-27,15:40:56.478000,10554,10555,10555,1
2020-04-27,15:40:58.598000,10554,10555,10555,1
2020-04-27,15:40:58.920000,10554,10555,10555,3
2020-04-27,15:40:59.126000,10554,10555,10555,1
2020-04-27,15:41:02.283000,10554,10555,10554,1
2020-04-27,15:41:02.404000,10554,10555,10554,2
2020-04-27,15:41:02.404000,10554,10555,10554,5
2020-04-27,15:41:04.282000,10553,10554,10554,1
2020-04-27,15:41:06.670000,10553,10555,10555,2
2020-04-27,15:41:08.900000,10553,10555,10555,5
2020-04-27,15:41:09.972000,10554,10555,10555,4
2020-04-27,15:41:15.822000,10554,10555,10555,1
2020-04-27,15:41:18.366000,10554,10555,10555,2
2020-04-27,15:41:30.455000,10554,10555,10554,3
2020-04-27,15:41:31.176000,10554,10555,10554,1
2020-04-27,15:41:32.075000,10553,10554,10554,1
2020-04-27,15:41:33.310000,10553,10554,10554,1
2020-04-27,15:41:33.434000,10553,10554,10554,1
2020-04-27,15:41:33.782000,10553,10554,10553,8
2020-04-27,15:41:35.126000,10552,10554,10554,1
2020-04-27,15:41:35.987000,10552,10554,10552,1
2020-04-27,15:41:39.949000,10552,10553,10552,1
2020-04-27,15:41:49.516000,10553,10554,10553,5
2020-04-27,15:41:50.910000,10552,10554,10552,1
2020-04-27,15:41:51.902000,10552,10554,10552,1
2020-04-27,15:41:52.949000,10552,10553,10552,1
2020-04-27,15:41:53.686000,10552,10553,10552,2
2020-04-27,15:41:55.559000,10552,10553,10553,2
2020-04-27,15:41:55.560000,10552,10553,10553,1
2020-04-27,15:41:58.327000,10553,10554,10554,1
2020-04-27,15:41:58.327000,10553,10554,10554,1
2020-04-27,15:42:02.357000,10554,10555,10554,1
2020-04-27,15:42:02.763000,10553,10555,10555,1
2020-04-27,15:42:02.764000,10553,10555,10555,1
2020-04-27,15:42:02.832000,10554,10555,10555,2
2020-04-27,15:42:04.758000,10554,10555,10554,3
2020-04-27,15:42:13.124000,10554,10555,10555,1
2020-04-27,15:42:13.518000,10554,10555,10555,1
2020-04-27,15:42:13.524000,10554,10555,10555,1
2020-04-27,15:42:28.384000,10554,10555,10555,2
2020-04-27,15:42:31.696000,10554,10555,10555,2
2020-04-27,15:42:32.360000,10554,10555,10554,1
2020-04-27,15:42:35.897000,10554,10555,10555,1
2020-04-27,15:42:35.935000,10554,10555,10554,1
2020-04-27,15:42:36.283000,10554,10555,10554,2
2020-04-27,15:42:38.586000,10554,10555,10555,2
2020-04-27,15:42:45.563000,10555,10556,10555,1
2020-04-27,15:42:45.563000,10555,10556,10555,4
2020-04-27,15:43:01.773000,10554,10555,10554,5
2020-04-27,15:43:01.798000,10554,10555,10554,1
2020-04-27,15:43:01.799000,10554,10555,10554,1
2020-04-27,15:43:01.816000,10553,10555,10554,2
2020-04-27,15:43:04.732000,10553,10554,10553,4
2020-04-27,15:43:05.505000,10552,10554,10554,9
2020-04-27,15:43:13.360000,10552,10553,10552,11
2020-04-27,15:43:14.069000,10551,10553,10552,1
2020-04-27,15:43:14.208000,10551,10553,10553,2
2020-04-27,15:43:15.097000,10552,10553,10552,1
2020-04-27,15:43:19.198000,10552,10553,10553,1
2020-04-27,15:43:19.792000,10552,10553,10552,1
2020-04-27,15:43:31.206000,10552,10554,10552,1
2020-04-27,15:43:36.890000,10552,10553,10552,2
2020-04-27,15:43:47.694000,10552,10553,10552,1
2020-04-27,15:43:50.321000,10552,10553,10552,3
2020-04-27,15:43:56.717000,10552,10553,10552,3
2020-04-27,15:43:58.955000,10551,10553,10551,1
2020-04-27,15:43:59.201000,10551,10553,10551,1
2020-04-27,15:44:00.001000,10552,10553,10552,1
2020-04-27,15:44:00.624000,10551,10553,10551,1
2020-04-27,15:44:02.486000,10551,10552,10552,1
2020-04-27,15:44:03.233000,10552,10553,10552,1
2020-04-27,15:44:03.545000,10552,10553,10552,1
2020-04-27,15:44:06.022000,10552,10553,10552,1
2020-04-27,15:44:14.620000,10552,10553,10552,1
2020-04-27,15:44:15.214000,10551,10552,10552,2
2020-04-27,15:44:16.187000,10552,10553,10552,2
2020-04-27,15:44:16.187000,10552,10553,10551,1
2020-04-27,15:44:19.495000,10551,10552,10551,15
2020-04-27,15:44:22.694000,10551,10552,10551,2
2020-04-27,15:44:27.215000,10551,10552,10551,2
2020-04-27,15:44:29.223000,10551,10552,10551,1
2020-04-27,15:44:30.705000,10551,10552,10552,1
2020-04-27,15:44:31.923000,10552,10553,10552,1
2020-04-27,15:44:31.923000,10552,10553,10551,2
2020-04-27,15:44:32.995000,10551,10553,10551,1
2020-04-27,15:44:35.572000,10552,10553,10552,3
2020-04-27,15:44:35.573000,10552,10553,10552,2
2020-04-27,15:44:35.640000,10552,10553,10552,1
2020-04-27,15:44:40.516000,10552,10553,10552,1
2020-04-27,15:44:46.110000,10551,10552,10551,3
2020-04-27,15:44:48.323000,10551,10553,10552,1
2020-04-27,15:44:53.200000,10551,10553,10551,2
2020-04-27,15:44:54.727000,10551,10553,10553,5
2020-04-27,15:44:55.013000,10552,10553,10553,1
2020-04-27,15:45:00.666000,10552,10553,10552,1
2020-04-27,15:45:01.729000,10552,10553,10553,1
2020-04-27,15:45:01.788000,10552,10553,10553,1
2020-04-27,15:45:02.510000,10552,10554,10554,3
2020-04-27,15:45:09.945000,10552,10553,10553,1
2020-04-27,15:45:09.946000,10552,10553,10553,1
2020-04-27,15:45:10.603000,10553,10554,10552,1
2020-04-27,15:45:13.977000,10553,10554,10553,1
2020-04-27,15:45:18.110000,10553,10554,10553,1
2020-04-27,15:45:18.262000,10553,10554,10554,1
2020-04-27,15:45:20.356000,10553,10554,10553,2
2020-04-27,15:45:23.854000,10552,10553,10553,11
2020-04-27,15:45:26.404000,10553,10554,10553,1
2020-04-27,15:45:39.971000,10553,10554,10554,2
2020-04-27,15:45:39.971000,10553,10554,10554,1
2020-04-27,15:45:42.064000,10553,10555,10554,1
2020-04-27,15:45:49.131000,10554,10555,10554,1
2020-04-27,15:45:55.407000,10553,10555,10555,1
2020-04-27,15:46:00.629000,10554,10555,10555,19
2020-04-27,15:46:00.629000,10554,10555,10555,2
2020-04-27,15:46:00.822000,10555,10556,10556,1
2020-04-27,15:46:01.103000,10555,10556,10556,1
2020-04-27,15:46:01.369000,10555,10556,10556,2
2020-04-27,15:46:01.450000,10555,10556,10556,1
2020-04-27,15:46:01.450000,10555,10556,10556,1
2020-04-27,15:46:01.455000,10555,10556,10556,1
2020-04-27,15:46:01.455000,10555,10556,10556,1
2020-04-27,15:46:01.456000,10555,10556,10556,1
2020-04-27,15:46:01.456000,10555,10556,10556,1
2020-04-27,15:46:01.456000,10555,10556,10556,5
2020-04-27,15:46:01.459000,10555,10556,10557,1
2020-04-27,15:46:01.461000,10555,10556,10557,1
2020-04-27,15:46:01.462000,10555,10556,10557,1
2020-04-27,15:46:01.463000,10555,10556,10557,1
2020-04-27,15:46:01.465000,10555,10556,10557,3
2020-04-27,15:46:01.477000,10555,10556,10557,1
2020-04-27,15:46:02.247000,10556,10557,10557,1
2020-04-27,15:46:02.621000,10556,10557,10556,2
2020-04-27,15:46:03.469000,10556,10557,10557,1
2020-04-27,15:46:05.397000,10556,10557,10557,1
2020-04-27,15:46:06.553000,10556,10557,10557,1
2020-04-27,15:46:09.055000,10556,10557,10557,1
2020-04-27,15:46:11.345000,10556,10557,10557,1
2020-04-27,15:46:13.928000,10556,10557,10556,1
2020-04-27,15:46:13.928000,10556,10557,10556,1
2020-04-27,15:46:17.801000,10556,10557,10557,1
2020-04-27,15:46:21.960000,10556,10557,10557,1
2020-04-27,15:46:23.537000,10556,10557,10557,1
2020-04-27,15:46:24.525000,10556,10557,10556,1
2020-04-27,15:46:26.865000,10556,10557,10557,1
2020-04-27,15:46:29.323000,10556,10557,10557,2
2020-04-27,15:46:35.700000,10556,10557,10557,1
2020-04-27,15:46:40.967000,10556,10557,10557,3
2020-04-27,15:46:48.181000,10556,10557,10557,1
2020-04-27,15:46:51.907000,10556,10557,10557,1
2020-04-27,15:46:52.567000,10556,10557,10557,1
2020-04-27,15:46:55.496000,10556,10557,10557,1
2020-04-27,15:46:55.758000,10556,10557,10556,3
2020-04-27,15:46:58.747000,10556,10557,10557,1
2020-04-27,15:46:59.896000,10556,10557,10556,3
2020-04-27,15:46:59.943000,10556,10557,10557,1
2020-04-27,15:47:01.116000,10556,10557,10557,1
2020-04-27,15:47:01.229000,10556,10557,10557,1
2020-04-27,15:47:04.652000,10556,10557,10557,3
2020-04-27,15:47:04.655000,10556,10557,10557,3
2020-04-27,15:47:04.896000,10556,10558,10558,1
2020-04-27,15:47:04.987000,10556,10558,10558,1
2020-04-27,15:47:06.139000,10556,10558,10556,1
2020-04-27,15:47:06.600000,10556,10557,10557,1
2020-04-27,15:47:07.600000,10557,10558,10558,3
2020-04-27,15:47:11.370000,10557,10558,10557,1
2020-04-27,15:47:12.007000,10557,10558,10558,1
2020-04-27,15:47:14.224000,10557,10558,10558,1
2020-04-27,15:47:15.033000,10557,10558,10558,3
2020-04-27,15:47:15.448000,10557,10558,10558,2
2020-04-27,15:47:15.448000,10557,10558,10558,6
2020-04-27,15:47:15.448000,10557,10558,10558,1
2020-04-27,15:47:15.448000,10557,10558,10558,2
2020-04-27,15:47:18.902000,10558,10559,10558,1
2020-04-27,15:47:19.496000,10558,10559,10559,3
2020-04-27,15:47:19.496000,10558,10559,10559,3
2020-04-27,15:47:19.496000,10558,10559,10559,4
2020-04-27,15:47:20.697000,10559,10560,10559,2
2020-04-27,15:47:28.013000,10558,10559,10558,1
2020-04-27,15:47:28.335000,10558,10559,10559,1
2020-04-27,15:47:28.362000,10558,10559,10559,1
2020-04-27,15:47:29.395000,10558,10560,10560,1
2020-04-27,15:47:29.665000,10558,10560,10560,1
2020-04-27,15:47:29.853000,10558,10560,10560,1
2020-04-27,15:47:30.337000,10558,10560,10560,2
2020-04-27,15:47:32.312000,10558,10560,10559,1
2020-04-27,15:47:32.394000,10558,10559,10560,1
2020-04-27,15:47:33.816000,10559,10560,10559,1
2020-04-27,15:47:33.827000,10559,10560,10560,1
2020-04-27,15:47:33.994000,10559,10560,10559,3
2020-04-27,15:47:37.314000,10559,10560,10560,3
2020-04-27,15:47:39.184000,10559,10560,10560,1
2020-04-27,15:47:39.782000,10559,10560,10559,1
2020-04-27,15:47:42.259000,10559,10560,10559,1
2020-04-27,15:47:43.443000,10559,10560,10559,1
2020-04-27,15:47:43.721000,10559,10560,10559,3
2020-04-27,15:47:44.943000,10558,10560,10560,5
2020-04-27,15:47:48.661000,10559,10560,10559,3
2020-04-27,15:47:49.672000,10559,10560,10560,1
2020-04-27,15:47:50.470000,10559,10560,10559,1
2020-04-27,15:47:50.508000,10559,10560,10559,1
2020-04-27,15:47:51.760000,10559,10560,10559,1
2020-04-27,15:47:52.897000,10559,10560,10560,1
2020-04-27,15:47:58.836000,10559,10560,10559,1
2020-04-27,15:47:58.850000,10559,10560,10560,1
2020-04-27,15:47:59.974000,10559,10560,10560,1
2020-04-27,15:48:01.465000,10559,10560,10559,1
2020-04-27,15:48:01.602000,10558,10559,10559,1
2020-04-27,15:48:01.673000,10558,10559,10558,1
2020-04-27,15:48:04.099000,10558,10559,10558,1
2020-04-27,15:48:04.673000,10558,10559,10559,2
2020-04-27,15:48:07.072000,10558,10559,10558,1
2020-04-27,15:48:07.073000,10558,10559,10558,2
2020-04-27,15:48:07.073000,10558,10559,10558,9
2020-04-27,15:48:08.129000,10557,10558,10558,3
2020-04-27,15:48:09.751000,10557,10558,10557,1
2020-04-27,15:48:16.507000,10557,10558,10558,1
2020-04-27,15:48:17.054000,10557,10558,10558,2
2020-04-27,15:48:17.975000,10557,10559,10559,1
2020-04-27,15:48:18.180000,10557,10559,10559,1
2020-04-27,15:48:18.464000,10557,10559,10557,1
2020-04-27,15:48:20.767000,10558,10559,10559,1
2020-04-27,15:48:20.904000,10558,10559,10559,1
2020-04-27,15:48:23.724000,10558,10559,10559,1
2020-04-27,15:48:29.166000,10558,10559,10558,1
2020-04-27,15:48:39.526000,10558,10559,10559,1
2020-04-27,15:48:47.328000,10558,10559,10559,1
2020-04-27,15:48:47.328000,10558,10559,10559,1
2020-04-27,15:48:47.328000,10558,10559,10559,2
2020-04-27,15:48:48.118000,10559,10560,10559,1
2020-04-27,15:48:50.267000,10559,10560,10559,1
2020-04-27,15:48:50.544000,10559,10560,10559,1
2020-04-27,15:48:55.795000,10559,10560,10559,1
2020-04-27,15:48:55.838000,10559,10560,10559,1
2020-04-27,15:48:59.249000,10559,10560,10559,1
2020-04-27,15:49:03.646000,10558,10559,10559,1
2020-04-27,15:49:08.396000,10559,10560,10559,1
2020-04-27,15:49:08.770000,10559,10560,10559,1
2020-04-27,15:49:12.425000,10558,10559,10559,1
2020-04-27,15:49:14.630000,10559,10560,10559,1
2020-04-27,15:49:16.607000,10558,10559,10559,1
2020-04-27,15:49:17.352000,10558,10559,10559,1
2020-04-27,15:49:23.656000,10558,10559,10559,1
2020-04-27,15:49:25.850000,10558,10559,10558,4
2020-04-27,15:49:28.434000,10558,10559,10559,1
2020-04-27,15:49:28.435000,10558,10559,10559,1
2020-04-27,15:49:28.444000,10558,10559,10559,1
2020-04-27,15:49:28.451000,10558,10559,10560,1
2020-04-27,15:49:29.287000,10558,10559,10559,2
2020-04-27,15:49:29.311000,10558,10559,10559,1
2020-04-27,15:49:29.311000,10558,10559,10560,1
2020-04-27,15:49:31.696000,10559,10560,10559,1
2020-04-27,15:49:33.688000,10558,10559,10559,1
2020-04-27,15:49:36.364000,10558,10559,10559,1
2020-04-27,15:49:38.776000,10558,10559,10559,1
2020-04-27,15:49:41.141000,10558,10559,10559,1
2020-04-27,15:49:42.857000,10558,10559,10559,1
2020-04-27,15:49:46.553000,10558,10559,10559,1
2020-04-27,15:49:46.569000,10558,10559,10559,1
2020-04-27,15:49:47.172000,10558,10559,10559,1
2020-04-27,15:49:54.681000,10559,10560,10559,1
2020-04-27,15:49:57.096000,10559,10560,10560,9
2020-04-27,15:49:57.577000,10559,10560,10560,1
2020-04-27,15:49:57.577000,10559,10560,10560,1
2020-04-27,15:49:57.577000,10559,10560,10560,2
2020-04-27,15:49:57.577000,10559,10560,10560,1
2020-04-27,15:49:57.577000,10559,10560,10560,4
2020-04-27,15:49:57.577000,10559,10560,10560,2
2020-04-27,15:49:57.577000,10559,10560,10560,5
2020-04-27,15:49:58.933000,10560,10561,10561,7
2020-04-27,15:49:58.934000,10560,10561,10561,3
2020-04-27,15:49:58.984000,10560,10562,10562,5
2020-04-27,15:49:59.017000,10560,10562,10562,1
2020-04-27,15:49:59.102000,10561,10562,10562,3
2020-04-27,15:49:59.490000,10561,10562,10562,2
2020-04-27,15:49:59.507000,10561,10562,10562,2
2020-04-27,15:50:00.159000,10561,10562,10561,1
2020-04-27,15:50:00.435000,10561,10563,10563,2
2020-04-27,15:50:00.665000,10561,10563,10562,2
2020-04-27,15:50:00.666000,10561,10563,10562,1
2020-04-27,15:50:01.487000,10562,10563,10563,3
2020-04-27,15:50:01.488000,10562,10563,10563,2
2020-04-27,15:50:02.356000,10562,10563,10562,1
2020-04-27,15:50:02.456000,10561,10562,10562,2
2020-04-27,15:50:02.456000,10561,10562,10563,8
2020-04-27,15:50:03.804000,10560,10562,10562,8
2020-04-27,15:50:05.449000,10562,10563,10562,1
2020-04-27,15:50:10.702000,10561,10562,10562,1
2020-04-27,15:50:11.460000,10561,10562,10562,1
2020-04-27,15:50:12.363000,10562,10563,10562,1
2020-04-27,15:50:12.617000,10562,10563,10562,1
2020-04-27,15:50:17.177000,10562,10563,10563,1
2020-04-27,15:50:17.591000,10562,10563,10562,1
2020-04-27,15:50:21.659000,10562,10563,10563,1
2020-04-27,15:50:21.912000,10562,10563,10562,8
2020-04-27,15:50:22.167000,10561,10562,10562,1
2020-04-27,15:50:22.870000,10561,10562,10562,2
2020-04-27,15:50:24.760000,10561,10563,10561,1
2020-04-27,15:50:25.798000,10561,10563,10563,2
2020-04-27,15:50:26.808000,10562,10563,10562,1
2020-04-27,15:50:27.403000,10561,10563,10561,1
2020-04-27,15:50:27.962000,10561,10562,10561,2
2020-04-27,15:50:31.328000,10561,10562,10561,1
2020-04-27,15:50:32.185000,10560,10561,10561,1
2020-04-27,15:50:32.525000,10560,10561,10560,1
2020-04-27,15:50:33.633000,10561,10562,10562,2
2020-04-27,15:50:34.155000,10561,10562,10561,1
2020-04-27,15:50:35.623000,10560,10561,10560,3
2020-04-27,15:50:35.802000,10560,10561,10560,1
2020-04-27,15:50:36.239000,10560,10561,10560,10
2020-04-27,15:50:36.362000,10559,10561,10561,1
2020-04-27,15:50:38.162000,10559,10560,10560,3
2020-04-27,15:50:38.162000,10559,10560,10561,2
2020-04-27,15:50:44.557000,10559,10560,10559,4
2020-04-27,15:50:45.204000,10558,10560,10559,1
2020-04-27,15:50:46.968000,10559,10560,10559,1
2020-04-27,15:50:46.968000,10559,10560,10558,1
2020-04-27,15:50:47.590000,10558,10560,10558,1
2020-04-27,15:50:49.724000,10559,10560,10560,2
2020-04-27,15:50:52.474000,10559,10560,10560,1
2020-04-27,15:50:53.313000,10560,10561,10560,1
2020-04-27,15:50:58.985000,10559,10560,10559,1
2020-04-27,15:51:00.904000,10558,10560,10560,1
2020-04-27,15:51:05.424000,10558,10559,10559,1
2020-04-27,15:51:05.765000,10559,10560,10559,1
2020-04-27,15:51:06.551000,10559,10560,10560,1
2020-04-27,15:51:12.813000,10559,10560,10560,1
2020-04-27,15:51:15.180000,10560,10561,10560,1
2020-04-27,15:51:20.060000,10560,10561,10561,1
2020-04-27,15:51:25.221000,10560,10562,10562,1
2020-04-27,15:51:30.360000,10561,10562,10562,1
2020-04-27,15:51:33.643000,10561,10562,10562,1
2020-04-27,15:51:37.095000,10561,10562,10562,1
2020-04-27,15:51:38.435000,10561,10562,10562,2
2020-04-27,15:51:39.451000,10561,10562,10562,2
2020-04-27,15:51:40.081000,10562,10563,10562,1
2020-04-27,15:51:41.694000,10561,10562,10561,1
2020-04-27,15:51:42.230000,10560,10562,10562,1
2020-04-27,15:51:43.860000,10561,10562,10561,4
2020-04-27,15:51:44.126000,10560,10561,10561,2
2020-04-27,15:51:44.327000,10560,10561,10560,9
2020-04-27,15:51:45.476000,10559,10560,10560,2
2020-04-27,15:51:46.845000,10559,10560,10559,4
2020-04-27,15:51:47.341000,10558,10560,10560,3
2020-04-27,15:51:47.532000,10559,10560,10559,1
2020-04-27,15:51:49.650000,10558,10559,10559,2
2020-04-27,15:51:52.073000,10560,10561,10560,1
2020-04-27,15:51:58.212000,10560,10561,10560,1
2020-04-27,15:52:15.889000,10560,10561,10561,1
2020-04-27,15:52:18.813000,10560,10561,10561,1
2020-04-27,15:52:20.284000,10560,10561,10561,4
2020-04-27,15:52:20.284000,10560,10561,10561,1
2020-04-27,15:52:21.326000,10560,10561,10561,2
2020-04-27,15:52:21.427000,10560,10561,10562,1
2020-04-27,15:52:25.025000,10560,10561,10561,1
2020-04-27,15:52:32.531000,10561,10562,10561,1
2020-04-27,15:52:34.207000,10561,10562,10561,1
2020-04-27,15:52:36.483000,10561,10562,10561,1
2020-04-27,15:52:44.117000,10561,10562,10561,1
2020-04-27,15:52:44.117000,10561,10562,10561,1
2020-04-27,15:52:50.129000,10560,10561,10560,10
2020-04-27,15:52:53.335000,10559,10560,10559,1
2020-04-27,15:52:56.018000,10559,10560,10560,1
2020-04-27,15:53:02.211000,10559,10560,10560,1
2020-04-27,15:53:03.572000,10559,10560,10560,1
2020-04-27,15:53:14.835000,10559,10560,10560,1
2020-04-27,15:53:15.685000,10559,10560,10559,1
2020-04-27,15:53:15.685000,10559,10560,10559,6
2020-04-27,15:53:16.189000,10558,10559,10558,7
2020-04-27,15:53:16.197000,10557,10559,10557,1
2020-04-27,15:53:17.457000,10557,10559,10559,2
2020-04-27,15:53:21.898000,10557,10558,10557,24
2020-04-27,15:53:22.021000,10556,10557,10556,1
2020-04-27,15:53:22.021000,10556,10557,10556,5
2020-04-27,15:53:22.021000,10556,10557,10556,2
2020-04-27,15:53:22.021000,10556,10557,10556,1
2020-04-27,15:53:22.123000,10555,10557,10555,2
2020-04-27,15:53:23.247000,10555,10557,10555,1
2020-04-27,15:53:24.378000,10555,10556,10556,1
2020-04-27,15:53:31.842000,10557,10558,10557,1
2020-04-27,15:53:35.352000,10557,10559,10559,2
2020-04-27,15:53:41.160000,10558,10559,10559,1
2020-04-27,15:53:56.730000,10558,10559,10559,1
2020-04-27,15:53:59.613000,10558,10559,10558,1
2020-04-27,15:54:02.933000,10558,10559,10558,1
2020-04-27,15:54:08.719000,10558,10559,10558,1
2020-04-27,15:54:09.901000,10557,10558,10558,1
2020-04-27,15:54:15.605000,10557,10558,10558,3
2020-04-27,15:54:19.253000,10557,10558,10558,2
2020-04-27,15:54:21.798000,10557,10558,10558,1
2020-04-27,15:54:22.608000,10557,10558,10557,1
2020-04-27,15:54:23.381000,10557,10558,10557,1
2020-04-27,15:54:24.313000,10557,10558,10557,1
2020-04-27,15:54:24.620000,10557,10558,10557,1
2020-04-27,15:54:24.620000,10557,10558,10557,1
2020-04-27,15:54:24.620000,10557,10558,10557,3
2020-04-27,15:54:30.170000,10555,10556,10556,1
2020-04-27,15:54:36.123000,10555,10556,10555,5
2020-04-27,15:54:36.123000,10555,10556,10555,2
2020-04-27,15:54:36.123000,10555,10556,10555,1
2020-04-27,15:54:36.123000,10555,10556,10555,1
2020-04-27,15:54:36.123000,10555,10556,10555,5
2020-04-27,15:54:36.123000,10555,10556,10555,1
2020-04-27,15:54:36.123000,10555,10556,10555,3
2020-04-27,15:54:36.181000,10555,10556,10554,1
2020-04-27,15:54:36.195000,10554,10555,10554,2
2020-04-27,15:54:36.424000,10554,10555,10555,4
2020-04-27,15:54:36.978000,10554,10555,10555,1
2020-04-27,15:54:38.109000,10554,10555,10555,1
2020-04-27,15:54:38.536000,10554,10555,10554,4
2020-04-27,15:54:39.373000,10554,10556,10554,1
2020-04-27,15:54:43.026000,10554,10555,10554,1
2020-04-27,15:54:43.583000,10554,10555,10555,1
2020-04-27,15:54:46.458000,10554,10555,10555,1
2020-04-27,15:54:47.006000,10554,10555,10555,1
2020-04-27,15:54:58.012000,10554,10555,10554,1
2020-04-27,15:55:02.319000,10554,10555,10554,4
2020-04-27,15:55:04.019000,10554,10555,10554,1
2020-04-27,15:55:04.634000,10554,10555,10554,1
2020-04-27,15:55:10.799000,10554,10555,10554,2
2020-04-27,15:55:12.062000,10553,10554,10554,4
2020-04-27,15:55:14.258000,10554,10555,10554,2
2020-04-27,15:55:14.341000,10553,10554,10554,1
2020-04-27,15:55:16.895000,10553,10555,10554,3
2020-04-27,15:55:17.005000,10553,10555,10553,1
2020-04-27,15:55:19.718000,10553,10555,10553,1
2020-04-27,15:55:20.342000,10553,10555,10553,1
2020-04-27,15:55:26.278000,10553,10555,10553,1
2020-04-27,15:55:29.252000,10553,10554,10554,1
2020-04-27,15:55:47.920000,10554,10555,10554,2
2020-04-27,15:55:48.223000,10554,10555,10555,2
2020-04-27,15:55:58.584000,10554,10555,10555,3
2020-04-27,15:56:04.526000,10555,10556,10555,1
2020-04-27,15:56:07.586000,10555,10556,10556,1
2020-04-27,15:56:07.586000,10555,10556,10556,3
2020-04-27,15:56:07.586000,10555,10556,10556,2
2020-04-27,15:56:08.700000,10556,10557,10556,1
2020-04-27,15:56:19.686000,10555,10556,10556,1
2020-04-27,15:56:25.282000,10555,10556,10556,1
2020-04-27,15:56:40.032000,10555,10556,10555,4
2020-04-27,15:56:40.032000,10555,10556,10555,1
2020-04-27,15:56:41.005000,10554,10555,10555,2
2020-04-27,15:56:41.715000,10554,10555,10555,1
2020-04-27,15:56:46.385000,10554,10555,10555,1
2020-04-27,15:56:51.431000,10554,10555,10554,1
2020-04-27,15:56:56.161000,10554,10555,10554,1
2020-04-27,15:56:56.930000,10554,10555,10554,1
2020-04-27,15:56:57.497000,10554,10555,10555,1
2020-04-27,15:56:57.498000,10554,10555,10555,1
2020-04-27,15:56:58.807000,10554,10556,10554,1
2020-04-27,15:57:02.449000,10554,10555,10554,3
2020-04-27,15:57:03.758000,10554,10555,10555,1
2020-04-27,15:57:14.929000,10555,10556,10555,1
2020-04-27,15:57:19.962000,10555,10556,10555,1
2020-04-27,15:57:29.721000,10555,10556,10555,1
2020-04-27,15:57:30.626000,10555,10556,10556,1
2020-04-27,15:57:30.626000,10555,10556,10556,1
2020-04-27,15:57:30.626000,10555,10556,10556,1
2020-04-27,15:57:31.989000,10555,10557,10555,1
2020-04-27,15:57:32.411000,10555,10557,10557,1
2020-04-27,15:57:51.023000,10555,10556,10555,4
2020-04-27,15:57:55.779000,10555,10556,10555,1
2020-04-27,15:58:03.526000,10555,10556,10555,1
2020-04-27,15:58:10.965000,10554,10555,10555,1
2020-04-27,15:58:49.094000,10555,10556,10556,1
2020-04-27,15:58:51.477000,10555,10556,10555,1
2020-04-27,15:58:56.604000,10554,10556,10556,1
2020-04-27,15:59:01.118000,10555,10556,10555,2
2020-04-27,15:59:05.571000,10554,10555,10554,1
2020-04-27,15:59:08.760000,10554,10555,10555,3
2020-04-27,15:59:12.834000,10554,10556,10554,1
2020-04-27,15:59:23.094000,10555,10556,10556,1
2020-04-27,15:59:23.774000,10555,10556,10556,1
2020-04-27,15:59:23.774000,10555,10556,10556,1
2020-04-27,15:59:29.078000,10556,10557,10557,1
2020-04-27,15:59:29.245000,10556,10557,10556,1
2020-04-27,15:59:32.229000,10555,10556,10556,1
2020-04-27,15:59:33.857000,10556,10557,10556,1
2020-04-27,15:59:38.161000,10555,10556,10555,6
2020-04-27,15:59:38.161000,10555,10556,10555,1
2020-04-27,15:59:38.161000,10555,10556,10555,1
2020-04-27,15:59:38.161000,10555,10556,10555,1
2020-04-27,15:59:38.161000,10555,10556,10555,1
2020-04-27,15:59:40.842000,10555,10556,10556,1
2020-04-27,15:59:41.384000,10555,10556,10556,1
2020-04-27,15:59:42.726000,10556,10557,10556,1
2020-04-27,15:59:53.694000,10556,10557,10557,2
2020-04-27,15:59:53.694000,10556,10557,10557,2
2020-04-27,16:00:00.125000,10556,10558,10557,1
2020-04-27,16:00:00.513000,10556,10558,10558,1
2020-04-27,16:00:00.575000,10556,10558,10558,1
2020-04-27,16:00:01.004000,10556,10558,10558,2
2020-04-27,16:00:02.244000,10556,10558,10558,1
2020-04-27,16:00:05.769000,10556,10557,10556,2
2020-04-27,16:00:05.769000,10556,10557,10556,5
2020-04-27,16:00:05.769000,10556,10557,10556,3
2020-04-27,16:00:05.816000,10555,10556,10555,2
2020-04-27,16:00:05.841000,10555,10556,10555,2
2020-04-27,16:00:05.841000,10555,10556,10555,1
2020-04-27,16:00:06.389000,10554,10556,10556,1
2020-04-27,16:00:08.694000,10554,10555,10554,1
2020-04-27,16:00:08.694000,10554,10555,10554,1
2020-04-27,16:00:08.694000,10554,10555,10554,3
2020-04-27,16:00:11.140000,10554,10555,10554,1
2020-04-27,16:00:12.902000,10553,10555,10553,1
2020-04-27,16:00:15.410000,10553,10555,10555,10
2020-04-27,16:00:19.257000,10554,10555,10555,1
2020-04-27,16:00:22.437000,10555,10556,10556,1
2020-04-27,16:00:25.613000,10555,10557,10555,1
2020-04-27,16:00:29.081000,10555,10556,10556,1
2020-04-27,16:00:30.375000,10555,10556,10556,2
2020-04-27,16:00:30.376000,10555,10556,10556,1
2020-04-27,16:00:36.881000,10556,10557,10557,1
2020-04-27,16:00:57.941000,10555,10556,10555,1
2020-04-27,16:01:01.170000,10555,10556,10555,1
2020-04-27,16:01:17.808000,10554,10555,10554,2
2020-04-27,16:01:20.786000,10553,10554,10553,14
2020-04-27,16:01:22.329000,10552,10554,10554,1
2020-04-27,16:01:35.331000,10552,10553,10552,1
2020-04-27,16:01:35.331000,10552,10553,10552,6
2020-04-27,16:01:35.331000,10552,10553,10552,1
2020-04-27,16:01:35.331000,10552,10553,10552,3
2020-04-27,16:01:35.331000,10552,10553,10552,1
2020-04-27,16:01:35.629000,10551,10553,10551,1
2020-04-27,16:01:35.753000,10551,10553,10551,1
2020-04-27,16:01:39.529000,10551,10552,10552,1
2020-04-27,16:01:42.343000,10551,10553,10553,1
2020-04-27,16:01:45.734000,10552,10553,10552,1
2020-04-27,16:01:45.923000,10551,10552,10551,1
2020-04-27,16:01:46.115000,10551,10552,10552,1
2020-04-27,16:01:49.659000,10551,10552,10552,1
2020-04-27,16:01:52.399000,10552,10553,10552,1
2020-04-27,16:01:54.360000,10552,10553,10552,1
2020-04-27,16:01:54.765000,10551,10552,10552,1
2020-04-27,16:01:55.419000,10551,10552,10551,2
2020-04-27,16:01:58.082000,10551,10552,10551,1
2020-04-27,16:02:11.969000,10551,10552,10551,1
2020-04-27,16:02:13.631000,10551,10552,10551,1
2020-04-27,16:02:14.969000,10551,10552,10551,1
2020-04-27,16:02:14.969000,10551,10552,10551,1
2020-04-27,16:02:14.969000,10551,10552,10551,1
2020-04-27,16:02:14.970000,10551,10552,10551,1
2020-04-27,16:02:14.970000,10551,10552,10551,3
2020-04-27,16:02:14.970000,10551,10552,10551,7
2020-04-27,16:02:14.970000,10551,10552,10551,16
2020-04-27,16:02:14.970000,10551,10552,10551,1
2020-04-27,16:02:15.066000,10550,10551,10550,2
2020-04-27,16:02:15.091000,10550,10551,10550,2
2020-04-27,16:02:15.117000,10550,10551,10550,2
2020-04-27,16:02:15.167000,10550,10551,10551,2
2020-04-27,16:02:15.191000,10550,10551,10551,2
2020-04-27,16:02:15.197000,10550,10551,10550,1
2020-04-27,16:02:15.216000,10550,10551,10551,2
2020-04-27,16:02:15.404000,10550,10551,10550,1
2020-04-27,16:02:18.300000,10550,10551,10550,1
2020-04-27,16:02:18.555000,10550,10551,10550,1
2020-04-27,16:02:19.175000,10550,10551,10551,2
2020-04-27,16:02:19.175000,10550,10551,10552,2
2020-04-27,16:02:20.990000,10550,10551,10551,1
2020-04-27,16:02:21.086000,10550,10551,10550,6
2020-04-27,16:02:22.986000,10550,10551,10550,1
2020-04-27,16:02:24.194000,10550,10551,10550,1
2020-04-27,16:02:28.183000,10550,10551,10550,10
2020-04-27,16:02:28.469000,10550,10551,10550,1
2020-04-27,16:02:29.915000,10550,10551,10551,1
2020-04-27,16:02:30.341000,10550,10551,10550,1
2020-04-27,16:02:47.784000,10550,10551,10551,1
2020-04-27,16:02:47.789000,10550,10551,10550,1
2020-04-27,16:02:48.369000,10550,10551,10550,2
2020-04-27,16:02:51.622000,10550,10551,10550,1
2020-04-27,16:02:52.401000,10550,10551,10550,1
2020-04-27,16:02:53.899000,10550,10551,10550,1
2020-04-27,16:02:57.123000,10550,10551,10550,1
2020-04-27,16:02:58.331000,10550,10551,10550,3
2020-04-27,16:02:58.623000,10550,10551,10550,1
2020-04-27,16:03:00.106000,10550,10551,10551,1
2020-04-27,16:03:00.504000,10550,10551,10550,1
2020-04-27,16:03:00.510000,10550,10551,10550,1
2020-04-27,16:03:02.264000,10550,10551,10550,1
2020-04-27,16:03:02.360000,10550,10551,10550,3
2020-04-27,16:03:03.240000,10549,10551,10549,2
2020-04-27,16:03:03.254000,10549,10551,10549,7
2020-04-27,16:03:03.261000,10549,10551,10549,1
2020-04-27,16:03:03.265000,10549,10551,10549,1
2020-04-27,16:03:03.782000,10549,10551,10549,1
2020-04-27,16:03:03.916000,10549,10551,10549,1
2020-04-27,16:03:04.565000,10549,10550,10550,1
2020-04-27,16:03:05.469000,10549,10550,10550,2
2020-04-27,16:03:08.500000,10550,10551,10550,4
2020-04-27,16:03:11.720000,10550,10551,10550,4
2020-04-27,16:03:11.797000,10550,10551,10550,1
2020-04-27,16:03:15.203000,10550,10551,10550,1
2020-04-27,16:03:18.176000,10549,10550,10550,1
2020-04-27,16:03:19.408000,10549,10550,10550,1
2020-04-27,16:03:19.452000,10549,10551,10550,1
2020-04-27,16:03:19.953000,10549,10551,10551,3
2020-04-27,16:03:20.581000,10550,10551,10551,1
2020-04-27,16:03:21.338000,10550,10551,10550,3
2020-04-27,16:03:26.561000,10550,10551,10550,1
2020-04-27,16:03:31.596000,10550,10551,10550,2
2020-04-27,16:03:31.728000,10549,10550,10550,1
2020-04-27,16:03:38.838000,10550,10551,10550,1
2020-04-27,16:03:44.206000,10549,10550,10550,3
2020-04-27,16:03:44.549000,10550,10551,10550,1
2020-04-27,16:03:44.569000,10550,10551,10550,1
2020-04-27,16:03:49.098000,10549,10550,10550,1
2020-04-27,16:03:54.508000,10550,10551,10550,1
2020-04-27,16:03:58.913000,10550,10551,10550,1
2020-04-27,16:04:00.413000,10550,10551,10550,4
2020-04-27,16:04:02.163000,10550,10551,10550,8
2020-04-27,16:04:03.412000,10550,10551,10551,8
2020-04-27,16:04:08.005000,10550,10551,10551,2
2020-04-27,16:04:10.432000,10551,10552,10551,1
2020-04-27,16:04:23.815000,10551,10552,10552,14
2020-04-27,16:04:27.510000,10552,10553,10553,3
2020-04-27,16:04:28.118000,10552,10553,10552,1
2020-04-27,16:04:33.739000,10551,10552,10552,1
