2021-03-11,15:00:00.042000,16160,16161,16163,140
2021-03-11,15:00:00.044000,16163,16164,16164,1
2021-03-11,15:00:00.129000,16163,16166,16166,1
2021-03-11,15:00:00.137000,16163,16166,16163,1
2021-03-11,15:00:00.226000,16163,16166,16165,1
2021-03-11,15:00:00.229000,16163,16166,16166,1
2021-03-11,15:00:00.241000,16163,16166,16166,4
2021-03-11,15:00:00.241000,16163,16166,16167,1
2021-03-11,15:00:00.259000,16164,16167,16167,1
2021-03-11,15:00:00.278000,16164,16167,16167,1
2021-03-11,15:00:00.283000,16164,16167,16167,1
2021-03-11,15:00:00.331000,16164,16167,16166,1
2021-03-11,15:00:00.333000,16164,16167,16167,1
2021-03-11,15:00:00.340000,16164,16167,16167,1
2021-03-11,15:00:00.344000,16164,16167,16167,1
2021-03-11,15:00:00.388000,16164,16166,16166,1
2021-03-11,15:00:00.400000,16164,16166,16167,2
2021-03-11,15:00:00.413000,16164,16166,16167,1
2021-03-11,15:00:00.415000,16164,16166,16167,3
2021-03-11,15:00:00.423000,16164,16166,16167,1
2021-03-11,15:00:00.427000,16164,16166,16167,1
2021-03-11,15:00:00.429000,16164,16166,16167,1
2021-03-11,15:00:00.448000,16164,16166,16167,1
2021-03-11,15:00:00.460000,16164,16166,16168,1
2021-03-11,15:00:00.462000,16164,16166,16168,1
2021-03-11,15:00:00.462000,16164,16166,16168,1
2021-03-11,15:00:00.463000,16164,16166,16168,1
2021-03-11,15:00:00.463000,16164,16166,16168,1
2021-03-11,15:00:00.464000,16164,16166,16169,1
2021-03-11,15:00:00.464000,16164,16166,16168,1
2021-03-11,15:00:00.490000,16164,16166,16169,1
2021-03-11,15:00:00.490000,16164,16166,16169,1
2021-03-11,15:00:00.491000,16164,16166,16168,1
2021-03-11,15:00:00.492000,16164,16166,16168,1
2021-03-11,15:00:00.493000,16164,16166,16168,1
2021-03-11,15:00:00.496000,16164,16166,16168,1
2021-03-11,15:00:00.500000,16164,16166,16169,1
2021-03-11,15:00:00.501000,16164,16166,16169,6
2021-03-11,15:00:00.503000,16167,16169,16169,1
2021-03-11,15:00:00.507000,16167,16169,16169,1
2021-03-11,15:00:00.521000,16167,16169,16168,1
2021-03-11,15:00:00.521000,16167,16169,16167,1
2021-03-11,15:00:00.522000,16167,16169,16168,1
2021-03-11,15:00:00.522000,16167,16169,16168,1
2021-03-11,15:00:00.525000,16167,16169,16170,1
2021-03-11,15:00:00.545000,16167,16169,16168,1
2021-03-11,15:00:00.552000,16167,16169,16168,1
2021-03-11,15:00:00.552000,16167,16169,16168,1
2021-03-11,15:00:00.572000,16167,16169,16170,1
2021-03-11,15:00:00.579000,16167,16169,16170,1
2021-03-11,15:00:00.580000,16167,16169,16170,1
2021-03-11,15:00:00.612000,16167,16169,16170,2
2021-03-11,15:00:00.648000,16167,16170,16170,1
2021-03-11,15:00:00.651000,16167,16170,16167,4
2021-03-11,15:00:00.651000,16167,16170,16166,1
2021-03-11,15:00:00.658000,16167,16170,16168,1
2021-03-11,15:00:00.676000,16167,16170,16169,1
2021-03-11,15:00:00.678000,16167,16170,16170,1
2021-03-11,15:00:00.690000,16167,16170,16170,1
2021-03-11,15:00:00.708000,16167,16170,16168,1
2021-03-11,15:00:00.708000,16167,16170,16170,1
2021-03-11,15:00:00.717000,16167,16170,16170,1
2021-03-11,15:00:00.735000,16167,16170,16170,1
2021-03-11,15:00:00.741000,16167,16170,16170,1
2021-03-11,15:00:00.751000,16167,16170,16171,1
2021-03-11,15:00:00.751000,16167,16170,16172,2
2021-03-11,15:00:00.752000,16169,16172,16172,1
2021-03-11,15:00:00.768000,16169,16172,16173,1
2021-03-11,15:00:00.772000,16169,16172,16173,1
2021-03-11,15:00:00.789000,16169,16172,16170,1
2021-03-11,15:00:00.799000,16169,16172,16169,1
2021-03-11,15:00:00.807000,16169,16172,16172,2
2021-03-11,15:00:00.813000,16169,16172,16173,1
2021-03-11,15:00:00.829000,16169,16172,16173,2
2021-03-11,15:00:00.831000,16169,16172,16171,1
2021-03-11,15:00:00.837000,16169,16172,16170,1
2021-03-11,15:00:00.837000,16169,16172,16169,2
2021-03-11,15:00:00.837000,16169,16172,16168,2
2021-03-11,15:00:00.837000,16169,16172,16167,2
2021-03-11,15:00:00.843000,16169,16172,16165,1
2021-03-11,15:00:00.870000,16169,16172,16165,1
2021-03-11,15:00:00.870000,16169,16172,16166,1
2021-03-11,15:00:00.880000,16164,16171,16169,1
2021-03-11,15:00:00.891000,16164,16171,16169,1
2021-03-11,15:00:00.897000,16164,16171,16170,3
2021-03-11,15:00:00.905000,16164,16171,16171,1
2021-03-11,15:00:01.065000,16165,16171,16171,2
2021-03-11,15:00:01.065000,16165,16171,16172,2
2021-03-11,15:00:01.088000,16165,16171,16165,1
2021-03-11,15:00:01.088000,16165,16171,16164,1
2021-03-11,15:00:01.100000,16165,16171,16171,1
2021-03-11,15:00:01.118000,16165,16171,16172,1
2021-03-11,15:00:01.254000,16169,16172,16172,1
2021-03-11,15:00:01.254000,16169,16172,16173,1
2021-03-11,15:00:01.263000,16169,16172,16174,1
2021-03-11,15:00:01.269000,16169,16172,16174,1
2021-03-11,15:00:01.291000,16169,16172,16174,2
2021-03-11,15:00:01.294000,16169,16172,16174,1
2021-03-11,15:00:01.308000,16169,16172,16170,2
2021-03-11,15:00:01.309000,16169,16172,16170,1
2021-03-11,15:00:01.426000,16169,16174,16174,1
2021-03-11,15:00:01.427000,16169,16174,16174,1
2021-03-11,15:00:01.450000,16169,16174,16169,1
2021-03-11,15:00:01.464000,16169,16174,16173,1
2021-03-11,15:00:01.469000,16169,16174,16173,1
2021-03-11,15:00:01.490000,16169,16174,16171,1
2021-03-11,15:00:01.543000,16169,16173,16173,1
2021-03-11,15:00:01.583000,16169,16173,16174,1
2021-03-11,15:00:01.623000,16169,16173,16170,2
2021-03-11,15:00:01.828000,16170,16171,16171,2
2021-03-11,15:00:01.828000,16170,16171,16170,1
2021-03-11,15:00:01.891000,16170,16173,16172,1
2021-03-11,15:00:01.891000,16170,16173,16170,1
2021-03-11,15:00:01.997000,16170,16173,16172,1
2021-03-11,15:00:01.998000,16170,16173,16170,1
2021-03-11,15:00:02.048000,16170,16173,16173,1
2021-03-11,15:00:02.049000,16170,16173,16171,1
2021-03-11,15:00:02.115000,16170,16173,16170,1
2021-03-11,15:00:02.125000,16170,16173,16169,3
2021-03-11,15:00:02.127000,16167,16169,16169,1
2021-03-11,15:00:02.231000,16167,16169,16171,1
2021-03-11,15:00:02.271000,16170,16172,16171,1
2021-03-11,15:00:02.516000,16170,16172,16172,1
2021-03-11,15:00:02.561000,16170,16172,16172,1
2021-03-11,15:00:02.732000,16170,16173,16173,1
2021-03-11,15:00:02.782000,16170,16173,16170,1
2021-03-11,15:00:02.788000,16170,16173,16173,2
2021-03-11,15:00:02.788000,16170,16173,16170,1
2021-03-11,15:00:03.172000,16170,16171,16171,1
2021-03-11,15:00:03.172000,16170,16171,16170,1
2021-03-11,15:00:03.211000,16170,16171,16169,1
2021-03-11,15:00:03.227000,16170,16171,16170,1
2021-03-11,15:00:03.227000,16170,16171,16171,1
2021-03-11,15:00:03.321000,16169,16172,16172,1
2021-03-11,15:00:03.762000,16170,16171,16170,1
2021-03-11,15:00:04.752000,16169,16170,16169,1
2021-03-11,15:00:04.950000,16168,16170,16170,2
2021-03-11,15:00:05.116000,16168,16170,16170,1
2021-03-11,15:00:05.693000,16168,16170,16170,1
2021-03-11,15:00:05.752000,16168,16170,16170,1
2021-03-11,15:00:05.754000,16168,16170,16170,1
2021-03-11,15:00:06.004000,16169,16171,16171,1
2021-03-11,15:00:06.695000,16169,16171,16171,1
2021-03-11,15:00:06.819000,16169,16171,16171,1
2021-03-11,15:00:06.888000,16169,16171,16171,1
2021-03-11,15:00:07.204000,16169,16171,16171,2
2021-03-11,15:00:07.204000,16169,16171,16172,2
2021-03-11,15:00:07.765000,16168,16170,16170,2
2021-03-11,15:00:07.775000,16168,16170,16170,1
2021-03-11,15:00:07.775000,16168,16170,16171,1
2021-03-11,15:00:07.782000,16168,16170,16171,1
2021-03-11,15:00:07.782000,16168,16170,16171,1
2021-03-11,15:00:07.792000,16168,16170,16171,1
2021-03-11,15:00:08.226000,16170,16171,16170,1
2021-03-11,15:00:08.424000,16169,16171,16171,1
2021-03-11,15:00:08.424000,16169,16171,16172,3
2021-03-11,15:00:09.453000,16170,16171,16171,1
2021-03-11,15:00:09.453000,16170,16171,16172,13
2021-03-11,15:00:09.453000,16170,16171,16173,2
2021-03-11,15:00:09.453000,16170,16171,16174,9
2021-03-11,15:00:09.502000,16172,16174,16174,1
2021-03-11,15:00:09.503000,16172,16174,16174,3
2021-03-11,15:00:09.627000,16172,16174,16174,1
2021-03-11,15:00:09.662000,16172,16174,16173,1
2021-03-11,15:00:09.972000,16172,16174,16172,1
2021-03-11,15:00:09.972000,16172,16174,16171,1
2021-03-11,15:00:10.247000,16170,16172,16172,1
2021-03-11,15:00:10.296000,16171,16174,16174,1
2021-03-11,15:00:10.334000,16171,16174,16172,1
2021-03-11,15:00:10.353000,16171,16174,16174,1
2021-03-11,15:00:10.396000,16172,16175,16175,1
2021-03-11,15:00:10.412000,16172,16175,16172,1
2021-03-11,15:00:10.412000,16172,16175,16171,3
2021-03-11,15:00:10.412000,16172,16175,16170,2
2021-03-11,15:00:10.412000,16172,16175,16169,2
2021-03-11,15:00:10.499000,16172,16175,16173,1
2021-03-11,15:00:10.521000,16172,16173,16172,3
2021-03-11,15:00:10.521000,16172,16173,16169,3
2021-03-11,15:00:10.521000,16172,16173,16168,1
2021-03-11,15:00:10.760000,16169,16172,16172,1
2021-03-11,15:00:10.801000,16169,16172,16173,1
2021-03-11,15:00:10.821000,16169,16172,16173,1
2021-03-11,15:00:11.002000,16169,16172,16172,1
2021-03-11,15:00:11.252000,16173,16175,16175,1
2021-03-11,15:00:11.425000,16173,16175,16175,6
2021-03-11,15:00:11.425000,16173,16175,16176,4
2021-03-11,15:00:12.322000,16176,16177,16176,1
2021-03-11,15:00:12.456000,16176,16177,16176,14
2021-03-11,15:00:12.607000,16173,16176,16173,1
2021-03-11,15:00:14.228000,16175,16177,16175,1
2021-03-11,15:00:14.978000,16174,16175,16174,1
2021-03-11,15:00:16.587000,16174,16175,16175,2
2021-03-11,15:00:16.593000,16174,16175,16175,4
2021-03-11,15:00:16.613000,16174,16175,16176,3
2021-03-11,15:00:17.276000,16174,16175,16175,1
2021-03-11,15:00:17.958000,16174,16175,16174,6
2021-03-11,15:00:17.958000,16174,16175,16173,6
2021-03-11,15:00:18.071000,16173,16175,16173,1
2021-03-11,15:00:18.114000,16173,16175,16174,1
2021-03-11,15:00:18.995000,16174,16175,16174,1
2021-03-11,15:00:19.170000,16174,16175,16174,1
2021-03-11,15:00:19.371000,16174,16175,16174,1
2021-03-11,15:00:19.418000,16174,16175,16175,1
2021-03-11,15:00:19.418000,16174,16175,16175,1
2021-03-11,15:00:19.418000,16174,16175,16175,20
2021-03-11,15:00:19.419000,16174,16175,16176,2
2021-03-11,15:00:19.421000,16174,16175,16176,6
2021-03-11,15:00:19.453000,16174,16175,16176,1
2021-03-11,15:00:19.598000,16175,16177,16175,1
2021-03-11,15:00:20.291000,16176,16177,16176,1
2021-03-11,15:00:20.291000,16176,16177,16175,1
2021-03-11,15:00:20.301000,16176,16177,16176,1
2021-03-11,15:00:20.579000,16175,16177,16176,1
2021-03-11,15:00:20.828000,16175,16177,16177,4
2021-03-11,15:00:21.212000,16176,16178,16176,2
2021-03-11,15:00:21.212000,16176,16178,16175,1
2021-03-11,15:00:22.060000,16176,16178,16176,1
2021-03-11,15:00:22.485000,16176,16178,16176,2
2021-03-11,15:00:24.127000,16176,16177,16177,1
2021-03-11,15:00:24.812000,16176,16177,16177,6
2021-03-11,15:00:25.500000,16177,16178,16177,4
2021-03-11,15:00:25.566000,16177,16178,16178,1
2021-03-11,15:00:25.754000,16177,16178,16177,4
2021-03-11,15:00:25.883000,16177,16178,16178,1
2021-03-11,15:00:26.002000,16177,16178,16178,1
2021-03-11,15:00:26.003000,16177,16178,16178,3
2021-03-11,15:00:26.004000,16177,16178,16178,6
2021-03-11,15:00:26.932000,16177,16179,16177,1
2021-03-11,15:00:27.250000,16177,16179,16177,2
2021-03-11,15:00:27.651000,16177,16179,16177,1
2021-03-11,15:00:28.268000,16177,16178,16178,1
2021-03-11,15:00:28.289000,16177,16178,16177,1
2021-03-11,15:00:29.989000,16177,16178,16178,1
2021-03-11,15:00:31.119000,16177,16178,16178,2
2021-03-11,15:00:33.168000,16177,16178,16177,2
2021-03-11,15:00:33.498000,16177,16178,16177,1
2021-03-11,15:00:33.553000,16177,16178,16177,1
2021-03-11,15:00:33.588000,16177,16178,16177,3
2021-03-11,15:00:33.588000,16177,16178,16177,9
2021-03-11,15:00:34.191000,16176,16177,16177,1
2021-03-11,15:00:34.389000,16176,16177,16177,1
2021-03-11,15:00:34.390000,16176,16177,16177,1
2021-03-11,15:00:34.391000,16176,16177,16177,1
2021-03-11,15:00:36.089000,16176,16177,16177,2
2021-03-11,15:00:36.442000,16176,16177,16177,3
2021-03-11,15:00:36.442000,16176,16177,16178,7
2021-03-11,15:00:36.459000,16176,16177,16178,1
2021-03-11,15:00:37.198000,16176,16178,16177,1
2021-03-11,15:00:37.332000,16176,16178,16176,1
2021-03-11,15:00:37.426000,16176,16178,16176,3
2021-03-11,15:00:37.668000,16176,16178,16177,1
2021-03-11,15:00:37.770000,16177,16178,16178,8
2021-03-11,15:00:38.403000,16177,16178,16177,1
2021-03-11,15:00:38.403000,16177,16178,16176,2
2021-03-11,15:00:39.744000,16176,16177,16176,1
2021-03-11,15:00:39.744000,16176,16177,16175,2
2021-03-11,15:00:40.153000,16175,16177,16177,1
2021-03-11,15:00:40.879000,16175,16177,16177,1
2021-03-11,15:00:41.327000,16175,16177,16177,1
2021-03-11,15:00:41.388000,16176,16178,16176,2
2021-03-11,15:00:41.388000,16176,16178,16175,1
2021-03-11,15:00:41.708000,16175,16178,16176,1
2021-03-11,15:00:41.969000,16175,16176,16176,1
2021-03-11,15:00:42.628000,16175,16176,16175,1
2021-03-11,15:00:42.628000,16175,16176,16175,1
2021-03-11,15:00:42.783000,16175,16176,16175,1
2021-03-11,15:00:43.044000,16175,16176,16175,12
2021-03-11,15:00:43.044000,16175,16176,16175,1
2021-03-11,15:00:43.044000,16175,16176,16175,2
2021-03-11,15:00:43.045000,16175,16176,16175,3
2021-03-11,15:00:43.045000,16175,16176,16175,1
2021-03-11,15:00:43.045000,16175,16176,16175,1
2021-03-11,15:00:43.045000,16175,16176,16175,1
2021-03-11,15:00:43.045000,16175,16176,16175,1
2021-03-11,15:00:43.415000,16175,16176,16176,1
2021-03-11,15:00:43.681000,16175,16176,16176,1
2021-03-11,15:00:44.384000,16175,16177,16175,1
2021-03-11,15:00:44.958000,16175,16176,16176,2
2021-03-11,15:00:46.833000,16176,16177,16176,4
2021-03-11,15:00:47.370000,16175,16176,16175,1
2021-03-11,15:00:47.583000,16174,16176,16174,1
2021-03-11,15:00:53.318000,16175,16176,16175,6
2021-03-11,15:00:53.318000,16175,16176,16175,4
2021-03-11,15:00:54.744000,16174,16175,16174,3
2021-03-11,15:00:54.745000,16174,16175,16174,1
2021-03-11,15:00:55.034000,16174,16175,16174,2
2021-03-11,15:00:55.034000,16174,16175,16173,3
2021-03-11,15:00:55.034000,16174,16175,16172,2
2021-03-11,15:00:55.049000,16174,16175,16172,2
2021-03-11,15:00:55.049000,16174,16175,16171,2
2021-03-11,15:00:55.111000,16174,16175,16173,2
2021-03-11,15:00:55.111000,16174,16175,16174,3
2021-03-11,15:00:55.159000,16171,16173,16173,1
2021-03-11,15:00:55.159000,16171,16173,16174,1
2021-03-11,15:00:55.535000,16172,16173,16173,1
2021-03-11,15:00:55.552000,16172,16173,16173,1
2021-03-11,15:00:55.924000,16172,16173,16172,1
2021-03-11,15:00:56.247000,16171,16172,16171,1
2021-03-11,15:00:56.249000,16171,16172,16171,5
2021-03-11,15:00:56.433000,16171,16172,16172,1
2021-03-11,15:00:56.535000,16171,16172,16171,2
2021-03-11,15:00:56.785000,16170,16171,16170,6
2021-03-11,15:00:57.021000,16170,16171,16170,4
2021-03-11,15:00:57.093000,16170,16171,16170,2
2021-03-11,15:00:57.332000,16170,16171,16170,1
2021-03-11,15:00:57.401000,16169,16170,16170,3
2021-03-11,15:00:57.401000,16169,16170,16170,1
2021-03-11,15:00:57.401000,16169,16170,16170,1
2021-03-11,15:00:58.210000,16169,16170,16169,1
2021-03-11,15:00:58.507000,16169,16170,16169,1
2021-03-11,15:00:59.669000,16168,16170,16170,1
2021-03-11,15:01:00.034000,16168,16170,16170,2
2021-03-11,15:01:00.034000,16168,16170,16170,1
2021-03-11,15:01:00.034000,16168,16170,16170,1
2021-03-11,15:01:00.034000,16168,16170,16170,2
2021-03-11,15:01:00.053000,16168,16170,16171,1
2021-03-11,15:01:00.213000,16170,16171,16171,1
2021-03-11,15:01:00.268000,16170,16171,16170,1
2021-03-11,15:01:00.560000,16170,16171,16171,1
2021-03-11,15:01:00.560000,16170,16171,16171,3
2021-03-11,15:01:00.562000,16170,16171,16172,2
2021-03-11,15:01:00.562000,16170,16171,16172,2
2021-03-11,15:01:00.564000,16170,16171,16173,1
2021-03-11,15:01:00.597000,16170,16171,16173,1
2021-03-11,15:01:00.597000,16170,16171,16173,1
2021-03-11,15:01:00.610000,16170,16171,16173,1
2021-03-11,15:01:00.614000,16170,16171,16173,1
2021-03-11,15:01:00.671000,16173,16174,16173,1
2021-03-11,15:01:00.761000,16171,16173,16173,1
2021-03-11,15:01:01.139000,16171,16173,16171,1
2021-03-11,15:01:01.254000,16171,16173,16171,1
2021-03-11,15:01:01.479000,16171,16173,16171,5
2021-03-11,15:01:01.479000,16171,16173,16170,8
2021-03-11,15:01:01.480000,16171,16173,16170,2
2021-03-11,15:01:02.680000,16169,16171,16171,1
2021-03-11,15:01:02.810000,16170,16171,16171,5
2021-03-11,15:01:03.022000,16170,16171,16171,1
2021-03-11,15:01:03.022000,16170,16171,16172,2
2021-03-11,15:01:03.423000,16170,16172,16170,1
2021-03-11,15:01:03.529000,16168,16169,16168,1
2021-03-11,15:01:03.529000,16168,16169,16168,1
2021-03-11,15:01:03.718000,16167,16168,16167,2
2021-03-11,15:01:03.838000,16167,16169,16167,1
2021-03-11,15:01:04.083000,16167,16168,16167,1
2021-03-11,15:01:04.084000,16167,16168,16167,1
2021-03-11,15:01:04.084000,16167,16168,16167,1
2021-03-11,15:01:04.121000,16167,16168,16167,1
2021-03-11,15:01:04.131000,16167,16168,16167,2
2021-03-11,15:01:05.030000,16166,16168,16166,2
2021-03-11,15:01:05.056000,16166,16168,16166,1
2021-03-11,15:01:05.210000,16166,16168,16166,1
2021-03-11,15:01:06.132000,16166,16167,16167,1
2021-03-11,15:01:07.562000,16167,16169,16167,2
2021-03-11,15:01:07.587000,16167,16169,16166,2
2021-03-11,15:01:07.629000,16165,16168,16167,1
2021-03-11,15:01:07.629000,16165,16168,16166,1
2021-03-11,15:01:07.629000,16165,16168,16165,1
2021-03-11,15:01:07.629000,16165,16168,16165,1
2021-03-11,15:01:07.629000,16165,16168,16165,1
2021-03-11,15:01:07.629000,16165,16168,16165,1
2021-03-11,15:01:07.630000,16165,16168,16165,1
2021-03-11,15:01:07.630000,16165,16168,16165,1
2021-03-11,15:01:07.630000,16165,16168,16164,1
2021-03-11,15:01:07.632000,16165,16168,16164,1
2021-03-11,15:01:07.632000,16165,16168,16164,1
2021-03-11,15:01:07.632000,16165,16168,16164,1
2021-03-11,15:01:07.633000,16165,16168,16163,1
2021-03-11,15:01:07.634000,16165,16168,16164,1
2021-03-11,15:01:07.635000,16165,16168,16163,1
2021-03-11,15:01:08.920000,16165,16166,16165,1
2021-03-11,15:01:08.956000,16165,16166,16165,1
2021-03-11,15:01:10.097000,16165,16166,16166,1
2021-03-11,15:01:10.184000,16166,16167,16166,1
2021-03-11,15:01:10.228000,16166,16167,16165,1
2021-03-11,15:01:12.465000,16165,16167,16167,1
2021-03-11,15:01:13.791000,16166,16168,16167,1
2021-03-11,15:01:13.969000,16166,16168,16167,1
2021-03-11,15:01:14.181000,16166,16168,16167,1
2021-03-11,15:01:14.458000,16166,16168,16166,1
2021-03-11,15:01:14.528000,16165,16167,16165,1
2021-03-11,15:01:15.193000,16166,16167,16166,1
2021-03-11,15:01:15.320000,16165,16167,16165,1
2021-03-11,15:01:16.095000,16166,16167,16167,1
2021-03-11,15:01:16.442000,16166,16167,16167,1
2021-03-11,15:01:18.573000,16166,16167,16167,1
2021-03-11,15:01:18.629000,16167,16168,16167,1
2021-03-11,15:01:18.629000,16167,16168,16166,1
2021-03-11,15:01:18.630000,16167,16168,16166,1
2021-03-11,15:01:18.815000,16166,16168,16168,1
2021-03-11,15:01:19.583000,16166,16168,16168,1
2021-03-11,15:01:20.192000,16167,16168,16167,1
2021-03-11,15:01:20.325000,16166,16168,16166,1
2021-03-11,15:01:20.433000,16166,16168,16168,2
2021-03-11,15:01:21.414000,16167,16169,16167,1
2021-03-11,15:01:22.364000,16166,16168,16167,1
2021-03-11,15:01:23.228000,16166,16168,16167,2
2021-03-11,15:01:23.228000,16166,16168,16167,3
2021-03-11,15:01:23.897000,16166,16167,16166,2
2021-03-11,15:01:23.897000,16166,16167,16166,3
2021-03-11,15:01:23.897000,16166,16167,16166,3
2021-03-11,15:01:23.897000,16166,16167,16166,1
2021-03-11,15:01:23.897000,16166,16167,16166,1
2021-03-11,15:01:23.897000,16166,16167,16166,1
2021-03-11,15:01:23.897000,16166,16167,16166,1
2021-03-11,15:01:23.897000,16166,16167,16166,1
2021-03-11,15:01:24.556000,16165,16167,16167,1
2021-03-11,15:01:27.603000,16165,16166,16165,3
2021-03-11,15:01:27.627000,16165,16166,16165,3
2021-03-11,15:01:27.731000,16165,16166,16164,1
2021-03-11,15:01:28.469000,16164,16166,16164,2
2021-03-11,15:01:28.470000,16164,16166,16164,1
2021-03-11,15:01:28.470000,16164,16166,16164,1
2021-03-11,15:01:28.470000,16164,16166,16164,1
2021-03-11,15:01:28.470000,16164,16166,16164,3
2021-03-11,15:01:28.505000,16163,16164,16163,1
2021-03-11,15:01:28.505000,16163,16164,16163,1
2021-03-11,15:01:28.546000,16163,16164,16164,1
2021-03-11,15:01:28.776000,16163,16164,16164,1
2021-03-11,15:01:29.130000,16163,16164,16163,1
2021-03-11,15:01:29.977000,16163,16165,16164,1
2021-03-11,15:01:30.296000,16163,16164,16163,1
2021-03-11,15:01:30.460000,16163,16164,16163,1
2021-03-11,15:01:30.502000,16163,16164,16163,11
2021-03-11,15:01:30.503000,16163,16164,16163,4
2021-03-11,15:01:30.503000,16163,16164,16163,5
2021-03-11,15:01:30.504000,16163,16164,16163,23
2021-03-11,15:01:31.036000,16162,16163,16163,3
2021-03-11,15:01:31.036000,16162,16163,16164,2
2021-03-11,15:01:31.905000,16162,16163,16162,1
2021-03-11,15:01:32.532000,16162,16163,16163,2
2021-03-11,15:01:32.603000,16162,16163,16162,10
2021-03-11,15:01:33.122000,16161,16162,16162,1
2021-03-11,15:01:33.700000,16161,16162,16162,4
2021-03-11,15:01:34.933000,16163,16164,16164,1
2021-03-11,15:01:35.104000,16163,16164,16163,1
2021-03-11,15:01:35.214000,16163,16164,16163,1
2021-03-11,15:01:35.451000,16163,16164,16163,1
2021-03-11,15:01:35.976000,16163,16164,16164,2
2021-03-11,15:01:37.488000,16164,16165,16165,1
2021-03-11,15:01:37.780000,16164,16165,16164,1
2021-03-11,15:01:37.780000,16164,16165,16163,7
2021-03-11,15:01:37.780000,16164,16165,16162,2
2021-03-11,15:01:38.185000,16163,16165,16163,1
2021-03-11,15:01:38.254000,16163,16165,16163,1
2021-03-11,15:01:40.790000,16163,16164,16164,1
2021-03-11,15:01:40.952000,16163,16165,16163,1
2021-03-11,15:01:41.572000,16163,16165,16163,1
2021-03-11,15:01:46.434000,16164,16165,16165,1
2021-03-11,15:01:46.434000,16164,16165,16165,2
2021-03-11,15:01:46.434000,16164,16165,16165,1
2021-03-11,15:01:46.435000,16164,16165,16165,1
2021-03-11,15:01:46.435000,16164,16165,16165,1
2021-03-11,15:01:46.435000,16164,16165,16165,1
2021-03-11,15:01:46.435000,16164,16165,16165,1
2021-03-11,15:01:46.435000,16164,16165,16165,10
2021-03-11,15:01:46.608000,16164,16166,16164,1
2021-03-11,15:01:48.104000,16165,16166,16166,2
2021-03-11,15:01:48.130000,16165,16167,16165,1
2021-03-11,15:01:48.130000,16165,16167,16165,1
2021-03-11,15:01:51.182000,16165,16166,16166,1
2021-03-11,15:01:51.303000,16165,16166,16165,1
2021-03-11,15:01:53.918000,16165,16166,16166,2
2021-03-11,15:01:54.449000,16165,16166,16165,1
2021-03-11,15:01:54.688000,16165,16166,16165,2
2021-03-11,15:01:55.630000,16165,16166,16166,2
2021-03-11,15:01:55.828000,16165,16167,16165,1
2021-03-11,15:01:58.048000,16166,16167,16167,11
2021-03-11,15:01:58.196000,16167,16168,16167,1
2021-03-11,15:01:59.150000,16167,16168,16168,2
2021-03-11,15:01:59.150000,16167,16168,16168,4
2021-03-11,15:01:59.150000,16167,16168,16168,1
2021-03-11,15:01:59.535000,16167,16169,16167,1
2021-03-11,15:01:59.620000,16167,16169,16169,1
2021-03-11,15:01:59.947000,16167,16169,16167,1
2021-03-11,15:02:01.700000,16168,16169,16168,1
2021-03-11,15:02:01.700000,16168,16169,16167,4
2021-03-11,15:02:01.700000,16168,16169,16166,5
2021-03-11,15:02:01.836000,16166,16168,16167,1
2021-03-11,15:02:05.002000,16166,16167,16167,2
2021-03-11,15:02:05.195000,16166,16167,16166,1
2021-03-11,15:02:10.900000,16165,16166,16166,4
2021-03-11,15:02:11.089000,16166,16167,16166,1
2021-03-11,15:02:11.226000,16166,16167,16167,1
2021-03-11,15:02:11.494000,16166,16167,16166,1
2021-03-11,15:02:15.200000,16166,16167,16167,1
2021-03-11,15:02:15.288000,16166,16167,16166,1
2021-03-11,15:02:18.043000,16166,16167,16167,1
2021-03-11,15:02:18.043000,16166,16167,16167,1
2021-03-11,15:02:18.043000,16166,16167,16167,1
2021-03-11,15:02:18.043000,16166,16167,16167,1
2021-03-11,15:02:18.085000,16166,16167,16167,1
2021-03-11,15:02:18.085000,16166,16167,16167,1
2021-03-11,15:02:18.157000,16166,16167,16167,7
2021-03-11,15:02:18.493000,16167,16168,16167,2
2021-03-11,15:02:19.188000,16166,16168,16168,2
2021-03-11,15:02:19.304000,16168,16169,16169,1
2021-03-11,15:02:19.406000,16168,16169,16169,1
2021-03-11,15:02:19.594000,16168,16169,16169,1
2021-03-11,15:02:20.296000,16168,16169,16169,1
2021-03-11,15:02:20.431000,16168,16170,16168,1
2021-03-11,15:02:21.202000,16168,16169,16168,1
2021-03-11,15:02:22.004000,16168,16169,16169,1
2021-03-11,15:02:22.004000,16168,16169,16169,1
2021-03-11,15:02:23.743000,16169,16170,16170,13
2021-03-11,15:02:25.093000,16170,16171,16171,1
2021-03-11,15:02:25.164000,16170,16172,16170,1
2021-03-11,15:02:26.397000,16170,16172,16172,1
2021-03-11,15:02:26.661000,16170,16172,16172,1
2021-03-11,15:02:29.227000,16170,16172,16172,1
2021-03-11,15:02:32.945000,16170,16172,16172,3
2021-03-11,15:02:33.039000,16171,16173,16171,1
2021-03-11,15:02:36.361000,16171,16173,16171,2
2021-03-11,15:02:36.462000,16171,16173,16171,1
2021-03-11,15:02:39.095000,16171,16173,16171,1
2021-03-11,15:02:40.377000,16171,16173,16173,6
2021-03-11,15:02:40.576000,16172,16174,16172,1
2021-03-11,15:02:49.002000,16173,16174,16174,8
2021-03-11,15:02:49.003000,16173,16174,16174,1
2021-03-11,15:02:49.003000,16173,16174,16174,2
2021-03-11,15:02:49.204000,16173,16175,16173,1
2021-03-11,15:02:49.311000,16173,16175,16175,1
2021-03-11,15:02:49.572000,16173,16175,16173,1
2021-03-11,15:02:49.573000,16173,16175,16173,5
2021-03-11,15:02:49.573000,16173,16175,16173,1
2021-03-11,15:02:49.573000,16173,16175,16173,13
2021-03-11,15:02:50.603000,16173,16175,16175,1
2021-03-11,15:02:50.667000,16173,16175,16173,1
2021-03-11,15:02:51.468000,16173,16175,16175,1
2021-03-11,15:02:54.017000,16173,16175,16175,1
2021-03-11,15:02:54.537000,16173,16175,16175,15
2021-03-11,15:02:54.537000,16173,16175,16175,6
2021-03-11,15:02:54.537000,16173,16175,16175,1
2021-03-11,15:02:54.540000,16173,16175,16176,1
2021-03-11,15:02:54.706000,16174,16176,16176,2
2021-03-11,15:02:56.165000,16175,16177,16177,1
2021-03-11,15:02:56.320000,16175,16177,16175,1
2021-03-11,15:02:56.468000,16175,16177,16175,1
2021-03-11,15:02:56.559000,16175,16177,16177,1
2021-03-11,15:02:57.197000,16175,16177,16177,1
2021-03-11,15:02:58.668000,16175,16177,16176,1
2021-03-11,15:02:59.470000,16176,16177,16176,1
2021-03-11,15:02:59.931000,16175,16177,16175,2
2021-03-11,15:03:00.911000,16174,16176,16176,1
2021-03-11,15:03:01.047000,16174,16176,16176,1
2021-03-11,15:03:01.137000,16174,16176,16174,1
2021-03-11,15:03:01.358000,16174,16176,16174,1
2021-03-11,15:03:01.958000,16174,16176,16176,1
2021-03-11,15:03:06.936000,16174,16176,16176,1
2021-03-11,15:03:06.962000,16174,16176,16176,1
2021-03-11,15:03:07.087000,16174,16176,16175,1
2021-03-11,15:03:10.899000,16174,16175,16175,5
2021-03-11,15:03:11.087000,16174,16176,16174,1
2021-03-11,15:03:12.189000,16174,16175,16174,1
2021-03-11,15:03:12.644000,16174,16175,16175,1
2021-03-11,15:03:12.982000,16174,16176,16176,1
2021-03-11,15:03:13.744000,16174,16175,16175,1
2021-03-11,15:03:14.631000,16175,16176,16175,1
2021-03-11,15:03:18.611000,16174,16175,16175,1
2021-03-11,15:03:18.719000,16174,16175,16174,1
2021-03-11,15:03:19.750000,16174,16175,16175,2
2021-03-11,15:03:22.249000,16174,16175,16174,2
2021-03-11,15:03:22.294000,16174,16175,16174,1
2021-03-11,15:03:31.021000,16174,16175,16175,3
2021-03-11,15:03:31.021000,16174,16175,16176,1
2021-03-11,15:03:31.148000,16174,16176,16176,5
2021-03-11,15:03:31.173000,16174,16176,16174,1
2021-03-11,15:03:36.799000,16175,16176,16175,1
2021-03-11,15:03:40.112000,16174,16176,16175,1
2021-03-11,15:03:40.176000,16174,16176,16176,21
2021-03-11,15:03:40.178000,16174,16176,16177,2
2021-03-11,15:03:40.179000,16174,16176,16177,9
2021-03-11,15:03:40.238000,16174,16176,16178,1
2021-03-11,15:03:40.257000,16176,16178,16178,1
2021-03-11,15:03:40.462000,16176,16178,16178,1
2021-03-11,15:03:40.508000,16176,16178,16178,1
2021-03-11,15:03:42.489000,16177,16178,16177,1
2021-03-11,15:03:42.986000,16176,16178,16177,1
2021-03-11,15:03:44.264000,16176,16177,16177,1
2021-03-11,15:03:44.361000,16176,16177,16176,1
2021-03-11,15:03:44.832000,16176,16178,16178,1
2021-03-11,15:03:49.295000,16177,16178,16178,2
2021-03-11,15:03:49.390000,16177,16178,16178,1
2021-03-11,15:03:52.213000,16177,16178,16177,1
2021-03-11,15:03:54.338000,16177,16178,16178,2
2021-03-11,15:03:54.974000,16177,16178,16178,2
2021-03-11,15:03:54.974000,16177,16178,16178,1
2021-03-11,15:03:54.974000,16177,16178,16178,4
2021-03-11,15:03:55.935000,16178,16179,16178,2
2021-03-11,15:03:56.672000,16178,16179,16178,1
2021-03-11,15:03:59.023000,16178,16179,16179,3
2021-03-11,15:03:59.921000,16178,16179,16178,1
2021-03-11,15:03:59.921000,16178,16179,16177,1
2021-03-11,15:04:00.162000,16178,16179,16178,3
2021-03-11,15:04:00.162000,16178,16179,16177,9
2021-03-11,15:04:00.425000,16177,16179,16179,1
2021-03-11,15:04:03.863000,16178,16179,16179,1
2021-03-11,15:04:05.848000,16178,16179,16178,1
2021-03-11,15:04:05.870000,16178,16179,16179,3
2021-03-11,15:04:05.934000,16178,16179,16178,1
2021-03-11,15:04:05.935000,16178,16179,16178,2
2021-03-11,15:04:06.881000,16177,16179,16179,1
2021-03-11,15:04:07.020000,16177,16179,16179,2
2021-03-11,15:04:12.089000,16178,16179,16179,1
2021-03-11,15:04:12.306000,16178,16179,16179,3
2021-03-11,15:04:14.421000,16178,16179,16179,1
2021-03-11,15:04:17.572000,16178,16179,16179,1
2021-03-11,15:04:17.681000,16178,16179,16178,1
2021-03-11,15:04:19.199000,16178,16179,16179,1
2021-03-11,15:04:19.702000,16178,16179,16179,11
2021-03-11,15:04:19.703000,16178,16179,16180,5
2021-03-11,15:04:20.127000,16179,16180,16179,1
2021-03-11,15:04:20.277000,16179,16180,16180,1
2021-03-11,15:04:20.344000,16179,16180,16180,1
2021-03-11,15:04:20.404000,16179,16180,16180,1
2021-03-11,15:04:20.525000,16179,16180,16180,1
2021-03-11,15:04:20.594000,16179,16180,16180,1
2021-03-11,15:04:21.517000,16179,16180,16180,1
2021-03-11,15:04:22.105000,16179,16180,16180,15
2021-03-11,15:04:22.733000,16180,16181,16181,1
2021-03-11,15:04:22.813000,16180,16181,16181,3
2021-03-11,15:04:23.257000,16180,16182,16182,1
2021-03-11,15:04:23.316000,16180,16182,16182,1
2021-03-11,15:04:23.381000,16180,16182,16182,1
2021-03-11,15:04:23.496000,16180,16182,16182,1
2021-03-11,15:04:25.131000,16180,16182,16182,1
2021-03-11,15:04:25.772000,16180,16182,16180,1
2021-03-11,15:04:26.040000,16180,16182,16182,1
2021-03-11,15:04:26.370000,16180,16182,16182,5
2021-03-11,15:04:26.370000,16180,16182,16183,2
2021-03-11,15:04:26.414000,16180,16183,16183,1
2021-03-11,15:04:26.682000,16181,16183,16183,1
2021-03-11,15:04:28.701000,16181,16183,16183,1
2021-03-11,15:04:31.748000,16181,16182,16182,1
2021-03-11,15:04:31.829000,16181,16182,16182,1
2021-03-11,15:04:31.829000,16181,16182,16183,1
2021-03-11,15:04:31.893000,16181,16183,16183,1
2021-03-11,15:04:32.580000,16181,16182,16182,1
2021-03-11,15:04:33.268000,16181,16182,16181,1
2021-03-11,15:04:34.060000,16180,16181,16181,1
2021-03-11,15:04:34.060000,16180,16181,16182,1
2021-03-11,15:04:34.155000,16180,16182,16182,1
2021-03-11,15:04:34.880000,16180,16182,16182,1
2021-03-11,15:04:35.660000,16180,16181,16181,1
2021-03-11,15:04:36.750000,16181,16182,16182,2
2021-03-11,15:04:36.857000,16181,16182,16182,2
2021-03-11,15:04:42.535000,16181,16182,16182,5
2021-03-11,15:04:43.557000,16182,16183,16182,1
2021-03-11,15:04:43.725000,16182,16183,16182,1
2021-03-11,15:04:43.785000,16181,16183,16183,10
2021-03-11,15:04:43.826000,16181,16183,16183,1
2021-03-11,15:04:44.264000,16182,16183,16182,1
2021-03-11,15:04:44.384000,16182,16183,16182,1
2021-03-11,15:04:46.411000,16181,16183,16182,2
2021-03-11,15:04:50.778000,16182,16183,16182,1
2021-03-11,15:04:52.777000,16182,16183,16182,1
2021-03-11,15:04:52.938000,16181,16182,16181,1
2021-03-11,15:04:52.976000,16181,16182,16182,1
2021-03-11,15:04:53.960000,16181,16183,16183,1
2021-03-11,15:04:54.202000,16181,16183,16182,1
2021-03-11,15:04:54.202000,16181,16183,16183,4
2021-03-11,15:04:56.086000,16182,16183,16182,2
2021-03-11,15:04:56.139000,16181,16182,16182,1
2021-03-11,15:04:56.999000,16181,16182,16182,1
2021-03-11,15:04:58.049000,16181,16182,16182,2
2021-03-11,15:04:58.051000,16181,16182,16182,1
2021-03-11,15:04:58.888000,16181,16182,16181,1
2021-03-11,15:04:58.888000,16181,16182,16181,8
2021-03-11,15:04:58.893000,16181,16182,16182,4
2021-03-11,15:04:58.893000,16181,16182,16183,1
2021-03-11,15:04:59.109000,16180,16182,16182,2
2021-03-11,15:04:59.673000,16181,16182,16182,1
2021-03-11,15:05:00.228000,16181,16182,16182,1
2021-03-11,15:05:00.844000,16181,16182,16182,1
2021-03-11,15:05:00.994000,16181,16182,16182,1
2021-03-11,15:05:01.023000,16181,16182,16182,1
2021-03-11,15:05:05.421000,16181,16182,16182,1
2021-03-11,15:05:06.524000,16181,16182,16182,1
2021-03-11,15:05:07.751000,16181,16182,16182,1
2021-03-11,15:05:10.961000,16181,16182,16182,2
2021-03-11,15:05:12.889000,16181,16182,16182,1
2021-03-11,15:05:14.007000,16181,16182,16181,2
2021-03-11,15:05:14.008000,16181,16182,16181,2
2021-03-11,15:05:14.008000,16181,16182,16181,1
2021-03-11,15:05:14.008000,16181,16182,16181,1
2021-03-11,15:05:14.499000,16180,16182,16182,2
2021-03-11,15:05:14.653000,16180,16182,16182,1
2021-03-11,15:05:18.896000,16181,16182,16182,1
2021-03-11,15:05:19.420000,16181,16182,16182,1
2021-03-11,15:05:19.580000,16181,16182,16182,2
2021-03-11,15:05:22.531000,16181,16182,16181,1
2021-03-11,15:05:22.534000,16181,16182,16181,1
2021-03-11,15:05:23.259000,16180,16181,16180,1
2021-03-11,15:05:23.852000,16180,16181,16180,1
2021-03-11,15:05:24.330000,16180,16181,16181,1
2021-03-11,15:05:28.520000,16180,16181,16180,21
2021-03-11,15:05:28.520000,16180,16181,16180,1
2021-03-11,15:05:28.521000,16180,16181,16180,1
2021-03-11,15:05:28.521000,16180,16181,16180,1
2021-03-11,15:05:28.521000,16180,16181,16180,1
2021-03-11,15:05:32.036000,16179,16180,16180,1
2021-03-11,15:05:32.094000,16179,16180,16180,1
2021-03-11,15:05:33.407000,16179,16180,16180,1
2021-03-11,15:05:35.998000,16179,16180,16179,1
2021-03-11,15:05:41.354000,16178,16179,16179,1
2021-03-11,15:05:42.499000,16178,16180,16178,1
2021-03-11,15:05:42.499000,16178,16180,16178,1
2021-03-11,15:05:45.203000,16178,16179,16178,1
2021-03-11,15:05:48.927000,16177,16178,16177,1
2021-03-11,15:05:51.260000,16177,16178,16177,1
2021-03-11,15:05:51.260000,16177,16178,16177,1
2021-03-11,15:05:51.262000,16177,16178,16177,1
2021-03-11,15:05:52.877000,16176,16177,16177,1
2021-03-11,15:05:54.077000,16176,16177,16177,1
2021-03-11,15:05:54.172000,16176,16177,16176,2
2021-03-11,15:05:54.181000,16176,16177,16175,1
2021-03-11,15:05:54.275000,16175,16177,16175,1
2021-03-11,15:05:58.790000,16175,16176,16176,1
2021-03-11,15:06:00.076000,16176,16177,16176,1
2021-03-11,15:06:00.095000,16176,16177,16176,1
2021-03-11,15:06:02.722000,16175,16176,16176,1
2021-03-11,15:06:04.384000,16175,16177,16177,1
2021-03-11,15:06:11.389000,16176,16177,16177,1
2021-03-11,15:06:11.662000,16176,16177,16177,1
2021-03-11,15:06:12.938000,16176,16177,16177,1
2021-03-11,15:06:13.241000,16176,16177,16176,1
2021-03-11,15:06:16.871000,16176,16177,16176,2
2021-03-11,15:06:18.472000,16175,16176,16176,2
2021-03-11,15:06:18.473000,16175,16176,16176,1
2021-03-11,15:06:18.504000,16175,16177,16177,2
2021-03-11,15:06:18.504000,16175,16177,16177,1
2021-03-11,15:06:22.790000,16176,16177,16176,1
2021-03-11,15:06:38.653000,16176,16177,16177,2
2021-03-11,15:06:38.654000,16176,16177,16177,2
2021-03-11,15:06:38.929000,16177,16178,16178,2
2021-03-11,15:06:39.592000,16177,16178,16177,1
2021-03-11,15:06:39.593000,16177,16178,16177,1
2021-03-11,15:06:39.628000,16177,16178,16178,1
2021-03-11,15:06:39.628000,16177,16178,16179,6
2021-03-11,15:06:39.629000,16177,16178,16179,1
2021-03-11,15:06:39.630000,16177,16178,16179,2
2021-03-11,15:06:39.630000,16177,16178,16180,1
2021-03-11,15:06:39.630000,16177,16178,16180,3
2021-03-11,15:06:39.630000,16177,16178,16180,1
2021-03-11,15:06:39.630000,16177,16178,16180,5
2021-03-11,15:06:39.631000,16177,16178,16180,1
2021-03-11,15:06:39.631000,16177,16178,16180,1
2021-03-11,15:06:39.631000,16177,16178,16180,1
2021-03-11,15:06:39.631000,16177,16178,16180,1
2021-03-11,15:06:39.631000,16177,16178,16180,2
2021-03-11,15:06:39.631000,16177,16178,16180,1
2021-03-11,15:06:39.631000,16177,16178,16180,2
2021-03-11,15:06:39.631000,16177,16178,16181,1
2021-03-11,15:06:39.631000,16177,16178,16181,2
2021-03-11,15:06:39.631000,16177,16178,16181,1
2021-03-11,15:06:39.632000,16177,16178,16181,1
2021-03-11,15:06:39.632000,16177,16178,16181,1
2021-03-11,15:06:39.632000,16177,16178,16181,1
2021-03-11,15:06:39.632000,16177,16178,16181,1
2021-03-11,15:06:39.632000,16177,16178,16181,1
2021-03-11,15:06:39.632000,16177,16178,16181,1
2021-03-11,15:06:39.633000,16177,16178,16181,2
2021-03-11,15:06:39.633000,16177,16178,16182,1
2021-03-11,15:06:39.634000,16177,16178,16181,1
2021-03-11,15:06:39.636000,16177,16178,16181,1
2021-03-11,15:06:39.808000,16179,16181,16181,3
2021-03-11,15:06:43.287000,16180,16182,16180,1
2021-03-11,15:06:43.880000,16181,16182,16182,1
2021-03-11,15:06:43.880000,16181,16182,16182,2
2021-03-11,15:06:43.880000,16181,16182,16182,3
2021-03-11,15:06:45.732000,16182,16183,16182,1
2021-03-11,15:06:46.207000,16181,16183,16181,1
2021-03-11,15:06:47.323000,16181,16183,16181,10
2021-03-11,15:06:47.323000,16181,16183,16181,1
2021-03-11,15:06:47.324000,16181,16183,16181,2
2021-03-11,15:06:47.324000,16181,16183,16181,4
2021-03-11,15:06:47.324000,16181,16183,16181,2
2021-03-11,15:06:47.379000,16180,16182,16182,2
2021-03-11,15:06:47.380000,16180,16182,16183,1
2021-03-11,15:06:47.380000,16180,16182,16183,1
2021-03-11,15:06:47.380000,16180,16182,16183,2
2021-03-11,15:06:47.380000,16180,16182,16183,1
2021-03-11,15:06:47.380000,16180,16182,16183,1
2021-03-11,15:06:47.380000,16180,16182,16183,1
2021-03-11,15:06:47.380000,16180,16182,16183,1
2021-03-11,15:06:47.381000,16180,16182,16183,1
2021-03-11,15:06:47.381000,16180,16182,16183,1
2021-03-11,15:06:47.381000,16180,16182,16184,1
2021-03-11,15:06:47.382000,16180,16182,16184,1
2021-03-11,15:06:47.382000,16180,16182,16184,1
2021-03-11,15:06:47.602000,16182,16184,16183,1
2021-03-11,15:06:47.602000,16182,16184,16184,2
2021-03-11,15:06:49.198000,16183,16184,16183,1
2021-03-11,15:06:49.198000,16183,16184,16182,4
2021-03-11,15:06:49.589000,16182,16183,16183,1
2021-03-11,15:06:50.325000,16182,16184,16184,1
2021-03-11,15:06:51.349000,16182,16184,16184,1
2021-03-11,15:06:53.609000,16183,16184,16183,1
2021-03-11,15:06:53.609000,16183,16184,16182,7
2021-03-11,15:06:53.896000,16181,16182,16182,1
2021-03-11,15:06:53.921000,16181,16182,16182,1
2021-03-11,15:06:54.094000,16181,16183,16183,4
2021-03-11,15:06:54.994000,16181,16183,16183,2
2021-03-11,15:06:54.994000,16181,16183,16184,2
2021-03-11,15:06:57.038000,16182,16183,16182,1
2021-03-11,15:07:00.206000,16181,16182,16181,1
2021-03-11,15:07:00.323000,16180,16181,16180,3
2021-03-11,15:07:00.323000,16180,16181,16179,2
2021-03-11,15:07:08.769000,16179,16181,16179,1
2021-03-11,15:07:12.651000,16179,16180,16179,1
2021-03-11,15:07:12.651000,16179,16180,16179,1
2021-03-11,15:07:12.652000,16179,16180,16179,1
2021-03-11,15:07:12.652000,16179,16180,16179,1
2021-03-11,15:07:15.378000,16179,16180,16179,1
2021-03-11,15:07:25.609000,16179,16180,16180,1
2021-03-11,15:07:35.308000,16180,16181,16180,1
2021-03-11,15:07:38.919000,16179,16180,16180,1
2021-03-11,15:07:39.640000,16179,16180,16180,1
2021-03-11,15:07:40.151000,16179,16180,16180,2
2021-03-11,15:07:40.152000,16179,16180,16180,1
2021-03-11,15:07:40.152000,16179,16180,16180,3
2021-03-11,15:07:40.152000,16179,16180,16180,1
2021-03-11,15:07:40.206000,16179,16180,16181,1
2021-03-11,15:07:47.369000,16180,16181,16180,1
2021-03-11,15:07:49.230000,16180,16181,16181,1
2021-03-11,15:07:49.661000,16180,16181,16181,2
2021-03-11,15:07:49.753000,16180,16181,16180,2
2021-03-11,15:07:49.861000,16180,16181,16180,1
2021-03-11,15:07:49.862000,16180,16181,16180,3
2021-03-11,15:07:49.862000,16180,16181,16180,1
2021-03-11,15:07:49.862000,16180,16181,16180,1
2021-03-11,15:07:49.870000,16180,16181,16180,1
2021-03-11,15:07:49.870000,16180,16181,16180,1
2021-03-11,15:07:52.910000,16180,16181,16180,1
2021-03-11,15:07:54.119000,16180,16181,16181,1
2021-03-11,15:07:54.920000,16180,16181,16181,1
2021-03-11,15:07:54.920000,16180,16181,16181,2
2021-03-11,15:07:54.920000,16180,16181,16181,1
2021-03-11,15:07:54.920000,16180,16181,16181,2
2021-03-11,15:07:54.978000,16180,16181,16181,1
2021-03-11,15:07:55.560000,16180,16182,16181,1
2021-03-11,15:07:56.285000,16181,16182,16181,1
2021-03-11,15:07:56.349000,16181,16182,16182,1
2021-03-11,15:07:56.349000,16181,16182,16183,2
2021-03-11,15:07:59.916000,16181,16183,16181,3
2021-03-11,15:07:59.917000,16181,16183,16181,1
2021-03-11,15:07:59.917000,16181,16183,16181,2
2021-03-11,15:08:00.856000,16180,16181,16181,4
2021-03-11,15:08:06.393000,16182,16183,16182,1
2021-03-11,15:08:06.786000,16182,16183,16182,1
2021-03-11,15:08:09.244000,16181,16182,16182,1
2021-03-11,15:08:15.042000,16181,16182,16181,1
2021-03-11,15:08:17.264000,16180,16181,16181,1
2021-03-11,15:08:17.336000,16180,16181,16181,1
2021-03-11,15:08:27.312000,16180,16181,16180,8
2021-03-11,15:08:28.472000,16179,16180,16179,1
2021-03-11,15:08:28.472000,16179,16180,16179,5
2021-03-11,15:08:28.472000,16179,16180,16179,2
2021-03-11,15:08:28.472000,16179,16180,16179,4
2021-03-11,15:08:53.257000,16178,16180,16178,1
2021-03-11,15:08:57.758000,16179,16180,16179,1
2021-03-11,15:09:00.571000,16178,16180,16178,1
2021-03-11,15:09:02.565000,16178,16179,16179,1
2021-03-11,15:09:05.786000,16178,16179,16178,1
2021-03-11,15:09:13.415000,16178,16179,16178,1
2021-03-11,15:09:13.415000,16178,16179,16178,1
2021-03-11,15:09:13.415000,16178,16179,16178,1
2021-03-11,15:09:13.415000,16178,16179,16178,5
2021-03-11,15:09:15.432000,16177,16178,16178,2
2021-03-11,15:09:15.432000,16177,16178,16179,3
2021-03-11,15:09:15.596000,16177,16179,16179,3
2021-03-11,15:09:18.189000,16177,16178,16178,1
2021-03-11,15:09:19.653000,16177,16178,16178,1
2021-03-11,15:09:20.892000,16177,16178,16177,2
2021-03-11,15:09:24.095000,16177,16178,16178,1
2021-03-11,15:09:25.021000,16178,16179,16178,3
2021-03-11,15:09:26.728000,16178,16179,16179,2
2021-03-11,15:09:26.729000,16178,16179,16179,1
2021-03-11,15:09:42.419000,16177,16178,16178,1
2021-03-11,15:09:46.318000,16177,16178,16178,1
2021-03-11,15:09:54.092000,16177,16179,16177,1
2021-03-11,15:09:54.129000,16177,16179,16179,3
2021-03-11,15:09:54.129000,16177,16179,16180,7
2021-03-11,15:09:54.131000,16177,16179,16180,3
2021-03-11,15:09:54.131000,16177,16179,16180,1
2021-03-11,15:09:54.131000,16177,16179,16181,4
2021-03-11,15:09:54.132000,16177,16179,16181,4
2021-03-11,15:09:54.132000,16177,16179,16181,4
2021-03-11,15:09:54.132000,16177,16179,16182,6
2021-03-11,15:09:54.133000,16177,16179,16182,2
2021-03-11,15:09:54.133000,16177,16179,16182,1
2021-03-11,15:09:54.133000,16177,16179,16183,1
2021-03-11,15:09:54.134000,16177,16179,16183,2
2021-03-11,15:09:54.135000,16177,16179,16182,1
2021-03-11,15:09:54.135000,16177,16179,16183,2
2021-03-11,15:09:54.136000,16177,16179,16183,1
2021-03-11,15:09:54.136000,16177,16179,16183,1
2021-03-11,15:09:54.136000,16177,16179,16183,7
2021-03-11,15:09:54.136000,16177,16179,16183,1
2021-03-11,15:09:54.136000,16177,16179,16183,2
2021-03-11,15:09:54.136000,16177,16179,16183,1
2021-03-11,15:09:54.137000,16177,16179,16182,2
2021-03-11,15:09:54.138000,16177,16179,16182,1
2021-03-11,15:09:54.138000,16177,16179,16183,1
2021-03-11,15:09:54.141000,16177,16179,16183,1
2021-03-11,15:09:54.152000,16177,16179,16183,1
2021-03-11,15:09:54.300000,16182,16183,16183,2
2021-03-11,15:09:54.325000,16182,16183,16183,2
2021-03-11,15:09:57.538000,16181,16183,16183,2
2021-03-11,15:09:58.049000,16181,16183,16183,1
2021-03-11,15:09:58.129000,16182,16184,16184,2
2021-03-11,15:09:58.129000,16182,16184,16184,1
2021-03-11,15:09:58.131000,16182,16184,16184,1
2021-03-11,15:09:58.131000,16182,16184,16184,2
2021-03-11,15:09:58.131000,16182,16184,16184,5
2021-03-11,15:09:58.131000,16182,16184,16184,1
2021-03-11,15:09:58.131000,16182,16184,16184,8
2021-03-11,15:09:58.131000,16182,16184,16184,5
2021-03-11,15:09:58.132000,16182,16184,16184,2
2021-03-11,15:09:58.132000,16182,16184,16185,7
2021-03-11,15:09:58.133000,16182,16184,16185,2
2021-03-11,15:09:58.133000,16182,16184,16185,4
2021-03-11,15:09:58.133000,16182,16184,16185,5
2021-03-11,15:09:58.133000,16182,16184,16185,1
2021-03-11,15:09:58.133000,16182,16184,16185,1
2021-03-11,15:09:58.134000,16182,16184,16185,29
2021-03-11,15:09:58.134000,16182,16184,16185,1
2021-03-11,15:09:58.134000,16182,16184,16185,2
2021-03-11,15:09:58.134000,16182,16184,16186,1
2021-03-11,15:09:58.134000,16182,16184,16186,4
2021-03-11,15:09:58.134000,16182,16184,16186,2
2021-03-11,15:09:58.135000,16182,16184,16186,1
2021-03-11,15:09:58.136000,16182,16184,16186,3
2021-03-11,15:09:58.136000,16182,16184,16186,4
2021-03-11,15:09:58.136000,16182,16184,16186,2
2021-03-11,15:09:58.137000,16182,16184,16186,1
2021-03-11,15:09:58.137000,16182,16184,16186,3
2021-03-11,15:09:58.137000,16182,16184,16186,1
2021-03-11,15:09:58.137000,16182,16184,16187,1
2021-03-11,15:09:58.138000,16182,16184,16187,2
2021-03-11,15:09:58.139000,16182,16184,16187,3
2021-03-11,15:09:58.301000,16185,16187,16187,1
2021-03-11,15:09:58.304000,16185,16187,16187,1
2021-03-11,15:10:05.032000,16186,16187,16186,3
2021-03-11,15:10:05.129000,16185,16186,16186,1
2021-03-11,15:10:05.129000,16185,16186,16187,6
2021-03-11,15:10:05.129000,16185,16186,16188,3
2021-03-11,15:10:05.129000,16185,16186,16188,3
2021-03-11,15:10:05.131000,16185,16186,16187,2
2021-03-11,15:10:05.131000,16185,16186,16188,1
2021-03-11,15:10:05.132000,16185,16186,16188,5
2021-03-11,15:10:05.132000,16185,16186,16188,5
2021-03-11,15:10:05.132000,16185,16186,16188,2
2021-03-11,15:10:05.132000,16185,16186,16189,10
2021-03-11,15:10:05.133000,16185,16186,16189,10
2021-03-11,15:10:05.133000,16185,16186,16189,5
2021-03-11,15:10:05.134000,16185,16186,16189,1
2021-03-11,15:10:05.134000,16185,16186,16190,4
2021-03-11,15:10:05.134000,16185,16186,16190,5
2021-03-11,15:10:05.134000,16185,16186,16190,2
2021-03-11,15:10:05.134000,16185,16186,16190,2
2021-03-11,15:10:05.134000,16185,16186,16190,4
2021-03-11,15:10:05.135000,16185,16186,16191,4
2021-03-11,15:10:05.135000,16185,16186,16191,10
2021-03-11,15:10:05.135000,16185,16186,16191,6
2021-03-11,15:10:05.135000,16185,16186,16191,1
2021-03-11,15:10:05.135000,16185,16186,16192,9
2021-03-11,15:10:05.136000,16185,16186,16191,1
2021-03-11,15:10:05.137000,16185,16186,16191,1
2021-03-11,15:10:05.137000,16185,16186,16191,1
2021-03-11,15:10:05.137000,16185,16186,16192,1
2021-03-11,15:10:05.139000,16185,16186,16191,1
2021-03-11,15:10:05.140000,16185,16186,16191,1
2021-03-11,15:10:05.141000,16185,16186,16192,1
2021-03-11,15:10:05.141000,16185,16186,16192,1
2021-03-11,15:10:05.142000,16185,16186,16192,1
2021-03-11,15:10:05.143000,16185,16186,16191,1
2021-03-11,15:10:05.362000,16189,16191,16191,1
2021-03-11,15:10:05.398000,16191,16192,16191,1
2021-03-11,15:10:05.444000,16191,16192,16191,4
2021-03-11,15:10:05.451000,16191,16192,16192,3
2021-03-11,15:10:05.476000,16191,16192,16191,2
2021-03-11,15:10:05.476000,16191,16192,16192,2
2021-03-11,15:10:05.489000,16191,16192,16192,1
2021-03-11,15:10:05.524000,16190,16192,16192,1
2021-03-11,15:10:05.587000,16190,16192,16193,1
2021-03-11,15:10:05.604000,16190,16192,16193,1
2021-03-11,15:10:05.616000,16190,16192,16193,1
2021-03-11,15:10:05.683000,16190,16193,16192,1
2021-03-11,15:10:05.683000,16190,16193,16193,1
2021-03-11,15:10:05.817000,16190,16193,16193,1
2021-03-11,15:10:05.817000,16190,16193,16193,1
2021-03-11,15:10:06.080000,16190,16192,16190,1
2021-03-11,15:10:06.222000,16190,16192,16192,2
2021-03-11,15:10:06.474000,16190,16192,16190,1
2021-03-11,15:10:06.476000,16190,16192,16190,1
2021-03-11,15:10:07.857000,16189,16190,16190,2
2021-03-11,15:10:08.131000,16189,16190,16190,1
2021-03-11,15:10:08.256000,16189,16190,16190,3
2021-03-11,15:10:08.256000,16189,16190,16191,1
2021-03-11,15:10:08.256000,16189,16190,16191,7
2021-03-11,15:10:08.256000,16189,16190,16192,3
2021-03-11,15:10:08.256000,16189,16190,16192,1
2021-03-11,15:10:08.258000,16189,16190,16192,1
2021-03-11,15:10:08.258000,16189,16190,16193,9
2021-03-11,15:10:08.638000,16191,16192,16192,1
2021-03-11,15:10:09.437000,16191,16192,16191,1
2021-03-11,15:10:09.639000,16190,16192,16190,1
2021-03-11,15:10:09.906000,16190,16191,16190,1
2021-03-11,15:10:09.950000,16190,16191,16191,1
2021-03-11,15:10:10.616000,16190,16191,16190,2
2021-03-11,15:10:10.705000,16190,16191,16190,1
2021-03-11,15:10:10.720000,16190,16191,16190,1
2021-03-11,15:10:10.840000,16189,16191,16189,1
2021-03-11,15:10:11.456000,16189,16190,16189,1
2021-03-11,15:10:11.671000,16189,16190,16189,1
2021-03-11,15:10:11.731000,16189,16190,16190,1
2021-03-11,15:10:12.199000,16189,16190,16190,1
2021-03-11,15:10:12.260000,16189,16191,16191,6
2021-03-11,15:10:12.262000,16189,16191,16192,6
2021-03-11,15:10:12.262000,16189,16191,16193,4
2021-03-11,15:10:12.371000,16189,16191,16191,1
2021-03-11,15:10:14.867000,16190,16192,16192,1
2021-03-11,15:10:16.256000,16190,16192,16192,2
2021-03-11,15:10:16.336000,16190,16192,16191,4
2021-03-11,15:10:16.854000,16190,16192,16192,1
2021-03-11,15:10:17.472000,16190,16191,16190,3
2021-03-11,15:10:17.472000,16190,16191,16189,3
2021-03-11,15:10:17.503000,16189,16191,16191,1
2021-03-11,15:10:17.505000,16189,16191,16191,1
2021-03-11,15:10:17.506000,16189,16191,16191,1
2021-03-11,15:10:17.832000,16190,16192,16190,4
2021-03-11,15:10:17.832000,16190,16192,16189,6
2021-03-11,15:10:17.888000,16189,16191,16191,1
2021-03-11,15:10:19.490000,16190,16191,16190,1
2021-03-11,15:10:19.490000,16190,16191,16189,7
2021-03-11,15:10:19.490000,16190,16191,16188,2
2021-03-11,15:10:20.316000,16189,16191,16189,1
2021-03-11,15:10:20.543000,16190,16191,16190,1
2021-03-11,15:10:20.543000,16190,16191,16189,3
2021-03-11,15:10:20.543000,16190,16191,16188,6
2021-03-11,15:10:23.150000,16189,16190,16189,2
2021-03-11,15:10:23.150000,16189,16190,16188,6
2021-03-11,15:10:26.321000,16188,16189,16189,1
2021-03-11,15:10:26.447000,16188,16189,16188,1
2021-03-11,15:10:29.503000,16188,16189,16189,2
2021-03-11,15:10:31.578000,16188,16189,16189,1
2021-03-11,15:10:31.742000,16189,16190,16190,1
2021-03-11,15:10:31.947000,16189,16190,16190,1
2021-03-11,15:10:31.963000,16189,16190,16190,1
2021-03-11,15:10:31.963000,16189,16190,16190,2
2021-03-11,15:10:32.007000,16189,16191,16189,1
2021-03-11,15:10:33.156000,16189,16191,16191,2
2021-03-11,15:10:36.466000,16190,16191,16190,1
2021-03-11,15:10:37.371000,16190,16191,16190,1
2021-03-11,15:10:39.889000,16190,16191,16191,1
2021-03-11,15:10:41.372000,16190,16191,16191,3
2021-03-11,15:10:41.577000,16190,16191,16191,1
2021-03-11,15:10:41.578000,16190,16191,16191,1
2021-03-11,15:10:41.833000,16190,16192,16190,5
2021-03-11,15:10:42.053000,16190,16191,16191,1
2021-03-11,15:10:45.134000,16191,16192,16191,1
2021-03-11,15:10:45.571000,16191,16192,16192,1
2021-03-11,15:10:46.177000,16191,16192,16192,10
2021-03-11,15:10:47.349000,16192,16193,16192,1
2021-03-11,15:10:48.086000,16191,16193,16191,1
2021-03-11,15:10:49.219000,16191,16192,16192,1
2021-03-11,15:10:51.046000,16191,16193,16192,1
2021-03-11,15:10:51.358000,16191,16193,16192,1
2021-03-11,15:10:51.426000,16192,16193,16192,2
2021-03-11,15:10:51.426000,16192,16193,16191,7
2021-03-11,15:10:52.019000,16191,16193,16193,1
2021-03-11,15:10:54.491000,16191,16192,16192,1
2021-03-11,15:10:54.884000,16191,16193,16193,2
2021-03-11,15:10:55.857000,16191,16192,16192,2
2021-03-11,15:10:57.438000,16192,16193,16193,1
2021-03-11,15:10:57.772000,16192,16193,16192,1
2021-03-11,15:11:01.482000,16192,16193,16193,2
2021-03-11,15:11:01.635000,16192,16193,16193,1
2021-03-11,15:11:02.007000,16192,16193,16193,1
2021-03-11,15:11:02.007000,16192,16193,16194,1
2021-03-11,15:11:02.234000,16192,16194,16192,1
2021-03-11,15:11:02.312000,16192,16194,16194,2
2021-03-11,15:11:02.351000,16192,16194,16194,2
2021-03-11,15:11:02.358000,16192,16194,16194,1
2021-03-11,15:11:03.533000,16193,16194,16193,5
2021-03-11,15:11:06.765000,16192,16193,16193,1
2021-03-11,15:11:07.199000,16192,16193,16193,1
2021-03-11,15:11:07.697000,16192,16193,16193,1
2021-03-11,15:11:10.973000,16192,16193,16192,1
2021-03-11,15:11:10.973000,16192,16193,16192,5
2021-03-11,15:11:10.973000,16192,16193,16192,1
2021-03-11,15:11:10.974000,16192,16193,16192,5
2021-03-11,15:11:11.362000,16191,16192,16192,1
2021-03-11,15:11:11.396000,16191,16193,16191,1
2021-03-11,15:11:11.443000,16191,16193,16193,1
2021-03-11,15:11:12.559000,16191,16193,16193,1
2021-03-11,15:11:14.335000,16191,16192,16192,1
2021-03-11,15:11:17.489000,16192,16193,16192,1
2021-03-11,15:11:17.751000,16192,16193,16192,1
2021-03-11,15:11:17.752000,16192,16193,16192,1
2021-03-11,15:11:18.673000,16192,16193,16192,1
2021-03-11,15:11:19.081000,16192,16193,16192,1
2021-03-11,15:11:20.616000,16192,16193,16192,1
2021-03-11,15:11:21.286000,16192,16193,16193,1
2021-03-11,15:11:22.520000,16192,16193,16192,2
2021-03-11,15:11:23.479000,16192,16193,16193,2
2021-03-11,15:11:23.479000,16192,16193,16193,6
2021-03-11,15:11:24.246000,16193,16194,16193,1
2021-03-11,15:11:25.374000,16193,16194,16193,1
2021-03-11,15:11:26.586000,16193,16194,16194,3
2021-03-11,15:11:26.586000,16193,16194,16194,1
2021-03-11,15:11:26.587000,16193,16194,16194,1
2021-03-11,15:11:26.587000,16193,16194,16194,1
2021-03-11,15:11:26.587000,16193,16194,16194,2
2021-03-11,15:11:26.587000,16193,16194,16194,1
2021-03-11,15:11:26.587000,16193,16194,16194,8
2021-03-11,15:11:26.587000,16193,16194,16194,1
2021-03-11,15:11:28.295000,16193,16194,16193,1
2021-03-11,15:11:28.403000,16193,16194,16194,1
2021-03-11,15:11:29.640000,16193,16194,16194,2
2021-03-11,15:11:30.216000,16193,16194,16194,1
2021-03-11,15:11:32.664000,16193,16194,16194,1
2021-03-11,15:11:33.615000,16193,16194,16193,1
2021-03-11,15:11:33.950000,16193,16194,16194,1
2021-03-11,15:11:36.745000,16193,16194,16193,1
2021-03-11,15:11:37.947000,16193,16194,16193,1
2021-03-11,15:11:37.948000,16193,16194,16193,1
2021-03-11,15:11:42.317000,16192,16193,16193,1
2021-03-11,15:11:42.916000,16192,16193,16192,5
2021-03-11,15:11:44.851000,16192,16193,16193,1
2021-03-11,15:11:45.006000,16192,16193,16193,1
2021-03-11,15:11:45.006000,16192,16193,16193,5
2021-03-11,15:11:45.006000,16192,16193,16193,2
2021-03-11,15:11:45.006000,16192,16193,16193,2
2021-03-11,15:11:45.007000,16192,16193,16193,1
2021-03-11,15:11:45.007000,16192,16193,16193,2
2021-03-11,15:11:45.007000,16192,16193,16193,1
2021-03-11,15:11:45.125000,16192,16193,16192,1
2021-03-11,15:11:50.862000,16193,16194,16193,1
2021-03-11,15:11:53.271000,16192,16194,16192,1
2021-03-11,15:11:53.271000,16192,16194,16192,2
2021-03-11,15:11:53.271000,16192,16194,16192,1
2021-03-11,15:11:53.271000,16192,16194,16192,2
2021-03-11,15:11:53.271000,16192,16194,16192,25
2021-03-11,15:11:53.272000,16192,16194,16191,2
2021-03-11,15:11:56.343000,16191,16192,16191,1
2021-03-11,15:11:56.360000,16191,16192,16191,1
2021-03-11,15:11:56.770000,16191,16192,16191,2
2021-03-11,15:11:56.770000,16191,16192,16191,2
2021-03-11,15:11:59.433000,16191,16192,16191,1
2021-03-11,15:11:59.972000,16191,16192,16191,2
2021-03-11,15:12:02.026000,16190,16191,16191,1
2021-03-11,15:12:03.246000,16190,16191,16190,2
2021-03-11,15:12:03.413000,16190,16191,16190,1
2021-03-11,15:12:04.887000,16190,16191,16191,1
2021-03-11,15:12:05.765000,16190,16191,16190,1
2021-03-11,15:12:07.987000,16191,16192,16191,1
2021-03-11,15:12:08.843000,16190,16191,16190,2
2021-03-11,15:12:08.844000,16190,16191,16190,3
2021-03-11,15:12:08.875000,16190,16191,16191,1
2021-03-11,15:12:08.971000,16189,16190,16190,1
2021-03-11,15:12:10.508000,16189,16191,16191,1
2021-03-11,15:12:14.551000,16190,16191,16190,1
2021-03-11,15:12:15.195000,16190,16191,16190,3
2021-03-11,15:12:18.453000,16190,16192,16190,4
2021-03-11,15:12:18.597000,16190,16192,16190,1
2021-03-11,15:12:18.693000,16190,16192,16190,4
2021-03-11,15:12:18.693000,16190,16192,16189,1
2021-03-11,15:12:21.263000,16190,16191,16190,2
2021-03-11,15:12:21.264000,16190,16191,16189,1
2021-03-11,15:12:21.264000,16190,16191,16189,1
2021-03-11,15:12:21.264000,16190,16191,16189,1
2021-03-11,15:12:24.767000,16188,16190,16190,1
2021-03-11,15:12:25.432000,16189,16190,16190,1
2021-03-11,15:12:29.965000,16190,16191,16190,2
2021-03-11,15:12:29.965000,16190,16191,16189,1
2021-03-11,15:12:31.332000,16189,16191,16190,1
2021-03-11,15:12:34.772000,16190,16191,16190,1
2021-03-11,15:12:34.890000,16189,16190,16190,1
2021-03-11,15:12:35.464000,16189,16190,16190,4
2021-03-11,15:12:35.655000,16190,16191,16190,1
2021-03-11,15:12:35.740000,16190,16191,16191,3
2021-03-11,15:12:38.543000,16190,16191,16190,1
2021-03-11,15:12:39.746000,16190,16191,16190,1
2021-03-11,15:12:41.472000,16190,16191,16190,3
2021-03-11,15:12:41.895000,16190,16191,16191,5
2021-03-11,15:12:41.896000,16190,16191,16191,1
2021-03-11,15:12:41.896000,16190,16191,16191,2
2021-03-11,15:12:41.897000,16190,16191,16191,19
2021-03-11,15:12:42.531000,16191,16192,16191,1
2021-03-11,15:12:43.095000,16190,16192,16190,1
2021-03-11,15:12:46.592000,16190,16191,16191,5
2021-03-11,15:12:48.081000,16190,16192,16190,1
2021-03-11,15:12:55.403000,16191,16192,16192,1
2021-03-11,15:12:55.888000,16191,16193,16191,1
2021-03-11,15:12:56.776000,16191,16193,16192,1
2021-03-11,15:12:59.432000,16192,16193,16193,1
2021-03-11,15:13:04.168000,16192,16193,16193,5
2021-03-11,15:13:04.171000,16192,16193,16193,2
2021-03-11,15:13:06.942000,16193,16194,16193,6
2021-03-11,15:13:06.942000,16193,16194,16192,4
2021-03-11,15:13:07.397000,16192,16193,16193,1
2021-03-11,15:13:07.757000,16192,16194,16194,2
2021-03-11,15:13:09.535000,16192,16193,16193,1
2021-03-11,15:13:09.873000,16192,16193,16193,1
2021-03-11,15:13:10.932000,16192,16193,16193,2
2021-03-11,15:13:12.303000,16192,16193,16193,1
2021-03-11,15:13:12.325000,16192,16193,16193,1
2021-03-11,15:13:12.782000,16193,16194,16193,1
2021-03-11,15:13:15.279000,16193,16194,16193,1
2021-03-11,15:13:16.530000,16193,16194,16194,5
2021-03-11,15:13:17.302000,16193,16194,16193,1
2021-03-11,15:13:17.302000,16193,16194,16192,9
2021-03-11,15:13:22.019000,16192,16193,16193,1
2021-03-11,15:13:22.410000,16193,16194,16193,1
2021-03-11,15:13:22.577000,16192,16194,16192,1
2021-03-11,15:13:27.709000,16193,16194,16193,1
2021-03-11,15:13:29.229000,16192,16194,16192,10
2021-03-11,15:13:29.231000,16192,16194,16192,1
2021-03-11,15:13:30.754000,16191,16193,16193,2
2021-03-11,15:13:41.278000,16192,16193,16192,2
2021-03-11,15:13:41.278000,16192,16193,16191,8
2021-03-11,15:13:42.919000,16191,16192,16192,1
2021-03-11,15:13:44.519000,16191,16192,16192,2
2021-03-11,15:13:45.047000,16191,16192,16192,1
2021-03-11,15:13:45.402000,16191,16193,16193,3
2021-03-11,15:13:49.548000,16191,16193,16193,1
2021-03-11,15:13:53.080000,16192,16193,16192,1
2021-03-11,15:13:56.405000,16191,16192,16192,1
2021-03-11,15:13:56.407000,16191,16192,16192,1
2021-03-11,15:13:57.341000,16191,16192,16192,1
2021-03-11,15:13:57.487000,16191,16192,16192,1
2021-03-11,15:13:59.605000,16191,16192,16191,1
2021-03-11,15:14:01.429000,16191,16192,16191,1
2021-03-11,15:14:02.165000,16191,16192,16191,10
2021-03-11,15:14:03.278000,16190,16192,16192,1
2021-03-11,15:14:04.267000,16191,16192,16191,1
2021-03-11,15:14:06.233000,16191,16193,16191,1
2021-03-11,15:14:06.558000,16190,16192,16192,1
2021-03-11,15:14:07.607000,16191,16193,16193,1
2021-03-11,15:14:07.856000,16191,16192,16191,1
2021-03-11,15:14:11.678000,16191,16192,16191,1
2021-03-11,15:14:12.566000,16191,16192,16192,1
2021-03-11,15:14:12.721000,16191,16192,16191,2
2021-03-11,15:14:16.130000,16190,16192,16192,1
2021-03-11,15:14:22.194000,16191,16192,16192,2
2021-03-11,15:14:22.195000,16191,16192,16192,1
2021-03-11,15:14:22.195000,16191,16192,16192,1
2021-03-11,15:14:29.996000,16191,16192,16192,1
2021-03-11,15:14:30.773000,16191,16192,16191,2
2021-03-11,15:14:30.773000,16191,16192,16191,6
2021-03-11,15:14:34.096000,16190,16192,16192,1
2021-03-11,15:14:37.859000,16191,16192,16191,1
2021-03-11,15:14:41.585000,16191,16192,16191,4
2021-03-11,15:14:43.963000,16190,16191,16190,20
2021-03-11,15:14:43.964000,16190,16191,16190,1
2021-03-11,15:14:43.964000,16190,16191,16190,2
2021-03-11,15:14:43.964000,16190,16191,16190,1
2021-03-11,15:14:43.964000,16190,16191,16190,1
2021-03-11,15:14:43.964000,16190,16191,16190,1
2021-03-11,15:14:43.964000,16190,16191,16190,1
2021-03-11,15:14:43.964000,16190,16191,16190,1
2021-03-11,15:14:43.965000,16190,16191,16190,1
2021-03-11,15:14:43.965000,16190,16191,16190,2
2021-03-11,15:14:43.966000,16190,16191,16190,1
2021-03-11,15:14:47.040000,16190,16191,16191,12
2021-03-11,15:14:47.040000,16190,16191,16192,13
2021-03-11,15:14:48.459000,16191,16192,16191,1
2021-03-11,15:14:51.552000,16190,16192,16190,13
2021-03-11,15:14:52.889000,16190,16191,16191,2
2021-03-11,15:14:54.817000,16190,16192,16190,1
2021-03-11,15:14:56.281000,16190,16192,16190,4
2021-03-11,15:15:01.283000,16190,16192,16192,2
2021-03-11,15:15:11.887000,16191,16192,16192,4
2021-03-11,15:15:11.889000,16191,16192,16193,1
2021-03-11,15:15:11.893000,16191,16192,16193,4
2021-03-11,15:15:11.894000,16191,16192,16193,9
2021-03-11,15:15:12.167000,16192,16194,16194,3
2021-03-11,15:15:12.167000,16192,16194,16194,19
2021-03-11,15:15:12.167000,16192,16194,16195,11
2021-03-11,15:15:12.191000,16192,16194,16195,15
2021-03-11,15:15:12.280000,16194,16195,16195,1
2021-03-11,15:15:12.476000,16194,16195,16195,1
2021-03-11,15:15:12.510000,16193,16195,16195,1
2021-03-11,15:15:12.513000,16193,16195,16195,3
2021-03-11,15:15:12.926000,16193,16195,16193,1
2021-03-11,15:15:13.127000,16193,16195,16193,1
2021-03-11,15:15:13.676000,16193,16194,16194,1
2021-03-11,15:15:15.197000,16193,16195,16195,2
2021-03-11,15:15:20.815000,16194,16195,16195,1
2021-03-11,15:15:21.419000,16194,16195,16194,1
2021-03-11,15:15:21.654000,16194,16195,16194,1
2021-03-11,15:15:22.987000,16194,16195,16195,3
2021-03-11,15:15:24.559000,16194,16195,16194,1
2021-03-11,15:15:29.552000,16194,16195,16195,12
2021-03-11,15:15:29.681000,16194,16195,16195,12
2021-03-11,15:15:29.681000,16194,16195,16195,2
2021-03-11,15:15:29.681000,16194,16195,16195,1
2021-03-11,15:15:29.681000,16194,16195,16195,1
2021-03-11,15:15:29.681000,16194,16195,16195,7
2021-03-11,15:15:31.986000,16195,16196,16195,1
2021-03-11,15:15:32.054000,16195,16196,16195,1
2021-03-11,15:15:33.627000,16195,16196,16195,1
2021-03-11,15:15:34.122000,16195,16196,16195,1
2021-03-11,15:15:34.350000,16195,16196,16196,2
2021-03-11,15:15:34.842000,16195,16196,16196,1
2021-03-11,15:15:35.672000,16195,16196,16195,1
2021-03-11,15:15:37.100000,16195,16196,16196,1
2021-03-11,15:15:37.924000,16195,16196,16195,1
2021-03-11,15:15:39.057000,16195,16196,16195,6
2021-03-11,15:15:39.057000,16195,16196,16195,4
2021-03-11,15:15:39.057000,16195,16196,16195,4
2021-03-11,15:15:39.349000,16194,16195,16195,1
2021-03-11,15:15:39.441000,16194,16195,16195,2
2021-03-11,15:15:39.751000,16194,16196,16196,2
2021-03-11,15:15:40.961000,16195,16196,16196,1
2021-03-11,15:15:41.694000,16195,16196,16195,1
2021-03-11,15:15:41.952000,16194,16195,16194,2
2021-03-11,15:15:44.470000,16195,16196,16195,2
2021-03-11,15:15:47.190000,16194,16195,16195,1
2021-03-11,15:15:47.477000,16194,16195,16194,3
2021-03-11,15:15:47.504000,16194,16195,16195,3
2021-03-11,15:15:49.019000,16194,16195,16195,2
2021-03-11,15:15:49.600000,16194,16195,16195,3
2021-03-11,15:15:53.395000,16194,16195,16195,3
2021-03-11,15:15:54.404000,16195,16196,16195,1
2021-03-11,15:15:54.404000,16195,16196,16195,1
2021-03-11,15:15:56.276000,16194,16195,16195,1
2021-03-11,15:15:56.651000,16194,16195,16195,1
2021-03-11,15:16:05.277000,16194,16195,16194,13
2021-03-11,15:16:05.278000,16194,16195,16194,2
2021-03-11,15:16:05.278000,16194,16195,16194,1
2021-03-11,15:16:05.285000,16194,16195,16193,5
2021-03-11,15:16:05.392000,16192,16194,16192,1
2021-03-11,15:16:05.754000,16192,16194,16194,1
2021-03-11,15:16:06.268000,16192,16194,16194,5
2021-03-11,15:16:08.204000,16193,16195,16195,2
2021-03-11,15:16:12.313000,16194,16195,16194,1
2021-03-11,15:16:14.684000,16193,16195,16195,1
2021-03-11,15:16:18.586000,16193,16195,16195,1
2021-03-11,15:16:24.812000,16194,16195,16195,1
2021-03-11,15:16:24.904000,16194,16195,16195,1
2021-03-11,15:16:28.384000,16194,16195,16194,1
2021-03-11,15:16:29.502000,16193,16195,16193,1
2021-03-11,15:16:31.330000,16193,16195,16194,2
2021-03-11,15:16:31.331000,16193,16195,16194,1
2021-03-11,15:16:31.331000,16193,16195,16194,2
2021-03-11,15:16:34.076000,16193,16194,16193,1
2021-03-11,15:16:34.076000,16193,16194,16193,1
2021-03-11,15:16:34.078000,16193,16194,16193,1
2021-03-11,15:16:34.078000,16193,16194,16193,2
2021-03-11,15:16:34.078000,16193,16194,16193,1
2021-03-11,15:16:34.078000,16193,16194,16193,4
2021-03-11,15:16:36.379000,16192,16193,16192,5
2021-03-11,15:16:37.277000,16192,16193,16192,5
2021-03-11,15:16:37.278000,16192,16193,16192,3
2021-03-11,15:16:38.118000,16191,16192,16191,5
2021-03-11,15:16:38.123000,16191,16192,16192,1
2021-03-11,15:16:44.717000,16191,16192,16191,1
2021-03-11,15:16:46.592000,16191,16192,16191,1
2021-03-11,15:16:47.527000,16191,16192,16191,1
2021-03-11,15:16:47.527000,16191,16192,16191,2
2021-03-11,15:16:47.557000,16191,16192,16192,1
2021-03-11,15:16:47.939000,16190,16192,16190,5
2021-03-11,15:16:48.618000,16190,16192,16190,5
2021-03-11,15:16:49.714000,16190,16192,16190,5
2021-03-11,15:16:52.210000,16190,16191,16190,1
2021-03-11,15:16:53.704000,16189,16190,16189,1
2021-03-11,15:16:58.497000,16189,16190,16190,1
2021-03-11,15:17:00.181000,16189,16190,16190,1
2021-03-11,15:17:02.725000,16189,16190,16190,1
2021-03-11,15:17:06.920000,16189,16190,16190,1
2021-03-11,15:17:07.079000,16189,16190,16189,4
2021-03-11,15:17:12.770000,16189,16190,16189,2
2021-03-11,15:17:14.299000,16189,16190,16189,1
2021-03-11,15:17:15.351000,16188,16189,16188,1
2021-03-11,15:17:15.603000,16188,16189,16189,1
2021-03-11,15:17:15.603000,16188,16189,16190,1
2021-03-11,15:17:15.669000,16189,16190,16189,1
2021-03-11,15:17:18.649000,16188,16189,16188,1
2021-03-11,15:17:20.157000,16188,16189,16188,5
2021-03-11,15:17:20.487000,16188,16189,16189,1
2021-03-11,15:17:22.046000,16188,16189,16188,5
2021-03-11,15:17:22.486000,16188,16189,16189,1
2021-03-11,15:17:24.265000,16188,16189,16188,4
2021-03-11,15:17:24.266000,16188,16189,16188,1
2021-03-11,15:17:24.896000,16188,16189,16188,1
2021-03-11,15:17:25.303000,16188,16189,16188,1
2021-03-11,15:17:25.304000,16188,16189,16188,3
2021-03-11,15:17:25.304000,16188,16189,16188,1
2021-03-11,15:17:26.914000,16188,16189,16188,3
2021-03-11,15:17:26.914000,16188,16189,16188,1
2021-03-11,15:17:26.914000,16188,16189,16188,1
2021-03-11,15:17:27.755000,16188,16189,16189,1
2021-03-11,15:17:27.997000,16188,16189,16188,2
2021-03-11,15:17:28.301000,16187,16188,16188,3
2021-03-11,15:17:30.035000,16188,16189,16189,1
2021-03-11,15:17:30.035000,16188,16189,16189,2
2021-03-11,15:17:30.035000,16188,16189,16189,2
2021-03-11,15:17:30.593000,16189,16190,16189,1
2021-03-11,15:17:32.172000,16189,16190,16190,1
2021-03-11,15:17:32.338000,16189,16190,16189,3
2021-03-11,15:17:35.211000,16188,16189,16189,1
2021-03-11,15:17:42.059000,16188,16189,16188,4
2021-03-11,15:17:44.706000,16188,16189,16188,4
2021-03-11,15:17:44.707000,16188,16189,16188,1
2021-03-11,15:17:45.775000,16188,16189,16188,1
2021-03-11,15:17:45.776000,16188,16189,16188,1
2021-03-11,15:17:46.990000,16187,16188,16188,1
2021-03-11,15:17:47.033000,16187,16188,16187,6
2021-03-11,15:17:47.033000,16187,16188,16186,6
2021-03-11,15:17:47.112000,16187,16188,16186,7
2021-03-11,15:17:47.199000,16185,16186,16185,1
2021-03-11,15:17:47.285000,16185,16186,16185,1
2021-03-11,15:17:47.291000,16185,16186,16185,1
2021-03-11,15:17:47.328000,16185,16186,16185,1
2021-03-11,15:17:48.343000,16185,16186,16186,1
2021-03-11,15:17:50.334000,16185,16186,16185,4
2021-03-11,15:17:50.334000,16185,16186,16185,1
2021-03-11,15:17:51.165000,16185,16186,16185,1
2021-03-11,15:17:51.165000,16185,16186,16185,4
2021-03-11,15:17:52.066000,16185,16186,16185,4
2021-03-11,15:17:52.068000,16185,16186,16185,1
2021-03-11,15:17:53.579000,16185,16186,16185,1
2021-03-11,15:17:57.139000,16185,16186,16185,2
2021-03-11,15:17:57.547000,16184,16185,16185,1
2021-03-11,15:17:57.548000,16184,16185,16185,1
2021-03-11,15:17:57.684000,16184,16186,16184,4
2021-03-11,15:17:58.993000,16184,16185,16185,1
2021-03-11,15:17:59.181000,16184,16186,16184,1
2021-03-11,15:18:00.893000,16185,16186,16186,4
2021-03-11,15:18:00.893000,16185,16186,16186,1
2021-03-11,15:18:01.994000,16186,16187,16187,1
2021-03-11,15:18:03.751000,16186,16188,16186,2
2021-03-11,15:18:04.935000,16186,16188,16186,1
2021-03-11,15:18:13.680000,16187,16188,16187,2
2021-03-11,15:18:13.680000,16187,16188,16186,4
2021-03-11,15:18:13.680000,16187,16188,16185,29
2021-03-11,15:18:19.653000,16186,16188,16186,1
2021-03-11,15:18:20.342000,16186,16188,16186,1
2021-03-11,15:18:21.319000,16186,16188,16187,1
2021-03-11,15:18:22.283000,16186,16187,16186,1
2021-03-11,15:18:24.235000,16185,16186,16185,2
2021-03-11,15:18:24.236000,16185,16186,16185,1
2021-03-11,15:18:26.251000,16185,16186,16185,1
2021-03-11,15:18:27.811000,16184,16186,16184,5
2021-03-11,15:18:28.242000,16184,16185,16185,1
2021-03-11,15:18:31.017000,16184,16185,16184,1
2021-03-11,15:18:31.274000,16184,16185,16184,3
2021-03-11,15:18:31.275000,16184,16185,16184,4
2021-03-11,15:18:31.275000,16184,16185,16184,2
2021-03-11,15:18:31.275000,16184,16185,16184,1
2021-03-11,15:18:33.508000,16183,16185,16185,1
2021-03-11,15:18:33.972000,16183,16185,16183,5
2021-03-11,15:18:34.317000,16183,16185,16185,1
2021-03-11,15:18:39.538000,16183,16184,16183,1
2021-03-11,15:18:43.856000,16182,16183,16182,2
2021-03-11,15:18:43.914000,16182,16183,16182,1
2021-03-11,15:18:44.753000,16182,16183,16182,1
2021-03-11,15:18:44.997000,16181,16182,16182,1
2021-03-11,15:18:46.094000,16181,16182,16182,1
2021-03-11,15:18:46.590000,16181,16182,16182,1
2021-03-11,15:18:46.885000,16181,16183,16182,1
2021-03-11,15:18:49.275000,16182,16183,16183,1
2021-03-11,15:18:49.795000,16182,16183,16182,1
2021-03-11,15:18:51.972000,16182,16183,16182,1
2021-03-11,15:18:52.733000,16182,16183,16182,4
2021-03-11,15:18:53.035000,16182,16183,16182,1
2021-03-11,15:18:53.035000,16182,16183,16181,1
2021-03-11,15:18:53.189000,16181,16182,16181,1
2021-03-11,15:18:59.374000,16182,16183,16183,1
2021-03-11,15:18:59.374000,16182,16183,16183,4
2021-03-11,15:18:59.768000,16182,16184,16182,2
2021-03-11,15:19:00.316000,16182,16184,16182,1
2021-03-11,15:19:01.152000,16183,16184,16183,1
2021-03-11,15:19:01.154000,16183,16184,16183,3
2021-03-11,15:19:08.366000,16182,16184,16184,1
2021-03-11,15:19:08.435000,16184,16185,16184,1
2021-03-11,15:19:08.435000,16184,16185,16183,1
2021-03-11,15:19:08.729000,16184,16185,16185,1
2021-03-11,15:19:08.746000,16184,16185,16185,1
2021-03-11,15:19:09.897000,16184,16186,16184,1
2021-03-11,15:19:09.898000,16184,16186,16184,1
2021-03-11,15:19:09.898000,16184,16186,16184,2
2021-03-11,15:19:09.898000,16184,16186,16184,1
2021-03-11,15:19:10.832000,16183,16185,16183,3
2021-03-11,15:19:10.832000,16183,16185,16183,1
2021-03-11,15:19:10.832000,16183,16185,16183,1
2021-03-11,15:19:11.542000,16182,16184,16182,5
2021-03-11,15:19:12.275000,16182,16184,16182,2
2021-03-11,15:19:12.276000,16182,16184,16182,3
2021-03-11,15:19:12.947000,16181,16184,16182,5
2021-03-11,15:19:13.686000,16181,16182,16181,5
2021-03-11,15:19:16.151000,16181,16182,16182,1
2021-03-11,15:19:17.322000,16181,16182,16181,1
2021-03-11,15:19:18.132000,16181,16182,16181,1
2021-03-11,15:19:21.084000,16181,16182,16182,1
2021-03-11,15:19:21.284000,16181,16182,16181,3
2021-03-11,15:19:21.284000,16181,16182,16180,41
2021-03-11,15:19:21.286000,16181,16182,16180,1
2021-03-11,15:19:21.286000,16181,16182,16180,1
2021-03-11,15:19:21.286000,16181,16182,16180,5
2021-03-11,15:19:21.287000,16181,16182,16180,1
2021-03-11,15:19:21.287000,16181,16182,16180,5
2021-03-11,15:19:21.300000,16181,16182,16181,1
2021-03-11,15:19:21.731000,16180,16182,16180,1
2021-03-11,15:19:21.745000,16180,16182,16179,1
2021-03-11,15:19:21.757000,16179,16181,16179,1
2021-03-11,15:19:21.762000,16179,16181,16178,1
2021-03-11,15:19:22.045000,16180,16181,16180,1
2021-03-11,15:19:22.045000,16180,16181,16179,1
2021-03-11,15:19:22.065000,16180,16181,16179,2
2021-03-11,15:19:22.169000,16179,16181,16179,1
2021-03-11,15:19:22.182000,16179,16181,16179,1
2021-03-11,15:19:22.233000,16179,16181,16181,1
2021-03-11,15:19:22.309000,16179,16181,16179,1
2021-03-11,15:19:22.398000,16179,16181,16179,1
2021-03-11,15:19:22.404000,16179,16181,16179,1
2021-03-11,15:19:25.895000,16179,16181,16179,3
2021-03-11,15:19:25.895000,16179,16181,16178,1
2021-03-11,15:19:27.687000,16178,16180,16178,1
2021-03-11,15:19:28.295000,16178,16180,16179,1
2021-03-11,15:19:29.874000,16178,16179,16178,1
2021-03-11,15:19:30.305000,16178,16179,16178,1
2021-03-11,15:19:30.640000,16178,16179,16178,1
2021-03-11,15:19:30.991000,16178,16179,16178,1
2021-03-11,15:19:31.564000,16178,16179,16178,1
2021-03-11,15:19:32.902000,16178,16179,16179,1
2021-03-11,15:19:33.242000,16179,16180,16179,1
2021-03-11,15:19:33.640000,16179,16180,16179,1
2021-03-11,15:19:34.980000,16179,16180,16179,1
2021-03-11,15:19:36.137000,16178,16179,16178,8
2021-03-11,15:19:37.496000,16178,16179,16179,1
2021-03-11,15:19:38.189000,16178,16179,16179,7
2021-03-11,15:19:39.045000,16179,16180,16179,2
2021-03-11,15:19:39.045000,16179,16180,16178,3
2021-03-11,15:19:39.405000,16179,16180,16179,1
2021-03-11,15:19:41.460000,16178,16179,16178,1
2021-03-11,15:19:42.421000,16178,16179,16178,5
2021-03-11,15:19:43.557000,16178,16179,16178,1
2021-03-11,15:19:43.558000,16178,16179,16178,4
2021-03-11,15:19:43.596000,16178,16179,16177,1
2021-03-11,15:19:43.664000,16177,16178,16177,1
2021-03-11,15:19:43.710000,16177,16178,16178,1
2021-03-11,15:19:44.617000,16178,16179,16179,1
2021-03-11,15:19:44.618000,16178,16179,16179,1
2021-03-11,15:19:47.165000,16178,16179,16178,1
2021-03-11,15:19:47.980000,16178,16179,16178,2
2021-03-11,15:19:48.814000,16177,16178,16178,2
2021-03-11,15:19:49.038000,16177,16179,16177,5
2021-03-11,15:19:50.011000,16178,16179,16178,2
2021-03-11,15:19:50.351000,16177,16178,16178,2
2021-03-11,15:19:50.351000,16177,16178,16178,1
2021-03-11,15:19:51.741000,16178,16179,16178,2
2021-03-11,15:19:51.870000,16177,16178,16178,2
2021-03-11,15:19:52.170000,16177,16178,16178,1
2021-03-11,15:19:52.274000,16178,16179,16178,2
2021-03-11,15:19:53.082000,16177,16178,16178,1
2021-03-11,15:19:54.031000,16177,16178,16178,1
2021-03-11,15:19:54.382000,16178,16179,16178,1
2021-03-11,15:19:56.823000,16178,16179,16178,1
2021-03-11,15:19:57.914000,16178,16179,16179,2
2021-03-11,15:19:58.246000,16178,16179,16178,1
2021-03-11,15:19:58.351000,16177,16178,16178,2
2021-03-11,15:19:58.652000,16177,16178,16177,1
2021-03-11,15:19:58.652000,16177,16178,16177,1
2021-03-11,15:19:58.652000,16177,16178,16177,1
2021-03-11,15:19:58.652000,16177,16178,16177,1
2021-03-11,15:19:58.652000,16177,16178,16177,1
2021-03-11,15:19:58.652000,16177,16178,16177,8
2021-03-11,15:19:58.652000,16177,16178,16177,3
2021-03-11,15:19:58.652000,16177,16178,16177,1
2021-03-11,15:19:58.652000,16177,16178,16177,1
2021-03-11,15:19:58.653000,16177,16178,16177,1
2021-03-11,15:19:58.653000,16177,16178,16177,1
2021-03-11,15:20:00.569000,16177,16178,16177,2
2021-03-11,15:20:01.126000,16176,16177,16177,1
2021-03-11,15:20:01.522000,16176,16178,16176,2
2021-03-11,15:20:01.571000,16176,16178,16176,1
2021-03-11,15:20:02.572000,16176,16178,16178,2
2021-03-11,15:20:02.976000,16176,16178,16178,1
2021-03-11,15:20:05.501000,16177,16178,16177,1
2021-03-11,15:20:07.623000,16176,16178,16178,1
2021-03-11,15:20:12.838000,16177,16178,16177,3
2021-03-11,15:20:13.167000,16176,16177,16177,1
2021-03-11,15:20:13.167000,16176,16177,16177,1
2021-03-11,15:20:14.328000,16176,16177,16176,5
2021-03-11,15:20:16.712000,16176,16177,16176,1
2021-03-11,15:20:16.896000,16176,16177,16176,3
2021-03-11,15:20:17.843000,16175,16176,16175,1
2021-03-11,15:20:17.988000,16175,16176,16176,1
2021-03-11,15:20:17.998000,16175,16176,16175,4
2021-03-11,15:20:18.043000,16175,16176,16175,4
2021-03-11,15:20:18.115000,16175,16176,16176,1
2021-03-11,15:20:18.264000,16175,16176,16176,2
2021-03-11,15:20:18.264000,16175,16176,16177,2
2021-03-11,15:20:20.569000,16175,16177,16177,1
2021-03-11,15:20:20.982000,16175,16177,16177,1
2021-03-11,15:20:24.004000,16176,16177,16177,1
2021-03-11,15:20:24.238000,16176,16177,16177,1
2021-03-11,15:20:27.545000,16176,16177,16177,1
2021-03-11,15:20:28.565000,16176,16177,16177,1
2021-03-11,15:20:30.539000,16176,16178,16176,4
2021-03-11,15:20:30.540000,16176,16178,16176,1
2021-03-11,15:20:31.709000,16176,16178,16176,5
2021-03-11,15:20:33.080000,16176,16178,16177,1
2021-03-11,15:20:33.910000,16177,16178,16178,1
2021-03-11,15:20:34.696000,16177,16178,16177,1
2021-03-11,15:20:36.219000,16176,16177,16177,1
2021-03-11,15:20:39.164000,16176,16177,16176,5
2021-03-11,15:20:42.116000,16176,16177,16177,1
2021-03-11,15:20:43.402000,16177,16178,16177,1
2021-03-11,15:20:43.416000,16177,16178,16177,2
2021-03-11,15:20:43.427000,16177,16178,16176,2
2021-03-11,15:20:43.427000,16177,16178,16176,2
2021-03-11,15:20:49.707000,16176,16177,16177,1
2021-03-11,15:20:49.707000,16176,16177,16177,1
2021-03-11,15:20:49.707000,16176,16177,16177,1
2021-03-11,15:20:49.708000,16176,16177,16177,1
2021-03-11,15:20:53.670000,16177,16178,16178,1
2021-03-11,15:20:53.918000,16177,16178,16177,5
2021-03-11,15:20:54.387000,16177,16178,16177,5
2021-03-11,15:20:54.760000,16177,16178,16177,5
2021-03-11,15:20:54.910000,16177,16178,16178,3
2021-03-11,15:20:54.910000,16177,16178,16178,1
2021-03-11,15:20:54.910000,16177,16178,16178,2
2021-03-11,15:20:55.154000,16178,16179,16178,5
2021-03-11,15:21:04.957000,16178,16179,16178,5
2021-03-11,15:21:05.257000,16178,16179,16178,5
2021-03-11,15:21:05.685000,16178,16179,16178,5
2021-03-11,15:21:05.686000,16178,16179,16178,1
2021-03-11,15:21:06.509000,16178,16179,16178,1
2021-03-11,15:21:07.061000,16177,16178,16178,1
2021-03-11,15:21:07.348000,16177,16178,16178,4
2021-03-11,15:21:08.892000,16178,16179,16178,1
2021-03-11,15:21:10.787000,16177,16178,16177,1
2021-03-11,15:21:13.495000,16176,16178,16176,1
2021-03-11,15:21:16.586000,16177,16178,16178,1
2021-03-11,15:21:22.604000,16177,16178,16178,1
2021-03-11,15:21:25.389000,16177,16178,16177,5
2021-03-11,15:21:31.904000,16176,16177,16177,4
2021-03-11,15:21:33.703000,16177,16178,16178,1
2021-03-11,15:21:36.844000,16177,16178,16177,1
2021-03-11,15:21:37.574000,16177,16178,16178,1
2021-03-11,15:21:39.235000,16177,16178,16177,3
2021-03-11,15:21:39.713000,16177,16178,16177,1
2021-03-11,15:21:39.713000,16177,16178,16177,1
2021-03-11,15:21:39.713000,16177,16178,16177,1
2021-03-11,15:21:46.977000,16176,16177,16177,1
2021-03-11,15:21:47.469000,16177,16178,16177,1
2021-03-11,15:21:47.735000,16177,16178,16177,1
2021-03-11,15:21:48.674000,16177,16178,16177,1
2021-03-11,15:21:48.674000,16177,16178,16177,1
2021-03-11,15:21:51.245000,16176,16177,16177,1
2021-03-11,15:21:58.224000,16176,16177,16177,1
2021-03-11,15:21:58.468000,16176,16177,16177,5
2021-03-11,15:22:04.484000,16177,16178,16177,1
2021-03-11,15:22:04.529000,16177,16178,16177,1
2021-03-11,15:22:04.529000,16177,16178,16177,1
2021-03-11,15:22:10.138000,16176,16177,16177,2
2021-03-11,15:22:12.874000,16176,16177,16176,3
2021-03-11,15:22:12.874000,16176,16177,16176,1
2021-03-11,15:22:12.874000,16176,16177,16176,1
2021-03-11,15:22:12.875000,16176,16177,16176,1
2021-03-11,15:22:13.990000,16176,16177,16176,3
2021-03-11,15:22:14.728000,16176,16177,16176,1
2021-03-11,15:22:17.023000,16175,16176,16176,1
2021-03-11,15:22:20.515000,16175,16176,16176,1
2021-03-11,15:22:23.840000,16175,16176,16175,3
2021-03-11,15:22:24.982000,16175,16176,16175,1
2021-03-11,15:22:26.457000,16175,16176,16176,1
2021-03-11,15:22:27.685000,16175,16176,16175,3
2021-03-11,15:22:27.699000,16175,16176,16175,1
2021-03-11,15:22:27.699000,16175,16176,16175,1
2021-03-11,15:22:31.414000,16175,16176,16175,1
2021-03-11,15:22:34.343000,16174,16175,16175,1
2021-03-11,15:22:36.749000,16174,16175,16174,3
2021-03-11,15:22:37.061000,16174,16175,16174,3
2021-03-11,15:22:37.478000,16174,16175,16174,1
2021-03-11,15:22:37.481000,16174,16175,16174,1
2021-03-11,15:22:39.746000,16173,16174,16173,4
2021-03-11,15:22:40.238000,16173,16174,16174,1
2021-03-11,15:22:41.377000,16173,16174,16173,1
2021-03-11,15:22:42.078000,16173,16174,16173,3
2021-03-11,15:22:44.296000,16172,16173,16172,5
2021-03-11,15:22:44.418000,16172,16173,16172,1
2021-03-11,15:22:44.467000,16172,16173,16171,5
2021-03-11,15:22:44.574000,16171,16172,16171,2
2021-03-11,15:22:44.794000,16170,16172,16172,1
2021-03-11,15:22:45.159000,16170,16172,16170,2
2021-03-11,15:22:45.258000,16170,16172,16170,1
2021-03-11,15:22:45.328000,16170,16172,16170,2
2021-03-11,15:22:45.476000,16170,16172,16170,1
2021-03-11,15:22:45.601000,16170,16172,16170,1
2021-03-11,15:22:45.857000,16170,16172,16170,2
2021-03-11,15:22:46.318000,16170,16172,16170,1
2021-03-11,15:22:47.637000,16170,16171,16171,1
2021-03-11,15:22:47.752000,16171,16172,16171,1
2021-03-11,15:22:47.758000,16171,16172,16171,1
2021-03-11,15:22:47.898000,16170,16172,16170,1
2021-03-11,15:22:47.903000,16170,16172,16170,5
2021-03-11,15:22:48.083000,16170,16171,16170,5
2021-03-11,15:22:48.296000,16170,16171,16170,1
2021-03-11,15:22:49.339000,16169,16170,16170,5
2021-03-11,15:22:49.340000,16169,16170,16170,1
2021-03-11,15:22:49.340000,16169,16170,16170,1
2021-03-11,15:22:49.340000,16169,16170,16170,1
2021-03-11,15:22:49.340000,16169,16170,16170,1
2021-03-11,15:22:50.005000,16169,16171,16169,1
2021-03-11,15:22:50.502000,16169,16170,16170,1
2021-03-11,15:22:51.101000,16169,16170,16169,20
2021-03-11,15:22:52.184000,16168,16169,16168,8
2021-03-11,15:22:52.184000,16168,16169,16168,3
2021-03-11,15:22:52.317000,16167,16169,16167,1
2021-03-11,15:22:52.373000,16167,16169,16167,2
2021-03-11,15:22:52.377000,16167,16169,16167,3
2021-03-11,15:22:52.411000,16167,16169,16166,3
2021-03-11,15:22:52.527000,16166,16168,16166,1
2021-03-11,15:22:52.586000,16166,16168,16166,1
2021-03-11,15:22:52.766000,16166,16167,16166,1
2021-03-11,15:22:52.775000,16166,16167,16167,3
2021-03-11,15:22:52.824000,16166,16167,16167,1
2021-03-11,15:22:52.887000,16167,16168,16167,1
2021-03-11,15:22:52.887000,16167,16168,16166,1
2021-03-11,15:22:52.913000,16167,16168,16166,2
2021-03-11,15:22:53.877000,16167,16168,16167,1
2021-03-11,15:22:54.934000,16166,16168,16168,2
2021-03-11,15:22:56.373000,16167,16168,16168,1
2021-03-11,15:22:56.547000,16168,16169,16168,1
2021-03-11,15:22:56.547000,16168,16169,16167,4
2021-03-11,15:22:56.829000,16167,16168,16168,1
2021-03-11,15:22:58.261000,16167,16169,16167,1
2021-03-11,15:22:58.946000,16167,16169,16167,1
2021-03-11,15:22:59.021000,16167,16168,16167,1
2021-03-11,15:23:00.047000,16167,16169,16167,1
2021-03-11,15:23:00.463000,16167,16169,16167,1
2021-03-11,15:23:01.909000,16167,16169,16168,1
2021-03-11,15:23:01.909000,16167,16169,16167,9
2021-03-11,15:23:03.412000,16168,16169,16168,1
2021-03-11,15:23:04.530000,16168,16169,16168,1
2021-03-11,15:23:08.147000,16167,16169,16167,5
2021-03-11,15:23:08.468000,16167,16169,16167,3
2021-03-11,15:23:08.468000,16167,16169,16167,1
2021-03-11,15:23:08.468000,16167,16169,16167,1
2021-03-11,15:23:09.043000,16167,16168,16167,1
2021-03-11,15:23:09.044000,16167,16168,16167,4
2021-03-11,15:23:09.545000,16166,16168,16168,1
2021-03-11,15:23:10.533000,16166,16167,16167,1
2021-03-11,15:23:10.557000,16166,16167,16167,1
2021-03-11,15:23:12.208000,16166,16167,16167,1
2021-03-11,15:23:12.752000,16167,16168,16167,1
2021-03-11,15:23:14.070000,16166,16167,16166,4
2021-03-11,15:23:15.479000,16165,16166,16166,1
2021-03-11,15:23:16.676000,16166,16167,16166,1
2021-03-11,15:23:17.944000,16166,16167,16166,2
2021-03-11,15:23:19.421000,16166,16167,16166,3
2021-03-11,15:23:20.186000,16166,16167,16167,1
2021-03-11,15:23:20.738000,16166,16167,16166,1
2021-03-11,15:23:21.238000,16166,16167,16167,2
2021-03-11,15:23:21.238000,16166,16167,16167,3
2021-03-11,15:23:21.238000,16166,16167,16167,1
2021-03-11,15:23:22.009000,16167,16168,16168,1
2021-03-11,15:23:22.010000,16167,16168,16168,4
2021-03-11,15:23:22.010000,16167,16168,16168,1
2021-03-11,15:23:22.368000,16168,16169,16168,2
2021-03-11,15:23:22.787000,16168,16169,16168,1
2021-03-11,15:23:26.627000,16168,16169,16168,1
2021-03-11,15:23:27.807000,16167,16169,16167,1
2021-03-11,15:23:29.441000,16168,16169,16168,1
2021-03-11,15:23:29.441000,16168,16169,16168,1
2021-03-11,15:23:29.846000,16167,16169,16169,1
2021-03-11,15:23:30.355000,16167,16169,16168,1
2021-03-11,15:23:32.812000,16168,16169,16169,2
2021-03-11,15:23:32.813000,16168,16169,16169,26
2021-03-11,15:23:33.077000,16169,16170,16170,3
2021-03-11,15:23:33.162000,16169,16170,16170,2
2021-03-11,15:23:33.199000,16169,16170,16170,2
2021-03-11,15:23:33.233000,16169,16170,16170,1
2021-03-11,15:23:33.325000,16169,16170,16170,1
2021-03-11,15:23:35.230000,16169,16170,16170,1
2021-03-11,15:23:35.710000,16169,16170,16170,1
2021-03-11,15:23:35.711000,16169,16170,16170,2
2021-03-11,15:23:35.711000,16169,16170,16170,2
2021-03-11,15:23:35.711000,16169,16170,16170,1
2021-03-11,15:23:35.999000,16169,16170,16170,1
2021-03-11,15:23:36.059000,16169,16170,16170,2
2021-03-11,15:23:36.392000,16170,16171,16170,2
2021-03-11,15:23:36.453000,16170,16171,16171,1
2021-03-11,15:23:36.799000,16170,16172,16170,2
2021-03-11,15:23:37.679000,16170,16172,16172,1
2021-03-11,15:23:38.184000,16171,16172,16172,1
2021-03-11,15:23:38.612000,16171,16172,16172,1
2021-03-11,15:23:39.721000,16171,16172,16171,5
2021-03-11,15:23:40.438000,16171,16172,16171,1
2021-03-11,15:23:41.007000,16169,16171,16171,1
2021-03-11,15:23:43.777000,16170,16171,16170,1
2021-03-11,15:23:44.445000,16169,16170,16170,1
2021-03-11,15:23:45.047000,16169,16170,16170,1
2021-03-11,15:23:45.750000,16169,16170,16170,1
2021-03-11,15:23:46.165000,16169,16170,16170,1
2021-03-11,15:23:47.427000,16170,16171,16171,1
2021-03-11,15:23:48.441000,16170,16171,16170,1
2021-03-11,15:23:49.979000,16170,16171,16170,2
2021-03-11,15:23:52.344000,16170,16171,16170,1
2021-03-11,15:23:53.222000,16170,16171,16170,2
2021-03-11,15:23:53.685000,16169,16170,16170,1
2021-03-11,15:23:54.670000,16169,16171,16169,1
2021-03-11,15:23:55.952000,16170,16171,16170,1
2021-03-11,15:23:55.952000,16170,16171,16169,1
2021-03-11,15:23:59.010000,16169,16170,16170,2
2021-03-11,15:23:59.010000,16169,16170,16171,3
2021-03-11,15:24:00.120000,16170,16171,16171,2
2021-03-11,15:24:01.127000,16170,16171,16170,1
2021-03-11,15:24:01.180000,16170,16171,16169,1
2021-03-11,15:24:02.255000,16169,16170,16169,2
2021-03-11,15:24:05.959000,16170,16171,16170,3
2021-03-11,15:24:05.959000,16170,16171,16170,2
2021-03-11,15:24:08.718000,16169,16171,16171,1
2021-03-11,15:24:09.392000,16169,16170,16170,1
2021-03-11,15:24:09.672000,16169,16170,16170,1
2021-03-11,15:24:09.672000,16169,16170,16170,1
2021-03-11,15:24:09.673000,16169,16170,16170,1
2021-03-11,15:24:13.294000,16170,16171,16170,1
2021-03-11,15:24:14.319000,16170,16171,16170,1
2021-03-11,15:24:15.078000,16170,16171,16170,2
2021-03-11,15:24:18.750000,16170,16171,16170,1
2021-03-11,15:24:18.750000,16170,16171,16170,1
2021-03-11,15:24:21.957000,16170,16171,16170,1
2021-03-11,15:24:25.690000,16170,16171,16171,1
2021-03-11,15:24:31.733000,16170,16171,16171,1
2021-03-11,15:24:35.039000,16170,16171,16170,1
2021-03-11,15:24:35.258000,16170,16171,16171,2
2021-03-11,15:24:35.545000,16170,16171,16171,1
2021-03-11,15:24:40.173000,16170,16171,16171,1
2021-03-11,15:24:43.997000,16170,16171,16171,2
2021-03-11,15:24:46.473000,16170,16171,16170,1
2021-03-11,15:24:46.807000,16170,16171,16171,1
2021-03-11,15:24:52.531000,16170,16171,16171,4
2021-03-11,15:24:52.531000,16170,16171,16171,2
2021-03-11,15:24:53.705000,16171,16172,16171,1
2021-03-11,15:24:53.706000,16171,16172,16171,1
2021-03-11,15:24:53.789000,16171,16172,16171,1
2021-03-11,15:24:56.329000,16171,16172,16171,1
2021-03-11,15:24:56.544000,16171,16172,16171,1
2021-03-11,15:24:56.545000,16171,16172,16171,1
2021-03-11,15:25:03.459000,16171,16172,16172,1
2021-03-11,15:25:03.459000,16171,16172,16172,1
2021-03-11,15:25:03.459000,16171,16172,16172,1
2021-03-11,15:25:06.974000,16171,16172,16171,1
2021-03-11,15:25:07.476000,16171,16172,16172,3
2021-03-11,15:25:09.015000,16171,16172,16171,1
2021-03-11,15:25:10.239000,16171,16172,16172,1
2021-03-11,15:25:18.453000,16171,16172,16172,1
2021-03-11,15:25:21.145000,16171,16172,16172,1
2021-03-11,15:25:23.168000,16171,16172,16172,1
2021-03-11,15:25:26.187000,16172,16173,16173,1
2021-03-11,15:25:32.198000,16172,16173,16173,2
2021-03-11,15:25:35.247000,16173,16174,16173,1
2021-03-11,15:25:36.998000,16173,16174,16174,1
2021-03-11,15:25:37.071000,16173,16174,16173,1
2021-03-11,15:25:40.012000,16173,16174,16174,1
2021-03-11,15:25:40.013000,16173,16174,16174,1
2021-03-11,15:25:40.751000,16174,16175,16174,1
2021-03-11,15:25:41.343000,16173,16175,16173,1
2021-03-11,15:25:42.307000,16174,16175,16174,1
2021-03-11,15:25:44.700000,16173,16175,16175,1
2021-03-11,15:25:46.411000,16174,16176,16174,1
2021-03-11,15:25:46.411000,16174,16176,16173,1
2021-03-11,15:25:48.043000,16174,16176,16174,1
2021-03-11,15:25:55.186000,16174,16175,16174,1
2021-03-11,15:25:57.195000,16174,16175,16175,1
2021-03-11,15:25:57.237000,16174,16175,16174,1
2021-03-11,15:26:01.743000,16174,16175,16175,1
2021-03-11,15:26:01.915000,16174,16175,16174,1
2021-03-11,15:26:03.444000,16173,16174,16174,1
2021-03-11,15:26:12.508000,16173,16174,16174,2
2021-03-11,15:26:17.637000,16173,16174,16174,1
2021-03-11,15:26:19.846000,16173,16174,16174,1
2021-03-11,15:26:25.850000,16174,16175,16175,2
2021-03-11,15:26:25.850000,16174,16175,16176,3
2021-03-11,15:26:37.256000,16174,16175,16175,1
2021-03-11,15:26:37.256000,16174,16175,16176,4
2021-03-11,15:26:49.341000,16175,16176,16176,1
2021-03-11,15:26:49.342000,16175,16176,16176,1
2021-03-11,15:26:49.342000,16175,16176,16176,2
2021-03-11,15:26:52.906000,16176,16177,16176,1
2021-03-11,15:26:56.583000,16176,16177,16177,1
2021-03-11,15:26:56.583000,16176,16177,16177,3
2021-03-11,15:26:56.583000,16176,16177,16177,1
2021-03-11,15:26:57.716000,16176,16178,16178,1
2021-03-11,15:26:59.813000,16176,16178,16177,1
2021-03-11,15:27:02.135000,16176,16178,16178,2
2021-03-11,15:27:03.723000,16176,16178,16178,5
2021-03-11,15:27:08.754000,16177,16178,16178,1
2021-03-11,15:27:08.754000,16177,16178,16178,11
2021-03-11,15:27:08.755000,16177,16178,16178,1
2021-03-11,15:27:09.100000,16178,16179,16178,1
2021-03-11,15:27:11.676000,16178,16179,16179,1
2021-03-11,15:27:11.752000,16178,16179,16179,1
2021-03-11,15:27:12.886000,16178,16179,16179,1
2021-03-11,15:27:12.912000,16178,16179,16179,1
2021-03-11,15:27:15.121000,16178,16180,16179,1
2021-03-11,15:27:25.936000,16178,16179,16179,1
2021-03-11,15:27:25.945000,16178,16179,16180,1
2021-03-11,15:27:26.191000,16179,16180,16180,2
2021-03-11,15:27:27.907000,16179,16180,16180,1
2021-03-11,15:27:29.354000,16179,16180,16180,1
2021-03-11,15:27:31.502000,16178,16179,16179,1
2021-03-11,15:27:34.015000,16179,16180,16179,1
2021-03-11,15:27:38.842000,16179,16180,16180,2
2021-03-11,15:27:38.875000,16179,16180,16180,1
2021-03-11,15:27:39.613000,16179,16180,16180,1
2021-03-11,15:27:40.833000,16179,16180,16180,1
2021-03-11,15:27:43.214000,16179,16180,16180,1
2021-03-11,15:27:43.991000,16179,16180,16179,1
2021-03-11,15:27:44.794000,16179,16180,16180,3
2021-03-11,15:27:44.877000,16179,16180,16180,1
2021-03-11,15:27:45.466000,16179,16180,16180,2
2021-03-11,15:27:45.658000,16179,16181,16181,1
2021-03-11,15:27:45.663000,16179,16181,16181,1
2021-03-11,15:27:45.667000,16179,16181,16181,1
2021-03-11,15:27:45.674000,16179,16181,16181,1
2021-03-11,15:27:45.828000,16180,16181,16181,2
2021-03-11,15:27:47.905000,16179,16181,16180,1
2021-03-11,15:27:48.127000,16179,16180,16180,1
2021-03-11,15:27:48.358000,16179,16181,16181,1
2021-03-11,15:27:50.459000,16179,16180,16180,2
2021-03-11,15:27:51.964000,16179,16180,16180,9
2021-03-11,15:27:52.012000,16180,16181,16180,1
2021-03-11,15:27:53.122000,16179,16180,16180,1
2021-03-11,15:27:56.576000,16179,16180,16180,3
2021-03-11,15:27:57.457000,16179,16180,16180,1
2021-03-11,15:28:02.959000,16179,16180,16180,2
2021-03-11,15:28:03.002000,16179,16180,16180,1
2021-03-11,15:28:03.848000,16179,16180,16180,1
2021-03-11,15:28:04.102000,16179,16180,16180,2
2021-03-11,15:28:06.974000,16179,16180,16179,1
2021-03-11,15:28:07.670000,16179,16180,16179,2
2021-03-11,15:28:08.744000,16179,16180,16180,1
2021-03-11,15:28:08.744000,16179,16180,16180,1
2021-03-11,15:28:08.744000,16179,16180,16180,1
2021-03-11,15:28:08.744000,16179,16180,16180,1
2021-03-11,15:28:08.744000,16179,16180,16180,1
2021-03-11,15:28:09.046000,16179,16181,16181,1
2021-03-11,15:28:10.638000,16180,16181,16180,1
2021-03-11,15:28:11.134000,16179,16181,16179,3
2021-03-11,15:28:11.656000,16179,16180,16180,1
2021-03-11,15:28:15.256000,16179,16180,16180,10
2021-03-11,15:28:16.841000,16180,16181,16181,5
2021-03-11,15:28:16.841000,16180,16181,16181,1
2021-03-11,15:28:16.841000,16180,16181,16181,2
2021-03-11,15:28:16.842000,16180,16181,16181,2
2021-03-11,15:28:16.842000,16180,16181,16181,8
2021-03-11,15:28:16.842000,16180,16181,16181,1
2021-03-11,15:28:16.842000,16180,16181,16181,3
2021-03-11,15:28:16.845000,16180,16181,16182,1
2021-03-11,15:28:16.847000,16180,16181,16182,1
2021-03-11,15:28:16.847000,16180,16181,16182,1
2021-03-11,15:28:17.033000,16181,16182,16182,1
2021-03-11,15:28:18.698000,16180,16182,16180,1
2021-03-11,15:28:19.652000,16180,16182,16180,1
2021-03-11,15:28:24.850000,16180,16181,16180,2
2021-03-11,15:28:27.467000,16180,16181,16180,1
2021-03-11,15:28:27.682000,16179,16180,16180,1
2021-03-11,15:28:28.149000,16179,16180,16180,1
2021-03-11,15:28:29.627000,16179,16180,16180,1
2021-03-11,15:28:30.168000,16179,16180,16180,4
2021-03-11,15:28:47.468000,16179,16180,16180,1
2021-03-11,15:28:51.231000,16179,16180,16179,1
2021-03-11,15:28:51.231000,16179,16180,16179,4
2021-03-11,15:28:51.231000,16179,16180,16179,5
2021-03-11,15:28:51.231000,16179,16180,16179,1
2021-03-11,15:28:58.697000,16179,16180,16180,1
2021-03-11,15:29:06.420000,16178,16180,16178,1
2021-03-11,15:29:08.050000,16178,16179,16179,1
2021-03-11,15:29:11.551000,16178,16179,16178,6
2021-03-11,15:29:11.552000,16178,16179,16178,1
2021-03-11,15:29:11.898000,16177,16179,16179,2
2021-03-11,15:29:27.528000,16178,16179,16178,1
2021-03-11,15:29:29.088000,16177,16179,16179,1
2021-03-11,15:29:47.205000,16178,16179,16178,1
2021-03-11,15:29:47.932000,16178,16179,16178,1
2021-03-11,15:29:52.966000,16177,16178,16178,2
2021-03-11,15:29:53.506000,16177,16178,16177,1
2021-03-11,15:29:53.655000,16177,16178,16177,1
2021-03-11,15:29:55.233000,16177,16178,16177,3
2021-03-11,15:29:55.233000,16177,16178,16177,1
2021-03-11,15:30:04.979000,16177,16178,16177,1
2021-03-11,15:30:05.241000,16177,16178,16178,1
2021-03-11,15:30:08.286000,16177,16178,16178,1
2021-03-11,15:30:08.322000,16177,16178,16177,1
2021-03-11,15:30:08.734000,16177,16178,16177,1
2021-03-11,15:30:08.747000,16177,16178,16177,1
2021-03-11,15:30:09.622000,16177,16178,16177,1
2021-03-11,15:30:09.624000,16177,16178,16177,1
2021-03-11,15:30:09.846000,16177,16178,16178,2
2021-03-11,15:30:10.043000,16177,16178,16178,3
2021-03-11,15:30:10.043000,16177,16178,16178,1
2021-03-11,15:30:11.263000,16177,16179,16177,1
2021-03-11,15:30:20.405000,16178,16179,16178,1
2021-03-11,15:30:20.405000,16178,16179,16177,1
2021-03-11,15:30:23.239000,16178,16179,16178,1
2021-03-11,15:30:23.348000,16177,16179,16177,2
2021-03-11,15:30:32.461000,16177,16178,16177,1
2021-03-11,15:30:37.156000,16177,16178,16177,2
2021-03-11,15:30:37.156000,16177,16178,16177,2
2021-03-11,15:30:48.561000,16176,16177,16177,1
2021-03-11,15:30:55.182000,16176,16177,16176,7
2021-03-11,15:30:56.087000,16175,16176,16176,1
2021-03-11,15:30:56.329000,16175,16176,16175,2
2021-03-11,15:30:56.330000,16175,16176,16175,1
2021-03-11,15:30:56.330000,16175,16176,16175,2
2021-03-11,15:30:56.330000,16175,16176,16175,1
2021-03-11,15:30:56.330000,16175,16176,16175,1
2021-03-11,15:30:59.585000,16174,16175,16174,4
2021-03-11,15:30:59.585000,16174,16175,16174,1
2021-03-11,15:31:00.815000,16173,16174,16174,1
2021-03-11,15:31:02.237000,16174,16175,16175,2
2021-03-11,15:31:02.275000,16175,16176,16176,1
2021-03-11,15:31:04.403000,16176,16177,16176,2
2021-03-11,15:31:05.545000,16175,16177,16177,3
2021-03-11,15:31:10.045000,16175,16177,16177,1
2021-03-11,15:31:11.989000,16175,16177,16175,1
2021-03-11,15:31:12.270000,16175,16177,16175,1
2021-03-11,15:31:12.581000,16175,16177,16175,1
2021-03-11,15:31:12.957000,16175,16177,16175,1
2021-03-11,15:31:13.382000,16175,16177,16175,1
2021-03-11,15:31:13.834000,16175,16177,16176,1
2021-03-11,15:31:18.120000,16176,16177,16176,2
2021-03-11,15:31:18.684000,16175,16176,16176,2
2021-03-11,15:31:23.452000,16175,16176,16175,2
2021-03-11,15:31:23.837000,16174,16175,16175,2
2021-03-11,15:31:27.606000,16174,16176,16176,1
2021-03-11,15:31:32.140000,16175,16176,16176,1
2021-03-11,15:31:32.140000,16175,16176,16177,1
2021-03-11,15:31:32.202000,16175,16176,16175,6
2021-03-11,15:31:37.372000,16174,16175,16174,1
2021-03-11,15:31:37.372000,16174,16175,16174,2
2021-03-11,15:31:37.372000,16174,16175,16174,1
2021-03-11,15:31:39.978000,16173,16174,16174,1
2021-03-11,15:31:39.978000,16173,16174,16175,2
2021-03-11,15:31:52.476000,16174,16175,16174,2
2021-03-11,15:31:57.245000,16174,16175,16174,1
2021-03-11,15:31:59.354000,16173,16174,16174,1
2021-03-11,15:32:02.945000,16173,16174,16173,1
2021-03-11,15:32:06.985000,16173,16174,16173,1
2021-03-11,15:32:07.677000,16173,16174,16173,1
2021-03-11,15:32:07.791000,16173,16174,16173,3
2021-03-11,15:32:12.947000,16173,16174,16174,2
2021-03-11,15:32:12.947000,16173,16174,16174,1
2021-03-11,15:32:12.947000,16173,16174,16174,1
2021-03-11,15:32:12.947000,16173,16174,16174,3
2021-03-11,15:32:13.308000,16174,16175,16175,1
2021-03-11,15:32:13.370000,16174,16175,16175,1
2021-03-11,15:32:14.754000,16174,16175,16175,2
2021-03-11,15:32:14.982000,16174,16175,16175,1
2021-03-11,15:32:14.992000,16174,16175,16175,2
2021-03-11,15:32:14.993000,16174,16175,16175,4
2021-03-11,15:32:15.044000,16175,16176,16176,1
2021-03-11,15:32:15.044000,16175,16176,16176,2
2021-03-11,15:32:15.163000,16176,16177,16176,1
2021-03-11,15:32:15.315000,16175,16177,16177,5
2021-03-11,15:32:15.671000,16175,16177,16177,4
2021-03-11,15:32:16.179000,16177,16178,16178,1
2021-03-11,15:32:16.900000,16177,16178,16178,2
2021-03-11,15:32:16.900000,16177,16178,16178,1
2021-03-11,15:32:16.900000,16177,16178,16178,1
2021-03-11,15:32:20.682000,16177,16179,16177,2
2021-03-11,15:32:20.921000,16178,16179,16179,1
2021-03-11,15:32:22.920000,16178,16180,16180,1
2021-03-11,15:32:24.863000,16179,16180,16180,1
2021-03-11,15:32:25.365000,16179,16180,16180,1
2021-03-11,15:32:32.176000,16179,16180,16180,1
2021-03-11,15:32:32.587000,16179,16180,16179,3
2021-03-11,15:32:33.609000,16178,16180,16179,1
2021-03-11,15:32:34.152000,16177,16179,16179,1
2021-03-11,15:32:34.701000,16177,16179,16179,1
2021-03-11,15:32:39.764000,16177,16179,16177,2
2021-03-11,15:32:47.118000,16178,16179,16178,1
2021-03-11,15:32:55.740000,16177,16178,16178,1
2021-03-11,15:33:15.600000,16178,16179,16178,1
2021-03-11,15:33:15.600000,16178,16179,16178,1
2021-03-11,15:33:28.458000,16177,16178,16177,1
2021-03-11,15:33:28.458000,16177,16178,16177,1
2021-03-11,15:33:28.458000,16177,16178,16177,1
2021-03-11,15:33:36.557000,16176,16177,16177,1
2021-03-11,15:33:49.298000,16176,16177,16176,1
2021-03-11,15:33:49.591000,16176,16177,16176,1
2021-03-11,15:33:49.592000,16176,16177,16176,1
2021-03-11,15:33:50.461000,16175,16177,16177,3
2021-03-11,15:33:58.045000,16176,16177,16176,1
2021-03-11,15:34:06.249000,16175,16176,16176,1
2021-03-11,15:34:11.055000,16175,16176,16176,1
2021-03-11,15:34:11.239000,16175,16176,16176,1
2021-03-11,15:34:12.174000,16176,16177,16176,1
2021-03-11,15:34:16.839000,16176,16177,16177,1
2021-03-11,15:34:17.525000,16176,16177,16176,1
2021-03-11,15:34:29.990000,16176,16177,16176,2
2021-03-11,15:34:29.990000,16176,16177,16176,3
2021-03-11,15:34:29.990000,16176,16177,16176,1
2021-03-11,15:34:29.990000,16176,16177,16176,2
2021-03-11,15:34:29.990000,16176,16177,16176,1
2021-03-11,15:34:49.999000,16175,16176,16175,1
2021-03-11,15:34:50,16175,16176,16175,1
2021-03-11,15:34:50,16175,16176,16175,6
2021-03-11,15:34:53.740000,16174,16175,16174,2
2021-03-11,15:34:54.307000,16173,16175,16175,3
2021-03-11,15:34:54.363000,16173,16175,16175,1
2021-03-11,15:34:54.382000,16173,16175,16174,1
2021-03-11,15:34:55.890000,16173,16174,16173,2
2021-03-11,15:34:56.045000,16173,16174,16173,1
2021-03-11,15:34:57.452000,16173,16174,16175,1
2021-03-11,15:34:57.773000,16174,16175,16175,1
2021-03-11,15:35:00.347000,16174,16175,16175,1
2021-03-11,15:35:00.347000,16174,16175,16176,1
2021-03-11,15:35:00.407000,16175,16176,16176,1
2021-03-11,15:35:00.409000,16175,16176,16176,1
2021-03-11,15:35:01.037000,16175,16176,16175,1
2021-03-11,15:35:01.037000,16175,16176,16174,1
2021-03-11,15:35:03.667000,16174,16175,16175,1
2021-03-11,15:35:04.159000,16174,16175,16175,1
2021-03-11,15:35:12.003000,16175,16176,16176,2
2021-03-11,15:35:12.311000,16175,16177,16177,1
2021-03-11,15:35:34.486000,16176,16177,16176,1
2021-03-11,15:35:34.486000,16176,16177,16176,6
2021-03-11,15:35:34.487000,16176,16177,16176,1
2021-03-11,15:35:34.487000,16176,16177,16176,1
