2025-01-09 15:00:00.001,23085,23085,23085,94,0
2025-01-09 15:00:00.001,23085,23085,23085,2,0
2025-01-09 15:00:00.001,23084,23084,23084,4,-4
2025-01-09 15:00:00.001,23084,23084,23084,4,0
2025-01-09 15:00:00.001,23084,23084,23084,2,0
2025-01-09 15:00:00.001,23083,23083,23083,4,-4
2025-01-09 15:00:00.001,23088,23088,23088,2,2
2025-01-09 15:00:00.001,23089,23089,23089,2,2
2025-01-09 15:00:00.001,23095,23095,23095,4,4
2025-01-09 15:00:00.001,23094,23094,23094,2,-2
2025-01-09 15:00:00.001,23097,23097,23097,2,2
2025-01-09 15:00:00.001,23098,23098,23098,2,2
2025-01-09 15:00:00.001,23099,23099,23099,2,2
2025-01-09 15:00:00.001,23099,23099,23099,2,0
2025-01-09 15:00:00.001,23099,23099,23099,2,0
2025-01-09 15:00:00.001,23100,23100,23100,4,4
2025-01-09 15:00:00.001,23101,23101,23101,2,2
2025-01-09 15:00:00.001,23102,23102,23102,2,2
2025-01-09 15:00:00.001,23103,23103,23103,2,2
2025-01-09 15:00:00.001,23104,23104,23104,2,2
2025-01-09 15:00:00.001,23105,23105,23105,2,2
2025-01-09 15:00:00.001,23108,23108,23108,4,4
2025-01-09 15:00:00.001,23110,23110,23110,10,10
2025-01-09 15:00:00.001,23113,23113,23113,4,4
2025-01-09 15:00:00.001,23116,23116,23116,8,8
2025-01-09 15:00:00.001,23116,23116,23116,4,0
2025-01-09 15:00:00.001,23117,23117,23117,8,8
2025-01-09 15:00:00.001,23121,23121,23121,2,2
2025-01-09 15:00:00.001,23122,23122,23122,2,2
2025-01-09 15:00:00.001,23116,23116,23116,2,-2
2025-01-09 15:00:00.001,23120,23120,23120,2,2
2025-01-09 15:00:00.001,23122,23122,23122,12,12
2025-01-09 15:00:00.001,23120,23120,23120,4,-4
2025-01-09 15:00:00.001,23098,23098,23098,2,-2
2025-01-09 15:00:00.001,23084,23084,23084,2,-2
2025-01-09 15:00:00.001,23084,23084,23084,2,0
2025-01-09 15:00:00.001,23124,23124,23124,2,2
2025-01-09 15:00:00.001,23085,23085,23085,2,-2
2025-01-09 15:00:00.001,23085,23085,23085,2,0
2025-01-09 15:00:00.001,23083,23083,23083,2,-2
2025-01-09 15:00:00.001,23083,23083,23083,2,0
2025-01-09 15:00:00.001,23083,23083,23083,4,0
2025-01-09 15:00:00.001,23082,23082,23082,2,-2
2025-01-09 15:00:00.001,23083,23083,23083,2,2
2025-01-09 15:00:00.001,23082,23082,23082,6,-6
2025-01-09 15:00:00.001,23082,23082,23082,6,0
2025-01-09 15:00:00.001,23082,23082,23082,4,0
2025-01-09 15:00:00.001,23082,23082,23082,2,0
2025-01-09 15:00:00.001,23082,23082,23082,2,0
2025-01-09 15:00:00.001,23082,23082,23082,2,0
2025-01-09 15:00:00.001,23082,23082,23082,2,0
2025-01-09 15:00:00.001,23123,23123,23123,2,2
2025-01-09 15:00:00.001,23082,23082,23082,2,-2
2025-01-09 15:00:00.001,23081,23081,23081,2,-2
2025-01-09 15:00:00.001,23081,23081,23081,4,0
2025-01-09 15:00:00.001,23080,23080,23080,2,-2
2025-01-09 15:00:00.001,23080,23080,23080,4,0
2025-01-09 15:00:00.001,23080,23080,23080,2,0
2025-01-09 15:00:00.001,23080,23080,23080,4,0
2025-01-09 15:00:00.001,23079,23079,23079,2,-2
2025-01-09 15:00:00.001,23079,23079,23079,4,0
2025-01-09 15:00:00.001,23078,23078,23078,2,-2
2025-01-09 15:00:00.001,23078,23078,23078,2,0
2025-01-09 15:00:00.001,23078,23078,23078,2,0
2025-01-09 15:00:00.001,23122,23122,23122,4,4
2025-01-09 15:00:00.001,23123,23123,23123,2,2
2025-01-09 15:00:00.001,23124,23124,23124,2,2
2025-01-09 15:00:00.001,23125,23125,23125,2,2
2025-01-09 15:00:00.001,23078,23078,23078,2,-2
2025-01-09 15:00:00.001,23076,23076,23076,2,-2
2025-01-09 15:00:00.001,23076,23076,23076,4,0
2025-01-09 15:00:00.001,23075,23075,23075,2,-2
2025-01-09 15:00:00.001,23075,23075,23075,4,0
2025-01-09 15:00:00.001,23073,23073,23073,2,-2
2025-01-09 15:00:00.001,23073,23073,23073,4,0
2025-01-09 15:00:00.001,23072,23072,23072,2,-2
2025-01-09 15:00:00.001,23072,23072,23072,4,0
2025-01-09 15:00:00.001,23085,23085,23085,2,2
2025-01-09 15:00:00.001,23092,23092,23092,2,2
2025-01-09 15:00:00.001,23087,23087,23087,2,-2
2025-01-09 15:00:00.001,23086,23086,23086,2,-2
2025-01-09 15:00:00.001,23085,23085,23085,2,-2
2025-01-09 15:00:00.001,23083,23083,23083,2,-2
2025-01-09 15:00:00.001,23082,23082,23082,2,-2
2025-01-09 15:00:00.001,23081,23081,23081,2,-2
2025-01-09 15:00:00.001,23080,23080,23080,2,-2
2025-01-09 15:00:00.001,23094,23094,23094,2,2
2025-01-09 15:00:00.001,23094,23094,23094,2,0
2025-01-09 15:00:00.001,23077,23077,23077,2,-2
2025-01-09 15:00:00.001,23074,23074,23074,2,-2
2025-01-09 15:00:00.001,23071,23071,23071,2,-2
2025-01-09 15:00:00.001,23071,23071,23071,4,0
2025-01-09 15:00:00.001,23072,23072,23072,2,2
2025-01-09 15:00:00.001,23082,23082,23082,44,44
2025-01-09 15:00:00.001,23077,23077,23077,2,-2
2025-01-09 15:00:00.001,23077,23077,23077,2,0
2025-01-09 15:00:00.001,23076,23076,23076,2,-2
2025-01-09 15:00:00.001,23072,23072,23072,2,-2
2025-01-09 15:00:00.001,23071,23071,23071,8,-8
2025-01-09 15:00:00.001,23081,23081,23081,2,2
2025-01-09 15:00:00.001,23094,23094,23094,2,2
2025-01-09 15:00:00.001,23072,23072,23072,2,-2
2025-01-09 15:00:00.001,23071,23071,23071,2,-2
2025-01-09 15:00:00.001,23071,23071,23071,2,0
2025-01-09 15:00:00.001,23071,23071,23071,4,0
2025-01-09 15:00:00.001,23071,23071,23071,2,0
2025-01-09 15:00:00.001,23071,23071,23071,2,0
2025-01-09 15:00:00.001,23071,23071,23071,4,0
2025-01-09 15:00:00.001,23070,23070,23070,2,-2
2025-01-09 15:00:00.001,23070,23070,23070,2,0
2025-01-09 15:00:00.001,23070,23070,23070,2,0
2025-01-09 15:00:00.001,23070,23070,23070,2,0
2025-01-09 15:00:00.001,23070,23070,23070,8,0
2025-01-09 15:00:00.001,23070,23070,23070,2,0
2025-01-09 15:00:01.001,23070,23070,23070,2,0
2025-01-09 15:00:01.001,23070,23070,23070,2,0
2025-01-09 15:00:01.001,23070,23070,23070,4,0
2025-01-09 15:00:01.001,23070,23070,23070,4,0
2025-01-09 15:00:01.001,23069,23069,23069,2,-2
2025-01-09 15:00:01.001,23069,23069,23069,2,0
2025-01-09 15:00:01.001,23071,23071,23071,4,4
2025-01-09 15:00:01.001,23082,23082,23082,2,2
2025-01-09 15:00:01.001,23073,23073,23073,2,-2
2025-01-09 15:00:01.001,23072,23072,23072,2,-2
2025-01-09 15:00:01.001,23075,23075,23075,2,2
2025-01-09 15:00:01.001,23075,23075,23075,2,0
2025-01-09 15:00:01.001,23072,23072,23072,2,-2
2025-01-09 15:00:01.001,23072,23072,23072,2,0
2025-01-09 15:00:01.001,23072,23072,23072,2,0
2025-01-09 15:00:01.001,23089,23089,23089,2,2
2025-01-09 15:00:01.001,23072,23072,23072,2,-2
2025-01-09 15:00:01.001,23072,23072,23072,2,0
2025-01-09 15:00:01.001,23080,23080,23080,2,2
2025-01-09 15:00:01.001,23080,23080,23080,2,0
2025-01-09 15:00:01.001,23087,23087,23087,4,4
2025-01-09 15:00:02.001,23073,23073,23073,2,-2
2025-01-09 15:00:02.001,23079,23079,23079,2,2
2025-01-09 15:00:02.001,23076,23076,23076,2,-2
2025-01-09 15:00:02.001,23073,23073,23073,2,-2
2025-01-09 15:00:02.001,23071,23071,23071,2,-2
2025-01-09 15:00:02.001,23070,23070,23070,2,-2
2025-01-09 15:00:02.001,23069,23069,23069,2,-2
2025-01-09 15:00:03.001,23080,23080,23080,4,4
2025-01-09 15:00:03.001,23086,23086,23086,2,2
2025-01-09 15:00:03.001,23088,23088,23088,2,2
2025-01-09 15:00:03.001,23089,23089,23089,8,8
2025-01-09 15:00:03.001,23092,23092,23092,2,2
2025-01-09 15:00:03.001,23084,23084,23084,2,-2
2025-01-09 15:00:03.001,23083,23083,23083,2,-2
2025-01-09 15:00:03.001,23083,23083,23083,2,0
2025-01-09 15:00:03.001,23089,23089,23089,2,2
2025-01-09 15:00:03.001,23094,23094,23094,2,2
2025-01-09 15:00:03.001,23091,23091,23091,2,-2
2025-01-09 15:00:03.001,23094,23094,23094,2,2
2025-01-09 15:00:04.001,23091,23091,23091,2,-2
2025-01-09 15:00:04.001,23090,23090,23090,2,-2
2025-01-09 15:00:04.001,23094,23094,23094,2,2
2025-01-09 15:00:04.001,23088,23088,23088,2,-2
2025-01-09 15:00:04.001,23083,23083,23083,2,-2
2025-01-09 15:00:05.001,23090,23090,23090,4,4
2025-01-09 15:00:05.001,23085,23085,23085,4,-4
2025-01-09 15:00:05.001,23083,23083,23083,2,-2
2025-01-09 15:00:05.001,23083,23083,23083,2,0
2025-01-09 15:00:06.001,23090,23090,23090,2,2
2025-01-09 15:00:06.001,23091,23091,23091,2,2
2025-01-09 15:00:06.001,23092,23092,23092,4,4
2025-01-09 15:00:06.001,23093,23093,23093,2,2
2025-01-09 15:00:07.001,23089,23089,23089,2,-2
2025-01-09 15:00:07.001,23090,23090,23090,2,2
2025-01-09 15:00:08.001,23090,23090,23090,2,0
2025-01-09 15:00:08.001,23091,23091,23091,4,4
2025-01-09 15:00:08.001,23092,23092,23092,2,2
2025-01-09 15:00:11.001,23087,23087,23087,2,-2
2025-01-09 15:00:12.001,23085,23085,23085,2,-2
2025-01-09 15:00:12.001,23086,23086,23086,2,2
2025-01-09 15:00:12.001,23087,23087,23087,2,2
2025-01-09 15:00:12.001,23088,23088,23088,2,2
2025-01-09 15:00:12.001,23090,23090,23090,2,2
2025-01-09 15:00:12.001,23091,23091,23091,2,2
2025-01-09 15:00:12.001,23093,23093,23093,6,6
2025-01-09 15:00:15.001,23089,23089,23089,2,-2
2025-01-09 15:00:15.001,23090,23090,23090,2,2
2025-01-09 15:00:15.001,23090,23090,23090,2,0
2025-01-09 15:00:15.001,23091,23091,23091,2,2
2025-01-09 15:00:15.001,23090,23090,23090,2,-2
2025-01-09 15:00:15.001,23089,23089,23089,2,-2
2025-01-09 15:00:15.001,23093,23093,23093,2,2
2025-01-09 15:00:16.001,23089,23089,23089,2,-2
2025-01-09 15:00:16.001,23088,23088,23088,2,-2
2025-01-09 15:00:16.001,23087,23087,23087,2,-2
2025-01-09 15:00:16.001,23086,23086,23086,2,-2
2025-01-09 15:00:16.001,23086,23086,23086,2,0
2025-01-09 15:00:17.001,23085,23085,23085,2,-2
2025-01-09 15:00:17.001,23085,23085,23085,2,0
2025-01-09 15:00:17.001,23085,23085,23085,2,0
2025-01-09 15:00:17.001,23088,23088,23088,2,2
2025-01-09 15:00:18.001,23086,23086,23086,2,-2
2025-01-09 15:00:19.001,23089,23089,23089,2,2
2025-01-09 15:00:19.001,23087,23087,23087,2,-2
2025-01-09 15:00:19.001,23086,23086,23086,2,-2
2025-01-09 15:00:20.001,23087,23087,23087,2,2
2025-01-09 15:00:20.001,23085,23085,23085,2,-2
2025-01-09 15:00:21.001,23085,23085,23085,4,0
2025-01-09 15:00:21.001,23085,23085,23085,2,0
2025-01-09 15:00:21.001,23083,23083,23083,2,-2
2025-01-09 15:00:22.001,23085,23085,23085,2,2
2025-01-09 15:00:22.001,23086,23086,23086,2,2
2025-01-09 15:00:22.001,23087,23087,23087,14,14
2025-01-09 15:00:23.001,23086,23086,23086,2,-2
2025-01-09 15:00:23.001,23085,23085,23085,2,-2
2025-01-09 15:00:24.001,23089,23089,23089,2,2
2025-01-09 15:00:24.001,23090,23090,23090,2,2
2025-01-09 15:00:25.001,23088,23088,23088,2,-2
2025-01-09 15:00:25.001,23091,23091,23091,2,2
2025-01-09 15:00:25.001,23088,23088,23088,2,-2
2025-01-09 15:00:26.001,23087,23087,23087,2,-2
2025-01-09 15:00:26.001,23086,23086,23086,2,-2
2025-01-09 15:00:26.001,23086,23086,23086,2,0
2025-01-09 15:00:26.001,23089,23089,23089,2,2
2025-01-09 15:00:27.001,23086,23086,23086,2,-2
2025-01-09 15:00:28.001,23085,23085,23085,8,-8
2025-01-09 15:00:28.001,23085,23085,23085,2,0
2025-01-09 15:00:30.001,23085,23085,23085,2,0
2025-01-09 15:00:30.001,23085,23085,23085,4,0
2025-01-09 15:00:30.001,23085,23085,23085,2,0
2025-01-09 15:00:31.001,23085,23085,23085,2,0
2025-01-09 15:00:32.001,23085,23085,23085,2,0
2025-01-09 15:00:33.001,23085,23085,23085,2,0
2025-01-09 15:00:33.001,23083,23083,23083,2,-2
2025-01-09 15:00:34.001,23087,23087,23087,2,2
2025-01-09 15:00:35.001,23086,23086,23086,2,-2
2025-01-09 15:00:36.001,23088,23088,23088,2,2
2025-01-09 15:00:36.001,23086,23086,23086,2,-2
2025-01-09 15:00:37.001,23089,23089,23089,2,2
2025-01-09 15:00:37.001,23090,23090,23090,2,2
2025-01-09 15:00:37.001,23090,23090,23090,2,0
2025-01-09 15:00:37.001,23090,23090,23090,12,0
2025-01-09 15:00:38.001,23089,23089,23089,2,-2
2025-01-09 15:00:39.001,23088,23088,23088,2,-2
2025-01-09 15:00:41.001,23091,23091,23091,2,2
2025-01-09 15:00:42.001,23090,23090,23090,2,-2
2025-01-09 15:00:43.001,23087,23087,23087,2,-2
2025-01-09 15:00:43.001,23090,23090,23090,2,2
2025-01-09 15:00:44.001,23091,23091,23091,2,2
2025-01-09 15:00:44.001,23090,23090,23090,2,-2
2025-01-09 15:00:44.001,23090,23090,23090,2,0
2025-01-09 15:00:44.001,23089,23089,23089,2,-2
2025-01-09 15:00:44.001,23087,23087,23087,2,-2
2025-01-09 15:00:44.001,23087,23087,23087,2,0
2025-01-09 15:00:46.001,23090,23090,23090,4,4
2025-01-09 15:00:47.001,23089,23089,23089,2,-2
2025-01-09 15:00:47.001,23088,23088,23088,2,-2
2025-01-09 15:00:47.001,23087,23087,23087,4,-4
2025-01-09 15:00:47.001,23086,23086,23086,2,-2
2025-01-09 15:00:47.001,23086,23086,23086,2,0
2025-01-09 15:00:48.001,23086,23086,23086,2,0
2025-01-09 15:00:51.001,23088,23088,23088,2,2
2025-01-09 15:00:51.001,23088,23088,23088,2,0
2025-01-09 15:00:51.001,23088,23088,23088,2,0
2025-01-09 15:00:51.001,23090,23090,23090,4,4
2025-01-09 15:00:52.001,23087,23087,23087,2,-2
2025-01-09 15:00:52.001,23088,23088,23088,2,2
2025-01-09 15:00:56.001,23089,23089,23089,2,2
2025-01-09 15:00:56.001,23087,23087,23087,2,-2
2025-01-09 15:00:58.001,23086,23086,23086,2,-2
2025-01-09 15:00:58.001,23086,23086,23086,4,0
2025-01-09 15:00:58.001,23086,23086,23086,2,0
2025-01-09 15:00:58.001,23085,23085,23085,2,-2
2025-01-09 15:01:00.001,23085,23085,23085,2,0
2025-01-09 15:01:00.001,23084,23084,23084,2,-2
2025-01-09 15:01:00.001,23083,23083,23083,2,-2
2025-01-09 15:01:00.001,23083,23083,23083,2,0
2025-01-09 15:01:00.001,23083,23083,23083,2,0
2025-01-09 15:01:00.001,23083,23083,23083,2,0
2025-01-09 15:01:00.001,23083,23083,23083,4,0
2025-01-09 15:01:00.001,23082,23082,23082,2,-2
2025-01-09 15:01:00.001,23082,23082,23082,2,0
2025-01-09 15:01:00.001,23082,23082,23082,2,0
2025-01-09 15:01:00.001,23082,23082,23082,2,0
2025-01-09 15:01:00.001,23081,23081,23081,2,-2
2025-01-09 15:01:00.001,23080,23080,23080,8,-8
2025-01-09 15:01:00.001,23080,23080,23080,2,0
2025-01-09 15:01:00.001,23080,23080,23080,8,0
2025-01-09 15:01:00.001,23080,23080,23080,2,0
2025-01-09 15:01:00.001,23080,23080,23080,2,0
2025-01-09 15:01:00.001,23080,23080,23080,2,0
2025-01-09 15:01:00.001,23080,23080,23080,2,0
2025-01-09 15:01:00.001,23079,23079,23079,2,-2
2025-01-09 15:01:00.001,23078,23078,23078,2,-2
2025-01-09 15:01:00.001,23078,23078,23078,2,0
2025-01-09 15:01:00.001,23084,23084,23084,2,2
2025-01-09 15:01:00.001,23084,23084,23084,4,0
2025-01-09 15:01:00.001,23085,23085,23085,4,4
2025-01-09 15:01:00.001,23086,23086,23086,4,4
2025-01-09 15:01:01.001,23086,23086,23086,2,0
2025-01-09 15:01:01.001,23087,23087,23087,2,2
2025-01-09 15:01:01.001,23090,23090,23090,2,2
2025-01-09 15:01:01.001,23087,23087,23087,2,-2
2025-01-09 15:01:01.001,23086,23086,23086,2,-2
2025-01-09 15:01:02.001,23085,23085,23085,2,-2
2025-01-09 15:01:02.001,23085,23085,23085,2,0
2025-01-09 15:01:02.001,23086,23086,23086,4,4
2025-01-09 15:01:03.001,23082,23082,23082,2,-2
2025-01-09 15:01:03.001,23082,23082,23082,2,0
2025-01-09 15:01:03.001,23082,23082,23082,2,0
2025-01-09 15:01:03.001,23081,23081,23081,2,-2
2025-01-09 15:01:03.001,23081,23081,23081,2,0
2025-01-09 15:01:03.001,23081,23081,23081,2,0
2025-01-09 15:01:04.001,23081,23081,23081,2,0
2025-01-09 15:01:04.001,23081,23081,23081,2,0
2025-01-09 15:01:04.001,23081,23081,23081,2,0
2025-01-09 15:01:05.001,23083,23083,23083,2,2
2025-01-09 15:01:07.001,23083,23083,23083,2,0
2025-01-09 15:01:07.001,23084,23084,23084,2,2
2025-01-09 15:01:08.001,23084,23084,23084,4,0
2025-01-09 15:01:09.001,23082,23082,23082,2,-2
2025-01-09 15:01:09.001,23081,23081,23081,2,-2
2025-01-09 15:01:09.001,23084,23084,23084,2,2
2025-01-09 15:01:09.001,23082,23082,23082,2,-2
2025-01-09 15:01:10.001,23084,23084,23084,2,2
2025-01-09 15:01:10.001,23085,23085,23085,2,2
2025-01-09 15:01:11.001,23086,23086,23086,2,2
2025-01-09 15:01:12.001,23085,23085,23085,2,-2
2025-01-09 15:01:13.001,23088,23088,23088,2,2
2025-01-09 15:01:13.001,23085,23085,23085,2,-2
2025-01-09 15:01:15.001,23087,23087,23087,2,2
2025-01-09 15:01:19.001,23090,23090,23090,2,2
2025-01-09 15:01:20.001,23091,23091,23091,2,2
2025-01-09 15:01:20.001,23091,23091,23091,2,0
2025-01-09 15:01:20.001,23090,23090,23090,2,-2
2025-01-09 15:01:20.001,23090,23090,23090,2,0
2025-01-09 15:01:20.001,23089,23089,23089,2,-2
2025-01-09 15:01:20.001,23088,23088,23088,2,-2
2025-01-09 15:01:20.001,23087,23087,23087,2,-2
2025-01-09 15:01:20.001,23087,23087,23087,2,0
2025-01-09 15:01:20.001,23086,23086,23086,2,-2
2025-01-09 15:01:20.001,23088,23088,23088,2,2
2025-01-09 15:01:23.001,23090,23090,23090,2,2
2025-01-09 15:01:24.001,23092,23092,23092,12,12
2025-01-09 15:01:24.001,23092,23092,23092,4,0
2025-01-09 15:01:24.001,23093,23093,23093,8,8
2025-01-09 15:01:24.001,23094,23094,23094,6,6
2025-01-09 15:01:24.001,23095,23095,23095,2,2
2025-01-09 15:01:24.001,23096,23096,23096,2,2
2025-01-09 15:01:24.001,23096,23096,23096,4,0
2025-01-09 15:01:25.001,23097,23097,23097,2,2
2025-01-09 15:01:25.001,23098,23098,23098,2,2
2025-01-09 15:01:25.001,23098,23098,23098,2,0
2025-01-09 15:01:25.001,23099,23099,23099,4,4
2025-01-09 15:01:26.001,23096,23096,23096,2,-2
2025-01-09 15:01:27.001,23095,23095,23095,2,-2
2025-01-09 15:01:27.001,23094,23094,23094,2,-2
2025-01-09 15:01:27.001,23096,23096,23096,2,2
2025-01-09 15:01:28.001,23096,23096,23096,2,0
2025-01-09 15:01:30.001,23097,23097,23097,2,2
2025-01-09 15:01:30.001,23096,23096,23096,2,-2
2025-01-09 15:01:30.001,23097,23097,23097,2,2
2025-01-09 15:01:32.001,23097,23097,23097,2,0
2025-01-09 15:01:35.001,23096,23096,23096,2,-2
2025-01-09 15:01:39.001,23094,23094,23094,2,-2
2025-01-09 15:01:39.001,23091,23091,23091,2,-2
2025-01-09 15:01:39.001,23091,23091,23091,2,0
2025-01-09 15:01:39.001,23091,23091,23091,2,0
2025-01-09 15:01:39.001,23091,23091,23091,2,0
2025-01-09 15:01:40.001,23093,23093,23093,4,4
2025-01-09 15:01:40.001,23093,23093,23093,2,0
2025-01-09 15:01:41.001,23095,23095,23095,2,2
2025-01-09 15:01:43.001,23092,23092,23092,2,-2
2025-01-09 15:01:43.001,23093,23093,23093,2,2
2025-01-09 15:01:50.001,23095,23095,23095,4,4
2025-01-09 15:01:50.001,23096,23096,23096,6,6
2025-01-09 15:01:50.001,23096,23096,23096,2,0
2025-01-09 15:01:50.001,23096,23096,23096,2,0
2025-01-09 15:01:50.001,23096,23096,23096,2,0
2025-01-09 15:01:50.001,23097,23097,23097,2,2
2025-01-09 15:01:50.001,23097,23097,23097,22,0
2025-01-09 15:01:50.001,23099,23099,23099,10,10
2025-01-09 15:01:50.001,23100,23100,23100,2,2
2025-01-09 15:01:50.001,23101,23101,23101,4,4
2025-01-09 15:01:50.001,23101,23101,23101,8,0
2025-01-09 15:01:50.001,23101,23101,23101,6,0
2025-01-09 15:01:50.001,23102,23102,23102,2,2
2025-01-09 15:01:50.001,23103,23103,23103,2,2
2025-01-09 15:01:50.001,23103,23103,23103,10,0
2025-01-09 15:01:50.001,23104,23104,23104,2,2
2025-01-09 15:01:51.001,23105,23105,23105,2,2
2025-01-09 15:01:51.001,23105,23105,23105,8,0
2025-01-09 15:01:51.001,23106,23106,23106,2,2
2025-01-09 15:01:51.001,23106,23106,23106,2,0
2025-01-09 15:01:53.001,23106,23106,23106,2,0
2025-01-09 15:01:53.001,23106,23106,23106,2,0
2025-01-09 15:01:53.001,23106,23106,23106,2,0
2025-01-09 15:01:53.001,23105,23105,23105,2,-2
2025-01-09 15:01:53.001,23104,23104,23104,2,-2
2025-01-09 15:01:54.001,23104,23104,23104,2,0
2025-01-09 15:01:56.001,23103,23103,23103,2,-2
2025-01-09 15:01:56.001,23103,23103,23103,4,0
2025-01-09 15:01:57.001,23105,23105,23105,2,2
2025-01-09 15:01:58.001,23105,23105,23105,2,0
2025-01-09 15:01:58.001,23105,23105,23105,2,0
2025-01-09 15:01:58.001,23105,23105,23105,2,0
2025-01-09 15:01:59.001,23106,23106,23106,2,2
2025-01-09 15:02:00.001,23104,23104,23104,2,-2
2025-01-09 15:02:00.001,23103,23103,23103,2,-2
2025-01-09 15:02:00.001,23103,23103,23103,4,0
2025-01-09 15:02:00.001,23104,23104,23104,4,4
2025-01-09 15:02:01.001,23105,23105,23105,2,2
2025-01-09 15:02:02.001,23106,23106,23106,2,2
2025-01-09 15:02:02.001,23106,23106,23106,2,0
2025-01-09 15:02:02.001,23106,23106,23106,4,0
2025-01-09 15:02:02.001,23106,23106,23106,2,0
2025-01-09 15:02:02.001,23105,23105,23105,2,-2
2025-01-09 15:02:07.001,23104,23104,23104,2,-2
2025-01-09 15:02:07.001,23103,23103,23103,2,-2
2025-01-09 15:02:07.001,23105,23105,23105,2,2
2025-01-09 15:02:07.001,23107,23107,23107,2,2
2025-01-09 15:02:07.001,23108,23108,23108,4,4
2025-01-09 15:02:08.001,23107,23107,23107,2,-2
2025-01-09 15:02:08.001,23107,23107,23107,2,0
2025-01-09 15:02:08.001,23107,23107,23107,2,0
2025-01-09 15:02:09.001,23108,23108,23108,2,2
2025-01-09 15:02:10.001,23106,23106,23106,2,-2
2025-01-09 15:02:11.001,23106,23106,23106,2,0
2025-01-09 15:02:11.001,23105,23105,23105,2,-2
2025-01-09 15:02:13.001,23104,23104,23104,2,-2
2025-01-09 15:02:14.001,23103,23103,23103,2,-2
2025-01-09 15:02:19.001,23104,23104,23104,2,2
2025-01-09 15:02:19.001,23102,23102,23102,2,-2
2025-01-09 15:02:23.001,23105,23105,23105,6,6
2025-01-09 15:02:31.001,23105,23105,23105,8,0
2025-01-09 15:02:31.001,23106,23106,23106,4,4
2025-01-09 15:02:31.001,23107,23107,23107,4,4
2025-01-09 15:02:31.001,23106,23106,23106,2,-2
2025-01-09 15:02:31.001,23106,23106,23106,2,0
2025-01-09 15:02:31.001,23106,23106,23106,2,0
2025-01-09 15:02:31.001,23105,23105,23105,2,-2
2025-01-09 15:02:34.001,23106,23106,23106,2,2
2025-01-09 15:02:34.001,23107,23107,23107,4,4
2025-01-09 15:02:36.001,23108,23108,23108,2,2
2025-01-09 15:02:36.001,23108,23108,23108,2,0
2025-01-09 15:02:36.001,23108,23108,23108,6,0
2025-01-09 15:02:36.001,23109,23109,23109,2,2
2025-01-09 15:02:36.001,23109,23109,23109,2,0
2025-01-09 15:02:36.001,23109,23109,23109,2,0
2025-01-09 15:02:36.001,23110,23110,23110,10,10
2025-01-09 15:02:36.001,23111,23111,23111,2,2
2025-01-09 15:02:36.001,23112,23112,23112,2,2
2025-01-09 15:02:36.001,23112,23112,23112,2,0
2025-01-09 15:02:36.001,23113,23113,23113,2,2
2025-01-09 15:02:36.001,23112,23112,23112,2,-2
2025-01-09 15:02:36.001,23113,23113,23113,2,2
2025-01-09 15:02:37.001,23112,23112,23112,2,-2
2025-01-09 15:02:40.001,23108,23108,23108,2,-2
2025-01-09 15:02:41.001,23109,23109,23109,2,2
2025-01-09 15:02:43.001,23110,23110,23110,2,2
2025-01-09 15:02:44.001,23109,23109,23109,2,-2
2025-01-09 15:02:44.001,23112,23112,23112,2,2
2025-01-09 15:02:45.001,23109,23109,23109,2,-2
2025-01-09 15:02:45.001,23110,23110,23110,2,2
2025-01-09 15:02:45.001,23108,23108,23108,2,-2
2025-01-09 15:02:47.001,23110,23110,23110,2,2
2025-01-09 15:02:47.001,23109,23109,23109,2,-2
2025-01-09 15:02:49.001,23108,23108,23108,2,-2
2025-01-09 15:02:51.001,23107,23107,23107,2,-2
2025-01-09 15:02:53.001,23107,23107,23107,2,0
2025-01-09 15:02:54.001,23107,23107,23107,2,0
2025-01-09 15:02:56.001,23107,23107,23107,2,0
2025-01-09 15:02:57.001,23110,23110,23110,2,2
2025-01-09 15:02:58.001,23112,23112,23112,4,4
2025-01-09 15:02:58.001,23113,23113,23113,2,2
2025-01-09 15:02:58.001,23113,23113,23113,2,0
2025-01-09 15:02:59.001,23110,23110,23110,2,-2
2025-01-09 15:03:00.001,23111,23111,23111,2,2
2025-01-09 15:03:01.001,23109,23109,23109,2,-2
2025-01-09 15:03:02.001,23109,23109,23109,2,0
2025-01-09 15:03:03.001,23109,23109,23109,2,0
2025-01-09 15:03:04.001,23111,23111,23111,2,2
2025-01-09 15:03:04.001,23109,23109,23109,2,-2
2025-01-09 15:03:06.001,23108,23108,23108,2,-2
2025-01-09 15:03:06.001,23111,23111,23111,4,4
2025-01-09 15:03:07.001,23112,23112,23112,2,2
2025-01-09 15:03:07.001,23112,23112,23112,2,0
2025-01-09 15:03:07.001,23112,23112,23112,2,0
2025-01-09 15:03:07.001,23109,23109,23109,2,-2
2025-01-09 15:03:07.001,23107,23107,23107,2,-2
2025-01-09 15:03:14.001,23108,23108,23108,2,2
2025-01-09 15:03:14.001,23110,23110,23110,4,4
2025-01-09 15:03:15.001,23107,23107,23107,2,-2
2025-01-09 15:03:16.001,23107,23107,23107,2,0
2025-01-09 15:03:16.001,23107,23107,23107,2,0
2025-01-09 15:03:17.001,23108,23108,23108,2,2
2025-01-09 15:03:18.001,23107,23107,23107,4,-4
2025-01-09 15:03:18.001,23106,23106,23106,2,-2
2025-01-09 15:03:19.001,23105,23105,23105,2,-2
2025-01-09 15:03:25.001,23105,23105,23105,2,0
2025-01-09 15:03:25.001,23105,23105,23105,2,0
2025-01-09 15:03:25.001,23104,23104,23104,2,-2
2025-01-09 15:03:25.001,23103,23103,23103,2,-2
2025-01-09 15:03:25.001,23103,23103,23103,2,0
2025-01-09 15:03:28.001,23102,23102,23102,2,-2
2025-01-09 15:03:31.001,23103,23103,23103,4,4
2025-01-09 15:03:31.001,23107,23107,23107,2,2
2025-01-09 15:03:32.001,23106,23106,23106,2,-2
2025-01-09 15:03:36.001,23106,23106,23106,2,0
2025-01-09 15:03:41.001,23107,23107,23107,2,2
2025-01-09 15:03:47.001,23109,23109,23109,2,2
2025-01-09 15:03:47.001,23110,23110,23110,2,2
2025-01-09 15:03:48.001,23110,23110,23110,2,0
2025-01-09 15:03:48.001,23110,23110,23110,2,0
2025-01-09 15:03:51.001,23111,23111,23111,2,2
2025-01-09 15:03:51.001,23111,23111,23111,2,0
2025-01-09 15:03:51.001,23111,23111,23111,2,0
2025-01-09 15:03:56.001,23110,23110,23110,2,-2
2025-01-09 15:03:57.001,23112,23112,23112,2,2
2025-01-09 15:04:00.001,23109,23109,23109,2,-2
2025-01-09 15:04:01.001,23111,23111,23111,2,2
2025-01-09 15:04:03.001,23111,23111,23111,2,0
2025-01-09 15:04:06.001,23108,23108,23108,2,-2
2025-01-09 15:04:06.001,23107,23107,23107,2,-2
2025-01-09 15:04:08.001,23110,23110,23110,2,2
2025-01-09 15:04:10.001,23110,23110,23110,2,0
2025-01-09 15:04:11.001,23107,23107,23107,2,-2
2025-01-09 15:04:14.001,23109,23109,23109,2,2
2025-01-09 15:04:14.001,23110,23110,23110,2,2
2025-01-09 15:04:14.001,23111,23111,23111,2,2
2025-01-09 15:04:14.001,23111,23111,23111,4,0
2025-01-09 15:04:15.001,23111,23111,23111,2,0
2025-01-09 15:04:16.001,23111,23111,23111,2,0
2025-01-09 15:04:22.001,23108,23108,23108,4,-4
2025-01-09 15:04:30.001,23107,23107,23107,2,-2
2025-01-09 15:04:30.001,23107,23107,23107,2,0
2025-01-09 15:04:31.001,23106,23106,23106,2,-2
2025-01-09 15:04:35.001,23107,23107,23107,2,2
2025-01-09 15:04:39.001,23107,23107,23107,2,0
2025-01-09 15:04:39.001,23108,23108,23108,2,2
2025-01-09 15:04:43.001,23109,23109,23109,2,2
2025-01-09 15:04:43.001,23110,23110,23110,6,6
2025-01-09 15:04:43.001,23111,23111,23111,2,2
2025-01-09 15:04:43.001,23111,23111,23111,4,0
2025-01-09 15:04:43.001,23111,23111,23111,2,0
2025-01-09 15:04:44.001,23110,23110,23110,2,-2
2025-01-09 15:04:44.001,23110,23110,23110,2,0
2025-01-09 15:04:44.001,23109,23109,23109,2,-2
2025-01-09 15:04:44.001,23109,23109,23109,2,0
2025-01-09 15:04:44.001,23109,23109,23109,2,0
2025-01-09 15:04:44.001,23108,23108,23108,2,-2
2025-01-09 15:04:44.001,23108,23108,23108,2,0
2025-01-09 15:04:44.001,23108,23108,23108,2,0
2025-01-09 15:04:44.001,23108,23108,23108,2,0
2025-01-09 15:04:44.001,23108,23108,23108,2,0
2025-01-09 15:04:44.001,23108,23108,23108,2,0
2025-01-09 15:04:44.001,23108,23108,23108,2,0
2025-01-09 15:04:44.001,23108,23108,23108,2,0
2025-01-09 15:04:44.001,23108,23108,23108,2,0
2025-01-09 15:04:44.001,23107,23107,23107,2,-2
2025-01-09 15:04:44.001,23107,23107,23107,2,0
2025-01-09 15:04:44.001,23107,23107,23107,2,0
2025-01-09 15:04:44.001,23107,23107,23107,4,0
2025-01-09 15:04:44.001,23107,23107,23107,2,0
2025-01-09 15:04:44.001,23107,23107,23107,2,0
2025-01-09 15:04:44.001,23106,23106,23106,2,-2
2025-01-09 15:04:44.001,23105,23105,23105,2,-2
2025-01-09 15:04:44.001,23105,23105,23105,4,0
2025-01-09 15:04:44.001,23105,23105,23105,2,0
2025-01-09 15:04:44.001,23104,23104,23104,2,-2
2025-01-09 15:04:44.001,23104,23104,23104,2,0
2025-01-09 15:04:45.001,23108,23108,23108,2,2
2025-01-09 15:04:45.001,23108,23108,23108,4,0
2025-01-09 15:04:48.001,23105,23105,23105,2,-2
2025-01-09 15:04:48.001,23107,23107,23107,2,2
2025-01-09 15:04:57.001,23109,23109,23109,2,2
2025-01-09 15:04:57.001,23110,23110,23110,2,2
2025-01-09 15:04:58.001,23109,23109,23109,2,-2
2025-01-09 15:05:02.001,23110,23110,23110,4,4
2025-01-09 15:05:03.001,23111,23111,23111,2,2
2025-01-09 15:05:03.001,23111,23111,23111,2,0
2025-01-09 15:05:04.001,23109,23109,23109,2,-2
2025-01-09 15:05:04.001,23109,23109,23109,2,0
2025-01-09 15:05:04.001,23108,23108,23108,2,-2
2025-01-09 15:05:04.001,23108,23108,23108,2,0
2025-01-09 15:05:04.001,23108,23108,23108,2,0
2025-01-09 15:05:04.001,23108,23108,23108,2,0
2025-01-09 15:05:04.001,23108,23108,23108,2,0
2025-01-09 15:05:04.001,23107,23107,23107,2,-2
2025-01-09 15:05:04.001,23107,23107,23107,2,0
2025-01-09 15:05:04.001,23107,23107,23107,2,0
2025-01-09 15:05:04.001,23106,23106,23106,2,-2
2025-01-09 15:05:04.001,23105,23105,23105,2,-2
2025-01-09 15:05:10.001,23106,23106,23106,2,2
2025-01-09 15:05:10.001,23106,23106,23106,2,0
2025-01-09 15:05:10.001,23107,23107,23107,4,4
2025-01-09 15:05:17.001,23107,23107,23107,2,0
2025-01-09 15:05:17.001,23107,23107,23107,2,0
2025-01-09 15:05:23.001,23107,23107,23107,2,0
2025-01-09 15:05:23.001,23107,23107,23107,2,0
2025-01-09 15:05:23.001,23106,23106,23106,2,-2
2025-01-09 15:05:23.001,23105,23105,23105,2,-2
2025-01-09 15:05:23.001,23105,23105,23105,2,0
2025-01-09 15:05:23.001,23105,23105,23105,2,0
2025-01-09 15:05:23.001,23105,23105,23105,2,0
2025-01-09 15:05:23.001,23105,23105,23105,4,0
2025-01-09 15:05:23.001,23104,23104,23104,2,-2
2025-01-09 15:05:27.001,23105,23105,23105,2,2
2025-01-09 15:05:27.001,23105,23105,23105,6,0
2025-01-09 15:05:27.001,23104,23104,23104,2,-2
2025-01-09 15:05:28.001,23104,23104,23104,2,0
2025-01-09 15:05:28.001,23103,23103,23103,2,-2
2025-01-09 15:05:28.001,23103,23103,23103,2,0
2025-01-09 15:05:28.001,23103,23103,23103,2,0
2025-01-09 15:05:28.001,23103,23103,23103,2,0
2025-01-09 15:05:28.001,23102,23102,23102,6,-6
2025-01-09 15:05:33.001,23101,23101,23101,2,-2
2025-01-09 15:05:33.001,23101,23101,23101,6,0
2025-01-09 15:05:34.001,23101,23101,23101,2,0
2025-01-09 15:05:38.001,23101,23101,23101,2,0
2025-01-09 15:05:41.001,23100,23100,23100,2,-2
2025-01-09 15:05:41.001,23100,23100,23100,12,0
2025-01-09 15:05:41.001,23100,23100,23100,2,0
2025-01-09 15:05:42.001,23099,23099,23099,2,-2
2025-01-09 15:05:43.001,23099,23099,23099,2,0
2025-01-09 15:05:46.001,23101,23101,23101,2,2
2025-01-09 15:05:46.001,23100,23100,23100,2,-2
2025-01-09 15:05:46.001,23100,23100,23100,2,0
2025-01-09 15:05:46.001,23100,23100,23100,2,0
2025-01-09 15:05:46.001,23100,23100,23100,2,0
2025-01-09 15:05:46.001,23100,23100,23100,2,0
2025-01-09 15:05:46.001,23099,23099,23099,2,-2
2025-01-09 15:05:46.001,23099,23099,23099,2,0
2025-01-09 15:05:46.001,23099,23099,23099,2,0
2025-01-09 15:05:46.001,23099,23099,23099,2,0
2025-01-09 15:05:50.001,23098,23098,23098,2,-2
2025-01-09 15:05:50.001,23098,23098,23098,6,0
2025-01-09 15:05:50.001,23098,23098,23098,2,0
2025-01-09 15:05:51.001,23096,23096,23096,2,-2
2025-01-09 15:05:51.001,23096,23096,23096,2,0
2025-01-09 15:05:53.001,23096,23096,23096,2,0
2025-01-09 15:05:53.001,23097,23097,23097,2,2
2025-01-09 15:05:53.001,23097,23097,23097,4,0
2025-01-09 15:06:00.001,23097,23097,23097,2,0
2025-01-09 15:06:00.001,23096,23096,23096,2,-2
2025-01-09 15:06:00.001,23095,23095,23095,2,-2
2025-01-09 15:06:00.001,23095,23095,23095,4,0
2025-01-09 15:06:00.001,23093,23093,23093,2,-2
2025-01-09 15:06:00.001,23095,23095,23095,2,2
2025-01-09 15:06:00.001,23093,23093,23093,2,-2
2025-01-09 15:06:06.001,23093,23093,23093,2,0
2025-01-09 15:06:06.001,23095,23095,23095,4,4
2025-01-09 15:06:07.001,23093,23093,23093,2,-2
2025-01-09 15:06:08.001,23092,23092,23092,4,-4
2025-01-09 15:06:09.001,23090,23090,23090,2,-2
2025-01-09 15:06:10.001,23090,23090,23090,2,0
2025-01-09 15:06:10.001,23090,23090,23090,2,0
2025-01-09 15:06:12.001,23091,23091,23091,2,2
2025-01-09 15:06:13.001,23091,23091,23091,2,0
2025-01-09 15:06:13.001,23090,23090,23090,2,-2
2025-01-09 15:06:13.001,23090,23090,23090,2,0
2025-01-09 15:06:13.001,23090,23090,23090,2,0
2025-01-09 15:06:13.001,23090,23090,23090,2,0
2025-01-09 15:06:14.001,23089,23089,23089,4,-4
2025-01-09 15:06:14.001,23089,23089,23089,2,0
2025-01-09 15:06:14.001,23088,23088,23088,2,-2
2025-01-09 15:06:14.001,23088,23088,23088,4,0
2025-01-09 15:06:14.001,23088,23088,23088,2,0
2025-01-09 15:06:14.001,23088,23088,23088,2,0
2025-01-09 15:06:14.001,23088,23088,23088,2,0
2025-01-09 15:06:14.001,23087,23087,23087,2,-2
2025-01-09 15:06:14.001,23087,23087,23087,2,0
2025-01-09 15:06:14.001,23087,23087,23087,2,0
2025-01-09 15:06:14.001,23086,23086,23086,2,-2
2025-01-09 15:06:14.001,23085,23085,23085,2,-2
2025-01-09 15:06:16.001,23088,23088,23088,4,4
2025-01-09 15:06:20.001,23088,23088,23088,6,0
2025-01-09 15:06:22.001,23090,23090,23090,6,6
2025-01-09 15:06:22.001,23091,23091,23091,2,2
2025-01-09 15:06:30.001,23094,23094,23094,2,2
2025-01-09 15:06:30.001,23094,23094,23094,2,0
2025-01-09 15:06:34.001,23095,23095,23095,2,2
2025-01-09 15:06:34.001,23095,23095,23095,6,0
2025-01-09 15:06:34.001,23096,23096,23096,2,2
2025-01-09 15:06:34.001,23097,23097,23097,2,2
2025-01-09 15:06:35.001,23096,23096,23096,2,-2
2025-01-09 15:06:35.001,23093,23093,23093,2,-2
2025-01-09 15:06:37.001,23093,23093,23093,4,0
2025-01-09 15:06:40.001,23091,23091,23091,2,-2
2025-01-09 15:06:40.001,23091,23091,23091,2,0
2025-01-09 15:06:41.001,23092,23092,23092,2,2
2025-01-09 15:06:43.001,23094,23094,23094,2,2
2025-01-09 15:06:43.001,23094,23094,23094,2,0
2025-01-09 15:06:50.001,23093,23093,23093,2,-2
2025-01-09 15:06:50.001,23095,23095,23095,2,2
2025-01-09 15:06:52.001,23097,23097,23097,2,2
2025-01-09 15:06:57.001,23097,23097,23097,2,0
2025-01-09 15:07:12.001,23092,23092,23092,2,-2
2025-01-09 15:07:12.001,23092,23092,23092,4,0
2025-01-09 15:07:18.001,23095,23095,23095,4,4
2025-01-09 15:07:19.001,23093,23093,23093,2,-2
2025-01-09 15:07:24.001,23095,23095,23095,2,2
2025-01-09 15:07:25.001,23093,23093,23093,2,-2
2025-01-09 15:07:26.001,23094,23094,23094,2,2
2025-01-09 15:07:26.001,23095,23095,23095,6,6
2025-01-09 15:07:31.001,23095,23095,23095,2,0
2025-01-09 15:07:36.001,23097,23097,23097,2,2
2025-01-09 15:07:47.001,23097,23097,23097,2,0
2025-01-09 15:07:48.001,23096,23096,23096,2,-2
2025-01-09 15:07:59.001,23094,23094,23094,2,-2
2025-01-09 15:07:59.001,23094,23094,23094,2,0
2025-01-09 15:08:00.001,23093,23093,23093,2,-2
2025-01-09 15:08:01.001,23093,23093,23093,2,0
2025-01-09 15:08:23.001,23093,23093,23093,2,0
2025-01-09 15:08:23.001,23095,23095,23095,2,2
2025-01-09 15:08:28.001,23092,23092,23092,2,-2
2025-01-09 15:08:28.001,23091,23091,23091,2,-2
2025-01-09 15:08:28.001,23091,23091,23091,2,0
2025-01-09 15:08:28.001,23091,23091,23091,2,0
2025-01-09 15:08:28.001,23090,23090,23090,8,-8
2025-01-09 15:08:28.001,23090,23090,23090,4,0
2025-01-09 15:08:28.001,23090,23090,23090,6,0
2025-01-09 15:08:28.001,23090,23090,23090,6,0
2025-01-09 15:08:28.001,23090,23090,23090,2,0
2025-01-09 15:08:28.001,23090,23090,23090,4,0
2025-01-09 15:08:28.001,23090,23090,23090,4,0
2025-01-09 15:08:29.001,23088,23088,23088,4,-4
2025-01-09 15:08:29.001,23088,23088,23088,2,0
2025-01-09 15:08:29.001,23088,23088,23088,2,0
2025-01-09 15:08:33.001,23087,23087,23087,2,-2
2025-01-09 15:08:44.001,23088,23088,23088,2,2
2025-01-09 15:08:45.001,23088,23088,23088,2,0
2025-01-09 15:08:50.001,23089,23089,23089,2,2
2025-01-09 15:08:50.001,23089,23089,23089,2,0
2025-01-09 15:09:03.001,23088,23088,23088,2,-2
2025-01-09 15:09:04.001,23088,23088,23088,2,0
2025-01-09 15:09:04.001,23088,23088,23088,2,0
2025-01-09 15:09:04.001,23088,23088,23088,2,0
2025-01-09 15:09:04.001,23088,23088,23088,2,0
2025-01-09 15:09:04.001,23087,23087,23087,2,-2
2025-01-09 15:09:04.001,23087,23087,23087,2,0
2025-01-09 15:09:07.001,23087,23087,23087,2,0
2025-01-09 15:09:07.001,23086,23086,23086,6,-6
2025-01-09 15:09:07.001,23086,23086,23086,4,0
2025-01-09 15:09:07.001,23086,23086,23086,2,0
2025-01-09 15:09:07.001,23086,23086,23086,2,0
2025-01-09 15:09:07.001,23086,23086,23086,8,0
2025-01-09 15:09:07.001,23086,23086,23086,2,0
2025-01-09 15:09:07.001,23086,23086,23086,2,0
2025-01-09 15:09:07.001,23086,23086,23086,4,0
2025-01-09 15:09:08.001,23086,23086,23086,4,0
2025-01-09 15:09:08.001,23087,23087,23087,2,2
2025-01-09 15:09:08.001,23087,23087,23087,2,0
2025-01-09 15:09:08.001,23086,23086,23086,2,-2
2025-01-09 15:09:08.001,23086,23086,23086,2,0
2025-01-09 15:09:08.001,23086,23086,23086,2,0
2025-01-09 15:09:08.001,23087,23087,23087,2,2
2025-01-09 15:09:08.001,23087,23087,23087,2,0
2025-01-09 15:09:09.001,23086,23086,23086,2,-2
2025-01-09 15:09:09.001,23086,23086,23086,2,0
2025-01-09 15:09:09.001,23086,23086,23086,2,0
2025-01-09 15:09:09.001,23085,23085,23085,2,-2
2025-01-09 15:09:09.001,23085,23085,23085,2,0
2025-01-09 15:09:11.001,23086,23086,23086,2,2
2025-01-09 15:09:12.001,23089,23089,23089,2,2
2025-01-09 15:09:12.001,23088,23088,23088,2,-2
2025-01-09 15:09:22.001,23089,23089,23089,2,2
2025-01-09 15:09:27.001,23087,23087,23087,2,-2
2025-01-09 15:09:27.001,23086,23086,23086,2,-2
2025-01-09 15:09:33.001,23090,23090,23090,6,6
2025-01-09 15:09:38.001,23092,23092,23092,2,2
2025-01-09 15:09:43.001,23094,23094,23094,2,2
2025-01-09 15:09:52.001,23091,23091,23091,2,-2
2025-01-09 15:09:52.001,23091,23091,23091,2,0
2025-01-09 15:09:52.001,23091,23091,23091,2,0
2025-01-09 15:09:52.001,23091,23091,23091,2,0
2025-01-09 15:09:52.001,23090,23090,23090,2,-2
2025-01-09 15:10:20.001,23092,23092,23092,2,2
2025-01-09 15:10:20.001,23092,23092,23092,2,0
2025-01-09 15:10:24.001,23094,23094,23094,6,6
2025-01-09 15:10:26.001,23094,23094,23094,2,0
2025-01-09 15:10:27.001,23095,23095,23095,4,4
2025-01-09 15:10:30.001,23097,23097,23097,2,2
2025-01-09 15:10:30.001,23097,23097,23097,6,0
2025-01-09 15:10:34.001,23098,23098,23098,2,2
2025-01-09 15:10:36.001,23099,23099,23099,2,2
2025-01-09 15:10:36.001,23100,23100,23100,4,4
2025-01-09 15:10:36.001,23101,23101,23101,6,6
2025-01-09 15:10:37.001,23104,23104,23104,6,6
2025-01-09 15:10:37.001,23105,23105,23105,2,2
2025-01-09 15:10:37.001,23105,23105,23105,2,0
2025-01-09 15:10:37.001,23107,23107,23107,2,2
2025-01-09 15:10:37.001,23107,23107,23107,2,0
2025-01-09 15:10:37.001,23108,23108,23108,2,2
2025-01-09 15:10:37.001,23107,23107,23107,2,-2
2025-01-09 15:10:37.001,23107,23107,23107,2,0
2025-01-09 15:10:37.001,23108,23108,23108,4,4
2025-01-09 15:10:37.001,23108,23108,23108,2,0
2025-01-09 15:10:37.001,23109,23109,23109,4,4
2025-01-09 15:10:37.001,23110,23110,23110,8,8
2025-01-09 15:10:37.001,23112,23112,23112,4,4
2025-01-09 15:10:37.001,23113,23113,23113,4,4
2025-01-09 15:10:37.001,23114,23114,23114,2,2
2025-01-09 15:10:37.001,23114,23114,23114,2,0
2025-01-09 15:10:37.001,23111,23111,23111,2,-2
2025-01-09 15:10:37.001,23111,23111,23111,2,0
2025-01-09 15:10:37.001,23110,23110,23110,2,-2
2025-01-09 15:10:37.001,23112,23112,23112,2,2
2025-01-09 15:10:38.001,23109,23109,23109,2,-2
2025-01-09 15:10:38.001,23109,23109,23109,2,0
2025-01-09 15:10:43.001,23105,23105,23105,2,-2
2025-01-09 15:10:43.001,23104,23104,23104,2,-2
2025-01-09 15:10:43.001,23105,23105,23105,6,6
2025-01-09 15:10:43.001,23106,23106,23106,4,4
2025-01-09 15:10:44.001,23107,23107,23107,2,2
2025-01-09 15:10:47.001,23109,23109,23109,8,8
2025-01-09 15:10:47.001,23109,23109,23109,2,0
2025-01-09 15:10:47.001,23109,23109,23109,2,0
2025-01-09 15:10:51.001,23110,23110,23110,8,8
2025-01-09 15:10:52.001,23110,23110,23110,2,0
2025-01-09 15:10:55.001,23110,23110,23110,2,0
2025-01-09 15:10:55.001,23110,23110,23110,2,0
2025-01-09 15:10:57.001,23110,23110,23110,2,0
2025-01-09 15:10:58.001,23108,23108,23108,2,-2
2025-01-09 15:11:01.001,23107,23107,23107,4,-4
2025-01-09 15:11:01.001,23107,23107,23107,2,0
2025-01-09 15:11:02.001,23106,23106,23106,2,-2
2025-01-09 15:11:06.001,23107,23107,23107,2,2
2025-01-09 15:11:13.001,23110,23110,23110,4,4
2025-01-09 15:11:13.001,23111,23111,23111,2,2
2025-01-09 15:11:13.001,23111,23111,23111,2,0
2025-01-09 15:11:13.001,23111,23111,23111,6,0
2025-01-09 15:11:13.001,23112,23112,23112,6,6
2025-01-09 15:11:13.001,23112,23112,23112,2,0
2025-01-09 15:11:13.001,23112,23112,23112,2,0
2025-01-09 15:11:13.001,23112,23112,23112,2,0
2025-01-09 15:11:13.001,23111,23111,23111,2,-2
2025-01-09 15:11:13.001,23111,23111,23111,2,0
2025-01-09 15:11:15.001,23110,23110,23110,2,-2
2025-01-09 15:11:17.001,23112,23112,23112,2,2
2025-01-09 15:11:19.001,23114,23114,23114,2,2
2025-01-09 15:11:22.001,23113,23113,23113,2,-2
2025-01-09 15:11:24.001,23114,23114,23114,2,2
2025-01-09 15:11:24.001,23114,23114,23114,2,0
2025-01-09 15:11:25.001,23114,23114,23114,2,0
2025-01-09 15:11:25.001,23115,23115,23115,2,2
2025-01-09 15:11:27.001,23114,23114,23114,2,-2
2025-01-09 15:11:27.001,23113,23113,23113,2,-2
2025-01-09 15:11:27.001,23113,23113,23113,2,0
2025-01-09 15:11:27.001,23112,23112,23112,2,-2
2025-01-09 15:11:27.001,23111,23111,23111,2,-2
2025-01-09 15:11:27.001,23111,23111,23111,2,0
2025-01-09 15:11:27.001,23112,23112,23112,6,6
2025-01-09 15:11:27.001,23113,23113,23113,2,2
2025-01-09 15:11:27.001,23110,23110,23110,2,-2
2025-01-09 15:11:27.001,23110,23110,23110,2,0
2025-01-09 15:11:28.001,23110,23110,23110,2,0
2025-01-09 15:11:30.001,23110,23110,23110,4,0
2025-01-09 15:11:36.001,23110,23110,23110,4,0
2025-01-09 15:11:42.001,23111,23111,23111,2,2
2025-01-09 15:11:43.001,23113,23113,23113,2,2
2025-01-09 15:11:43.001,23113,23113,23113,2,0
2025-01-09 15:11:45.001,23114,23114,23114,4,4
2025-01-09 15:11:49.001,23112,23112,23112,2,-2
2025-01-09 15:11:55.001,23112,23112,23112,2,0
2025-01-09 15:11:58.001,23112,23112,23112,2,0
2025-01-09 15:12:03.001,23112,23112,23112,2,0
2025-01-09 15:12:03.001,23113,23113,23113,2,2
2025-01-09 15:12:04.001,23113,23113,23113,2,0
2025-01-09 15:12:05.001,23112,23112,23112,2,-2
2025-01-09 15:12:12.001,23112,23112,23112,2,0
2025-01-09 15:12:13.001,23113,23113,23113,6,6
2025-01-09 15:12:13.001,23114,23114,23114,2,2
2025-01-09 15:12:17.001,23113,23113,23113,2,-2
2025-01-09 15:12:18.001,23115,23115,23115,2,2
2025-01-09 15:12:18.001,23115,23115,23115,12,0
2025-01-09 15:12:18.001,23116,23116,23116,2,2
2025-01-09 15:12:18.001,23116,23116,23116,4,0
2025-01-09 15:12:21.001,23118,23118,23118,2,2
2025-01-09 15:12:21.001,23119,23119,23119,2,2
2025-01-09 15:12:21.001,23119,23119,23119,2,0
2025-01-09 15:12:21.001,23119,23119,23119,2,0
2025-01-09 15:12:21.001,23120,23120,23120,2,2
2025-01-09 15:12:21.001,23117,23117,23117,2,-2
2025-01-09 15:12:23.001,23117,23117,23117,2,0
2025-01-09 15:12:23.001,23118,23118,23118,6,6
2025-01-09 15:12:23.001,23119,23119,23119,2,2
2025-01-09 15:12:25.001,23117,23117,23117,2,-2
2025-01-09 15:12:26.001,23119,23119,23119,8,8
2025-01-09 15:12:27.001,23120,23120,23120,2,2
2025-01-09 15:12:28.001,23120,23120,23120,2,0
2025-01-09 15:12:29.001,23122,23122,23122,6,6
2025-01-09 15:12:29.001,23122,23122,23122,8,0
2025-01-09 15:12:29.001,23123,23123,23123,14,14
2025-01-09 15:12:29.001,23124,23124,23124,18,18
2025-01-09 15:12:29.001,23122,23122,23122,2,-2
2025-01-09 15:12:29.001,23122,23122,23122,2,0
2025-01-09 15:12:31.001,23121,23121,23121,2,-2
2025-01-09 15:12:31.001,23122,23122,23122,2,2
2025-01-09 15:12:32.001,23122,23122,23122,6,0
2025-01-09 15:12:32.001,23120,23120,23120,2,-2
2025-01-09 15:12:35.001,23122,23122,23122,2,2
2025-01-09 15:12:35.001,23123,23123,23123,4,4
2025-01-09 15:12:37.001,23120,23120,23120,2,-2
2025-01-09 15:12:37.001,23122,23122,23122,2,2
2025-01-09 15:12:38.001,23120,23120,23120,2,-2
2025-01-09 15:12:38.001,23120,23120,23120,4,0
2025-01-09 15:12:38.001,23120,23120,23120,2,0
2025-01-09 15:12:38.001,23120,23120,23120,4,0
2025-01-09 15:12:38.001,23119,23119,23119,2,-2
2025-01-09 15:12:38.001,23119,23119,23119,2,0
2025-01-09 15:12:39.001,23120,23120,23120,4,4
2025-01-09 15:12:41.001,23119,23119,23119,2,-2
2025-01-09 15:12:45.001,23118,23118,23118,2,-2
2025-01-09 15:12:47.001,23118,23118,23118,2,0
2025-01-09 15:12:48.001,23118,23118,23118,2,0
2025-01-09 15:12:48.001,23118,23118,23118,2,0
2025-01-09 15:12:48.001,23116,23116,23116,2,-2
2025-01-09 15:12:49.001,23115,23115,23115,2,-2
2025-01-09 15:12:52.001,23115,23115,23115,2,0
2025-01-09 15:12:57.001,23113,23113,23113,2,-2
2025-01-09 15:12:59.001,23115,23115,23115,2,2
2025-01-09 15:13:00.001,23113,23113,23113,2,-2
2025-01-09 15:13:00.001,23111,23111,23111,2,-2
2025-01-09 15:13:01.001,23113,23113,23113,2,2
2025-01-09 15:13:01.001,23114,23114,23114,2,2
2025-01-09 15:13:01.001,23114,23114,23114,2,0
2025-01-09 15:13:01.001,23115,23115,23115,2,2
2025-01-09 15:13:02.001,23114,23114,23114,2,-2
2025-01-09 15:13:03.001,23115,23115,23115,4,4
2025-01-09 15:13:06.001,23115,23115,23115,6,0
2025-01-09 15:13:13.001,23115,23115,23115,2,0
2025-01-09 15:13:14.001,23118,23118,23118,2,2
2025-01-09 15:13:14.001,23118,23118,23118,2,0
2025-01-09 15:13:14.001,23118,23118,23118,2,0
2025-01-09 15:13:14.001,23117,23117,23117,2,-2
2025-01-09 15:13:20.001,23119,23119,23119,2,2
2025-01-09 15:13:20.001,23120,23120,23120,2,2
2025-01-09 15:13:22.001,23118,23118,23118,2,-2
2025-01-09 15:13:24.001,23119,23119,23119,2,2
2025-01-09 15:13:32.001,23119,23119,23119,2,0
2025-01-09 15:13:34.001,23120,23120,23120,4,4
2025-01-09 15:13:34.001,23120,23120,23120,2,0
2025-01-09 15:13:34.001,23121,23121,23121,2,2
2025-01-09 15:13:36.001,23122,23122,23122,4,4
2025-01-09 15:13:37.001,23121,23121,23121,2,-2
2025-01-09 15:13:42.001,23121,23121,23121,2,0
2025-01-09 15:13:43.001,23119,23119,23119,2,-2
2025-01-09 15:13:45.001,23119,23119,23119,2,0
2025-01-09 15:13:46.001,23119,23119,23119,2,0
2025-01-09 15:13:47.001,23118,23118,23118,2,-2
2025-01-09 15:14:05.001,23115,23115,23115,2,-2
2025-01-09 15:14:06.001,23116,23116,23116,4,4
2025-01-09 15:14:06.001,23119,23119,23119,4,4
2025-01-09 15:14:24.001,23115,23115,23115,2,-2
2025-01-09 15:14:27.001,23113,23113,23113,2,-2
2025-01-09 15:14:27.001,23112,23112,23112,2,-2
2025-01-09 15:14:27.001,23113,23113,23113,2,2
2025-01-09 15:14:27.001,23114,23114,23114,2,2
2025-01-09 15:14:27.001,23114,23114,23114,2,0
2025-01-09 15:14:32.001,23115,23115,23115,6,6
2025-01-09 15:14:32.001,23115,23115,23115,2,0
2025-01-09 15:14:32.001,23115,23115,23115,2,0
2025-01-09 15:14:38.001,23117,23117,23117,2,2
2025-01-09 15:14:38.001,23117,23117,23117,2,0
2025-01-09 15:14:38.001,23117,23117,23117,2,0
2025-01-09 15:14:47.001,23119,23119,23119,2,2
2025-01-09 15:14:47.001,23120,23120,23120,2,2
2025-01-09 15:14:47.001,23120,23120,23120,4,0
2025-01-09 15:14:49.001,23121,23121,23121,2,2
2025-01-09 15:14:49.001,23123,23123,23123,2,2
2025-01-09 15:14:49.001,23123,23123,23123,2,0
2025-01-09 15:14:52.001,23122,23122,23122,2,-2
2025-01-09 15:14:56.001,23122,23122,23122,2,0
2025-01-09 15:14:58.001,23121,23121,23121,2,-2
2025-01-09 15:15:02.001,23123,23123,23123,2,2
2025-01-09 15:15:02.001,23121,23121,23121,2,-2
2025-01-09 15:15:02.001,23120,23120,23120,2,-2
2025-01-09 15:15:02.001,23122,23122,23122,2,2
2025-01-09 15:15:02.001,23119,23119,23119,2,-2
2025-01-09 15:15:02.001,23118,23118,23118,2,-2
2025-01-09 15:15:02.001,23118,23118,23118,2,0
2025-01-09 15:15:02.001,23120,23120,23120,2,2
2025-01-09 15:15:02.001,23118,23118,23118,2,-2
2025-01-09 15:15:02.001,23117,23117,23117,2,-2
2025-01-09 15:15:02.001,23116,23116,23116,2,-2
2025-01-09 15:15:02.001,23119,23119,23119,2,2
2025-01-09 15:15:02.001,23117,23117,23117,2,-2
2025-01-09 15:15:02.001,23116,23116,23116,2,-2
2025-01-09 15:15:02.001,23116,23116,23116,2,0
2025-01-09 15:15:02.001,23116,23116,23116,2,0
2025-01-09 15:15:02.001,23117,23117,23117,2,2
2025-01-09 15:15:02.001,23118,23118,23118,2,2
2025-01-09 15:15:02.001,23116,23116,23116,2,-2
2025-01-09 15:15:02.001,23115,23115,23115,2,-2
2025-01-09 15:15:02.001,23115,23115,23115,2,0
2025-01-09 15:15:02.001,23114,23114,23114,2,-2
2025-01-09 15:15:02.001,23114,23114,23114,2,0
2025-01-09 15:15:02.001,23114,23114,23114,2,0
2025-01-09 15:15:02.001,23114,23114,23114,2,0
2025-01-09 15:15:02.001,23117,23117,23117,2,2
2025-01-09 15:15:02.001,23117,23117,23117,6,0
2025-01-09 15:15:02.001,23118,23118,23118,6,6
2025-01-09 15:15:02.001,23119,23119,23119,10,10
2025-01-09 15:15:02.001,23120,23120,23120,16,16
2025-01-09 15:15:02.001,23121,23121,23121,2,2
2025-01-09 15:15:02.001,23121,23121,23121,10,0
2025-01-09 15:15:02.001,23122,23122,23122,10,10
2025-01-09 15:15:02.001,23118,23118,23118,2,-2
2025-01-09 15:15:03.001,23120,23120,23120,2,2
2025-01-09 15:15:03.001,23117,23117,23117,2,-2
2025-01-09 15:15:03.001,23117,23117,23117,2,0
2025-01-09 15:15:03.001,23120,23120,23120,2,2
2025-01-09 15:15:03.001,23120,23120,23120,2,0
2025-01-09 15:15:03.001,23121,23121,23121,2,2
2025-01-09 15:15:03.001,23121,23121,23121,2,0
2025-01-09 15:15:03.001,23121,23121,23121,2,0
2025-01-09 15:15:03.001,23119,23119,23119,2,-2
2025-01-09 15:15:03.001,23119,23119,23119,2,0
2025-01-09 15:15:03.001,23119,23119,23119,2,0
2025-01-09 15:15:03.001,23118,23118,23118,2,-2
2025-01-09 15:15:03.001,23118,23118,23118,2,0
2025-01-09 15:15:03.001,23121,23121,23121,2,2
2025-01-09 15:15:03.001,23119,23119,23119,2,-2
2025-01-09 15:15:03.001,23121,23121,23121,2,2
2025-01-09 15:15:04.001,23121,23121,23121,2,0
2025-01-09 15:15:04.001,23122,23122,23122,2,2
2025-01-09 15:15:04.001,23122,23122,23122,2,0
2025-01-09 15:15:04.001,23122,23122,23122,2,0
2025-01-09 15:15:04.001,23122,23122,23122,2,0
2025-01-09 15:15:04.001,23122,23122,23122,2,0
2025-01-09 15:15:04.001,23122,23122,23122,2,0
2025-01-09 15:15:05.001,23124,23124,23124,2,2
2025-01-09 15:15:05.001,23124,23124,23124,2,0
2025-01-09 15:15:05.001,23125,23125,23125,2,2
2025-01-09 15:15:05.001,23123,23123,23123,2,-2
2025-01-09 15:15:05.001,23123,23123,23123,2,0
2025-01-09 15:15:05.001,23122,23122,23122,2,-2
2025-01-09 15:15:05.001,23124,23124,23124,2,2
2025-01-09 15:15:05.001,23125,23125,23125,4,4
2025-01-09 15:15:05.001,23125,23125,23125,2,0
2025-01-09 15:15:05.001,23125,23125,23125,2,0
2025-01-09 15:15:07.001,23125,23125,23125,2,0
2025-01-09 15:15:07.001,23123,23123,23123,2,-2
2025-01-09 15:15:08.001,23123,23123,23123,2,0
2025-01-09 15:15:08.001,23124,23124,23124,2,2
2025-01-09 15:15:08.001,23124,23124,23124,2,0
2025-01-09 15:15:08.001,23124,23124,23124,2,0
2025-01-09 15:15:08.001,23125,23125,23125,6,6
2025-01-09 15:15:08.001,23125,23125,23125,2,0
2025-01-09 15:15:08.001,23126,23126,23126,2,2
2025-01-09 15:15:08.001,23126,23126,23126,2,0
2025-01-09 15:15:08.001,23126,23126,23126,2,0
2025-01-09 15:15:08.001,23125,23125,23125,2,-2
2025-01-09 15:15:08.001,23125,23125,23125,2,0
2025-01-09 15:15:08.001,23125,23125,23125,2,0
2025-01-09 15:15:08.001,23125,23125,23125,2,0
2025-01-09 15:15:08.001,23126,23126,23126,2,2
2025-01-09 15:15:09.001,23125,23125,23125,2,-2
2025-01-09 15:15:09.001,23127,23127,23127,2,2
2025-01-09 15:15:09.001,23125,23125,23125,2,-2
2025-01-09 15:15:09.001,23127,23127,23127,2,2
2025-01-09 15:15:09.001,23124,23124,23124,2,-2
2025-01-09 15:15:09.001,23126,23126,23126,4,4
2025-01-09 15:15:09.001,23126,23126,23126,2,0
2025-01-09 15:15:10.001,23127,23127,23127,2,2
2025-01-09 15:15:10.001,23125,23125,23125,2,-2
2025-01-09 15:15:10.001,23125,23125,23125,2,0
2025-01-09 15:15:10.001,23127,23127,23127,2,2
2025-01-09 15:15:11.001,23127,23127,23127,2,0
2025-01-09 15:15:11.001,23127,23127,23127,2,0
2025-01-09 15:15:11.001,23127,23127,23127,2,0
2025-01-09 15:15:12.001,23127,23127,23127,2,0
2025-01-09 15:15:12.001,23126,23126,23126,2,-2
2025-01-09 15:15:14.001,23125,23125,23125,2,-2
2025-01-09 15:15:14.001,23125,23125,23125,2,0
2025-01-09 15:15:24.001,23125,23125,23125,2,0
2025-01-09 15:15:27.001,23122,23122,23122,2,-2
2025-01-09 15:15:27.001,23122,23122,23122,2,0
2025-01-09 15:15:27.001,23121,23121,23121,2,-2
2025-01-09 15:15:27.001,23121,23121,23121,2,0
2025-01-09 15:15:27.001,23121,23121,23121,2,0
2025-01-09 15:15:27.001,23121,23121,23121,2,0
2025-01-09 15:15:27.001,23121,23121,23121,2,0
2025-01-09 15:15:27.001,23121,23121,23121,2,0
2025-01-09 15:15:27.001,23120,23120,23120,2,-2
2025-01-09 15:15:27.001,23117,23117,23117,2,-2
2025-01-09 15:15:27.001,23120,23120,23120,2,2
2025-01-09 15:15:27.001,23118,23118,23118,2,-2
2025-01-09 15:15:28.001,23121,23121,23121,2,2
2025-01-09 15:15:33.001,23119,23119,23119,2,-2
2025-01-09 15:15:35.001,23122,23122,23122,2,2
2025-01-09 15:15:35.001,23122,23122,23122,2,0
2025-01-09 15:15:35.001,23122,23122,23122,2,0
2025-01-09 15:15:35.001,23122,23122,23122,2,0
2025-01-09 15:15:35.001,23122,23122,23122,2,0
2025-01-09 15:15:35.001,23122,23122,23122,2,0
2025-01-09 15:15:35.001,23122,23122,23122,12,0
2025-01-09 15:15:35.001,23122,23122,23122,2,0
2025-01-09 15:15:35.001,23122,23122,23122,2,0
2025-01-09 15:15:44.001,23120,23120,23120,2,-2
2025-01-09 15:15:44.001,23120,23120,23120,2,0
2025-01-09 15:15:44.001,23120,23120,23120,2,0
2025-01-09 15:15:49.001,23118,23118,23118,2,-2
2025-01-09 15:15:49.001,23118,23118,23118,2,0
2025-01-09 15:15:49.001,23118,23118,23118,2,0
2025-01-09 15:15:49.001,23118,23118,23118,2,0
2025-01-09 15:15:56.001,23120,23120,23120,2,2
2025-01-09 15:15:59.001,23118,23118,23118,6,-6
2025-01-09 15:16:00.001,23117,23117,23117,2,-2
2025-01-09 15:16:00.001,23116,23116,23116,2,-2
2025-01-09 15:16:00.001,23115,23115,23115,2,-2
2025-01-09 15:16:02.001,23116,23116,23116,2,2
2025-01-09 15:16:02.001,23116,23116,23116,2,0
2025-01-09 15:16:02.001,23117,23117,23117,2,2
2025-01-09 15:16:07.001,23117,23117,23117,2,0
2025-01-09 15:16:09.001,23115,23115,23115,2,-2
2025-01-09 15:16:15.001,23113,23113,23113,2,-2
2025-01-09 15:16:15.001,23113,23113,23113,2,0
2025-01-09 15:16:22.001,23110,23110,23110,2,-2
2025-01-09 15:16:22.001,23110,23110,23110,2,0
2025-01-09 15:16:22.001,23110,23110,23110,2,0
2025-01-09 15:16:22.001,23110,23110,23110,2,0
2025-01-09 15:16:22.001,23108,23108,23108,2,-2
2025-01-09 15:16:23.001,23107,23107,23107,2,-2
2025-01-09 15:16:23.001,23109,23109,23109,2,2
2025-01-09 15:16:23.001,23107,23107,23107,2,-2
2025-01-09 15:16:23.001,23109,23109,23109,4,4
2025-01-09 15:16:24.001,23106,23106,23106,2,-2
2025-01-09 15:16:24.001,23105,23105,23105,2,-2
2025-01-09 15:16:24.001,23105,23105,23105,2,0
2025-01-09 15:16:30.001,23106,23106,23106,2,2
2025-01-09 15:16:30.001,23106,23106,23106,2,0
2025-01-09 15:16:30.001,23106,23106,23106,2,0
2025-01-09 15:16:32.001,23107,23107,23107,2,2
2025-01-09 15:16:32.001,23108,23108,23108,2,2
2025-01-09 15:16:35.001,23105,23105,23105,2,-2
2025-01-09 15:16:35.001,23104,23104,23104,2,-2
2025-01-09 15:16:37.001,23106,23106,23106,2,2
2025-01-09 15:16:37.001,23106,23106,23106,2,0
2025-01-09 15:16:38.001,23108,23108,23108,6,6
2025-01-09 15:16:38.001,23109,23109,23109,2,2
2025-01-09 15:16:40.001,23111,23111,23111,2,2
2025-01-09 15:16:45.001,23110,23110,23110,2,-2
2025-01-09 15:16:45.001,23110,23110,23110,2,0
2025-01-09 15:16:45.001,23109,23109,23109,2,-2
2025-01-09 15:16:45.001,23110,23110,23110,2,2
2025-01-09 15:16:46.001,23110,23110,23110,2,0
2025-01-09 15:16:50.001,23108,23108,23108,2,-2
2025-01-09 15:16:58.001,23109,23109,23109,2,2
2025-01-09 15:17:01.001,23107,23107,23107,2,-2
2025-01-09 15:17:07.001,23109,23109,23109,6,6
2025-01-09 15:17:16.001,23110,23110,23110,2,2
2025-01-09 15:17:16.001,23110,23110,23110,2,0
2025-01-09 15:17:19.001,23111,23111,23111,2,2
2025-01-09 15:17:20.001,23110,23110,23110,2,-2
2025-01-09 15:17:23.001,23111,23111,23111,2,2
2025-01-09 15:17:30.001,23110,23110,23110,2,-2
2025-01-09 15:17:30.001,23110,23110,23110,2,0
2025-01-09 15:17:30.001,23110,23110,23110,2,0
2025-01-09 15:17:31.001,23109,23109,23109,2,-2
2025-01-09 15:17:35.001,23108,23108,23108,4,-4
2025-01-09 15:17:44.001,23105,23105,23105,2,-2
2025-01-09 15:17:44.001,23105,23105,23105,2,0
2025-01-09 15:17:44.001,23105,23105,23105,2,0
2025-01-09 15:17:47.001,23105,23105,23105,2,0
2025-01-09 15:17:51.001,23105,23105,23105,2,0
2025-01-09 15:17:52.001,23104,23104,23104,2,-2
2025-01-09 15:17:52.001,23104,23104,23104,2,0
2025-01-09 15:17:52.001,23104,23104,23104,2,0
2025-01-09 15:17:52.001,23104,23104,23104,2,0
2025-01-09 15:17:52.001,23103,23103,23103,2,-2
2025-01-09 15:17:52.001,23103,23103,23103,2,0
2025-01-09 15:17:54.001,23102,23102,23102,2,-2
2025-01-09 15:17:54.001,23101,23101,23101,2,-2
2025-01-09 15:17:54.001,23101,23101,23101,2,0
2025-01-09 15:17:54.001,23101,23101,23101,2,0
2025-01-09 15:17:54.001,23100,23100,23100,2,-2
2025-01-09 15:17:54.001,23100,23100,23100,2,0
2025-01-09 15:17:54.001,23100,23100,23100,2,0
2025-01-09 15:17:54.001,23100,23100,23100,2,0
2025-01-09 15:17:54.001,23100,23100,23100,2,0
2025-01-09 15:17:55.001,23099,23099,23099,2,-2
2025-01-09 15:17:55.001,23099,23099,23099,2,0
2025-01-09 15:17:56.001,23099,23099,23099,2,0
2025-01-09 15:17:57.001,23099,23099,23099,6,0
2025-01-09 15:17:58.001,23100,23100,23100,2,2
2025-01-09 15:17:58.001,23098,23098,23098,2,-2
2025-01-09 15:17:58.001,23098,23098,23098,2,0
2025-01-09 15:17:58.001,23098,23098,23098,2,0
2025-01-09 15:17:58.001,23097,23097,23097,2,-2
2025-01-09 15:17:59.001,23097,23097,23097,2,0
2025-01-09 15:18:00.001,23096,23096,23096,2,-2
2025-01-09 15:18:00.001,23094,23094,23094,4,-4
2025-01-09 15:18:00.001,23094,23094,23094,2,0
2025-01-09 15:18:01.001,23092,23092,23092,2,-2
2025-01-09 15:18:01.001,23092,23092,23092,2,0
2025-01-09 15:18:01.001,23092,23092,23092,2,0
2025-01-09 15:18:01.001,23091,23091,23091,2,-2
2025-01-09 15:18:01.001,23090,23090,23090,2,-2
2025-01-09 15:18:01.001,23090,23090,23090,2,0
2025-01-09 15:18:01.001,23090,23090,23090,2,0
2025-01-09 15:18:01.001,23090,23090,23090,2,0
2025-01-09 15:18:01.001,23089,23089,23089,2,-2
2025-01-09 15:18:01.001,23090,23090,23090,2,2
2025-01-09 15:18:01.001,23090,23090,23090,2,0
2025-01-09 15:18:01.001,23090,23090,23090,8,0
2025-01-09 15:18:01.001,23090,23090,23090,2,0
2025-01-09 15:18:01.001,23090,23090,23090,2,0
2025-01-09 15:18:01.001,23090,23090,23090,2,0
2025-01-09 15:18:01.001,23089,23089,23089,2,-2
2025-01-09 15:18:01.001,23089,23089,23089,2,0
2025-01-09 15:18:02.001,23091,23091,23091,2,2
2025-01-09 15:18:02.001,23090,23090,23090,2,-2
2025-01-09 15:18:03.001,23087,23087,23087,2,-2
2025-01-09 15:18:03.001,23089,23089,23089,2,2
2025-01-09 15:18:04.001,23090,23090,23090,2,2
2025-01-09 15:18:05.001,23088,23088,23088,2,-2
2025-01-09 15:18:05.001,23085,23085,23085,2,-2
2025-01-09 15:18:05.001,23085,23085,23085,2,0
2025-01-09 15:18:05.001,23085,23085,23085,6,0
2025-01-09 15:18:05.001,23085,23085,23085,4,0
2025-01-09 15:18:05.001,23085,23085,23085,2,0
2025-01-09 15:18:05.001,23084,23084,23084,2,-2
2025-01-09 15:18:05.001,23084,23084,23084,2,0
2025-01-09 15:18:05.001,23083,23083,23083,4,-4
2025-01-09 15:18:05.001,23083,23083,23083,2,0
2025-01-09 15:18:05.001,23083,23083,23083,2,0
2025-01-09 15:18:05.001,23082,23082,23082,2,-2
2025-01-09 15:18:05.001,23082,23082,23082,2,0
2025-01-09 15:18:05.001,23082,23082,23082,2,0
2025-01-09 15:18:05.001,23081,23081,23081,20,-20
2025-01-09 15:18:05.001,23081,23081,23081,4,0
2025-01-09 15:18:05.001,23081,23081,23081,4,0
2025-01-09 15:18:05.001,23081,23081,23081,4,0
2025-01-09 15:18:05.001,23081,23081,23081,2,0
2025-01-09 15:18:05.001,23080,23080,23080,2,-2
2025-01-09 15:18:05.001,23080,23080,23080,2,0
2025-01-09 15:18:05.001,23080,23080,23080,12,0
2025-01-09 15:18:05.001,23080,23080,23080,2,0
2025-01-09 15:18:05.001,23079,23079,23079,2,-2
2025-01-09 15:18:05.001,23079,23079,23079,2,0
2025-01-09 15:18:05.001,23078,23078,23078,2,-2
2025-01-09 15:18:05.001,23078,23078,23078,2,0
2025-01-09 15:18:05.001,23080,23080,23080,8,8
2025-01-09 15:18:06.001,23080,23080,23080,2,0
2025-01-09 15:18:06.001,23080,23080,23080,2,0
2025-01-09 15:18:06.001,23082,23082,23082,10,10
2025-01-09 15:18:06.001,23082,23082,23082,2,0
2025-01-09 15:18:06.001,23080,23080,23080,2,-2
2025-01-09 15:18:06.001,23080,23080,23080,2,0
2025-01-09 15:18:07.001,23083,23083,23083,6,6
2025-01-09 15:18:07.001,23084,23084,23084,4,4
2025-01-09 15:18:07.001,23084,23084,23084,4,0
2025-01-09 15:18:07.001,23085,23085,23085,2,2
2025-01-09 15:18:07.001,23085,23085,23085,2,0
2025-01-09 15:18:08.001,23085,23085,23085,2,0
2025-01-09 15:18:08.001,23085,23085,23085,2,0
2025-01-09 15:18:08.001,23085,23085,23085,2,0
2025-01-09 15:18:09.001,23085,23085,23085,2,0
2025-01-09 15:18:11.001,23083,23083,23083,2,-2
2025-01-09 15:18:11.001,23083,23083,23083,2,0
2025-01-09 15:18:12.001,23082,23082,23082,2,-2
2025-01-09 15:18:13.001,23081,23081,23081,2,-2
2025-01-09 15:18:13.001,23081,23081,23081,2,0
2025-01-09 15:18:13.001,23081,23081,23081,2,0
2025-01-09 15:18:14.001,23081,23081,23081,2,0
2025-01-09 15:18:15.001,23083,23083,23083,2,2
2025-01-09 15:18:15.001,23086,23086,23086,2,2
2025-01-09 15:18:16.001,23084,23084,23084,2,-2
2025-01-09 15:18:17.001,23085,23085,23085,2,2
2025-01-09 15:18:17.001,23085,23085,23085,2,0
2025-01-09 15:18:17.001,23085,23085,23085,2,0
2025-01-09 15:18:18.001,23083,23083,23083,2,-2
2025-01-09 15:18:19.001,23084,23084,23084,2,2
2025-01-09 15:18:20.001,23083,23083,23083,4,-4
2025-01-09 15:18:21.001,23083,23083,23083,2,0
2025-01-09 15:18:21.001,23081,23081,23081,2,-2
2025-01-09 15:18:22.001,23083,23083,23083,2,2
2025-01-09 15:18:22.001,23084,23084,23084,2,2
2025-01-09 15:18:22.001,23084,23084,23084,2,0
2025-01-09 15:18:22.001,23082,23082,23082,2,-2
2025-01-09 15:18:22.001,23082,23082,23082,2,0
2025-01-09 15:18:22.001,23082,23082,23082,2,0
2025-01-09 15:18:23.001,23082,23082,23082,2,0
2025-01-09 15:18:27.001,23085,23085,23085,2,2
2025-01-09 15:18:28.001,23086,23086,23086,2,2
2025-01-09 15:18:31.001,23083,23083,23083,2,-2
2025-01-09 15:18:31.001,23084,23084,23084,2,2
2025-01-09 15:18:31.001,23084,23084,23084,2,0
2025-01-09 15:18:40.001,23085,23085,23085,10,10
2025-01-09 15:18:41.001,23085,23085,23085,2,0
2025-01-09 15:18:41.001,23085,23085,23085,2,0
2025-01-09 15:18:43.001,23086,23086,23086,2,2
2025-01-09 15:18:45.001,23085,23085,23085,2,-2
2025-01-09 15:18:48.001,23085,23085,23085,6,0
2025-01-09 15:18:48.001,23086,23086,23086,2,2
2025-01-09 15:18:48.001,23085,23085,23085,2,-2
2025-01-09 15:18:48.001,23088,23088,23088,2,2
2025-01-09 15:18:53.001,23085,23085,23085,2,-2
2025-01-09 15:18:53.001,23085,23085,23085,2,0
2025-01-09 15:18:53.001,23084,23084,23084,4,-4
2025-01-09 15:18:53.001,23084,23084,23084,2,0
2025-01-09 15:18:53.001,23084,23084,23084,2,0
2025-01-09 15:18:53.001,23084,23084,23084,2,0
2025-01-09 15:18:53.001,23083,23083,23083,8,-8
2025-01-09 15:18:53.001,23083,23083,23083,2,0
2025-01-09 15:18:53.001,23083,23083,23083,2,0
2025-01-09 15:18:53.001,23082,23082,23082,2,-2
2025-01-09 15:19:00.001,23083,23083,23083,2,2
2025-01-09 15:19:00.001,23082,23082,23082,2,-2
2025-01-09 15:19:00.001,23082,23082,23082,2,0
2025-01-09 15:19:01.001,23084,23084,23084,2,2
2025-01-09 15:19:02.001,23082,23082,23082,2,-2
2025-01-09 15:19:02.001,23082,23082,23082,6,0
2025-01-09 15:19:02.001,23082,23082,23082,2,0
2025-01-09 15:19:02.001,23082,23082,23082,2,0
2025-01-09 15:19:02.001,23082,23082,23082,2,0
2025-01-09 15:19:04.001,23082,23082,23082,2,0
2025-01-09 15:19:04.001,23081,23081,23081,2,-2
2025-01-09 15:19:04.001,23080,23080,23080,2,-2
2025-01-09 15:19:05.001,23082,23082,23082,4,4
2025-01-09 15:19:06.001,23080,23080,23080,2,-2
2025-01-09 15:19:06.001,23080,23080,23080,2,0
2025-01-09 15:19:06.001,23080,23080,23080,2,0
2025-01-09 15:19:06.001,23080,23080,23080,2,0
2025-01-09 15:19:06.001,23080,23080,23080,2,0
2025-01-09 15:19:06.001,23080,23080,23080,2,0
2025-01-09 15:19:06.001,23080,23080,23080,2,0
2025-01-09 15:19:06.001,23080,23080,23080,2,0
2025-01-09 15:19:06.001,23078,23078,23078,2,-2
2025-01-09 15:19:07.001,23079,23079,23079,2,2
2025-01-09 15:19:07.001,23078,23078,23078,2,-2
2025-01-09 15:19:08.001,23078,23078,23078,2,0
2025-01-09 15:19:10.001,23078,23078,23078,2,0
2025-01-09 15:19:11.001,23078,23078,23078,2,0
2025-01-09 15:19:12.001,23077,23077,23077,2,-2
2025-01-09 15:19:12.001,23077,23077,23077,2,0
2025-01-09 15:19:12.001,23077,23077,23077,2,0
2025-01-09 15:19:12.001,23077,23077,23077,2,0
2025-01-09 15:19:12.001,23077,23077,23077,2,0
2025-01-09 15:19:12.001,23077,23077,23077,4,0
2025-01-09 15:19:12.001,23077,23077,23077,6,0
2025-01-09 15:19:13.001,23077,23077,23077,2,0
2025-01-09 15:19:13.001,23077,23077,23077,6,0
2025-01-09 15:19:14.001,23076,23076,23076,2,-2
2025-01-09 15:19:14.001,23078,23078,23078,2,2
2025-01-09 15:19:15.001,23078,23078,23078,10,0
2025-01-09 15:19:15.001,23079,23079,23079,2,2
2025-01-09 15:19:15.001,23079,23079,23079,2,0
2025-01-09 15:19:15.001,23080,23080,23080,2,2
2025-01-09 15:19:18.001,23080,23080,23080,2,0
2025-01-09 15:19:23.001,23079,23079,23079,2,-2
2025-01-09 15:19:23.001,23080,23080,23080,2,2
2025-01-09 15:19:29.001,23078,23078,23078,2,-2
2025-01-09 15:19:30.001,23077,23077,23077,2,-2
2025-01-09 15:19:30.001,23076,23076,23076,2,-2
2025-01-09 15:19:31.001,23077,23077,23077,2,2
2025-01-09 15:19:31.001,23076,23076,23076,2,-2
2025-01-09 15:19:32.001,23077,23077,23077,2,2
2025-01-09 15:19:32.001,23076,23076,23076,2,-2
2025-01-09 15:19:34.001,23076,23076,23076,2,0
2025-01-09 15:19:35.001,23079,23079,23079,2,2
2025-01-09 15:19:35.001,23079,23079,23079,2,0
2025-01-09 15:19:35.001,23078,23078,23078,2,-2
2025-01-09 15:19:39.001,23080,23080,23080,10,10
2025-01-09 15:19:40.001,23080,23080,23080,2,0
2025-01-09 15:19:42.001,23078,23078,23078,2,-2
2025-01-09 15:19:42.001,23078,23078,23078,2,0
2025-01-09 15:19:42.001,23078,23078,23078,2,0
2025-01-09 15:19:42.001,23078,23078,23078,2,0
2025-01-09 15:19:42.001,23078,23078,23078,2,0
2025-01-09 15:19:42.001,23078,23078,23078,4,0
2025-01-09 15:19:43.001,23080,23080,23080,2,2
2025-01-09 15:19:49.001,23080,23080,23080,6,0
2025-01-09 15:19:49.001,23080,23080,23080,4,0
2025-01-09 15:19:55.001,23079,23079,23079,2,-2
2025-01-09 15:19:55.001,23077,23077,23077,2,-2
2025-01-09 15:19:58.001,23079,23079,23079,2,2
2025-01-09 15:19:59.001,23079,23079,23079,2,0
2025-01-09 15:20:00.001,23077,23077,23077,2,-2
2025-01-09 15:20:01.001,23077,23077,23077,2,0
2025-01-09 15:20:02.001,23078,23078,23078,2,2
2025-01-09 15:20:03.001,23078,23078,23078,2,0
2025-01-09 15:20:03.001,23076,23076,23076,6,-6
2025-01-09 15:20:04.001,23076,23076,23076,6,0
2025-01-09 15:20:04.001,23076,23076,23076,2,0
2025-01-09 15:20:04.001,23076,23076,23076,2,0
2025-01-09 15:20:05.001,23074,23074,23074,2,-2
2025-01-09 15:20:05.001,23073,23073,23073,2,-2
2025-01-09 15:20:05.001,23073,23073,23073,2,0
2025-01-09 15:20:06.001,23073,23073,23073,2,0
2025-01-09 15:20:06.001,23073,23073,23073,2,0
2025-01-09 15:20:07.001,23072,23072,23072,2,-2
2025-01-09 15:20:07.001,23072,23072,23072,2,0
2025-01-09 15:20:07.001,23072,23072,23072,2,0
2025-01-09 15:20:07.001,23071,23071,23071,4,-4
2025-01-09 15:20:07.001,23071,23071,23071,2,0
2025-01-09 15:20:07.001,23071,23071,23071,2,0
2025-01-09 15:20:07.001,23071,23071,23071,2,0
2025-01-09 15:20:07.001,23072,23072,23072,2,2
2025-01-09 15:20:08.001,23070,23070,23070,10,-10
2025-01-09 15:20:08.001,23070,23070,23070,2,0
2025-01-09 15:20:08.001,23071,23071,23071,2,2
2025-01-09 15:20:09.001,23069,23069,23069,2,-2
2025-01-09 15:20:09.001,23071,23071,23071,4,4
2025-01-09 15:20:09.001,23069,23069,23069,2,-2
2025-01-09 15:20:09.001,23069,23069,23069,4,0
2025-01-09 15:20:09.001,23069,23069,23069,2,0
2025-01-09 15:20:09.001,23069,23069,23069,2,0
2025-01-09 15:20:09.001,23069,23069,23069,2,0
2025-01-09 15:20:09.001,23069,23069,23069,2,0
2025-01-09 15:20:09.001,23069,23069,23069,2,0
2025-01-09 15:20:09.001,23069,23069,23069,2,0
2025-01-09 15:20:09.001,23068,23068,23068,2,-2
2025-01-09 15:20:09.001,23068,23068,23068,2,0
2025-01-09 15:20:09.001,23068,23068,23068,4,0
2025-01-09 15:20:09.001,23067,23067,23067,2,-2
2025-01-09 15:20:09.001,23064,23064,23064,2,-2
2025-01-09 15:20:09.001,23064,23064,23064,2,0
2025-01-09 15:20:09.001,23063,23063,23063,2,-2
2025-01-09 15:20:09.001,23064,23064,23064,2,2
2025-01-09 15:20:09.001,23064,23064,23064,2,0
2025-01-09 15:20:09.001,23064,23064,23064,2,0
2025-01-09 15:20:09.001,23063,23063,23063,2,-2
2025-01-09 15:20:09.001,23063,23063,23063,2,0
2025-01-09 15:20:09.001,23062,23062,23062,2,-2
2025-01-09 15:20:09.001,23063,23063,23063,2,2
2025-01-09 15:20:09.001,23063,23063,23063,2,0
2025-01-09 15:20:09.001,23063,23063,23063,2,0
2025-01-09 15:20:09.001,23063,23063,23063,2,0
2025-01-09 15:20:09.001,23064,23064,23064,2,2
2025-01-09 15:20:09.001,23064,23064,23064,12,0
2025-01-09 15:20:09.001,23065,23065,23065,2,2
2025-01-09 15:20:09.001,23066,23066,23066,4,4
2025-01-09 15:20:09.001,23067,23067,23067,6,6
2025-01-09 15:20:09.001,23068,23068,23068,6,6
2025-01-09 15:20:09.001,23066,23066,23066,2,-2
2025-01-09 15:20:09.001,23066,23066,23066,2,0
2025-01-09 15:20:09.001,23066,23066,23066,2,0
2025-01-09 15:20:09.001,23065,23065,23065,2,-2
2025-01-09 15:20:09.001,23065,23065,23065,2,0
2025-01-09 15:20:09.001,23065,23065,23065,2,0
2025-01-09 15:20:09.001,23065,23065,23065,2,0
2025-01-09 15:20:10.001,23068,23068,23068,2,2
2025-01-09 15:20:10.001,23070,23070,23070,2,2
2025-01-09 15:20:11.001,23068,23068,23068,2,-2
2025-01-09 15:20:12.001,23069,23069,23069,2,2
2025-01-09 15:20:13.001,23069,23069,23069,2,0
2025-01-09 15:20:13.001,23068,23068,23068,2,-2
2025-01-09 15:20:13.001,23068,23068,23068,2,0
2025-01-09 15:20:13.001,23070,23070,23070,4,4
2025-01-09 15:20:13.001,23070,23070,23070,2,0
2025-01-09 15:20:15.001,23070,23070,23070,2,0
2025-01-09 15:20:16.001,23069,23069,23069,2,-2
2025-01-09 15:20:16.001,23070,23070,23070,2,2
2025-01-09 15:20:17.001,23069,23069,23069,10,-10
2025-01-09 15:20:18.001,23069,23069,23069,2,0
2025-01-09 15:20:18.001,23069,23069,23069,2,0
2025-01-09 15:20:18.001,23068,23068,23068,2,-2
2025-01-09 15:20:18.001,23067,23067,23067,2,-2
2025-01-09 15:20:19.001,23068,23068,23068,2,2
2025-01-09 15:20:19.001,23069,23069,23069,2,2
2025-01-09 15:20:19.001,23067,23067,23067,2,-2
2025-01-09 15:20:21.001,23067,23067,23067,2,0
2025-01-09 15:20:21.001,23068,23068,23068,2,2
2025-01-09 15:20:21.001,23066,23066,23066,2,-2
2025-01-09 15:20:21.001,23066,23066,23066,2,0
2025-01-09 15:20:22.001,23065,23065,23065,2,-2
2025-01-09 15:20:23.001,23066,23066,23066,2,2
2025-01-09 15:20:23.001,23067,23067,23067,2,2
2025-01-09 15:20:24.001,23069,23069,23069,2,2
2025-01-09 15:20:24.001,23067,23067,23067,2,-2
2025-01-09 15:20:24.001,23067,23067,23067,2,0
2025-01-09 15:20:24.001,23067,23067,23067,2,0
2025-01-09 15:20:25.001,23069,23069,23069,4,4
2025-01-09 15:20:26.001,23066,23066,23066,2,-2
2025-01-09 15:20:26.001,23066,23066,23066,2,0
2025-01-09 15:20:26.001,23066,23066,23066,2,0
2025-01-09 15:20:26.001,23066,23066,23066,2,0
2025-01-09 15:20:26.001,23065,23065,23065,2,-2
2025-01-09 15:20:26.001,23068,23068,23068,2,2
2025-01-09 15:20:26.001,23068,23068,23068,2,0
2025-01-09 15:20:27.001,23066,23066,23066,2,-2
2025-01-09 15:20:28.001,23069,23069,23069,2,2
2025-01-09 15:20:29.001,23067,23067,23067,2,-2
2025-01-09 15:20:30.001,23066,23066,23066,2,-2
2025-01-09 15:20:30.001,23066,23066,23066,2,0
2025-01-09 15:20:30.001,23066,23066,23066,2,0
2025-01-09 15:20:30.001,23066,23066,23066,2,0
2025-01-09 15:20:30.001,23065,23065,23065,2,-2
2025-01-09 15:20:30.001,23065,23065,23065,2,0
2025-01-09 15:20:30.001,23065,23065,23065,6,0
2025-01-09 15:20:31.001,23067,23067,23067,2,2
2025-01-09 15:20:33.001,23063,23063,23063,2,-2
2025-01-09 15:20:33.001,23064,23064,23064,2,2
2025-01-09 15:20:33.001,23065,23065,23065,6,6
2025-01-09 15:20:34.001,23065,23065,23065,2,0
2025-01-09 15:20:35.001,23064,23064,23064,2,-2
2025-01-09 15:20:37.001,23065,23065,23065,2,2
2025-01-09 15:20:38.001,23064,23064,23064,2,-2
2025-01-09 15:20:38.001,23064,23064,23064,2,0
2025-01-09 15:20:38.001,23063,23063,23063,2,-2
2025-01-09 15:20:39.001,23065,23065,23065,2,2
2025-01-09 15:20:40.001,23065,23065,23065,2,0
2025-01-09 15:20:41.001,23065,23065,23065,4,0
2025-01-09 15:20:43.001,23067,23067,23067,8,8
2025-01-09 15:20:43.001,23067,23067,23067,2,0
2025-01-09 15:20:43.001,23067,23067,23067,2,0
2025-01-09 15:20:44.001,23067,23067,23067,2,0
2025-01-09 15:20:44.001,23067,23067,23067,2,0
2025-01-09 15:20:44.001,23067,23067,23067,2,0
2025-01-09 15:20:44.001,23067,23067,23067,2,0
2025-01-09 15:20:49.001,23068,23068,23068,2,2
2025-01-09 15:20:50.001,23067,23067,23067,2,-2
2025-01-09 15:20:50.001,23064,23064,23064,2,-2
2025-01-09 15:20:51.001,23064,23064,23064,2,0
2025-01-09 15:20:52.001,23063,23063,23063,2,-2
2025-01-09 15:20:53.001,23062,23062,23062,2,-2
2025-01-09 15:20:54.001,23062,23062,23062,2,0
2025-01-09 15:20:55.001,23063,23063,23063,2,2
2025-01-09 15:20:55.001,23063,23063,23063,2,0
2025-01-09 15:20:58.001,23062,23062,23062,2,-2
2025-01-09 15:20:58.001,23061,23061,23061,2,-2
2025-01-09 15:20:59.001,23061,23061,23061,2,0
2025-01-09 15:20:59.001,23061,23061,23061,2,0
2025-01-09 15:20:59.001,23061,23061,23061,2,0
2025-01-09 15:20:59.001,23060,23060,23060,2,-2
2025-01-09 15:20:59.001,23060,23060,23060,2,0
2025-01-09 15:20:59.001,23060,23060,23060,2,0
2025-01-09 15:20:59.001,23061,23061,23061,2,2
2025-01-09 15:20:59.001,23060,23060,23060,2,-2
2025-01-09 15:20:59.001,23060,23060,23060,2,0
2025-01-09 15:20:59.001,23062,23062,23062,2,2
2025-01-09 15:21:00.001,23062,23062,23062,4,0
2025-01-09 15:21:00.001,23060,23060,23060,2,-2
2025-01-09 15:21:00.001,23059,23059,23059,2,-2
2025-01-09 15:21:00.001,23060,23060,23060,2,2
2025-01-09 15:21:00.001,23059,23059,23059,2,-2
2025-01-09 15:21:00.001,23059,23059,23059,4,0
2025-01-09 15:21:00.001,23058,23058,23058,4,-4
2025-01-09 15:21:00.001,23058,23058,23058,2,0
2025-01-09 15:21:00.001,23060,23060,23060,2,2
2025-01-09 15:21:01.001,23058,23058,23058,4,-4
2025-01-09 15:21:01.001,23058,23058,23058,2,0
2025-01-09 15:21:01.001,23058,23058,23058,2,0
2025-01-09 15:21:01.001,23058,23058,23058,2,0
2025-01-09 15:21:01.001,23057,23057,23057,2,-2
2025-01-09 15:21:01.001,23058,23058,23058,2,2
2025-01-09 15:21:01.001,23057,23057,23057,4,-4
2025-01-09 15:21:01.001,23059,23059,23059,2,2
2025-01-09 15:21:02.001,23057,23057,23057,2,-2
2025-01-09 15:21:03.001,23060,23060,23060,2,2
2025-01-09 15:21:03.001,23060,23060,23060,2,0
2025-01-09 15:21:03.001,23062,23062,23062,2,2
2025-01-09 15:21:03.001,23059,23059,23059,2,-2
2025-01-09 15:21:03.001,23059,23059,23059,2,0
2025-01-09 15:21:04.001,23060,23060,23060,2,2
2025-01-09 15:21:05.001,23060,23060,23060,2,0
2025-01-09 15:21:05.001,23060,23060,23060,2,0
2025-01-09 15:21:05.001,23060,23060,23060,4,0
2025-01-09 15:21:05.001,23060,23060,23060,2,0
2025-01-09 15:21:06.001,23059,23059,23059,2,-2
2025-01-09 15:21:07.001,23058,23058,23058,2,-2
2025-01-09 15:21:07.001,23058,23058,23058,2,0
2025-01-09 15:21:08.001,23059,23059,23059,2,2
2025-01-09 15:21:09.001,23060,23060,23060,2,2
2025-01-09 15:21:11.001,23060,23060,23060,20,0
2025-01-09 15:21:11.001,23062,23062,23062,2,2
2025-01-09 15:21:11.001,23062,23062,23062,2,0
2025-01-09 15:21:11.001,23062,23062,23062,2,0
2025-01-09 15:21:11.001,23061,23061,23061,2,-2
2025-01-09 15:21:11.001,23061,23061,23061,2,0
2025-01-09 15:21:11.001,23061,23061,23061,2,0
2025-01-09 15:21:11.001,23063,23063,23063,2,2
2025-01-09 15:21:12.001,23061,23061,23061,2,-2
2025-01-09 15:21:12.001,23063,23063,23063,2,2
2025-01-09 15:21:13.001,23062,23062,23062,2,-2
2025-01-09 15:21:13.001,23063,23063,23063,6,6
2025-01-09 15:21:16.001,23062,23062,23062,2,-2
2025-01-09 15:21:17.001,23062,23062,23062,2,0
2025-01-09 15:21:18.001,23062,23062,23062,4,0
2025-01-09 15:21:19.001,23063,23063,23063,2,2
2025-01-09 15:21:19.001,23064,23064,23064,8,8
2025-01-09 15:21:22.001,23065,23065,23065,2,2
2025-01-09 15:21:22.001,23065,23065,23065,2,0
2025-01-09 15:21:25.001,23067,23067,23067,2,2
2025-01-09 15:21:26.001,23066,23066,23066,2,-2
2025-01-09 15:21:26.001,23066,23066,23066,2,0
2025-01-09 15:21:26.001,23068,23068,23068,2,2
2025-01-09 15:21:29.001,23065,23065,23065,2,-2
2025-01-09 15:21:29.001,23064,23064,23064,2,-2
2025-01-09 15:21:29.001,23064,23064,23064,2,0
2025-01-09 15:21:29.001,23064,23064,23064,2,0
2025-01-09 15:21:29.001,23064,23064,23064,2,0
2025-01-09 15:21:29.001,23064,23064,23064,2,0
2025-01-09 15:21:29.001,23064,23064,23064,2,0
2025-01-09 15:21:29.001,23064,23064,23064,2,0
2025-01-09 15:21:30.001,23064,23064,23064,2,0
2025-01-09 15:21:32.001,23063,23063,23063,2,-2
2025-01-09 15:21:32.001,23063,23063,23063,2,0
2025-01-09 15:21:32.001,23062,23062,23062,2,-2
2025-01-09 15:21:32.001,23061,23061,23061,2,-2
2025-01-09 15:21:32.001,23061,23061,23061,2,0
2025-01-09 15:21:32.001,23061,23061,23061,2,0
2025-01-09 15:21:35.001,23060,23060,23060,2,-2
2025-01-09 15:21:35.001,23059,23059,23059,2,-2
2025-01-09 15:21:37.001,23060,23060,23060,2,2
2025-01-09 15:21:38.001,23060,23060,23060,2,0
2025-01-09 15:21:40.001,23059,23059,23059,2,-2
2025-01-09 15:21:41.001,23058,23058,23058,6,-6
2025-01-09 15:21:41.001,23058,23058,23058,2,0
2025-01-09 15:21:41.001,23058,23058,23058,2,0
2025-01-09 15:21:41.001,23058,23058,23058,2,0
2025-01-09 15:21:41.001,23058,23058,23058,2,0
2025-01-09 15:21:42.001,23059,23059,23059,2,2
2025-01-09 15:21:45.001,23057,23057,23057,2,-2
2025-01-09 15:21:45.001,23057,23057,23057,2,0
2025-01-09 15:21:45.001,23057,23057,23057,2,0
2025-01-09 15:21:45.001,23057,23057,23057,4,0
2025-01-09 15:21:47.001,23056,23056,23056,2,-2
2025-01-09 15:21:47.001,23056,23056,23056,2,0
2025-01-09 15:21:48.001,23056,23056,23056,2,0
2025-01-09 15:21:49.001,23056,23056,23056,4,0
2025-01-09 15:21:50.001,23056,23056,23056,2,0
2025-01-09 15:21:50.001,23056,23056,23056,2,0
2025-01-09 15:21:50.001,23057,23057,23057,2,2
2025-01-09 15:21:51.001,23057,23057,23057,2,0
2025-01-09 15:21:51.001,23058,23058,23058,2,2
2025-01-09 15:21:51.001,23059,23059,23059,6,6
2025-01-09 15:21:52.001,23058,23058,23058,2,-2
2025-01-09 15:21:54.001,23058,23058,23058,2,0
2025-01-09 15:21:54.001,23060,23060,23060,6,6
2025-01-09 15:21:57.001,23060,23060,23060,2,0
2025-01-09 15:22:00.001,23058,23058,23058,2,-2
2025-01-09 15:22:00.001,23058,23058,23058,2,0
2025-01-09 15:22:00.001,23060,23060,23060,2,2
2025-01-09 15:22:00.001,23058,23058,23058,2,-2
2025-01-09 15:22:00.001,23060,23060,23060,2,2
2025-01-09 15:22:01.001,23058,23058,23058,2,-2
2025-01-09 15:22:02.001,23058,23058,23058,2,0
2025-01-09 15:22:02.001,23058,23058,23058,2,0
2025-01-09 15:22:03.001,23058,23058,23058,2,0
2025-01-09 15:22:03.001,23057,23057,23057,2,-2
2025-01-09 15:22:03.001,23057,23057,23057,2,0
2025-01-09 15:22:03.001,23056,23056,23056,2,-2
2025-01-09 15:22:03.001,23056,23056,23056,2,0
2025-01-09 15:22:03.001,23056,23056,23056,2,0
2025-01-09 15:22:03.001,23055,23055,23055,4,-4
2025-01-09 15:22:04.001,23057,23057,23057,2,2
2025-01-09 15:22:04.001,23055,23055,23055,2,-2
2025-01-09 15:22:04.001,23058,23058,23058,6,6
2025-01-09 15:22:04.001,23057,23057,23057,2,-2
2025-01-09 15:22:04.001,23056,23056,23056,2,-2
2025-01-09 15:22:04.001,23058,23058,23058,2,2
2025-01-09 15:22:05.001,23055,23055,23055,2,-2
2025-01-09 15:22:05.001,23055,23055,23055,2,0
2025-01-09 15:22:05.001,23058,23058,23058,2,2
2025-01-09 15:22:05.001,23055,23055,23055,2,-2
2025-01-09 15:22:07.001,23056,23056,23056,4,4
2025-01-09 15:22:09.001,23055,23055,23055,2,-2
2025-01-09 15:22:11.001,23056,23056,23056,2,2
2025-01-09 15:22:13.001,23055,23055,23055,2,-2
2025-01-09 15:22:14.001,23055,23055,23055,4,0
2025-01-09 15:22:14.001,23055,23055,23055,2,0
2025-01-09 15:22:14.001,23055,23055,23055,4,0
2025-01-09 15:22:14.001,23055,23055,23055,2,0
2025-01-09 15:22:14.001,23055,23055,23055,12,0
2025-01-09 15:22:14.001,23055,23055,23055,2,0
2025-01-09 15:22:14.001,23055,23055,23055,2,0
2025-01-09 15:22:16.001,23052,23052,23052,2,-2
2025-01-09 15:22:16.001,23052,23052,23052,4,0
2025-01-09 15:22:16.001,23053,23053,23053,2,2
2025-01-09 15:22:16.001,23052,23052,23052,4,-4
2025-01-09 15:22:16.001,23052,23052,23052,2,0
2025-01-09 15:22:16.001,23052,23052,23052,2,0
2025-01-09 15:22:16.001,23051,23051,23051,2,-2
2025-01-09 15:22:16.001,23054,23054,23054,6,6
2025-01-09 15:22:16.001,23052,23052,23052,2,-2
2025-01-09 15:22:16.001,23051,23051,23051,2,-2
2025-01-09 15:22:17.001,23051,23051,23051,2,0
2025-01-09 15:22:17.001,23051,23051,23051,2,0
2025-01-09 15:22:17.001,23051,23051,23051,2,0
2025-01-09 15:22:17.001,23051,23051,23051,2,0
2025-01-09 15:22:17.001,23051,23051,23051,2,0
2025-01-09 15:22:18.001,23051,23051,23051,2,0
2025-01-09 15:22:18.001,23051,23051,23051,2,0
2025-01-09 15:22:18.001,23051,23051,23051,2,0
2025-01-09 15:22:20.001,23050,23050,23050,2,-2
2025-01-09 15:22:20.001,23050,23050,23050,2,0
2025-01-09 15:22:20.001,23050,23050,23050,2,0
2025-01-09 15:22:20.001,23050,23050,23050,2,0
2025-01-09 15:22:20.001,23050,23050,23050,2,0
2025-01-09 15:22:20.001,23050,23050,23050,2,0
2025-01-09 15:22:20.001,23050,23050,23050,2,0
2025-01-09 15:22:20.001,23050,23050,23050,2,0
2025-01-09 15:22:20.001,23050,23050,23050,2,0
2025-01-09 15:22:20.001,23051,23051,23051,2,2
2025-01-09 15:22:20.001,23050,23050,23050,2,-2
2025-01-09 15:22:21.001,23051,23051,23051,2,2
2025-01-09 15:22:21.001,23051,23051,23051,2,0
2025-01-09 15:22:23.001,23052,23052,23052,2,2
2025-01-09 15:22:23.001,23051,23051,23051,2,-2
2025-01-09 15:22:23.001,23051,23051,23051,2,0
2025-01-09 15:22:24.001,23051,23051,23051,2,0
2025-01-09 15:22:24.001,23051,23051,23051,2,0
2025-01-09 15:22:24.001,23050,23050,23050,2,-2
2025-01-09 15:22:24.001,23051,23051,23051,2,2
2025-01-09 15:22:25.001,23050,23050,23050,2,-2
2025-01-09 15:22:26.001,23053,23053,23053,2,2
2025-01-09 15:22:26.001,23051,23051,23051,2,-2
2025-01-09 15:22:28.001,23051,23051,23051,2,0
2025-01-09 15:22:28.001,23051,23051,23051,2,0
2025-01-09 15:22:28.001,23051,23051,23051,2,0
2025-01-09 15:22:28.001,23051,23051,23051,2,0
2025-01-09 15:22:28.001,23051,23051,23051,2,0
2025-01-09 15:22:29.001,23050,23050,23050,4,-4
2025-01-09 15:22:29.001,23052,23052,23052,2,2
2025-01-09 15:22:30.001,23051,23051,23051,2,-2
2025-01-09 15:22:30.001,23050,23050,23050,2,-2
2025-01-09 15:22:30.001,23050,23050,23050,4,0
2025-01-09 15:22:30.001,23050,23050,23050,2,0
2025-01-09 15:22:30.001,23050,23050,23050,4,0
2025-01-09 15:22:30.001,23050,23050,23050,2,0
2025-01-09 15:22:30.001,23050,23050,23050,6,0
2025-01-09 15:22:31.001,23054,23054,23054,2,2
2025-01-09 15:22:31.001,23054,23054,23054,4,0
2025-01-09 15:22:32.001,23052,23052,23052,2,-2
2025-01-09 15:22:32.001,23052,23052,23052,2,0
2025-01-09 15:22:32.001,23054,23054,23054,2,2
2025-01-09 15:22:32.001,23052,23052,23052,2,-2
2025-01-09 15:22:33.001,23053,23053,23053,2,2
2025-01-09 15:22:33.001,23052,23052,23052,2,-2
2025-01-09 15:22:38.001,23052,23052,23052,2,0
2025-01-09 15:22:39.001,23052,23052,23052,2,0
2025-01-09 15:22:39.001,23052,23052,23052,18,0
2025-01-09 15:22:39.001,23051,23051,23051,2,-2
2025-01-09 15:22:39.001,23051,23051,23051,2,0
2025-01-09 15:22:39.001,23051,23051,23051,2,0
2025-01-09 15:22:39.001,23051,23051,23051,2,0
2025-01-09 15:22:40.001,23051,23051,23051,2,0
2025-01-09 15:22:40.001,23050,23050,23050,2,-2
2025-01-09 15:22:41.001,23051,23051,23051,2,2
2025-01-09 15:22:41.001,23052,23052,23052,2,2
2025-01-09 15:22:42.001,23051,23051,23051,2,-2
2025-01-09 15:22:42.001,23051,23051,23051,2,0
2025-01-09 15:22:47.001,23053,23053,23053,8,8
2025-01-09 15:22:48.001,23054,23054,23054,4,4
2025-01-09 15:22:48.001,23056,23056,23056,2,2
2025-01-09 15:22:48.001,23056,23056,23056,4,0
2025-01-09 15:22:49.001,23054,23054,23054,2,-2
2025-01-09 15:22:49.001,23054,23054,23054,2,0
2025-01-09 15:22:49.001,23054,23054,23054,2,0
2025-01-09 15:22:49.001,23053,23053,23053,2,-2
2025-01-09 15:22:49.001,23053,23053,23053,2,0
2025-01-09 15:22:49.001,23053,23053,23053,2,0
2025-01-09 15:22:49.001,23053,23053,23053,2,0
2025-01-09 15:22:49.001,23053,23053,23053,2,0
2025-01-09 15:22:49.001,23052,23052,23052,2,-2
2025-01-09 15:22:49.001,23052,23052,23052,2,0
2025-01-09 15:22:49.001,23052,23052,23052,2,0
2025-01-09 15:22:49.001,23052,23052,23052,2,0
2025-01-09 15:22:49.001,23052,23052,23052,2,0
2025-01-09 15:22:49.001,23052,23052,23052,2,0
2025-01-09 15:22:51.001,23054,23054,23054,2,2
2025-01-09 15:22:54.001,23052,23052,23052,2,-2
2025-01-09 15:22:54.001,23052,23052,23052,2,0
2025-01-09 15:22:55.001,23054,23054,23054,2,2
2025-01-09 15:22:55.001,23052,23052,23052,2,-2
2025-01-09 15:22:55.001,23051,23051,23051,2,-2
2025-01-09 15:22:55.001,23051,23051,23051,2,0
2025-01-09 15:22:55.001,23051,23051,23051,2,0
2025-01-09 15:22:55.001,23051,23051,23051,2,0
2025-01-09 15:22:57.001,23054,23054,23054,2,2
2025-01-09 15:22:57.001,23054,23054,23054,2,0
2025-01-09 15:22:57.001,23054,23054,23054,4,0
2025-01-09 15:23:02.001,23055,23055,23055,2,2
2025-01-09 15:23:02.001,23056,23056,23056,2,2
2025-01-09 15:23:03.001,23054,23054,23054,2,-2
2025-01-09 15:23:03.001,23054,23054,23054,2,0
2025-01-09 15:23:03.001,23054,23054,23054,2,0
2025-01-09 15:23:03.001,23053,23053,23053,2,-2
2025-01-09 15:23:03.001,23053,23053,23053,2,0
2025-01-09 15:23:03.001,23053,23053,23053,2,0
2025-01-09 15:23:03.001,23053,23053,23053,2,0
2025-01-09 15:23:03.001,23052,23052,23052,2,-2
2025-01-09 15:23:03.001,23052,23052,23052,2,0
2025-01-09 15:23:03.001,23052,23052,23052,2,0
2025-01-09 15:23:03.001,23052,23052,23052,2,0
2025-01-09 15:23:03.001,23052,23052,23052,2,0
2025-01-09 15:23:03.001,23052,23052,23052,2,0
2025-01-09 15:23:03.001,23052,23052,23052,2,0
2025-01-09 15:23:03.001,23054,23054,23054,2,2
2025-01-09 15:23:03.001,23054,23054,23054,2,0
2025-01-09 15:23:07.001,23052,23052,23052,2,-2
2025-01-09 15:23:14.001,23057,23057,23057,6,6
2025-01-09 15:23:14.001,23056,23056,23056,2,-2
2025-01-09 15:23:16.001,23058,23058,23058,2,2
2025-01-09 15:23:17.001,23056,23056,23056,2,-2
2025-01-09 15:23:17.001,23055,23055,23055,10,-10
2025-01-09 15:23:18.001,23054,23054,23054,4,-4
2025-01-09 15:23:19.001,23053,23053,23053,4,-4
2025-01-09 15:23:19.001,23052,23052,23052,4,-4
2025-01-09 15:23:19.001,23052,23052,23052,2,0
2025-01-09 15:23:19.001,23051,23051,23051,2,-2
2025-01-09 15:23:19.001,23050,23050,23050,2,-2
2025-01-09 15:23:20.001,23050,23050,23050,2,0
2025-01-09 15:23:20.001,23050,23050,23050,2,0
2025-01-09 15:23:21.001,23051,23051,23051,2,2
2025-01-09 15:23:21.001,23053,23053,23053,2,2
2025-01-09 15:23:21.001,23054,23054,23054,2,2
2025-01-09 15:23:21.001,23051,23051,23051,2,-2
2025-01-09 15:23:21.001,23053,23053,23053,2,2
2025-01-09 15:23:22.001,23052,23052,23052,2,-2
2025-01-09 15:23:27.001,23054,23054,23054,4,4
2025-01-09 15:23:27.001,23054,23054,23054,2,0
2025-01-09 15:23:27.001,23055,23055,23055,2,2
2025-01-09 15:23:30.001,23056,23056,23056,2,2
2025-01-09 15:23:30.001,23057,23057,23057,2,2
2025-01-09 15:23:35.001,23053,23053,23053,2,-2
2025-01-09 15:23:37.001,23053,23053,23053,4,0
2025-01-09 15:23:40.001,23055,23055,23055,2,2
2025-01-09 15:23:42.001,23054,23054,23054,2,-2
2025-01-09 15:23:47.001,23054,23054,23054,2,0
2025-01-09 15:23:48.001,23054,23054,23054,2,0
2025-01-09 15:23:48.001,23053,23053,23053,2,-2
2025-01-09 15:23:48.001,23053,23053,23053,2,0
2025-01-09 15:23:51.001,23053,23053,23053,2,0
2025-01-09 15:23:51.001,23053,23053,23053,2,0
2025-01-09 15:23:53.001,23052,23052,23052,2,-2
2025-01-09 15:23:57.001,23051,23051,23051,2,-2
2025-01-09 15:23:58.001,23051,23051,23051,10,0
2025-01-09 15:23:58.001,23050,23050,23050,4,-4
2025-01-09 15:23:58.001,23050,23050,23050,2,0
2025-01-09 15:23:58.001,23050,23050,23050,4,0
2025-01-09 15:23:58.001,23050,23050,23050,2,0
2025-01-09 15:23:58.001,23050,23050,23050,2,0
2025-01-09 15:23:58.001,23050,23050,23050,6,0
2025-01-09 15:23:58.001,23050,23050,23050,2,0
2025-01-09 15:23:58.001,23050,23050,23050,2,0
2025-01-09 15:23:58.001,23050,23050,23050,2,0
2025-01-09 15:23:58.001,23050,23050,23050,2,0
2025-01-09 15:23:58.001,23050,23050,23050,2,0
2025-01-09 15:23:58.001,23049,23049,23049,2,-2
2025-01-09 15:23:58.001,23049,23049,23049,2,0
2025-01-09 15:23:58.001,23049,23049,23049,2,0
2025-01-09 15:23:58.001,23050,23050,23050,2,2
2025-01-09 15:24:00.001,23049,23049,23049,2,-2
2025-01-09 15:24:00.001,23050,23050,23050,2,2
2025-01-09 15:24:00.001,23051,23051,23051,2,2
2025-01-09 15:24:00.001,23050,23050,23050,2,-2
2025-01-09 15:24:00.001,23050,23050,23050,2,0
2025-01-09 15:24:00.001,23052,23052,23052,2,2
2025-01-09 15:24:00.001,23052,23052,23052,2,0
2025-01-09 15:24:00.001,23050,23050,23050,2,-2
2025-01-09 15:24:02.001,23050,23050,23050,2,0
2025-01-09 15:24:03.001,23051,23051,23051,2,2
2025-01-09 15:24:03.001,23050,23050,23050,2,-2
2025-01-09 15:24:03.001,23050,23050,23050,2,0
2025-01-09 15:24:05.001,23053,23053,23053,2,2
2025-01-09 15:24:06.001,23054,23054,23054,2,2
2025-01-09 15:24:08.001,23053,23053,23053,2,-2
2025-01-09 15:24:17.001,23054,23054,23054,2,2
2025-01-09 15:24:20.001,23055,23055,23055,2,2
2025-01-09 15:24:22.001,23055,23055,23055,2,0
2025-01-09 15:24:23.001,23056,23056,23056,2,2
2025-01-09 15:24:25.001,23056,23056,23056,8,0
2025-01-09 15:24:26.001,23057,23057,23057,4,4
2025-01-09 15:24:35.001,23057,23057,23057,2,0
2025-01-09 15:24:37.001,23058,23058,23058,2,2
2025-01-09 15:24:39.001,23059,23059,23059,6,6
2025-01-09 15:24:40.001,23059,23059,23059,2,0
2025-01-09 15:24:40.001,23059,23059,23059,2,0
2025-01-09 15:24:40.001,23058,23058,23058,2,-2
2025-01-09 15:24:41.001,23059,23059,23059,2,2
2025-01-09 15:24:42.001,23060,23060,23060,4,4
2025-01-09 15:24:43.001,23060,23060,23060,2,0
2025-01-09 15:24:43.001,23059,23059,23059,4,-4
2025-01-09 15:24:43.001,23060,23060,23060,4,4
2025-01-09 15:24:43.001,23058,23058,23058,2,-2
2025-01-09 15:24:43.001,23058,23058,23058,2,0
2025-01-09 15:24:43.001,23058,23058,23058,2,0
2025-01-09 15:24:44.001,23060,23060,23060,4,4
2025-01-09 15:24:44.001,23060,23060,23060,4,0
2025-01-09 15:24:45.001,23060,23060,23060,4,0
2025-01-09 15:24:45.001,23060,23060,23060,4,0
2025-01-09 15:24:46.001,23061,23061,23061,2,2
2025-01-09 15:24:46.001,23061,23061,23061,2,0
2025-01-09 15:24:47.001,23060,23060,23060,2,-2
2025-01-09 15:24:53.001,23060,23060,23060,2,0
2025-01-09 15:24:55.001,23062,23062,23062,2,2
2025-01-09 15:24:55.001,23062,23062,23062,2,0
2025-01-09 15:24:58.001,23063,23063,23063,4,4
2025-01-09 15:25:00.001,23060,23060,23060,2,-2
2025-01-09 15:25:00.001,23060,23060,23060,2,0
2025-01-09 15:25:00.001,23060,23060,23060,2,0
2025-01-09 15:25:00.001,23060,23060,23060,2,0
2025-01-09 15:25:00.001,23060,23060,23060,10,0
2025-01-09 15:25:00.001,23060,23060,23060,2,0
2025-01-09 15:25:00.001,23060,23060,23060,4,0
2025-01-09 15:25:00.001,23059,23059,23059,2,-2
2025-01-09 15:25:00.001,23060,23060,23060,2,2
2025-01-09 15:25:00.001,23061,23061,23061,2,2
2025-01-09 15:25:01.001,23060,23060,23060,2,-2
2025-01-09 15:25:04.001,23059,23059,23059,2,-2
2025-01-09 15:25:08.001,23059,23059,23059,2,0
2025-01-09 15:25:12.001,23060,23060,23060,2,2
2025-01-09 15:25:12.001,23059,23059,23059,2,-2
2025-01-09 15:25:14.001,23057,23057,23057,2,-2
2025-01-09 15:25:14.001,23057,23057,23057,2,0
2025-01-09 15:25:14.001,23057,23057,23057,2,0
2025-01-09 15:25:14.001,23056,23056,23056,2,-2
2025-01-09 15:25:16.001,23055,23055,23055,2,-2
2025-01-09 15:25:16.001,23055,23055,23055,2,0
2025-01-09 15:25:16.001,23055,23055,23055,2,0
2025-01-09 15:25:16.001,23054,23054,23054,2,-2
2025-01-09 15:25:16.001,23054,23054,23054,2,0
2025-01-09 15:25:16.001,23054,23054,23054,2,0
2025-01-09 15:25:17.001,23054,23054,23054,2,0
2025-01-09 15:25:22.001,23054,23054,23054,2,0
2025-01-09 15:25:22.001,23054,23054,23054,2,0
2025-01-09 15:25:23.001,23054,23054,23054,2,0
2025-01-09 15:25:24.001,23054,23054,23054,2,0
2025-01-09 15:25:27.001,23054,23054,23054,2,0
2025-01-09 15:25:32.001,23053,23053,23053,2,-2
2025-01-09 15:25:32.001,23053,23053,23053,2,0
2025-01-09 15:25:32.001,23053,23053,23053,4,0
2025-01-09 15:25:40.001,23054,23054,23054,2,2
2025-01-09 15:25:45.001,23055,23055,23055,4,4
2025-01-09 15:25:45.001,23055,23055,23055,2,0
2025-01-09 15:25:50.001,23053,23053,23053,2,-2
2025-01-09 15:25:51.001,23053,23053,23053,2,0
2025-01-09 15:25:51.001,23052,23052,23052,2,-2
2025-01-09 15:25:52.001,23051,23051,23051,2,-2
2025-01-09 15:25:52.001,23051,23051,23051,2,0
2025-01-09 15:25:52.001,23051,23051,23051,4,0
2025-01-09 15:25:52.001,23051,23051,23051,2,0
2025-01-09 15:25:53.001,23052,23052,23052,2,2
2025-01-09 15:25:54.001,23052,23052,23052,2,0
2025-01-09 15:25:55.001,23050,23050,23050,2,-2
2025-01-09 15:25:55.001,23050,23050,23050,2,0
2025-01-09 15:25:56.001,23052,23052,23052,4,4
2025-01-09 15:25:59.001,23050,23050,23050,2,-2
2025-01-09 15:26:01.001,23051,23051,23051,2,2
2025-01-09 15:26:07.001,23051,23051,23051,2,0
2025-01-09 15:26:07.001,23052,23052,23052,4,4
2025-01-09 15:26:08.001,23053,23053,23053,2,2
2025-01-09 15:26:09.001,23054,23054,23054,2,2
2025-01-09 15:26:22.001,23053,23053,23053,2,-2
2025-01-09 15:26:23.001,23053,23053,23053,2,0
2025-01-09 15:26:23.001,23054,23054,23054,2,2
2025-01-09 15:26:23.001,23054,23054,23054,2,0
2025-01-09 15:26:28.001,23055,23055,23055,2,2
2025-01-09 15:26:28.001,23055,23055,23055,2,0
2025-01-09 15:26:29.001,23054,23054,23054,2,-2
2025-01-09 15:26:32.001,23054,23054,23054,2,0
2025-01-09 15:26:40.001,23054,23054,23054,2,0
2025-01-09 15:26:40.001,23054,23054,23054,2,0
2025-01-09 15:26:40.001,23054,23054,23054,2,0
2025-01-09 15:26:40.001,23054,23054,23054,2,0
2025-01-09 15:26:41.001,23054,23054,23054,2,0
2025-01-09 15:26:41.001,23054,23054,23054,4,0
2025-01-09 15:26:41.001,23054,23054,23054,2,0
2025-01-09 15:26:50.001,23055,23055,23055,6,6
2025-01-09 15:26:53.001,23054,23054,23054,2,-2
2025-01-09 15:26:53.001,23053,23053,23053,6,-6
2025-01-09 15:26:53.001,23053,23053,23053,2,0
2025-01-09 15:26:53.001,23053,23053,23053,2,0
2025-01-09 15:26:53.001,23052,23052,23052,2,-2
2025-01-09 15:26:53.001,23053,23053,23053,2,2
2025-01-09 15:26:54.001,23052,23052,23052,2,-2
2025-01-09 15:26:54.001,23054,23054,23054,2,2
2025-01-09 15:26:58.001,23052,23052,23052,2,-2
2025-01-09 15:26:58.001,23052,23052,23052,2,0
2025-01-09 15:26:58.001,23052,23052,23052,2,0
2025-01-09 15:27:10.001,23057,23057,23057,8,8
2025-01-09 15:27:10.001,23055,23055,23055,2,-2
2025-01-09 15:27:11.001,23055,23055,23055,4,0
2025-01-09 15:27:14.001,23056,23056,23056,4,4
2025-01-09 15:27:21.001,23056,23056,23056,2,0
2025-01-09 15:27:21.001,23056,23056,23056,4,0
2025-01-09 15:27:21.001,23055,23055,23055,2,-2
2025-01-09 15:27:21.001,23055,23055,23055,2,0
2025-01-09 15:27:21.001,23055,23055,23055,2,0
2025-01-09 15:27:25.001,23055,23055,23055,4,0
2025-01-09 15:27:27.001,23054,23054,23054,2,-2
2025-01-09 15:27:30.001,23054,23054,23054,2,0
2025-01-09 15:27:31.001,23055,23055,23055,2,2
2025-01-09 15:27:33.001,23055,23055,23055,2,0
2025-01-09 15:27:36.001,23055,23055,23055,2,0
2025-01-09 15:27:38.001,23054,23054,23054,2,-2
2025-01-09 15:27:47.001,23055,23055,23055,2,2
2025-01-09 15:27:48.001,23054,23054,23054,2,-2
2025-01-09 15:27:49.001,23055,23055,23055,2,2
2025-01-09 15:27:49.001,23053,23053,23053,2,-2
2025-01-09 15:27:52.001,23054,23054,23054,2,2
2025-01-09 15:27:54.001,23052,23052,23052,2,-2
2025-01-09 15:27:54.001,23052,23052,23052,2,0
2025-01-09 15:27:55.001,23053,23053,23053,2,2
2025-01-09 15:27:55.001,23053,23053,23053,8,0
2025-01-09 15:27:57.001,23051,23051,23051,2,-2
2025-01-09 15:27:59.001,23053,23053,23053,2,2
2025-01-09 15:27:59.001,23051,23051,23051,2,-2
2025-01-09 15:28:02.001,23052,23052,23052,2,2
2025-01-09 15:28:03.001,23051,23051,23051,2,-2
2025-01-09 15:28:03.001,23051,23051,23051,2,0
2025-01-09 15:28:03.001,23050,23050,23050,2,-2
2025-01-09 15:28:03.001,23050,23050,23050,2,0
2025-01-09 15:28:03.001,23050,23050,23050,2,0
2025-01-09 15:28:03.001,23050,23050,23050,2,0
2025-01-09 15:28:03.001,23050,23050,23050,2,0
2025-01-09 15:28:03.001,23049,23049,23049,2,-2
2025-01-09 15:28:03.001,23048,23048,23048,2,-2
2025-01-09 15:28:03.001,23048,23048,23048,2,0
2025-01-09 15:28:06.001,23050,23050,23050,4,4
2025-01-09 15:28:11.001,23050,23050,23050,4,0
2025-01-09 15:28:12.001,23050,23050,23050,2,0
2025-01-09 15:28:13.001,23050,23050,23050,2,0
2025-01-09 15:28:17.001,23050,23050,23050,2,0
2025-01-09 15:28:17.001,23050,23050,23050,2,0
2025-01-09 15:28:17.001,23050,23050,23050,2,0
2025-01-09 15:28:17.001,23050,23050,23050,2,0
2025-01-09 15:28:17.001,23050,23050,23050,2,0
2025-01-09 15:28:19.001,23050,23050,23050,6,0
2025-01-09 15:28:19.001,23050,23050,23050,4,0
2025-01-09 15:28:19.001,23050,23050,23050,2,0
2025-01-09 15:28:19.001,23048,23048,23048,2,-2
2025-01-09 15:28:21.001,23050,23050,23050,4,4
2025-01-09 15:28:28.001,23050,23050,23050,6,0
2025-01-09 15:28:28.001,23050,23050,23050,2,0
2025-01-09 15:28:35.001,23050,23050,23050,2,0
2025-01-09 15:28:37.001,23048,23048,23048,2,-2
2025-01-09 15:28:37.001,23049,23049,23049,2,2
2025-01-09 15:28:40.001,23049,23049,23049,2,0
2025-01-09 15:28:41.001,23048,23048,23048,2,-2
2025-01-09 15:28:41.001,23048,23048,23048,2,0
2025-01-09 15:28:41.001,23048,23048,23048,2,0
2025-01-09 15:28:41.001,23047,23047,23047,2,-2
2025-01-09 15:28:41.001,23047,23047,23047,20,0
2025-01-09 15:28:41.001,23047,23047,23047,4,0
2025-01-09 15:28:41.001,23046,23046,23046,2,-2
2025-01-09 15:28:41.001,23046,23046,23046,2,0
2025-01-09 15:28:41.001,23046,23046,23046,14,0
2025-01-09 15:28:41.001,23045,23045,23045,2,-2
2025-01-09 15:28:41.001,23044,23044,23044,2,-2
2025-01-09 15:28:41.001,23044,23044,23044,2,0
2025-01-09 15:28:41.001,23044,23044,23044,2,0
2025-01-09 15:28:41.001,23043,23043,23043,2,-2
2025-01-09 15:28:41.001,23043,23043,23043,2,0
2025-01-09 15:28:42.001,23043,23043,23043,2,0
2025-01-09 15:28:42.001,23046,23046,23046,2,2
2025-01-09 15:28:42.001,23044,23044,23044,2,-2
2025-01-09 15:28:42.001,23043,23043,23043,2,-2
2025-01-09 15:28:43.001,23044,23044,23044,2,2
2025-01-09 15:28:46.001,23043,23043,23043,2,-2
2025-01-09 15:28:46.001,23042,23042,23042,2,-2
2025-01-09 15:28:48.001,23042,23042,23042,4,0
2025-01-09 15:28:48.001,23042,23042,23042,2,0
2025-01-09 15:28:48.001,23042,23042,23042,2,0
2025-01-09 15:28:48.001,23042,23042,23042,2,0
2025-01-09 15:28:48.001,23043,23043,23043,6,6
2025-01-09 15:28:51.001,23043,23043,23043,2,0
2025-01-09 15:28:53.001,23042,23042,23042,2,-2
2025-01-09 15:28:54.001,23042,23042,23042,2,0
2025-01-09 15:28:54.001,23042,23042,23042,2,0
2025-01-09 15:28:54.001,23042,23042,23042,2,0
2025-01-09 15:28:54.001,23041,23041,23041,2,-2
2025-01-09 15:28:54.001,23040,23040,23040,2,-2
2025-01-09 15:28:54.001,23040,23040,23040,2,0
2025-01-09 15:28:54.001,23040,23040,23040,2,0
2025-01-09 15:28:54.001,23040,23040,23040,2,0
2025-01-09 15:28:54.001,23040,23040,23040,4,0
2025-01-09 15:28:54.001,23040,23040,23040,2,0
2025-01-09 15:28:54.001,23040,23040,23040,2,0
2025-01-09 15:28:54.001,23040,23040,23040,4,0
2025-01-09 15:28:54.001,23040,23040,23040,4,0
2025-01-09 15:28:54.001,23040,23040,23040,2,0
2025-01-09 15:28:54.001,23040,23040,23040,2,0
2025-01-09 15:28:54.001,23039,23039,23039,2,-2
2025-01-09 15:28:54.001,23039,23039,23039,2,0
2025-01-09 15:28:54.001,23039,23039,23039,4,0
2025-01-09 15:28:55.001,23039,23039,23039,4,0
2025-01-09 15:28:56.001,23042,23042,23042,2,2
2025-01-09 15:28:58.001,23039,23039,23039,2,-2
2025-01-09 15:28:58.001,23039,23039,23039,2,0
2025-01-09 15:29:00.001,23039,23039,23039,2,0
2025-01-09 15:29:00.001,23038,23038,23038,2,-2
2025-01-09 15:29:00.001,23038,23038,23038,2,0
2025-01-09 15:29:01.001,23038,23038,23038,6,0
2025-01-09 15:29:01.001,23038,23038,23038,2,0
2025-01-09 15:29:01.001,23038,23038,23038,2,0
2025-01-09 15:29:01.001,23038,23038,23038,2,0
2025-01-09 15:29:01.001,23038,23038,23038,2,0
2025-01-09 15:29:01.001,23038,23038,23038,2,0
2025-01-09 15:29:01.001,23037,23037,23037,2,-2
2025-01-09 15:29:01.001,23037,23037,23037,2,0
2025-01-09 15:29:02.001,23038,23038,23038,2,2
2025-01-09 15:29:05.001,23040,23040,23040,8,8
2025-01-09 15:29:05.001,23041,23041,23041,4,4
2025-01-09 15:29:05.001,23042,23042,23042,2,2
2025-01-09 15:29:05.001,23039,23039,23039,2,-2
2025-01-09 15:29:08.001,23040,23040,23040,2,2
2025-01-09 15:29:08.001,23040,23040,23040,2,0
2025-01-09 15:29:08.001,23040,23040,23040,2,0
2025-01-09 15:29:08.001,23039,23039,23039,2,-2
2025-01-09 15:29:08.001,23039,23039,23039,2,0
2025-01-09 15:29:09.001,23039,23039,23039,2,0
2025-01-09 15:29:09.001,23041,23041,23041,2,2
2025-01-09 15:29:10.001,23042,23042,23042,2,2
2025-01-09 15:29:10.001,23043,23043,23043,2,2
2025-01-09 15:29:12.001,23042,23042,23042,2,-2
2025-01-09 15:29:12.001,23041,23041,23041,2,-2
2025-01-09 15:29:12.001,23041,23041,23041,2,0
2025-01-09 15:29:12.001,23041,23041,23041,2,0
2025-01-09 15:29:12.001,23041,23041,23041,2,0
2025-01-09 15:29:12.001,23041,23041,23041,2,0
2025-01-09 15:29:12.001,23040,23040,23040,2,-2
2025-01-09 15:29:12.001,23040,23040,23040,2,0
2025-01-09 15:29:12.001,23040,23040,23040,2,0
2025-01-09 15:29:12.001,23040,23040,23040,2,0
2025-01-09 15:29:12.001,23040,23040,23040,2,0
2025-01-09 15:29:12.001,23040,23040,23040,2,0
2025-01-09 15:29:12.001,23040,23040,23040,2,0
2025-01-09 15:29:12.001,23040,23040,23040,2,0
2025-01-09 15:29:12.001,23040,23040,23040,2,0
2025-01-09 15:29:12.001,23039,23039,23039,2,-2
2025-01-09 15:29:12.001,23039,23039,23039,2,0
2025-01-09 15:29:12.001,23039,23039,23039,2,0
2025-01-09 15:29:12.001,23039,23039,23039,2,0
2025-01-09 15:29:12.001,23039,23039,23039,2,0
2025-01-09 15:29:12.001,23038,23038,23038,2,-2
2025-01-09 15:29:12.001,23038,23038,23038,2,0
2025-01-09 15:29:12.001,23038,23038,23038,2,0
2025-01-09 15:29:12.001,23038,23038,23038,4,0
2025-01-09 15:29:12.001,23038,23038,23038,2,0
2025-01-09 15:29:12.001,23038,23038,23038,2,0
2025-01-09 15:29:12.001,23038,23038,23038,2,0
2025-01-09 15:29:12.001,23038,23038,23038,2,0
2025-01-09 15:29:12.001,23038,23038,23038,2,0
2025-01-09 15:29:12.001,23038,23038,23038,6,0
2025-01-09 15:29:12.001,23038,23038,23038,2,0
2025-01-09 15:29:12.001,23038,23038,23038,2,0
2025-01-09 15:29:12.001,23038,23038,23038,2,0
2025-01-09 15:29:12.001,23038,23038,23038,18,0
2025-01-09 15:29:13.001,23037,23037,23037,2,-2
2025-01-09 15:29:13.001,23036,23036,23036,2,-2
2025-01-09 15:29:13.001,23036,23036,23036,6,0
2025-01-09 15:29:13.001,23036,23036,23036,2,0
2025-01-09 15:29:13.001,23036,23036,23036,2,0
2025-01-09 15:29:14.001,23036,23036,23036,2,0
2025-01-09 15:29:16.001,23036,23036,23036,4,0
2025-01-09 15:29:16.001,23036,23036,23036,2,0
2025-01-09 15:29:17.001,23036,23036,23036,2,0
2025-01-09 15:29:18.001,23040,23040,23040,4,4
2025-01-09 15:29:18.001,23039,23039,23039,2,-2
2025-01-09 15:29:18.001,23041,23041,23041,4,4
2025-01-09 15:29:19.001,23039,23039,23039,2,-2
2025-01-09 15:29:19.001,23038,23038,23038,2,-2
2025-01-09 15:29:20.001,23038,23038,23038,2,0
2025-01-09 15:29:21.001,23036,23036,23036,2,-2
2025-01-09 15:29:21.001,23036,23036,23036,2,0
2025-01-09 15:29:28.001,23037,23037,23037,2,2
2025-01-09 15:29:28.001,23037,23037,23037,2,0
2025-01-09 15:29:28.001,23037,23037,23037,2,0
