2020-12-25 15:00:00.000,14304,14307,14305,48
2020-12-25 15:00:00.000,14305,14306,14306,9
2020-12-25 15:00:00.000,14305,14307,14307,2
2020-12-25 15:00:00.000,14306,14307,14307,1
2020-12-25 15:00:00.000,14306,14308,14308,1
2020-12-25 15:00:00.000,14306,14308,14308,1
2020-12-25 15:00:00.000,14306,14308,14308,2
2020-12-25 15:00:00.000,14306,14308,14308,1
2020-12-25 15:00:01.000,14308,14309,14308,5
2020-12-25 15:00:01.000,14308,14309,14308,5
2020-12-25 15:00:01.000,14308,14309,14309,3
2020-12-25 15:00:01.000,14308,14309,14309,2
2020-12-25 15:00:01.000,14308,14309,14309,3
2020-12-25 15:00:01.000,14308,14309,14309,10
2020-12-25 15:00:01.000,14309,14310,14310,3
2020-12-25 15:00:01.000,14309,14310,14310,5
2020-12-25 15:00:01.000,14309,14310,14310,1
2020-12-25 15:00:01.000,14309,14311,14311,3
2020-12-25 15:00:01.000,14309,14311,14312,1
2020-12-25 15:00:01.000,14309,14312,14312,7
2020-12-25 15:00:01.000,14309,14312,14313,5
2020-12-25 15:00:01.000,14309,14314,14312,1
2020-12-25 15:00:01.000,14309,14314,14314,2
2020-12-25 15:00:01.000,14309,14314,14314,3
2020-12-25 15:00:01.000,14309,14314,14314,6
2020-12-25 15:00:01.000,14309,14314,14315,3
2020-12-25 15:00:01.000,14313,14315,14315,5
2020-12-25 15:00:01.000,14313,14315,14315,3
2020-12-25 15:00:01.000,14313,14315,14315,1
2020-12-25 15:00:01.000,14313,14315,14316,4
2020-12-25 15:00:01.000,14313,14315,14313,2
2020-12-25 15:00:02.000,14313,14316,14316,1
2020-12-25 15:00:02.000,14313,14316,14316,1
2020-12-25 15:00:02.000,14313,14316,14313,3
2020-12-25 15:00:02.000,14313,14315,14315,1
2020-12-25 15:00:02.000,14313,14315,14313,2
2020-12-25 15:00:02.000,14313,14315,14313,2
2020-12-25 15:00:03.000,14312,14313,14313,1
2020-12-25 15:00:04.000,14312,14314,14313,1
2020-12-25 15:00:04.000,14312,14313,14312,1
2020-12-25 15:00:04.000,14312,14313,14312,2
2020-12-25 15:00:04.000,14312,14313,14312,5
2020-12-25 15:00:05.000,14312,14313,14312,1
2020-12-25 15:00:05.000,14312,14313,14312,2
2020-12-25 15:00:05.000,14312,14313,14313,1
2020-12-25 15:00:05.000,14312,14313,14313,3
2020-12-25 15:00:05.000,14312,14313,14313,2
2020-12-25 15:00:05.000,14312,14314,14312,1
2020-12-25 15:00:06.000,14312,14314,14313,1
2020-12-25 15:00:06.000,14312,14313,14312,1
2020-12-25 15:00:06.000,14312,14313,14312,2
2020-12-25 15:00:06.000,14312,14313,14312,2
2020-12-25 15:00:07.000,14312,14313,14312,3
2020-12-25 15:00:07.000,14312,14313,14312,2
2020-12-25 15:00:07.000,14312,14313,14312,2
2020-12-25 15:00:07.000,14312,14313,14312,2
2020-12-25 15:00:07.000,14312,14313,14312,20
2020-12-25 15:00:07.000,14312,14313,14311,2
2020-12-25 15:00:08.000,14309,14312,14309,1
2020-12-25 15:00:09.000,14309,14311,14311,5
2020-12-25 15:00:09.000,14309,14311,14311,1
2020-12-25 15:00:09.000,14309,14311,14311,2
2020-12-25 15:00:11.000,14309,14311,14310,3
2020-12-25 15:00:11.000,14309,14311,14309,1
2020-12-25 15:00:13.000,14310,14311,14310,1
2020-12-25 15:00:13.000,14310,14311,14311,2
2020-12-25 15:00:14.000,14310,14312,14312,1
2020-12-25 15:00:16.000,14311,14312,14312,8
2020-12-25 15:00:16.000,14311,14313,14313,5
2020-12-25 15:00:16.000,14312,14314,14312,1
2020-12-25 15:00:16.000,14311,14313,14311,1
2020-12-25 15:00:17.000,14311,14312,14311,1
2020-12-25 15:00:18.000,14310,14312,14310,3
2020-12-25 15:00:18.000,14310,14311,14309,2
2020-12-25 15:00:18.000,14310,14311,14310,1
2020-12-25 15:00:18.000,14309,14311,14309,1
2020-12-25 15:00:19.000,14309,14310,14310,1
2020-12-25 15:00:20.000,14309,14311,14310,1
2020-12-25 15:00:20.000,14309,14311,14309,3
2020-12-25 15:00:20.000,14309,14311,14311,2
2020-12-25 15:00:20.000,14309,14311,14309,3
2020-12-25 15:00:21.000,14309,14311,14309,1
2020-12-25 15:00:21.000,14309,14311,14308,1
2020-12-25 15:00:21.000,14309,14311,14309,1
2020-12-25 15:00:22.000,14309,14311,14309,2
2020-12-25 15:00:23.000,14309,14311,14311,5
2020-12-25 15:00:28.000,14310,14311,14310,1
2020-12-25 15:00:28.000,14309,14310,14310,1
2020-12-25 15:00:29.000,14309,14311,14311,1
2020-12-25 15:00:30.000,14309,14311,14311,4
2020-12-25 15:00:34.000,14309,14310,14309,5
2020-12-25 15:00:34.000,14309,14310,14309,2
2020-12-25 15:00:34.000,14308,14310,14308,16
2020-12-25 15:00:35.000,14308,14310,14308,3
2020-12-25 15:00:37.000,14308,14309,14308,1
2020-12-25 15:00:38.000,14308,14309,14308,4
2020-12-25 15:00:38.000,14308,14309,14308,11
2020-12-25 15:00:43.000,14307,14308,14307,1
2020-12-25 15:00:43.000,14307,14308,14307,2
2020-12-25 15:00:48.000,14306,14307,14307,4
2020-12-25 15:00:49.000,14307,14308,14306,3
2020-12-25 15:00:49.000,14307,14308,14307,1
2020-12-25 15:00:51.000,14306,14307,14306,2
2020-12-25 15:00:52.000,14306,14307,14306,1
2020-12-25 15:00:53.000,14306,14307,14306,1
2020-12-25 15:00:57.000,14306,14307,14307,1
2020-12-25 15:01:00.000,14306,14308,14308,1
2020-12-25 15:01:00.000,14306,14308,14308,1
2020-12-25 15:01:00.000,14306,14308,14308,1
2020-12-25 15:01:03.000,14307,14308,14307,1
2020-12-25 15:01:03.000,14307,14308,14307,1
2020-12-25 15:01:05.000,14307,14308,14307,3
2020-12-25 15:01:06.000,14306,14308,14308,1
2020-12-25 15:01:07.000,14306,14308,14306,1
2020-12-25 15:01:07.000,14306,14308,14306,1
2020-12-25 15:01:11.000,14306,14307,14306,4
2020-12-25 15:01:11.000,14305,14307,14307,1
2020-12-25 15:01:12.000,14305,14307,14305,1
2020-12-25 15:01:12.000,14305,14307,14306,1
2020-12-25 15:01:15.000,14305,14306,14306,1
2020-12-25 15:01:24.000,14305,14306,14305,2
2020-12-25 15:01:24.000,14305,14306,14305,1
2020-12-25 15:01:24.000,14305,14306,14305,1
2020-12-25 15:01:25.000,14304,14305,14304,1
2020-12-25 15:01:25.000,14304,14305,14304,1
2020-12-25 15:01:25.000,14304,14305,14304,8
2020-12-25 15:01:28.000,14303,14304,14304,1
2020-12-25 15:01:33.000,14304,14305,14304,1
2020-12-25 15:01:34.000,14303,14305,14303,1
2020-12-25 15:01:36.000,14303,14304,14303,1
2020-12-25 15:01:37.000,14303,14304,14304,1
2020-12-25 15:01:41.000,14303,14304,14303,4
2020-12-25 15:01:41.000,14303,14304,14304,1
2020-12-25 15:01:41.000,14303,14304,14303,1
2020-12-25 15:01:41.000,14303,14304,14303,1
2020-12-25 15:01:41.000,14303,14304,14303,1
2020-12-25 15:01:41.000,14303,14304,14303,2
2020-12-25 15:01:44.000,14302,14303,14303,1
2020-12-25 15:01:46.000,14302,14303,14303,1
2020-12-25 15:01:47.000,14302,14304,14303,2
2020-12-25 15:01:52.000,14302,14303,14303,1
2020-12-25 15:01:52.000,14302,14303,14302,1
2020-12-25 15:01:52.000,14302,14303,14302,5
2020-12-25 15:01:54.000,14302,14303,14302,4
2020-12-25 15:01:57.000,14302,14303,14303,1
2020-12-25 15:01:58.000,14302,14303,14303,3
2020-12-25 15:02:00.000,14302,14303,14303,1
2020-12-25 15:02:02.000,14302,14303,14303,1
2020-12-25 15:02:04.000,14302,14304,14303,1
2020-12-25 15:02:08.000,14302,14304,14303,1
2020-12-25 15:02:10.000,14302,14303,14302,3
2020-12-25 15:02:13.000,14302,14303,14302,1
2020-12-25 15:02:14.000,14302,14303,14302,3
2020-12-25 15:02:16.000,14301,14303,14303,2
2020-12-25 15:02:28.000,14302,14303,14303,2
2020-12-25 15:02:28.000,14302,14303,14303,1
2020-12-25 15:02:29.000,14302,14303,14303,1
2020-12-25 15:02:31.000,14302,14303,14302,5
2020-12-25 15:02:32.000,14302,14303,14303,1
2020-12-25 15:02:34.000,14302,14303,14303,1
2020-12-25 15:02:36.000,14302,14303,14302,1
2020-12-25 15:02:36.000,14302,14303,14302,1
2020-12-25 15:02:36.000,14302,14303,14302,3
2020-12-25 15:02:36.000,14301,14302,14301,1
2020-12-25 15:02:37.000,14301,14302,14301,1
2020-12-25 15:02:37.000,14301,14302,14301,1
2020-12-25 15:02:39.000,14301,14302,14302,1
2020-12-25 15:02:40.000,14301,14302,14301,5
2020-12-25 15:02:40.000,14301,14302,14301,9
2020-12-25 15:02:40.000,14300,14302,14302,1
2020-12-25 15:02:42.000,14300,14302,14300,1
2020-12-25 15:02:42.000,14300,14302,14300,2
2020-12-25 15:02:42.000,14300,14302,14300,4
2020-12-25 15:02:42.000,14300,14302,14300,4
2020-12-25 15:02:42.000,14300,14302,14300,13
2020-12-25 15:02:42.000,14299,14300,14299,2
2020-12-25 15:02:42.000,14299,14300,14300,1
2020-12-25 15:02:43.000,14299,14300,14300,1
2020-12-25 15:02:44.000,14299,14300,14299,1
2020-12-25 15:02:44.000,14298,14300,14300,1
2020-12-25 15:02:46.000,14298,14300,14298,1
2020-12-25 15:02:47.000,14298,14300,14300,1
2020-12-25 15:02:48.000,14298,14300,14298,1
2020-12-25 15:02:49.000,14298,14300,14300,1
2020-12-25 15:02:50.000,14298,14300,14300,1
2020-12-25 15:02:52.000,14299,14300,14298,2
2020-12-25 15:02:52.000,14299,14300,14299,1
2020-12-25 15:02:52.000,14299,14300,14298,1
2020-12-25 15:02:54.000,14299,14300,14299,1
2020-12-25 15:03:01.000,14298,14299,14298,5
2020-12-25 15:03:01.000,14297,14299,14297,1
2020-12-25 15:03:02.000,14297,14298,14298,3
2020-12-25 15:03:02.000,14297,14298,14297,1
2020-12-25 15:03:05.000,14297,14298,14297,1
2020-12-25 15:03:05.000,14297,14298,14298,1
2020-12-25 15:03:05.000,14297,14298,14297,2
2020-12-25 15:03:07.000,14297,14298,14297,1
2020-12-25 15:03:08.000,14297,14299,14297,5
2020-12-25 15:03:08.000,14297,14298,14297,1
2020-12-25 15:03:10.000,14297,14298,14297,1
2020-12-25 15:03:12.000,14297,14298,14297,1
2020-12-25 15:03:12.000,14297,14298,14297,1
2020-12-25 15:03:13.000,14296,14297,14297,1
2020-12-25 15:03:15.000,14296,14297,14296,2
2020-12-25 15:03:15.000,14296,14297,14295,1
2020-12-25 15:03:15.000,14296,14297,14296,1
2020-12-25 15:03:15.000,14296,14297,14297,2
2020-12-25 15:03:16.000,14296,14298,14297,2
2020-12-25 15:03:18.000,14297,14298,14298,1
2020-12-25 15:03:18.000,14298,14299,14299,7
2020-12-25 15:03:19.000,14298,14300,14298,1
2020-12-25 15:03:20.000,14298,14299,14298,1
2020-12-25 15:03:27.000,14298,14299,14299,1
2020-12-25 15:03:27.000,14298,14299,14299,1
2020-12-25 15:03:29.000,14298,14299,14298,1
2020-12-25 15:03:31.000,14298,14299,14298,1
2020-12-25 15:03:36.000,14298,14299,14299,3
2020-12-25 15:03:39.000,14299,14300,14299,1
2020-12-25 15:03:39.000,14299,14300,14300,1
2020-12-25 15:03:40.000,14299,14300,14299,1
2020-12-25 15:03:43.000,14299,14300,14300,18
2020-12-25 15:03:43.000,14299,14300,14301,1
2020-12-25 15:03:43.000,14299,14300,14301,1
2020-12-25 15:03:43.000,14299,14300,14301,1
2020-12-25 15:03:43.000,14299,14300,14301,2
2020-12-25 15:03:43.000,14299,14302,14300,1
2020-12-25 15:03:44.000,14299,14302,14299,2
2020-12-25 15:03:45.000,14300,14302,14302,1
2020-12-25 15:03:52.000,14301,14302,14302,1
2020-12-25 15:03:53.000,14301,14302,14301,1
2020-12-25 15:03:58.000,14301,14302,14301,4
2020-12-25 15:04:00.000,14300,14301,14301,1
2020-12-25 15:04:08.000,14301,14302,14302,1
2020-12-25 15:04:09.000,14301,14302,14301,2
2020-12-25 15:04:23.000,14301,14302,14301,1
2020-12-25 15:04:23.000,14301,14302,14301,1
2020-12-25 15:04:28.000,14301,14302,14302,5
2020-12-25 15:04:28.000,14301,14302,14302,4
2020-12-25 15:04:28.000,14301,14302,14302,9
2020-12-25 15:04:29.000,14302,14303,14302,1
2020-12-25 15:04:38.000,14302,14303,14302,3
2020-12-25 15:04:38.000,14302,14303,14302,7
2020-12-25 15:04:39.000,14302,14303,14303,7
2020-12-25 15:04:39.000,14302,14304,14302,2
2020-12-25 15:04:40.000,14302,14304,14304,1
2020-12-25 15:04:42.000,14302,14304,14304,1
2020-12-25 15:04:45.000,14302,14304,14304,1
2020-12-25 15:04:47.000,14302,14304,14304,1
2020-12-25 15:04:49.000,14303,14304,14304,1
2020-12-25 15:04:52.000,14303,14304,14304,1
2020-12-25 15:04:52.000,14303,14304,14304,1
2020-12-25 15:05:00.000,14303,14305,14305,1
2020-12-25 15:05:03.000,14303,14305,14305,1
2020-12-25 15:05:07.000,14304,14305,14305,2
2020-12-25 15:05:10.000,14304,14305,14305,3
2020-12-25 15:05:19.000,14304,14305,14305,1
2020-12-25 15:05:20.000,14304,14305,14305,2
2020-12-25 15:05:22.000,14304,14305,14305,1
2020-12-25 15:05:27.000,14304,14305,14305,1
2020-12-25 15:05:33.000,14304,14306,14306,2
2020-12-25 15:05:38.000,14304,14306,14304,1
2020-12-25 15:05:41.000,14305,14306,14306,1
2020-12-25 15:05:42.000,14305,14306,14306,1
2020-12-25 15:05:42.000,14305,14306,14306,1
2020-12-25 15:05:42.000,14305,14306,14304,3
2020-12-25 15:05:42.000,14305,14306,14305,2
2020-12-25 15:05:42.000,14304,14305,14305,1
2020-12-25 15:05:43.000,14304,14305,14305,1
2020-12-25 15:05:48.000,14304,14305,14304,2
2020-12-25 15:05:48.000,14304,14305,14304,1
2020-12-25 15:05:48.000,14303,14304,14304,1
2020-12-25 15:05:50.000,14303,14304,14304,3
2020-12-25 15:05:54.000,14303,14304,14304,1
2020-12-25 15:05:56.000,14303,14305,14305,2
2020-12-25 15:06:00.000,14304,14305,14305,1
2020-12-25 15:06:00.000,14304,14305,14305,1
2020-12-25 15:06:00.000,14304,14305,14305,1
2020-12-25 15:06:01.000,14304,14306,14304,1
2020-12-25 15:06:01.000,14303,14305,14303,2
2020-12-25 15:06:01.000,14303,14305,14303,1
2020-12-25 15:06:01.000,14303,14305,14303,1
2020-12-25 15:06:01.000,14303,14305,14303,1
2020-12-25 15:06:06.000,14303,14304,14304,1
2020-12-25 15:06:10.000,14303,14304,14303,1
2020-12-25 15:06:14.000,14302,14303,14302,1
2020-12-25 15:06:23.000,14302,14303,14302,1
2020-12-25 15:06:24.000,14302,14303,14302,1
2020-12-25 15:06:28.000,14301,14302,14302,1
2020-12-25 15:06:36.000,14302,14303,14302,1
2020-12-25 15:06:44.000,14302,14303,14303,2
2020-12-25 15:06:45.000,14302,14304,14302,1
2020-12-25 15:06:46.000,14302,14303,14302,1
2020-12-25 15:06:49.000,14302,14303,14303,1
2020-12-25 15:06:56.000,14302,14303,14302,1
2020-12-25 15:07:06.000,14302,14303,14303,1
2020-12-25 15:07:17.000,14302,14303,14303,1
2020-12-25 15:07:23.000,14302,14304,14304,1
2020-12-25 15:07:24.000,14302,14304,14304,1
2020-12-25 15:07:31.000,14303,14304,14303,1
2020-12-25 15:07:36.000,14302,14303,14302,2
2020-12-25 15:07:38.000,14302,14303,14303,1
2020-12-25 15:07:51.000,14302,14303,14303,1
2020-12-25 15:07:56.000,14302,14303,14302,3
2020-12-25 15:08:06.000,14301,14302,14302,1
2020-12-25 15:08:07.000,14301,14303,14301,4
2020-12-25 15:08:12.000,14301,14303,14301,1
2020-12-25 15:08:22.000,14301,14303,14301,2
2020-12-25 15:08:26.000,14301,14302,14301,2
2020-12-25 15:08:35.000,14300,14302,14302,1
2020-12-25 15:08:35.000,14301,14302,14301,1
2020-12-25 15:08:50.000,14301,14302,14301,1
2020-12-25 15:08:50.000,14300,14301,14300,1
2020-12-25 15:08:54.000,14300,14301,14300,1
2020-12-25 15:08:56.000,14300,14301,14300,1
2020-12-25 15:09:05.000,14300,14301,14301,1
2020-12-25 15:09:43.000,14300,14301,14301,1
2020-12-25 15:09:59.000,14300,14301,14300,1
2020-12-25 15:10:11.000,14300,14301,14300,22
2020-12-25 15:10:11.000,14300,14301,14299,1
2020-12-25 15:10:11.000,14300,14301,14299,2
2020-12-25 15:10:11.000,14299,14300,14299,6
2020-12-25 15:10:11.000,14299,14300,14299,8
2020-12-25 15:10:12.000,14298,14300,14298,1
2020-12-25 15:10:13.000,14298,14300,14300,6
2020-12-25 15:10:13.000,14298,14300,14301,3
2020-12-25 15:10:17.000,14299,14300,14299,1
2020-12-25 15:10:19.000,14298,14300,14300,1
2020-12-25 15:10:23.000,14298,14300,14298,5
2020-12-25 15:10:24.000,14298,14299,14298,1
2020-12-25 15:10:31.000,14298,14300,14298,1
2020-12-25 15:10:38.000,14298,14299,14298,3
2020-12-25 15:10:38.000,14298,14299,14298,1
2020-12-25 15:10:43.000,14297,14298,14297,1
2020-12-25 15:10:44.000,14297,14298,14297,1
2020-12-25 15:10:50.000,14297,14298,14297,2
2020-12-25 15:10:52.000,14297,14298,14297,5
2020-12-25 15:10:58.000,14296,14298,14296,1
2020-12-25 15:11:12.000,14296,14297,14296,1
2020-12-25 15:11:19.000,14296,14297,14297,2
2020-12-25 15:11:21.000,14296,14297,14297,1
2020-12-25 15:11:21.000,14296,14297,14297,1
2020-12-25 15:11:21.000,14296,14298,14297,1
2020-12-25 15:11:24.000,14297,14298,14298,1
2020-12-25 15:11:26.000,14296,14298,14298,1
2020-12-25 15:11:29.000,14297,14298,14298,1
2020-12-25 15:11:38.000,14297,14298,14298,1
2020-12-25 15:11:42.000,14297,14298,14298,1
2020-12-25 15:11:42.000,14297,14298,14298,4
2020-12-25 15:11:45.000,14298,14299,14299,1
2020-12-25 15:11:49.000,14298,14299,14299,1
2020-12-25 15:11:52.000,14298,14299,14299,3
2020-12-25 15:11:54.000,14298,14300,14299,1
2020-12-25 15:11:59.000,14299,14300,14299,1
2020-12-25 15:12:07.000,14299,14300,14299,1
2020-12-25 15:12:09.000,14298,14299,14298,1
2020-12-25 15:12:09.000,14298,14299,14298,2
2020-12-25 15:12:09.000,14298,14299,14298,5
2020-12-25 15:12:09.000,14298,14299,14298,2
2020-12-25 15:12:09.000,14297,14298,14297,1
2020-12-25 15:12:09.000,14297,14298,14297,1
2020-12-25 15:12:09.000,14297,14298,14296,1
2020-12-25 15:12:09.000,14297,14298,14297,1
2020-12-25 15:12:09.000,14297,14298,14296,2
2020-12-25 15:12:11.000,14296,14298,14296,1
2020-12-25 15:12:14.000,14297,14298,14298,1
2020-12-25 15:12:36.000,14297,14298,14298,1
2020-12-25 15:12:46.000,14297,14298,14297,3
2020-12-25 15:12:47.000,14297,14298,14297,1
2020-12-25 15:12:48.000,14297,14298,14297,1
2020-12-25 15:12:51.000,14297,14298,14297,1
2020-12-25 15:12:53.000,14297,14298,14297,1
2020-12-25 15:13:04.000,14296,14297,14297,1
2020-12-25 15:13:18.000,14296,14297,14296,2
2020-12-25 15:13:20.000,14296,14297,14296,2
2020-12-25 15:13:22.000,14296,14297,14296,1
2020-12-25 15:13:26.000,14296,14297,14296,1
2020-12-25 15:13:39.000,14296,14297,14296,1
2020-12-25 15:13:46.000,14296,14297,14296,1
2020-12-25 15:13:49.000,14296,14297,14297,1
2020-12-25 15:13:50.000,14296,14297,14296,1
2020-12-25 15:13:53.000,14296,14297,14296,14
2020-12-25 15:13:56.000,14295,14296,14296,2
2020-12-25 15:13:56.000,14295,14296,14296,1
2020-12-25 15:14:00.000,14295,14296,14296,1
2020-12-25 15:14:02.000,14295,14296,14296,1
2020-12-25 15:14:17.000,14295,14296,14296,2
2020-12-25 15:14:17.000,14295,14296,14296,1
2020-12-25 15:14:28.000,14296,14297,14296,1
2020-12-25 15:14:32.000,14296,14297,14297,1
2020-12-25 15:14:42.000,14296,14297,14297,1
2020-12-25 15:14:42.000,14296,14297,14297,4
2020-12-25 15:14:43.000,14297,14298,14297,1
2020-12-25 15:14:48.000,14297,14298,14297,3
2020-12-25 15:14:50.000,14296,14298,14298,1
2020-12-25 15:14:53.000,14297,14298,14298,1
2020-12-25 15:14:59.000,14297,14298,14298,1
2020-12-25 15:15:03.000,14297,14298,14297,1
2020-12-25 15:15:04.000,14296,14297,14296,1
2020-12-25 15:15:10.000,14296,14297,14296,5
2020-12-25 15:15:10.000,14296,14297,14296,4
2020-12-25 15:15:12.000,14295,14296,14296,2
2020-12-25 15:15:16.000,14296,14297,14296,1
2020-12-25 15:15:20.000,14295,14296,14295,1
2020-12-25 15:15:21.000,14295,14296,14295,1
2020-12-25 15:15:25.000,14295,14296,14295,2
2020-12-25 15:15:25.000,14295,14296,14295,2
2020-12-25 15:15:31.000,14295,14296,14295,1
2020-12-25 15:15:46.000,14295,14296,14295,1
2020-12-25 15:15:58.000,14295,14296,14296,1
2020-12-25 15:16:04.000,14296,14297,14297,2
2020-12-25 15:16:05.000,14296,14297,14297,1
2020-12-25 15:16:10.000,14297,14298,14298,5
2020-12-25 15:16:10.000,14298,14299,14299,1
2020-12-25 15:16:11.000,14298,14299,14299,1
2020-12-25 15:16:11.000,14298,14299,14299,1
2020-12-25 15:16:19.000,14298,14299,14299,1
2020-12-25 15:16:19.000,14298,14299,14300,12
2020-12-25 15:16:20.000,14298,14300,14300,1
2020-12-25 15:16:22.000,14299,14300,14300,2
2020-12-25 15:16:22.000,14299,14300,14301,1
2020-12-25 15:16:22.000,14299,14301,14301,1
2020-12-25 15:16:22.000,14299,14301,14301,1
2020-12-25 15:16:23.000,14300,14302,14302,4
2020-12-25 15:16:24.000,14300,14302,14302,1
2020-12-25 15:16:29.000,14300,14301,14300,1
2020-12-25 15:16:29.000,14300,14301,14300,2
2020-12-25 15:16:29.000,14299,14301,14301,1
2020-12-25 15:16:29.000,14299,14301,14301,1
2020-12-25 15:16:41.000,14299,14300,14300,2
2020-12-25 15:16:45.000,14300,14302,14302,1
2020-12-25 15:16:45.000,14300,14302,14302,1
2020-12-25 15:17:03.000,14300,14302,14302,1
2020-12-25 15:17:10.000,14300,14301,14301,1
2020-12-25 15:17:16.000,14300,14301,14301,3
2020-12-25 15:17:17.000,14301,14302,14301,2
2020-12-25 15:17:27.000,14300,14301,14301,1
2020-12-25 15:17:27.000,14300,14301,14301,1
2020-12-25 15:17:28.000,14300,14301,14301,1
2020-12-25 15:17:49.000,14301,14302,14302,1
2020-12-25 15:17:50.000,14301,14302,14302,1
2020-12-25 15:18:21.000,14301,14302,14302,1
2020-12-25 15:18:26.000,14301,14302,14301,2
2020-12-25 15:18:34.000,14301,14302,14301,1
2020-12-25 15:18:41.000,14301,14302,14301,1
2020-12-25 15:18:45.000,14301,14302,14301,1
2020-12-25 15:18:45.000,14301,14302,14301,1
2020-12-25 15:19:05.000,14301,14302,14301,1
2020-12-25 15:19:30.000,14301,14302,14301,1
2020-12-25 15:19:49.000,14301,14302,14301,1
2020-12-25 15:19:55.000,14301,14302,14301,8
2020-12-25 15:19:55.000,14300,14301,14301,1
2020-12-25 15:19:56.000,14300,14301,14301,1
2020-12-25 15:20:06.000,14300,14301,14301,1
2020-12-25 15:20:22.000,14300,14301,14301,1
2020-12-25 15:20:41.000,14300,14301,14301,2
2020-12-25 15:20:43.000,14300,14301,14301,3
2020-12-25 15:20:45.000,14301,14302,14301,1
2020-12-25 15:20:52.000,14301,14302,14302,3
2020-12-25 15:20:56.000,14301,14302,14302,3
2020-12-25 15:20:58.000,14301,14302,14302,1
2020-12-25 15:21:00.000,14301,14302,14300,1
2020-12-25 15:21:00.000,14301,14302,14301,4
2020-12-25 15:21:08.000,14301,14302,14302,1
2020-12-25 15:21:11.000,14301,14302,14301,1
2020-12-25 15:21:14.000,14301,14302,14302,1
2020-12-25 15:21:38.000,14301,14302,14302,1
2020-12-25 15:21:51.000,14302,14303,14302,2
2020-12-25 15:23:03.000,14302,14303,14302,1
2020-12-25 15:23:17.000,14301,14303,14303,1
2020-12-25 15:23:17.000,14301,14303,14302,1
2020-12-25 15:23:19.000,14301,14303,14302,1
2020-12-25 15:23:22.000,14301,14303,14302,1
2020-12-25 15:23:23.000,14301,14303,14303,1
2020-12-25 15:23:28.000,14301,14303,14302,1
2020-12-25 15:23:31.000,14301,14303,14302,1
2020-12-25 15:23:43.000,14302,14303,14302,1
2020-12-25 15:23:46.000,14302,14303,14303,1
2020-12-25 15:24:07.000,14302,14303,14303,1
2020-12-25 15:24:22.000,14302,14303,14303,1
2020-12-25 15:24:34.000,14302,14303,14303,1
2020-12-25 15:24:40.000,14302,14303,14303,1
2020-12-25 15:24:45.000,14302,14303,14302,1
2020-12-25 15:24:45.000,14302,14303,14303,1
2020-12-25 15:24:47.000,14302,14303,14303,1
2020-12-25 15:25:01.000,14302,14303,14303,12
2020-12-25 15:25:01.000,14302,14303,14303,1
2020-12-25 15:25:06.000,14303,14304,14304,1
2020-12-25 15:25:06.000,14303,14304,14303,2
2020-12-25 15:25:16.000,14303,14304,14303,2
2020-12-25 15:25:22.000,14303,14304,14303,1
2020-12-25 15:25:31.000,14303,14304,14303,1
2020-12-25 15:25:32.000,14303,14304,14303,1
2020-12-25 15:25:43.000,14302,14303,14303,1
2020-12-25 15:26:08.000,14302,14303,14303,1
2020-12-25 15:26:11.000,14302,14303,14303,1
2020-12-25 15:26:39.000,14302,14303,14302,9
2020-12-25 15:26:39.000,14302,14303,14303,2
2020-12-25 15:26:39.000,14302,14303,14303,2
2020-12-25 15:26:39.000,14302,14303,14304,1
2020-12-25 15:26:39.000,14302,14303,14304,1
2020-12-25 15:26:39.000,14302,14303,14304,1
2020-12-25 15:26:39.000,14302,14303,14304,1
2020-12-25 15:26:39.000,14302,14303,14304,18
2020-12-25 15:26:39.000,14302,14303,14305,1
2020-12-25 15:26:39.000,14302,14303,14305,4
2020-12-25 15:26:39.000,14302,14303,14305,21
2020-12-25 15:26:39.000,14302,14303,14305,3
2020-12-25 15:26:39.000,14302,14303,14305,1
2020-12-25 15:26:39.000,14305,14306,14306,1
2020-12-25 15:26:39.000,14305,14306,14306,1
2020-12-25 15:26:39.000,14305,14306,14306,13
2020-12-25 15:26:39.000,14305,14306,14307,4
2020-12-25 15:26:39.000,14305,14306,14307,1
2020-12-25 15:26:39.000,14305,14306,14307,10
2020-12-25 15:26:39.000,14305,14306,14308,1
2020-12-25 15:26:39.000,14305,14306,14308,1
2020-12-25 15:26:39.000,14305,14306,14308,2
2020-12-25 15:26:39.000,14305,14306,14308,1
2020-12-25 15:26:39.000,14305,14306,14308,1
2020-12-25 15:26:39.000,14305,14306,14307,3
2020-12-25 15:26:39.000,14307,14308,14307,1
2020-12-25 15:26:39.000,14307,14308,14307,2
2020-12-25 15:26:39.000,14307,14308,14308,1
2020-12-25 15:26:39.000,14307,14308,14307,2
2020-12-25 15:26:39.000,14307,14308,14307,1
2020-12-25 15:26:39.000,14307,14308,14308,4
2020-12-25 15:26:39.000,14307,14308,14307,3
2020-12-25 15:26:39.000,14307,14308,14307,1
2020-12-25 15:26:39.000,14307,14308,14307,1
2020-12-25 15:26:39.000,14307,14308,14307,1
2020-12-25 15:26:39.000,14307,14308,14308,1
2020-12-25 15:26:39.000,14307,14308,14308,2
2020-12-25 15:26:39.000,14307,14308,14308,1
2020-12-25 15:26:39.000,14307,14308,14307,3
2020-12-25 15:26:39.000,14307,14308,14307,1
2020-12-25 15:26:40.000,14306,14307,14306,1
2020-12-25 15:26:44.000,14306,14307,14307,2
2020-12-25 15:26:45.000,14306,14307,14307,1
2020-12-25 15:26:48.000,14306,14307,14307,1
2020-12-25 15:26:48.000,14306,14307,14307,1
2020-12-25 15:26:49.000,14306,14307,14307,1
2020-12-25 15:26:50.000,14306,14307,14307,1
2020-12-25 15:26:51.000,14306,14307,14307,1
2020-12-25 15:26:53.000,14306,14307,14307,1
2020-12-25 15:26:54.000,14306,14307,14307,1
2020-12-25 15:26:59.000,14306,14307,14307,1
2020-12-25 15:26:59.000,14306,14307,14307,1
2020-12-25 15:26:59.000,14306,14307,14307,1
2020-12-25 15:26:59.000,14306,14307,14308,2
2020-12-25 15:26:59.000,14306,14307,14308,1
2020-12-25 15:26:59.000,14306,14307,14308,1
2020-12-25 15:26:59.000,14306,14307,14307,1
2020-12-25 15:27:03.000,14306,14307,14307,2
2020-12-25 15:27:03.000,14306,14307,14307,2
2020-12-25 15:27:03.000,14306,14307,14307,1
2020-12-25 15:27:03.000,14306,14307,14306,1
2020-12-25 15:27:03.000,14306,14307,14307,1
2020-12-25 15:27:03.000,14306,14307,14307,2
2020-12-25 15:27:03.000,14306,14307,14307,3
2020-12-25 15:27:03.000,14306,14307,14307,3
2020-12-25 15:27:04.000,14307,14308,14307,1
2020-12-25 15:27:05.000,14306,14307,14306,1
2020-12-25 15:27:06.000,14306,14307,14307,2
2020-12-25 15:27:12.000,14306,14307,14306,10
2020-12-25 15:27:13.000,14306,14307,14306,10
2020-12-25 15:27:13.000,14306,14307,14306,1
2020-12-25 15:27:13.000,14305,14306,14306,2
2020-12-25 15:27:14.000,14305,14306,14305,1
2020-12-25 15:27:16.000,14304,14305,14305,1
2020-12-25 15:27:19.000,14304,14305,14305,2
2020-12-25 15:27:28.000,14304,14305,14305,1
2020-12-25 15:27:43.000,14304,14305,14305,1
2020-12-25 15:27:53.000,14304,14305,14304,1
2020-12-25 15:27:55.000,14304,14305,14305,1
2020-12-25 15:28:11.000,14305,14306,14305,1
2020-12-25 15:28:11.000,14305,14306,14305,1
2020-12-25 15:28:13.000,14304,14305,14305,1
2020-12-25 15:28:15.000,14304,14305,14305,1
2020-12-25 15:28:15.000,14304,14305,14304,5
2020-12-25 15:28:16.000,14303,14304,14304,1
2020-12-25 15:28:25.000,14304,14305,14305,1
2020-12-25 15:28:33.000,14304,14305,14304,1
2020-12-25 15:28:34.000,14303,14304,14304,4
2020-12-25 15:28:34.000,14303,14304,14305,1
2020-12-25 15:28:35.000,14303,14304,14303,4
2020-12-25 15:28:56.000,14303,14304,14303,1
2020-12-25 15:29:01.000,14303,14304,14303,1
2020-12-25 15:29:10.000,14303,14304,14303,4
2020-12-25 15:29:18.000,14303,14304,14303,3
2020-12-25 15:29:33.000,14303,14304,14303,1
2020-12-25 15:29:50.000,14302,14304,14302,1
2020-12-25 15:31:38.000,14302,14304,14302,1
2020-12-25 15:32:15.000,14302,14304,14302,1
2020-12-25 15:32:15.000,14302,14304,14304,1
2020-12-25 15:32:15.000,14302,14304,14304,1
2020-12-25 15:32:15.000,14302,14304,14304,1
2020-12-25 15:32:15.000,14302,14304,14304,1
2020-12-25 15:32:15.000,14302,14304,14304,1
2020-12-25 15:32:15.000,14302,14304,14305,1
2020-12-25 15:32:15.000,14302,14304,14305,1
2020-12-25 15:32:15.000,14302,14304,14305,1
2020-12-25 15:32:15.000,14302,14304,14305,1
2020-12-25 15:32:32.000,14303,14305,14304,1
2020-12-25 15:33:00.000,14303,14304,14303,1
2020-12-25 15:33:01.000,14302,14304,14304,1
2020-12-25 15:33:01.000,14302,14304,14304,1
2020-12-25 15:33:01.000,14303,14304,14304,1
2020-12-25 15:34:14.000,14303,14304,14303,2
2020-12-25 15:34:22.000,14302,14304,14303,1
2020-12-25 15:34:27.000,14302,14303,14303,2
2020-12-25 15:34:39.000,14303,14304,14303,1
2020-12-25 15:34:39.000,14303,14304,14304,1
2020-12-25 15:34:43.000,14303,14304,14303,4
2020-12-25 15:34:44.000,14302,14304,14304,1
2020-12-25 15:35:08.000,14303,14304,14304,1
2020-12-25 15:35:08.000,14303,14304,14304,1
2020-12-25 15:35:08.000,14303,14304,14304,1
2020-12-25 15:35:09.000,14303,14304,14304,1
2020-12-25 15:35:09.000,14303,14304,14304,1
2020-12-25 15:35:09.000,14303,14304,14304,1
2020-12-25 15:35:09.000,14303,14304,14304,1
2020-12-25 15:35:09.000,14304,14305,14305,1
2020-12-25 15:35:09.000,14304,14305,14305,1
2020-12-25 15:35:09.000,14304,14305,14305,1
2020-12-25 15:35:10.000,14304,14305,14305,1
2020-12-25 15:35:10.000,14304,14305,14305,1
2020-12-25 15:35:10.000,14304,14306,14306,1
2020-12-25 15:35:10.000,14304,14306,14306,1
2020-12-25 15:35:10.000,14304,14306,14306,1
2020-12-25 15:35:10.000,14304,14306,14306,1
2020-12-25 15:35:11.000,14304,14306,14306,1
2020-12-25 15:35:11.000,14304,14306,14306,1
2020-12-25 15:35:12.000,14304,14306,14306,1
2020-12-25 15:35:12.000,14304,14306,14306,1
2020-12-25 15:35:19.000,14305,14306,14306,1
2020-12-25 15:35:19.000,14305,14306,14306,1
2020-12-25 15:35:19.000,14305,14306,14307,1
2020-12-25 15:35:20.000,14304,14307,14306,1
2020-12-25 15:35:20.000,14304,14306,14306,1
2020-12-25 15:35:20.000,14304,14306,14306,1
2020-12-25 15:35:20.000,14304,14306,14306,1
2020-12-25 15:35:21.000,14304,14306,14306,1
2020-12-25 15:35:22.000,14306,14307,14307,1
2020-12-25 15:35:23.000,14306,14307,14307,1
2020-12-25 15:35:23.000,14306,14307,14307,1
2020-12-25 15:35:23.000,14306,14307,14307,1
2020-12-25 15:35:23.000,14306,14307,14307,1
2020-12-25 15:35:23.000,14306,14307,14307,1
2020-12-25 15:35:27.000,14306,14308,14306,1
2020-12-25 15:35:33.000,14306,14307,14307,1
2020-12-25 15:35:49.000,14306,14307,14306,1
2020-12-25 15:35:58.000,14305,14306,14306,1
2020-12-25 15:36:15.000,14305,14306,14306,1
2020-12-25 15:36:20.000,14305,14306,14306,1
2020-12-25 15:36:27.000,14305,14306,14306,1
2020-12-25 15:36:34.000,14305,14306,14306,1
2020-12-25 15:36:38.000,14305,14306,14306,2
2020-12-25 15:36:51.000,14305,14306,14306,3
2020-12-25 15:37:00.000,14305,14306,14306,1
2020-12-25 15:37:00.000,14305,14306,14306,2
2020-12-25 15:37:00.000,14305,14306,14307,1
2020-12-25 15:37:19.000,14305,14306,14306,1
2020-12-25 15:37:22.000,14305,14306,14306,1
2020-12-25 15:37:32.000,14305,14306,14306,4
2020-12-25 15:37:39.000,14305,14306,14306,1
2020-12-25 15:37:55.000,14305,14306,14306,1
2020-12-25 15:37:56.000,14305,14306,14306,1
2020-12-25 15:38:03.000,14305,14306,14306,1
2020-12-25 15:38:06.000,14306,14307,14306,1
2020-12-25 15:38:07.000,14306,14307,14306,1
2020-12-25 15:38:13.000,14305,14306,14306,1
2020-12-25 15:38:13.000,14305,14306,14307,4
2020-12-25 15:38:23.000,14305,14307,14307,5
2020-12-25 15:38:29.000,14306,14307,14307,2
2020-12-25 15:38:37.000,14306,14307,14307,1
2020-12-25 15:38:42.000,14306,14307,14307,1
2020-12-25 15:38:42.000,14306,14307,14307,1
2020-12-25 15:38:42.000,14306,14307,14308,1
2020-12-25 15:38:46.000,14307,14308,14308,3
2020-12-25 15:38:50.000,14307,14308,14308,6
2020-12-25 15:38:55.000,14307,14308,14308,4
2020-12-25 15:39:11.000,14308,14309,14308,1
2020-12-25 15:39:11.000,14308,14309,14308,1
2020-12-25 15:39:11.000,14308,14309,14308,4
2020-12-25 15:39:21.000,14307,14308,14308,1
2020-12-25 15:39:34.000,14307,14308,14308,2
2020-12-25 15:39:34.000,14307,14308,14308,1
2020-12-25 15:39:36.000,14307,14308,14307,2
2020-12-25 15:40:12.000,14306,14307,14307,1
2020-12-25 15:40:18.000,14306,14307,14307,3
2020-12-25 15:40:27.000,14306,14307,14307,3
2020-12-25 15:40:27.000,14306,14307,14307,1
2020-12-25 15:40:41.000,14306,14307,14307,1
2020-12-25 15:40:42.000,14306,14307,14307,1
2020-12-25 15:40:43.000,14306,14307,14306,1
2020-12-25 15:40:49.000,14306,14307,14306,1
2020-12-25 15:41:08.000,14305,14306,14305,2
2020-12-25 15:41:17.000,14305,14306,14305,1
2020-12-25 15:41:18.000,14304,14306,14306,1
2020-12-25 15:41:40.000,14305,14306,14306,1
2020-12-25 15:42:00.000,14305,14306,14306,1
2020-12-25 15:42:00.000,14305,14306,14306,1
2020-12-25 15:42:01.000,14306,14307,14307,1
2020-12-25 15:42:01.000,14306,14307,14307,1
2020-12-25 15:42:01.000,14306,14307,14307,1
2020-12-25 15:42:01.000,14306,14307,14307,1
2020-12-25 15:42:01.000,14306,14307,14307,2
2020-12-25 15:42:01.000,14306,14307,14307,1
2020-12-25 15:42:01.000,14306,14307,14307,1
2020-12-25 15:42:01.000,14306,14307,14307,1
2020-12-25 15:42:01.000,14306,14308,14308,1
2020-12-25 15:42:01.000,14306,14308,14308,1
2020-12-25 15:42:01.000,14306,14308,14308,1
2020-12-25 15:42:01.000,14306,14308,14308,1
2020-12-25 15:42:01.000,14307,14308,14308,1
2020-12-25 15:42:02.000,14307,14308,14308,1
2020-12-25 15:42:02.000,14307,14308,14308,1
2020-12-25 15:42:10.000,14307,14308,14308,1
2020-12-25 15:42:13.000,14307,14308,14308,1
2020-12-25 15:42:17.000,14307,14308,14308,2
2020-12-25 15:42:34.000,14307,14308,14308,2
2020-12-25 15:42:36.000,14307,14308,14308,1
2020-12-25 15:42:36.000,14307,14308,14309,1
2020-12-25 15:42:37.000,14307,14308,14307,1
2020-12-25 15:42:39.000,14307,14308,14308,1
2020-12-25 15:42:45.000,14308,14309,14308,1
2020-12-25 15:42:49.000,14307,14308,14308,1
2020-12-25 15:43:21.000,14307,14308,14308,1
2020-12-25 15:43:22.000,14307,14309,14309,1
2020-12-25 15:43:22.000,14307,14309,14309,1
2020-12-25 15:43:23.000,14307,14309,14309,1
2020-12-25 15:43:34.000,14308,14309,14309,6
2020-12-25 15:43:34.000,14308,14309,14308,1
2020-12-25 15:43:34.000,14308,14309,14309,1
2020-12-25 15:43:39.000,14308,14309,14309,1
2020-12-25 15:43:39.000,14308,14309,14309,1
2020-12-25 15:43:45.000,14308,14309,14309,1
2020-12-25 15:43:48.000,14308,14309,14309,4
2020-12-25 15:43:58.000,14308,14309,14309,4
2020-12-25 15:44:06.000,14309,14310,14310,4
2020-12-25 15:44:06.000,14309,14310,14310,1
2020-12-25 15:44:21.000,14309,14310,14309,2
2020-12-25 15:44:32.000,14308,14309,14309,1
2020-12-25 15:44:32.000,14308,14309,14309,1
2020-12-25 15:44:33.000,14308,14309,14309,2
2020-12-25 15:44:40.000,14308,14309,14308,2
2020-12-25 15:44:43.000,14308,14309,14308,1
2020-12-25 15:44:50.000,14308,14309,14308,1
2020-12-25 15:44:51.000,14308,14309,14309,2
2020-12-25 15:44:52.000,14308,14309,14308,5
2020-12-25 15:44:55.000,14307,14308,14308,1
2020-12-25 15:44:58.000,14307,14308,14307,1
2020-12-25 15:44:59.000,14307,14308,14308,1
2020-12-25 15:45:04.000,14307,14308,14308,1
2020-12-25 15:45:05.000,14307,14308,14308,1
2020-12-25 15:45:05.000,14307,14308,14308,3
2020-12-25 15:45:05.000,14307,14308,14308,14
2020-12-25 15:45:05.000,14308,14310,14310,2
2020-12-25 15:45:05.000,14308,14310,14310,1
2020-12-25 15:45:05.000,14308,14310,14310,1
2020-12-25 15:45:05.000,14308,14310,14310,2
2020-12-25 15:45:05.000,14308,14310,14310,1
2020-12-25 15:45:05.000,14309,14310,14309,1
2020-12-25 15:45:05.000,14309,14310,14309,3
2020-12-25 15:45:05.000,14309,14310,14309,1
2020-12-25 15:45:05.000,14309,14310,14309,1
2020-12-25 15:45:05.000,14309,14310,14310,1
2020-12-25 15:45:09.000,14309,14310,14309,1
2020-12-25 15:45:18.000,14308,14309,14309,1
2020-12-25 15:45:26.000,14309,14310,14310,1
2020-12-25 15:45:28.000,14309,14310,14310,2
2020-12-25 15:45:29.000,14309,14310,14310,1
2020-12-25 15:45:29.000,14309,14310,14310,2
2020-12-25 15:45:30.000,14309,14310,14310,4
2020-12-25 15:45:30.000,14310,14311,14311,1
2020-12-25 15:45:30.000,14310,14311,14311,2
2020-12-25 15:45:30.000,14310,14311,14311,1
2020-12-25 15:45:30.000,14310,14311,14311,1
2020-12-25 15:45:30.000,14310,14311,14311,1
2020-12-25 15:45:30.000,14310,14311,14311,1
2020-12-25 15:45:30.000,14310,14311,14311,1
2020-12-25 15:45:31.000,14310,14312,14312,4
2020-12-25 15:45:31.000,14310,14312,14312,1
2020-12-25 15:45:31.000,14310,14312,14312,1
2020-12-25 15:45:31.000,14310,14312,14312,1
2020-12-25 15:45:32.000,14310,14312,14310,2
2020-12-25 15:45:32.000,14310,14312,14310,2
2020-12-25 15:45:32.000,14310,14312,14310,3
2020-12-25 15:45:39.000,14310,14311,14311,1
2020-12-25 15:45:47.000,14311,14312,14311,1
2020-12-25 15:45:59.000,14310,14311,14311,1
2020-12-25 15:46:04.000,14310,14311,14311,1
2020-12-25 15:46:08.000,14310,14311,14311,1
2020-12-25 15:46:08.000,14310,14312,14312,1
2020-12-25 15:46:08.000,14310,14312,14312,1
2020-12-25 15:46:08.000,14310,14312,14312,1
2020-12-25 15:46:16.000,14311,14312,14311,1
2020-12-25 15:46:17.000,14311,14312,14312,1
2020-12-25 15:46:17.000,14311,14312,14311,1
2020-12-25 15:46:17.000,14310,14312,14312,1
2020-12-25 15:46:17.000,14310,14312,14312,1
2020-12-25 15:46:26.000,14311,14312,14311,1
2020-12-25 15:46:28.000,14311,14312,14311,1
2020-12-25 15:46:29.000,14311,14312,14312,1
2020-12-25 15:46:32.000,14311,14312,14311,6
2020-12-25 15:46:32.000,14310,14311,14311,1
2020-12-25 15:46:39.000,14310,14311,14311,1
2020-12-25 15:46:53.000,14310,14311,14311,1
2020-12-25 15:46:54.000,14310,14311,14311,1
2020-12-25 15:46:54.000,14310,14311,14311,1
2020-12-25 15:46:54.000,14310,14311,14311,1
2020-12-25 15:46:54.000,14310,14311,14311,1
2020-12-25 15:46:54.000,14310,14311,14311,1
2020-12-25 15:46:54.000,14310,14311,14312,1
2020-12-25 15:46:54.000,14310,14311,14312,1
2020-12-25 15:46:54.000,14310,14311,14312,1
2020-12-25 15:46:54.000,14310,14311,14312,1
2020-12-25 15:46:54.000,14310,14311,14312,1
2020-12-25 15:46:54.000,14310,14311,14312,1
2020-12-25 15:46:54.000,14310,14311,14312,1
2020-12-25 15:46:54.000,14310,14311,14312,1
2020-12-25 15:46:54.000,14310,14311,14312,1
2020-12-25 15:46:54.000,14310,14311,14312,1
2020-12-25 15:46:54.000,14310,14311,14312,1
2020-12-25 15:46:54.000,14310,14311,14312,1
2020-12-25 15:46:54.000,14310,14311,14312,1
2020-12-25 15:46:54.000,14310,14311,14312,1
2020-12-25 15:46:54.000,14310,14311,14312,7
2020-12-25 15:46:54.000,14310,14311,14312,1
2020-12-25 15:46:54.000,14310,14311,14312,2
2020-12-25 15:46:54.000,14310,14311,14313,1
2020-12-25 15:46:54.000,14310,14311,14313,1
2020-12-25 15:46:54.000,14310,14311,14313,1
2020-12-25 15:46:55.000,14311,14313,14311,1
2020-12-25 15:46:59.000,14311,14313,14313,2
2020-12-25 15:47:07.000,14312,14313,14312,1
2020-12-25 15:47:08.000,14311,14313,14313,1
2020-12-25 15:47:23.000,14312,14313,14312,2
2020-12-25 15:47:27.000,14312,14313,14312,1
2020-12-25 15:47:31.000,14312,14313,14313,1
2020-12-25 15:47:33.000,14312,14313,14312,1
2020-12-25 15:47:34.000,14312,14313,14313,1
2020-12-25 15:47:39.000,14312,14313,14313,1
2020-12-25 15:47:42.000,14312,14313,14312,3
2020-12-25 15:47:42.000,14311,14312,14312,2
2020-12-25 15:47:43.000,14311,14312,14312,1
2020-12-25 15:47:43.000,14311,14312,14312,3
2020-12-25 15:47:45.000,14311,14312,14312,1
2020-12-25 15:47:47.000,14311,14312,14312,1
2020-12-25 15:47:48.000,14311,14312,14312,1
2020-12-25 15:47:49.000,14311,14312,14312,1
2020-12-25 15:47:49.000,14311,14312,14312,1
2020-12-25 15:47:50.000,14311,14312,14311,1
2020-12-25 15:47:51.000,14311,14312,14311,3
2020-12-25 15:47:51.000,14311,14312,14311,3
2020-12-25 15:47:52.000,14310,14312,14310,1
2020-12-25 15:47:57.000,14310,14311,14311,1
2020-12-25 15:48:04.000,14310,14311,14310,4
2020-12-25 15:48:04.000,14310,14311,14310,3
2020-12-25 15:48:05.000,14309,14310,14310,1
2020-12-25 15:48:05.000,14309,14310,14309,1
2020-12-25 15:48:08.000,14309,14310,14309,1
2020-12-25 15:48:08.000,14308,14310,14308,2
2020-12-25 15:48:08.000,14308,14310,14308,1
2020-12-25 15:48:08.000,14308,14310,14308,2
2020-12-25 15:48:10.000,14308,14309,14308,1
2020-12-25 15:48:10.000,14308,14309,14308,1
2020-12-25 15:48:12.000,14307,14310,14309,1
2020-12-25 15:48:14.000,14308,14310,14308,3
2020-12-25 15:48:14.000,14308,14310,14308,2
2020-12-25 15:48:17.000,14307,14308,14308,1
2020-12-25 15:48:26.000,14307,14308,14308,1
2020-12-25 15:48:26.000,14307,14308,14308,1
2020-12-25 15:48:29.000,14307,14308,14307,10
2020-12-25 15:48:30.000,14307,14308,14306,1
2020-12-25 15:48:30.000,14307,14308,14307,3
2020-12-25 15:48:30.000,14306,14308,14306,2
2020-12-25 15:48:30.000,14306,14308,14306,4
2020-12-25 15:48:30.000,14306,14308,14306,4
2020-12-25 15:48:30.000,14306,14308,14306,2
2020-12-25 15:48:31.000,14306,14307,14307,1
2020-12-25 15:48:34.000,14306,14307,14306,4
2020-12-25 15:48:36.000,14306,14307,14306,3
2020-12-25 15:48:37.000,14306,14307,14306,3
2020-12-25 15:48:38.000,14306,14307,14307,1
2020-12-25 15:48:38.000,14306,14307,14306,1
2020-12-25 15:48:38.000,14306,14307,14306,1
2020-12-25 15:48:40.000,14306,14308,14306,1
2020-12-25 15:48:40.000,14306,14308,14306,1
2020-12-25 15:48:40.000,14306,14308,14306,1
2020-12-25 15:48:41.000,14306,14307,14306,3
2020-12-25 15:48:52.000,14305,14306,14306,1
2020-12-25 15:48:58.000,14305,14306,14305,10
2020-12-25 15:49:01.000,14304,14305,14304,1
2020-12-25 15:49:01.000,14304,14305,14304,1
2020-12-25 15:49:01.000,14304,14305,14304,2
2020-12-25 15:49:01.000,14304,14305,14304,1
2020-12-25 15:49:04.000,14304,14305,14304,12
2020-12-25 15:49:04.000,14303,14304,14304,1
2020-12-25 15:49:06.000,14303,14304,14304,1
2020-12-25 15:49:06.000,14303,14304,14304,1
2020-12-25 15:49:06.000,14303,14304,14304,1
2020-12-25 15:49:06.000,14303,14304,14305,1
2020-12-25 15:49:19.000,14304,14305,14303,17
2020-12-25 15:49:19.000,14304,14305,14304,6
2020-12-25 15:49:22.000,14303,14304,14303,1
2020-12-25 15:49:24.000,14303,14304,14304,1
2020-12-25 15:49:27.000,14303,14304,14303,1
2020-12-25 15:49:36.000,14303,14304,14303,1
2020-12-25 15:49:38.000,14303,14304,14303,1
2020-12-25 15:49:43.000,14303,14304,14304,3
2020-12-25 15:49:46.000,14304,14305,14305,1
2020-12-25 15:49:48.000,14304,14305,14305,4
2020-12-25 15:50:11.000,14304,14306,14305,1
2020-12-25 15:50:15.000,14305,14306,14305,1
2020-12-25 15:50:43.000,14305,14306,14305,1
2020-12-25 15:50:58.000,14305,14306,14305,1
2020-12-25 15:51:06.000,14305,14306,14305,3
2020-12-25 15:51:06.000,14305,14306,14306,2
2020-12-25 15:51:09.000,14305,14306,14305,1
2020-12-25 15:51:16.000,14305,14306,14306,2
2020-12-25 15:51:30.000,14306,14307,14306,1
2020-12-25 15:52:06.000,14305,14306,14306,1
2020-12-25 15:52:10.000,14305,14306,14306,3
2020-12-25 15:52:12.000,14305,14306,14305,1
2020-12-25 15:52:21.000,14305,14306,14305,1
2020-12-25 15:52:31.000,14305,14306,14304,1
2020-12-25 15:52:31.000,14305,14306,14305,2
2020-12-25 15:52:38.000,14305,14306,14305,2
2020-12-25 15:52:45.000,14304,14305,14305,1
2020-12-25 15:52:55.000,14305,14306,14305,1
2020-12-25 15:53:28.000,14304,14305,14305,1
2020-12-25 15:53:34.000,14304,14305,14305,1
2020-12-25 15:53:35.000,14304,14305,14304,1
2020-12-25 15:53:44.000,14304,14305,14304,1
2020-12-25 15:53:44.000,14304,14305,14304,2
2020-12-25 15:53:45.000,14304,14305,14305,1
2020-12-25 15:53:53.000,14304,14305,14304,1
2020-12-25 15:53:59.000,14304,14305,14304,1
2020-12-25 15:54:12.000,14304,14305,14304,2
2020-12-25 15:54:12.000,14304,14305,14304,3
2020-12-25 15:54:12.000,14304,14305,14304,1
2020-12-25 15:54:27.000,14303,14304,14303,1
2020-12-25 15:54:38.000,14303,14304,14303,1
2020-12-25 15:54:52.000,14303,14304,14304,2
2020-12-25 15:55:13.000,14304,14305,14304,1
2020-12-25 15:55:18.000,14304,14305,14304,1
2020-12-25 15:55:38.000,14304,14305,14304,1
2020-12-25 15:55:45.000,14304,14305,14304,1
2020-12-25 15:55:46.000,14303,14305,14303,2
2020-12-25 15:55:49.000,14303,14304,14303,2
2020-12-25 15:56:04.000,14303,14304,14303,2
2020-12-25 15:56:11.000,14303,14304,14303,1
2020-12-25 15:56:12.000,14303,14304,14303,5
2020-12-25 15:56:13.000,14302,14304,14303,1
2020-12-25 15:57:08.000,14302,14303,14302,1
2020-12-25 15:57:08.000,14302,14303,14302,1
2020-12-25 15:57:08.000,14302,14303,14302,4
2020-12-25 15:57:08.000,14302,14303,14302,14
2020-12-25 15:57:10.000,14301,14302,14301,2
2020-12-25 15:57:10.000,14301,14302,14301,1
2020-12-25 15:57:11.000,14301,14302,14301,1
2020-12-25 15:57:12.000,14301,14302,14301,1
2020-12-25 15:57:13.000,14301,14302,14301,1
2020-12-25 15:57:13.000,14301,14302,14301,5
2020-12-25 15:57:13.000,14301,14302,14301,8
2020-12-25 15:57:14.000,14300,14302,14300,1
2020-12-25 15:57:15.000,14300,14302,14300,1
2020-12-25 15:57:15.000,14300,14302,14300,1
2020-12-25 15:57:17.000,14300,14302,14301,1
2020-12-25 15:57:17.000,14300,14302,14301,2
2020-12-25 15:57:20.000,14300,14301,14300,1
2020-12-25 15:57:23.000,14300,14301,14301,1
2020-12-25 15:57:27.000,14300,14301,14301,9
2020-12-25 15:57:35.000,14301,14302,14302,1
2020-12-25 15:57:49.000,14303,14304,14303,1
2020-12-25 15:57:55.000,14302,14303,14303,1
2020-12-25 15:58:08.000,14303,14304,14303,1
2020-12-25 15:58:28.000,14303,14304,14304,1
2020-12-25 15:58:42.000,14303,14305,14305,1
2020-12-25 15:58:51.000,14304,14305,14305,1
2020-12-25 15:58:56.000,14304,14305,14305,3
2020-12-25 15:58:57.000,14304,14305,14305,2
2020-12-25 15:59:02.000,14304,14306,14305,1
2020-12-25 15:59:09.000,14305,14306,14305,1
2020-12-25 15:59:21.000,14305,14306,14305,2
2020-12-25 15:59:32.000,14303,14305,14303,1
2020-12-25 15:59:56.000,14303,14304,14304,1
2020-12-25 16:00:29.000,14303,14304,14303,1
2020-12-25 16:00:29.000,14304,14306,14306,1
2020-12-25 16:00:30.000,14304,14306,14304,1
2020-12-25 16:00:30.000,14304,14306,14304,1
2020-12-25 16:00:30.000,14304,14306,14304,1
2020-12-25 16:00:30.000,14304,14306,14304,1
2020-12-25 16:00:30.000,14304,14306,14304,1
2020-12-25 16:00:30.000,14304,14306,14304,1
2020-12-25 16:00:30.000,14304,14306,14303,1
2020-12-25 16:00:30.000,14303,14305,14303,1
2020-12-25 16:00:35.000,14303,14304,14304,1
2020-12-25 16:01:02.000,14303,14304,14304,2
2020-12-25 16:01:03.000,14304,14305,14304,1
2020-12-25 16:01:03.000,14304,14305,14305,1
2020-12-25 16:01:03.000,14304,14305,14305,1
2020-12-25 16:01:21.000,14304,14305,14304,1
2020-12-25 16:01:55.000,14304,14305,14305,3
2020-12-25 16:01:55.000,14304,14305,14305,1
2020-12-25 16:01:55.000,14304,14305,14305,1
2020-12-25 16:01:55.000,14304,14305,14305,1
2020-12-25 16:02:02.000,14304,14305,14305,6
2020-12-25 16:02:02.000,14304,14305,14305,1
2020-12-25 16:02:02.000,14304,14305,14305,2
2020-12-25 16:02:16.000,14304,14305,14305,3
2020-12-25 16:02:23.000,14305,14306,14306,3
2020-12-25 16:02:28.000,14305,14306,14306,1
2020-12-25 16:02:28.000,14305,14306,14306,1
2020-12-25 16:02:55.000,14305,14306,14306,1
2020-12-25 16:03:02.000,14305,14306,14306,3
2020-12-25 16:03:02.000,14305,14306,14306,3
2020-12-25 16:03:28.000,14306,14307,14306,1
2020-12-25 16:03:33.000,14306,14307,14306,1
2020-12-25 16:04:02.000,14306,14307,14307,2
2020-12-25 16:04:02.000,14306,14307,14306,1
2020-12-25 16:04:08.000,14306,14307,14307,2
2020-12-25 16:04:09.000,14306,14307,14306,1
2020-12-25 16:04:12.000,14306,14307,14307,2
2020-12-25 16:04:15.000,14306,14307,14306,1
2020-12-25 16:04:37.000,14306,14307,14306,1
2020-12-25 16:04:45.000,14306,14307,14306,2
2020-12-25 16:04:47.000,14306,14307,14307,1
2020-12-25 16:04:56.000,14306,14307,14307,3
2020-12-25 16:04:56.000,14306,14307,14307,1
2020-12-25 16:05:01.000,14307,14308,14308,12
2020-12-25 16:05:02.000,14308,14309,14308,1
2020-12-25 16:05:10.000,14308,14309,14308,1
2020-12-25 16:05:19.000,14308,14309,14309,1
2020-12-25 16:05:26.000,14308,14309,14309,1
2020-12-25 16:05:56.000,14308,14309,14308,1
2020-12-25 16:06:00.000,14308,14309,14308,1
2020-12-25 16:06:17.000,14307,14308,14308,1
2020-12-25 16:06:18.000,14307,14308,14308,1
2020-12-25 16:06:22.000,14307,14308,14307,1
2020-12-25 16:06:28.000,14306,14307,14307,1
2020-12-25 16:06:34.000,14306,14307,14307,1
2020-12-25 16:06:47.000,14306,14307,14307,1
2020-12-25 16:07:01.000,14306,14307,14307,1
2020-12-25 16:07:01.000,14306,14307,14307,1
2020-12-25 16:07:01.000,14306,14307,14307,1
2020-12-25 16:07:02.000,14306,14307,14307,2
2020-12-25 16:08:14.000,14306,14307,14307,1
2020-12-25 16:08:15.000,14306,14308,14308,1
2020-12-25 16:08:16.000,14307,14308,14307,1
2020-12-25 16:08:21.000,14307,14308,14308,1
2020-12-25 16:08:42.000,14307,14308,14308,1
2020-12-25 16:09:02.000,14307,14308,14308,1
2020-12-25 16:09:06.000,14307,14308,14308,2
2020-12-25 16:09:07.000,14307,14308,14308,1
2020-12-25 16:09:18.000,14307,14308,14308,1
2020-12-25 16:09:52.000,14307,14308,14307,3
2020-12-25 16:09:52.000,14307,14308,14307,1
2020-12-25 16:09:58.000,14307,14308,14307,1
2020-12-25 16:10:06.000,14306,14308,14308,5
2020-12-25 16:10:06.000,14306,14308,14309,1
2020-12-25 16:10:06.000,14307,14309,14309,6
2020-12-25 16:10:06.000,14307,14309,14309,2
2020-12-25 16:10:06.000,14307,14309,14309,6
2020-12-25 16:10:06.000,14307,14309,14309,1
2020-12-25 16:10:06.000,14307,14309,14309,1
2020-12-25 16:10:06.000,14308,14310,14310,4
2020-12-25 16:10:06.000,14308,14310,14310,2
2020-12-25 16:10:06.000,14309,14310,14310,6
2020-12-25 16:10:06.000,14309,14310,14310,4
2020-12-25 16:10:06.000,14309,14310,14311,4
2020-12-25 16:10:07.000,14309,14311,14310,1
2020-12-25 16:10:07.000,14309,14311,14311,4
2020-12-25 16:10:07.000,14309,14311,14311,2
2020-12-25 16:10:07.000,14309,14311,14311,2
2020-12-25 16:10:07.000,14309,14311,14311,2
2020-12-25 16:10:07.000,14309,14311,14311,2
2020-12-25 16:10:07.000,14309,14311,14310,1
2020-12-25 16:10:15.000,14309,14310,14309,3
2020-12-25 16:10:17.000,14309,14310,14310,1
2020-12-25 16:10:18.000,14309,14310,14310,1
2020-12-25 16:10:18.000,14309,14310,14310,2
2020-12-25 16:10:35.000,14309,14310,14310,1
2020-12-25 16:10:48.000,14309,14310,14310,2
2020-12-25 16:10:50.000,14309,14310,14310,1
2020-12-25 16:10:53.000,14309,14310,14310,1
2020-12-25 16:10:54.000,14309,14310,14310,1
2020-12-25 16:11:07.000,14309,14310,14309,2
2020-12-25 16:11:07.000,14309,14310,14309,4
2020-12-25 16:11:07.000,14309,14310,14309,1
2020-12-25 16:11:22.000,14308,14309,14308,1
2020-12-25 16:11:29.000,14308,14309,14308,1
2020-12-25 16:11:29.000,14307,14309,14307,1
2020-12-25 16:12:02.000,14306,14307,14306,6
2020-12-25 16:12:02.000,14306,14307,14307,1
2020-12-25 16:12:06.000,14306,14307,14307,2
2020-12-25 16:12:49.000,14307,14309,14307,1
2020-12-25 16:13:02.000,14307,14308,14307,2
2020-12-25 16:13:02.000,14307,14308,14307,1
2020-12-25 16:13:05.000,14307,14308,14307,2
2020-12-25 16:13:06.000,14307,14308,14308,1
2020-12-25 16:13:20.000,14307,14308,14308,1
2020-12-25 16:13:25.000,14308,14309,14308,1
2020-12-25 16:13:25.000,14307,14309,14309,1
2020-12-25 16:13:47.000,14307,14308,14308,1
2020-12-25 16:13:47.000,14307,14308,14309,4
2020-12-25 16:15:02.000,14307,14308,14308,3
2020-12-25 16:15:02.000,14307,14308,14308,1
2020-12-25 16:15:55.000,14307,14308,14307,1
2020-12-25 16:16:02.000,14307,14308,14308,2
2020-12-25 16:16:02.000,14307,14308,14307,1
2020-12-25 16:16:06.000,14307,14308,14308,1
2020-12-25 16:16:41.000,14307,14308,14308,2
2020-12-25 16:17:02.000,14307,14308,14307,1
2020-12-25 16:18:01.000,14307,14308,14308,2
2020-12-25 16:18:22.000,14307,14308,14308,1
2020-12-25 16:18:42.000,14307,14308,14308,1
2020-12-25 16:19:34.000,14307,14308,14307,1
2020-12-25 16:19:49.000,14307,14308,14307,2
2020-12-25 16:20:02.000,14306,14307,14306,2
2020-12-25 16:20:55.000,14306,14307,14306,1
2020-12-25 16:21:13.000,14306,14307,14306,2
2020-12-25 16:21:25.000,14306,14307,14306,3
2020-12-25 16:21:35.000,14306,14307,14306,1
2020-12-25 16:22:28.000,14305,14306,14306,3
2020-12-25 16:22:30.000,14305,14306,14306,4
2020-12-25 16:22:40.000,14305,14307,14305,1
2020-12-25 16:23:02.000,14305,14306,14305,1
2020-12-25 16:23:03.000,14305,14306,14305,1
2020-12-25 16:23:03.000,14305,14306,14305,1
2020-12-25 16:23:03.000,14305,14306,14305,1
2020-12-25 16:23:03.000,14305,14306,14305,1
2020-12-25 16:23:03.000,14305,14306,14305,1
2020-12-25 16:23:03.000,14305,14306,14305,1
2020-12-25 16:23:03.000,14305,14306,14305,1
2020-12-25 16:23:04.000,14305,14306,14305,1
2020-12-25 16:23:04.000,14305,14306,14305,1
2020-12-25 16:23:04.000,14305,14306,14305,1
2020-12-25 16:23:04.000,14304,14305,14304,1
2020-12-25 16:23:04.000,14304,14305,14304,1
2020-12-25 16:23:04.000,14304,14305,14304,1
2020-12-25 16:23:04.000,14304,14305,14304,1
2020-12-25 16:23:05.000,14304,14305,14304,1
2020-12-25 16:23:05.000,14304,14305,14304,1
2020-12-25 16:23:06.000,14304,14305,14304,1
2020-12-25 16:23:08.000,14304,14305,14304,1
2020-12-25 16:23:08.000,14304,14306,14306,1
2020-12-25 16:23:08.000,14304,14306,14306,1
2020-12-25 16:23:08.000,14304,14306,14306,1
2020-12-25 16:23:08.000,14304,14306,14307,1
2020-12-25 16:23:08.000,14304,14306,14307,1
2020-12-25 16:23:08.000,14304,14306,14307,1
2020-12-25 16:23:08.000,14304,14306,14307,1
2020-12-25 16:23:08.000,14304,14306,14307,1
2020-12-25 16:23:08.000,14304,14306,14307,1
2020-12-25 16:23:08.000,14305,14307,14305,1
2020-12-25 16:23:08.000,14304,14307,14304,1
2020-12-25 16:23:08.000,14304,14306,14304,1
2020-12-25 16:23:09.000,14304,14306,14304,1
2020-12-25 16:23:09.000,14304,14306,14304,1
2020-12-25 16:23:09.000,14304,14306,14304,1
2020-12-25 16:23:09.000,14304,14306,14304,1
2020-12-25 16:23:10.000,14304,14306,14304,1
2020-12-25 16:23:11.000,14304,14306,14304,1
2020-12-25 16:23:11.000,14304,14306,14304,1
2020-12-25 16:23:11.000,14304,14306,14304,1
2020-12-25 16:23:11.000,14304,14306,14304,1
2020-12-25 16:23:11.000,14304,14306,14304,1
2020-12-25 16:23:11.000,14304,14306,14304,1
2020-12-25 16:23:38.000,14304,14306,14304,3
2020-12-25 16:23:43.000,14303,14304,14303,1
2020-12-25 16:23:43.000,14303,14304,14304,1
2020-12-25 16:23:45.000,14303,14304,14304,1
2020-12-25 16:23:45.000,14303,14304,14304,2
2020-12-25 16:23:45.000,14303,14304,14304,4
2020-12-25 16:23:45.000,14303,14304,14304,5
2020-12-25 16:23:45.000,14303,14304,14304,4
2020-12-25 16:24:52.000,14305,14306,14305,1
2020-12-25 16:25:17.000,14305,14306,14305,2
2020-12-25 16:26:01.000,14304,14306,14304,1
2020-12-25 16:26:06.000,14304,14306,14306,1
2020-12-25 16:26:23.000,14304,14306,14306,1
2020-12-25 16:27:22.000,14305,14306,14306,1
2020-12-25 16:27:57.000,14305,14306,14306,1
2020-12-25 16:28:02.000,14305,14306,14305,1
2020-12-25 16:29:00.000,14305,14306,14305,1
2020-12-25 16:29:02.000,14305,14306,14306,3
2020-12-25 16:30:02.000,14305,14306,14306,1
2020-12-25 16:30:13.000,14305,14306,14306,1
2020-12-25 16:30:34.000,14306,14307,14307,1
2020-12-25 16:30:34.000,14306,14307,14307,1
2020-12-25 16:30:34.000,14306,14307,14307,1
2020-12-25 16:30:45.000,14306,14308,14308,1
2020-12-25 16:30:45.000,14306,14308,14308,1
2020-12-25 16:30:45.000,14306,14308,14308,1
2020-12-25 16:31:13.000,14307,14308,14306,2
2020-12-25 16:31:13.000,14307,14308,14307,3
2020-12-25 16:31:13.000,14305,14307,14307,1
2020-12-25 16:31:43.000,14306,14307,14307,1
2020-12-25 16:31:44.000,14306,14307,14307,1
2020-12-25 16:32:02.000,14306,14307,14307,1
2020-12-25 16:32:02.000,14306,14308,14308,2
2020-12-25 16:32:02.000,14306,14308,14308,1
2020-12-25 16:33:02.000,14307,14308,14308,3
2020-12-25 16:35:34.000,14307,14308,14307,1
2020-12-25 16:35:39.000,14306,14307,14306,1
2020-12-25 16:35:39.000,14305,14307,14307,1
2020-12-25 16:36:03.000,14306,14307,14306,1
2020-12-25 16:36:33.000,14306,14307,14306,1
2020-12-25 16:36:35.000,14305,14306,14305,1
2020-12-25 16:36:44.000,14305,14306,14306,2
2020-12-25 16:37:09.000,14305,14306,14306,1
2020-12-25 16:37:28.000,14305,14306,14305,1
2020-12-25 16:37:38.000,14305,14306,14306,1
2020-12-25 16:37:50.000,14305,14306,14305,2
2020-12-25 16:38:02.000,14305,14306,14306,1
2020-12-25 16:39:03.000,14305,14307,14307,5
2020-12-25 16:41:05.000,14306,14307,14306,1
2020-12-25 16:41:05.000,14306,14307,14305,1
2020-12-25 16:41:05.000,14306,14307,14306,3
2020-12-25 16:41:05.000,14305,14307,14305,2
2020-12-25 16:41:05.000,14305,14307,14305,4
2020-12-25 16:41:05.000,14305,14306,14306,1
2020-12-25 16:41:22.000,14305,14306,14305,3
2020-12-25 16:41:34.000,14304,14306,14304,3
2020-12-25 16:41:35.000,14304,14306,14306,1
2020-12-25 16:41:35.000,14304,14306,14306,1
2020-12-25 16:41:35.000,14305,14307,14305,1
2020-12-25 16:41:35.000,14305,14307,14307,1
2020-12-25 16:41:35.000,14305,14307,14307,1
2020-12-25 16:41:49.000,14305,14307,14305,2
2020-12-25 16:41:59.000,14304,14306,14304,2
2020-12-25 16:41:59.000,14304,14306,14306,2
2020-12-25 16:42:12.000,14304,14306,14304,2
2020-12-25 16:42:19.000,14304,14306,14304,1
2020-12-25 16:43:24.000,14305,14306,14305,1
2020-12-25 16:43:30.000,14304,14305,14305,1
2020-12-25 16:44:02.000,14305,14306,14305,1
2020-12-25 16:44:30.000,14305,14306,14305,1
2020-12-25 16:44:57.000,14305,14306,14305,4
2020-12-25 16:44:57.000,14305,14306,14305,2
2020-12-25 16:45:02.000,14304,14305,14305,2
2020-12-25 16:45:04.000,14304,14305,14304,1
2020-12-25 16:46:29.000,14304,14305,14304,3
2020-12-25 16:46:29.000,14304,14305,14304,2
2020-12-25 16:46:29.000,14304,14305,14304,2
2020-12-25 16:46:58.000,14303,14305,14304,1
2020-12-25 16:47:29.000,14304,14305,14304,1
2020-12-25 16:47:46.000,14304,14305,14304,1
2020-12-25 16:48:14.000,14303,14305,14303,1
2020-12-25 16:48:14.000,14303,14305,14303,1
2020-12-25 16:48:14.000,14303,14305,14303,1
2020-12-25 16:48:33.000,14303,14304,14303,1
2020-12-25 16:48:34.000,14303,14304,14303,4
2020-12-25 16:48:34.000,14303,14304,14303,3
2020-12-25 16:48:34.000,14303,14304,14303,11
2020-12-25 16:48:48.000,14302,14303,14302,8
2020-12-25 16:48:55.000,14302,14303,14302,1
2020-12-25 16:48:59.000,14302,14303,14302,1
2020-12-25 16:49:01.000,14302,14303,14302,1
2020-12-25 16:49:02.000,14302,14303,14303,2
2020-12-25 16:49:38.000,14302,14303,14303,1
2020-12-25 16:49:50.000,14302,14303,14303,1
2020-12-25 16:50:02.000,14302,14303,14302,1
2020-12-25 16:50:11.000,14302,14303,14302,1
2020-12-25 16:50:17.000,14302,14303,14302,2
2020-12-25 16:50:23.000,14302,14303,14302,1
2020-12-25 16:50:33.000,14302,14303,14302,3
2020-12-25 16:50:35.000,14302,14303,14302,1
2020-12-25 16:50:49.000,14302,14303,14302,1
2020-12-25 16:51:19.000,14302,14303,14302,1
2020-12-25 16:51:28.000,14302,14303,14301,4
2020-12-25 16:51:28.000,14302,14303,14302,4
2020-12-25 16:51:31.000,14301,14303,14303,1
2020-12-25 16:52:01.000,14302,14303,14303,1
2020-12-25 16:52:15.000,14302,14303,14303,5
2020-12-25 16:52:15.000,14302,14303,14303,1
2020-12-25 16:52:15.000,14302,14303,14303,3
2020-12-25 16:52:16.000,14302,14304,14302,1
2020-12-25 16:52:22.000,14302,14304,14304,1
2020-12-25 16:54:25.000,14303,14304,14304,1
2020-12-25 16:55:03.000,14303,14304,14303,3
2020-12-25 16:55:29.000,14303,14304,14304,1
2020-12-25 16:55:47.000,14303,14304,14303,1
2020-12-25 16:55:49.000,14303,14304,14304,1
2020-12-25 16:56:10.000,14303,14304,14303,1
2020-12-25 16:56:27.000,14303,14304,14303,1
2020-12-25 16:56:52.000,14303,14304,14303,1
2020-12-25 16:57:16.000,14303,14304,14303,2
2020-12-25 16:57:24.000,14303,14304,14303,2
2020-12-25 16:57:24.000,14303,14304,14303,1
2020-12-25 16:57:41.000,14302,14303,14302,2
2020-12-25 16:57:59.000,14302,14303,14302,15
2020-12-25 16:58:08.000,14302,14303,14303,2
2020-12-25 16:58:13.000,14302,14303,14303,1
2020-12-25 16:58:31.000,14302,14303,14303,1
2020-12-25 16:58:53.000,14302,14303,14302,1
2020-12-25 16:58:56.000,14302,14303,14302,4
2020-12-25 16:59:02.000,14302,14303,14303,2
2020-12-25 16:59:13.000,14302,14303,14302,1
2020-12-25 16:59:27.000,14302,14303,14302,1
2020-12-25 16:59:46.000,14302,14303,14302,1
2020-12-25 17:00:20.000,14302,14303,14302,3
2020-12-25 17:00:45.000,14302,14303,14302,1
2020-12-25 17:00:47.000,14302,14303,14303,1
2020-12-25 17:00:59.000,14302,14303,14302,1
2020-12-25 17:01:02.000,14302,14303,14302,4
2020-12-25 17:01:20.000,14302,14303,14302,1
2020-12-25 17:02:06.000,14302,14303,14302,1
2020-12-25 17:02:51.000,14302,14303,14303,1
2020-12-25 17:02:52.000,14302,14303,14303,2
2020-12-25 17:03:01.000,14302,14303,14303,1
2020-12-25 17:03:21.000,14302,14303,14303,1
2020-12-25 17:03:57.000,14303,14304,14303,1
2020-12-25 17:04:33.000,14303,14304,14304,1
2020-12-25 17:07:09.000,14303,14304,14304,1
2020-12-25 17:07:10.000,14303,14304,14304,1
2020-12-25 17:07:41.000,14303,14304,14304,1
2020-12-25 17:07:50.000,14303,14304,14303,1
2020-12-25 17:08:55.000,14303,14304,14304,5
2020-12-25 17:08:55.000,14303,14304,14304,3
2020-12-25 17:10:03.000,14304,14305,14304,1
2020-12-25 17:11:19.000,14303,14304,14304,1
2020-12-25 17:12:02.000,14303,14304,14304,1
2020-12-25 17:14:51.000,14304,14305,14304,2
2020-12-25 17:15:07.000,14304,14305,14304,1
2020-12-25 17:15:26.000,14304,14305,14304,1
2020-12-25 17:16:02.000,14303,14304,14304,2
2020-12-25 17:17:21.000,14303,14304,14304,1
2020-12-25 17:17:26.000,14304,14305,14304,1
2020-12-25 17:17:26.000,14303,14305,14305,1
2020-12-25 17:17:26.000,14303,14305,14305,1
2020-12-25 17:18:03.000,14304,14305,14305,2
2020-12-25 17:18:03.000,14304,14305,14305,1
2020-12-25 17:18:03.000,14304,14305,14305,1
2020-12-25 17:18:03.000,14304,14305,14305,1
2020-12-25 17:18:03.000,14304,14305,14305,1
2020-12-25 17:18:03.000,14304,14305,14305,1
2020-12-25 17:18:03.000,14304,14305,14305,1
2020-12-25 17:18:03.000,14304,14305,14305,1
2020-12-25 17:18:03.000,14304,14305,14305,1
2020-12-25 17:18:03.000,14304,14305,14306,1
2020-12-25 17:18:03.000,14304,14305,14306,1
2020-12-25 17:18:03.000,14304,14305,14306,1
2020-12-25 17:18:03.000,14304,14305,14306,1
2020-12-25 17:18:03.000,14304,14305,14306,1
2020-12-25 17:18:07.000,14305,14306,14305,1
2020-12-25 17:18:21.000,14304,14306,14304,1
2020-12-25 17:19:54.000,14304,14305,14305,2
2020-12-25 17:20:32.000,14304,14305,14304,3
2020-12-25 17:20:55.000,14304,14305,14304,4
2020-12-25 17:21:52.000,14304,14305,14304,1
2020-12-25 17:22:06.000,14304,14305,14304,1
2020-12-25 17:22:13.000,14304,14305,14305,1
2020-12-25 17:22:58.000,14304,14305,14305,1
2020-12-25 17:24:35.000,14304,14305,14304,4
2020-12-25 17:24:35.000,14303,14304,14304,2
2020-12-25 17:25:16.000,14303,14304,14304,1
2020-12-25 17:25:37.000,14303,14304,14303,1
2020-12-25 17:25:45.000,14303,14304,14303,6
2020-12-25 17:26:00.000,14303,14304,14303,7
2020-12-25 17:26:48.000,14302,14303,14303,1
2020-12-25 17:28:28.000,14302,14303,14303,1
2020-12-25 17:28:35.000,14302,14304,14302,1
2020-12-25 17:28:45.000,14302,14304,14302,13
2020-12-25 17:28:56.000,14302,14304,14302,1
2020-12-25 17:29:05.000,14302,14304,14304,1
2020-12-25 17:29:33.000,14303,14304,14303,1
2020-12-25 17:32:05.000,14302,14303,14302,1
2020-12-25 17:32:06.000,14302,14303,14302,1
2020-12-25 17:32:11.000,14302,14303,14302,1
2020-12-25 17:32:15.000,14302,14303,14302,1
2020-12-25 17:32:17.000,14302,14303,14302,3
2020-12-25 17:32:24.000,14302,14303,14302,1
2020-12-25 17:32:58.000,14302,14303,14303,1
2020-12-25 17:33:22.000,14302,14303,14302,1
2020-12-25 17:33:31.000,14302,14303,14302,1
2020-12-25 17:34:17.000,14302,14303,14302,1
2020-12-25 17:34:17.000,14302,14303,14302,1
2020-12-25 17:34:17.000,14302,14303,14302,4
2020-12-25 17:34:17.000,14302,14303,14302,3
2020-12-25 17:34:28.000,14301,14302,14302,1
2020-12-25 17:35:01.000,14301,14302,14302,1
2020-12-25 17:35:02.000,14301,14302,14302,1
2020-12-25 17:35:10.000,14302,14303,14302,1
2020-12-25 17:36:02.000,14302,14303,14303,2
2020-12-25 17:36:06.000,14302,14303,14302,1
2020-12-25 17:36:06.000,14302,14303,14302,1
2020-12-25 17:36:06.000,14302,14303,14302,1
2020-12-25 17:36:06.000,14302,14303,14302,1
2020-12-25 17:36:06.000,14302,14303,14301,1
2020-12-25 17:36:06.000,14302,14303,14302,1
2020-12-25 17:36:06.000,14301,14303,14301,1
2020-12-25 17:36:07.000,14301,14303,14301,1
2020-12-25 17:36:18.000,14301,14303,14301,1
2020-12-25 17:36:36.000,14302,14303,14302,2
2020-12-25 17:36:37.000,14301,14303,14301,2
2020-12-25 17:36:51.000,14301,14303,14301,1
2020-12-25 17:37:37.000,14301,14302,14301,1
2020-12-25 17:38:06.000,14301,14302,14301,1
2020-12-25 17:38:18.000,14301,14302,14301,1
2020-12-25 17:38:36.000,14301,14302,14302,1
2020-12-25 17:38:38.000,14301,14302,14301,1
2020-12-25 17:39:51.000,14301,14302,14302,1
2020-12-25 17:39:54.000,14301,14302,14301,1
2020-12-25 17:40:20.000,14301,14302,14301,15
2020-12-25 17:40:20.000,14301,14302,14301,4
2020-12-25 17:40:20.000,14301,14302,14301,5
2020-12-25 17:40:20.000,14301,14302,14301,2
2020-12-25 17:40:20.000,14301,14302,14301,8
2020-12-25 17:40:22.000,14300,14301,14300,3
2020-12-25 17:40:22.000,14300,14301,14300,2
2020-12-25 17:40:23.000,14300,14301,14300,1
2020-12-25 17:40:23.000,14300,14301,14300,1
2020-12-25 17:40:36.000,14300,14301,14300,1
2020-12-25 17:40:49.000,14300,14301,14301,1
2020-12-25 17:41:09.000,14300,14301,14301,4
2020-12-25 17:41:09.000,14300,14301,14301,1
2020-12-25 17:41:23.000,14300,14301,14300,1
2020-12-25 17:41:30.000,14300,14301,14301,2
2020-12-25 17:41:31.000,14301,14302,14301,1
2020-12-25 17:42:08.000,14301,14302,14302,9
2020-12-25 17:42:09.000,14302,14303,14301,4
2020-12-25 17:42:09.000,14302,14303,14302,1
2020-12-25 17:42:42.000,14302,14303,14302,1
2020-12-25 17:42:59.000,14301,14302,14301,1
2020-12-25 17:43:06.000,14301,14302,14302,1
2020-12-25 17:44:51.000,14301,14302,14302,1
2020-12-25 17:46:42.000,14302,14303,14302,1
2020-12-25 17:46:42.000,14302,14303,14302,2
2020-12-25 17:46:42.000,14302,14303,14301,2
2020-12-25 17:46:42.000,14302,14303,14302,1
2020-12-25 17:46:43.000,14301,14303,14301,1
2020-12-25 17:46:43.000,14301,14303,14301,1
2020-12-25 17:46:44.000,14301,14303,14301,1
2020-12-25 17:46:45.000,14301,14302,14301,4
2020-12-25 17:46:45.000,14301,14302,14301,3
2020-12-25 17:46:45.000,14300,14302,14300,1
2020-12-25 17:46:45.000,14300,14302,14300,2
2020-12-25 17:46:46.000,14300,14302,14300,6
2020-12-25 17:46:46.000,14300,14302,14300,1
2020-12-25 17:47:02.000,14300,14302,14302,1
2020-12-25 17:48:49.000,14301,14302,14302,1
2020-12-25 17:48:49.000,14301,14303,14301,1
2020-12-25 17:48:49.000,14301,14303,14301,3
2020-12-25 17:49:20.000,14301,14302,14301,3
2020-12-25 17:49:45.000,14301,14302,14300,1
2020-12-25 17:49:45.000,14301,14302,14301,1
2020-12-25 17:50:59.000,14300,14301,14301,1
2020-12-25 17:51:50.000,14300,14301,14300,1
2020-12-25 17:52:12.000,14300,14301,14301,4
2020-12-25 17:53:31.000,14301,14302,14302,1
2020-12-25 17:53:51.000,14301,14302,14302,2
2020-12-25 17:55:04.000,14301,14302,14302,2
2020-12-25 17:56:11.000,14302,14303,14302,1
2020-12-25 17:57:19.000,14302,14303,14302,1
2020-12-25 17:58:00.000,14302,14303,14303,1
2020-12-25 17:58:01.000,14302,14303,14303,1
2020-12-25 17:58:33.000,14302,14303,14303,1
2020-12-25 18:00:06.000,14302,14303,14303,1
2020-12-25 18:00:06.000,14302,14303,14303,12
2020-12-25 18:00:06.000,14303,14304,14304,3
2020-12-25 18:00:06.000,14303,14304,14303,1
2020-12-25 18:00:07.000,14303,14304,14303,1
2020-12-25 18:00:07.000,14302,14304,14302,3
2020-12-25 18:00:07.000,14302,14304,14302,3
2020-12-25 18:00:07.000,14302,14304,14302,1
2020-12-25 18:00:07.000,14302,14304,14302,1
2020-12-25 18:00:07.000,14302,14304,14302,1
2020-12-25 18:00:07.000,14302,14304,14301,1
2020-12-25 18:00:07.000,14302,14304,14301,1
2020-12-25 18:00:07.000,14302,14304,14301,1
2020-12-25 18:00:07.000,14302,14304,14301,1
2020-12-25 18:00:07.000,14302,14304,14301,1
2020-12-25 18:00:07.000,14302,14304,14301,1
2020-12-25 18:00:07.000,14302,14304,14301,3
2020-12-25 18:00:07.000,14302,14304,14301,1
2020-12-25 18:00:07.000,14302,14304,14301,1
2020-12-25 18:00:07.000,14302,14304,14301,1
2020-12-25 18:00:18.000,14301,14303,14303,2
2020-12-25 18:00:18.000,14302,14303,14302,1
2020-12-25 18:00:27.000,14301,14303,14301,1
2020-12-25 18:00:27.000,14301,14303,14301,1
2020-12-25 18:00:27.000,14301,14303,14301,2
2020-12-25 18:00:27.000,14301,14303,14301,1
2020-12-25 18:00:27.000,14301,14303,14301,3
2020-12-25 18:00:27.000,14301,14303,14300,3
2020-12-25 18:00:27.000,14301,14303,14301,1
2020-12-25 18:01:15.000,14301,14303,14301,1
2020-12-25 18:01:15.000,14301,14303,14301,2
2020-12-25 18:01:15.000,14301,14303,14301,1
2020-12-25 18:01:15.000,14301,14303,14300,1
2020-12-25 18:01:15.000,14301,14303,14300,1
2020-12-25 18:01:15.000,14301,14303,14300,1
2020-12-25 18:01:15.000,14301,14303,14300,2
2020-12-25 18:01:15.000,14301,14303,14300,1
2020-12-25 18:01:15.000,14301,14303,14300,1
2020-12-25 18:01:15.000,14301,14303,14300,1
2020-12-25 18:01:15.000,14301,14303,14300,1
2020-12-25 18:01:15.000,14301,14303,14300,1
2020-12-25 18:01:15.000,14301,14303,14300,1
2020-12-25 18:01:15.000,14300,14303,14300,1
2020-12-25 18:01:15.000,14300,14303,14300,1
2020-12-25 18:01:16.000,14300,14303,14300,1
2020-12-25 18:01:16.000,14300,14303,14300,1
2020-12-25 18:01:16.000,14300,14303,14300,1
2020-12-25 18:01:16.000,14300,14303,14300,1
2020-12-25 18:01:16.000,14300,14303,14300,1
2020-12-25 18:01:17.000,14300,14301,14300,1
2020-12-25 18:01:17.000,14300,14301,14300,1
2020-12-25 18:01:17.000,14300,14301,14300,1
2020-12-25 18:01:17.000,14300,14301,14300,1
2020-12-25 18:01:17.000,14300,14301,14300,1
2020-12-25 18:01:46.000,14300,14301,14301,3
2020-12-25 18:01:47.000,14300,14302,14302,1
2020-12-25 18:01:48.000,14300,14302,14300,1
2020-12-25 18:01:48.000,14300,14302,14300,1
2020-12-25 18:01:48.000,14300,14302,14300,1
2020-12-25 18:01:51.000,14300,14301,14301,1
2020-12-25 18:02:04.000,14301,14302,14301,1
2020-12-25 18:02:22.000,14300,14302,14302,1
2020-12-25 18:03:00.000,14301,14303,14301,1
2020-12-25 18:03:19.000,14301,14303,14301,1
2020-12-25 18:03:50.000,14301,14302,14302,1
2020-12-25 18:03:51.000,14301,14303,14303,1
2020-12-25 18:04:15.000,14302,14303,14303,1
2020-12-25 18:04:16.000,14302,14303,14303,7
2020-12-25 18:05:00.000,14302,14303,14302,4
2020-12-25 18:05:07.000,14301,14303,14302,2
2020-12-25 18:05:16.000,14301,14302,14301,12
2020-12-25 18:05:16.000,14301,14302,14301,9
2020-12-25 18:05:18.000,14300,14301,14300,11
2020-12-25 18:05:18.000,14300,14301,14300,15
2020-12-25 18:05:18.000,14299,14301,14299,2
2020-12-25 18:05:28.000,14299,14301,14299,3
2020-12-25 18:05:29.000,14299,14300,14299,1
2020-12-25 18:05:31.000,14299,14300,14300,1
2020-12-25 18:05:37.000,14299,14300,14300,1
2020-12-25 18:05:47.000,14299,14300,14299,9
2020-12-25 18:05:53.000,14299,14300,14299,5
2020-12-25 18:05:53.000,14299,14300,14299,3
2020-12-25 18:05:59.000,14298,14299,14298,1
2020-12-25 18:05:59.000,14298,14299,14298,2
2020-12-25 18:05:59.000,14298,14299,14298,1
2020-12-25 18:06:00.000,14298,14299,14298,1
2020-12-25 18:06:00.000,14298,14299,14298,1
2020-12-25 18:06:01.000,14298,14299,14298,11
2020-12-25 18:06:01.000,14298,14299,14298,1
2020-12-25 18:06:01.000,14298,14299,14298,20
2020-12-25 18:06:01.000,14298,14299,14298,13
2020-12-25 18:06:01.000,14298,14299,14298,9
2020-12-25 18:06:01.000,14298,14299,14298,4
2020-12-25 18:06:01.000,14298,14299,14298,5
2020-12-25 18:06:04.000,14298,14299,14298,1
2020-12-25 18:06:08.000,14298,14299,14298,1
2020-12-25 18:06:12.000,14298,14299,14298,1
2020-12-25 18:06:50.000,14297,14298,14297,1
2020-12-25 18:06:50.000,14297,14298,14297,4
2020-12-25 18:06:54.000,14297,14298,14298,1
2020-12-25 18:06:59.000,14297,14298,14297,1
2020-12-25 18:07:07.000,14297,14298,14297,1
2020-12-25 18:07:09.000,14297,14298,14297,1
2020-12-25 18:07:11.000,14297,14298,14297,1
2020-12-25 18:07:12.000,14297,14298,14297,1
2020-12-25 18:07:17.000,14297,14298,14298,1
2020-12-25 18:07:37.000,14297,14298,14297,1
2020-12-25 18:07:37.000,14297,14298,14297,1
2020-12-25 18:07:38.000,14297,14298,14297,1
2020-12-25 18:07:44.000,14297,14298,14297,5
2020-12-25 18:07:44.000,14297,14298,14297,1
2020-12-25 18:07:50.000,14297,14298,14297,1
2020-12-25 18:07:52.000,14297,14298,14296,4
2020-12-25 18:07:52.000,14297,14298,14297,1
2020-12-25 18:07:53.000,14296,14297,14297,1
2020-12-25 18:07:59.000,14296,14297,14296,2
2020-12-25 18:08:03.000,14296,14297,14296,2
2020-12-25 18:08:05.000,14296,14297,14296,1
2020-12-25 18:08:05.000,14296,14297,14296,1
2020-12-25 18:08:15.000,14296,14297,14296,1
2020-12-25 18:08:18.000,14296,14297,14296,1
2020-12-25 18:08:18.000,14296,14297,14296,1
2020-12-25 18:08:21.000,14296,14297,14296,1
2020-12-25 18:08:28.000,14295,14296,14295,2
2020-12-25 18:08:29.000,14295,14296,14295,1
2020-12-25 18:08:29.000,14295,14296,14295,11
2020-12-25 18:08:29.000,14295,14296,14296,1
2020-12-25 18:08:30.000,14295,14296,14295,1
2020-12-25 18:08:34.000,14295,14296,14296,1
2020-12-25 18:08:40.000,14295,14296,14296,1
2020-12-25 18:08:52.000,14295,14297,14295,2
2020-12-25 18:09:06.000,14295,14297,14295,2
2020-12-25 18:09:09.000,14295,14297,14295,1
2020-12-25 18:09:14.000,14295,14297,14295,1
2020-12-25 18:09:17.000,14295,14297,14295,2
2020-12-25 18:09:18.000,14295,14297,14295,1
2020-12-25 18:09:25.000,14295,14297,14295,1
2020-12-25 18:09:37.000,14296,14297,14296,1
2020-12-25 18:09:44.000,14295,14296,14296,1
2020-12-25 18:09:55.000,14295,14296,14295,1
2020-12-25 18:10:02.000,14295,14296,14296,2
2020-12-25 18:10:02.000,14295,14296,14295,1
2020-12-25 18:10:03.000,14295,14296,14295,1
2020-12-25 18:10:03.000,14295,14296,14295,1
2020-12-25 18:10:03.000,14295,14296,14295,4
2020-12-25 18:10:03.000,14295,14296,14295,1
2020-12-25 18:10:03.000,14295,14296,14295,1
2020-12-25 18:10:03.000,14295,14296,14295,1
2020-12-25 18:10:03.000,14295,14296,14295,5
2020-12-25 18:10:03.000,14295,14296,14295,1
2020-12-25 18:10:03.000,14294,14295,14294,1
2020-12-25 18:10:03.000,14294,14295,14294,1
2020-12-25 18:10:03.000,14294,14295,14294,1
2020-12-25 18:10:03.000,14294,14295,14294,1
2020-12-25 18:10:03.000,14294,14295,14294,1
2020-12-25 18:10:03.000,14294,14295,14294,1
2020-12-25 18:10:03.000,14294,14295,14294,6
2020-12-25 18:10:03.000,14294,14295,14293,2
2020-12-25 18:10:03.000,14293,14295,14293,2
2020-12-25 18:10:04.000,14293,14295,14293,1
2020-12-25 18:10:04.000,14293,14295,14293,1
2020-12-25 18:10:05.000,14293,14295,14293,1
2020-12-25 18:10:05.000,14293,14295,14293,1
2020-12-25 18:10:08.000,14293,14295,14293,1
2020-12-25 18:10:14.000,14293,14295,14293,1
2020-12-25 18:10:16.000,14293,14295,14293,1
2020-12-25 18:10:21.000,14293,14295,14293,1
2020-12-25 18:10:22.000,14293,14295,14295,1
2020-12-25 18:10:24.000,14293,14295,14293,2
2020-12-25 18:10:31.000,14294,14295,14294,1
2020-12-25 18:10:35.000,14294,14295,14294,1
2020-12-25 18:10:37.000,14294,14295,14294,1
2020-12-25 18:10:38.000,14293,14295,14293,1
2020-12-25 18:10:39.000,14293,14295,14293,1
2020-12-25 18:10:59.000,14293,14295,14293,1
2020-12-25 18:11:11.000,14293,14294,14294,2
2020-12-25 18:11:15.000,14294,14295,14295,7
2020-12-25 18:11:18.000,14294,14297,14294,1
2020-12-25 18:11:18.000,14294,14296,14294,1
2020-12-25 18:11:31.000,14295,14296,14295,1
2020-12-25 18:11:51.000,14295,14297,14295,1
2020-12-25 18:11:57.000,14295,14297,14295,1
2020-12-25 18:11:58.000,14295,14297,14297,3
2020-12-25 18:12:03.000,14296,14297,14297,1
2020-12-25 18:12:03.000,14296,14298,14296,1
2020-12-25 18:12:04.000,14296,14298,14296,1
2020-12-25 18:12:28.000,14297,14298,14298,3
2020-12-25 18:12:28.000,14297,14298,14297,1
2020-12-25 18:12:36.000,14296,14298,14298,1
2020-12-25 18:13:33.000,14297,14298,14298,1
2020-12-25 18:13:37.000,14297,14298,14297,1
2020-12-25 18:13:39.000,14296,14298,14296,1
2020-12-25 18:13:48.000,14296,14298,14297,1
2020-12-25 18:13:50.000,14296,14298,14296,1
2020-12-25 18:14:07.000,14296,14297,14296,1
2020-12-25 18:14:07.000,14296,14297,14296,2
2020-12-25 18:14:13.000,14296,14297,14296,1
2020-12-25 18:14:31.000,14296,14297,14297,4
2020-12-25 18:14:36.000,14297,14298,14298,5
2020-12-25 18:14:48.000,14298,14299,14299,1
2020-12-25 18:14:51.000,14298,14299,14298,1
2020-12-25 18:14:52.000,14298,14299,14299,2
2020-12-25 18:14:54.000,14298,14299,14299,5
2020-12-25 18:14:56.000,14297,14299,14299,1
2020-12-25 18:14:59.000,14298,14299,14298,1
2020-12-25 18:15:01.000,14298,14299,14299,2
2020-12-25 18:15:01.000,14298,14299,14299,1
2020-12-25 18:15:01.000,14298,14299,14299,1
2020-12-25 18:15:01.000,14298,14299,14297,2
2020-12-25 18:15:01.000,14298,14299,14298,1
2020-12-25 18:15:35.000,14297,14298,14297,1
2020-12-25 18:15:52.000,14297,14298,14297,1
2020-12-25 18:15:52.000,14297,14298,14298,2
2020-12-25 18:15:52.000,14297,14298,14299,1
2020-12-25 18:15:52.000,14297,14298,14299,2
2020-12-25 18:15:56.000,14297,14299,14297,1
2020-12-25 18:15:57.000,14297,14299,14299,1
2020-12-25 18:15:57.000,14297,14299,14299,1
2020-12-25 18:16:14.000,14297,14299,14297,1
2020-12-25 18:16:14.000,14297,14299,14299,1
2020-12-25 18:16:14.000,14298,14299,14299,1
2020-12-25 18:16:33.000,14299,14300,14299,1
2020-12-25 18:16:33.000,14298,14300,14298,1
2020-12-25 18:16:34.000,14298,14299,14298,1
2020-12-25 18:17:12.000,14298,14299,14299,1
2020-12-25 18:17:21.000,14298,14299,14299,1
2020-12-25 18:18:14.000,14298,14299,14298,2
2020-12-25 18:18:19.000,14297,14298,14298,1
2020-12-25 18:18:28.000,14298,14299,14298,1
2020-12-25 18:18:38.000,14297,14298,14298,1
2020-12-25 18:18:41.000,14297,14298,14298,1
2020-12-25 18:18:44.000,14297,14298,14298,1
2020-12-25 18:19:21.000,14297,14299,14297,1
2020-12-25 18:19:26.000,14297,14299,14297,1
2020-12-25 18:19:37.000,14297,14299,14299,1
2020-12-25 18:20:09.000,14297,14299,14299,1
2020-12-25 18:20:34.000,14297,14298,14298,1
2020-12-25 18:20:36.000,14297,14298,14298,3
2020-12-25 18:20:40.000,14298,14299,14298,1
2020-12-25 18:20:54.000,14298,14299,14299,7
2020-12-25 18:21:02.000,14299,14300,14299,1
2020-12-25 18:21:19.000,14298,14299,14299,1
2020-12-25 18:22:23.000,14298,14299,14299,2
2020-12-25 18:22:43.000,14298,14299,14299,1
2020-12-25 18:23:15.000,14298,14299,14298,1
2020-12-25 18:23:20.000,14298,14299,14298,1
2020-12-25 18:23:27.000,14298,14299,14298,1
2020-12-25 18:23:47.000,14298,14299,14298,1
2020-12-25 18:23:57.000,14297,14298,14298,1
2020-12-25 18:24:00.000,14297,14298,14298,1
2020-12-25 18:24:03.000,14297,14298,14298,1
2020-12-25 18:24:21.000,14297,14298,14298,1
2020-12-25 18:24:28.000,14297,14298,14297,1
2020-12-25 18:25:03.000,14297,14298,14297,1
2020-12-25 18:25:07.000,14297,14298,14297,2
2020-12-25 18:25:07.000,14297,14298,14297,3
2020-12-25 18:25:21.000,14296,14297,14297,1
2020-12-25 18:25:37.000,14296,14297,14297,1
2020-12-25 18:25:38.000,14296,14298,14296,1
2020-12-25 18:26:09.000,14296,14297,14296,3
2020-12-25 18:26:34.000,14295,14296,14296,1
2020-12-25 18:26:54.000,14295,14296,14296,1
2020-12-25 18:26:58.000,14295,14296,14296,1
2020-12-25 18:27:01.000,14295,14296,14295,1
2020-12-25 18:27:02.000,14295,14296,14295,3
2020-12-25 18:27:02.000,14295,14296,14295,2
2020-12-25 18:27:02.000,14295,14296,14295,1
2020-12-25 18:27:02.000,14295,14296,14295,1
2020-12-25 18:27:02.000,14295,14296,14294,1
2020-12-25 18:27:04.000,14294,14295,14295,1
2020-12-25 18:27:08.000,14294,14296,14294,2
2020-12-25 18:27:10.000,14294,14296,14294,1
2020-12-25 18:27:15.000,14294,14296,14296,3
2020-12-25 18:28:07.000,14295,14296,14296,2
2020-12-25 18:28:21.000,14295,14296,14296,1
2020-12-25 18:28:28.000,14295,14296,14296,1
2020-12-25 18:28:40.000,14296,14297,14296,2
2020-12-25 18:28:45.000,14295,14296,14296,1
2020-12-25 18:28:56.000,14295,14296,14295,1
2020-12-25 18:29:18.000,14295,14296,14295,1
2020-12-25 18:29:30.000,14295,14296,14295,1
2020-12-25 18:29:35.000,14295,14296,14295,1
2020-12-25 18:29:45.000,14295,14296,14295,1
2020-12-25 18:29:50.000,14295,14296,14295,1
2020-12-25 18:30:11.000,14295,14296,14295,1
2020-12-25 18:30:14.000,14295,14296,14295,1
2020-12-25 18:30:19.000,14295,14296,14295,1
2020-12-25 18:30:20.000,14295,14296,14295,1
2020-12-25 18:30:30.000,14295,14296,14295,1
2020-12-25 18:30:38.000,14294,14295,14295,1
2020-12-25 18:31:10.000,14295,14296,14296,7
2020-12-25 18:31:23.000,14295,14297,14296,1
2020-12-25 18:31:38.000,14295,14297,14295,2
2020-12-25 18:31:39.000,14295,14297,14297,1
2020-12-25 18:32:53.000,14296,14297,14296,1
2020-12-25 18:32:53.000,14296,14297,14297,1
2020-12-25 18:32:53.000,14296,14297,14297,1
2020-12-25 18:33:13.000,14296,14297,14297,1
2020-12-25 18:34:50.000,14296,14297,14297,1
2020-12-25 18:35:27.000,14296,14297,14297,6
2020-12-25 18:35:27.000,14296,14297,14297,1
2020-12-25 18:35:36.000,14297,14298,14297,1
2020-12-25 18:36:14.000,14297,14298,14297,2
2020-12-25 18:37:40.000,14296,14297,14296,1
2020-12-25 18:37:52.000,14296,14297,14296,1
2020-12-25 18:38:13.000,14296,14297,14296,1
2020-12-25 18:38:24.000,14296,14297,14296,1
2020-12-25 18:38:58.000,14296,14297,14296,1
2020-12-25 18:38:58.000,14296,14297,14296,3
2020-12-25 18:41:08.000,14296,14297,14296,1
2020-12-25 18:41:39.000,14296,14297,14296,1
2020-12-25 18:43:51.000,14296,14297,14296,1
2020-12-25 18:43:53.000,14296,14297,14296,1
2020-12-25 18:44:06.000,14295,14296,14296,1
2020-12-25 18:45:48.000,14296,14297,14297,4
2020-12-25 18:45:51.000,14297,14298,14297,3
2020-12-25 18:46:08.000,14297,14298,14298,18
2020-12-25 18:46:18.000,14298,14299,14299,1
2020-12-25 18:46:21.000,14298,14299,14299,1
2020-12-25 18:46:22.000,14298,14299,14299,1
2020-12-25 18:47:02.000,14299,14300,14299,1
2020-12-25 18:47:02.000,14299,14300,14299,3
2020-12-25 18:47:02.000,14298,14299,14299,3
2020-12-25 18:47:59.000,14298,14300,14299,1
2020-12-25 18:48:16.000,14299,14300,14299,1
2020-12-25 18:48:26.000,14299,14300,14299,2
2020-12-25 18:49:00.000,14298,14299,14298,1
2020-12-25 18:49:21.000,14298,14299,14299,1
2020-12-25 18:49:27.000,14298,14299,14299,1
2020-12-25 18:49:29.000,14298,14299,14299,1
2020-12-25 18:49:30.000,14298,14299,14299,2
2020-12-25 18:49:30.000,14298,14299,14300,1
2020-12-25 18:49:30.000,14299,14300,14299,1
2020-12-25 18:49:30.000,14299,14300,14300,1
2020-12-25 18:49:30.000,14299,14300,14300,1
2020-12-25 18:49:50.000,14299,14300,14299,1
2020-12-25 18:49:52.000,14299,14300,14300,1
2020-12-25 18:49:53.000,14299,14300,14300,1
2020-12-25 18:50:05.000,14299,14300,14300,1
2020-12-25 18:50:07.000,14299,14300,14300,1
2020-12-25 18:50:08.000,14299,14300,14300,1
2020-12-25 18:50:17.000,14299,14300,14300,1
2020-12-25 18:50:19.000,14299,14300,14300,1
2020-12-25 18:50:20.000,14299,14300,14300,5
2020-12-25 18:50:20.000,14299,14300,14300,1
2020-12-25 18:50:41.000,14300,14301,14300,1
2020-12-25 18:50:46.000,14299,14300,14300,1
2020-12-25 18:50:53.000,14300,14301,14300,1
2020-12-25 18:51:02.000,14300,14301,14300,1
2020-12-25 18:53:25.000,14299,14300,14300,1
2020-12-25 18:54:17.000,14299,14300,14300,1
2020-12-25 18:55:02.000,14299,14300,14299,1
2020-12-25 18:55:10.000,14299,14300,14300,1
2020-12-25 18:56:02.000,14299,14300,14299,2
2020-12-25 18:57:02.000,14299,14300,14299,1
2020-12-25 18:57:43.000,14299,14300,14298,6
2020-12-25 18:57:43.000,14299,14300,14299,4
2020-12-25 18:58:22.000,14298,14300,14297,8
2020-12-25 18:58:22.000,14298,14300,14298,2
2020-12-25 18:58:44.000,14297,14299,14297,1
2020-12-25 18:59:34.000,14297,14299,14297,1
2020-12-25 18:59:45.000,14297,14299,14296,12
2020-12-25 18:59:45.000,14297,14299,14297,3
2020-12-25 18:59:46.000,14296,14297,14297,3
2020-12-25 19:03:03.000,14298,14299,14299,1
2020-12-25 19:03:03.000,14298,14299,14297,1
2020-12-25 19:03:03.000,14298,14299,14298,1
2020-12-25 19:04:16.000,14297,14298,14298,1
2020-12-25 19:05:43.000,14298,14299,14298,1
2020-12-25 19:05:43.000,14298,14299,14298,1
2020-12-25 19:06:35.000,14297,14299,14299,1
2020-12-25 19:07:32.000,14298,14299,14299,1
2020-12-25 19:08:21.000,14298,14299,14299,1
2020-12-25 19:08:36.000,14298,14299,14299,2
2020-12-25 19:08:36.000,14298,14299,14300,2
2020-12-25 19:11:04.000,14299,14300,14298,4
2020-12-25 19:11:04.000,14299,14300,14299,1
2020-12-25 19:12:21.000,14297,14298,14298,1
2020-12-25 19:14:03.000,14297,14298,14298,1
2020-12-25 19:14:21.000,14297,14298,14298,2
2020-12-25 19:15:03.000,14297,14298,14298,1
2020-12-25 19:15:11.000,14297,14298,14298,1
2020-12-25 19:16:30.000,14297,14298,14298,1
2020-12-25 19:19:32.000,14298,14299,14298,1
2020-12-25 19:25:57.000,14298,14299,14299,1
2020-12-25 19:25:57.000,14298,14299,14298,1
2020-12-25 19:26:16.000,14298,14299,14299,1
2020-12-25 19:26:20.000,14298,14299,14299,1
2020-12-25 19:26:24.000,14298,14299,14299,2
2020-12-25 19:26:51.000,14298,14299,14299,1
2020-12-25 19:27:27.000,14298,14299,14299,1
2020-12-25 19:28:09.000,14298,14299,14299,1
2020-12-25 19:29:57.000,14298,14300,14300,1
2020-12-25 19:29:57.000,14298,14300,14300,1
2020-12-25 19:29:57.000,14298,14300,14300,1
2020-12-25 19:30:17.000,14299,14300,14300,1
2020-12-25 19:30:55.000,14299,14300,14300,2
2020-12-25 19:31:23.000,14299,14300,14300,1
2020-12-25 19:32:05.000,14299,14300,14300,1
2020-12-25 19:32:09.000,14299,14300,14300,1
2020-12-25 19:32:13.000,14299,14300,14300,2
2020-12-25 19:34:03.000,14299,14300,14300,2
2020-12-25 19:34:16.000,14299,14300,14300,3
2020-12-25 19:34:19.000,14299,14300,14299,1
2020-12-25 19:34:35.000,14299,14300,14299,1
2020-12-25 19:34:41.000,14299,14300,14299,1
2020-12-25 19:37:28.000,14299,14300,14299,1
2020-12-25 19:37:29.000,14299,14300,14299,1
2020-12-25 19:39:03.000,14299,14300,14300,1
2020-12-25 19:39:17.000,14299,14300,14299,1
2020-12-25 19:39:21.000,14299,14300,14299,1
2020-12-25 19:39:23.000,14299,14300,14299,1
2020-12-25 19:39:25.000,14299,14300,14299,1
2020-12-25 19:39:38.000,14299,14300,14300,8
2020-12-25 19:39:56.000,14299,14300,14300,3
2020-12-25 19:40:02.000,14300,14301,14301,1
2020-12-25 19:40:12.000,14300,14301,14301,9
2020-12-25 19:40:12.000,14300,14301,14301,5
2020-12-25 19:40:12.000,14300,14301,14301,1
2020-12-25 19:40:36.000,14301,14302,14302,2
2020-12-25 19:40:40.000,14301,14302,14302,8
2020-12-25 19:40:40.000,14301,14302,14302,1
2020-12-25 19:40:54.000,14301,14303,14303,1
2020-12-25 19:41:02.000,14301,14303,14303,1
2020-12-25 19:41:46.000,14301,14302,14302,1
2020-12-25 19:42:06.000,14301,14302,14302,1
2020-12-25 19:42:11.000,14301,14303,14301,1
2020-12-25 19:42:56.000,14301,14302,14301,1
2020-12-25 19:44:34.000,14301,14302,14302,1
2020-12-25 19:45:34.000,14301,14302,14302,1
2020-12-25 19:46:03.000,14301,14302,14301,2
2020-12-25 19:46:54.000,14301,14302,14301,1
2020-12-25 19:47:09.000,14301,14302,14301,1
2020-12-25 19:47:55.000,14301,14302,14301,1
2020-12-25 19:47:55.000,14301,14302,14301,2
2020-12-25 19:49:13.000,14301,14302,14301,1
2020-12-25 19:50:33.000,14301,14302,14301,1
2020-12-25 19:51:56.000,14301,14302,14301,1
2020-12-25 19:53:04.000,14301,14302,14301,1
2020-12-25 19:53:53.000,14301,14302,14301,1
2020-12-25 19:55:20.000,14301,14302,14301,1
2020-12-25 19:56:24.000,14301,14302,14301,4
2020-12-25 19:58:08.000,14300,14301,14301,2
2020-12-25 19:59:01.000,14301,14302,14301,4
2020-12-25 19:59:28.000,14300,14301,14301,1
2020-12-25 20:00:23.000,14301,14302,14301,5
2020-12-25 20:00:24.000,14300,14302,14302,2
2020-12-25 20:00:24.000,14300,14302,14302,4
2020-12-25 20:00:24.000,14301,14302,14302,4
2020-12-25 20:00:24.000,14301,14302,14302,4
2020-12-25 20:00:25.000,14301,14302,14302,2
2020-12-25 20:01:04.000,14302,14303,14301,4
2020-12-25 20:01:04.000,14302,14303,14302,1
2020-12-25 20:01:36.000,14301,14302,14301,1
2020-12-25 20:04:00.000,14301,14302,14301,1
2020-12-25 20:05:28.000,14300,14301,14301,1
2020-12-25 20:05:54.000,14300,14301,14301,1
2020-12-25 20:06:17.000,14301,14302,14301,1
2020-12-25 20:07:02.000,14300,14301,14300,2
2020-12-25 20:07:24.000,14300,14301,14300,1
2020-12-25 20:07:55.000,14300,14301,14300,1
2020-12-25 20:08:52.000,14300,14301,14301,1
2020-12-25 20:09:27.000,14300,14301,14301,1
2020-12-25 20:10:25.000,14300,14301,14300,1
2020-12-25 20:10:25.000,14300,14301,14300,3
2020-12-25 20:10:25.000,14300,14301,14300,1
2020-12-25 20:10:35.000,14299,14300,14300,1
2020-12-25 20:10:44.000,14300,14301,14300,1
2020-12-25 20:12:48.000,14299,14301,14299,1
2020-12-25 20:12:48.000,14299,14301,14299,1
2020-12-25 20:14:50.000,14299,14300,14299,1
2020-12-25 20:15:02.000,14299,14300,14300,1
2020-12-25 20:15:03.000,14299,14301,14301,2
2020-12-25 20:15:03.000,14299,14301,14301,2
2020-12-25 20:15:03.000,14299,14301,14301,4
2020-12-25 20:15:03.000,14299,14301,14302,2
2020-12-25 20:15:23.000,14301,14302,14301,4
2020-12-25 20:18:19.000,14299,14300,14300,2
2020-12-25 20:19:19.000,14299,14300,14300,1
2020-12-25 20:21:23.000,14300,14301,14300,1
2020-12-25 20:23:30.000,14300,14301,14300,1
2020-12-25 20:23:30.000,14300,14301,14301,1
2020-12-25 20:23:30.000,14300,14301,14301,1
2020-12-25 20:23:30.000,14300,14301,14301,1
2020-12-25 20:23:30.000,14300,14301,14301,1
2020-12-25 20:23:30.000,14300,14301,14301,1
2020-12-25 20:23:30.000,14300,14301,14302,1
2020-12-25 20:23:30.000,14300,14301,14302,1
2020-12-25 20:23:30.000,14300,14301,14302,1
2020-12-25 20:23:30.000,14300,14301,14302,1
2020-12-25 20:23:31.000,14301,14302,14302,1
2020-12-25 20:23:31.000,14301,14302,14302,1
2020-12-25 20:23:31.000,14301,14302,14303,1
2020-12-25 20:23:31.000,14301,14302,14303,1
2020-12-25 20:23:31.000,14301,14303,14303,1
2020-12-25 20:23:31.000,14301,14303,14303,1
2020-12-25 20:23:31.000,14301,14303,14303,6
2020-12-25 20:23:31.000,14301,14303,14303,1
2020-12-25 20:23:32.000,14301,14303,14303,1
2020-12-25 20:23:59.000,14301,14303,14301,2
2020-12-25 20:24:17.000,14301,14303,14301,3
2020-12-25 20:24:28.000,14301,14303,14301,2
2020-12-25 20:25:17.000,14301,14303,14301,3
2020-12-25 20:25:17.000,14301,14303,14303,1
2020-12-25 20:25:17.000,14301,14303,14303,2
2020-12-25 20:25:38.000,14301,14303,14301,2
2020-12-25 20:26:01.000,14301,14302,14302,1
2020-12-25 20:26:17.000,14301,14302,14301,3
2020-12-25 20:26:30.000,14301,14302,14301,2
2020-12-25 20:26:50.000,14301,14303,14301,1
2020-12-25 20:27:38.000,14301,14303,14301,2
2020-12-25 20:27:47.000,14301,14303,14301,2
2020-12-25 20:27:55.000,14301,14303,14301,5
2020-12-25 20:28:31.000,14300,14303,14300,5
2020-12-25 20:28:51.000,14299,14301,14299,1
2020-12-25 20:30:59.000,14299,14301,14299,1
2020-12-25 20:32:45.000,14299,14301,14300,1
2020-12-25 20:36:02.000,14299,14300,14299,1
2020-12-25 20:36:03.000,14299,14300,14300,1
2020-12-25 20:36:22.000,14300,14301,14300,1
2020-12-25 20:37:16.000,14300,14301,14300,1
2020-12-25 20:37:54.000,14300,14301,14300,2
2020-12-25 20:38:20.000,14300,14301,14301,2
2020-12-25 20:38:30.000,14300,14301,14300,1
2020-12-25 20:38:54.000,14299,14300,14299,4
2020-12-25 20:41:05.000,14300,14301,14300,1
2020-12-25 20:43:29.000,14300,14301,14301,1
2020-12-25 20:44:59.000,14300,14301,14300,1
2020-12-25 20:46:29.000,14300,14301,14301,1
2020-12-25 20:46:54.000,14300,14301,14300,1
2020-12-25 20:48:00.000,14300,14301,14301,1
2020-12-25 20:48:01.000,14300,14301,14300,4
2020-12-25 20:52:23.000,14300,14301,14300,1
2020-12-25 20:52:24.000,14300,14301,14300,1
2020-12-25 20:52:53.000,14299,14300,14300,1
2020-12-25 20:52:53.000,14299,14300,14301,5
2020-12-25 20:53:13.000,14300,14301,14301,1
2020-12-25 20:53:37.000,14300,14301,14301,1
2020-12-25 20:53:43.000,14300,14301,14301,1
2020-12-25 20:53:49.000,14300,14301,14300,1
2020-12-25 20:58:27.000,14300,14301,14300,1
2020-12-25 21:02:25.000,14300,14301,14300,3
2020-12-25 21:02:26.000,14300,14301,14300,2
2020-12-25 21:02:26.000,14300,14301,14300,1
2020-12-25 21:02:26.000,14300,14301,14300,1
2020-12-25 21:02:29.000,14300,14301,14300,1
2020-12-25 21:04:29.000,14300,14301,14301,1
2020-12-25 21:04:29.000,14300,14301,14300,1
2020-12-25 21:04:51.000,14300,14301,14301,1
2020-12-25 21:05:18.000,14300,14301,14300,1
2020-12-25 21:05:22.000,14299,14300,14300,1
2020-12-25 21:08:23.000,14299,14300,14300,1
2020-12-25 21:08:58.000,14299,14300,14300,1
2020-12-25 21:10:14.000,14299,14300,14300,1
2020-12-25 21:10:14.000,14299,14300,14300,1
2020-12-25 21:13:43.000,14299,14300,14300,1
2020-12-25 21:14:33.000,14300,14301,14301,1
2020-12-25 21:16:36.000,14300,14301,14301,7
2020-12-25 21:16:41.000,14301,14302,14301,1
2020-12-25 21:17:37.000,14301,14302,14301,1
2020-12-25 21:22:42.000,14300,14301,14301,1
2020-12-25 21:22:43.000,14300,14302,14302,1
2020-12-25 21:26:05.000,14301,14302,14301,2
2020-12-25 21:28:10.000,14301,14302,14301,1
2020-12-25 21:28:10.000,14300,14301,14301,1
2020-12-25 21:28:10.000,14300,14301,14300,1
2020-12-25 21:28:10.000,14300,14301,14300,1
2020-12-25 21:28:10.000,14300,14301,14300,1
2020-12-25 21:28:41.000,14300,14301,14301,4
2020-12-25 21:28:42.000,14301,14302,14301,2
2020-12-25 21:28:42.000,14301,14302,14300,1
2020-12-25 21:28:42.000,14301,14302,14300,1
2020-12-25 21:28:42.000,14301,14302,14300,2
2020-12-25 21:28:42.000,14301,14302,14300,1
2020-12-25 21:28:42.000,14301,14302,14300,1
2020-12-25 21:28:42.000,14301,14302,14300,1
2020-12-25 21:28:42.000,14301,14302,14300,1
2020-12-25 21:28:42.000,14301,14302,14299,1
2020-12-25 21:28:42.000,14301,14302,14299,1
2020-12-25 21:28:42.000,14299,14301,14299,1
2020-12-25 21:28:42.000,14299,14301,14299,2
2020-12-25 21:28:42.000,14299,14301,14299,1
2020-12-25 21:28:42.000,14299,14301,14299,2
2020-12-25 21:28:42.000,14299,14301,14299,1
2020-12-25 21:28:42.000,14299,14301,14298,7
2020-12-25 21:28:42.000,14299,14301,14298,1
2020-12-25 21:28:42.000,14299,14301,14298,1
2020-12-25 21:28:42.000,14299,14301,14298,1
2020-12-25 21:28:42.000,14298,14300,14298,1
2020-12-25 21:28:42.000,14298,14299,14297,11
2020-12-25 21:28:42.000,14298,14299,14298,1
2020-12-25 21:28:42.000,14297,14299,14297,1
2020-12-25 21:28:42.000,14296,14299,14296,6
2020-12-25 21:28:42.000,14296,14299,14296,1
2020-12-25 21:28:42.000,14296,14299,14296,1
2020-12-25 21:28:57.000,14297,14298,14298,1
2020-12-25 21:29:04.000,14297,14299,14297,1
2020-12-25 21:29:04.000,14297,14299,14297,1
2020-12-25 21:29:04.000,14297,14299,14297,1
2020-12-25 21:29:07.000,14298,14299,14298,1
2020-12-25 21:29:39.000,14298,14300,14300,1
2020-12-25 21:29:39.000,14298,14300,14300,1
2020-12-25 21:29:41.000,14298,14300,14300,1
2020-12-25 21:29:41.000,14298,14300,14300,1
2020-12-25 21:29:43.000,14298,14300,14300,1
2020-12-25 21:29:43.000,14298,14300,14300,1
2020-12-25 21:29:43.000,14300,14301,14300,1
2020-12-25 21:30:02.000,14299,14300,14299,1
2020-12-25 21:30:02.000,14298,14299,14298,2
2020-12-25 21:30:03.000,14297,14299,14297,2
2020-12-25 21:30:09.000,14297,14299,14297,2
2020-12-25 21:30:20.000,14297,14299,14297,1
2020-12-25 21:31:51.000,14297,14298,14298,1
2020-12-25 21:32:01.000,14297,14299,14299,4
2020-12-25 21:32:07.000,14297,14298,14298,1
2020-12-25 21:32:16.000,14297,14299,14299,4
2020-12-25 21:32:16.000,14297,14299,14299,1
2020-12-25 21:32:28.000,14297,14299,14299,4
2020-12-25 21:33:05.000,14299,14300,14299,1
2020-12-25 21:33:08.000,14297,14299,14297,1
2020-12-25 21:33:19.000,14297,14299,14297,1
2020-12-25 21:33:56.000,14297,14298,14297,1
2020-12-25 21:34:07.000,14297,14299,14299,1
2020-12-25 21:36:29.000,14298,14299,14299,1
2020-12-25 21:38:21.000,14298,14299,14299,1
2020-12-25 21:38:29.000,14298,14299,14299,1
2020-12-25 21:40:11.000,14298,14300,14298,1
2020-12-25 21:40:23.000,14298,14300,14298,1
2020-12-25 21:40:32.000,14298,14299,14298,1
2020-12-25 21:42:00.000,14298,14299,14298,1
2020-12-25 21:43:03.000,14298,14299,14298,1
2020-12-25 21:43:03.000,14297,14299,14297,2
2020-12-25 21:44:15.000,14298,14299,14299,1
2020-12-25 21:44:36.000,14297,14299,14299,4
2020-12-25 21:44:59.000,14299,14300,14299,1
2020-12-25 21:48:07.000,14298,14299,14299,1
2020-12-25 21:48:08.000,14298,14300,14300,2
2020-12-25 21:49:34.000,14298,14300,14300,1
2020-12-25 21:49:34.000,14298,14300,14300,1
2020-12-25 21:51:49.000,14298,14299,14299,1
2020-12-25 21:51:49.000,14298,14299,14300,3
2020-12-25 21:51:49.000,14298,14300,14300,1
2020-12-25 21:51:49.000,14298,14300,14301,1
2020-12-25 21:51:49.000,14298,14300,14301,1
2020-12-25 21:51:49.000,14298,14300,14301,1
2020-12-25 21:52:29.000,14300,14301,14300,1
2020-12-25 21:52:29.000,14298,14301,14301,1
2020-12-25 21:53:04.000,14299,14300,14300,1
2020-12-25 21:53:57.000,14299,14300,14300,1
2020-12-25 21:54:50.000,14300,14301,14300,1
2020-12-25 21:56:08.000,14300,14301,14300,1
2020-12-25 21:56:08.000,14300,14301,14300,2
2020-12-25 21:56:08.000,14300,14301,14300,2
2020-12-25 21:57:03.000,14300,14301,14301,1
2020-12-25 21:58:04.000,14300,14301,14301,1
2020-12-25 21:58:41.000,14300,14301,14301,1
2020-12-25 21:58:47.000,14300,14301,14301,2
2020-12-25 21:59:09.000,14300,14301,14301,3
2020-12-25 22:00:16.000,14301,14302,14301,1
2020-12-25 22:00:17.000,14300,14302,14302,1
2020-12-25 22:00:17.000,14300,14302,14302,1
2020-12-25 22:00:17.000,14300,14302,14302,1
2020-12-25 22:00:17.000,14300,14302,14302,1
2020-12-25 22:00:18.000,14300,14302,14302,1
2020-12-25 22:00:18.000,14300,14302,14302,1
2020-12-25 22:00:18.000,14300,14302,14302,2
2020-12-25 22:00:18.000,14300,14302,14302,3
2020-12-25 22:00:18.000,14300,14302,14302,1
2020-12-25 22:00:18.000,14300,14302,14302,2
2020-12-25 22:00:18.000,14300,14302,14302,1
2020-12-25 22:00:18.000,14300,14302,14303,1
2020-12-25 22:00:18.000,14301,14303,14303,3
2020-12-25 22:00:18.000,14301,14303,14303,1
2020-12-25 22:00:18.000,14301,14303,14303,1
2020-12-25 22:00:18.000,14301,14303,14303,3
2020-12-25 22:00:18.000,14301,14303,14303,1
2020-12-25 22:00:18.000,14301,14303,14303,1
2020-12-25 22:00:18.000,14301,14303,14303,1
2020-12-25 22:00:18.000,14301,14303,14303,1
2020-12-25 22:00:18.000,14301,14303,14303,1
2020-12-25 22:00:18.000,14301,14303,14304,1
2020-12-25 22:00:19.000,14301,14304,14304,1
2020-12-25 22:00:19.000,14301,14304,14304,1
2020-12-25 22:00:19.000,14301,14304,14304,1
2020-12-25 22:00:19.000,14301,14304,14304,1
2020-12-25 22:00:19.000,14301,14304,14304,5
2020-12-25 22:00:19.000,14301,14304,14304,1
2020-12-25 22:00:19.000,14301,14304,14304,2
2020-12-25 22:00:19.000,14301,14304,14304,1
2020-12-25 22:00:19.000,14301,14304,14304,1
2020-12-25 22:00:19.000,14301,14304,14304,2
2020-12-25 22:00:19.000,14301,14304,14304,1
2020-12-25 22:00:20.000,14301,14304,14302,1
2020-12-25 22:00:21.000,14303,14304,14304,2
2020-12-25 22:00:23.000,14303,14304,14304,4
2020-12-25 22:00:23.000,14303,14304,14304,1
2020-12-25 22:00:23.000,14303,14305,14303,1
2020-12-25 22:00:36.000,14303,14304,14303,1
2020-12-25 22:00:37.000,14303,14305,14304,1
2020-12-25 22:00:51.000,14303,14304,14304,1
2020-12-25 22:00:59.000,14303,14304,14304,2
2020-12-25 22:00:59.000,14303,14304,14304,1
2020-12-25 22:01:17.000,14304,14305,14304,1
2020-12-25 22:01:18.000,14304,14305,14305,1
2020-12-25 22:01:18.000,14304,14305,14305,1
2020-12-25 22:01:18.000,14304,14305,14305,1
2020-12-25 22:01:18.000,14304,14305,14305,1
2020-12-25 22:01:18.000,14304,14305,14305,1
2020-12-25 22:01:18.000,14304,14305,14304,1
2020-12-25 22:01:19.000,14304,14305,14304,1
2020-12-25 22:01:24.000,14304,14305,14304,1
2020-12-25 22:01:24.000,14304,14305,14304,1
2020-12-25 22:01:39.000,14304,14305,14305,1
2020-12-25 22:01:49.000,14304,14305,14305,1
2020-12-25 22:01:49.000,14304,14305,14305,1
2020-12-25 22:01:56.000,14304,14305,14305,1
2020-12-25 22:02:11.000,14304,14305,14305,1
2020-12-25 22:02:30.000,14304,14305,14304,1
2020-12-25 22:02:38.000,14304,14305,14304,1
2020-12-25 22:03:11.000,14303,14304,14304,1
2020-12-25 22:03:13.000,14304,14305,14305,1
2020-12-25 22:03:13.000,14304,14305,14305,1
2020-12-25 22:03:13.000,14304,14305,14305,1
2020-12-25 22:03:13.000,14304,14305,14305,1
2020-12-25 22:03:13.000,14304,14305,14305,1
2020-12-25 22:03:13.000,14304,14305,14305,1
2020-12-25 22:03:16.000,14304,14305,14305,1
2020-12-25 22:03:51.000,14304,14305,14305,1
2020-12-25 22:04:06.000,14304,14305,14305,1
2020-12-25 22:04:11.000,14304,14305,14305,5
2020-12-25 22:04:11.000,14304,14305,14305,1
2020-12-25 22:04:14.000,14305,14306,14305,3
2020-12-25 22:04:20.000,14304,14305,14305,1
2020-12-25 22:04:29.000,14304,14305,14305,1
2020-12-25 22:04:32.000,14304,14305,14305,1
2020-12-25 22:04:35.000,14304,14305,14305,1
2020-12-25 22:04:46.000,14304,14305,14305,1
2020-12-25 22:05:06.000,14305,14306,14305,2
2020-12-25 22:05:06.000,14304,14306,14306,1
2020-12-25 22:05:06.000,14304,14306,14306,1
2020-12-25 22:05:07.000,14304,14306,14306,1
2020-12-25 22:05:07.000,14304,14306,14306,1
2020-12-25 22:05:07.000,14304,14306,14306,1
2020-12-25 22:05:12.000,14305,14306,14306,3
2020-12-25 22:05:28.000,14305,14306,14306,1
2020-12-25 22:05:39.000,14305,14306,14306,1
2020-12-25 22:05:57.000,14305,14306,14306,1
2020-12-25 22:06:04.000,14305,14306,14306,1
2020-12-25 22:06:04.000,14305,14306,14306,1
2020-12-25 22:06:11.000,14305,14306,14306,1
2020-12-25 22:06:19.000,14305,14306,14306,1
2020-12-25 22:06:30.000,14305,14306,14306,1
2020-12-25 22:07:08.000,14305,14306,14306,2
2020-12-25 22:07:14.000,14305,14306,14306,2
2020-12-25 22:07:17.000,14305,14306,14306,1
2020-12-25 22:07:38.000,14305,14306,14306,1
2020-12-25 22:07:39.000,14305,14306,14306,1
2020-12-25 22:07:39.000,14305,14306,14306,2
2020-12-25 22:07:39.000,14305,14306,14306,1
2020-12-25 22:07:39.000,14305,14306,14306,1
2020-12-25 22:07:39.000,14305,14306,14306,1
2020-12-25 22:07:39.000,14305,14306,14306,1
2020-12-25 22:07:39.000,14305,14306,14306,1
2020-12-25 22:07:39.000,14305,14306,14306,3
2020-12-25 22:07:39.000,14305,14306,14306,10
2020-12-25 22:07:39.000,14305,14307,14305,1
2020-12-25 22:07:40.000,14306,14307,14305,4
2020-12-25 22:07:40.000,14306,14307,14306,1
2020-12-25 22:08:19.000,14305,14306,14305,2
2020-12-25 22:08:25.000,14305,14306,14305,3
2020-12-25 22:08:47.000,14304,14305,14304,1
2020-12-25 22:09:27.000,14304,14305,14304,1
2020-12-25 22:09:35.000,14304,14305,14304,1
2020-12-25 22:09:49.000,14304,14305,14305,2
2020-12-25 22:09:49.000,14304,14305,14305,2
2020-12-25 22:09:49.000,14304,14305,14305,1
2020-12-25 22:09:49.000,14304,14305,14306,1
2020-12-25 22:09:49.000,14304,14305,14306,2
2020-12-25 22:10:27.000,14305,14306,14305,3
2020-12-25 22:10:28.000,14304,14305,14305,1
2020-12-25 22:10:39.000,14304,14305,14305,1
2020-12-25 22:11:47.000,14304,14305,14304,16
2020-12-25 22:12:23.000,14303,14304,14304,2
2020-12-25 22:12:58.000,14303,14304,14303,4
2020-12-25 22:13:19.000,14302,14303,14302,2
2020-12-25 22:13:19.000,14301,14303,14301,1
2020-12-25 22:13:36.000,14301,14303,14301,3
2020-12-25 22:13:36.000,14301,14303,14301,2
2020-12-25 22:14:57.000,14302,14303,14301,1
2020-12-25 22:14:57.000,14302,14303,14302,4
2020-12-25 22:15:18.000,14302,14303,14302,1
2020-12-25 22:17:24.000,14302,14303,14303,1
2020-12-25 22:17:28.000,14302,14303,14303,1
2020-12-25 22:17:30.000,14302,14303,14303,1
2020-12-25 22:18:39.000,14302,14303,14303,1
2020-12-25 22:18:39.000,14303,14304,14304,1
2020-12-25 22:19:37.000,14303,14304,14304,1
2020-12-25 22:21:02.000,14303,14304,14303,1
2020-12-25 22:21:11.000,14303,14304,14304,3
2020-12-25 22:21:40.000,14303,14304,14303,1
2020-12-25 22:22:03.000,14303,14304,14303,1
2020-12-25 22:22:59.000,14303,14304,14303,1
2020-12-25 22:24:33.000,14303,14304,14303,2
2020-12-25 22:25:09.000,14302,14303,14303,4
2020-12-25 22:25:21.000,14303,14304,14304,4
2020-12-25 22:25:21.000,14303,14304,14305,1
2020-12-25 22:25:21.000,14303,14305,14305,1
2020-12-25 22:25:44.000,14303,14304,14304,2
2020-12-25 22:26:34.000,14304,14305,14304,1
2020-12-25 22:28:15.000,14303,14304,14304,1
2020-12-25 22:29:19.000,14303,14305,14305,1
