2020-05-04 15:00:00.092,10637,10638,10638,129
2020-05-04 15:00:00.183,10637,10638,10638,16
2020-05-04 15:00:00.183,10637,10638,10639,3
2020-05-04 15:00:00.268,10637,10639,10639,1
2020-05-04 15:00:00.388,10638,10639,10638,1
2020-05-04 15:00:00.397,10638,10639,10637,1
2020-05-04 15:00:00.407,10638,10639,10637,1
2020-05-04 15:00:00.670,10637,10639,10637,1
2020-05-04 15:00:00.706,10637,10639,10638,1
2020-05-04 15:00:00.706,10637,10639,10639,1
2020-05-04 15:00:00.732,10637,10639,10639,1
2020-05-04 15:00:00.750,10637,10639,10637,1
2020-05-04 15:00:00.819,10637,10639,10639,3
2020-05-04 15:00:00.860,10637,10639,10639,1
2020-05-04 15:00:00.941,10637,10639,10639,1
2020-05-04 15:00:00.960,10637,10639,10639,1
2020-05-04 15:00:00.970,10637,10639,10639,1
2020-05-04 15:00:00.996,10637,10639,10637,1
2020-05-04 15:00:01.052,10637,10639,10639,3
2020-05-04 15:00:01.054,10637,10639,10639,1
2020-05-04 15:00:01.140,10637,10639,10638,1
2020-05-04 15:00:01.157,10637,10639,10637,4
2020-05-04 15:00:01.213,10637,10639,10639,1
2020-05-04 15:00:01.220,10637,10639,10639,1
2020-05-04 15:00:01.242,10637,10639,10637,1
2020-05-04 15:00:01.256,10637,10639,10637,1
2020-05-04 15:00:01.335,10637,10638,10637,4
2020-05-04 15:00:01.338,10637,10638,10638,1
2020-05-04 15:00:01.437,10637,10638,10639,1
2020-05-04 15:00:01.540,10637,10639,10639,2
2020-05-04 15:00:01.545,10637,10639,10637,5
2020-05-04 15:00:01.691,10637,10639,10637,1
2020-05-04 15:00:01.810,10637,10639,10637,5
2020-05-04 15:00:01.829,10637,10639,10639,2
2020-05-04 15:00:01.950,10637,10639,10639,1
2020-05-04 15:00:02.149,10638,10639,10639,1
2020-05-04 15:00:02.217,10638,10640,10638,5
2020-05-04 15:00:02.535,10637,10639,10639,2
2020-05-04 15:00:02.535,10637,10639,10639,1
2020-05-04 15:00:02.535,10637,10639,10639,2
2020-05-04 15:00:02.710,10639,10640,10639,5
2020-05-04 15:00:02.826,10639,10640,10639,1
2020-05-04 15:00:02.835,10639,10640,10639,1
2020-05-04 15:00:02.851,10639,10640,10638,1
2020-05-04 15:00:02.871,10639,10640,10638,11
2020-05-04 15:00:02.871,10639,10640,10637,1
2020-05-04 15:00:02.871,10639,10640,10637,11
2020-05-04 15:00:02.871,10639,10640,10636,1
2020-05-04 15:00:02.960,10637,10639,10637,4
2020-05-04 15:00:03.060,10637,10639,10639,2
2020-05-04 15:00:03.311,10637,10639,10639,2
2020-05-04 15:00:03.324,10637,10639,10637,1
2020-05-04 15:00:03.524,10637,10639,10639,2
2020-05-04 15:00:03.545,10637,10639,10639,2
2020-05-04 15:00:03.689,10637,10639,10637,1
2020-05-04 15:00:03.737,10636,10638,10638,1
2020-05-04 15:00:04.175,10636,10638,10638,3
2020-05-04 15:00:04.448,10638,10639,10638,7
2020-05-04 15:00:04.774,10638,10639,10638,1
2020-05-04 15:00:05.141,10637,10639,10639,2
2020-05-04 15:00:05.141,10637,10639,10639,1
2020-05-04 15:00:05.638,10638,10640,10638,1
2020-05-04 15:00:06.435,10638,10640,10639,1
2020-05-04 15:00:07.213,10638,10639,10639,1
2020-05-04 15:00:07.928,10638,10639,10638,1
2020-05-04 15:00:08.248,10638,10639,10639,1
2020-05-04 15:00:08.694,10638,10639,10639,1
2020-05-04 15:00:08.788,10638,10639,10638,1
2020-05-04 15:00:09.299,10638,10639,10639,4
2020-05-04 15:00:09.791,10638,10639,10639,1
2020-05-04 15:00:10.414,10639,10640,10639,1
2020-05-04 15:00:10.745,10639,10640,10640,12
2020-05-04 15:00:10.746,10639,10640,10640,17
2020-05-04 15:00:10.746,10639,10640,10640,1
2020-05-04 15:00:10.746,10639,10640,10640,1
2020-05-04 15:00:10.746,10639,10640,10640,1
2020-05-04 15:00:10.748,10639,10640,10640,2
2020-05-04 15:00:10.748,10639,10640,10640,2
2020-05-04 15:00:10.748,10639,10640,10640,2
2020-05-04 15:00:10.748,10639,10640,10640,1
2020-05-04 15:00:10.750,10639,10640,10640,1
2020-05-04 15:00:10.919,10639,10641,10639,1
2020-05-04 15:00:11.155,10639,10641,10639,1
2020-05-04 15:00:11.309,10639,10641,10641,2
2020-05-04 15:00:11.587,10639,10641,10639,1
2020-05-04 15:00:11.657,10639,10641,10639,3
2020-05-04 15:00:11.658,10639,10641,10639,1
2020-05-04 15:00:11.718,10640,10641,10641,1
2020-05-04 15:00:12.002,10640,10641,10640,1
2020-05-04 15:00:12.157,10640,10641,10640,1
2020-05-04 15:00:12.463,10640,10641,10641,10
2020-05-04 15:00:12.614,10640,10641,10640,1
2020-05-04 15:00:12.884,10640,10641,10641,1
2020-05-04 15:00:12.890,10640,10641,10641,1
2020-05-04 15:00:12.896,10640,10641,10641,1
2020-05-04 15:00:13.132,10640,10641,10640,1
2020-05-04 15:00:13.517,10640,10641,10640,2
2020-05-04 15:00:15.138,10639,10640,10639,2
2020-05-04 15:00:15.251,10639,10640,10639,2
2020-05-04 15:00:15.872,10639,10640,10640,1
2020-05-04 15:00:15.876,10639,10640,10640,1
2020-05-04 15:00:15.952,10639,10640,10640,1
2020-05-04 15:00:15.989,10639,10640,10640,1
2020-05-04 15:00:16.366,10639,10640,10640,1
2020-05-04 15:00:16.496,10640,10641,10640,1
2020-05-04 15:00:16.656,10640,10641,10641,12
2020-05-04 15:00:16.657,10640,10641,10641,1
2020-05-04 15:00:16.715,10640,10642,10642,7
2020-05-04 15:00:17.038,10640,10642,10640,1
2020-05-04 15:00:17.380,10640,10641,10640,1
2020-05-04 15:00:17.560,10640,10641,10640,1
2020-05-04 15:00:17.718,10640,10641,10641,1
2020-05-04 15:00:17.761,10640,10641,10640,5
2020-05-04 15:00:17.914,10640,10641,10640,10
2020-05-04 15:00:18.155,10639,10640,10639,2
2020-05-04 15:00:18.173,10639,10640,10639,1
2020-05-04 15:00:18.453,10639,10640,10640,1
2020-05-04 15:00:18.573,10639,10640,10639,2
2020-05-04 15:00:18.723,10638,10640,10640,1
2020-05-04 15:00:18.901,10638,10640,10640,2
2020-05-04 15:00:18.994,10639,10640,10639,1
2020-05-04 15:00:19.320,10638,10640,10640,1
2020-05-04 15:00:20.777,10639,10640,10639,2
2020-05-04 15:00:21.448,10639,10640,10640,1
2020-05-04 15:00:21.472,10639,10640,10640,3
2020-05-04 15:00:21.495,10639,10640,10640,1
2020-05-04 15:00:21.507,10639,10640,10640,1
2020-05-04 15:00:21.518,10639,10640,10640,1
2020-05-04 15:00:21.534,10639,10640,10640,2
2020-05-04 15:00:21.550,10639,10640,10640,1
2020-05-04 15:00:21.565,10639,10640,10640,1
2020-05-04 15:00:21.582,10639,10640,10640,1
2020-05-04 15:00:21.918,10639,10640,10640,1
2020-05-04 15:00:21.930,10639,10640,10640,1
2020-05-04 15:00:22.113,10639,10640,10639,1
2020-05-04 15:00:22.496,10639,10640,10639,1
2020-05-04 15:00:22.969,10639,10640,10640,2
2020-05-04 15:00:23.493,10639,10640,10639,2
2020-05-04 15:00:23.662,10639,10640,10640,1
2020-05-04 15:00:25.112,10639,10640,10639,1
2020-05-04 15:00:25.188,10639,10640,10640,1
2020-05-04 15:00:25.749,10639,10640,10640,1
2020-05-04 15:00:26.200,10639,10640,10639,1
2020-05-04 15:00:26.848,10639,10640,10640,1
2020-05-04 15:00:27.956,10639,10640,10640,1
2020-05-04 15:00:28.092,10639,10640,10639,2
2020-05-04 15:00:28.578,10639,10640,10639,1
2020-05-04 15:00:28.648,10639,10640,10639,3
2020-05-04 15:00:30.384,10638,10639,10638,2
2020-05-04 15:00:30.387,10638,10639,10638,4
2020-05-04 15:00:30.387,10638,10639,10638,2
2020-05-04 15:00:30.654,10637,10638,10638,1
2020-05-04 15:00:31.014,10637,10638,10638,1
2020-05-04 15:00:31.014,10637,10638,10639,1
2020-05-04 15:00:31.996,10637,10639,10637,1
2020-05-04 15:00:32.610,10637,10639,10637,1
2020-05-04 15:00:35.684,10637,10638,10637,1
2020-05-04 15:00:35.819,10637,10638,10638,1
2020-05-04 15:00:35.893,10637,10638,10637,1
2020-05-04 15:00:36.090,10637,10638,10638,1
2020-05-04 15:00:36.144,10637,10638,10638,1
2020-05-04 15:00:37.675,10637,10638,10637,3
2020-05-04 15:00:37.675,10637,10638,10637,1
2020-05-04 15:00:37.677,10637,10638,10637,2
2020-05-04 15:00:38.328,10636,10637,10636,1
2020-05-04 15:00:38.525,10636,10637,10636,1
2020-05-04 15:00:38.632,10636,10637,10636,1
2020-05-04 15:00:38.709,10636,10637,10636,1
2020-05-04 15:00:38.837,10636,10637,10636,1
2020-05-04 15:00:38.841,10636,10637,10636,1
2020-05-04 15:00:38.842,10636,10637,10636,2
2020-05-04 15:00:38.842,10636,10637,10636,2
2020-05-04 15:00:38.884,10636,10637,10636,1
2020-05-04 15:00:39.046,10636,10637,10636,1
2020-05-04 15:00:40.692,10635,10636,10636,1
2020-05-04 15:00:40.725,10635,10636,10635,1
2020-05-04 15:00:40.911,10635,10636,10635,1
2020-05-04 15:00:40.932,10635,10636,10636,2
2020-05-04 15:00:40.940,10635,10636,10635,1
2020-05-04 15:00:41.108,10635,10636,10635,1
2020-05-04 15:00:41.108,10635,10636,10635,1
2020-05-04 15:00:41.108,10635,10636,10635,1
2020-05-04 15:00:41.251,10634,10635,10635,1
2020-05-04 15:00:41.391,10634,10635,10635,1
2020-05-04 15:00:41.475,10635,10636,10635,3
2020-05-04 15:00:41.475,10635,10636,10634,1
2020-05-04 15:00:41.722,10634,10636,10634,1
2020-05-04 15:00:42.184,10635,10636,10634,1
2020-05-04 15:00:42.377,10634,10635,10635,2
2020-05-04 15:00:42.469,10635,10636,10635,1
2020-05-04 15:00:45.055,10633,10634,10634,3
2020-05-04 15:00:46.061,10633,10635,10633,1
2020-05-04 15:00:46.252,10633,10634,10634,3
2020-05-04 15:00:46.406,10634,10635,10634,1
2020-05-04 15:00:46.732,10633,10634,10634,1
2020-05-04 15:00:46.938,10633,10634,10633,1
2020-05-04 15:00:47.166,10632,10634,10632,3
2020-05-04 15:00:48.677,10632,10633,10633,5
2020-05-04 15:00:49.782,10632,10634,10632,1
2020-05-04 15:00:51.038,10633,10634,10634,1
2020-05-04 15:00:52.284,10634,10635,10634,1
2020-05-04 15:00:52.702,10634,10635,10634,1
2020-05-04 15:00:52.835,10634,10635,10635,4
2020-05-04 15:00:53.085,10635,10636,10636,3
2020-05-04 15:00:54.243,10635,10636,10636,1
2020-05-04 15:00:54.518,10636,10637,10636,1
2020-05-04 15:00:55.421,10635,10637,10635,1
2020-05-04 15:00:56.738,10634,10636,10636,1
2020-05-04 15:00:58.905,10636,10637,10636,1
2020-05-04 15:00:58.922,10636,10637,10635,2
2020-05-04 15:01:00.035,10635,10636,10635,1
2020-05-04 15:01:00.048,10635,10636,10634,4
2020-05-04 15:01:00.107,10634,10635,10635,1
2020-05-04 15:01:00.220,10634,10635,10634,1
2020-05-04 15:01:00.230,10634,10635,10634,1
2020-05-04 15:01:00.332,10634,10635,10634,1
2020-05-04 15:01:00.332,10634,10635,10634,2
2020-05-04 15:01:00.627,10633,10634,10634,1
2020-05-04 15:01:01.244,10633,10634,10633,4
2020-05-04 15:01:01.244,10633,10634,10633,2
2020-05-04 15:01:01.530,10632,10633,10633,1
2020-05-04 15:01:01.606,10632,10633,10632,4
2020-05-04 15:01:01.782,10631,10633,10633,1
2020-05-04 15:01:01.812,10631,10633,10631,1
2020-05-04 15:01:01.815,10631,10633,10631,1
2020-05-04 15:01:01.827,10631,10633,10631,1
2020-05-04 15:01:01.830,10631,10633,10631,1
2020-05-04 15:01:01.830,10631,10633,10631,1
2020-05-04 15:01:01.830,10631,10633,10631,1
2020-05-04 15:01:01.846,10631,10632,10631,1
2020-05-04 15:01:02.938,10631,10632,10631,1
2020-05-04 15:01:03.995,10631,10633,10633,1
2020-05-04 15:01:04.285,10631,10633,10631,1
2020-05-04 15:01:04.423,10631,10633,10631,1
2020-05-04 15:01:04.482,10631,10633,10633,2
2020-05-04 15:01:04.867,10631,10633,10632,1
2020-05-04 15:01:06.146,10632,10633,10632,1
2020-05-04 15:01:06.979,10631,10632,10631,1
2020-05-04 15:01:07.617,10631,10632,10632,1
2020-05-04 15:01:08.035,10631,10632,10631,1
2020-05-04 15:01:08.094,10630,10631,10631,1
2020-05-04 15:01:08.533,10630,10631,10630,2
2020-05-04 15:01:08.533,10630,10631,10630,7
2020-05-04 15:01:08.533,10630,10631,10630,1
2020-05-04 15:01:09.327,10629,10630,10629,1
2020-05-04 15:01:09.671,10629,10630,10630,1
2020-05-04 15:01:10.299,10629,10630,10630,3
2020-05-04 15:01:10.815,10629,10630,10629,1
2020-05-04 15:01:11.025,10628,10630,10630,1
2020-05-04 15:01:12.304,10628,10629,10628,1
2020-05-04 15:01:12.593,10628,10629,10629,1
2020-05-04 15:01:12.639,10628,10629,10628,1
2020-05-04 15:01:13.612,10628,10630,10630,1
2020-05-04 15:01:14.317,10628,10629,10629,1
2020-05-04 15:01:14.486,10628,10629,10628,1
2020-05-04 15:01:14.515,10628,10629,10628,1
2020-05-04 15:01:15.339,10628,10629,10628,1
2020-05-04 15:01:15.549,10627,10628,10627,1
2020-05-04 15:01:16.924,10627,10628,10628,2
2020-05-04 15:01:16.924,10627,10628,10629,1
2020-05-04 15:01:17.529,10628,10629,10628,1
2020-05-04 15:01:17.529,10628,10629,10627,1
2020-05-04 15:01:17.633,10627,10629,10629,1
2020-05-04 15:01:18.063,10627,10628,10627,1
2020-05-04 15:01:18.621,10627,10628,10627,1
2020-05-04 15:01:18.622,10627,10628,10627,1
2020-05-04 15:01:18.788,10627,10628,10627,2
2020-05-04 15:01:20.692,10626,10628,10626,2
2020-05-04 15:01:20.897,10626,10628,10628,1
2020-05-04 15:01:21.843,10627,10628,10627,1
2020-05-04 15:01:24.172,10626,10627,10627,1
2020-05-04 15:01:24.172,10626,10627,10628,2
2020-05-04 15:01:24.469,10626,10628,10626,1
2020-05-04 15:01:25.064,10626,10628,10627,1
2020-05-04 15:01:25.199,10626,10628,10627,1
2020-05-04 15:01:25.473,10626,10627,10626,1
2020-05-04 15:01:25.572,10626,10627,10626,4
2020-05-04 15:01:25.599,10625,10627,10625,7
2020-05-04 15:01:25.883,10624,10625,10625,1
2020-05-04 15:01:25.897,10624,10625,10625,1
2020-05-04 15:01:25.918,10624,10625,10625,1
2020-05-04 15:01:26.513,10625,10627,10627,1
2020-05-04 15:01:30.355,10626,10627,10627,1
2020-05-04 15:01:30.989,10626,10627,10627,1
2020-05-04 15:01:32.600,10626,10627,10627,10
2020-05-04 15:01:32.644,10626,10627,10628,8
2020-05-04 15:01:32.812,10628,10629,10629,3
2020-05-04 15:01:32.817,10628,10629,10630,6
2020-05-04 15:01:33.744,10629,10630,10629,1
2020-05-04 15:01:34.471,10628,10630,10628,1
2020-05-04 15:01:35.342,10628,10630,10630,1
2020-05-04 15:01:36.590,10628,10630,10630,11
2020-05-04 15:01:37.913,10628,10629,10629,2
2020-05-04 15:01:39.938,10628,10629,10628,1
2020-05-04 15:01:39.938,10628,10629,10628,2
2020-05-04 15:01:41.113,10627,10628,10627,2
2020-05-04 15:01:41.113,10627,10628,10627,4
2020-05-04 15:01:42.308,10626,10627,10626,2
2020-05-04 15:01:42.308,10626,10627,10626,2
2020-05-04 15:01:42.468,10626,10627,10626,2
2020-05-04 15:01:44.964,10628,10630,10628,2
2020-05-04 15:01:45.893,10627,10628,10627,1
2020-05-04 15:01:47.477,10626,10628,10628,5
2020-05-04 15:01:47.618,10626,10628,10626,1
2020-05-04 15:01:49.637,10626,10627,10627,1
2020-05-04 15:01:49.637,10626,10627,10628,2
2020-05-04 15:01:50.568,10627,10628,10628,3
2020-05-04 15:01:50.568,10627,10628,10629,2
2020-05-04 15:01:51.293,10627,10628,10627,3
2020-05-04 15:01:51.293,10627,10628,10626,2
2020-05-04 15:01:54.339,10627,10628,10627,1
2020-05-04 15:01:59.065,10626,10627,10627,1
2020-05-04 15:01:59.503,10626,10628,10626,1
2020-05-04 15:01:59.977,10626,10627,10626,2
2020-05-04 15:02:00.263,10626,10627,10626,1
2020-05-04 15:02:01.189,10626,10627,10626,2
2020-05-04 15:02:02.115,10626,10627,10626,1
2020-05-04 15:02:02.388,10626,10627,10626,5
2020-05-04 15:02:02.402,10626,10627,10627,1
2020-05-04 15:02:02.685,10625,10627,10625,3
2020-05-04 15:02:02.685,10625,10627,10625,3
2020-05-04 15:02:02.880,10624,10626,10626,3
2020-05-04 15:02:03.485,10624,10626,10626,5
2020-05-04 15:02:03.529,10624,10626,10624,1
2020-05-04 15:02:03.718,10624,10626,10624,1
2020-05-04 15:02:03.901,10624,10626,10626,1
2020-05-04 15:02:04.099,10624,10626,10626,1
2020-05-04 15:02:04.515,10624,10625,10624,1
2020-05-04 15:02:05.031,10624,10625,10624,3
2020-05-04 15:02:11.141,10623,10624,10624,1
2020-05-04 15:02:12.585,10623,10624,10623,3
2020-05-04 15:02:15.343,10622,10623,10623,1
2020-05-04 15:02:16.052,10622,10623,10623,2
2020-05-04 15:02:17.074,10623,10624,10623,1
2020-05-04 15:02:20.613,10622,10623,10623,1
2020-05-04 15:02:20.866,10622,10623,10623,1
2020-05-04 15:02:21.887,10623,10624,10623,2
2020-05-04 15:02:21.912,10623,10624,10623,1
2020-05-04 15:02:21.928,10623,10624,10623,1
2020-05-04 15:02:22.026,10622,10623,10623,5
2020-05-04 15:02:22.200,10622,10623,10623,5
2020-05-04 15:02:22.427,10622,10624,10624,5
2020-05-04 15:02:23.656,10623,10624,10623,3
2020-05-04 15:02:25.335,10623,10624,10624,16
2020-05-04 15:02:26.840,10624,10625,10625,1
2020-05-04 15:02:27.566,10624,10625,10624,3
2020-05-04 15:02:27.924,10624,10625,10624,10
2020-05-04 15:02:28.722,10623,10625,10623,1
2020-05-04 15:02:30.287,10623,10624,10623,1
2020-05-04 15:02:31.333,10623,10624,10624,1
2020-05-04 15:02:31.621,10623,10625,10623,1
2020-05-04 15:02:32.095,10624,10625,10624,1
2020-05-04 15:02:33.844,10623,10624,10624,1
2020-05-04 15:02:37.185,10623,10624,10623,3
2020-05-04 15:02:39.474,10623,10624,10623,4
2020-05-04 15:02:39.803,10623,10624,10624,1
2020-05-04 15:02:39.926,10623,10624,10623,1
2020-05-04 15:02:40.418,10623,10624,10623,1
2020-05-04 15:02:42.097,10623,10624,10623,1
2020-05-04 15:02:43.140,10623,10624,10624,2
2020-05-04 15:02:43.330,10624,10625,10624,5
2020-05-04 15:02:43.330,10624,10625,10624,2
2020-05-04 15:02:43.575,10623,10624,10624,1
2020-05-04 15:02:43.575,10623,10624,10624,2
2020-05-04 15:02:43.575,10623,10624,10624,1
2020-05-04 15:02:49.143,10624,10625,10624,6
2020-05-04 15:02:49.262,10623,10624,10624,2
2020-05-04 15:02:49.262,10623,10624,10625,3
2020-05-04 15:02:51.110,10624,10625,10625,2
2020-05-04 15:02:51.114,10624,10625,10625,9
2020-05-04 15:02:51.286,10624,10626,10624,1
2020-05-04 15:02:55.613,10624,10625,10625,1
2020-05-04 15:02:55.915,10624,10625,10625,2
2020-05-04 15:02:55.915,10624,10625,10626,3
2020-05-04 15:02:58.004,10624,10625,10625,1
2020-05-04 15:02:59.261,10625,10626,10625,5
2020-05-04 15:03:00.304,10624,10625,10624,2
2020-05-04 15:03:00.524,10624,10625,10624,2
2020-05-04 15:03:00.524,10624,10625,10624,1
2020-05-04 15:03:00.790,10623,10625,10625,1
2020-05-04 15:03:06.616,10624,10625,10624,1
2020-05-04 15:03:09.646,10623,10625,10625,1
2020-05-04 15:03:10.382,10623,10625,10625,1
2020-05-04 15:03:12.241,10625,10626,10625,1
2020-05-04 15:03:12.830,10624,10625,10624,1
2020-05-04 15:03:13.642,10624,10625,10624,1
2020-05-04 15:03:14.338,10624,10625,10624,1
2020-05-04 15:03:14.511,10623,10625,10623,1
2020-05-04 15:03:15.975,10623,10624,10623,1
2020-05-04 15:03:17.058,10623,10624,10624,1
2020-05-04 15:03:19.171,10623,10624,10623,5
2020-05-04 15:03:21.410,10622,10623,10622,1
2020-05-04 15:03:21.439,10622,10623,10623,7
2020-05-04 15:03:21.439,10622,10623,10623,2
2020-05-04 15:03:22.062,10623,10624,10624,1
2020-05-04 15:03:24.385,10623,10624,10624,2
2020-05-04 15:03:24.920,10624,10625,10624,1
2020-05-04 15:03:26.558,10623,10624,10623,1
2020-05-04 15:03:27.463,10623,10624,10624,1
2020-05-04 15:03:27.834,10623,10624,10624,3
2020-05-04 15:03:27.834,10623,10624,10625,2
2020-05-04 15:03:28.498,10624,10625,10625,3
2020-05-04 15:03:31.627,10625,10626,10626,5
2020-05-04 15:03:31.627,10625,10626,10626,1
2020-05-04 15:03:32.187,10625,10627,10625,1
2020-05-04 15:03:32.988,10625,10626,10625,3
2020-05-04 15:03:35.452,10624,10625,10624,1
2020-05-04 15:03:38.208,10624,10625,10624,3
2020-05-04 15:03:39.188,10624,10625,10625,1
2020-05-04 15:03:41.534,10624,10625,10625,2
2020-05-04 15:03:42.576,10625,10626,10625,1
2020-05-04 15:03:44.073,10625,10626,10625,1
2020-05-04 15:03:45.583,10625,10626,10626,1
2020-05-04 15:03:45.583,10625,10626,10627,4
2020-05-04 15:03:49.482,10626,10627,10627,2
2020-05-04 15:03:49.483,10626,10627,10627,5
2020-05-04 15:03:50.441,10627,10628,10628,7
2020-05-04 15:03:51.509,10627,10628,10627,1
2020-05-04 15:03:51.696,10626,10628,10627,1
2020-05-04 15:03:51.787,10626,10628,10626,1
2020-05-04 15:03:55.899,10626,10627,10627,2
2020-05-04 15:03:55.899,10626,10627,10628,2
2020-05-04 15:03:57.008,10626,10628,10628,1
2020-05-04 15:03:57.102,10626,10628,10626,4
2020-05-04 15:03:57.804,10625,10626,10626,1
2020-05-04 15:03:59.850,10625,10626,10626,1
2020-05-04 15:04:00.260,10625,10626,10625,4
2020-05-04 15:04:00.394,10624,10625,10624,3
2020-05-04 15:04:00.606,10624,10625,10624,1
2020-05-04 15:04:00.889,10624,10625,10625,1
2020-05-04 15:04:01.066,10624,10625,10625,1
2020-05-04 15:04:01.883,10624,10625,10624,2
2020-05-04 15:04:01.936,10624,10625,10624,1
2020-05-04 15:04:01.936,10624,10625,10624,1
2020-05-04 15:04:02.046,10624,10625,10624,1
2020-05-04 15:04:02.046,10624,10625,10624,2
2020-05-04 15:04:02.046,10624,10625,10624,2
2020-05-04 15:04:02.046,10624,10625,10624,2
2020-05-04 15:04:02.046,10624,10625,10624,3
2020-05-04 15:04:02.047,10624,10625,10624,2
2020-05-04 15:04:02.047,10624,10625,10624,2
2020-05-04 15:04:02.047,10624,10625,10624,2
2020-05-04 15:04:02.047,10624,10625,10624,3
2020-05-04 15:04:03.069,10623,10624,10623,2
2020-05-04 15:04:05.164,10623,10624,10624,1
2020-05-04 15:04:05.164,10623,10624,10624,1
2020-05-04 15:04:05.337,10624,10625,10624,2
2020-05-04 15:04:06.240,10624,10625,10624,1
2020-05-04 15:04:08.005,10624,10625,10625,2
2020-05-04 15:04:08.005,10624,10625,10626,1
2020-05-04 15:04:13.290,10624,10625,10625,1
2020-05-04 15:04:14.231,10624,10625,10625,1
2020-05-04 15:04:22.122,10626,10627,10626,1
2020-05-04 15:04:22.929,10626,10627,10626,1
2020-05-04 15:04:25.438,10626,10627,10626,1
2020-05-04 15:04:25.489,10626,10627,10626,2
2020-05-04 15:04:25.489,10626,10627,10625,1
2020-05-04 15:04:26.202,10626,10627,10625,1
2020-05-04 15:04:28.392,10626,10627,10627,4
2020-05-04 15:04:32.777,10625,10626,10625,1
2020-05-04 15:04:32.850,10625,10626,10625,1
2020-05-04 15:04:33.595,10625,10626,10626,1
2020-05-04 15:04:37.209,10626,10627,10627,4
2020-05-04 15:04:37.210,10626,10627,10627,10
2020-05-04 15:04:37.326,10626,10627,10627,1
2020-05-04 15:04:40.651,10626,10627,10627,2
2020-05-04 15:04:42.489,10627,10628,10628,12
2020-05-04 15:04:42.734,10628,10629,10629,1
2020-05-04 15:04:43.480,10628,10629,10629,1
2020-05-04 15:04:43.834,10628,10629,10629,2
2020-05-04 15:04:44.349,10628,10629,10628,1
2020-05-04 15:04:45.597,10628,10629,10629,1
2020-05-04 15:04:47.099,10629,10630,10630,3
2020-05-04 15:04:47.099,10629,10630,10630,16
2020-05-04 15:04:47.099,10629,10630,10630,3
2020-05-04 15:04:47.099,10629,10630,10630,4
2020-05-04 15:04:47.100,10629,10630,10630,4
2020-05-04 15:04:47.100,10629,10630,10630,6
2020-05-04 15:04:47.100,10629,10630,10630,5
2020-05-04 15:04:47.100,10629,10630,10630,1
2020-05-04 15:04:48.151,10629,10631,10629,1
2020-05-04 15:04:50.777,10629,10630,10630,1
2020-05-04 15:04:51.187,10629,10630,10630,1
2020-05-04 15:04:53.937,10629,10631,10631,12
2020-05-04 15:04:54.006,10630,10631,10631,1
2020-05-04 15:04:54.224,10630,10631,10630,1
2020-05-04 15:04:55.901,10630,10631,10631,1
2020-05-04 15:04:56.132,10630,10632,10630,2
2020-05-04 15:04:57.097,10630,10631,10631,1
2020-05-04 15:04:57.324,10630,10631,10631,6
2020-05-04 15:04:57.700,10631,10632,10631,1
2020-05-04 15:04:57.706,10631,10632,10632,1
2020-05-04 15:04:59.208,10631,10632,10632,3
2020-05-04 15:04:59.495,10631,10632,10632,1
2020-05-04 15:04:59.621,10631,10632,10632,2
2020-05-04 15:05:00.185,10631,10632,10632,1
2020-05-04 15:05:00.587,10632,10633,10632,2
2020-05-04 15:05:00.807,10632,10633,10631,1
2020-05-04 15:05:01.656,10631,10632,10632,1
2020-05-04 15:05:01.805,10631,10632,10631,1
2020-05-04 15:05:01.902,10631,10632,10632,1
2020-05-04 15:05:02.270,10631,10632,10632,1
2020-05-04 15:05:02.569,10631,10632,10632,2
2020-05-04 15:05:02.571,10631,10632,10632,3
2020-05-04 15:05:03.176,10631,10633,10633,15
2020-05-04 15:05:03.456,10632,10633,10634,1
2020-05-04 15:05:04.232,10632,10634,10634,1
2020-05-04 15:05:04.796,10632,10634,10633,1
2020-05-04 15:05:05.233,10632,10633,10633,1
2020-05-04 15:05:05.506,10633,10634,10634,1
2020-05-04 15:05:05.775,10633,10634,10634,1
2020-05-04 15:05:05.954,10634,10635,10633,1
2020-05-04 15:05:06.709,10633,10634,10634,1
2020-05-04 15:05:06.709,10633,10634,10635,1
2020-05-04 15:05:06.872,10634,10635,10635,1
2020-05-04 15:05:07.031,10634,10635,10635,1
2020-05-04 15:05:07.393,10634,10635,10635,1
2020-05-04 15:05:07.619,10634,10635,10635,2
2020-05-04 15:05:07.927,10634,10636,10634,1
2020-05-04 15:05:09.108,10634,10635,10635,1
2020-05-04 15:05:09.773,10635,10636,10636,1
2020-05-04 15:05:10.180,10635,10636,10636,7
2020-05-04 15:05:10.280,10635,10637,10637,1
2020-05-04 15:05:10.780,10636,10637,10637,7
2020-05-04 15:05:11.792,10636,10637,10637,2
2020-05-04 15:05:11.826,10636,10637,10637,5
2020-05-04 15:05:11.868,10637,10638,10637,1
2020-05-04 15:05:12.405,10637,10638,10638,2
2020-05-04 15:05:12.590,10637,10638,10637,3
2020-05-04 15:05:12.710,10637,10638,10637,4
2020-05-04 15:05:12.835,10637,10638,10637,2
2020-05-04 15:05:13.460,10637,10638,10637,2
2020-05-04 15:05:13.595,10636,10638,10638,1
2020-05-04 15:05:15.300,10637,10638,10638,4
2020-05-04 15:05:16.100,10637,10638,10637,2
2020-05-04 15:05:16.210,10636,10637,10636,3
2020-05-04 15:05:16.482,10635,10636,10636,1
2020-05-04 15:05:16.816,10634,10636,10636,1
2020-05-04 15:05:17.742,10634,10635,10634,6
2020-05-04 15:05:18.173,10633,10634,10633,1
2020-05-04 15:05:18.624,10632,10633,10633,1
2020-05-04 15:05:19.610,10632,10633,10632,1
2020-05-04 15:05:19.610,10632,10633,10632,1
2020-05-04 15:05:21.566,10631,10632,10631,1
2020-05-04 15:05:21.725,10631,10632,10632,1
2020-05-04 15:05:24.107,10631,10632,10631,2
2020-05-04 15:05:25.888,10631,10632,10631,5
2020-05-04 15:05:26.046,10630,10631,10631,1
2020-05-04 15:05:29.061,10630,10631,10630,9
2020-05-04 15:05:29.932,10629,10630,10630,1
2020-05-04 15:05:31.940,10629,10630,10629,1
2020-05-04 15:05:32.054,10629,10630,10630,1
2020-05-04 15:05:35.619,10629,10630,10630,1
2020-05-04 15:05:39.317,10630,10631,10630,1
2020-05-04 15:05:39.943,10629,10630,10629,1
2020-05-04 15:05:40.617,10628,10630,10630,1
2020-05-04 15:05:40.798,10628,10630,10630,1
2020-05-04 15:05:40.934,10628,10630,10629,1
2020-05-04 15:05:41.530,10628,10629,10629,1
2020-05-04 15:05:42.028,10628,10629,10628,1
2020-05-04 15:05:42.028,10628,10629,10628,1
2020-05-04 15:05:42.146,10627,10628,10627,1
2020-05-04 15:05:43.049,10627,10629,10629,1
2020-05-04 15:05:45.178,10629,10630,10629,1
2020-05-04 15:05:46.751,10630,10631,10631,2
2020-05-04 15:05:46.751,10630,10631,10632,4
2020-05-04 15:05:47.334,10631,10632,10632,1
2020-05-04 15:05:53.306,10629,10631,10629,1
2020-05-04 15:05:58.170,10630,10631,10630,1
2020-05-04 15:06:00.018,10630,10631,10631,1
2020-05-04 15:06:00.159,10630,10631,10630,1
2020-05-04 15:06:01.215,10629,10631,10629,1
2020-05-04 15:06:04.836,10629,10631,10631,1
2020-05-04 15:06:05.342,10629,10631,10629,1
2020-05-04 15:06:08.051,10629,10630,10630,1
2020-05-04 15:06:08.231,10629,10630,10630,1
2020-05-04 15:06:10.806,10630,10631,10630,1
2020-05-04 15:06:12.339,10629,10630,10629,1
2020-05-04 15:06:12.339,10629,10630,10628,2
2020-05-04 15:06:14.525,10629,10630,10630,1
2020-05-04 15:06:16.048,10629,10631,10629,1
2020-05-04 15:06:22.820,10629,10630,10630,1
2020-05-04 15:06:27.259,10629,10630,10630,1
2020-05-04 15:06:27.761,10630,10631,10630,1
2020-05-04 15:06:29.944,10629,10630,10630,1
2020-05-04 15:06:30.464,10630,10631,10630,2
2020-05-04 15:06:32.462,10629,10630,10629,4
2020-05-04 15:06:32.681,10628,10629,10628,1
2020-05-04 15:06:32.681,10628,10629,10628,1
2020-05-04 15:06:32.682,10628,10629,10628,2
2020-05-04 15:06:32.682,10628,10629,10628,2
2020-05-04 15:06:32.682,10628,10629,10628,4
2020-05-04 15:06:32.682,10628,10629,10628,1
2020-05-04 15:06:32.682,10628,10629,10628,6
2020-05-04 15:06:32.683,10628,10629,10628,1
2020-05-04 15:06:32.683,10628,10629,10628,8
2020-05-04 15:06:36.323,10628,10630,10628,1
2020-05-04 15:06:41.838,10629,10630,10630,4
2020-05-04 15:06:42.172,10629,10631,10631,12
2020-05-04 15:06:48.436,10631,10632,10632,2
2020-05-04 15:06:48.436,10631,10632,10632,1
2020-05-04 15:06:52.636,10631,10632,10632,1
2020-05-04 15:06:55.350,10631,10632,10632,1
2020-05-04 15:06:57.516,10632,10633,10633,2
2020-05-04 15:06:57.584,10632,10633,10633,1
2020-05-04 15:07:02.977,10633,10635,10635,1
2020-05-04 15:07:03.752,10633,10634,10634,4
2020-05-04 15:07:03.752,10633,10634,10635,1
2020-05-04 15:07:08.160,10634,10635,10634,1
2020-05-04 15:07:09.427,10633,10635,10635,2
2020-05-04 15:07:15.965,10633,10634,10634,2
2020-05-04 15:07:18.158,10633,10634,10634,5
2020-05-04 15:07:21.376,10633,10635,10635,10
2020-05-04 15:07:24.876,10633,10634,10634,1
2020-05-04 15:07:27.308,10633,10634,10633,1
2020-05-04 15:07:27.504,10633,10634,10633,6
2020-05-04 15:07:27.708,10632,10633,10633,2
2020-05-04 15:07:29.988,10632,10634,10634,6
2020-05-04 15:07:39.256,10633,10634,10634,6
2020-05-04 15:07:46.623,10632,10634,10634,8
2020-05-04 15:07:46.623,10632,10634,10634,4
2020-05-04 15:07:46.624,10632,10634,10634,3
2020-05-04 15:07:47.722,10633,10634,10633,1
2020-05-04 15:07:48.085,10632,10634,10632,1
2020-05-04 15:07:52.536,10632,10633,10632,3
2020-05-04 15:07:53.105,10631,10633,10631,4
2020-05-04 15:07:54.812,10631,10633,10631,1
2020-05-04 15:08:04.031,10632,10633,10632,5
2020-05-04 15:08:04.031,10632,10633,10632,1
2020-05-04 15:08:04.032,10632,10633,10632,2
2020-05-04 15:08:04.494,10632,10633,10632,1
2020-05-04 15:08:04.494,10632,10633,10631,2
2020-05-04 15:08:07.366,10631,10632,10631,2
2020-05-04 15:08:11.047,10631,10632,10631,1
2020-05-04 15:08:16.540,10631,10632,10632,1
2020-05-04 15:08:16.540,10631,10632,10632,2
2020-05-04 15:08:19.316,10632,10633,10632,5
2020-05-04 15:08:20.342,10632,10633,10632,1
2020-05-04 15:08:28.339,10632,10633,10632,1
2020-05-04 15:08:28.340,10632,10633,10632,2
2020-05-04 15:08:28.340,10632,10633,10632,2
2020-05-04 15:08:30.909,10631,10632,10631,3
2020-05-04 15:08:31.171,10630,10631,10631,1
2020-05-04 15:08:31.349,10631,10632,10631,1
2020-05-04 15:08:31.902,10630,10631,10631,1
2020-05-04 15:08:49.979,10630,10631,10631,6
2020-05-04 15:08:49.979,10630,10631,10632,4
2020-05-04 15:08:51.120,10631,10632,10631,2
2020-05-04 15:08:56.430,10631,10632,10631,1
2020-05-04 15:09:02.609,10631,10632,10631,1
2020-05-04 15:09:02.971,10631,10632,10632,1
2020-05-04 15:09:03.030,10631,10632,10633,1
2020-05-04 15:09:03.066,10631,10632,10633,1
2020-05-04 15:09:03.076,10631,10632,10633,2
2020-05-04 15:09:03.090,10632,10634,10634,1
2020-05-04 15:09:03.114,10632,10634,10634,1
2020-05-04 15:09:03.137,10632,10634,10634,1
2020-05-04 15:09:03.323,10633,10635,10635,1
2020-05-04 15:09:09.260,10632,10634,10634,1
2020-05-04 15:09:09.877,10632,10634,10634,1
2020-05-04 15:09:11.916,10633,10634,10633,1
2020-05-04 15:09:12.616,10631,10633,10633,1
2020-05-04 15:09:14.041,10632,10633,10632,1
2020-05-04 15:09:19.041,10631,10632,10631,1
2020-05-04 15:09:20.681,10631,10633,10632,1
2020-05-04 15:09:22.636,10631,10632,10631,1
2020-05-04 15:09:22.702,10631,10632,10631,1
2020-05-04 15:09:22.916,10631,10632,10631,1
2020-05-04 15:09:23.151,10631,10632,10631,1
2020-05-04 15:09:23.241,10631,10632,10631,1
2020-05-04 15:09:24.345,10631,10632,10632,1
2020-05-04 15:09:24.371,10631,10632,10632,1
2020-05-04 15:09:24.506,10631,10633,10633,1
2020-05-04 15:09:28.754,10631,10633,10633,1
2020-05-04 15:09:40.612,10632,10633,10633,2
2020-05-04 15:09:40.612,10632,10633,10634,3
2020-05-04 15:09:45.961,10633,10635,10634,1
2020-05-04 15:10:01.029,10633,10634,10633,1
2020-05-04 15:10:01.029,10633,10634,10633,2
2020-05-04 15:10:01.451,10632,10633,10633,1
2020-05-04 15:10:09.008,10632,10633,10632,2
2020-05-04 15:10:09.010,10632,10633,10632,2
2020-05-04 15:10:09.373,10631,10632,10631,2
2020-05-04 15:10:09.378,10631,10632,10631,1
2020-05-04 15:10:09.473,10631,10632,10632,1
2020-05-04 15:10:10.112,10631,10632,10631,1
2020-05-04 15:10:10.112,10631,10632,10631,1
2020-05-04 15:10:11.732,10630,10631,10631,1
2020-05-04 15:10:14.282,10630,10631,10630,1
2020-05-04 15:10:14.300,10630,10631,10631,1
2020-05-04 15:10:18.494,10630,10631,10631,1
2020-05-04 15:10:25.978,10630,10631,10631,1
2020-05-04 15:10:28.978,10630,10631,10630,10
2020-05-04 15:10:29.249,10630,10631,10630,1
2020-05-04 15:10:29.318,10630,10631,10630,1
2020-05-04 15:10:29.356,10630,10631,10630,1
2020-05-04 15:10:29.356,10630,10631,10630,1
2020-05-04 15:10:29.356,10630,10631,10630,1
2020-05-04 15:10:30.774,10629,10630,10630,1
2020-05-04 15:10:32.020,10629,10630,10630,1
2020-05-04 15:10:34.101,10629,10630,10630,1
2020-05-04 15:10:34.870,10630,10631,10630,1
2020-05-04 15:10:35.043,10630,10631,10631,1
2020-05-04 15:10:35.043,10630,10631,10631,3
2020-05-04 15:10:36.132,10631,10633,10631,1
2020-05-04 15:10:37.663,10631,10633,10631,1
2020-05-04 15:10:48.653,10630,10631,10632,1
2020-05-04 15:10:48.951,10631,10632,10631,1
2020-05-04 15:10:51.065,10630,10631,10630,2
2020-05-04 15:10:51.104,10629,10631,10630,1
2020-05-04 15:10:51.765,10629,10630,10629,2
2020-05-04 15:10:53.888,10629,10630,10629,3
2020-05-04 15:10:55.216,10628,10629,10629,2
2020-05-04 15:11:00.300,10628,10630,10628,3
2020-05-04 15:11:03.429,10628,10629,10628,6
2020-05-04 15:11:03.880,10627,10628,10627,1
2020-05-04 15:11:04.237,10627,10628,10627,1
2020-05-04 15:11:05.404,10626,10627,10627,1
2020-05-04 15:11:06.941,10626,10627,10626,1
2020-05-04 15:11:07.581,10626,10627,10626,2
2020-05-04 15:11:07.785,10626,10627,10626,1
2020-05-04 15:11:07.934,10626,10627,10626,1
2020-05-04 15:11:09.304,10626,10627,10626,1
2020-05-04 15:11:10.691,10625,10627,10625,1
2020-05-04 15:11:10.802,10625,10627,10625,1
2020-05-04 15:11:16.618,10625,10626,10625,1
2020-05-04 15:11:17.149,10626,10627,10626,1
2020-05-04 15:11:20.448,10625,10626,10626,15
2020-05-04 15:11:24.480,10627,10628,10627,1
2020-05-04 15:11:25.841,10626,10627,10626,1
2020-05-04 15:11:26.028,10626,10627,10626,1
2020-05-04 15:11:26.201,10626,10627,10626,1
2020-05-04 15:11:27.761,10626,10627,10626,3
2020-05-04 15:11:30.240,10625,10626,10626,8
2020-05-04 15:11:35.921,10626,10627,10626,1
2020-05-04 15:11:39.600,10625,10626,10625,1
2020-05-04 15:11:39.601,10625,10626,10625,7
2020-05-04 15:11:40.509,10624,10625,10625,1
2020-05-04 15:11:43.563,10625,10626,10625,1
2020-05-04 15:11:44.967,10625,10626,10625,1
2020-05-04 15:11:48.106,10624,10625,10624,1
2020-05-04 15:11:48.231,10624,10625,10624,1
2020-05-04 15:11:48.383,10624,10625,10625,1
2020-05-04 15:11:50.356,10624,10626,10624,3
2020-05-04 15:11:53.419,10624,10625,10624,1
2020-05-04 15:11:56.179,10624,10625,10624,2
2020-05-04 15:11:56.250,10623,10624,10623,1
2020-05-04 15:11:56.512,10623,10624,10623,1
2020-05-04 15:11:56.512,10623,10624,10623,1
2020-05-04 15:11:56.612,10623,10624,10623,1
2020-05-04 15:11:59.834,10623,10624,10624,1
2020-05-04 15:11:59.931,10623,10624,10624,1
2020-05-04 15:11:59.980,10623,10624,10624,2
2020-05-04 15:12:00.737,10624,10625,10624,5
2020-05-04 15:12:01.958,10624,10625,10624,1
2020-05-04 15:12:02.941,10624,10625,10624,1
2020-05-04 15:12:03.537,10624,10625,10625,1
2020-05-04 15:12:04.719,10624,10625,10624,5
2020-05-04 15:12:05.258,10624,10625,10624,1
2020-05-04 15:12:05.526,10624,10625,10625,1
2020-05-04 15:12:10.297,10624,10625,10625,2
2020-05-04 15:12:11.563,10624,10625,10624,1
2020-05-04 15:12:16.105,10624,10625,10624,1
2020-05-04 15:12:19.504,10624,10625,10625,10
2020-05-04 15:12:20.663,10625,10626,10625,2
2020-05-04 15:12:21.583,10625,10626,10625,1
2020-05-04 15:12:22.554,10625,10626,10625,1
2020-05-04 15:12:23.068,10625,10626,10626,1
2020-05-04 15:12:24.325,10625,10626,10626,3
2020-05-04 15:12:24.728,10626,10627,10627,2
2020-05-04 15:12:25.276,10626,10627,10626,1
2020-05-04 15:12:26.116,10626,10627,10627,1
2020-05-04 15:12:26.750,10627,10628,10628,1
2020-05-04 15:12:26.785,10627,10628,10628,3
2020-05-04 15:12:29.427,10628,10629,10629,1
2020-05-04 15:12:29.717,10629,10630,10629,1
2020-05-04 15:12:30.471,10628,10629,10629,1
2020-05-04 15:12:33.266,10629,10630,10629,3
2020-05-04 15:12:36.040,10628,10629,10628,6
2020-05-04 15:12:36.041,10628,10629,10628,1
2020-05-04 15:12:38.004,10627,10628,10627,1
2020-05-04 15:12:45.209,10627,10629,10627,2
2020-05-04 15:12:49.579,10628,10629,10628,1
2020-05-04 15:12:55.845,10627,10628,10627,1
2020-05-04 15:13:01.641,10626,10628,10626,1
2020-05-04 15:13:03.735,10626,10627,10626,1
2020-05-04 15:13:11.110,10626,10627,10627,1
2020-05-04 15:13:12.270,10626,10627,10627,1
2020-05-04 15:13:12.606,10627,10628,10627,1
2020-05-04 15:13:13.525,10627,10628,10627,1
2020-05-04 15:13:16.372,10626,10627,10626,1
2020-05-04 15:13:16.614,10626,10627,10627,6
2020-05-04 15:13:16.614,10626,10627,10627,3
2020-05-04 15:13:16.614,10626,10627,10627,1
2020-05-04 15:13:22.356,10626,10627,10626,2
2020-05-04 15:13:22.356,10626,10627,10626,3
2020-05-04 15:13:22.357,10626,10627,10626,2
2020-05-04 15:13:22.357,10626,10627,10626,1
2020-05-04 15:13:22.357,10626,10627,10626,1
2020-05-04 15:13:22.725,10625,10626,10626,1
2020-05-04 15:13:29.889,10626,10627,10626,1
2020-05-04 15:13:34.926,10625,10626,10625,5
2020-05-04 15:13:34.926,10625,10626,10625,4
2020-05-04 15:13:34.926,10625,10626,10625,2
2020-05-04 15:13:34.926,10625,10626,10625,1
2020-05-04 15:13:34.926,10625,10626,10625,5
2020-05-04 15:13:36.191,10624,10625,10625,1
2020-05-04 15:13:38.071,10624,10625,10624,2
2020-05-04 15:13:38.272,10624,10625,10624,1
2020-05-04 15:13:42.151,10623,10625,10623,1
2020-05-04 15:13:43.894,10623,10625,10623,1
2020-05-04 15:13:45.199,10623,10624,10623,1
2020-05-04 15:13:46.082,10623,10624,10623,1
2020-05-04 15:13:46.880,10623,10624,10623,1
2020-05-04 15:13:47.672,10623,10624,10624,1
2020-05-04 15:13:48.028,10624,10626,10624,1
2020-05-04 15:13:49.803,10623,10625,10623,1
2020-05-04 15:13:51.099,10623,10624,10623,1
2020-05-04 15:14:00.774,10624,10625,10624,1
2020-05-04 15:14:04.418,10623,10624,10624,5
2020-05-04 15:14:05.837,10624,10625,10624,1
2020-05-04 15:14:14.116,10623,10624,10623,1
2020-05-04 15:14:15.625,10623,10624,10624,3
2020-05-04 15:14:15.625,10623,10624,10624,2
2020-05-04 15:14:16.030,10624,10625,10625,1
2020-05-04 15:14:16.515,10624,10626,10626,1
2020-05-04 15:14:20.245,10623,10625,10625,1
2020-05-04 15:14:26.167,10624,10625,10625,4
2020-05-04 15:14:28.690,10624,10625,10625,1
2020-05-04 15:14:29.499,10624,10625,10625,1
2020-05-04 15:14:31.131,10624,10625,10625,2
2020-05-04 15:14:35.746,10625,10626,10626,9
2020-05-04 15:14:37.074,10626,10628,10628,1
2020-05-04 15:14:42.081,10626,10627,10626,1
2020-05-04 15:14:43.598,10625,10627,10626,1
2020-05-04 15:14:46.380,10626,10627,10626,1
2020-05-04 15:14:46.550,10625,10626,10626,1
2020-05-04 15:14:46.958,10625,10627,10627,1
2020-05-04 15:14:49.460,10627,10628,10627,2
2020-05-04 15:14:54.832,10626,10627,10627,1
2020-05-04 15:14:59.361,10626,10627,10626,2
2020-05-04 15:14:59.361,10626,10627,10626,1
2020-05-04 15:15:02.704,10625,10626,10626,1
2020-05-04 15:15:02.704,10625,10626,10627,2
2020-05-04 15:15:02.888,10625,10627,10625,7
2020-05-04 15:15:02.888,10625,10627,10624,8
2020-05-04 15:15:02.891,10625,10627,10624,1
2020-05-04 15:15:02.901,10625,10627,10624,6
2020-05-04 15:15:02.901,10625,10627,10623,1
2020-05-04 15:15:02.912,10625,10627,10625,2
2020-05-04 15:15:03.116,10623,10624,10623,1
2020-05-04 15:15:03.143,10623,10624,10624,3
2020-05-04 15:15:03.151,10623,10624,10623,2
2020-05-04 15:15:03.527,10623,10625,10625,5
2020-05-04 15:15:03.928,10623,10625,10623,1
2020-05-04 15:15:06.340,10625,10626,10626,3
2020-05-04 15:15:06.413,10625,10626,10625,5
2020-05-04 15:15:09.426,10626,10627,10626,1
2020-05-04 15:15:15.449,10625,10626,10625,5
2020-05-04 15:15:20.128,10623,10624,10623,3
2020-05-04 15:15:20.128,10623,10624,10622,2
2020-05-04 15:15:20.445,10622,10623,10622,1
2020-05-04 15:15:20.500,10622,10623,10622,1
2020-05-04 15:15:20.678,10622,10624,10622,1
2020-05-04 15:15:20.785,10622,10623,10622,2
2020-05-04 15:15:20.789,10622,10623,10621,2
2020-05-04 15:15:20.794,10622,10623,10621,3
2020-05-04 15:15:20.893,10621,10623,10621,4
2020-05-04 15:15:20.914,10621,10623,10621,1
2020-05-04 15:15:21.192,10621,10622,10621,1
2020-05-04 15:15:21.220,10620,10622,10620,1
2020-05-04 15:15:21.432,10620,10622,10620,1
2020-05-04 15:15:21.702,10620,10622,10620,1
2020-05-04 15:15:22.877,10620,10622,10622,1
2020-05-04 15:15:23.768,10620,10621,10620,1
2020-05-04 15:15:24.376,10620,10621,10621,8
2020-05-04 15:15:28.549,10621,10622,10621,1
2020-05-04 15:15:29.943,10621,10622,10621,1
2020-05-04 15:15:30.580,10621,10622,10622,1
2020-05-04 15:15:31.078,10622,10623,10622,1
2020-05-04 15:15:31.856,10621,10623,10621,2
2020-05-04 15:15:34.039,10621,10622,10622,1
2020-05-04 15:15:34.919,10621,10623,10621,1
2020-05-04 15:15:37.329,10621,10622,10621,1
2020-05-04 15:15:37.841,10621,10622,10621,1
2020-05-04 15:15:37.865,10621,10622,10621,1
2020-05-04 15:15:38.319,10620,10621,10620,5
2020-05-04 15:15:38.440,10620,10621,10620,1
2020-05-04 15:15:38.460,10620,10621,10621,1
2020-05-04 15:15:41.101,10620,10622,10620,1
2020-05-04 15:15:43.309,10621,10622,10621,3
2020-05-04 15:15:47.903,10621,10622,10622,1
2020-05-04 15:15:48.844,10621,10622,10622,9
2020-05-04 15:15:50.824,10623,10624,10623,1
2020-05-04 15:15:50.921,10623,10625,10625,2
2020-05-04 15:15:51.177,10623,10625,10623,1
2020-05-04 15:15:51.267,10623,10625,10623,1
2020-05-04 15:15:52.115,10623,10625,10623,1
2020-05-04 15:15:55.907,10623,10624,10624,3
2020-05-04 15:15:57.405,10623,10624,10624,1
2020-05-04 15:16:02.135,10623,10624,10623,2
2020-05-04 15:16:09.119,10622,10623,10623,3
2020-05-04 15:16:18.071,10623,10624,10623,1
2020-05-04 15:16:22.690,10623,10624,10623,1
2020-05-04 15:16:22.920,10623,10624,10623,1
2020-05-04 15:16:23.668,10622,10624,10624,1
2020-05-04 15:16:40.000,10623,10624,10624,2
2020-05-04 15:16:40.121,10623,10624,10624,3
2020-05-04 15:16:40.890,10624,10625,10625,2
2020-05-04 15:16:41.004,10625,10626,10626,16
2020-05-04 15:16:48.793,10624,10626,10626,1
2020-05-04 15:16:53.125,10624,10626,10626,1
2020-05-04 15:16:53.741,10625,10626,10625,1
2020-05-04 15:16:57.177,10625,10626,10625,1
2020-05-04 15:16:58.628,10624,10625,10624,1
2020-05-04 15:16:58.628,10624,10625,10624,1
2020-05-04 15:17:01.406,10623,10624,10623,3
2020-05-04 15:17:01.406,10623,10624,10623,1
2020-05-04 15:17:02.193,10622,10623,10623,1
2020-05-04 15:17:02.319,10622,10623,10623,1
2020-05-04 15:17:03.622,10622,10624,10624,4
2020-05-04 15:17:06.365,10622,10623,10623,1
2020-05-04 15:17:08.503,10622,10623,10623,1
2020-05-04 15:17:08.677,10622,10623,10622,7
2020-05-04 15:17:14.716,10622,10623,10622,1
2020-05-04 15:17:23.762,10622,10623,10622,3
2020-05-04 15:17:28.055,10621,10622,10622,1
2020-05-04 15:17:28.986,10621,10622,10621,6
2020-05-04 15:17:31.254,10620,10622,10620,1
2020-05-04 15:17:32.275,10620,10622,10620,1
2020-05-04 15:17:33.174,10620,10621,10620,28
2020-05-04 15:17:33.217,10619,10620,10619,8
2020-05-04 15:17:33.720,10618,10619,10618,1
2020-05-04 15:17:33.860,10618,10619,10618,2
2020-05-04 15:17:34.035,10618,10619,10618,1
2020-05-04 15:17:34.834,10618,10619,10618,3
2020-05-04 15:17:35.100,10618,10619,10618,1
2020-05-04 15:17:36.089,10618,10619,10618,1
2020-05-04 15:17:38.463,10619,10620,10620,1
2020-05-04 15:17:39.975,10619,10620,10619,1
2020-05-04 15:17:40.585,10619,10620,10619,1
2020-05-04 15:17:40.695,10619,10620,10619,2
2020-05-04 15:17:41.226,10619,10620,10619,5
2020-05-04 15:17:41.269,10619,10620,10619,1
2020-05-04 15:17:41.420,10619,10620,10619,1
2020-05-04 15:17:41.912,10618,10620,10618,2
2020-05-04 15:17:42.648,10618,10620,10618,1
2020-05-04 15:17:47.230,10618,10619,10619,1
2020-05-04 15:17:47.664,10618,10620,10618,1
2020-05-04 15:17:51.359,10617,10619,10618,1
2020-05-04 15:17:54.989,10618,10619,10619,1
2020-05-04 15:17:57.245,10618,10619,10619,1
2020-05-04 15:18:05.823,10619,10620,10619,1
2020-05-04 15:18:11.306,10619,10620,10619,1
2020-05-04 15:18:11.707,10619,10620,10620,14
2020-05-04 15:18:12.744,10620,10621,10619,1
2020-05-04 15:18:12.968,10619,10621,10621,1
2020-05-04 15:18:13.260,10619,10621,10621,1
2020-05-04 15:18:14.665,10619,10621,10620,1
2020-05-04 15:18:18.099,10619,10620,10620,1
2020-05-04 15:18:21.314,10619,10620,10619,1
2020-05-04 15:18:21.314,10619,10620,10619,1
2020-05-04 15:18:21.976,10618,10619,10620,1
2020-05-04 15:18:24.589,10619,10620,10619,1
2020-05-04 15:18:25.315,10618,10619,10618,5
2020-05-04 15:18:25.355,10617,10619,10618,1
2020-05-04 15:18:26.077,10617,10619,10617,1
2020-05-04 15:18:27.078,10617,10618,10618,1
2020-05-04 15:18:32.647,10617,10618,10618,2
2020-05-04 15:18:32.871,10617,10618,10617,1
2020-05-04 15:18:34.540,10617,10618,10618,1
2020-05-04 15:18:35.394,10617,10618,10617,1
2020-05-04 15:18:40.716,10617,10618,10618,3
2020-05-04 15:18:40.776,10617,10618,10618,2
2020-05-04 15:18:41.744,10617,10619,10617,1
2020-05-04 15:18:42.093,10617,10619,10617,1
2020-05-04 15:18:42.472,10618,10619,10618,1
2020-05-04 15:18:42.472,10618,10619,10617,4
2020-05-04 15:18:43.989,10616,10618,10616,2
2020-05-04 15:18:45.210,10616,10617,10616,3
2020-05-04 15:18:49.070,10615,10617,10615,1
2020-05-04 15:18:49.113,10615,10616,10615,1
2020-05-04 15:18:49.136,10615,10616,10615,2
2020-05-04 15:18:49.136,10615,10616,10614,1
2020-05-04 15:18:49.287,10614,10616,10614,4
2020-05-04 15:18:49.287,10614,10616,10613,1
2020-05-04 15:18:49.371,10614,10615,10614,1
2020-05-04 15:18:49.548,10613,10615,10613,1
2020-05-04 15:18:49.548,10613,10615,10613,1
2020-05-04 15:18:49.577,10613,10615,10613,1
2020-05-04 15:18:49.620,10613,10614,10614,1
2020-05-04 15:18:49.621,10613,10614,10614,1
2020-05-04 15:18:49.756,10613,10614,10613,16
2020-05-04 15:18:50.393,10612,10613,10612,1
2020-05-04 15:18:50.532,10612,10613,10613,2
2020-05-04 15:18:50.542,10612,10613,10612,1
2020-05-04 15:18:50.721,10612,10613,10612,1
2020-05-04 15:18:50.760,10612,10613,10613,1
2020-05-04 15:18:51.681,10612,10613,10613,1
2020-05-04 15:18:51.719,10612,10613,10613,1
2020-05-04 15:18:52.455,10612,10613,10612,1
2020-05-04 15:18:53.753,10612,10613,10612,2
2020-05-04 15:18:53.779,10612,10613,10612,1
2020-05-04 15:18:54.121,10612,10613,10612,1
2020-05-04 15:18:54.171,10612,10613,10612,1
2020-05-04 15:18:54.525,10612,10613,10612,1
2020-05-04 15:18:54.540,10612,10613,10612,1
2020-05-04 15:18:54.998,10612,10613,10612,1
2020-05-04 15:18:55.318,10612,10613,10612,1
2020-05-04 15:18:56.591,10612,10613,10612,2
2020-05-04 15:18:58.768,10611,10612,10611,4
2020-05-04 15:18:58.929,10611,10612,10611,1
2020-05-04 15:18:59.799,10611,10612,10611,2
2020-05-04 15:18:59.799,10611,10612,10610,3
2020-05-04 15:18:59.862,10610,10612,10610,1
2020-05-04 15:18:59.919,10610,10612,10610,1
2020-05-04 15:18:59.933,10610,10612,10612,1
2020-05-04 15:19:00.165,10610,10612,10610,4
2020-05-04 15:19:00.210,10610,10611,10610,2
2020-05-04 15:19:00.431,10610,10611,10610,1
2020-05-04 15:19:00.965,10610,10611,10610,1
2020-05-04 15:19:00.968,10610,10611,10609,1
2020-05-04 15:19:01.090,10609,10611,10611,1
2020-05-04 15:19:01.138,10609,10611,10609,3
2020-05-04 15:19:01.357,10609,10611,10609,1
2020-05-04 15:19:01.477,10609,10611,10609,1
2020-05-04 15:19:02.116,10609,10610,10610,1
2020-05-04 15:19:02.347,10609,10611,10609,1
2020-05-04 15:19:02.430,10609,10611,10609,1
2020-05-04 15:19:02.567,10609,10610,10609,1
2020-05-04 15:19:04.533,10609,10610,10609,1
2020-05-04 15:19:04.821,10609,10610,10609,3
2020-05-04 15:19:05.045,10609,10610,10609,1
2020-05-04 15:19:05.749,10608,10609,10608,4
2020-05-04 15:19:06.503,10608,10609,10608,1
2020-05-04 15:19:06.948,10608,10609,10608,13
2020-05-04 15:19:06.948,10608,10609,10607,7
2020-05-04 15:19:08.188,10606,10608,10607,1
2020-05-04 15:19:08.584,10607,10608,10607,1
2020-05-04 15:19:08.885,10607,10608,10607,1
2020-05-04 15:19:10.255,10607,10608,10607,1
2020-05-04 15:19:10.785,10607,10608,10607,3
2020-05-04 15:19:11.317,10607,10608,10608,1
2020-05-04 15:19:12.575,10607,10608,10607,2
2020-05-04 15:19:12.934,10606,10608,10606,1
2020-05-04 15:19:13.057,10606,10608,10607,1
2020-05-04 15:19:13.448,10606,10608,10606,4
2020-05-04 15:19:14.321,10606,10608,10608,1
2020-05-04 15:19:15.117,10606,10607,10607,1
2020-05-04 15:19:15.430,10606,10607,10606,2
2020-05-04 15:19:16.178,10606,10607,10607,1
2020-05-04 15:19:17.657,10606,10607,10607,1
2020-05-04 15:19:17.819,10606,10607,10607,1
2020-05-04 15:19:18.571,10606,10607,10607,2
2020-05-04 15:19:19.710,10606,10607,10606,1
2020-05-04 15:19:20.304,10606,10607,10607,1
2020-05-04 15:19:20.703,10606,10607,10607,3
2020-05-04 15:19:21.941,10607,10608,10608,1
2020-05-04 15:19:22.039,10607,10608,10607,2
2020-05-04 15:19:22.040,10607,10608,10608,1
2020-05-04 15:19:24.095,10608,10609,10608,1
2020-05-04 15:19:24.473,10608,10609,10608,1
2020-05-04 15:19:24.518,10608,10609,10608,2
2020-05-04 15:19:29.232,10608,10609,10608,1
2020-05-04 15:19:29.999,10608,10609,10608,1
2020-05-04 15:19:36.805,10608,10609,10609,2
2020-05-04 15:19:37.591,10609,10610,10610,3
2020-05-04 15:19:37.869,10609,10610,10609,1
2020-05-04 15:19:41.119,10609,10610,10609,1
2020-05-04 15:19:43.171,10609,10610,10609,3
2020-05-04 15:19:43.171,10609,10610,10609,3
2020-05-04 15:19:43.304,10609,10610,10609,2
2020-05-04 15:19:43.304,10609,10610,10609,1
2020-05-04 15:19:43.864,10608,10609,10609,1
2020-05-04 15:19:45.168,10608,10609,10609,1
2020-05-04 15:19:47.423,10608,10609,10608,5
2020-05-04 15:19:47.423,10608,10609,10608,3
2020-05-04 15:19:47.479,10607,10608,10607,5
2020-05-04 15:19:47.480,10607,10608,10607,4
2020-05-04 15:19:48.926,10606,10608,10608,1
2020-05-04 15:19:48.960,10606,10608,10608,2
2020-05-04 15:19:50.504,10606,10607,10606,1
2020-05-04 15:19:51.244,10606,10607,10607,1
2020-05-04 15:19:52.811,10606,10607,10606,1
2020-05-04 15:19:53.230,10606,10607,10607,1
2020-05-04 15:19:54.875,10606,10607,10607,1
2020-05-04 15:19:56.089,10606,10607,10606,5
2020-05-04 15:19:56.708,10606,10607,10606,1
2020-05-04 15:19:58.451,10607,10608,10608,1
2020-05-04 15:19:59.156,10607,10608,10607,1
2020-05-04 15:20:00.816,10606,10607,10606,1
2020-05-04 15:20:00.926,10605,10606,10605,9
2020-05-04 15:20:00.926,10605,10606,10604,10
2020-05-04 15:20:01.141,10604,10605,10604,1
2020-05-04 15:20:01.632,10604,10605,10605,1
2020-05-04 15:20:02.047,10605,10606,10605,1
2020-05-04 15:20:02.145,10605,10606,10606,1
2020-05-04 15:20:02.318,10605,10606,10605,3
2020-05-04 15:20:02.318,10605,10606,10604,6
2020-05-04 15:20:02.318,10605,10606,10603,11
2020-05-04 15:20:02.399,10603,10605,10603,3
2020-05-04 15:20:02.427,10603,10605,10603,1
2020-05-04 15:20:02.551,10603,10605,10603,1
2020-05-04 15:20:02.700,10603,10605,10603,1
2020-05-04 15:20:06.048,10603,10605,10603,1
2020-05-04 15:20:07.810,10603,10605,10603,1
2020-05-04 15:20:08.556,10603,10605,10603,5
2020-05-04 15:20:08.556,10603,10605,10602,15
2020-05-04 15:20:08.622,10602,10603,10602,1
2020-05-04 15:20:08.968,10602,10603,10602,1
2020-05-04 15:20:09.050,10602,10603,10602,1
2020-05-04 15:20:09.541,10602,10603,10603,1
2020-05-04 15:20:09.656,10602,10603,10602,1
2020-05-04 15:20:09.855,10602,10603,10602,3
2020-05-04 15:20:11.252,10601,10602,10601,1
2020-05-04 15:20:11.315,10601,10602,10601,1
2020-05-04 15:20:11.453,10601,10602,10601,1
2020-05-04 15:20:11.552,10601,10602,10601,2
2020-05-04 15:20:11.553,10601,10602,10601,4
2020-05-04 15:20:11.553,10601,10602,10601,4
2020-05-04 15:20:11.596,10600,10601,10600,1
2020-05-04 15:20:11.609,10600,10601,10600,2
2020-05-04 15:20:11.650,10600,10601,10600,1
2020-05-04 15:20:11.716,10600,10601,10601,1
2020-05-04 15:20:11.748,10600,10601,10600,2
2020-05-04 15:20:11.750,10600,10601,10600,1
2020-05-04 15:20:11.838,10600,10601,10600,1
2020-05-04 15:20:11.871,10600,10601,10600,1
2020-05-04 15:20:11.882,10600,10601,10600,1
2020-05-04 15:20:11.932,10600,10601,10600,1
2020-05-04 15:20:12.069,10600,10601,10600,1
2020-05-04 15:20:12.154,10600,10601,10600,2
2020-05-04 15:20:12.154,10600,10601,10600,2
2020-05-04 15:20:12.154,10600,10601,10600,1
2020-05-04 15:20:12.268,10600,10601,10600,1
2020-05-04 15:20:12.366,10600,10601,10600,1
2020-05-04 15:20:12.531,10600,10601,10600,5
2020-05-04 15:20:12.542,10600,10601,10599,1
2020-05-04 15:20:12.642,10599,10600,10599,1
2020-05-04 15:20:12.674,10599,10600,10598,1
2020-05-04 15:20:12.890,10598,10600,10598,2
2020-05-04 15:20:13.015,10598,10600,10598,2
2020-05-04 15:20:13.063,10598,10600,10598,2
2020-05-04 15:20:13.114,10598,10599,10598,1
2020-05-04 15:20:13.186,10598,10599,10599,1
2020-05-04 15:20:13.191,10598,10599,10598,1
2020-05-04 15:20:13.296,10598,10600,10600,1
2020-05-04 15:20:13.503,10598,10600,10600,1
2020-05-04 15:20:13.504,10598,10600,10598,12
2020-05-04 15:20:13.504,10598,10600,10597,14
2020-05-04 15:20:13.504,10598,10600,10596,5
2020-05-04 15:20:13.653,10597,10599,10597,1
2020-05-04 15:20:13.876,10598,10599,10598,1
2020-05-04 15:20:13.887,10598,10599,10598,1
2020-05-04 15:20:13.889,10598,10599,10598,1
2020-05-04 15:20:14.248,10597,10599,10597,1
2020-05-04 15:20:14.282,10597,10599,10599,1
2020-05-04 15:20:14.998,10597,10599,10597,1
2020-05-04 15:20:15.225,10597,10598,10597,6
2020-05-04 15:20:15.405,10597,10598,10598,3
2020-05-04 15:20:16.077,10597,10599,10597,1
2020-05-04 15:20:16.155,10597,10599,10597,1
2020-05-04 15:20:16.374,10597,10598,10598,1
2020-05-04 15:20:16.786,10597,10598,10598,1
2020-05-04 15:20:16.793,10597,10598,10598,1
2020-05-04 15:20:17.523,10598,10599,10598,2
2020-05-04 15:20:17.729,10597,10599,10597,1
2020-05-04 15:20:17.839,10597,10599,10597,1
2020-05-04 15:20:19.227,10597,10598,10597,2
2020-05-04 15:20:19.377,10596,10598,10596,2
2020-05-04 15:20:19.450,10596,10598,10597,1
2020-05-04 15:20:19.761,10596,10597,10596,7
2020-05-04 15:20:19.761,10596,10597,10595,3
2020-05-04 15:20:20.067,10595,10597,10595,1
2020-05-04 15:20:21.416,10596,10597,10596,1
2020-05-04 15:20:21.916,10596,10597,10597,5
2020-05-04 15:20:22.225,10597,10598,10598,4
2020-05-04 15:20:22.439,10598,10599,10598,1
2020-05-04 15:20:22.487,10598,10599,10599,1
2020-05-04 15:20:22.493,10598,10599,10599,3
2020-05-04 15:20:22.498,10598,10599,10598,3
2020-05-04 15:20:22.499,10598,10599,10599,3
2020-05-04 15:20:23.158,10598,10599,10598,1
2020-05-04 15:20:23.209,10598,10599,10599,2
2020-05-04 15:20:23.741,10598,10599,10599,9
2020-05-04 15:20:23.844,10599,10600,10600,9
2020-05-04 15:20:23.859,10599,10600,10599,1
2020-05-04 15:20:23.903,10599,10600,10599,1
2020-05-04 15:20:24.117,10599,10601,10601,5
2020-05-04 15:20:25.400,10599,10600,10600,1
2020-05-04 15:20:26.513,10599,10600,10599,1
2020-05-04 15:20:26.760,10599,10600,10600,1
2020-05-04 15:20:26.760,10599,10600,10599,1
2020-05-04 15:20:27.054,10598,10599,10598,1
2020-05-04 15:20:27.889,10598,10599,10598,1
2020-05-04 15:20:28.157,10598,10599,10599,1
2020-05-04 15:20:28.293,10598,10599,10599,1
2020-05-04 15:20:28.546,10598,10599,10598,2
2020-05-04 15:20:28.727,10597,10598,10598,1
2020-05-04 15:20:28.741,10597,10598,10597,1
2020-05-04 15:20:29.159,10597,10599,10598,1
2020-05-04 15:20:29.265,10597,10599,10599,3
2020-05-04 15:20:29.349,10598,10599,10598,1
2020-05-04 15:20:29.427,10598,10599,10599,1
2020-05-04 15:20:29.781,10598,10600,10598,1
2020-05-04 15:20:30.107,10598,10600,10598,8
2020-05-04 15:20:30.107,10598,10600,10597,2
2020-05-04 15:20:31.328,10598,10600,10599,1
2020-05-04 15:20:31.389,10599,10600,10599,2
2020-05-04 15:20:31.389,10599,10600,10599,2
2020-05-04 15:20:31.729,10599,10600,10599,1
2020-05-04 15:20:31.731,10599,10600,10599,1
2020-05-04 15:20:33.237,10598,10599,10598,1
2020-05-04 15:20:33.907,10598,10600,10598,2
2020-05-04 15:20:34.268,10599,10600,10599,1
2020-05-04 15:20:34.428,10598,10600,10600,9
2020-05-04 15:20:34.943,10600,10601,10600,4
2020-05-04 15:20:34.943,10600,10601,10599,16
2020-05-04 15:20:35.477,10599,10601,10599,2
2020-05-04 15:20:35.726,10599,10600,10599,1
2020-05-04 15:20:36.242,10598,10600,10598,2
2020-05-04 15:20:36.422,10598,10600,10600,6
2020-05-04 15:20:36.611,10599,10601,10599,1
2020-05-04 15:20:36.659,10599,10601,10599,1
2020-05-04 15:20:37.996,10599,10600,10599,1
2020-05-04 15:20:38.246,10599,10600,10600,1
2020-05-04 15:20:39.305,10599,10600,10599,1
2020-05-04 15:20:39.430,10599,10600,10600,8
2020-05-04 15:20:40.472,10600,10601,10600,1
2020-05-04 15:20:41.060,10600,10601,10600,1
2020-05-04 15:20:41.989,10600,10601,10600,1
2020-05-04 15:20:43.140,10600,10601,10600,1
2020-05-04 15:20:43.371,10600,10601,10600,1
2020-05-04 15:20:43.578,10600,10601,10600,1
2020-05-04 15:20:43.578,10600,10601,10599,1
2020-05-04 15:20:44.018,10599,10601,10600,1
2020-05-04 15:20:44.720,10600,10601,10601,6
2020-05-04 15:20:45.419,10600,10602,10600,1
2020-05-04 15:20:45.729,10601,10602,10601,2
2020-05-04 15:20:46.135,10601,10602,10601,1
2020-05-04 15:20:46.487,10601,10602,10601,1
2020-05-04 15:20:46.875,10601,10602,10601,1
2020-05-04 15:20:47.347,10601,10602,10601,1
2020-05-04 15:20:47.777,10600,10601,10600,1
2020-05-04 15:20:49.748,10600,10601,10601,5
2020-05-04 15:20:49.912,10600,10601,10601,1
2020-05-04 15:20:51.574,10600,10601,10601,1
2020-05-04 15:20:52.610,10600,10601,10600,2
2020-05-04 15:20:53.158,10600,10601,10600,4
2020-05-04 15:20:54.270,10600,10601,10601,1
2020-05-04 15:20:54.272,10600,10601,10601,8
2020-05-04 15:20:56.095,10601,10602,10601,1
2020-05-04 15:20:56.287,10601,10602,10602,3
2020-05-04 15:20:57.178,10601,10602,10601,2
2020-05-04 15:20:57.178,10601,10602,10601,1
2020-05-04 15:20:57.249,10600,10601,10600,1
2020-05-04 15:21:00.870,10600,10601,10601,5
2020-05-04 15:21:01.228,10600,10601,10600,6
2020-05-04 15:21:01.299,10600,10601,10600,1
2020-05-04 15:21:01.376,10600,10601,10600,6
2020-05-04 15:21:01.376,10600,10601,10600,2
2020-05-04 15:21:01.837,10599,10600,10600,4
2020-05-04 15:21:03.391,10600,10601,10600,3
2020-05-04 15:21:04.822,10600,10601,10601,3
2020-05-04 15:21:05.969,10601,10602,10601,1
2020-05-04 15:21:06.608,10601,10602,10601,5
2020-05-04 15:21:07.146,10600,10602,10600,15
2020-05-04 15:21:09.356,10600,10602,10602,1
2020-05-04 15:21:09.969,10600,10602,10601,1
2020-05-04 15:21:12.459,10601,10602,10602,1
2020-05-04 15:21:13.665,10601,10602,10602,1
2020-05-04 15:21:16.666,10601,10602,10601,1
2020-05-04 15:21:16.756,10601,10602,10602,1
2020-05-04 15:21:19.428,10601,10602,10602,3
2020-05-04 15:21:19.428,10601,10602,10602,1
2020-05-04 15:21:19.957,10602,10603,10602,1
2020-05-04 15:21:24.158,10602,10603,10603,1
2020-05-04 15:21:24.840,10602,10603,10602,2
2020-05-04 15:21:25.575,10601,10602,10602,1
2020-05-04 15:21:29.080,10601,10602,10601,1
2020-05-04 15:21:29.083,10601,10602,10601,1
2020-05-04 15:21:29.083,10601,10602,10601,1
2020-05-04 15:21:29.083,10601,10602,10601,1
2020-05-04 15:21:29.084,10601,10602,10601,3
2020-05-04 15:21:31.900,10600,10601,10601,9
2020-05-04 15:21:31.900,10600,10601,10602,38
2020-05-04 15:21:31.900,10600,10601,10603,35
2020-05-04 15:21:31.902,10600,10601,10603,5
2020-05-04 15:21:31.902,10600,10601,10603,3
2020-05-04 15:21:31.902,10600,10601,10603,1
2020-05-04 15:21:33.176,10602,10604,10602,1
2020-05-04 15:21:33.950,10602,10603,10602,9
2020-05-04 15:21:33.950,10602,10603,10601,1
2020-05-04 15:21:36.158,10601,10602,10602,1
2020-05-04 15:21:36.280,10601,10602,10602,1
2020-05-04 15:21:36.489,10601,10602,10602,9
2020-05-04 15:21:36.904,10602,10603,10603,5
2020-05-04 15:21:37.098,10602,10604,10602,1
2020-05-04 15:21:38.205,10603,10604,10603,1
2020-05-04 15:21:39.344,10603,10604,10604,2
2020-05-04 15:21:39.711,10604,10605,10605,4
2020-05-04 15:21:41.854,10604,10605,10605,1
2020-05-04 15:21:42.973,10604,10605,10605,1
2020-05-04 15:21:43.943,10604,10605,10604,1
2020-05-04 15:21:44.521,10602,10604,10604,1
2020-05-04 15:21:47.107,10602,10603,10602,1
2020-05-04 15:21:49.564,10602,10603,10602,1
2020-05-04 15:21:49.564,10602,10603,10602,3
2020-05-04 15:21:49.565,10602,10603,10602,6
2020-05-04 15:21:50.619,10601,10602,10602,1
2020-05-04 15:21:51.404,10601,10602,10602,1
2020-05-04 15:21:51.702,10601,10602,10602,3
2020-05-04 15:21:52.121,10601,10602,10602,1
2020-05-04 15:21:54.176,10601,10602,10602,1
2020-05-04 15:21:55.271,10602,10603,10603,1
2020-05-04 15:21:56.168,10602,10603,10602,2
2020-05-04 15:21:57.881,10602,10603,10602,4
2020-05-04 15:21:59.361,10602,10603,10603,1
2020-05-04 15:22:01.588,10602,10603,10602,1
2020-05-04 15:22:02.860,10601,10602,10602,1
2020-05-04 15:22:03.630,10602,10603,10602,4
2020-05-04 15:22:03.630,10602,10603,10602,3
2020-05-04 15:22:03.630,10602,10603,10602,5
2020-05-04 15:22:06.646,10601,10602,10602,1
2020-05-04 15:22:07.274,10601,10602,10602,3
2020-05-04 15:22:08.187,10602,10603,10603,1
2020-05-04 15:22:08.504,10602,10603,10602,5
2020-05-04 15:22:09.231,10602,10603,10602,4
2020-05-04 15:22:09.231,10602,10603,10602,1
2020-05-04 15:22:10.820,10601,10602,10601,1
2020-05-04 15:22:10.878,10601,10602,10602,1
2020-05-04 15:22:11.704,10602,10603,10602,1
2020-05-04 15:22:16.795,10602,10603,10602,3
2020-05-04 15:22:16.795,10602,10603,10602,3
2020-05-04 15:22:16.796,10602,10603,10602,1
2020-05-04 15:22:16.796,10602,10603,10602,1
2020-05-04 15:22:17.862,10601,10602,10602,1
2020-05-04 15:22:20.127,10602,10603,10603,4
2020-05-04 15:22:20.504,10602,10603,10603,1
2020-05-04 15:22:20.542,10602,10603,10602,1
2020-05-04 15:22:21.180,10602,10603,10602,1
2020-05-04 15:22:21.801,10601,10602,10602,1
2020-05-04 15:22:22.346,10601,10602,10602,13
2020-05-04 15:22:29.158,10601,10602,10602,4
2020-05-04 15:22:34.317,10601,10602,10602,1
2020-05-04 15:22:34.755,10601,10602,10602,3
2020-05-04 15:22:39.351,10601,10602,10602,1
2020-05-04 15:22:41.597,10602,10603,10602,5
2020-05-04 15:22:43.246,10602,10603,10602,2
2020-05-04 15:22:45.356,10602,10603,10602,1
2020-05-04 15:22:47.261,10602,10603,10603,4
2020-05-04 15:22:47.261,10602,10603,10603,7
2020-05-04 15:22:47.541,10603,10604,10603,4
2020-05-04 15:22:47.913,10603,10604,10603,2
2020-05-04 15:22:48.771,10603,10604,10604,5
2020-05-04 15:22:48.797,10603,10604,10605,1
2020-05-04 15:22:49.120,10604,10605,10605,1
2020-05-04 15:22:50.071,10604,10605,10604,1
2020-05-04 15:22:50.159,10604,10605,10605,5
2020-05-04 15:22:51.951,10604,10605,10605,9
2020-05-04 15:22:52.126,10605,10606,10606,5
2020-05-04 15:22:52.448,10605,10607,10605,2
2020-05-04 15:22:53.697,10605,10607,10605,10
2020-05-04 15:22:56.200,10605,10606,10606,1
2020-05-04 15:22:57.364,10605,10606,10606,2
2020-05-04 15:22:58.210,10605,10606,10606,1
2020-05-04 15:23:01.820,10606,10607,10606,1
2020-05-04 15:23:08.859,10607,10608,10607,2
2020-05-04 15:23:09.930,10607,10608,10607,1
2020-05-04 15:23:10.001,10606,10608,10608,1
2020-05-04 15:23:10.956,10606,10607,10606,1
2020-05-04 15:23:12.067,10606,10607,10607,1
2020-05-04 15:23:13.741,10607,10608,10607,1
2020-05-04 15:23:13.828,10607,10608,10607,1
2020-05-04 15:23:14.994,10606,10608,10608,1
2020-05-04 15:23:17.327,10607,10608,10608,5
2020-05-04 15:23:17.796,10608,10609,10608,3
2020-05-04 15:23:17.945,10607,10608,10608,1
2020-05-04 15:23:18.069,10607,10608,10608,2
2020-05-04 15:23:18.421,10607,10608,10608,3
2020-05-04 15:23:18.421,10607,10608,10609,2
2020-05-04 15:23:18.612,10607,10608,10607,1
2020-05-04 15:23:19.743,10607,10608,10608,2
2020-05-04 15:23:19.920,10607,10608,10608,1
2020-05-04 15:23:19.920,10607,10608,10609,9
2020-05-04 15:23:21.004,10608,10609,10608,5
2020-05-04 15:23:21.132,10607,10609,10608,1
2020-05-04 15:23:24.602,10607,10608,10608,1
2020-05-04 15:23:24.944,10608,10609,10609,3
2020-05-04 15:23:27.960,10608,10609,10609,1
2020-05-04 15:23:29.340,10608,10609,10609,1
2020-05-04 15:23:29.898,10608,10609,10609,1
2020-05-04 15:23:29.898,10608,10609,10610,1
2020-05-04 15:23:30.489,10608,10610,10609,1
2020-05-04 15:23:32.163,10608,10610,10610,1
2020-05-04 15:23:32.471,10609,10610,10610,1
2020-05-04 15:23:33.999,10609,10610,10609,1
2020-05-04 15:23:35.190,10609,10610,10610,10
2020-05-04 15:23:35.373,10609,10610,10610,2
2020-05-04 15:23:36.616,10609,10610,10610,2
2020-05-04 15:23:37.475,10609,10610,10610,1
2020-05-04 15:23:37.492,10609,10610,10610,2
2020-05-04 15:23:37.492,10609,10610,10610,1
2020-05-04 15:23:37.492,10609,10610,10610,4
2020-05-04 15:23:37.492,10609,10610,10610,2
2020-05-04 15:23:37.492,10609,10610,10610,3
2020-05-04 15:23:37.492,10609,10610,10610,2
2020-05-04 15:23:39.728,10609,10610,10610,1
2020-05-04 15:23:40.061,10609,10610,10609,1
2020-05-04 15:23:40.062,10609,10610,10610,3
2020-05-04 15:23:41.512,10609,10610,10610,3
2020-05-04 15:23:45.325,10610,10611,10610,1
2020-05-04 15:23:49.013,10610,10611,10610,1
2020-05-04 15:23:50.264,10610,10611,10610,1
2020-05-04 15:23:54.799,10610,10611,10610,1
2020-05-04 15:23:54.976,10610,10611,10611,10
2020-05-04 15:23:57.259,10610,10611,10610,2
2020-05-04 15:23:57.756,10609,10610,10610,1
2020-05-04 15:23:58.546,10609,10611,10609,2
2020-05-04 15:23:58.982,10609,10611,10611,1
2020-05-04 15:23:59.186,10609,10611,10611,1
2020-05-04 15:24:00.460,10610,10611,10611,1
2020-05-04 15:24:01.958,10610,10611,10610,1
2020-05-04 15:24:06.721,10611,10612,10611,1
2020-05-04 15:24:07.130,10611,10612,10611,1
2020-05-04 15:24:09.406,10610,10611,10611,1
2020-05-04 15:24:10.337,10610,10612,10610,2
2020-05-04 15:24:13.034,10611,10612,10611,1
2020-05-04 15:24:14.292,10611,10612,10612,10
2020-05-04 15:24:14.534,10611,10612,10612,1
2020-05-04 15:24:14.809,10611,10612,10612,1
2020-05-04 15:24:16.430,10611,10612,10612,1
2020-05-04 15:24:16.719,10611,10612,10612,1
2020-05-04 15:24:19.425,10611,10613,10613,1
2020-05-04 15:24:19.589,10612,10613,10613,1
2020-05-04 15:24:21.732,10612,10613,10613,1
2020-05-04 15:24:22.212,10612,10613,10613,2
2020-05-04 15:24:22.440,10613,10614,10614,1
2020-05-04 15:24:22.669,10613,10614,10613,1
2020-05-04 15:24:24.550,10613,10614,10614,1
2020-05-04 15:24:24.995,10613,10614,10614,1
2020-05-04 15:24:27.442,10613,10614,10613,1
2020-05-04 15:24:29.097,10613,10614,10614,1
2020-05-04 15:24:29.993,10613,10614,10613,1
2020-05-04 15:24:30.816,10613,10614,10614,1
2020-05-04 15:24:33.595,10613,10614,10614,1
2020-05-04 15:24:36.951,10613,10614,10614,1
2020-05-04 15:24:38.709,10613,10614,10614,5
2020-05-04 15:24:39.419,10614,10615,10614,1
2020-05-04 15:24:41.300,10614,10615,10615,1
2020-05-04 15:24:41.359,10614,10615,10615,2
2020-05-04 15:24:41.648,10614,10615,10615,1
2020-05-04 15:24:42.335,10614,10615,10615,1
2020-05-04 15:24:43.669,10614,10615,10615,1
2020-05-04 15:24:44.385,10614,10615,10615,1
2020-05-04 15:24:44.856,10614,10615,10615,8
2020-05-04 15:24:50.085,10615,10616,10615,1
2020-05-04 15:24:50.116,10615,10616,10615,5
2020-05-04 15:24:51.280,10614,10615,10615,1
2020-05-04 15:24:51.562,10614,10615,10615,1
2020-05-04 15:24:51.909,10614,10615,10614,2
2020-05-04 15:24:52.964,10613,10614,10614,1
2020-05-04 15:24:56.017,10613,10614,10614,1
2020-05-04 15:24:56.264,10613,10614,10614,1
2020-05-04 15:24:56.361,10613,10614,10614,1
2020-05-04 15:24:58.057,10613,10615,10615,1
2020-05-04 15:24:58.238,10614,10615,10615,1
2020-05-04 15:24:58.306,10614,10615,10614,1
2020-05-04 15:25:06.789,10614,10615,10615,1
2020-05-04 15:25:07.117,10614,10615,10614,1
2020-05-04 15:25:07.119,10614,10615,10614,1
2020-05-04 15:25:09.813,10613,10614,10613,6
2020-05-04 15:25:12.381,10612,10613,10613,1
2020-05-04 15:25:14.112,10612,10613,10613,1
2020-05-04 15:25:16.834,10613,10614,10614,1
2020-05-04 15:25:18.858,10613,10614,10613,1
2020-05-04 15:25:19.480,10612,10613,10613,1
2020-05-04 15:25:20.778,10612,10613,10613,1
2020-05-04 15:25:22.675,10612,10613,10612,2
2020-05-04 15:25:24.082,10612,10613,10612,2
2020-05-04 15:25:25.585,10611,10612,10612,1
2020-05-04 15:25:27.249,10611,10612,10611,1
2020-05-04 15:25:27.677,10611,10612,10612,2
2020-05-04 15:25:32.352,10611,10612,10612,1
2020-05-04 15:25:32.464,10611,10612,10611,1
2020-05-04 15:25:35.028,10611,10612,10612,8
2020-05-04 15:25:35.029,10611,10612,10612,1
2020-05-04 15:25:35.534,10611,10612,10611,1
2020-05-04 15:25:41.252,10611,10612,10611,2
2020-05-04 15:25:43.337,10610,10611,10610,2
2020-05-04 15:25:43.337,10610,10611,10610,7
2020-05-04 15:25:46.591,10610,10611,10611,2
2020-05-04 15:25:47.326,10610,10612,10610,1
2020-05-04 15:25:48.669,10610,10611,10610,1
2020-05-04 15:25:51.305,10611,10612,10611,1
2020-05-04 15:25:59.124,10611,10612,10612,5
2020-05-04 15:26:01.136,10612,10613,10613,1
2020-05-04 15:26:01.137,10612,10613,10613,3
2020-05-04 15:26:04.465,10613,10614,10613,1
2020-05-04 15:26:05.651,10612,10613,10613,1
2020-05-04 15:26:10.477,10612,10613,10613,1
2020-05-04 15:26:17.214,10612,10613,10612,1
2020-05-04 15:26:17.214,10612,10613,10611,1
2020-05-04 15:26:17.239,10612,10613,10611,2
2020-05-04 15:26:23.117,10611,10613,10611,1
2020-05-04 15:26:29.442,10611,10612,10612,2
2020-05-04 15:26:31.396,10611,10612,10611,1
2020-05-04 15:26:36.286,10610,10611,10611,1
2020-05-04 15:26:36.998,10610,10612,10612,4
2020-05-04 15:26:37.071,10610,10612,10610,3
2020-05-04 15:26:37.307,10610,10612,10610,3
2020-05-04 15:26:45.288,10611,10612,10611,1
2020-05-04 15:26:45.288,10611,10612,10610,3
2020-05-04 15:26:47.995,10610,10611,10610,4
2020-05-04 15:26:47.998,10610,10611,10610,1
2020-05-04 15:26:48.087,10609,10610,10609,1
2020-05-04 15:26:48.087,10609,10610,10609,1
2020-05-04 15:26:50.117,10609,10610,10610,1
2020-05-04 15:26:51.703,10608,10610,10610,1
2020-05-04 15:26:52.194,10609,10610,10610,3
2020-05-04 15:26:52.215,10609,10611,10610,1
2020-05-04 15:26:57.011,10609,10610,10610,1
2020-05-04 15:26:57.485,10609,10610,10610,1
2020-05-04 15:27:05.647,10610,10611,10611,6
2020-05-04 15:27:06.713,10611,10612,10612,2
2020-05-04 15:27:07.253,10612,10613,10613,3
2020-05-04 15:27:07.883,10612,10614,10614,3
2020-05-04 15:27:14.426,10612,10613,10612,1
2020-05-04 15:27:17.447,10611,10612,10612,1
2020-05-04 15:27:20.719,10612,10613,10613,5
2020-05-04 15:27:24.079,10613,10614,10614,1
2020-05-04 15:27:27.644,10613,10614,10614,1
2020-05-04 15:27:27.656,10613,10614,10613,9
2020-05-04 15:27:36.021,10612,10613,10612,1
2020-05-04 15:27:39.462,10612,10613,10613,1
2020-05-04 15:27:42.929,10612,10613,10613,3
2020-05-04 15:27:42.929,10612,10613,10613,4
2020-05-04 15:27:42.929,10612,10613,10613,2
2020-05-04 15:27:51.977,10612,10613,10613,2
2020-05-04 15:27:52.508,10613,10614,10614,6
2020-05-04 15:27:55.161,10614,10615,10614,1
2020-05-04 15:28:00.802,10614,10615,10615,3
2020-05-04 15:28:02.751,10614,10615,10615,1
2020-05-04 15:28:05.772,10614,10615,10615,5
2020-05-04 15:28:07.133,10615,10616,10615,1
2020-05-04 15:28:07.231,10614,10616,10615,1
2020-05-04 15:28:13.302,10614,10615,10615,1
2020-05-04 15:28:19.008,10614,10615,10614,1
2020-05-04 15:28:23.003,10614,10615,10614,2
2020-05-04 15:28:23.554,10613,10614,10614,1
2020-05-04 15:28:23.554,10613,10614,10615,3
2020-05-04 15:28:24.090,10613,10614,10614,1
2020-05-04 15:28:27.824,10613,10615,10613,4
2020-05-04 15:28:29.980,10612,10614,10614,1
2020-05-04 15:28:39.299,10613,10614,10614,2
2020-05-04 15:28:39.300,10613,10614,10614,1
2020-05-04 15:28:45.056,10614,10615,10615,5
2020-05-04 15:28:47.849,10615,10616,10615,2
2020-05-04 15:28:48.593,10615,10616,10616,1
2020-05-04 15:28:48.884,10615,10616,10616,2
2020-05-04 15:28:48.884,10615,10616,10617,1
2020-05-04 15:28:48.976,10615,10617,10617,1
2020-05-04 15:28:49.929,10615,10616,10616,1
2020-05-04 15:28:50.472,10615,10617,10616,1
2020-05-04 15:28:50.505,10615,10617,10616,1
2020-05-04 15:28:51.384,10615,10617,10617,1
2020-05-04 15:28:53.599,10615,10616,10616,2
2020-05-04 15:28:53.937,10615,10616,10616,1
2020-05-04 15:28:54.517,10615,10616,10616,1
2020-05-04 15:28:55.307,10615,10616,10616,1
2020-05-04 15:28:56.939,10615,10616,10616,1
2020-05-04 15:28:56.961,10616,10617,10617,1
2020-05-04 15:28:56.961,10616,10617,10617,3
2020-05-04 15:29:00.962,10617,10618,10618,1
2020-05-04 15:29:02.214,10617,10618,10617,3
2020-05-04 15:29:03.345,10616,10617,10617,1
2020-05-04 15:29:04.663,10616,10618,10618,1
2020-05-04 15:29:05.243,10616,10618,10618,1
2020-05-04 15:29:06.260,10616,10618,10617,1
2020-05-04 15:29:06.423,10616,10618,10618,1
2020-05-04 15:29:06.831,10617,10618,10618,1
2020-05-04 15:29:07.375,10617,10618,10618,1
2020-05-04 15:29:07.452,10617,10618,10617,1
2020-05-04 15:29:11.687,10617,10618,10617,1
2020-05-04 15:29:14.832,10617,10618,10617,1
2020-05-04 15:29:20.588,10617,10618,10617,1
2020-05-04 15:29:24.435,10616,10617,10617,6
2020-05-04 15:29:24.435,10616,10617,10618,2
2020-05-04 15:29:29.427,10616,10618,10617,1
2020-05-04 15:29:33.308,10617,10618,10617,1
2020-05-04 15:29:38.032,10616,10617,10616,4
2020-05-04 15:29:40.505,10615,10616,10615,3
2020-05-04 15:29:43.739,10614,10615,10615,1
2020-05-04 15:29:43.739,10614,10615,10616,8
2020-05-04 15:29:43.739,10614,10615,10617,1
2020-05-04 15:29:49.947,10615,10616,10614,1
2020-05-04 15:29:52.607,10614,10615,10614,2
2020-05-04 15:29:59.660,10613,10614,10613,5
2020-05-04 15:30:03.353,10612,10613,10613,2
2020-05-04 15:30:03.785,10612,10613,10612,1
2020-05-04 15:30:03.789,10612,10613,10612,1
2020-05-04 15:30:04.246,10612,10613,10612,1
2020-05-04 15:30:04.330,10612,10613,10611,1
2020-05-04 15:30:04.337,10611,10613,10611,1
2020-05-04 15:30:04.342,10611,10613,10611,1
2020-05-04 15:30:04.841,10611,10613,10611,1
2020-05-04 15:30:08.095,10611,10612,10612,1
2020-05-04 15:30:09.161,10611,10613,10611,1
2020-05-04 15:30:10.400,10611,10612,10612,1
2020-05-04 15:30:11.561,10611,10613,10611,1
2020-05-04 15:30:14.627,10611,10612,10611,1
2020-05-04 15:30:21.310,10611,10612,10612,3
2020-05-04 15:30:21.598,10612,10613,10613,1
2020-05-04 15:30:21.598,10612,10613,10613,1
2020-05-04 15:30:21.639,10612,10613,10613,4
2020-05-04 15:30:21.639,10612,10613,10613,5
2020-05-04 15:30:22.617,10613,10614,10613,1
2020-05-04 15:30:23.002,10613,10614,10614,3
2020-05-04 15:30:28.776,10614,10615,10614,1
2020-05-04 15:30:28.776,10614,10615,10613,1
2020-05-04 15:30:28.997,10613,10615,10613,3
2020-05-04 15:30:33.289,10612,10614,10614,1
2020-05-04 15:30:43.837,10615,10616,10616,1
2020-05-04 15:30:44.475,10615,10617,10615,1
2020-05-04 15:30:46.245,10614,10616,10614,1
2020-05-04 15:30:48.829,10615,10617,10615,4
2020-05-04 15:30:51.208,10615,10616,10615,1
2020-05-04 15:30:51.431,10614,10616,10616,1
2020-05-04 15:30:51.663,10614,10616,10616,1
2020-05-04 15:30:57.555,10616,10617,10616,1
2020-05-04 15:30:57.555,10616,10617,10616,1
2020-05-04 15:30:59.042,10614,10616,10616,1
2020-05-04 15:31:06.508,10615,10616,10616,1
2020-05-04 15:31:10.244,10616,10617,10616,1
2020-05-04 15:31:10.925,10616,10617,10616,1
2020-05-04 15:31:20.834,10615,10616,10616,1
2020-05-04 15:31:25.425,10615,10616,10615,1
2020-05-04 15:31:26.323,10614,10615,10615,2
2020-05-04 15:31:28.846,10614,10615,10615,3
2020-05-04 15:31:29.160,10614,10615,10614,2
2020-05-04 15:31:43.373,10616,10617,10617,4
2020-05-04 15:31:43.373,10616,10617,10617,1
2020-05-04 15:31:52.074,10615,10617,10617,1
2020-05-04 15:32:01.050,10616,10617,10617,1
2020-05-04 15:32:02.327,10616,10618,10618,1
2020-05-04 15:32:04.421,10616,10617,10617,1
2020-05-04 15:32:05.077,10616,10617,10616,1
2020-05-04 15:32:05.782,10616,10617,10617,5
2020-05-04 15:32:05.783,10616,10617,10617,6
2020-05-04 15:32:13.654,10616,10617,10617,1
2020-05-04 15:32:18.337,10617,10618,10618,3
2020-05-04 15:32:18.338,10617,10618,10618,3
2020-05-04 15:32:21.636,10618,10619,10619,7
2020-05-04 15:32:23.007,10619,10620,10619,2
2020-05-04 15:32:23.674,10619,10620,10620,1
2020-05-04 15:32:24.068,10619,10620,10620,2
2020-05-04 15:32:24.090,10619,10620,10620,1
2020-05-04 15:32:24.090,10619,10620,10620,5
2020-05-04 15:32:24.091,10619,10620,10620,3
2020-05-04 15:32:24.091,10619,10620,10620,4
2020-05-04 15:32:24.292,10620,10621,10621,2
2020-05-04 15:32:24.502,10620,10621,10621,1
2020-05-04 15:32:24.595,10621,10622,10621,1
2020-05-04 15:32:24.599,10621,10622,10622,1
2020-05-04 15:32:24.744,10621,10623,10623,1
2020-05-04 15:32:25.981,10621,10622,10622,3
2020-05-04 15:32:25.981,10621,10622,10623,1
2020-05-04 15:32:26.414,10621,10623,10623,2
2020-05-04 15:32:30.265,10622,10623,10623,4
2020-05-04 15:32:30.265,10622,10623,10624,3
2020-05-04 15:32:33.135,10623,10624,10623,1
2020-05-04 15:32:33.788,10623,10624,10624,1
2020-05-04 15:32:33.788,10623,10624,10624,1
2020-05-04 15:32:34.070,10624,10625,10624,1
2020-05-04 15:32:35.199,10624,10625,10625,4
2020-05-04 15:32:35.420,10625,10626,10626,1
2020-05-04 15:32:35.481,10625,10626,10626,1
2020-05-04 15:32:35.533,10625,10626,10625,1
2020-05-04 15:32:35.569,10625,10626,10626,1
2020-05-04 15:32:35.585,10625,10626,10626,1
2020-05-04 15:32:35.728,10625,10626,10626,1
2020-05-04 15:32:35.740,10625,10626,10626,1
2020-05-04 15:32:36.333,10625,10626,10626,3
2020-05-04 15:32:36.333,10625,10626,10626,2
2020-05-04 15:32:36.333,10625,10626,10626,2
2020-05-04 15:32:37.922,10626,10627,10626,1
2020-05-04 15:32:38.360,10625,10627,10626,2
2020-05-04 15:32:38.815,10625,10627,10627,1
2020-05-04 15:32:39.580,10625,10627,10626,3
2020-05-04 15:32:39.609,10626,10627,10626,1
2020-05-04 15:32:39.888,10626,10627,10627,1
2020-05-04 15:32:40.296,10626,10627,10627,1
2020-05-04 15:32:42.531,10626,10627,10626,1
2020-05-04 15:32:43.956,10626,10627,10626,1
2020-05-04 15:32:43.957,10626,10627,10626,11
2020-05-04 15:32:44.005,10625,10626,10625,2
2020-05-04 15:32:44.006,10625,10626,10625,7
2020-05-04 15:32:44.242,10624,10625,10624,1
2020-05-04 15:32:47.195,10624,10625,10625,1
2020-05-04 15:32:49.790,10624,10625,10624,1
2020-05-04 15:32:51.288,10624,10625,10624,2
2020-05-04 15:32:52.540,10623,10625,10625,8
2020-05-04 15:32:52.541,10623,10625,10625,2
2020-05-04 15:32:54.841,10624,10625,10624,2
2020-05-04 15:32:55.457,10624,10625,10625,1
2020-05-04 15:32:55.719,10624,10625,10625,4
2020-05-04 15:32:56.320,10624,10626,10624,2
2020-05-04 15:32:58.210,10625,10626,10625,1
2020-05-04 15:32:58.224,10625,10626,10626,1
2020-05-04 15:32:59.130,10625,10626,10625,1
2020-05-04 15:33:00.386,10624,10625,10625,1
2020-05-04 15:33:01.327,10624,10625,10625,1
2020-05-04 15:33:02.036,10624,10625,10624,1
2020-05-04 15:33:02.538,10623,10624,10624,4
2020-05-04 15:33:02.571,10623,10624,10623,2
2020-05-04 15:33:04.987,10623,10624,10624,2
2020-05-04 15:33:05.677,10623,10624,10623,3
2020-05-04 15:33:07.244,10623,10624,10624,1
2020-05-04 15:33:07.879,10623,10624,10624,1
2020-05-04 15:33:13.113,10624,10625,10625,1
2020-05-04 15:33:13.122,10624,10625,10625,1
2020-05-04 15:33:13.123,10624,10625,10625,1
2020-05-04 15:33:13.778,10625,10626,10625,1
2020-05-04 15:33:14.370,10625,10626,10625,2
2020-05-04 15:33:14.580,10624,10626,10624,1
2020-05-04 15:33:14.712,10624,10625,10625,2
2020-05-04 15:33:14.831,10624,10625,10626,1
2020-05-04 15:33:15.864,10625,10626,10626,2
2020-05-04 15:33:17.556,10625,10626,10625,1
2020-05-04 15:33:19.161,10624,10625,10624,1
2020-05-04 15:33:20.138,10623,10625,10625,1
2020-05-04 15:33:20.770,10623,10624,10624,1
2020-05-04 15:33:22.785,10623,10624,10624,1
2020-05-04 15:33:30.641,10623,10624,10623,2
2020-05-04 15:33:31.077,10623,10624,10623,2
2020-05-04 15:33:32.351,10622,10623,10623,1
2020-05-04 15:33:32.726,10622,10623,10623,1
2020-05-04 15:33:46.015,10622,10623,10622,1
2020-05-04 15:33:46.015,10622,10623,10622,2
2020-05-04 15:33:46.016,10622,10623,10622,1
2020-05-04 15:33:46.016,10622,10623,10622,2
2020-05-04 15:33:50.329,10621,10622,10621,2
2020-05-04 15:33:51.206,10621,10622,10621,1
2020-05-04 15:33:51.206,10621,10622,10620,9
2020-05-04 15:33:51.560,10620,10621,10620,1
2020-05-04 15:33:51.561,10620,10621,10620,2
2020-05-04 15:33:52.785,10619,10620,10619,2
2020-05-04 15:33:52.858,10619,10620,10619,1
2020-05-04 15:33:53.666,10619,10620,10619,1
2020-05-04 15:33:54.503,10619,10620,10620,5
2020-05-04 15:33:54.504,10619,10620,10620,4
2020-05-04 15:33:56.977,10620,10621,10621,1
2020-05-04 15:33:58.046,10620,10621,10621,4
2020-05-04 15:33:58.231,10621,10622,10621,1
2020-05-04 15:34:01.418,10621,10622,10622,1
2020-05-04 15:34:03.042,10621,10622,10622,4
2020-05-04 15:34:04.686,10622,10623,10623,1
2020-05-04 15:34:06.970,10622,10623,10622,2
2020-05-04 15:34:07.071,10622,10623,10622,1
2020-05-04 15:34:08.596,10622,10623,10623,1
2020-05-04 15:34:09.859,10622,10623,10623,2
2020-05-04 15:34:10.594,10622,10623,10623,1
2020-05-04 15:34:12.633,10622,10623,10623,1
2020-05-04 15:34:16.922,10623,10624,10624,3
2020-05-04 15:34:17.258,10624,10625,10625,3
2020-05-04 15:34:21.611,10625,10626,10625,1
2020-05-04 15:34:22.664,10625,10626,10626,6
2020-05-04 15:34:24.198,10626,10627,10626,1
2020-05-04 15:34:25.932,10626,10627,10627,5
2020-05-04 15:34:26.065,10626,10627,10627,1
2020-05-04 15:34:26.183,10626,10627,10626,1
2020-05-04 15:34:27.629,10625,10627,10627,1
2020-05-04 15:34:31.299,10626,10627,10626,1
2020-05-04 15:34:31.998,10626,10627,10626,1
2020-05-04 15:34:32.971,10626,10627,10626,1
2020-05-04 15:34:32.972,10626,10627,10626,3
2020-05-04 15:34:33.481,10625,10627,10627,1
2020-05-04 15:34:33.905,10625,10627,10627,2
2020-05-04 15:34:34.285,10626,10627,10626,2
2020-05-04 15:34:34.616,10625,10626,10625,2
2020-05-04 15:34:35.025,10625,10626,10625,3
2020-05-04 15:34:35.450,10624,10625,10625,1
2020-05-04 15:34:37.751,10625,10626,10625,1
2020-05-04 15:34:44.317,10624,10625,10625,1
2020-05-04 15:34:50.660,10625,10626,10625,1
2020-05-04 15:35:00.443,10625,10626,10626,1
2020-05-04 15:35:00.565,10625,10626,10625,1
2020-05-04 15:35:02.825,10624,10625,10624,1
2020-05-04 15:35:06.064,10624,10625,10625,1
2020-05-04 15:35:12.854,10624,10625,10625,1
2020-05-04 15:35:13.880,10625,10626,10626,1
2020-05-04 15:35:15.622,10625,10626,10625,3
2020-05-04 15:35:15.622,10625,10626,10625,1
2020-05-04 15:35:16.556,10624,10625,10625,5
2020-05-04 15:35:16.577,10624,10625,10625,1
2020-05-04 15:35:16.577,10624,10625,10625,1
2020-05-04 15:35:18.017,10624,10625,10625,1
2020-05-04 15:35:19.365,10624,10625,10624,9
2020-05-04 15:35:19.408,10624,10625,10623,3
2020-05-04 15:35:19.408,10624,10625,10623,4
2020-05-04 15:35:31.374,10624,10625,10624,2
2020-05-04 15:35:32.931,10624,10625,10625,3
2020-05-04 15:35:36.309,10625,10626,10626,4
2020-05-04 15:35:42.314,10626,10627,10627,2
2020-05-04 15:35:43.673,10626,10627,10627,4
2020-05-04 15:35:43.858,10626,10627,10627,1
2020-05-04 15:35:44.850,10626,10627,10627,1
2020-05-04 15:35:45.547,10626,10627,10627,1
2020-05-04 15:35:45.945,10627,10628,10627,2
2020-05-04 15:35:48.372,10627,10628,10627,5
2020-05-04 15:35:48.372,10627,10628,10627,1
2020-05-04 15:35:48.492,10626,10627,10627,1
2020-05-04 15:35:51.760,10626,10628,10627,5
2020-05-04 15:35:51.798,10626,10628,10627,1
2020-05-04 15:35:51.907,10626,10627,10627,1
2020-05-04 15:35:53.256,10627,10628,10627,1
2020-05-04 15:35:54.791,10626,10627,10626,1
2020-05-04 15:35:58.342,10626,10627,10626,1
2020-05-04 15:35:58.622,10626,10627,10626,1
2020-05-04 15:36:07.308,10626,10627,10626,1
2020-05-04 15:36:09.677,10626,10627,10626,8
2020-05-04 15:36:09.677,10626,10627,10626,1
2020-05-04 15:36:09.677,10626,10627,10626,5
2020-05-04 15:36:11.181,10625,10626,10625,1
2020-05-04 15:36:13.002,10624,10625,10624,2
2020-05-04 15:36:15.319,10623,10624,10623,2
2020-05-04 15:36:22.452,10622,10623,10622,2
2020-05-04 15:36:22.453,10622,10623,10622,5
2020-05-04 15:36:23.274,10621,10623,10621,5
2020-05-04 15:36:23.994,10620,10622,10622,1
2020-05-04 15:36:31.063,10622,10623,10622,1
2020-05-04 15:36:35.046,10622,10623,10623,3
2020-05-04 15:36:35.046,10622,10623,10623,1
2020-05-04 15:36:36.033,10622,10624,10622,10
2020-05-04 15:36:37.896,10622,10624,10622,1
2020-05-04 15:36:43.889,10623,10624,10624,1
2020-05-04 15:36:43.889,10623,10624,10625,1
2020-05-04 15:36:52.792,10624,10625,10624,1
2020-05-04 15:36:54.346,10624,10625,10624,2
2020-05-04 15:36:58.111,10624,10625,10624,1
2020-05-04 15:36:58.111,10624,10625,10623,4
2020-05-04 15:36:58.393,10623,10625,10623,5
2020-05-04 15:36:58.581,10623,10624,10623,1
2020-05-04 15:36:58.581,10623,10624,10622,4
2020-05-04 15:37:04.404,10623,10624,10624,3
2020-05-04 15:37:05.120,10623,10624,10624,1
2020-05-04 15:37:06.893,10623,10624,10623,1
2020-05-04 15:37:07.291,10623,10624,10624,1
2020-05-04 15:37:29.274,10623,10624,10624,1
2020-05-04 15:37:30.147,10624,10625,10624,2
2020-05-04 15:37:38.580,10623,10624,10623,1
2020-05-04 15:37:38.641,10623,10624,10624,2
2020-05-04 15:37:47.109,10623,10624,10624,1
2020-05-04 15:37:48.403,10623,10624,10624,4
2020-05-04 15:37:48.403,10623,10624,10624,2
2020-05-04 15:37:49.946,10623,10624,10623,1
2020-05-04 15:38:02.505,10623,10624,10624,2
2020-05-04 15:38:03.201,10624,10625,10625,3
2020-05-04 15:38:03.201,10624,10625,10625,1
2020-05-04 15:38:03.201,10624,10625,10625,1
2020-05-04 15:38:03.508,10625,10626,10626,1
2020-05-04 15:38:03.515,10625,10626,10626,1
2020-05-04 15:38:03.638,10626,10627,10627,5
2020-05-04 15:38:04.223,10626,10627,10627,2
2020-05-04 15:38:13.404,10626,10627,10627,1
2020-05-04 15:38:19.873,10626,10627,10627,1
2020-05-04 15:38:23.262,10626,10627,10627,1
2020-05-04 15:38:25.870,10627,10628,10627,1
2020-05-04 15:38:27.906,10626,10627,10627,1
2020-05-04 15:38:30.102,10627,10628,10628,2
2020-05-04 15:38:30.213,10627,10628,10628,7
2020-05-04 15:38:30.213,10627,10628,10628,2
2020-05-04 15:38:30.213,10627,10628,10628,18
2020-05-04 15:38:30.213,10627,10628,10628,5
2020-05-04 15:38:30.213,10627,10628,10628,1
2020-05-04 15:38:30.213,10627,10628,10628,4
2020-05-04 15:38:30.566,10628,10629,10629,3
2020-05-04 15:38:30.585,10628,10629,10629,2
2020-05-04 15:38:30.610,10628,10629,10629,2
2020-05-04 15:38:30.636,10628,10629,10629,2
2020-05-04 15:38:30.636,10628,10629,10629,3
2020-05-04 15:38:30.636,10628,10629,10629,2
2020-05-04 15:38:30.636,10628,10629,10629,3
2020-05-04 15:38:30.636,10628,10629,10629,2
2020-05-04 15:38:31.426,10629,10630,10629,1
2020-05-04 15:38:34.213,10629,10630,10629,1
2020-05-04 15:38:34.410,10629,10630,10629,1
2020-05-04 15:38:34.969,10629,10630,10629,2
2020-05-04 15:38:35.463,10628,10629,10629,1
2020-05-04 15:38:39.087,10628,10629,10629,1
2020-05-04 15:38:39.113,10628,10629,10629,1
2020-05-04 15:38:39.178,10628,10629,10630,1
2020-05-04 15:38:39.259,10628,10630,10630,1
2020-05-04 15:38:39.293,10628,10630,10630,1
2020-05-04 15:38:39.389,10628,10630,10630,1
2020-05-04 15:38:41.285,10628,10630,10630,1
2020-05-04 15:38:43.594,10628,10629,10629,1
2020-05-04 15:38:49.186,10628,10629,10629,2
2020-05-04 15:38:50.909,10628,10629,10629,1
2020-05-04 15:38:54.518,10628,10629,10628,6
2020-05-04 15:38:54.646,10627,10628,10628,1
2020-05-04 15:38:55.646,10627,10628,10628,1
2020-05-04 15:38:56.138,10627,10628,10627,4
2020-05-04 15:38:58.736,10625,10627,10627,1
2020-05-04 15:39:14.835,10626,10627,10627,1
2020-05-04 15:39:16.324,10627,10628,10627,1
2020-05-04 15:39:17.860,10628,10629,10628,1
2020-05-04 15:39:18.266,10627,10629,10629,1
2020-05-04 15:39:22.322,10628,10629,10629,6
2020-05-04 15:39:25.844,10629,10630,10630,1
2020-05-04 15:39:26.948,10629,10630,10630,1
2020-05-04 15:39:30.632,10629,10630,10630,1
2020-05-04 15:39:33.912,10629,10630,10630,1
2020-05-04 15:39:36.206,10629,10630,10630,5
2020-05-04 15:39:41.534,10629,10630,10630,1
2020-05-04 15:39:41.534,10629,10630,10630,4
2020-05-04 15:39:41.534,10629,10630,10630,1
2020-05-04 15:39:41.534,10629,10630,10630,1
2020-05-04 15:39:41.534,10629,10630,10630,1
2020-05-04 15:39:41.534,10629,10630,10630,8
2020-05-04 15:39:41.534,10629,10630,10630,2
2020-05-04 15:39:41.640,10630,10631,10631,9
2020-05-04 15:39:41.672,10630,10631,10632,1
2020-05-04 15:39:41.741,10630,10632,10632,1
2020-05-04 15:39:41.750,10630,10632,10632,1
2020-05-04 15:39:41.997,10631,10632,10632,1
2020-05-04 15:39:42.771,10630,10631,10631,1
2020-05-04 15:39:44.164,10630,10631,10631,1
2020-05-04 15:39:44.871,10630,10632,10632,4
2020-05-04 15:39:47.916,10630,10632,10630,1
2020-05-04 15:39:49.782,10630,10631,10631,1
2020-05-04 15:39:49.918,10630,10632,10632,1
2020-05-04 15:39:51.539,10630,10631,10631,1
2020-05-04 15:39:51.585,10630,10631,10631,1
2020-05-04 15:39:52.652,10630,10632,10632,1
2020-05-04 15:39:55.710,10630,10631,10631,1
2020-05-04 15:40:00.175,10631,10632,10631,1
2020-05-04 15:40:00.515,10630,10632,10632,1
2020-05-04 15:40:00.521,10630,10632,10632,1
2020-05-04 15:40:00.527,10630,10632,10632,1
2020-05-04 15:40:00.536,10630,10632,10632,1
2020-05-04 15:40:00.545,10630,10632,10632,1
2020-05-04 15:40:02.144,10631,10632,10632,1
2020-05-04 15:40:03.798,10631,10632,10631,1
2020-05-04 15:40:07.650,10631,10632,10631,1
2020-05-04 15:40:09.399,10630,10631,10630,1
2020-05-04 15:40:09.399,10630,10631,10630,5
2020-05-04 15:40:09.436,10630,10631,10630,1
2020-05-04 15:40:09.799,10629,10630,10630,2
2020-05-04 15:40:09.879,10629,10631,10631,1
2020-05-04 15:40:10.111,10629,10631,10631,2
2020-05-04 15:40:11.838,10629,10631,10630,1
2020-05-04 15:40:13.131,10629,10630,10629,1
2020-05-04 15:40:13.132,10629,10630,10629,8
2020-05-04 15:40:14.333,10628,10630,10630,1
2020-05-04 15:40:18.278,10628,10629,10628,1
2020-05-04 15:40:18.978,10628,10629,10629,3
2020-05-04 15:40:18.978,10628,10629,10630,2
2020-05-04 15:40:23.327,10629,10630,10630,1
2020-05-04 15:40:23.914,10629,10631,10631,1
2020-05-04 15:40:28.041,10629,10630,10630,1
2020-05-04 15:40:28.681,10630,10631,10631,2
2020-05-04 15:40:31.720,10630,10631,10630,1
2020-05-04 15:40:33.575,10630,10631,10630,1
2020-05-04 15:40:33.576,10630,10631,10630,2
2020-05-04 15:40:35.735,10629,10630,10630,1
2020-05-04 15:40:37.259,10629,10630,10629,5
2020-05-04 15:40:38.909,10629,10630,10630,4
2020-05-04 15:40:42.865,10629,10630,10630,1
2020-05-04 15:40:42.926,10629,10630,10630,1
2020-05-04 15:40:43.289,10630,10631,10630,1
2020-05-04 15:40:44.432,10630,10631,10630,1
2020-05-04 15:40:45.365,10630,10631,10631,1
2020-05-04 15:40:45.795,10630,10631,10631,1
2020-05-04 15:40:57.954,10630,10631,10631,2
2020-05-04 15:41:01.890,10630,10631,10630,2
2020-05-04 15:41:02.694,10629,10631,10631,1
2020-05-04 15:41:02.694,10629,10631,10631,1
2020-05-04 15:41:18.398,10629,10630,10629,1
2020-05-04 15:41:20.454,10629,10630,10630,2
2020-05-04 15:41:30.254,10630,10631,10630,2
2020-05-04 15:41:31.980,10630,10631,10630,1
2020-05-04 15:41:33.770,10630,10631,10631,3
2020-05-04 15:41:33.770,10630,10631,10631,1
2020-05-04 15:41:33.771,10630,10631,10631,3
2020-05-04 15:41:34.196,10631,10632,10631,5
2020-05-04 15:41:38.090,10631,10632,10632,1
2020-05-04 15:41:38.899,10631,10632,10632,10
2020-05-04 15:41:40.310,10631,10632,10631,1
2020-05-04 15:41:41.807,10631,10632,10632,1
2020-05-04 15:41:45.497,10631,10632,10631,1
2020-05-04 15:41:52.983,10631,10632,10631,1
2020-05-04 15:41:53.844,10631,10632,10632,1
2020-05-04 15:41:54.531,10631,10632,10632,1
2020-05-04 15:41:54.531,10631,10632,10633,4
2020-05-04 15:41:55.170,10632,10633,10632,1
2020-05-04 15:41:58.854,10631,10632,10632,1
2020-05-04 15:42:00.122,10632,10633,10632,1
2020-05-04 15:42:00.159,10632,10633,10633,2
2020-05-04 15:42:00.508,10632,10633,10633,1
2020-05-04 15:42:00.689,10632,10633,10633,1
2020-05-04 15:42:00.708,10632,10633,10633,1
2020-05-04 15:42:04.618,10632,10633,10633,5
2020-05-04 15:42:04.618,10632,10633,10633,2
2020-05-04 15:42:05.566,10632,10634,10632,1
2020-05-04 15:42:08.936,10633,10634,10634,3
2020-05-04 15:42:09.086,10633,10634,10634,1
2020-05-04 15:42:09.109,10633,10634,10634,1
2020-05-04 15:42:09.117,10633,10634,10634,1
2020-05-04 15:42:09.394,10633,10634,10634,3
2020-05-04 15:42:09.718,10633,10634,10634,3
2020-05-04 15:42:09.912,10633,10634,10634,3
2020-05-04 15:42:10.057,10633,10634,10633,1
2020-05-04 15:42:10.472,10633,10634,10633,1
2020-05-04 15:42:12.447,10633,10634,10633,5
2020-05-04 15:42:14.950,10633,10634,10634,5
2020-05-04 15:42:16.238,10633,10634,10634,1
2020-05-04 15:42:18.286,10633,10635,10634,5
2020-05-04 15:42:20.760,10633,10634,10633,2
2020-05-04 15:42:24.730,10633,10634,10634,1
2020-05-04 15:42:24.730,10633,10634,10634,1
2020-05-04 15:42:24.731,10633,10634,10634,5
2020-05-04 15:42:25.229,10634,10635,10634,1
2020-05-04 15:42:29.061,10634,10635,10634,1
2020-05-04 15:42:30.371,10634,10635,10635,3
2020-05-04 15:42:30.481,10634,10635,10635,1
2020-05-04 15:42:30.487,10634,10635,10635,1
2020-05-04 15:42:30.490,10634,10635,10635,1
2020-05-04 15:42:30.494,10634,10635,10635,1
2020-05-04 15:42:30.515,10634,10635,10634,1
2020-05-04 15:42:30.600,10634,10635,10634,1
2020-05-04 15:42:30.989,10634,10635,10635,2
2020-05-04 15:42:33.954,10634,10635,10634,1
2020-05-04 15:42:35.301,10633,10635,10635,1
2020-05-04 15:42:36.874,10633,10635,10635,5
2020-05-04 15:42:37.108,10633,10635,10635,5
2020-05-04 15:42:37.255,10633,10635,10635,5
2020-05-04 15:42:37.484,10634,10635,10635,5
2020-05-04 15:42:38.264,10634,10635,10635,1
2020-05-04 15:42:42.679,10634,10635,10634,1
2020-05-04 15:42:44.174,10634,10635,10634,1
2020-05-04 15:42:44.174,10634,10635,10633,1
2020-05-04 15:42:44.229,10633,10634,10634,1
2020-05-04 15:42:44.511,10633,10634,10635,1
2020-05-04 15:42:48.836,10634,10635,10634,1
2020-05-04 15:42:50.467,10634,10635,10634,5
2020-05-04 15:42:54.572,10634,10635,10634,1
2020-05-04 15:42:57.044,10634,10635,10634,5
2020-05-04 15:42:57.044,10634,10635,10634,2
2020-05-04 15:42:57.047,10634,10635,10634,3
2020-05-04 15:42:57.047,10634,10635,10634,4
2020-05-04 15:42:57.158,10633,10634,10634,1
2020-05-04 15:42:58.081,10633,10634,10633,1
2020-05-04 15:42:58.785,10633,10634,10633,8
2020-05-04 15:42:59.386,10632,10634,10632,1
2020-05-04 15:43:00.841,10633,10634,10634,1
2020-05-04 15:43:03.260,10633,10634,10634,1
2020-05-04 15:43:06.518,10633,10634,10634,1
2020-05-04 15:43:11.258,10633,10634,10634,1
2020-05-04 15:43:14.926,10632,10634,10634,1
2020-05-04 15:43:20.140,10632,10634,10632,3
2020-05-04 15:43:21.408,10632,10634,10632,1
2020-05-04 15:43:22.059,10633,10634,10634,5
2020-05-04 15:43:24.271,10633,10634,10633,1
2020-05-04 15:43:26.547,10632,10634,10632,1
2020-05-04 15:43:29.097,10633,10634,10633,1
2020-05-04 15:43:29.293,10632,10634,10634,3
2020-05-04 15:43:36.340,10633,10634,10634,1
2020-05-04 15:43:36.358,10633,10634,10634,1
2020-05-04 15:43:36.949,10633,10634,10633,1
2020-05-04 15:43:40.343,10633,10634,10633,1
2020-05-04 15:43:43.259,10632,10633,10633,1
2020-05-04 15:43:44.438,10632,10633,10633,1
2020-05-04 15:43:50.714,10632,10633,10632,1
2020-05-04 15:43:53.007,10632,10633,10633,4
2020-05-04 15:43:56.624,10633,10634,10633,1
2020-05-04 15:43:56.847,10633,10634,10633,1
2020-05-04 15:43:57.705,10633,10634,10634,1
2020-05-04 15:43:58.757,10633,10634,10634,4
2020-05-04 15:43:58.757,10633,10634,10634,2
2020-05-04 15:43:58.758,10633,10634,10634,2
2020-05-04 15:43:58.758,10633,10634,10634,1
2020-05-04 15:43:58.903,10634,10635,10635,3
2020-05-04 15:43:58.906,10634,10635,10635,1
2020-05-04 15:43:58.911,10634,10635,10635,2
2020-05-04 15:43:58.912,10634,10635,10635,3
2020-05-04 15:44:01.233,10634,10635,10635,2
2020-05-04 15:44:03.357,10634,10635,10634,1
2020-05-04 15:44:12.419,10633,10635,10635,3
2020-05-04 15:44:15.675,10634,10635,10634,2
2020-05-04 15:44:18.045,10633,10634,10634,1
2020-05-04 15:44:21.261,10633,10634,10634,1
2020-05-04 15:44:22.869,10633,10635,10633,1
2020-05-04 15:44:25.427,10633,10634,10634,1
2020-05-04 15:44:27.013,10633,10635,10633,1
2020-05-04 15:44:30.293,10633,10635,10635,1
2020-05-04 15:44:32.211,10634,10635,10634,1
2020-05-04 15:44:33.096,10634,10635,10634,2
2020-05-04 15:44:38.539,10634,10635,10634,1
2020-05-04 15:44:40.787,10633,10635,10635,2
2020-05-04 15:44:41.493,10633,10634,10633,16
2020-05-04 15:44:41.496,10633,10634,10632,21
2020-05-04 15:44:41.508,10633,10634,10631,18
2020-05-04 15:44:41.508,10633,10634,10631,1
2020-05-04 15:44:41.508,10633,10634,10631,2
2020-05-04 15:44:41.536,10633,10634,10630,5
2020-05-04 15:44:41.536,10633,10634,10630,3
2020-05-04 15:44:41.536,10633,10634,10630,4
2020-05-04 15:44:41.598,10629,10630,10629,1
2020-05-04 15:44:41.598,10629,10630,10629,1
2020-05-04 15:44:41.658,10629,10630,10629,1
2020-05-04 15:44:41.813,10629,10630,10629,2
2020-05-04 15:44:44.565,10629,10631,10631,1
2020-05-04 15:44:46.512,10630,10631,10630,2
2020-05-04 15:44:46.512,10630,10631,10629,3
2020-05-04 15:44:46.512,10630,10631,10629,3
2020-05-04 15:44:46.877,10630,10631,10630,1
2020-05-04 15:44:48.526,10630,10631,10630,1
2020-05-04 15:44:49.979,10629,10631,10629,1
2020-05-04 15:44:50.348,10629,10631,10629,1
2020-05-04 15:44:50.398,10629,10631,10629,1
2020-05-04 15:44:52.875,10629,10630,10630,2
2020-05-04 15:44:55.534,10630,10631,10631,2
2020-05-04 15:44:57.356,10631,10632,10632,2
2020-05-04 15:44:57.415,10631,10632,10632,1
2020-05-04 15:44:57.548,10632,10633,10633,12
2020-05-04 15:45:00.647,10633,10634,10634,2
2020-05-04 15:45:01.114,10634,10635,10634,1
2020-05-04 15:45:01.760,10634,10635,10635,1
2020-05-04 15:45:01.839,10634,10635,10635,4
2020-05-04 15:45:05.714,10633,10634,10634,1
2020-05-04 15:45:06.256,10633,10634,10633,2
2020-05-04 15:45:06.256,10633,10634,10633,1
2020-05-04 15:45:06.399,10631,10633,10633,2
2020-05-04 15:45:09.506,10631,10632,10631,1
2020-05-04 15:45:13.798,10630,10632,10631,1
2020-05-04 15:45:14.406,10630,10632,10631,1
2020-05-04 15:45:17.484,10630,10631,10630,2
2020-05-04 15:45:17.751,10629,10630,10629,2
2020-05-04 15:45:17.803,10629,10630,10629,1
2020-05-04 15:45:23.329,10628,10629,10629,2
2020-05-04 15:45:23.329,10628,10629,10629,1
2020-05-04 15:45:23.452,10629,10630,10631,1
2020-05-04 15:45:24.432,10629,10631,10629,1
2020-05-04 15:45:31.599,10629,10630,10629,2
2020-05-04 15:45:32.998,10629,10630,10630,1
2020-05-04 15:45:38.205,10629,10630,10630,3
2020-05-04 15:45:39.425,10630,10631,10631,1
2020-05-04 15:45:42.599,10631,10633,10631,1
2020-05-04 15:45:46.802,10631,10633,10633,4
2020-05-04 15:45:57.092,10632,10633,10632,1
2020-05-04 15:45:57.093,10632,10633,10632,1
2020-05-04 15:46:04.967,10631,10632,10632,3
2020-05-04 15:46:06.738,10631,10632,10631,2
2020-05-04 15:46:06.738,10631,10632,10631,1
2020-05-04 15:46:07.070,10629,10631,10631,1
2020-05-04 15:46:07.439,10629,10631,10631,1
2020-05-04 15:46:09.212,10630,10632,10632,1
2020-05-04 15:46:12.071,10630,10631,10631,1
2020-05-04 15:46:18.807,10631,10632,10631,1
2020-05-04 15:46:19.385,10631,10632,10631,2
2020-05-04 15:46:19.538,10631,10632,10631,1
2020-05-04 15:46:20.112,10631,10632,10632,1
2020-05-04 15:46:20.180,10631,10632,10632,1
2020-05-04 15:46:21.611,10631,10632,10632,6
2020-05-04 15:46:22.625,10632,10633,10632,1
2020-05-04 15:46:23.699,10632,10633,10633,8
2020-05-04 15:46:23.711,10632,10634,10633,2
2020-05-04 15:46:23.737,10632,10634,10633,2
2020-05-04 15:46:23.763,10632,10634,10633,2
2020-05-04 15:46:26.531,10633,10634,10633,2
2020-05-04 15:46:30.851,10633,10634,10633,1
2020-05-04 15:46:31.251,10633,10634,10633,2
2020-05-04 15:46:31.251,10633,10634,10633,1
2020-05-04 15:46:34.207,10632,10633,10632,1
2020-05-04 15:46:42.093,10631,10632,10631,1
2020-05-04 15:46:42.094,10631,10632,10631,1
2020-05-04 15:46:42.398,10630,10631,10631,1
2020-05-04 15:46:58.565,10630,10631,10630,1
2020-05-04 15:47:00.407,10630,10631,10631,1
2020-05-04 15:47:02.405,10630,10631,10631,3
2020-05-04 15:47:04.712,10630,10631,10631,1
2020-05-04 15:47:05.537,10630,10632,10632,1
2020-05-04 15:47:09.503,10631,10632,10631,1
2020-05-04 15:47:13.047,10630,10632,10632,1
2020-05-04 15:47:13.713,10631,10632,10631,1
2020-05-04 15:47:14.683,10630,10631,10631,1
2020-05-04 15:47:19.750,10631,10632,10632,1
2020-05-04 15:47:19.760,10631,10632,10632,1
2020-05-04 15:47:23.070,10631,10632,10631,1
2020-05-04 15:47:26.446,10630,10632,10632,1
2020-05-04 15:47:28.951,10630,10631,10631,1
2020-05-04 15:47:32.567,10630,10631,10630,1
2020-05-04 15:47:32.567,10630,10631,10630,1
2020-05-04 15:47:32.568,10630,10631,10630,3
2020-05-04 15:47:32.568,10630,10631,10630,2
2020-05-04 15:47:32.568,10630,10631,10630,3
2020-05-04 15:47:44.853,10629,10630,10630,3
2020-05-04 15:47:47.841,10630,10631,10630,1
2020-05-04 15:47:58.795,10629,10630,10629,1
2020-05-04 15:47:58.795,10629,10630,10629,5
2020-05-04 15:47:58.795,10629,10630,10629,2
2020-05-04 15:47:58.795,10629,10630,10629,3
2020-05-04 15:47:58.796,10629,10630,10629,1
2020-05-04 15:47:58.796,10629,10630,10629,1
2020-05-04 15:48:01.166,10628,10629,10629,1
2020-05-04 15:48:01.403,10628,10629,10628,1
2020-05-04 15:48:01.492,10628,10629,10628,1
2020-05-04 15:48:01.506,10628,10629,10628,1
2020-05-04 15:48:01.656,10628,10629,10628,1
2020-05-04 15:48:01.754,10628,10629,10628,1
2020-05-04 15:48:04.338,10628,10629,10628,1
2020-05-04 15:48:07.138,10628,10629,10628,2
2020-05-04 15:48:10.142,10628,10629,10628,1
2020-05-04 15:48:13.511,10628,10629,10629,2
2020-05-04 15:48:14.132,10629,10630,10629,1
2020-05-04 15:48:14.132,10629,10630,10629,2
2020-05-04 15:48:16.436,10629,10630,10630,3
2020-05-04 15:48:16.942,10630,10631,10630,1
2020-05-04 15:48:21.916,10630,10631,10631,3
2020-05-04 15:48:23.719,10630,10631,10630,1
2020-05-04 15:48:30.054,10630,10631,10631,1
2020-05-04 15:48:38.047,10630,10631,10631,2
2020-05-04 15:48:40.452,10630,10631,10631,1
2020-05-04 15:48:44.129,10630,10631,10630,1
2020-05-04 15:48:52.805,10630,10631,10630,1
2020-05-04 15:48:59.866,10629,10630,10630,1
2020-05-04 15:49:02.313,10629,10630,10630,2
2020-05-04 15:49:05.032,10629,10630,10630,1
2020-05-04 15:49:05.582,10630,10631,10630,1
2020-05-04 15:49:06.178,10630,10631,10630,1
2020-05-04 15:49:10.734,10629,10630,10630,1
2020-05-04 15:49:25.620,10629,10630,10630,1
2020-05-04 15:49:33.073,10629,10630,10630,2
2020-05-04 15:49:38.962,10629,10630,10629,1
2020-05-04 15:49:42.400,10629,10630,10630,1
2020-05-04 15:49:44.060,10629,10631,10630,1
2020-05-04 15:49:47.543,10629,10630,10630,1
2020-05-04 15:49:47.852,10629,10631,10631,1
2020-05-04 15:49:50.576,10630,10631,10630,1
2020-05-04 15:50:00.208,10630,10631,10631,1
2020-05-04 15:50:11.391,10630,10631,10630,3
2020-05-04 15:50:11.743,10630,10631,10630,1
2020-05-04 15:50:14.465,10629,10630,10630,1
2020-05-04 15:50:24.310,10630,10631,10630,1
2020-05-04 15:50:27.072,10630,10631,10631,1
2020-05-04 15:50:32.379,10630,10631,10631,1
2020-05-04 15:50:33.933,10630,10631,10631,2
2020-05-04 15:50:42.555,10630,10631,10630,3
2020-05-04 15:50:42.693,10630,10631,10630,3
2020-05-04 15:50:57.135,10629,10630,10629,3
2020-05-04 15:50:57.458,10628,10629,10628,2
2020-05-04 15:50:57.458,10628,10629,10628,1
2020-05-04 15:51:02.443,10628,10629,10629,1
2020-05-04 15:51:03.246,10628,10630,10628,1
2020-05-04 15:51:15.475,10628,10629,10629,1
2020-05-04 15:51:21.185,10628,10629,10628,7
2020-05-04 15:51:21.510,10627,10628,10627,1
2020-05-04 15:51:21.511,10627,10628,10627,1
2020-05-04 15:51:21.623,10627,10628,10627,1
2020-05-04 15:51:24.203,10627,10628,10627,1
2020-05-04 15:51:24.560,10627,10628,10627,1
2020-05-04 15:51:28.229,10627,10628,10627,2
2020-05-04 15:51:28.230,10627,10628,10627,2
2020-05-04 15:51:28.230,10627,10628,10627,1
2020-05-04 15:51:31.999,10626,10627,10627,2
2020-05-04 15:51:34.241,10626,10627,10626,1
2020-05-04 15:51:34.355,10626,10627,10626,1
2020-05-04 15:51:35.572,10626,10627,10627,1
2020-05-04 15:51:47.205,10626,10627,10626,6
2020-05-04 15:51:55.989,10626,10627,10626,1
