2023-04-19 15:00:00,15768,15768,15768,208,0
2023-04-19 15:00:00,15767,15767,15767,2,-2
2023-04-19 15:00:00,15766,15766,15766,2,-2
2023-04-19 15:00:00,15766,15766,15766,4,0
2023-04-19 15:00:00,15765,15765,15765,2,-2
2023-04-19 15:00:00,15765,15765,15765,2,0
2023-04-19 15:00:00,15765,15765,15765,4,0
2023-04-19 15:00:00,15765,15765,15765,2,0
2023-04-19 15:00:00,15765,15765,15765,2,0
2023-04-19 15:00:00,15765,15765,15765,8,0
2023-04-19 15:00:00,15766,15766,15766,2,2
2023-04-19 15:00:00,15765,15765,15765,4,-4
2023-04-19 15:00:00,15765,15765,15765,4,0
2023-04-19 15:00:00,15765,15765,15765,6,0
2023-04-19 15:00:00,15764,15764,15764,2,-2
2023-04-19 15:00:00,15764,15764,15764,2,0
2023-04-19 15:00:00,15764,15764,15764,2,0
2023-04-19 15:00:00,15764,15764,15764,2,0
2023-04-19 15:00:00,15764,15764,15764,4,0
2023-04-19 15:00:00,15764,15764,15764,2,0
2023-04-19 15:00:00,15764,15764,15764,2,0
2023-04-19 15:00:00,15764,15764,15764,8,0
2023-04-19 15:00:00,15764,15764,15764,2,0
2023-04-19 15:00:00,15764,15764,15764,2,0
2023-04-19 15:00:00,15764,15764,15764,2,0
2023-04-19 15:00:00,15764,15764,15764,2,0
2023-04-19 15:00:00,15765,15765,15765,2,2
2023-04-19 15:00:00,15765,15765,15765,2,0
2023-04-19 15:00:00,15764,15764,15764,2,-2
2023-04-19 15:00:00,15763,15763,15763,2,-2
2023-04-19 15:00:00,15763,15763,15763,2,0
2023-04-19 15:00:00,15763,15763,15763,2,0
2023-04-19 15:00:00,15762,15762,15762,4,-4
2023-04-19 15:00:00,15764,15764,15764,6,6
2023-04-19 15:00:00,15765,15765,15765,2,2
2023-04-19 15:00:00,15765,15765,15765,2,0
2023-04-19 15:00:00,15766,15766,15766,4,4
2023-04-19 15:00:00,15763,15763,15763,2,-2
2023-04-19 15:00:00,15763,15763,15763,2,0
2023-04-19 15:00:00,15765,15765,15765,2,2
2023-04-19 15:00:00,15766,15766,15766,2,2
2023-04-19 15:00:00,15766,15766,15766,4,0
2023-04-19 15:00:00,15764,15764,15764,2,-2
2023-04-19 15:00:00,15763,15763,15763,2,-2
2023-04-19 15:00:00,15763,15763,15763,2,0
2023-04-19 15:00:00,15763,15763,15763,2,0
2023-04-19 15:00:00,15762,15762,15762,4,-4
2023-04-19 15:00:00,15762,15762,15762,4,0
2023-04-19 15:00:00,15762,15762,15762,4,0
2023-04-19 15:00:00,15764,15764,15764,4,4
2023-04-19 15:00:00,15762,15762,15762,6,-6
2023-04-19 15:00:00,15762,15762,15762,2,0
2023-04-19 15:00:00,15765,15765,15765,6,6
2023-04-19 15:00:00,15766,15766,15766,4,4
2023-04-19 15:00:00,15762,15762,15762,6,-6
2023-04-19 15:00:00,15762,15762,15762,4,0
2023-04-19 15:00:00,15765,15765,15765,2,2
2023-04-19 15:00:00,15766,15766,15766,4,4
2023-04-19 15:00:00,15764,15764,15764,2,-2
2023-04-19 15:00:00,15767,15767,15767,2,2
2023-04-19 15:00:00,15766,15766,15766,2,-2
2023-04-19 15:00:00,15766,15766,15766,2,0
2023-04-19 15:00:00,15765,15765,15765,2,-2
2023-04-19 15:00:00,15765,15765,15765,2,0
2023-04-19 15:00:00,15765,15765,15765,2,0
2023-04-19 15:00:00,15765,15765,15765,2,0
2023-04-19 15:00:00,15765,15765,15765,2,0
2023-04-19 15:00:00,15765,15765,15765,2,0
2023-04-19 15:00:00,15766,15766,15766,2,2
2023-04-19 15:00:00,15768,15768,15768,2,2
2023-04-19 15:00:00,15767,15767,15767,2,-2
2023-04-19 15:00:00,15767,15767,15767,2,0
2023-04-19 15:00:00,15766,15766,15766,2,-2
2023-04-19 15:00:00,15767,15767,15767,2,2
2023-04-19 15:00:00,15767,15767,15767,2,0
2023-04-19 15:00:00,15766,15766,15766,2,-2
2023-04-19 15:00:01,15765,15765,15765,2,-2
2023-04-19 15:00:01,15764,15764,15764,2,-2
2023-04-19 15:00:01,15764,15764,15764,2,0
2023-04-19 15:00:01,15764,15764,15764,2,0
2023-04-19 15:00:01,15764,15764,15764,2,0
2023-04-19 15:00:01,15763,15763,15763,2,-2
2023-04-19 15:00:01,15763,15763,15763,2,0
2023-04-19 15:00:01,15762,15762,15762,2,-2
2023-04-19 15:00:01,15762,15762,15762,2,0
2023-04-19 15:00:01,15761,15761,15761,2,-2
2023-04-19 15:00:01,15764,15764,15764,2,2
2023-04-19 15:00:01,15763,15763,15763,2,-2
2023-04-19 15:00:01,15763,15763,15763,2,0
2023-04-19 15:00:01,15762,15762,15762,2,-2
2023-04-19 15:00:01,15766,15766,15766,2,2
2023-04-19 15:00:01,15765,15765,15765,2,-2
2023-04-19 15:00:01,15763,15763,15763,4,-4
2023-04-19 15:00:01,15764,15764,15764,2,2
2023-04-19 15:00:01,15762,15762,15762,2,-2
2023-04-19 15:00:01,15762,15762,15762,2,0
2023-04-19 15:00:01,15763,15763,15763,2,2
2023-04-19 15:00:01,15765,15765,15765,2,2
2023-04-19 15:00:01,15765,15765,15765,2,0
2023-04-19 15:00:01,15765,15765,15765,2,0
2023-04-19 15:00:01,15763,15763,15763,2,-2
2023-04-19 15:00:01,15763,15763,15763,2,0
2023-04-19 15:00:01,15762,15762,15762,2,-2
2023-04-19 15:00:01,15762,15762,15762,2,0
2023-04-19 15:00:01,15762,15762,15762,2,0
2023-04-19 15:00:01,15762,15762,15762,2,0
2023-04-19 15:00:01,15762,15762,15762,2,0
2023-04-19 15:00:01,15761,15761,15761,2,-2
2023-04-19 15:00:01,15761,15761,15761,2,0
2023-04-19 15:00:01,15761,15761,15761,2,0
2023-04-19 15:00:01,15762,15762,15762,2,2
2023-04-19 15:00:01,15762,15762,15762,2,0
2023-04-19 15:00:01,15761,15761,15761,2,-2
2023-04-19 15:00:01,15761,15761,15761,2,0
2023-04-19 15:00:01,15763,15763,15763,2,2
2023-04-19 15:00:01,15763,15763,15763,2,0
2023-04-19 15:00:01,15762,15762,15762,2,-2
2023-04-19 15:00:02,15764,15764,15764,2,2
2023-04-19 15:00:02,15764,15764,15764,2,0
2023-04-19 15:00:02,15765,15765,15765,2,2
2023-04-19 15:00:02,15765,15765,15765,2,0
2023-04-19 15:00:03,15766,15766,15766,36,36
2023-04-19 15:00:03,15767,15767,15767,18,18
2023-04-19 15:00:03,15768,15768,15768,16,16
2023-04-19 15:00:03,15768,15768,15768,2,0
2023-04-19 15:00:03,15768,15768,15768,2,0
2023-04-19 15:00:03,15769,15769,15769,2,2
2023-04-19 15:00:04,15766,15766,15766,2,-2
2023-04-19 15:00:04,15766,15766,15766,2,0
2023-04-19 15:00:04,15766,15766,15766,2,0
2023-04-19 15:00:04,15766,15766,15766,2,0
2023-04-19 15:00:04,15768,15768,15768,4,4
2023-04-19 15:00:04,15766,15766,15766,2,-2
2023-04-19 15:00:05,15767,15767,15767,2,2
2023-04-19 15:00:05,15766,15766,15766,2,-2
2023-04-19 15:00:05,15766,15766,15766,2,0
2023-04-19 15:00:06,15766,15766,15766,2,0
2023-04-19 15:00:08,15766,15766,15766,2,0
2023-04-19 15:00:08,15766,15766,15766,2,0
2023-04-19 15:00:09,15767,15767,15767,6,6
2023-04-19 15:00:09,15767,15767,15767,6,0
2023-04-19 15:00:09,15767,15767,15767,2,0
2023-04-19 15:00:09,15766,15766,15766,2,-2
2023-04-19 15:00:09,15766,15766,15766,2,0
2023-04-19 15:00:09,15766,15766,15766,2,0
2023-04-19 15:00:09,15765,15765,15765,4,-4
2023-04-19 15:00:09,15765,15765,15765,4,0
2023-04-19 15:00:09,15765,15765,15765,2,0
2023-04-19 15:00:09,15765,15765,15765,4,0
2023-04-19 15:00:09,15765,15765,15765,2,0
2023-04-19 15:00:09,15765,15765,15765,2,0
2023-04-19 15:00:09,15764,15764,15764,2,-2
2023-04-19 15:00:09,15764,15764,15764,4,0
2023-04-19 15:00:09,15764,15764,15764,2,0
2023-04-19 15:00:09,15764,15764,15764,2,0
2023-04-19 15:00:09,15764,15764,15764,2,0
2023-04-19 15:00:09,15764,15764,15764,6,0
2023-04-19 15:00:09,15764,15764,15764,2,0
2023-04-19 15:00:09,15764,15764,15764,2,0
2023-04-19 15:00:09,15763,15763,15763,2,-2
2023-04-19 15:00:09,15763,15763,15763,2,0
2023-04-19 15:00:09,15763,15763,15763,4,0
2023-04-19 15:00:09,15763,15763,15763,2,0
2023-04-19 15:00:09,15763,15763,15763,2,0
2023-04-19 15:00:09,15763,15763,15763,2,0
2023-04-19 15:00:09,15763,15763,15763,2,0
2023-04-19 15:00:10,15763,15763,15763,4,0
2023-04-19 15:00:10,15763,15763,15763,2,0
2023-04-19 15:00:10,15765,15765,15765,10,10
2023-04-19 15:00:10,15764,15764,15764,2,-2
2023-04-19 15:00:11,15763,15763,15763,2,-2
2023-04-19 15:00:11,15763,15763,15763,4,0
2023-04-19 15:00:11,15763,15763,15763,2,0
2023-04-19 15:00:11,15765,15765,15765,2,2
2023-04-19 15:00:11,15765,15765,15765,10,0
2023-04-19 15:00:12,15764,15764,15764,2,-2
2023-04-19 15:00:12,15764,15764,15764,2,0
2023-04-19 15:00:12,15764,15764,15764,2,0
2023-04-19 15:00:13,15764,15764,15764,2,0
2023-04-19 15:00:13,15764,15764,15764,2,0
2023-04-19 15:00:13,15764,15764,15764,4,0
2023-04-19 15:00:13,15764,15764,15764,2,0
2023-04-19 15:00:14,15763,15763,15763,2,-2
2023-04-19 15:00:14,15764,15764,15764,2,2
2023-04-19 15:00:14,15763,15763,15763,2,-2
2023-04-19 15:00:14,15763,15763,15763,2,0
2023-04-19 15:00:14,15763,15763,15763,4,0
2023-04-19 15:00:14,15763,15763,15763,2,0
2023-04-19 15:00:14,15765,15765,15765,2,2
2023-04-19 15:00:14,15762,15762,15762,2,-2
2023-04-19 15:00:14,15762,15762,15762,2,0
2023-04-19 15:00:15,15764,15764,15764,2,2
2023-04-19 15:00:15,15762,15762,15762,2,-2
2023-04-19 15:00:15,15762,15762,15762,4,0
2023-04-19 15:00:15,15762,15762,15762,2,0
2023-04-19 15:00:15,15763,15763,15763,2,2
2023-04-19 15:00:15,15761,15761,15761,2,-2
2023-04-19 15:00:15,15761,15761,15761,2,0
2023-04-19 15:00:15,15761,15761,15761,4,0
2023-04-19 15:00:16,15763,15763,15763,2,2
2023-04-19 15:00:16,15762,15762,15762,2,-2
2023-04-19 15:00:16,15762,15762,15762,2,0
2023-04-19 15:00:16,15764,15764,15764,2,2
2023-04-19 15:00:16,15762,15762,15762,2,-2
2023-04-19 15:00:16,15764,15764,15764,2,2
2023-04-19 15:00:16,15763,15763,15763,2,-2
2023-04-19 15:00:16,15763,15763,15763,12,0
2023-04-19 15:00:16,15763,15763,15763,2,0
2023-04-19 15:00:17,15763,15763,15763,2,0
2023-04-19 15:00:17,15764,15764,15764,2,2
2023-04-19 15:00:17,15765,15765,15765,4,4
2023-04-19 15:00:19,15765,15765,15765,4,0
2023-04-19 15:00:19,15765,15765,15765,2,0
2023-04-19 15:00:19,15764,15764,15764,2,-2
2023-04-19 15:00:20,15764,15764,15764,2,0
2023-04-19 15:00:20,15764,15764,15764,2,0
2023-04-19 15:00:20,15763,15763,15763,2,-2
2023-04-19 15:00:20,15763,15763,15763,2,0
2023-04-19 15:00:20,15763,15763,15763,2,0
2023-04-19 15:00:20,15765,15765,15765,4,4
2023-04-19 15:00:21,15763,15763,15763,2,-2
2023-04-19 15:00:21,15765,15765,15765,2,2
2023-04-19 15:00:22,15766,15766,15766,10,10
2023-04-19 15:00:22,15766,15766,15766,22,0
2023-04-19 15:00:22,15765,15765,15765,2,-2
2023-04-19 15:00:22,15765,15765,15765,2,0
2023-04-19 15:00:22,15765,15765,15765,2,0
2023-04-19 15:00:23,15765,15765,15765,2,0
2023-04-19 15:00:24,15767,15767,15767,8,8
2023-04-19 15:00:26,15768,15768,15768,10,10
2023-04-19 15:00:27,15767,15767,15767,2,-2
2023-04-19 15:00:27,15767,15767,15767,4,0
2023-04-19 15:00:27,15767,15767,15767,2,0
2023-04-19 15:00:27,15768,15768,15768,4,4
2023-04-19 15:00:27,15769,15769,15769,6,6
2023-04-19 15:00:27,15769,15769,15769,2,0
2023-04-19 15:00:27,15768,15768,15768,2,-2
2023-04-19 15:00:27,15770,15770,15770,2,2
2023-04-19 15:00:28,15769,15769,15769,2,-2
2023-04-19 15:00:28,15768,15768,15768,2,-2
2023-04-19 15:00:28,15768,15768,15768,2,0
2023-04-19 15:00:28,15768,15768,15768,4,0
2023-04-19 15:00:30,15767,15767,15767,2,-2
2023-04-19 15:00:30,15769,15769,15769,2,2
2023-04-19 15:00:30,15770,15770,15770,2,2
2023-04-19 15:00:30,15770,15770,15770,6,0
2023-04-19 15:00:31,15769,15769,15769,2,-2
2023-04-19 15:00:31,15769,15769,15769,10,0
2023-04-19 15:00:31,15769,15769,15769,4,0
2023-04-19 15:00:32,15768,15768,15768,4,-4
2023-04-19 15:00:32,15768,15768,15768,2,0
2023-04-19 15:00:32,15768,15768,15768,6,0
2023-04-19 15:00:32,15767,15767,15767,2,-2
2023-04-19 15:00:32,15767,15767,15767,4,0
2023-04-19 15:00:32,15767,15767,15767,4,0
2023-04-19 15:00:32,15767,15767,15767,2,0
2023-04-19 15:00:32,15767,15767,15767,2,0
2023-04-19 15:00:32,15767,15767,15767,4,0
2023-04-19 15:00:32,15769,15769,15769,40,40
2023-04-19 15:00:32,15770,15770,15770,60,60
2023-04-19 15:00:32,15770,15770,15770,2,0
2023-04-19 15:00:32,15769,15769,15769,2,-2
2023-04-19 15:00:33,15768,15768,15768,2,-2
2023-04-19 15:00:33,15770,15770,15770,10,10
2023-04-19 15:00:34,15769,15769,15769,6,-6
2023-04-19 15:00:34,15769,15769,15769,4,0
2023-04-19 15:00:35,15767,15767,15767,2,-2
2023-04-19 15:00:35,15767,15767,15767,6,0
2023-04-19 15:00:35,15767,15767,15767,2,0
2023-04-19 15:00:35,15767,15767,15767,2,0
2023-04-19 15:00:35,15766,15766,15766,2,-2
2023-04-19 15:00:35,15766,15766,15766,2,0
2023-04-19 15:00:36,15765,15765,15765,2,-2
2023-04-19 15:00:36,15765,15765,15765,2,0
2023-04-19 15:00:36,15765,15765,15765,2,0
2023-04-19 15:00:36,15765,15765,15765,2,0
2023-04-19 15:00:36,15765,15765,15765,2,0
2023-04-19 15:00:36,15765,15765,15765,2,0
2023-04-19 15:00:37,15764,15764,15764,2,-2
2023-04-19 15:00:37,15765,15765,15765,2,2
2023-04-19 15:00:37,15765,15765,15765,2,0
2023-04-19 15:00:37,15766,15766,15766,18,18
2023-04-19 15:00:37,15767,15767,15767,2,2
2023-04-19 15:00:39,15767,15767,15767,20,0
2023-04-19 15:00:40,15767,15767,15767,2,0
2023-04-19 15:00:40,15767,15767,15767,2,0
2023-04-19 15:00:40,15768,15768,15768,4,4
2023-04-19 15:00:41,15767,15767,15767,2,-2
2023-04-19 15:00:42,15768,15768,15768,2,2
2023-04-19 15:00:42,15768,15768,15768,10,0
2023-04-19 15:00:43,15768,15768,15768,2,0
2023-04-19 15:00:44,15767,15767,15767,4,-4
2023-04-19 15:00:44,15767,15767,15767,6,0
2023-04-19 15:00:44,15767,15767,15767,4,0
2023-04-19 15:00:45,15767,15767,15767,2,0
2023-04-19 15:00:45,15767,15767,15767,2,0
2023-04-19 15:00:45,15766,15766,15766,2,-2
2023-04-19 15:00:45,15766,15766,15766,2,0
2023-04-19 15:00:46,15767,15767,15767,2,2
2023-04-19 15:00:46,15767,15767,15767,2,0
2023-04-19 15:00:46,15767,15767,15767,2,0
2023-04-19 15:00:46,15767,15767,15767,2,0
2023-04-19 15:00:47,15766,15766,15766,2,-2
2023-04-19 15:00:47,15766,15766,15766,2,0
2023-04-19 15:00:47,15766,15766,15766,2,0
2023-04-19 15:00:47,15766,15766,15766,2,0
2023-04-19 15:00:47,15766,15766,15766,10,0
2023-04-19 15:00:47,15766,15766,15766,2,0
2023-04-19 15:00:47,15766,15766,15766,4,0
2023-04-19 15:00:47,15766,15766,15766,2,0
2023-04-19 15:00:47,15766,15766,15766,2,0
2023-04-19 15:00:50,15765,15765,15765,2,-2
2023-04-19 15:00:50,15765,15765,15765,2,0
2023-04-19 15:00:50,15765,15765,15765,2,0
2023-04-19 15:00:50,15764,15764,15764,4,-4
2023-04-19 15:00:50,15764,15764,15764,2,0
2023-04-19 15:00:50,15764,15764,15764,2,0
2023-04-19 15:00:50,15764,15764,15764,2,0
2023-04-19 15:00:50,15764,15764,15764,4,0
2023-04-19 15:00:50,15764,15764,15764,6,0
2023-04-19 15:00:50,15764,15764,15764,2,0
2023-04-19 15:00:50,15764,15764,15764,2,0
2023-04-19 15:00:50,15764,15764,15764,2,0
2023-04-19 15:00:50,15764,15764,15764,2,0
2023-04-19 15:00:50,15764,15764,15764,2,0
2023-04-19 15:00:50,15764,15764,15764,2,0
2023-04-19 15:00:50,15764,15764,15764,2,0
2023-04-19 15:00:50,15764,15764,15764,4,0
2023-04-19 15:00:50,15764,15764,15764,4,0
2023-04-19 15:00:50,15764,15764,15764,6,0
2023-04-19 15:00:50,15763,15763,15763,2,-2
2023-04-19 15:00:50,15763,15763,15763,4,0
2023-04-19 15:00:50,15763,15763,15763,2,0
2023-04-19 15:00:50,15763,15763,15763,2,0
2023-04-19 15:00:50,15763,15763,15763,2,0
2023-04-19 15:00:50,15763,15763,15763,2,0
2023-04-19 15:00:50,15763,15763,15763,4,0
2023-04-19 15:00:50,15763,15763,15763,2,0
2023-04-19 15:00:50,15763,15763,15763,6,0
2023-04-19 15:00:50,15763,15763,15763,2,0
2023-04-19 15:00:51,15762,15762,15762,2,-2
2023-04-19 15:00:51,15762,15762,15762,2,0
2023-04-19 15:00:51,15762,15762,15762,4,0
2023-04-19 15:00:51,15762,15762,15762,2,0
2023-04-19 15:00:51,15764,15764,15764,2,2
2023-04-19 15:00:51,15764,15764,15764,2,0
2023-04-19 15:00:51,15764,15764,15764,4,0
2023-04-19 15:00:52,15764,15764,15764,6,0
2023-04-19 15:00:52,15764,15764,15764,2,0
2023-04-19 15:00:52,15763,15763,15763,2,-2
2023-04-19 15:00:52,15764,15764,15764,2,2
2023-04-19 15:00:52,15764,15764,15764,2,0
2023-04-19 15:00:52,15764,15764,15764,2,0
2023-04-19 15:00:52,15763,15763,15763,2,-2
2023-04-19 15:00:53,15764,15764,15764,4,4
2023-04-19 15:00:53,15764,15764,15764,4,0
2023-04-19 15:00:55,15763,15763,15763,4,-4
2023-04-19 15:00:55,15762,15762,15762,2,-2
2023-04-19 15:00:56,15763,15763,15763,2,2
2023-04-19 15:00:56,15762,15762,15762,2,-2
2023-04-19 15:00:56,15762,15762,15762,4,0
2023-04-19 15:00:56,15762,15762,15762,2,0
2023-04-19 15:00:56,15762,15762,15762,2,0
2023-04-19 15:00:56,15762,15762,15762,2,0
2023-04-19 15:00:57,15762,15762,15762,2,0
2023-04-19 15:00:57,15762,15762,15762,2,0
2023-04-19 15:00:57,15763,15763,15763,2,2
2023-04-19 15:00:57,15763,15763,15763,2,0
2023-04-19 15:00:57,15762,15762,15762,2,-2
2023-04-19 15:00:58,15762,15762,15762,16,0
2023-04-19 15:00:58,15762,15762,15762,2,0
2023-04-19 15:00:58,15762,15762,15762,2,0
2023-04-19 15:00:58,15762,15762,15762,2,0
2023-04-19 15:00:58,15762,15762,15762,2,0
2023-04-19 15:00:58,15762,15762,15762,6,0
2023-04-19 15:00:59,15763,15763,15763,2,2
2023-04-19 15:00:59,15761,15761,15761,2,-2
2023-04-19 15:00:59,15761,15761,15761,2,0
2023-04-19 15:00:59,15761,15761,15761,2,0
2023-04-19 15:01:00,15761,15761,15761,2,0
2023-04-19 15:01:00,15761,15761,15761,2,0
2023-04-19 15:01:00,15761,15761,15761,2,0
2023-04-19 15:01:00,15761,15761,15761,2,0
2023-04-19 15:01:00,15761,15761,15761,2,0
2023-04-19 15:01:00,15761,15761,15761,2,0
2023-04-19 15:01:00,15761,15761,15761,2,0
2023-04-19 15:01:00,15760,15760,15760,2,-2
2023-04-19 15:01:00,15760,15760,15760,2,0
2023-04-19 15:01:00,15760,15760,15760,2,0
2023-04-19 15:01:00,15760,15760,15760,2,0
2023-04-19 15:01:00,15762,15762,15762,4,4
2023-04-19 15:01:00,15760,15760,15760,2,-2
2023-04-19 15:01:00,15760,15760,15760,2,0
2023-04-19 15:01:00,15760,15760,15760,2,0
2023-04-19 15:01:00,15760,15760,15760,2,0
2023-04-19 15:01:00,15760,15760,15760,2,0
2023-04-19 15:01:00,15760,15760,15760,2,0
2023-04-19 15:01:00,15762,15762,15762,2,2
2023-04-19 15:01:00,15760,15760,15760,2,-2
2023-04-19 15:01:00,15760,15760,15760,2,0
2023-04-19 15:01:00,15760,15760,15760,2,0
2023-04-19 15:01:00,15760,15760,15760,2,0
2023-04-19 15:01:00,15760,15760,15760,2,0
2023-04-19 15:01:00,15759,15759,15759,2,-2
2023-04-19 15:01:00,15759,15759,15759,2,0
2023-04-19 15:01:00,15759,15759,15759,2,0
2023-04-19 15:01:00,15759,15759,15759,2,0
2023-04-19 15:01:00,15759,15759,15759,4,0
2023-04-19 15:01:00,15759,15759,15759,2,0
2023-04-19 15:01:00,15761,15761,15761,2,2
2023-04-19 15:01:01,15759,15759,15759,2,-2
2023-04-19 15:01:01,15759,15759,15759,2,0
2023-04-19 15:01:01,15759,15759,15759,2,0
2023-04-19 15:01:01,15759,15759,15759,2,0
2023-04-19 15:01:01,15759,15759,15759,2,0
2023-04-19 15:01:01,15759,15759,15759,2,0
2023-04-19 15:01:01,15758,15758,15758,2,-2
2023-04-19 15:01:01,15758,15758,15758,2,0
2023-04-19 15:01:01,15758,15758,15758,2,0
2023-04-19 15:01:01,15758,15758,15758,2,0
2023-04-19 15:01:01,15760,15760,15760,4,4
2023-04-19 15:01:02,15760,15760,15760,4,0
2023-04-19 15:01:02,15760,15760,15760,2,0
2023-04-19 15:01:02,15759,15759,15759,2,-2
2023-04-19 15:01:02,15759,15759,15759,2,0
2023-04-19 15:01:02,15761,15761,15761,2,2
2023-04-19 15:01:02,15762,15762,15762,18,18
2023-04-19 15:01:03,15761,15761,15761,2,-2
2023-04-19 15:01:04,15762,15762,15762,18,18
2023-04-19 15:01:04,15763,15763,15763,2,2
2023-04-19 15:01:04,15762,15762,15762,2,-2
2023-04-19 15:01:05,15761,15761,15761,4,-4
2023-04-19 15:01:05,15763,15763,15763,2,2
2023-04-19 15:01:06,15761,15761,15761,2,-2
2023-04-19 15:01:06,15761,15761,15761,2,0
2023-04-19 15:01:06,15763,15763,15763,2,2
2023-04-19 15:01:06,15763,15763,15763,2,0
2023-04-19 15:01:06,15763,15763,15763,2,0
2023-04-19 15:01:07,15761,15761,15761,2,-2
2023-04-19 15:01:07,15761,15761,15761,2,0
2023-04-19 15:01:07,15761,15761,15761,2,0
2023-04-19 15:01:07,15761,15761,15761,4,0
2023-04-19 15:01:07,15761,15761,15761,2,0
2023-04-19 15:01:07,15762,15762,15762,2,2
2023-04-19 15:01:07,15762,15762,15762,2,0
2023-04-19 15:01:08,15760,15760,15760,2,-2
2023-04-19 15:01:08,15762,15762,15762,2,2
2023-04-19 15:01:08,15762,15762,15762,2,0
2023-04-19 15:01:09,15761,15761,15761,2,-2
2023-04-19 15:01:09,15761,15761,15761,2,0
2023-04-19 15:01:09,15760,15760,15760,4,-4
2023-04-19 15:01:09,15761,15761,15761,2,2
2023-04-19 15:01:12,15760,15760,15760,2,-2
2023-04-19 15:01:12,15760,15760,15760,2,0
2023-04-19 15:01:12,15760,15760,15760,2,0
2023-04-19 15:01:12,15759,15759,15759,2,-2
2023-04-19 15:01:12,15759,15759,15759,2,0
2023-04-19 15:01:12,15758,15758,15758,2,-2
2023-04-19 15:01:13,15758,15758,15758,2,0
2023-04-19 15:01:14,15759,15759,15759,2,2
2023-04-19 15:01:14,15758,15758,15758,2,-2
2023-04-19 15:01:14,15759,15759,15759,4,4
2023-04-19 15:01:14,15758,15758,15758,4,-4
2023-04-19 15:01:14,15758,15758,15758,2,0
2023-04-19 15:01:14,15758,15758,15758,2,0
2023-04-19 15:01:14,15758,15758,15758,2,0
2023-04-19 15:01:15,15757,15757,15757,4,-4
2023-04-19 15:01:15,15759,15759,15759,2,2
2023-04-19 15:01:15,15759,15759,15759,2,0
2023-04-19 15:01:15,15757,15757,15757,2,-2
2023-04-19 15:01:15,15758,15758,15758,2,2
2023-04-19 15:01:16,15760,15760,15760,4,4
2023-04-19 15:01:16,15759,15759,15759,2,-2
2023-04-19 15:01:16,15759,15759,15759,2,0
2023-04-19 15:01:17,15759,15759,15759,2,0
2023-04-19 15:01:17,15759,15759,15759,2,0
2023-04-19 15:01:18,15759,15759,15759,2,0
2023-04-19 15:01:18,15759,15759,15759,2,0
2023-04-19 15:01:18,15758,15758,15758,2,-2
2023-04-19 15:01:18,15759,15759,15759,2,2
2023-04-19 15:01:18,15759,15759,15759,2,0
2023-04-19 15:01:20,15759,15759,15759,2,0
2023-04-19 15:01:20,15759,15759,15759,2,0
2023-04-19 15:01:20,15759,15759,15759,2,0
2023-04-19 15:01:20,15760,15760,15760,2,2
2023-04-19 15:01:20,15760,15760,15760,2,0
2023-04-19 15:01:20,15760,15760,15760,2,0
2023-04-19 15:01:20,15760,15760,15760,2,0
2023-04-19 15:01:20,15761,15761,15761,2,2
2023-04-19 15:01:20,15761,15761,15761,12,0
2023-04-19 15:01:20,15761,15761,15761,2,0
2023-04-19 15:01:20,15761,15761,15761,2,0
2023-04-19 15:01:20,15761,15761,15761,2,0
2023-04-19 15:01:20,15761,15761,15761,2,0
2023-04-19 15:01:20,15760,15760,15760,2,-2
2023-04-19 15:01:20,15761,15761,15761,2,2
2023-04-19 15:01:21,15761,15761,15761,2,0
2023-04-19 15:01:21,15761,15761,15761,2,0
2023-04-19 15:01:21,15761,15761,15761,2,0
2023-04-19 15:01:21,15761,15761,15761,2,0
2023-04-19 15:01:22,15762,15762,15762,6,6
2023-04-19 15:01:23,15761,15761,15761,2,-2
2023-04-19 15:01:23,15761,15761,15761,4,0
2023-04-19 15:01:23,15761,15761,15761,2,0
2023-04-19 15:01:24,15760,15760,15760,2,-2
2023-04-19 15:01:25,15759,15759,15759,2,-2
2023-04-19 15:01:27,15759,15759,15759,2,0
2023-04-19 15:01:27,15759,15759,15759,2,0
2023-04-19 15:01:27,15759,15759,15759,2,0
2023-04-19 15:01:27,15759,15759,15759,2,0
2023-04-19 15:01:28,15759,15759,15759,2,0
2023-04-19 15:01:28,15758,15758,15758,4,-4
2023-04-19 15:01:28,15760,15760,15760,4,4
2023-04-19 15:01:28,15760,15760,15760,2,0
2023-04-19 15:01:29,15760,15760,15760,8,0
2023-04-19 15:01:32,15758,15758,15758,4,-4
2023-04-19 15:01:32,15758,15758,15758,2,0
2023-04-19 15:01:33,15758,15758,15758,2,0
2023-04-19 15:01:33,15758,15758,15758,2,0
2023-04-19 15:01:33,15758,15758,15758,2,0
2023-04-19 15:01:33,15758,15758,15758,4,0
2023-04-19 15:01:33,15758,15758,15758,4,0
2023-04-19 15:01:33,15758,15758,15758,2,0
2023-04-19 15:01:33,15758,15758,15758,2,0
2023-04-19 15:01:33,15758,15758,15758,2,0
2023-04-19 15:01:33,15758,15758,15758,4,0
2023-04-19 15:01:33,15758,15758,15758,2,0
2023-04-19 15:01:33,15758,15758,15758,2,0
2023-04-19 15:01:33,15758,15758,15758,4,0
2023-04-19 15:01:33,15758,15758,15758,2,0
2023-04-19 15:01:33,15758,15758,15758,2,0
2023-04-19 15:01:33,15758,15758,15758,2,0
2023-04-19 15:01:33,15758,15758,15758,2,0
2023-04-19 15:01:34,15757,15757,15757,2,-2
2023-04-19 15:01:34,15758,15758,15758,2,2
2023-04-19 15:01:34,15758,15758,15758,2,0
2023-04-19 15:01:36,15757,15757,15757,2,-2
2023-04-19 15:01:36,15757,15757,15757,2,0
2023-04-19 15:01:36,15758,15758,15758,4,4
2023-04-19 15:01:37,15757,15757,15757,2,-2
2023-04-19 15:01:37,15757,15757,15757,2,0
2023-04-19 15:01:38,15757,15757,15757,2,0
2023-04-19 15:01:38,15757,15757,15757,2,0
2023-04-19 15:01:38,15757,15757,15757,2,0
2023-04-19 15:01:38,15758,15758,15758,6,6
2023-04-19 15:01:40,15757,15757,15757,2,-2
2023-04-19 15:01:40,15757,15757,15757,2,0
2023-04-19 15:01:40,15757,15757,15757,2,0
2023-04-19 15:01:40,15757,15757,15757,2,0
2023-04-19 15:01:41,15757,15757,15757,4,0
2023-04-19 15:01:41,15756,15756,15756,2,-2
2023-04-19 15:01:42,15756,15756,15756,2,0
2023-04-19 15:01:44,15757,15757,15757,2,2
2023-04-19 15:01:44,15757,15757,15757,2,0
2023-04-19 15:01:45,15757,15757,15757,2,0
2023-04-19 15:01:46,15757,15757,15757,2,0
2023-04-19 15:01:46,15758,15758,15758,26,26
2023-04-19 15:01:46,15758,15758,15758,4,0
2023-04-19 15:01:47,15759,15759,15759,2,2
2023-04-19 15:01:48,15760,15760,15760,2,2
2023-04-19 15:01:48,15760,15760,15760,10,0
2023-04-19 15:01:48,15761,15761,15761,2,2
2023-04-19 15:01:53,15760,15760,15760,2,-2
2023-04-19 15:01:53,15761,15761,15761,24,24
2023-04-19 15:01:53,15761,15761,15761,2,0
2023-04-19 15:01:53,15761,15761,15761,4,0
2023-04-19 15:01:53,15760,15760,15760,2,-2
2023-04-19 15:01:54,15760,15760,15760,2,0
2023-04-19 15:01:59,15760,15760,15760,4,0
2023-04-19 15:02:00,15760,15760,15760,4,0
2023-04-19 15:02:00,15760,15760,15760,2,0
2023-04-19 15:02:00,15759,15759,15759,4,-4
2023-04-19 15:02:00,15760,15760,15760,2,2
2023-04-19 15:02:00,15759,15759,15759,2,-2
2023-04-19 15:02:01,15759,15759,15759,2,0
2023-04-19 15:02:02,15759,15759,15759,6,0
2023-04-19 15:02:05,15760,15760,15760,2,2
2023-04-19 15:02:05,15759,15759,15759,2,-2
2023-04-19 15:02:06,15760,15760,15760,4,4
2023-04-19 15:02:06,15759,15759,15759,2,-2
2023-04-19 15:02:08,15759,15759,15759,2,0
2023-04-19 15:02:09,15760,15760,15760,2,2
2023-04-19 15:02:09,15759,15759,15759,6,-6
2023-04-19 15:02:09,15759,15759,15759,2,0
2023-04-19 15:02:09,15759,15759,15759,2,0
2023-04-19 15:02:09,15758,15758,15758,2,-2
2023-04-19 15:02:09,15758,15758,15758,6,0
2023-04-19 15:02:09,15758,15758,15758,2,0
2023-04-19 15:02:09,15758,15758,15758,2,0
2023-04-19 15:02:10,15758,15758,15758,2,0
2023-04-19 15:02:10,15757,15757,15757,2,-2
2023-04-19 15:02:10,15759,15759,15759,8,8
2023-04-19 15:02:11,15759,15759,15759,2,0
2023-04-19 15:02:13,15758,15758,15758,2,-2
2023-04-19 15:02:16,15758,15758,15758,2,0
2023-04-19 15:02:16,15758,15758,15758,2,0
2023-04-19 15:02:18,15758,15758,15758,2,0
2023-04-19 15:02:20,15759,15759,15759,4,4
2023-04-19 15:02:20,15759,15759,15759,8,0
2023-04-19 15:02:20,15759,15759,15759,4,0
2023-04-19 15:02:20,15759,15759,15759,2,0
2023-04-19 15:02:20,15759,15759,15759,2,0
2023-04-19 15:02:21,15758,15758,15758,2,-2
2023-04-19 15:02:22,15760,15760,15760,30,30
2023-04-19 15:02:23,15761,15761,15761,12,12
2023-04-19 15:02:24,15761,15761,15761,2,0
2023-04-19 15:02:24,15761,15761,15761,6,0
2023-04-19 15:02:27,15760,15760,15760,2,-2
2023-04-19 15:02:29,15761,15761,15761,2,2
2023-04-19 15:02:30,15761,15761,15761,2,0
2023-04-19 15:02:30,15761,15761,15761,2,0
2023-04-19 15:02:31,15762,15762,15762,16,16
2023-04-19 15:02:31,15762,15762,15762,2,0
2023-04-19 15:02:31,15762,15762,15762,24,0
2023-04-19 15:02:31,15762,15762,15762,8,0
2023-04-19 15:02:31,15761,15761,15761,2,-2
2023-04-19 15:02:31,15761,15761,15761,2,0
2023-04-19 15:02:32,15761,15761,15761,2,0
2023-04-19 15:02:34,15762,15762,15762,2,2
2023-04-19 15:02:36,15761,15761,15761,2,-2
2023-04-19 15:02:36,15761,15761,15761,6,0
2023-04-19 15:02:36,15761,15761,15761,2,0
2023-04-19 15:02:36,15761,15761,15761,8,0
2023-04-19 15:02:36,15761,15761,15761,2,0
2023-04-19 15:02:36,15761,15761,15761,4,0
2023-04-19 15:02:39,15762,15762,15762,2,2
2023-04-19 15:02:43,15762,15762,15762,2,0
2023-04-19 15:02:43,15763,15763,15763,10,10
2023-04-19 15:02:45,15764,15764,15764,2,2
2023-04-19 15:02:45,15764,15764,15764,16,0
2023-04-19 15:02:48,15764,15764,15764,2,0
2023-04-19 15:02:49,15764,15764,15764,4,0
2023-04-19 15:02:50,15764,15764,15764,2,0
2023-04-19 15:02:52,15764,15764,15764,2,0
2023-04-19 15:02:54,15765,15765,15765,2,2
2023-04-19 15:02:56,15764,15764,15764,2,-2
2023-04-19 15:02:56,15764,15764,15764,2,0
2023-04-19 15:02:56,15764,15764,15764,2,0
2023-04-19 15:02:56,15764,15764,15764,2,0
2023-04-19 15:02:56,15764,15764,15764,2,0
2023-04-19 15:02:56,15764,15764,15764,2,0
2023-04-19 15:02:56,15764,15764,15764,14,0
2023-04-19 15:02:56,15765,15765,15765,14,14
2023-04-19 15:02:56,15764,15764,15764,2,-2
2023-04-19 15:02:58,15764,15764,15764,2,0
2023-04-19 15:02:58,15764,15764,15764,4,0
2023-04-19 15:02:58,15764,15764,15764,6,0
2023-04-19 15:02:58,15764,15764,15764,4,0
2023-04-19 15:02:58,15763,15763,15763,2,-2
2023-04-19 15:02:58,15763,15763,15763,2,0
2023-04-19 15:03:00,15763,15763,15763,4,0
2023-04-19 15:03:00,15763,15763,15763,2,0
2023-04-19 15:03:00,15764,15764,15764,2,2
2023-04-19 15:03:01,15761,15761,15761,2,-2
2023-04-19 15:03:01,15761,15761,15761,2,0
2023-04-19 15:03:01,15761,15761,15761,4,0
2023-04-19 15:03:01,15763,15763,15763,2,2
2023-04-19 15:03:01,15763,15763,15763,2,0
2023-04-19 15:03:02,15763,15763,15763,2,0
2023-04-19 15:03:03,15763,15763,15763,2,0
2023-04-19 15:03:07,15761,15761,15761,2,-2
2023-04-19 15:03:07,15761,15761,15761,2,0
2023-04-19 15:03:08,15763,15763,15763,2,2
2023-04-19 15:03:09,15761,15761,15761,2,-2
2023-04-19 15:03:10,15761,15761,15761,2,0
2023-04-19 15:03:10,15761,15761,15761,2,0
2023-04-19 15:03:10,15761,15761,15761,2,0
2023-04-19 15:03:10,15761,15761,15761,2,0
2023-04-19 15:03:10,15761,15761,15761,2,0
2023-04-19 15:03:10,15761,15761,15761,2,0
2023-04-19 15:03:12,15762,15762,15762,2,2
2023-04-19 15:03:13,15761,15761,15761,10,-10
2023-04-19 15:03:15,15761,15761,15761,2,0
2023-04-19 15:03:15,15761,15761,15761,2,0
2023-04-19 15:03:15,15761,15761,15761,6,0
2023-04-19 15:03:15,15761,15761,15761,4,0
2023-04-19 15:03:16,15761,15761,15761,28,0
2023-04-19 15:03:19,15760,15760,15760,2,-2
2023-04-19 15:03:19,15760,15760,15760,2,0
2023-04-19 15:03:23,15761,15761,15761,2,2
2023-04-19 15:03:23,15761,15761,15761,2,0
2023-04-19 15:03:23,15761,15761,15761,2,0
2023-04-19 15:03:26,15762,15762,15762,2,2
2023-04-19 15:03:26,15761,15761,15761,2,-2
2023-04-19 15:03:27,15763,15763,15763,2,2
2023-04-19 15:03:27,15763,15763,15763,2,0
2023-04-19 15:03:29,15762,15762,15762,2,-2
2023-04-19 15:03:29,15763,15763,15763,2,2
2023-04-19 15:03:29,15762,15762,15762,2,-2
2023-04-19 15:03:30,15761,15761,15761,2,-2
2023-04-19 15:03:33,15762,15762,15762,2,2
2023-04-19 15:03:41,15763,15763,15763,2,2
2023-04-19 15:03:41,15763,15763,15763,6,0
2023-04-19 15:03:45,15763,15763,15763,4,0
2023-04-19 15:03:45,15763,15763,15763,8,0
2023-04-19 15:03:48,15763,15763,15763,2,0
2023-04-19 15:03:48,15763,15763,15763,6,0
2023-04-19 15:03:48,15763,15763,15763,10,0
2023-04-19 15:03:49,15762,15762,15762,2,-2
2023-04-19 15:03:49,15762,15762,15762,2,0
2023-04-19 15:03:49,15762,15762,15762,2,0
2023-04-19 15:03:49,15762,15762,15762,4,0
2023-04-19 15:03:51,15763,15763,15763,2,2
2023-04-19 15:03:55,15762,15762,15762,4,-4
2023-04-19 15:03:55,15762,15762,15762,2,0
2023-04-19 15:03:55,15762,15762,15762,2,0
2023-04-19 15:03:55,15762,15762,15762,2,0
2023-04-19 15:03:55,15762,15762,15762,2,0
2023-04-19 15:03:55,15761,15761,15761,4,-4
2023-04-19 15:03:55,15761,15761,15761,2,0
2023-04-19 15:03:55,15761,15761,15761,6,0
2023-04-19 15:03:55,15761,15761,15761,10,0
2023-04-19 15:03:56,15762,15762,15762,2,2
2023-04-19 15:03:56,15763,15763,15763,2,2
2023-04-19 15:04:00,15761,15761,15761,4,-4
2023-04-19 15:04:00,15761,15761,15761,4,0
2023-04-19 15:04:00,15761,15761,15761,2,0
2023-04-19 15:04:00,15761,15761,15761,2,0
2023-04-19 15:04:00,15761,15761,15761,2,0
2023-04-19 15:04:00,15761,15761,15761,2,0
2023-04-19 15:04:00,15761,15761,15761,2,0
2023-04-19 15:04:00,15761,15761,15761,2,0
2023-04-19 15:04:03,15761,15761,15761,2,0
2023-04-19 15:04:05,15760,15760,15760,2,-2
2023-04-19 15:04:10,15760,15760,15760,2,0
2023-04-19 15:04:10,15760,15760,15760,2,0
2023-04-19 15:04:10,15760,15760,15760,2,0
2023-04-19 15:04:10,15760,15760,15760,2,0
2023-04-19 15:04:10,15760,15760,15760,2,0
2023-04-19 15:04:10,15760,15760,15760,2,0
2023-04-19 15:04:10,15760,15760,15760,2,0
2023-04-19 15:04:10,15760,15760,15760,2,0
2023-04-19 15:04:10,15760,15760,15760,2,0
2023-04-19 15:04:10,15760,15760,15760,2,0
2023-04-19 15:04:10,15760,15760,15760,8,0
2023-04-19 15:04:10,15760,15760,15760,2,0
2023-04-19 15:04:10,15760,15760,15760,2,0
2023-04-19 15:04:10,15760,15760,15760,2,0
2023-04-19 15:04:10,15760,15760,15760,2,0
2023-04-19 15:04:10,15760,15760,15760,2,0
2023-04-19 15:04:10,15759,15759,15759,2,-2
2023-04-19 15:04:10,15759,15759,15759,2,0
2023-04-19 15:04:10,15759,15759,15759,2,0
2023-04-19 15:04:11,15759,15759,15759,6,0
2023-04-19 15:04:11,15759,15759,15759,4,0
2023-04-19 15:04:12,15759,15759,15759,2,0
2023-04-19 15:04:12,15760,15760,15760,4,4
2023-04-19 15:04:14,15758,15758,15758,10,-10
2023-04-19 15:04:15,15759,15759,15759,2,2
2023-04-19 15:04:18,15759,15759,15759,2,0
2023-04-19 15:04:18,15759,15759,15759,2,0
2023-04-19 15:04:19,15758,15758,15758,4,-4
2023-04-19 15:04:19,15758,15758,15758,4,0
2023-04-19 15:04:19,15758,15758,15758,2,0
2023-04-19 15:04:21,15758,15758,15758,2,0
2023-04-19 15:04:21,15758,15758,15758,2,0
2023-04-19 15:04:21,15758,15758,15758,2,0
2023-04-19 15:04:21,15758,15758,15758,20,0
2023-04-19 15:04:21,15758,15758,15758,2,0
2023-04-19 15:04:21,15758,15758,15758,2,0
2023-04-19 15:04:21,15758,15758,15758,22,0
2023-04-19 15:04:21,15758,15758,15758,2,0
2023-04-19 15:04:21,15758,15758,15758,2,0
2023-04-19 15:04:21,15758,15758,15758,2,0
2023-04-19 15:04:21,15758,15758,15758,28,0
2023-04-19 15:04:21,15758,15758,15758,8,0
2023-04-19 15:04:21,15758,15758,15758,2,0
2023-04-19 15:04:21,15758,15758,15758,2,0
2023-04-19 15:04:21,15758,15758,15758,2,0
2023-04-19 15:04:21,15758,15758,15758,2,0
2023-04-19 15:04:21,15758,15758,15758,22,0
2023-04-19 15:04:21,15758,15758,15758,24,0
2023-04-19 15:04:21,15758,15758,15758,4,0
2023-04-19 15:04:21,15758,15758,15758,2,0
2023-04-19 15:04:21,15758,15758,15758,2,0
2023-04-19 15:04:21,15758,15758,15758,2,0
2023-04-19 15:04:21,15758,15758,15758,2,0
2023-04-19 15:04:21,15758,15758,15758,2,0
2023-04-19 15:04:21,15757,15757,15757,4,-4
2023-04-19 15:04:21,15757,15757,15757,2,0
2023-04-19 15:04:21,15757,15757,15757,4,0
2023-04-19 15:04:21,15758,15758,15758,6,6
2023-04-19 15:04:22,15758,15758,15758,2,0
2023-04-19 15:04:22,15758,15758,15758,2,0
2023-04-19 15:04:29,15759,15759,15759,2,2
2023-04-19 15:04:30,15758,15758,15758,2,-2
2023-04-19 15:04:30,15758,15758,15758,2,0
2023-04-19 15:04:30,15758,15758,15758,4,0
2023-04-19 15:04:30,15758,15758,15758,2,0
2023-04-19 15:04:31,15758,15758,15758,2,0
2023-04-19 15:04:33,15759,15759,15759,2,2
2023-04-19 15:04:34,15758,15758,15758,2,-2
2023-04-19 15:04:35,15758,15758,15758,2,0
2023-04-19 15:04:35,15758,15758,15758,2,0
2023-04-19 15:04:36,15758,15758,15758,2,0
2023-04-19 15:04:38,15757,15757,15757,2,-2
2023-04-19 15:04:38,15757,15757,15757,2,0
2023-04-19 15:04:38,15757,15757,15757,2,0
2023-04-19 15:04:38,15757,15757,15757,2,0
2023-04-19 15:04:39,15758,15758,15758,2,2
2023-04-19 15:04:39,15758,15758,15758,2,0
2023-04-19 15:04:40,15759,15759,15759,2,2
2023-04-19 15:04:40,15758,15758,15758,2,-2
2023-04-19 15:04:42,15759,15759,15759,2,2
2023-04-19 15:04:42,15758,15758,15758,2,-2
2023-04-19 15:04:43,15758,15758,15758,2,0
2023-04-19 15:04:43,15758,15758,15758,2,0
2023-04-19 15:04:45,15758,15758,15758,2,0
2023-04-19 15:04:46,15759,15759,15759,2,2
2023-04-19 15:04:48,15758,15758,15758,4,-4
2023-04-19 15:04:49,15758,15758,15758,2,0
2023-04-19 15:04:50,15758,15758,15758,2,0
2023-04-19 15:04:50,15758,15758,15758,2,0
2023-04-19 15:04:50,15758,15758,15758,2,0
2023-04-19 15:04:54,15759,15759,15759,8,8
2023-04-19 15:04:54,15760,15760,15760,2,2
2023-04-19 15:04:55,15759,15759,15759,2,-2
2023-04-19 15:04:55,15759,15759,15759,2,0
2023-04-19 15:04:55,15758,15758,15758,2,-2
2023-04-19 15:05:00,15760,15760,15760,8,8
2023-04-19 15:05:00,15760,15760,15760,2,0
2023-04-19 15:05:00,15759,15759,15759,2,-2
2023-04-19 15:05:00,15759,15759,15759,2,0
2023-04-19 15:05:00,15759,15759,15759,2,0
2023-04-19 15:05:00,15759,15759,15759,2,0
2023-04-19 15:05:00,15759,15759,15759,8,0
2023-04-19 15:05:00,15759,15759,15759,4,0
2023-04-19 15:05:00,15759,15759,15759,4,0
2023-04-19 15:05:00,15759,15759,15759,2,0
2023-04-19 15:05:01,15759,15759,15759,2,0
2023-04-19 15:05:04,15760,15760,15760,4,4
2023-04-19 15:05:05,15761,15761,15761,8,8
2023-04-19 15:05:07,15761,15761,15761,2,0
2023-04-19 15:05:09,15762,15762,15762,2,2
2023-04-19 15:05:10,15762,15762,15762,2,0
2023-04-19 15:05:10,15763,15763,15763,2,2
2023-04-19 15:05:13,15761,15761,15761,2,-2
2023-04-19 15:05:13,15762,15762,15762,6,6
2023-04-19 15:05:17,15762,15762,15762,2,0
2023-04-19 15:05:18,15762,15762,15762,2,0
2023-04-19 15:05:20,15762,15762,15762,2,0
2023-04-19 15:05:22,15761,15761,15761,2,-2
2023-04-19 15:05:22,15761,15761,15761,2,0
2023-04-19 15:05:22,15761,15761,15761,2,0
2023-04-19 15:05:22,15761,15761,15761,2,0
2023-04-19 15:05:23,15762,15762,15762,4,4
2023-04-19 15:05:23,15762,15762,15762,4,0
2023-04-19 15:05:30,15761,15761,15761,2,-2
2023-04-19 15:05:34,15760,15760,15760,2,-2
2023-04-19 15:05:34,15760,15760,15760,4,0
2023-04-19 15:05:34,15760,15760,15760,2,0
2023-04-19 15:05:34,15761,15761,15761,4,4
2023-04-19 15:05:36,15761,15761,15761,2,0
2023-04-19 15:05:39,15761,15761,15761,2,0
2023-04-19 15:05:45,15760,15760,15760,2,-2
2023-04-19 15:05:45,15760,15760,15760,2,0
2023-04-19 15:05:45,15760,15760,15760,6,0
2023-04-19 15:05:46,15761,15761,15761,2,2
2023-04-19 15:05:49,15760,15760,15760,10,-10
2023-04-19 15:05:49,15760,15760,15760,2,0
2023-04-19 15:05:49,15760,15760,15760,2,0
2023-04-19 15:05:49,15760,15760,15760,2,0
2023-04-19 15:05:51,15761,15761,15761,6,6
2023-04-19 15:05:55,15759,15759,15759,2,-2
2023-04-19 15:05:57,15760,15760,15760,2,2
2023-04-19 15:06:00,15760,15760,15760,12,0
2023-04-19 15:06:01,15760,15760,15760,6,0
2023-04-19 15:06:04,15760,15760,15760,2,0
2023-04-19 15:06:04,15760,15760,15760,2,0
2023-04-19 15:06:04,15760,15760,15760,2,0
2023-04-19 15:06:04,15760,15760,15760,6,0
2023-04-19 15:06:06,15760,15760,15760,2,0
2023-04-19 15:06:07,15760,15760,15760,2,0
2023-04-19 15:06:07,15760,15760,15760,2,0
2023-04-19 15:06:08,15761,15761,15761,2,2
2023-04-19 15:06:09,15761,15761,15761,2,0
2023-04-19 15:06:10,15761,15761,15761,2,0
2023-04-19 15:06:11,15761,15761,15761,6,0
2023-04-19 15:06:11,15761,15761,15761,2,0
2023-04-19 15:06:11,15761,15761,15761,2,0
2023-04-19 15:06:12,15761,15761,15761,2,0
2023-04-19 15:06:16,15761,15761,15761,2,0
2023-04-19 15:06:17,15761,15761,15761,2,0
2023-04-19 15:06:19,15761,15761,15761,4,0
2023-04-19 15:06:20,15761,15761,15761,4,0
2023-04-19 15:06:20,15761,15761,15761,2,0
2023-04-19 15:06:21,15760,15760,15760,2,-2
2023-04-19 15:06:21,15760,15760,15760,4,0
2023-04-19 15:06:21,15760,15760,15760,2,0
2023-04-19 15:06:21,15760,15760,15760,2,0
2023-04-19 15:06:21,15760,15760,15760,2,0
2023-04-19 15:06:21,15760,15760,15760,2,0
2023-04-19 15:06:21,15760,15760,15760,4,0
2023-04-19 15:06:21,15760,15760,15760,2,0
2023-04-19 15:06:21,15759,15759,15759,6,-6
2023-04-19 15:06:23,15761,15761,15761,2,2
2023-04-19 15:06:23,15761,15761,15761,4,0
2023-04-19 15:06:28,15759,15759,15759,2,-2
2023-04-19 15:06:28,15759,15759,15759,2,0
2023-04-19 15:06:33,15760,15760,15760,2,2
2023-04-19 15:06:33,15760,15760,15760,6,0
2023-04-19 15:06:33,15760,15760,15760,4,0
2023-04-19 15:06:35,15761,15761,15761,12,12
2023-04-19 15:06:42,15762,15762,15762,34,34
2023-04-19 15:06:43,15761,15761,15761,2,-2
2023-04-19 15:06:43,15761,15761,15761,2,0
2023-04-19 15:06:43,15761,15761,15761,4,0
2023-04-19 15:06:48,15761,15761,15761,4,0
2023-04-19 15:06:48,15761,15761,15761,2,0
2023-04-19 15:06:48,15761,15761,15761,2,0
2023-04-19 15:06:50,15761,15761,15761,2,0
2023-04-19 15:06:50,15761,15761,15761,2,0
2023-04-19 15:06:56,15761,15761,15761,2,0
2023-04-19 15:07:00,15760,15760,15760,2,-2
2023-04-19 15:07:00,15761,15761,15761,2,2
2023-04-19 15:07:00,15760,15760,15760,2,-2
2023-04-19 15:07:01,15761,15761,15761,2,2
2023-04-19 15:07:02,15760,15760,15760,2,-2
2023-04-19 15:07:03,15760,15760,15760,2,0
2023-04-19 15:07:04,15760,15760,15760,2,0
2023-04-19 15:07:09,15760,15760,15760,2,0
2023-04-19 15:07:13,15761,15761,15761,8,8
2023-04-19 15:07:13,15761,15761,15761,10,0
2023-04-19 15:07:17,15761,15761,15761,2,0
2023-04-19 15:07:17,15761,15761,15761,2,0
2023-04-19 15:07:17,15760,15760,15760,2,-2
2023-04-19 15:07:19,15761,15761,15761,2,2
2023-04-19 15:07:19,15761,15761,15761,2,0
2023-04-19 15:07:19,15761,15761,15761,2,0
2023-04-19 15:07:20,15762,15762,15762,6,6
2023-04-19 15:07:20,15762,15762,15762,2,0
2023-04-19 15:07:21,15763,15763,15763,4,4
2023-04-19 15:07:21,15761,15761,15761,6,-6
2023-04-19 15:07:23,15762,15762,15762,2,2
2023-04-19 15:07:27,15762,15762,15762,2,0
2023-04-19 15:07:27,15762,15762,15762,2,0
2023-04-19 15:07:32,15761,15761,15761,4,-4
2023-04-19 15:07:32,15761,15761,15761,2,0
2023-04-19 15:07:32,15761,15761,15761,2,0
2023-04-19 15:07:34,15762,15762,15762,2,2
2023-04-19 15:07:35,15762,15762,15762,2,0
2023-04-19 15:07:35,15762,15762,15762,4,0
2023-04-19 15:07:35,15761,15761,15761,2,-2
2023-04-19 15:07:35,15761,15761,15761,2,0
2023-04-19 15:07:35,15761,15761,15761,4,0
2023-04-19 15:07:35,15761,15761,15761,4,0
2023-04-19 15:07:35,15761,15761,15761,2,0
2023-04-19 15:07:35,15761,15761,15761,2,0
2023-04-19 15:07:35,15761,15761,15761,2,0
2023-04-19 15:07:35,15761,15761,15761,2,0
2023-04-19 15:07:35,15761,15761,15761,6,0
2023-04-19 15:07:35,15761,15761,15761,4,0
2023-04-19 15:07:36,15761,15761,15761,2,0
2023-04-19 15:07:40,15762,15762,15762,2,2
2023-04-19 15:07:42,15762,15762,15762,2,0
2023-04-19 15:07:45,15762,15762,15762,2,0
2023-04-19 15:07:48,15762,15762,15762,2,0
2023-04-19 15:07:50,15762,15762,15762,2,0
2023-04-19 15:07:54,15762,15762,15762,2,0
2023-04-19 15:07:55,15762,15762,15762,2,0
2023-04-19 15:07:56,15762,15762,15762,2,0
2023-04-19 15:07:58,15762,15762,15762,2,0
2023-04-19 15:08:00,15763,15763,15763,2,2
2023-04-19 15:08:00,15763,15763,15763,28,0
2023-04-19 15:08:00,15763,15763,15763,2,0
2023-04-19 15:08:00,15763,15763,15763,2,0
2023-04-19 15:08:02,15762,15762,15762,2,-2
2023-04-19 15:08:03,15762,15762,15762,2,0
2023-04-19 15:08:03,15762,15762,15762,2,0
2023-04-19 15:08:03,15762,15762,15762,2,0
2023-04-19 15:08:05,15762,15762,15762,2,0
2023-04-19 15:08:05,15762,15762,15762,2,0
2023-04-19 15:08:05,15762,15762,15762,2,0
2023-04-19 15:08:05,15762,15762,15762,2,0
2023-04-19 15:08:05,15762,15762,15762,2,0
2023-04-19 15:08:05,15762,15762,15762,2,0
2023-04-19 15:08:05,15762,15762,15762,2,0
2023-04-19 15:08:10,15762,15762,15762,2,0
2023-04-19 15:08:11,15761,15761,15761,2,-2
2023-04-19 15:08:11,15761,15761,15761,2,0
2023-04-19 15:08:11,15761,15761,15761,2,0
2023-04-19 15:08:11,15761,15761,15761,2,0
2023-04-19 15:08:11,15761,15761,15761,2,0
2023-04-19 15:08:11,15761,15761,15761,2,0
2023-04-19 15:08:11,15761,15761,15761,2,0
2023-04-19 15:08:12,15760,15760,15760,2,-2
2023-04-19 15:08:12,15760,15760,15760,2,0
2023-04-19 15:08:12,15760,15760,15760,2,0
2023-04-19 15:08:12,15760,15760,15760,2,0
2023-04-19 15:08:12,15760,15760,15760,2,0
2023-04-19 15:08:12,15760,15760,15760,2,0
2023-04-19 15:08:12,15760,15760,15760,2,0
2023-04-19 15:08:12,15760,15760,15760,2,0
2023-04-19 15:08:12,15760,15760,15760,4,0
2023-04-19 15:08:12,15760,15760,15760,4,0
2023-04-19 15:08:12,15760,15760,15760,4,0
2023-04-19 15:08:12,15760,15760,15760,2,0
2023-04-19 15:08:12,15760,15760,15760,2,0
2023-04-19 15:08:13,15760,15760,15760,2,0
2023-04-19 15:08:14,15760,15760,15760,14,0
2023-04-19 15:08:14,15761,15761,15761,6,6
2023-04-19 15:08:25,15760,15760,15760,2,-2
2023-04-19 15:08:25,15760,15760,15760,2,0
2023-04-19 15:08:26,15761,15761,15761,2,2
2023-04-19 15:08:27,15760,15760,15760,2,-2
2023-04-19 15:08:27,15759,15759,15759,2,-2
2023-04-19 15:08:27,15759,15759,15759,2,0
2023-04-19 15:08:27,15759,15759,15759,2,0
2023-04-19 15:08:27,15759,15759,15759,2,0
2023-04-19 15:08:27,15759,15759,15759,2,0
2023-04-19 15:08:28,15759,15759,15759,2,0
2023-04-19 15:08:28,15759,15759,15759,2,0
2023-04-19 15:08:28,15759,15759,15759,2,0
2023-04-19 15:08:28,15759,15759,15759,2,0
2023-04-19 15:08:29,15759,15759,15759,2,0
2023-04-19 15:08:29,15760,15760,15760,2,2
2023-04-19 15:08:30,15760,15760,15760,2,0
2023-04-19 15:08:30,15760,15760,15760,2,0
2023-04-19 15:08:30,15760,15760,15760,2,0
2023-04-19 15:08:30,15760,15760,15760,2,0
2023-04-19 15:08:30,15760,15760,15760,2,0
2023-04-19 15:08:33,15759,15759,15759,6,-6
2023-04-19 15:08:33,15759,15759,15759,2,0
2023-04-19 15:08:33,15759,15759,15759,4,0
2023-04-19 15:08:33,15759,15759,15759,2,0
2023-04-19 15:08:33,15759,15759,15759,4,0
2023-04-19 15:08:33,15759,15759,15759,4,0
2023-04-19 15:08:33,15759,15759,15759,2,0
2023-04-19 15:08:34,15759,15759,15759,4,0
2023-04-19 15:08:35,15758,15758,15758,2,-2
2023-04-19 15:08:36,15759,15759,15759,2,2
2023-04-19 15:08:39,15758,15758,15758,2,-2
2023-04-19 15:08:39,15758,15758,15758,2,0
2023-04-19 15:08:39,15758,15758,15758,8,0
2023-04-19 15:08:39,15758,15758,15758,2,0
2023-04-19 15:08:39,15758,15758,15758,2,0
2023-04-19 15:08:39,15758,15758,15758,2,0
2023-04-19 15:08:39,15758,15758,15758,4,0
2023-04-19 15:08:39,15758,15758,15758,2,0
2023-04-19 15:08:39,15758,15758,15758,2,0
2023-04-19 15:08:39,15758,15758,15758,4,0
2023-04-19 15:08:39,15758,15758,15758,10,0
2023-04-19 15:08:39,15758,15758,15758,8,0
2023-04-19 15:08:39,15758,15758,15758,2,0
2023-04-19 15:08:39,15758,15758,15758,14,0
2023-04-19 15:08:39,15758,15758,15758,2,0
2023-04-19 15:08:39,15758,15758,15758,2,0
2023-04-19 15:08:39,15758,15758,15758,2,0
2023-04-19 15:08:40,15757,15757,15757,4,-4
2023-04-19 15:08:40,15757,15757,15757,2,0
2023-04-19 15:08:40,15757,15757,15757,2,0
2023-04-19 15:08:40,15757,15757,15757,2,0
2023-04-19 15:08:40,15757,15757,15757,2,0
2023-04-19 15:08:40,15757,15757,15757,2,0
2023-04-19 15:08:40,15757,15757,15757,2,0
2023-04-19 15:08:40,15757,15757,15757,2,0
2023-04-19 15:08:40,15757,15757,15757,2,0
2023-04-19 15:08:40,15757,15757,15757,2,0
2023-04-19 15:08:40,15757,15757,15757,10,0
2023-04-19 15:08:40,15757,15757,15757,2,0
2023-04-19 15:08:40,15757,15757,15757,2,0
2023-04-19 15:08:43,15757,15757,15757,2,0
2023-04-19 15:08:45,15757,15757,15757,2,0
2023-04-19 15:08:45,15757,15757,15757,2,0
2023-04-19 15:08:50,15757,15757,15757,2,0
2023-04-19 15:08:50,15757,15757,15757,2,0
2023-04-19 15:08:51,15757,15757,15757,2,0
2023-04-19 15:08:51,15757,15757,15757,2,0
2023-04-19 15:08:52,15756,15756,15756,2,-2
2023-04-19 15:08:52,15756,15756,15756,2,0
2023-04-19 15:08:52,15756,15756,15756,2,0
2023-04-19 15:08:54,15757,15757,15757,4,4
2023-04-19 15:08:55,15756,15756,15756,2,-2
2023-04-19 15:08:55,15756,15756,15756,2,0
2023-04-19 15:08:57,15756,15756,15756,2,0
2023-04-19 15:08:57,15756,15756,15756,4,0
2023-04-19 15:08:58,15756,15756,15756,2,0
2023-04-19 15:08:58,15757,15757,15757,2,2
2023-04-19 15:08:58,15757,15757,15757,2,0
2023-04-19 15:08:59,15756,15756,15756,4,-4
2023-04-19 15:08:59,15756,15756,15756,2,0
2023-04-19 15:08:59,15756,15756,15756,2,0
2023-04-19 15:08:59,15756,15756,15756,2,0
2023-04-19 15:08:59,15756,15756,15756,2,0
2023-04-19 15:08:59,15756,15756,15756,4,0
2023-04-19 15:08:59,15756,15756,15756,2,0
2023-04-19 15:08:59,15756,15756,15756,2,0
2023-04-19 15:08:59,15756,15756,15756,2,0
2023-04-19 15:08:59,15756,15756,15756,2,0
2023-04-19 15:08:59,15756,15756,15756,2,0
2023-04-19 15:08:59,15756,15756,15756,2,0
2023-04-19 15:08:59,15756,15756,15756,2,0
2023-04-19 15:08:59,15756,15756,15756,16,0
2023-04-19 15:08:59,15756,15756,15756,2,0
2023-04-19 15:08:59,15756,15756,15756,2,0
2023-04-19 15:08:59,15756,15756,15756,2,0
2023-04-19 15:08:59,15756,15756,15756,2,0
2023-04-19 15:09:00,15756,15756,15756,4,0
2023-04-19 15:09:00,15756,15756,15756,2,0
2023-04-19 15:09:00,15756,15756,15756,2,0
2023-04-19 15:09:00,15756,15756,15756,2,0
2023-04-19 15:09:03,15755,15755,15755,2,-2
2023-04-19 15:09:03,15755,15755,15755,2,0
2023-04-19 15:09:03,15755,15755,15755,2,0
2023-04-19 15:09:04,15755,15755,15755,10,0
2023-04-19 15:09:04,15755,15755,15755,2,0
2023-04-19 15:09:04,15756,15756,15756,2,2
2023-04-19 15:09:05,15756,15756,15756,2,0
2023-04-19 15:09:05,15755,15755,15755,2,-2
2023-04-19 15:09:06,15755,15755,15755,2,0
2023-04-19 15:09:07,15755,15755,15755,2,0
2023-04-19 15:09:07,15755,15755,15755,2,0
2023-04-19 15:09:07,15755,15755,15755,2,0
2023-04-19 15:09:07,15755,15755,15755,2,0
2023-04-19 15:09:08,15755,15755,15755,2,0
2023-04-19 15:09:08,15755,15755,15755,2,0
2023-04-19 15:09:12,15755,15755,15755,2,0
2023-04-19 15:09:12,15755,15755,15755,4,0
2023-04-19 15:09:15,15755,15755,15755,2,0
2023-04-19 15:09:15,15755,15755,15755,2,0
2023-04-19 15:09:17,15755,15755,15755,2,0
2023-04-19 15:09:17,15755,15755,15755,2,0
2023-04-19 15:09:17,15755,15755,15755,2,0
2023-04-19 15:09:17,15755,15755,15755,2,0
2023-04-19 15:09:18,15754,15754,15754,2,-2
2023-04-19 15:09:18,15754,15754,15754,2,0
2023-04-19 15:09:18,15755,15755,15755,2,2
2023-04-19 15:09:18,15754,15754,15754,2,-2
2023-04-19 15:09:18,15754,15754,15754,2,0
2023-04-19 15:09:18,15754,15754,15754,2,0
2023-04-19 15:09:19,15754,15754,15754,2,0
2023-04-19 15:09:19,15754,15754,15754,2,0
2023-04-19 15:09:19,15754,15754,15754,2,0
2023-04-19 15:09:19,15754,15754,15754,2,0
2023-04-19 15:09:19,15754,15754,15754,2,0
2023-04-19 15:09:20,15754,15754,15754,2,0
2023-04-19 15:09:20,15754,15754,15754,6,0
2023-04-19 15:09:20,15754,15754,15754,2,0
2023-04-19 15:09:20,15754,15754,15754,2,0
2023-04-19 15:09:20,15754,15754,15754,2,0
2023-04-19 15:09:20,15754,15754,15754,2,0
2023-04-19 15:09:20,15754,15754,15754,2,0
2023-04-19 15:09:22,15754,15754,15754,2,0
2023-04-19 15:09:23,15754,15754,15754,2,0
2023-04-19 15:09:25,15755,15755,15755,2,2
2023-04-19 15:09:28,15754,15754,15754,2,-2
2023-04-19 15:09:29,15755,15755,15755,10,10
2023-04-19 15:09:29,15754,15754,15754,2,-2
2023-04-19 15:09:30,15755,15755,15755,4,4
2023-04-19 15:09:33,15754,15754,15754,2,-2
2023-04-19 15:09:34,15754,15754,15754,2,0
2023-04-19 15:09:36,15755,15755,15755,2,2
2023-04-19 15:09:37,15755,15755,15755,4,0
2023-04-19 15:09:39,15755,15755,15755,2,0
2023-04-19 15:09:39,15755,15755,15755,2,0
2023-04-19 15:09:39,15755,15755,15755,6,0
2023-04-19 15:09:40,15755,15755,15755,2,0
2023-04-19 15:09:40,15755,15755,15755,2,0
2023-04-19 15:09:40,15755,15755,15755,2,0
2023-04-19 15:09:41,15755,15755,15755,2,0
2023-04-19 15:09:43,15755,15755,15755,2,0
2023-04-19 15:09:43,15756,15756,15756,2,2
2023-04-19 15:09:43,15755,15755,15755,2,-2
2023-04-19 15:09:45,15755,15755,15755,2,0
2023-04-19 15:09:46,15755,15755,15755,2,0
2023-04-19 15:09:53,15755,15755,15755,2,0
2023-04-19 15:10:00,15755,15755,15755,10,0
2023-04-19 15:10:00,15754,15754,15754,4,-4
2023-04-19 15:10:00,15754,15754,15754,2,0
2023-04-19 15:10:00,15756,15756,15756,2,2
2023-04-19 15:10:00,15754,15754,15754,2,-2
2023-04-19 15:10:00,15754,15754,15754,2,0
2023-04-19 15:10:00,15754,15754,15754,2,0
2023-04-19 15:10:00,15754,15754,15754,2,0
2023-04-19 15:10:00,15754,15754,15754,2,0
2023-04-19 15:10:00,15754,15754,15754,2,0
2023-04-19 15:10:00,15754,15754,15754,2,0
2023-04-19 15:10:00,15754,15754,15754,2,0
2023-04-19 15:10:00,15754,15754,15754,2,0
2023-04-19 15:10:00,15754,15754,15754,6,0
2023-04-19 15:10:05,15753,15753,15753,6,-6
2023-04-19 15:10:05,15753,15753,15753,2,0
2023-04-19 15:10:06,15755,15755,15755,16,16
2023-04-19 15:10:09,15755,15755,15755,4,0
2023-04-19 15:10:10,15755,15755,15755,2,0
2023-04-19 15:10:12,15754,15754,15754,2,-2
2023-04-19 15:10:13,15753,15753,15753,2,-2
2023-04-19 15:10:13,15753,15753,15753,2,0
2023-04-19 15:10:13,15753,15753,15753,2,0
2023-04-19 15:10:13,15753,15753,15753,2,0
2023-04-19 15:10:13,15753,15753,15753,2,0
2023-04-19 15:10:13,15753,15753,15753,2,0
2023-04-19 15:10:14,15753,15753,15753,2,0
2023-04-19 15:10:14,15753,15753,15753,2,0
2023-04-19 15:10:14,15753,15753,15753,2,0
2023-04-19 15:10:14,15753,15753,15753,2,0
2023-04-19 15:10:14,15753,15753,15753,2,0
2023-04-19 15:10:14,15753,15753,15753,2,0
2023-04-19 15:10:15,15753,15753,15753,2,0
2023-04-19 15:10:15,15753,15753,15753,2,0
2023-04-19 15:10:15,15753,15753,15753,2,0
2023-04-19 15:10:15,15753,15753,15753,2,0
2023-04-19 15:10:15,15753,15753,15753,2,0
2023-04-19 15:10:16,15753,15753,15753,2,0
2023-04-19 15:10:16,15753,15753,15753,2,0
2023-04-19 15:10:17,15753,15753,15753,2,0
2023-04-19 15:10:17,15753,15753,15753,2,0
2023-04-19 15:10:17,15753,15753,15753,2,0
2023-04-19 15:10:17,15752,15752,15752,2,-2
2023-04-19 15:10:18,15753,15753,15753,2,2
2023-04-19 15:10:22,15753,15753,15753,2,0
2023-04-19 15:10:23,15753,15753,15753,6,0
2023-04-19 15:10:25,15752,15752,15752,6,-6
2023-04-19 15:10:25,15752,15752,15752,2,0
2023-04-19 15:10:25,15752,15752,15752,2,0
2023-04-19 15:10:25,15752,15752,15752,2,0
2023-04-19 15:10:25,15752,15752,15752,2,0
2023-04-19 15:10:25,15752,15752,15752,4,0
2023-04-19 15:10:25,15752,15752,15752,4,0
2023-04-19 15:10:25,15752,15752,15752,8,0
2023-04-19 15:10:25,15752,15752,15752,2,0
2023-04-19 15:10:25,15752,15752,15752,2,0
2023-04-19 15:10:25,15752,15752,15752,4,0
2023-04-19 15:10:25,15752,15752,15752,2,0
2023-04-19 15:10:27,15752,15752,15752,2,0
2023-04-19 15:10:27,15752,15752,15752,2,0
2023-04-19 15:10:28,15752,15752,15752,2,0
2023-04-19 15:10:28,15753,15753,15753,2,2
2023-04-19 15:10:28,15753,15753,15753,2,0
2023-04-19 15:10:29,15752,15752,15752,2,-2
2023-04-19 15:10:29,15752,15752,15752,4,0
2023-04-19 15:10:29,15752,15752,15752,2,0
2023-04-19 15:10:30,15752,15752,15752,2,0
2023-04-19 15:10:31,15753,15753,15753,8,8
2023-04-19 15:10:31,15754,15754,15754,6,6
2023-04-19 15:10:31,15754,15754,15754,2,0
2023-04-19 15:10:31,15754,15754,15754,4,0
2023-04-19 15:10:32,15754,15754,15754,2,0
2023-04-19 15:10:32,15754,15754,15754,2,0
2023-04-19 15:10:32,15754,15754,15754,2,0
2023-04-19 15:10:33,15754,15754,15754,2,0
2023-04-19 15:10:33,15754,15754,15754,2,0
2023-04-19 15:10:33,15754,15754,15754,2,0
2023-04-19 15:10:33,15754,15754,15754,2,0
2023-04-19 15:10:33,15754,15754,15754,2,0
2023-04-19 15:10:33,15754,15754,15754,2,0
2023-04-19 15:10:34,15753,15753,15753,6,-6
2023-04-19 15:10:34,15753,15753,15753,2,0
2023-04-19 15:10:34,15753,15753,15753,2,0
2023-04-19 15:10:37,15755,15755,15755,2,2
2023-04-19 15:10:38,15755,15755,15755,2,0
2023-04-19 15:10:38,15753,15753,15753,2,-2
2023-04-19 15:10:40,15754,15754,15754,2,2
2023-04-19 15:10:41,15756,15756,15756,6,6
2023-04-19 15:10:41,15756,15756,15756,6,0
2023-04-19 15:10:41,15756,15756,15756,10,0
2023-04-19 15:10:41,15757,15757,15757,6,6
2023-04-19 15:10:45,15756,15756,15756,2,-2
2023-04-19 15:10:45,15757,15757,15757,6,6
2023-04-19 15:10:45,15757,15757,15757,6,0
2023-04-19 15:10:46,15757,15757,15757,6,0
2023-04-19 15:10:46,15757,15757,15757,12,0
2023-04-19 15:10:46,15758,15758,15758,6,6
2023-04-19 15:10:46,15756,15756,15756,4,-4
2023-04-19 15:10:46,15756,15756,15756,2,0
2023-04-19 15:10:46,15756,15756,15756,6,0
2023-04-19 15:10:46,15756,15756,15756,2,0
2023-04-19 15:10:46,15756,15756,15756,2,0
2023-04-19 15:10:46,15756,15756,15756,6,0
2023-04-19 15:10:46,15756,15756,15756,2,0
2023-04-19 15:10:46,15756,15756,15756,2,0
2023-04-19 15:10:46,15756,15756,15756,2,0
2023-04-19 15:10:46,15756,15756,15756,2,0
2023-04-19 15:10:46,15756,15756,15756,10,0
2023-04-19 15:10:47,15757,15757,15757,6,6
2023-04-19 15:10:50,15756,15756,15756,2,-2
2023-04-19 15:10:52,15756,15756,15756,4,0
2023-04-19 15:10:54,15755,15755,15755,2,-2
2023-04-19 15:10:54,15756,15756,15756,2,2
2023-04-19 15:10:55,15755,15755,15755,2,-2
2023-04-19 15:10:55,15755,15755,15755,2,0
2023-04-19 15:10:55,15754,15754,15754,2,-2
2023-04-19 15:11:00,15754,15754,15754,2,0
2023-04-19 15:11:02,15754,15754,15754,2,0
2023-04-19 15:11:09,15753,15753,15753,2,-2
2023-04-19 15:11:09,15754,15754,15754,6,6
2023-04-19 15:11:10,15753,15753,15753,2,-2
2023-04-19 15:11:12,15754,15754,15754,10,10
2023-04-19 15:11:12,15753,15753,15753,2,-2
2023-04-19 15:11:12,15753,15753,15753,2,0
2023-04-19 15:11:12,15753,15753,15753,2,0
2023-04-19 15:11:12,15754,15754,15754,2,2
2023-04-19 15:11:13,15753,15753,15753,2,-2
2023-04-19 15:11:15,15753,15753,15753,2,0
2023-04-19 15:11:15,15753,15753,15753,2,0
2023-04-19 15:11:18,15752,15752,15752,2,-2
2023-04-19 15:11:18,15752,15752,15752,2,0
2023-04-19 15:11:20,15752,15752,15752,2,0
2023-04-19 15:11:20,15752,15752,15752,2,0
2023-04-19 15:11:20,15752,15752,15752,2,0
2023-04-19 15:11:20,15752,15752,15752,2,0
2023-04-19 15:11:26,15752,15752,15752,2,0
2023-04-19 15:11:28,15752,15752,15752,2,0
2023-04-19 15:11:28,15752,15752,15752,4,0
2023-04-19 15:11:29,15752,15752,15752,2,0
2023-04-19 15:11:29,15751,15751,15751,2,-2
2023-04-19 15:11:30,15751,15751,15751,2,0
2023-04-19 15:11:30,15751,15751,15751,2,0
2023-04-19 15:11:30,15751,15751,15751,2,0
2023-04-19 15:11:30,15751,15751,15751,2,0
2023-04-19 15:11:30,15751,15751,15751,2,0
2023-04-19 15:11:30,15751,15751,15751,2,0
2023-04-19 15:11:32,15752,15752,15752,2,2
2023-04-19 15:11:33,15752,15752,15752,6,0
2023-04-19 15:11:35,15751,15751,15751,2,-2
2023-04-19 15:11:35,15751,15751,15751,2,0
2023-04-19 15:11:35,15751,15751,15751,2,0
2023-04-19 15:11:35,15751,15751,15751,4,0
2023-04-19 15:11:35,15751,15751,15751,2,0
2023-04-19 15:11:35,15751,15751,15751,2,0
2023-04-19 15:11:35,15751,15751,15751,2,0
2023-04-19 15:11:35,15751,15751,15751,2,0
2023-04-19 15:11:36,15751,15751,15751,8,0
2023-04-19 15:11:36,15752,15752,15752,20,20
2023-04-19 15:11:36,15752,15752,15752,2,0
2023-04-19 15:11:37,15752,15752,15752,2,0
2023-04-19 15:11:39,15752,15752,15752,2,0
2023-04-19 15:11:41,15752,15752,15752,2,0
2023-04-19 15:11:41,15752,15752,15752,2,0
2023-04-19 15:11:44,15753,15753,15753,2,2
2023-04-19 15:11:44,15753,15753,15753,4,0
2023-04-19 15:11:46,15753,15753,15753,2,0
2023-04-19 15:11:51,15753,15753,15753,2,0
2023-04-19 15:11:52,15752,15752,15752,2,-2
2023-04-19 15:11:57,15754,15754,15754,10,10
2023-04-19 15:12:00,15755,15755,15755,2,2
2023-04-19 15:12:01,15754,15754,15754,2,-2
2023-04-19 15:12:01,15753,15753,15753,2,-2
2023-04-19 15:12:01,15753,15753,15753,2,0
2023-04-19 15:12:03,15753,15753,15753,2,0
2023-04-19 15:12:06,15754,15754,15754,2,2
2023-04-19 15:12:06,15755,15755,15755,2,2
2023-04-19 15:12:07,15755,15755,15755,8,0
2023-04-19 15:12:07,15755,15755,15755,2,0
2023-04-19 15:12:07,15755,15755,15755,2,0
2023-04-19 15:12:07,15755,15755,15755,4,0
2023-04-19 15:12:11,15754,15754,15754,2,-2
2023-04-19 15:12:12,15755,15755,15755,4,4
2023-04-19 15:12:20,15755,15755,15755,2,0
2023-04-19 15:12:23,15755,15755,15755,2,0
2023-04-19 15:12:25,15754,15754,15754,2,-2
2023-04-19 15:12:25,15754,15754,15754,2,0
2023-04-19 15:12:28,15754,15754,15754,2,0
2023-04-19 15:12:29,15753,15753,15753,2,-2
2023-04-19 15:12:30,15754,15754,15754,2,2
2023-04-19 15:12:31,15753,15753,15753,2,-2
2023-04-19 15:12:37,15753,15753,15753,2,0
2023-04-19 15:12:39,15753,15753,15753,2,0
2023-04-19 15:12:39,15753,15753,15753,2,0
2023-04-19 15:12:39,15753,15753,15753,2,0
2023-04-19 15:12:39,15753,15753,15753,2,0
2023-04-19 15:12:39,15753,15753,15753,2,0
2023-04-19 15:12:40,15753,15753,15753,2,0
2023-04-19 15:12:42,15753,15753,15753,2,0
2023-04-19 15:12:42,15753,15753,15753,2,0
2023-04-19 15:12:53,15754,15754,15754,2,2
2023-04-19 15:12:53,15753,15753,15753,2,-2
2023-04-19 15:12:54,15753,15753,15753,2,0
2023-04-19 15:12:54,15753,15753,15753,6,0
2023-04-19 15:12:54,15753,15753,15753,2,0
2023-04-19 15:12:55,15754,15754,15754,2,2
2023-04-19 15:12:58,15754,15754,15754,2,0
2023-04-19 15:12:58,15753,15753,15753,2,-2
2023-04-19 15:12:59,15754,15754,15754,14,14
2023-04-19 15:13:00,15755,15755,15755,10,10
2023-04-19 15:13:00,15755,15755,15755,26,0
2023-04-19 15:13:00,15755,15755,15755,6,0
2023-04-19 15:13:00,15755,15755,15755,2,0
2023-04-19 15:13:00,15756,15756,15756,2,2
2023-04-19 15:13:02,15756,15756,15756,2,0
2023-04-19 15:13:07,15756,15756,15756,2,0
2023-04-19 15:13:14,15755,15755,15755,2,-2
2023-04-19 15:13:16,15756,15756,15756,2,2
2023-04-19 15:13:17,15755,15755,15755,2,-2
2023-04-19 15:13:17,15755,15755,15755,2,0
2023-04-19 15:13:17,15756,15756,15756,10,10
2023-04-19 15:13:18,15756,15756,15756,2,0
2023-04-19 15:13:18,15756,15756,15756,2,0
2023-04-19 15:13:22,15757,15757,15757,22,22
2023-04-19 15:13:22,15757,15757,15757,2,0
2023-04-19 15:13:24,15756,15756,15756,2,-2
2023-04-19 15:13:24,15756,15756,15756,2,0
2023-04-19 15:13:26,15757,15757,15757,2,2
2023-04-19 15:13:27,15757,15757,15757,2,0
2023-04-19 15:13:30,15757,15757,15757,2,0
2023-04-19 15:13:35,15757,15757,15757,2,0
2023-04-19 15:13:35,15757,15757,15757,2,0
2023-04-19 15:13:35,15757,15757,15757,2,0
2023-04-19 15:13:37,15758,15758,15758,2,2
2023-04-19 15:13:38,15757,15757,15757,2,-2
2023-04-19 15:13:38,15757,15757,15757,2,0
2023-04-19 15:13:38,15757,15757,15757,2,0
2023-04-19 15:13:38,15756,15756,15756,2,-2
2023-04-19 15:13:38,15758,15758,15758,2,2
2023-04-19 15:13:42,15756,15756,15756,2,-2
2023-04-19 15:13:42,15756,15756,15756,2,0
2023-04-19 15:13:43,15757,15757,15757,4,4
2023-04-19 15:13:48,15756,15756,15756,2,-2
2023-04-19 15:13:48,15756,15756,15756,2,0
2023-04-19 15:13:48,15756,15756,15756,2,0
2023-04-19 15:14:00,15756,15756,15756,2,0
2023-04-19 15:14:00,15756,15756,15756,6,0
2023-04-19 15:14:01,15755,15755,15755,2,-2
2023-04-19 15:14:01,15755,15755,15755,6,0
2023-04-19 15:14:01,15754,15754,15754,2,-2
2023-04-19 15:14:06,15755,15755,15755,2,2
2023-04-19 15:14:13,15755,15755,15755,2,0
2023-04-19 15:14:18,15755,15755,15755,2,0
2023-04-19 15:14:21,15756,15756,15756,2,2
2023-04-19 15:14:28,15755,15755,15755,4,-4
2023-04-19 15:14:28,15755,15755,15755,2,0
2023-04-19 15:14:29,15756,15756,15756,2,2
2023-04-19 15:14:32,15756,15756,15756,2,0
2023-04-19 15:14:32,15755,15755,15755,2,-2
2023-04-19 15:14:34,15755,15755,15755,2,0
2023-04-19 15:14:34,15755,15755,15755,2,0
2023-04-19 15:14:34,15755,15755,15755,2,0
2023-04-19 15:14:34,15755,15755,15755,4,0
2023-04-19 15:14:34,15755,15755,15755,2,0
2023-04-19 15:14:34,15755,15755,15755,2,0
2023-04-19 15:14:36,15755,15755,15755,2,0
2023-04-19 15:14:37,15755,15755,15755,2,0
2023-04-19 15:14:40,15755,15755,15755,2,0
2023-04-19 15:14:44,15754,15754,15754,2,-2
2023-04-19 15:14:44,15754,15754,15754,2,0
2023-04-19 15:14:48,15754,15754,15754,12,0
2023-04-19 15:14:48,15754,15754,15754,2,0
2023-04-19 15:14:48,15754,15754,15754,6,0
2023-04-19 15:14:48,15754,15754,15754,2,0
2023-04-19 15:14:48,15754,15754,15754,20,0
2023-04-19 15:14:48,15754,15754,15754,2,0
2023-04-19 15:14:50,15754,15754,15754,2,0
2023-04-19 15:14:53,15754,15754,15754,2,0
2023-04-19 15:14:54,15754,15754,15754,2,0
2023-04-19 15:14:57,15754,15754,15754,2,0
2023-04-19 15:14:57,15754,15754,15754,8,0
2023-04-19 15:14:57,15754,15754,15754,2,0
2023-04-19 15:14:58,15754,15754,15754,2,0
2023-04-19 15:15:00,15755,15755,15755,28,28
2023-04-19 15:15:00,15756,15756,15756,2,2
2023-04-19 15:15:00,15755,15755,15755,2,-2
2023-04-19 15:15:00,15755,15755,15755,2,0
2023-04-19 15:15:01,15755,15755,15755,2,0
2023-04-19 15:15:02,15756,15756,15756,8,8
2023-04-19 15:15:02,15755,15755,15755,2,-2
2023-04-19 15:15:02,15755,15755,15755,6,0
2023-04-19 15:15:02,15755,15755,15755,2,0
2023-04-19 15:15:02,15755,15755,15755,2,0
2023-04-19 15:15:08,15756,15756,15756,4,4
2023-04-19 15:15:09,15755,15755,15755,2,-2
2023-04-19 15:15:09,15755,15755,15755,4,0
2023-04-19 15:15:09,15756,15756,15756,2,2
2023-04-19 15:15:13,15755,15755,15755,10,-10
2023-04-19 15:15:13,15756,15756,15756,18,18
2023-04-19 15:15:16,15755,15755,15755,2,-2
2023-04-19 15:15:16,15754,15754,15754,2,-2
2023-04-19 15:15:16,15754,15754,15754,2,0
2023-04-19 15:15:25,15755,15755,15755,4,4
2023-04-19 15:15:25,15755,15755,15755,2,0
2023-04-19 15:15:25,15755,15755,15755,2,0
2023-04-19 15:15:30,15755,15755,15755,2,0
2023-04-19 15:15:30,15755,15755,15755,2,0
2023-04-19 15:15:30,15755,15755,15755,4,0
2023-04-19 15:15:32,15755,15755,15755,2,0
2023-04-19 15:15:32,15756,15756,15756,2,2
2023-04-19 15:15:32,15756,15756,15756,2,0
2023-04-19 15:15:32,15757,15757,15757,2,2
2023-04-19 15:15:34,15756,15756,15756,2,-2
2023-04-19 15:15:36,15756,15756,15756,6,0
2023-04-19 15:15:36,15756,15756,15756,2,0
2023-04-19 15:15:37,15756,15756,15756,6,0
2023-04-19 15:15:38,15756,15756,15756,2,0
2023-04-19 15:15:39,15757,15757,15757,6,6
2023-04-19 15:15:39,15757,15757,15757,2,0
2023-04-19 15:15:40,15758,15758,15758,4,4
2023-04-19 15:15:40,15757,15757,15757,2,-2
2023-04-19 15:15:42,15757,15757,15757,2,0
2023-04-19 15:15:46,15757,15757,15757,2,0
2023-04-19 15:15:47,15758,15758,15758,14,14
2023-04-19 15:15:48,15758,15758,15758,2,0
2023-04-19 15:15:49,15758,15758,15758,2,0
2023-04-19 15:15:50,15759,15759,15759,2,2
2023-04-19 15:15:51,15758,15758,15758,2,-2
2023-04-19 15:15:54,15758,15758,15758,4,0
2023-04-19 15:15:54,15758,15758,15758,4,0
2023-04-19 15:15:59,15759,15759,15759,2,2
2023-04-19 15:16:00,15759,15759,15759,2,0
2023-04-19 15:16:00,15759,15759,15759,4,0
2023-04-19 15:16:00,15759,15759,15759,10,0
2023-04-19 15:16:01,15760,15760,15760,70,70
2023-04-19 15:16:01,15761,15761,15761,2,2
2023-04-19 15:16:01,15761,15761,15761,16,0
2023-04-19 15:16:03,15762,15762,15762,2,2
2023-04-19 15:16:06,15762,15762,15762,2,0
2023-04-19 15:16:08,15762,15762,15762,2,0
2023-04-19 15:16:09,15762,15762,15762,2,0
2023-04-19 15:16:09,15762,15762,15762,14,0
2023-04-19 15:16:09,15762,15762,15762,2,0
2023-04-19 15:16:10,15761,15761,15761,2,-2
2023-04-19 15:16:10,15761,15761,15761,2,0
2023-04-19 15:16:12,15761,15761,15761,2,0
2023-04-19 15:16:13,15762,15762,15762,4,4
2023-04-19 15:16:14,15762,15762,15762,4,0
2023-04-19 15:16:15,15763,15763,15763,2,2
2023-04-19 15:16:15,15763,15763,15763,2,0
2023-04-19 15:16:16,15762,15762,15762,2,-2
2023-04-19 15:16:16,15762,15762,15762,2,0
2023-04-19 15:16:16,15762,15762,15762,2,0
2023-04-19 15:16:16,15762,15762,15762,2,0
2023-04-19 15:16:16,15762,15762,15762,4,0
2023-04-19 15:16:18,15763,15763,15763,2,2
2023-04-19 15:16:18,15763,15763,15763,30,0
2023-04-19 15:16:18,15763,15763,15763,2,0
2023-04-19 15:16:19,15764,15764,15764,6,6
2023-04-19 15:16:19,15763,15763,15763,2,-2
2023-04-19 15:16:19,15763,15763,15763,2,0
2023-04-19 15:16:20,15764,15764,15764,4,4
2023-04-19 15:16:20,15764,15764,15764,2,0
2023-04-19 15:16:20,15764,15764,15764,4,0
2023-04-19 15:16:21,15764,15764,15764,4,0
2023-04-19 15:16:21,15764,15764,15764,6,0
2023-04-19 15:16:21,15764,15764,15764,4,0
2023-04-19 15:16:25,15764,15764,15764,2,0
2023-04-19 15:16:26,15764,15764,15764,4,0
2023-04-19 15:16:28,15763,15763,15763,2,-2
2023-04-19 15:16:29,15763,15763,15763,2,0
2023-04-19 15:16:29,15763,15763,15763,4,0
2023-04-19 15:16:34,15763,15763,15763,2,0
2023-04-19 15:16:34,15763,15763,15763,2,0
2023-04-19 15:16:35,15763,15763,15763,2,0
2023-04-19 15:16:36,15763,15763,15763,2,0
2023-04-19 15:16:40,15764,15764,15764,8,8
2023-04-19 15:16:40,15763,15763,15763,2,-2
2023-04-19 15:16:41,15762,15762,15762,2,-2
2023-04-19 15:16:41,15762,15762,15762,2,0
2023-04-19 15:16:41,15763,15763,15763,2,2
2023-04-19 15:16:45,15762,15762,15762,2,-2
2023-04-19 15:16:46,15763,15763,15763,8,8
2023-04-19 15:16:51,15763,15763,15763,2,0
2023-04-19 15:16:52,15763,15763,15763,2,0
2023-04-19 15:16:53,15763,15763,15763,4,0
2023-04-19 15:16:56,15763,15763,15763,8,0
2023-04-19 15:16:56,15763,15763,15763,2,0
2023-04-19 15:17:00,15763,15763,15763,2,0
2023-04-19 15:17:03,15763,15763,15763,2,0
2023-04-19 15:17:07,15763,15763,15763,2,0
2023-04-19 15:17:12,15763,15763,15763,6,0
2023-04-19 15:17:14,15762,15762,15762,2,-2
2023-04-19 15:17:14,15762,15762,15762,2,0
2023-04-19 15:17:14,15762,15762,15762,2,0
2023-04-19 15:17:14,15762,15762,15762,2,0
2023-04-19 15:17:14,15762,15762,15762,4,0
2023-04-19 15:17:14,15762,15762,15762,2,0
2023-04-19 15:17:21,15762,15762,15762,6,0
2023-04-19 15:17:21,15763,15763,15763,34,34
2023-04-19 15:17:26,15762,15762,15762,2,-2
2023-04-19 15:17:26,15762,15762,15762,2,0
2023-04-19 15:17:28,15762,15762,15762,2,0
2023-04-19 15:17:34,15762,15762,15762,2,0
2023-04-19 15:17:44,15763,15763,15763,2,2
2023-04-19 15:17:46,15763,15763,15763,2,0
2023-04-19 15:17:46,15762,15762,15762,2,-2
2023-04-19 15:17:47,15763,15763,15763,4,4
2023-04-19 15:17:51,15763,15763,15763,4,0
2023-04-19 15:17:51,15762,15762,15762,2,-2
2023-04-19 15:17:55,15763,15763,15763,2,2
2023-04-19 15:17:56,15763,15763,15763,2,0
2023-04-19 15:17:58,15763,15763,15763,4,0
2023-04-19 15:17:59,15762,15762,15762,2,-2
2023-04-19 15:18:00,15763,15763,15763,2,2
2023-04-19 15:18:00,15763,15763,15763,4,0
2023-04-19 15:18:00,15763,15763,15763,2,0
2023-04-19 15:18:03,15763,15763,15763,2,0
2023-04-19 15:18:04,15763,15763,15763,2,0
2023-04-19 15:18:04,15763,15763,15763,2,0
2023-04-19 15:18:04,15763,15763,15763,8,0
2023-04-19 15:18:04,15763,15763,15763,4,0
2023-04-19 15:18:04,15763,15763,15763,6,0
2023-04-19 15:18:04,15763,15763,15763,6,0
2023-04-19 15:18:04,15763,15763,15763,2,0
2023-04-19 15:18:04,15763,15763,15763,2,0
2023-04-19 15:18:06,15763,15763,15763,2,0
2023-04-19 15:18:06,15763,15763,15763,2,0
2023-04-19 15:18:07,15763,15763,15763,2,0
2023-04-19 15:18:07,15763,15763,15763,2,0
2023-04-19 15:18:10,15763,15763,15763,2,0
2023-04-19 15:18:13,15763,15763,15763,2,0
2023-04-19 15:18:16,15764,15764,15764,2,2
2023-04-19 15:18:17,15763,15763,15763,2,-2
2023-04-19 15:18:18,15764,15764,15764,2,2
2023-04-19 15:18:19,15763,15763,15763,2,-2
2023-04-19 15:18:21,15764,15764,15764,4,4
2023-04-19 15:18:21,15764,15764,15764,20,0
2023-04-19 15:18:21,15764,15764,15764,12,0
2023-04-19 15:18:23,15764,15764,15764,2,0
2023-04-19 15:18:23,15764,15764,15764,2,0
2023-04-19 15:18:23,15764,15764,15764,2,0
2023-04-19 15:18:23,15764,15764,15764,4,0
2023-04-19 15:18:26,15764,15764,15764,2,0
2023-04-19 15:18:28,15764,15764,15764,2,0
2023-04-19 15:18:30,15764,15764,15764,2,0
2023-04-19 15:18:30,15764,15764,15764,6,0
2023-04-19 15:18:35,15763,15763,15763,16,-16
2023-04-19 15:18:35,15763,15763,15763,2,0
2023-04-19 15:18:35,15763,15763,15763,2,0
2023-04-19 15:18:35,15763,15763,15763,2,0
2023-04-19 15:18:35,15763,15763,15763,2,0
2023-04-19 15:18:35,15763,15763,15763,4,0
2023-04-19 15:18:35,15763,15763,15763,2,0
2023-04-19 15:18:36,15762,15762,15762,2,-2
2023-04-19 15:18:36,15762,15762,15762,4,0
2023-04-19 15:18:36,15762,15762,15762,4,0
2023-04-19 15:18:36,15762,15762,15762,2,0
2023-04-19 15:18:36,15762,15762,15762,2,0
2023-04-19 15:18:36,15762,15762,15762,2,0
2023-04-19 15:18:36,15762,15762,15762,4,0
2023-04-19 15:18:36,15762,15762,15762,2,0
2023-04-19 15:18:36,15762,15762,15762,4,0
2023-04-19 15:18:36,15762,15762,15762,4,0
2023-04-19 15:18:38,15763,15763,15763,2,2
2023-04-19 15:18:38,15763,15763,15763,2,0
2023-04-19 15:18:47,15761,15761,15761,2,-2
2023-04-19 15:18:47,15761,15761,15761,2,0
2023-04-19 15:18:52,15761,15761,15761,2,0
2023-04-19 15:18:56,15762,15762,15762,2,2
2023-04-19 15:18:56,15761,15761,15761,4,-4
2023-04-19 15:19:00,15762,15762,15762,2,2
2023-04-19 15:19:00,15763,15763,15763,2,2
2023-04-19 15:19:01,15761,15761,15761,2,-2
2023-04-19 15:19:01,15761,15761,15761,2,0
2023-04-19 15:19:06,15763,15763,15763,4,4
2023-04-19 15:19:06,15763,15763,15763,4,0
2023-04-19 15:19:07,15762,15762,15762,2,-2
2023-04-19 15:19:14,15762,15762,15762,36,0
2023-04-19 15:19:19,15763,15763,15763,2,2
2023-04-19 15:19:21,15762,15762,15762,2,-2
2023-04-19 15:19:21,15763,15763,15763,8,8
2023-04-19 15:19:21,15762,15762,15762,2,-2
2023-04-19 15:19:26,15762,15762,15762,4,0
2023-04-19 15:19:28,15762,15762,15762,2,0
2023-04-19 15:19:32,15762,15762,15762,4,0
2023-04-19 15:19:33,15762,15762,15762,2,0
2023-04-19 15:19:36,15761,15761,15761,2,-2
2023-04-19 15:19:36,15761,15761,15761,2,0
2023-04-19 15:19:36,15761,15761,15761,2,0
2023-04-19 15:19:36,15761,15761,15761,2,0
2023-04-19 15:19:37,15761,15761,15761,2,0
2023-04-19 15:19:37,15761,15761,15761,2,0
2023-04-19 15:19:40,15761,15761,15761,2,0
2023-04-19 15:19:41,15762,15762,15762,2,2
2023-04-19 15:19:51,15761,15761,15761,4,-4
2023-04-19 15:19:51,15761,15761,15761,2,0
2023-04-19 15:19:51,15761,15761,15761,2,0
2023-04-19 15:19:51,15761,15761,15761,2,0
2023-04-19 15:19:54,15761,15761,15761,2,0
2023-04-19 15:19:59,15761,15761,15761,4,0
2023-04-19 15:20:00,15761,15761,15761,4,0
2023-04-19 15:20:00,15761,15761,15761,2,0
2023-04-19 15:20:05,15760,15760,15760,2,-2
2023-04-19 15:20:06,15761,15761,15761,2,2
2023-04-19 15:20:17,15762,15762,15762,2,2
2023-04-19 15:20:27,15761,15761,15761,2,-2
2023-04-19 15:20:29,15762,15762,15762,2,2
2023-04-19 15:20:41,15761,15761,15761,2,-2
2023-04-19 15:20:42,15761,15761,15761,2,0
2023-04-19 15:20:44,15762,15762,15762,2,2
2023-04-19 15:20:44,15762,15762,15762,10,0
2023-04-19 15:20:44,15762,15762,15762,2,0
2023-04-19 15:20:45,15763,15763,15763,4,4
2023-04-19 15:20:46,15763,15763,15763,2,0
2023-04-19 15:20:46,15763,15763,15763,2,0
2023-04-19 15:20:46,15763,15763,15763,2,0
2023-04-19 15:20:48,15764,15764,15764,14,14
2023-04-19 15:20:48,15764,15764,15764,4,0
2023-04-19 15:20:48,15764,15764,15764,4,0
2023-04-19 15:20:48,15764,15764,15764,6,0
2023-04-19 15:20:49,15764,15764,15764,6,0
2023-04-19 15:20:50,15764,15764,15764,2,0
2023-04-19 15:20:50,15763,15763,15763,4,-4
2023-04-19 15:21:00,15764,15764,15764,4,4
2023-04-19 15:21:00,15764,15764,15764,4,0
2023-04-19 15:21:00,15764,15764,15764,2,0
2023-04-19 15:21:00,15765,15765,15765,2,2
2023-04-19 15:21:01,15765,15765,15765,2,0
2023-04-19 15:21:02,15765,15765,15765,2,0
2023-04-19 15:21:03,15765,15765,15765,4,0
2023-04-19 15:21:05,15765,15765,15765,2,0
2023-04-19 15:21:06,15765,15765,15765,16,0
2023-04-19 15:21:06,15765,15765,15765,8,0
2023-04-19 15:21:08,15765,15765,15765,2,0
2023-04-19 15:21:09,15764,15764,15764,2,-2
2023-04-19 15:21:09,15764,15764,15764,2,0
2023-04-19 15:21:12,15765,15765,15765,2,2
2023-04-19 15:21:16,15765,15765,15765,20,0
2023-04-19 15:21:16,15765,15765,15765,4,0
2023-04-19 15:21:16,15765,15765,15765,2,0
2023-04-19 15:21:16,15765,15765,15765,2,0
2023-04-19 15:21:20,15765,15765,15765,4,0
2023-04-19 15:21:20,15765,15765,15765,2,0
2023-04-19 15:21:20,15765,15765,15765,8,0
2023-04-19 15:21:21,15765,15765,15765,8,0
2023-04-19 15:21:23,15765,15765,15765,2,0
2023-04-19 15:21:26,15765,15765,15765,4,0
2023-04-19 15:21:28,15765,15765,15765,2,0
2023-04-19 15:21:31,15765,15765,15765,2,0
2023-04-19 15:21:32,15765,15765,15765,2,0
2023-04-19 15:21:34,15765,15765,15765,2,0
2023-04-19 15:21:35,15765,15765,15765,2,0
2023-04-19 15:21:36,15765,15765,15765,2,0
2023-04-19 15:21:36,15765,15765,15765,2,0
2023-04-19 15:21:36,15764,15764,15764,2,-2
2023-04-19 15:21:39,15765,15765,15765,2,2
2023-04-19 15:21:39,15764,15764,15764,2,-2
2023-04-19 15:21:42,15764,15764,15764,2,0
2023-04-19 15:21:47,15764,15764,15764,2,0
2023-04-19 15:21:48,15764,15764,15764,2,0
2023-04-19 15:21:52,15763,15763,15763,2,-2
2023-04-19 15:21:52,15763,15763,15763,2,0
2023-04-19 15:21:55,15763,15763,15763,2,0
2023-04-19 15:21:57,15763,15763,15763,2,0
2023-04-19 15:21:57,15764,15764,15764,2,2
2023-04-19 15:21:58,15763,15763,15763,2,-2
2023-04-19 15:22:00,15763,15763,15763,2,0
2023-04-19 15:22:00,15763,15763,15763,2,0
2023-04-19 15:22:02,15764,15764,15764,8,8
2023-04-19 15:22:06,15763,15763,15763,2,-2
2023-04-19 15:22:06,15764,15764,15764,2,2
2023-04-19 15:22:06,15764,15764,15764,6,0
2023-04-19 15:22:07,15762,15762,15762,2,-2
2023-04-19 15:22:13,15764,15764,15764,4,4
2023-04-19 15:22:13,15764,15764,15764,2,0
2023-04-19 15:22:14,15764,15764,15764,2,0
2023-04-19 15:22:14,15764,15764,15764,2,0
2023-04-19 15:22:16,15764,15764,15764,2,0
2023-04-19 15:22:16,15763,15763,15763,2,-2
2023-04-19 15:22:16,15763,15763,15763,6,0
2023-04-19 15:22:16,15763,15763,15763,4,0
2023-04-19 15:22:20,15763,15763,15763,2,0
2023-04-19 15:22:21,15764,15764,15764,2,2
2023-04-19 15:22:21,15763,15763,15763,2,-2
2023-04-19 15:22:21,15762,15762,15762,2,-2
2023-04-19 15:22:22,15764,15764,15764,4,4
2023-04-19 15:22:25,15764,15764,15764,14,0
2023-04-19 15:22:26,15764,15764,15764,2,0
2023-04-19 15:22:40,15765,15765,15765,4,4
2023-04-19 15:22:41,15765,15765,15765,14,0
2023-04-19 15:22:41,15765,15765,15765,14,0
2023-04-19 15:22:41,15765,15765,15765,12,0
2023-04-19 15:22:41,15765,15765,15765,2,0
2023-04-19 15:22:44,15765,15765,15765,2,0
2023-04-19 15:22:49,15765,15765,15765,2,0
2023-04-19 15:22:49,15765,15765,15765,2,0
2023-04-19 15:22:51,15766,15766,15766,2,2
2023-04-19 15:22:57,15765,15765,15765,2,-2
2023-04-19 15:22:57,15765,15765,15765,2,0
2023-04-19 15:23:00,15766,15766,15766,2,2
2023-04-19 15:23:00,15765,15765,15765,2,-2
2023-04-19 15:23:01,15764,15764,15764,2,-2
2023-04-19 15:23:02,15765,15765,15765,2,2
2023-04-19 15:23:07,15766,15766,15766,2,2
2023-04-19 15:23:13,15765,15765,15765,22,-22
2023-04-19 15:23:16,15766,15766,15766,2,2
2023-04-19 15:23:20,15766,15766,15766,2,0
2023-04-19 15:23:21,15766,15766,15766,6,0
2023-04-19 15:23:21,15765,15765,15765,2,-2
2023-04-19 15:23:40,15766,15766,15766,2,2
2023-04-19 15:23:41,15765,15765,15765,2,-2
2023-04-19 15:23:45,15766,15766,15766,2,2
2023-04-19 15:23:47,15765,15765,15765,2,-2
2023-04-19 15:23:56,15766,15766,15766,2,2
2023-04-19 15:24:00,15766,15766,15766,4,0
2023-04-19 15:24:00,15766,15766,15766,2,0
2023-04-19 15:24:12,15766,15766,15766,8,0
2023-04-19 15:24:23,15765,15765,15765,2,-2
2023-04-19 15:24:24,15766,15766,15766,4,4
2023-04-19 15:24:25,15765,15765,15765,2,-2
2023-04-19 15:24:34,15766,15766,15766,2,2
2023-04-19 15:24:34,15765,15765,15765,2,-2
2023-04-19 15:24:35,15766,15766,15766,12,12
2023-04-19 15:24:37,15766,15766,15766,2,0
2023-04-19 15:24:37,15766,15766,15766,2,0
2023-04-19 15:24:37,15766,15766,15766,12,0
2023-04-19 15:24:38,15767,15767,15767,2,2
2023-04-19 15:24:38,15767,15767,15767,2,0
2023-04-19 15:24:38,15766,15766,15766,2,-2
2023-04-19 15:24:40,15766,15766,15766,2,0
2023-04-19 15:24:42,15766,15766,15766,2,0
2023-04-19 15:24:44,15767,15767,15767,18,18
2023-04-19 15:24:45,15767,15767,15767,4,0
2023-04-19 15:24:47,15766,15766,15766,2,-2
2023-04-19 15:24:47,15767,15767,15767,2,2
2023-04-19 15:24:50,15766,15766,15766,2,-2
2023-04-19 15:24:50,15766,15766,15766,2,0
2023-04-19 15:24:51,15766,15766,15766,2,0
2023-04-19 15:24:53,15765,15765,15765,2,-2
2023-04-19 15:24:53,15765,15765,15765,4,0
2023-04-19 15:24:53,15765,15765,15765,4,0
2023-04-19 15:24:53,15765,15765,15765,16,0
2023-04-19 15:24:53,15765,15765,15765,2,0
2023-04-19 15:24:53,15765,15765,15765,4,0
2023-04-19 15:24:53,15765,15765,15765,4,0
2023-04-19 15:24:53,15765,15765,15765,2,0
2023-04-19 15:24:53,15765,15765,15765,2,0
2023-04-19 15:24:53,15765,15765,15765,2,0
2023-04-19 15:24:53,15765,15765,15765,2,0
2023-04-19 15:24:53,15765,15765,15765,2,0
2023-04-19 15:24:53,15765,15765,15765,2,0
2023-04-19 15:24:53,15765,15765,15765,2,0
2023-04-19 15:24:53,15765,15765,15765,2,0
2023-04-19 15:24:53,15764,15764,15764,2,-2
2023-04-19 15:24:53,15764,15764,15764,2,0
2023-04-19 15:24:53,15764,15764,15764,2,0
2023-04-19 15:24:53,15764,15764,15764,2,0
2023-04-19 15:24:53,15764,15764,15764,4,0
2023-04-19 15:24:53,15764,15764,15764,6,0
2023-04-19 15:24:53,15764,15764,15764,2,0
2023-04-19 15:24:55,15765,15765,15765,2,2
2023-04-19 15:25:00,15765,15765,15765,2,0
2023-04-19 15:25:01,15764,15764,15764,2,-2
2023-04-19 15:25:03,15765,15765,15765,6,6
2023-04-19 15:25:04,15764,15764,15764,2,-2
2023-04-19 15:25:14,15764,15764,15764,2,0
2023-04-19 15:25:14,15764,15764,15764,2,0
2023-04-19 15:25:20,15764,15764,15764,2,0
2023-04-19 15:25:31,15763,15763,15763,4,-4
2023-04-19 15:25:31,15763,15763,15763,2,0
2023-04-19 15:25:31,15763,15763,15763,2,0
2023-04-19 15:25:31,15762,15762,15762,2,-2
2023-04-19 15:25:36,15762,15762,15762,2,0
2023-04-19 15:25:46,15763,15763,15763,2,2
2023-04-19 15:25:46,15763,15763,15763,2,0
2023-04-19 15:25:50,15764,15764,15764,2,2
2023-04-19 15:25:53,15763,15763,15763,2,-2
2023-04-19 15:26:00,15763,15763,15763,2,0
2023-04-19 15:26:00,15764,15764,15764,2,2
2023-04-19 15:26:26,15764,15764,15764,2,0
2023-04-19 15:26:27,15763,15763,15763,2,-2
2023-04-19 15:26:31,15763,15763,15763,2,0
2023-04-19 15:26:31,15763,15763,15763,4,0
2023-04-19 15:26:31,15763,15763,15763,2,0
2023-04-19 15:26:31,15763,15763,15763,2,0
2023-04-19 15:26:31,15763,15763,15763,2,0
2023-04-19 15:26:31,15763,15763,15763,2,0
2023-04-19 15:26:31,15763,15763,15763,4,0
2023-04-19 15:26:46,15762,15762,15762,2,-2
2023-04-19 15:26:46,15762,15762,15762,2,0
2023-04-19 15:26:50,15763,15763,15763,2,2
2023-04-19 15:27:00,15763,15763,15763,2,0
2023-04-19 15:27:13,15763,15763,15763,2,0
2023-04-19 15:27:15,15762,15762,15762,12,-12
2023-04-19 15:27:28,15763,15763,15763,2,2
2023-04-19 15:28:00,15763,15763,15763,2,0
2023-04-19 15:28:00,15763,15763,15763,20,0
2023-04-19 15:28:14,15764,15764,15764,2,2
2023-04-19 15:28:21,15763,15763,15763,2,-2
2023-04-19 15:28:21,15763,15763,15763,2,0
2023-04-19 15:28:29,15763,15763,15763,2,0
2023-04-19 15:28:33,15763,15763,15763,2,0
2023-04-19 15:28:35,15763,15763,15763,2,0
2023-04-19 15:28:37,15763,15763,15763,10,0
2023-04-19 15:28:42,15763,15763,15763,2,0
2023-04-19 15:28:43,15763,15763,15763,2,0
2023-04-19 15:28:45,15763,15763,15763,2,0
2023-04-19 15:28:45,15763,15763,15763,4,0
2023-04-19 15:28:51,15763,15763,15763,2,0
2023-04-19 15:28:54,15764,15764,15764,2,2
2023-04-19 15:28:54,15764,15764,15764,2,0
2023-04-19 15:28:54,15764,15764,15764,2,0
2023-04-19 15:29:00,15764,15764,15764,2,0
2023-04-19 15:29:07,15763,15763,15763,2,-2
2023-04-19 15:29:14,15762,15762,15762,2,-2
2023-04-19 15:29:14,15763,15763,15763,2,2
2023-04-19 15:29:24,15763,15763,15763,6,0
2023-04-19 15:29:24,15763,15763,15763,2,0
2023-04-19 15:29:24,15763,15763,15763,2,0
2023-04-19 15:29:33,15763,15763,15763,2,0
2023-04-19 15:29:35,15762,15762,15762,10,-10
2023-04-19 15:29:35,15762,15762,15762,2,0
2023-04-19 15:29:35,15762,15762,15762,2,0
2023-04-19 15:29:35,15762,15762,15762,2,0
2023-04-19 15:29:35,15762,15762,15762,2,0
2023-04-19 15:29:35,15762,15762,15762,2,0
2023-04-19 15:29:35,15762,15762,15762,12,0
2023-04-19 15:29:35,15762,15762,15762,2,0
2023-04-19 15:29:35,15762,15762,15762,2,0
2023-04-19 15:29:41,15762,15762,15762,2,0
2023-04-19 15:29:41,15761,15761,15761,2,-2
2023-04-19 15:29:41,15761,15761,15761,2,0
2023-04-19 15:29:46,15761,15761,15761,2,0
2023-04-19 15:29:50,15761,15761,15761,2,0
2023-04-19 15:29:58,15761,15761,15761,2,0
2023-04-19 15:30:00,15762,15762,15762,6,6
2023-04-19 15:30:00,15762,15762,15762,2,0
2023-04-19 15:30:00,15761,15761,15761,2,-2
2023-04-19 15:30:00,15761,15761,15761,2,0
2023-04-19 15:30:01,15761,15761,15761,2,0
2023-04-19 15:30:01,15761,15761,15761,2,0
2023-04-19 15:30:01,15762,15762,15762,4,4
2023-04-19 15:30:02,15761,15761,15761,2,-2
2023-04-19 15:30:02,15761,15761,15761,2,0
2023-04-19 15:30:02,15761,15761,15761,2,0
2023-04-19 15:30:05,15761,15761,15761,2,0
2023-04-19 15:30:05,15761,15761,15761,2,0
2023-04-19 15:30:17,15761,15761,15761,2,0
2023-04-19 15:30:31,15762,15762,15762,8,8
2023-04-19 15:30:35,15762,15762,15762,2,0
2023-04-19 15:30:45,15763,15763,15763,8,8
2023-04-19 15:30:45,15763,15763,15763,2,0
2023-04-19 15:30:51,15762,15762,15762,2,-2
2023-04-19 15:30:51,15762,15762,15762,2,0
2023-04-19 15:30:55,15763,15763,15763,8,8
2023-04-19 15:31:00,15764,15764,15764,2,2
2023-04-19 15:31:01,15763,15763,15763,2,-2
2023-04-19 15:31:05,15764,15764,15764,4,4
2023-04-19 15:31:06,15764,15764,15764,2,0
2023-04-19 15:31:08,15764,15764,15764,2,0
2023-04-19 15:31:18,15763,15763,15763,6,-6
2023-04-19 15:31:21,15763,15763,15763,4,0
2023-04-19 15:31:21,15763,15763,15763,2,0
2023-04-19 15:31:21,15763,15763,15763,2,0
2023-04-19 15:31:21,15763,15763,15763,10,0
2023-04-19 15:31:31,15763,15763,15763,2,0
2023-04-19 15:31:41,15763,15763,15763,4,0
2023-04-19 15:31:52,15762,15762,15762,26,-26
2023-04-19 15:31:52,15761,15761,15761,2,-2
2023-04-19 15:31:52,15761,15761,15761,2,0
2023-04-19 15:31:55,15761,15761,15761,2,0
2023-04-19 15:31:55,15761,15761,15761,2,0
2023-04-19 15:31:59,15761,15761,15761,2,0
2023-04-19 15:32:00,15761,15761,15761,2,0
2023-04-19 15:32:05,15761,15761,15761,2,0
2023-04-19 15:32:09,15760,15760,15760,2,-2
2023-04-19 15:32:14,15761,15761,15761,2,2
2023-04-19 15:32:14,15760,15760,15760,2,-2
2023-04-19 15:32:14,15760,15760,15760,6,0
2023-04-19 15:32:14,15760,15760,15760,4,0
2023-04-19 15:32:14,15760,15760,15760,4,0
2023-04-19 15:32:14,15760,15760,15760,10,0
2023-04-19 15:32:14,15760,15760,15760,2,0
2023-04-19 15:32:14,15760,15760,15760,2,0
2023-04-19 15:32:14,15760,15760,15760,2,0
2023-04-19 15:32:14,15760,15760,15760,2,0
2023-04-19 15:32:14,15760,15760,15760,2,0
2023-04-19 15:32:14,15760,15760,15760,2,0
2023-04-19 15:32:14,15760,15760,15760,2,0
2023-04-19 15:32:14,15760,15760,15760,14,0
2023-04-19 15:32:14,15760,15760,15760,2,0
2023-04-19 15:32:14,15760,15760,15760,4,0
2023-04-19 15:32:14,15760,15760,15760,2,0
2023-04-19 15:32:14,15760,15760,15760,2,0
2023-04-19 15:32:14,15760,15760,15760,2,0
2023-04-19 15:32:14,15760,15760,15760,2,0
2023-04-19 15:32:14,15760,15760,15760,2,0
2023-04-19 15:32:14,15760,15760,15760,2,0
2023-04-19 15:32:14,15760,15760,15760,2,0
2023-04-19 15:32:14,15759,15759,15759,2,-2
2023-04-19 15:32:14,15759,15759,15759,2,0
2023-04-19 15:32:14,15759,15759,15759,2,0
2023-04-19 15:32:14,15759,15759,15759,2,0
2023-04-19 15:32:14,15759,15759,15759,2,0
2023-04-19 15:32:15,15759,15759,15759,2,0
2023-04-19 15:32:15,15759,15759,15759,14,0
2023-04-19 15:32:15,15759,15759,15759,2,0
2023-04-19 15:32:15,15759,15759,15759,4,0
2023-04-19 15:32:15,15758,15758,15758,4,-4
2023-04-19 15:32:15,15758,15758,15758,2,0
2023-04-19 15:32:15,15758,15758,15758,2,0
2023-04-19 15:32:19,15758,15758,15758,4,0
2023-04-19 15:32:20,15758,15758,15758,4,0
2023-04-19 15:32:24,15758,15758,15758,2,0
2023-04-19 15:32:25,15758,15758,15758,2,0
2023-04-19 15:32:25,15758,15758,15758,2,0
2023-04-19 15:32:26,15758,15758,15758,2,0
2023-04-19 15:32:26,15758,15758,15758,2,0
2023-04-19 15:32:28,15758,15758,15758,2,0
2023-04-19 15:32:39,15758,15758,15758,2,0
2023-04-19 15:32:41,15758,15758,15758,2,0
2023-04-19 15:32:41,15758,15758,15758,2,0
2023-04-19 15:32:41,15758,15758,15758,2,0
2023-04-19 15:32:41,15758,15758,15758,6,0
2023-04-19 15:32:41,15758,15758,15758,6,0
2023-04-19 15:32:41,15758,15758,15758,2,0
2023-04-19 15:32:41,15758,15758,15758,2,0
2023-04-19 15:32:41,15758,15758,15758,2,0
2023-04-19 15:32:41,15758,15758,15758,2,0
2023-04-19 15:32:42,15758,15758,15758,2,0
2023-04-19 15:32:44,15758,15758,15758,2,0
2023-04-19 15:32:44,15758,15758,15758,12,0
2023-04-19 15:32:44,15758,15758,15758,2,0
2023-04-19 15:32:44,15759,15759,15759,8,8
2023-04-19 15:32:46,15758,15758,15758,2,-2
2023-04-19 15:32:46,15758,15758,15758,4,0
2023-04-19 15:32:47,15758,15758,15758,2,0
2023-04-19 15:32:48,15759,15759,15759,2,2
2023-04-19 15:32:56,15759,15759,15759,2,0
2023-04-19 15:32:57,15759,15759,15759,2,0
2023-04-19 15:32:57,15759,15759,15759,2,0
2023-04-19 15:32:57,15758,15758,15758,2,-2
2023-04-19 15:32:58,15759,15759,15759,2,2
2023-04-19 15:32:59,15759,15759,15759,2,0
2023-04-19 15:33:01,15758,15758,15758,2,-2
2023-04-19 15:33:10,15758,15758,15758,4,0
2023-04-19 15:33:11,15758,15758,15758,2,0
2023-04-19 15:33:18,15758,15758,15758,2,0
2023-04-19 15:33:20,15759,15759,15759,2,2
2023-04-19 15:33:30,15759,15759,15759,26,0
2023-04-19 15:33:39,15758,15758,15758,2,-2
2023-04-19 15:33:50,15758,15758,15758,2,0
2023-04-19 15:33:56,15758,15758,15758,2,0
2023-04-19 15:34:00,15759,15759,15759,2,2
2023-04-19 15:34:07,15759,15759,15759,4,0
2023-04-19 15:34:10,15758,15758,15758,2,-2
2023-04-19 15:34:10,15758,15758,15758,2,0
2023-04-19 15:34:10,15758,15758,15758,2,0
2023-04-19 15:34:10,15758,15758,15758,2,0
2023-04-19 15:34:10,15758,15758,15758,2,0
2023-04-19 15:34:10,15758,15758,15758,2,0
2023-04-19 15:34:10,15758,15758,15758,2,0
2023-04-19 15:34:10,15758,15758,15758,2,0
2023-04-19 15:34:10,15758,15758,15758,2,0
2023-04-19 15:34:10,15758,15758,15758,4,0
2023-04-19 15:34:10,15758,15758,15758,2,0
2023-04-19 15:34:10,15758,15758,15758,2,0
2023-04-19 15:34:23,15758,15758,15758,2,0
2023-04-19 15:34:38,15758,15758,15758,12,0
2023-04-19 15:34:40,15758,15758,15758,2,0
2023-04-19 15:34:40,15758,15758,15758,2,0
2023-04-19 15:34:42,15758,15758,15758,2,0
2023-04-19 15:34:45,15758,15758,15758,4,0
2023-04-19 15:34:46,15757,15757,15757,2,-2
2023-04-19 15:34:46,15757,15757,15757,2,0
2023-04-19 15:34:46,15757,15757,15757,2,0
2023-04-19 15:34:46,15757,15757,15757,2,0
2023-04-19 15:34:46,15757,15757,15757,2,0
2023-04-19 15:34:46,15757,15757,15757,2,0
2023-04-19 15:34:46,15757,15757,15757,2,0
2023-04-19 15:34:46,15757,15757,15757,2,0
2023-04-19 15:34:46,15757,15757,15757,2,0
2023-04-19 15:34:46,15757,15757,15757,2,0
2023-04-19 15:34:46,15757,15757,15757,2,0
2023-04-19 15:34:46,15757,15757,15757,2,0
2023-04-19 15:34:46,15757,15757,15757,12,0
2023-04-19 15:34:46,15757,15757,15757,24,0
2023-04-19 15:34:48,15756,15756,15756,4,-4
2023-04-19 15:34:49,15756,15756,15756,2,0
2023-04-19 15:34:49,15756,15756,15756,2,0
2023-04-19 15:34:50,15757,15757,15757,2,2
2023-04-19 15:34:52,15757,15757,15757,2,0
2023-04-19 15:34:53,15756,15756,15756,2,-2
2023-04-19 15:34:53,15756,15756,15756,2,0
2023-04-19 15:34:53,15756,15756,15756,2,0
2023-04-19 15:34:53,15756,15756,15756,2,0
2023-04-19 15:34:54,15756,15756,15756,2,0
2023-04-19 15:34:54,15756,15756,15756,2,0
2023-04-19 15:34:54,15756,15756,15756,2,0
2023-04-19 15:34:54,15756,15756,15756,2,0
2023-04-19 15:34:55,15756,15756,15756,2,0
2023-04-19 15:34:56,15756,15756,15756,2,0
2023-04-19 15:34:57,15755,15755,15755,2,-2
2023-04-19 15:34:58,15756,15756,15756,2,2
2023-04-19 15:34:59,15758,15758,15758,2,2
2023-04-19 15:35:00,15758,15758,15758,2,0
2023-04-19 15:35:00,15756,15756,15756,2,-2
2023-04-19 15:35:00,15756,15756,15756,2,0
2023-04-19 15:35:01,15757,15757,15757,2,2
2023-04-19 15:35:07,15757,15757,15757,2,0
2023-04-19 15:35:13,15756,15756,15756,2,-2
2023-04-19 15:35:28,15757,15757,15757,2,2
2023-04-19 15:35:45,15756,15756,15756,2,-2
2023-04-19 15:35:45,15756,15756,15756,2,0
2023-04-19 15:35:45,15757,15757,15757,2,2
2023-04-19 15:35:54,15757,15757,15757,2,0
2023-04-19 15:36:00,15757,15757,15757,2,0
2023-04-19 15:36:01,15757,15757,15757,2,0
2023-04-19 15:36:02,15756,15756,15756,2,-2
2023-04-19 15:36:08,15756,15756,15756,2,0
2023-04-19 15:36:08,15756,15756,15756,2,0
2023-04-19 15:36:10,15757,15757,15757,4,4
2023-04-19 15:36:16,15756,15756,15756,2,-2
2023-04-19 15:36:20,15756,15756,15756,2,0
2023-04-19 15:36:20,15756,15756,15756,2,0
2023-04-19 15:36:20,15756,15756,15756,2,0
2023-04-19 15:36:20,15756,15756,15756,4,0
2023-04-19 15:36:20,15756,15756,15756,2,0
2023-04-19 15:36:20,15756,15756,15756,2,0
2023-04-19 15:36:25,15756,15756,15756,2,0
2023-04-19 15:36:25,15756,15756,15756,4,0
2023-04-19 15:36:31,15755,15755,15755,2,-2
2023-04-19 15:36:31,15755,15755,15755,2,0
2023-04-19 15:36:31,15755,15755,15755,2,0
2023-04-19 15:36:40,15755,15755,15755,2,0
2023-04-19 15:36:41,15756,15756,15756,4,4
2023-04-19 15:36:45,15755,15755,15755,2,-2
2023-04-19 15:36:45,15755,15755,15755,6,0
2023-04-19 15:36:45,15755,15755,15755,2,0
2023-04-19 15:36:45,15755,15755,15755,4,0
2023-04-19 15:36:45,15755,15755,15755,2,0
2023-04-19 15:36:45,15755,15755,15755,2,0
2023-04-19 15:36:46,15756,15756,15756,2,2
2023-04-19 15:36:50,15755,15755,15755,2,-2
2023-04-19 15:36:50,15755,15755,15755,2,0
2023-04-19 15:36:50,15755,15755,15755,8,0
2023-04-19 15:36:50,15755,15755,15755,2,0
2023-04-19 15:36:50,15755,15755,15755,2,0
2023-04-19 15:36:51,15756,15756,15756,2,2
2023-04-19 15:36:57,15755,15755,15755,2,-2
2023-04-19 15:37:00,15755,15755,15755,2,0
2023-04-19 15:37:01,15755,15755,15755,2,0
2023-04-19 15:37:04,15754,15754,15754,2,-2
2023-04-19 15:37:04,15755,15755,15755,4,4
2023-04-19 15:37:05,15754,15754,15754,2,-2
2023-04-19 15:37:05,15755,15755,15755,2,2
2023-04-19 15:37:13,15755,15755,15755,2,0
2023-04-19 15:37:14,15754,15754,15754,2,-2
2023-04-19 15:37:14,15754,15754,15754,2,0
2023-04-19 15:37:14,15754,15754,15754,4,0
2023-04-19 15:37:14,15754,15754,15754,2,0
2023-04-19 15:37:17,15754,15754,15754,2,0
2023-04-19 15:37:17,15754,15754,15754,2,0
2023-04-19 15:37:17,15754,15754,15754,2,0
2023-04-19 15:37:17,15754,15754,15754,2,0
2023-04-19 15:37:17,15754,15754,15754,2,0
2023-04-19 15:37:17,15754,15754,15754,2,0
2023-04-19 15:37:17,15754,15754,15754,10,0
2023-04-19 15:37:17,15754,15754,15754,4,0
2023-04-19 15:37:17,15754,15754,15754,8,0
2023-04-19 15:37:18,15754,15754,15754,2,0
2023-04-19 15:37:20,15754,15754,15754,2,0
2023-04-19 15:37:20,15753,15753,15753,4,-4
2023-04-19 15:37:20,15754,15754,15754,20,20
2023-04-19 15:37:23,15753,15753,15753,2,-2
2023-04-19 15:37:24,15754,15754,15754,2,2
2023-04-19 15:37:24,15754,15754,15754,4,0
2023-04-19 15:37:25,15753,15753,15753,4,-4
2023-04-19 15:37:25,15754,15754,15754,2,2
2023-04-19 15:37:25,15753,15753,15753,8,-8
2023-04-19 15:37:25,15753,15753,15753,2,0
2023-04-19 15:37:25,15753,15753,15753,2,0
2023-04-19 15:37:25,15753,15753,15753,4,0
2023-04-19 15:37:25,15753,15753,15753,2,0
2023-04-19 15:37:25,15753,15753,15753,6,0
2023-04-19 15:37:25,15753,15753,15753,2,0
2023-04-19 15:37:25,15753,15753,15753,2,0
2023-04-19 15:37:25,15753,15753,15753,2,0
2023-04-19 15:37:25,15753,15753,15753,6,0
2023-04-19 15:37:26,15753,15753,15753,2,0
2023-04-19 15:37:30,15753,15753,15753,2,0
2023-04-19 15:37:30,15753,15753,15753,2,0
2023-04-19 15:37:32,15753,15753,15753,2,0
2023-04-19 15:37:32,15753,15753,15753,4,0
2023-04-19 15:37:32,15753,15753,15753,8,0
2023-04-19 15:37:32,15753,15753,15753,2,0
2023-04-19 15:37:32,15753,15753,15753,4,0
2023-04-19 15:37:32,15753,15753,15753,4,0
2023-04-19 15:37:36,15752,15752,15752,2,-2
2023-04-19 15:37:36,15752,15752,15752,2,0
2023-04-19 15:37:36,15752,15752,15752,4,0
2023-04-19 15:37:36,15752,15752,15752,2,0
2023-04-19 15:37:36,15752,15752,15752,2,0
2023-04-19 15:37:36,15752,15752,15752,4,0
2023-04-19 15:37:36,15752,15752,15752,2,0
2023-04-19 15:37:36,15752,15752,15752,2,0
2023-04-19 15:37:36,15752,15752,15752,18,0
2023-04-19 15:37:36,15752,15752,15752,2,0
2023-04-19 15:37:36,15752,15752,15752,2,0
2023-04-19 15:37:36,15752,15752,15752,2,0
2023-04-19 15:37:36,15752,15752,15752,2,0
2023-04-19 15:37:36,15752,15752,15752,2,0
2023-04-19 15:37:36,15752,15752,15752,2,0
2023-04-19 15:37:36,15752,15752,15752,2,0
2023-04-19 15:37:38,15751,15751,15751,2,-2
2023-04-19 15:37:38,15751,15751,15751,2,0
2023-04-19 15:37:38,15751,15751,15751,2,0
2023-04-19 15:37:38,15751,15751,15751,2,0
2023-04-19 15:37:38,15751,15751,15751,2,0
2023-04-19 15:37:38,15751,15751,15751,2,0
2023-04-19 15:37:38,15751,15751,15751,2,0
2023-04-19 15:37:38,15751,15751,15751,2,0
2023-04-19 15:37:38,15751,15751,15751,2,0
2023-04-19 15:37:38,15751,15751,15751,2,0
2023-04-19 15:37:40,15751,15751,15751,2,0
2023-04-19 15:37:40,15751,15751,15751,2,0
2023-04-19 15:37:40,15751,15751,15751,2,0
2023-04-19 15:37:41,15751,15751,15751,2,0
2023-04-19 15:37:42,15752,15752,15752,2,2
2023-04-19 15:37:42,15751,15751,15751,4,-4
2023-04-19 15:37:42,15751,15751,15751,2,0
2023-04-19 15:37:43,15751,15751,15751,2,0
2023-04-19 15:37:44,15752,15752,15752,2,2
2023-04-19 15:37:53,15752,15752,15752,4,0
2023-04-19 15:37:55,15753,15753,15753,2,2
2023-04-19 15:38:00,15753,15753,15753,2,0
2023-04-19 15:38:02,15752,15752,15752,2,-2
2023-04-19 15:38:03,15752,15752,15752,2,0
2023-04-19 15:38:06,15752,15752,15752,4,0
2023-04-19 15:38:10,15751,15751,15751,2,-2
2023-04-19 15:38:10,15751,15751,15751,4,0
2023-04-19 15:38:10,15751,15751,15751,2,0
2023-04-19 15:38:10,15751,15751,15751,2,0
2023-04-19 15:38:13,15751,15751,15751,2,0
2023-04-19 15:38:13,15750,15750,15750,2,-2
2023-04-19 15:38:13,15750,15750,15750,2,0
2023-04-19 15:38:13,15750,15750,15750,2,0
2023-04-19 15:38:13,15750,15750,15750,2,0
2023-04-19 15:38:13,15750,15750,15750,2,0
2023-04-19 15:38:13,15750,15750,15750,2,0
2023-04-19 15:38:13,15750,15750,15750,2,0
2023-04-19 15:38:13,15750,15750,15750,2,0
2023-04-19 15:38:13,15750,15750,15750,8,0
2023-04-19 15:38:13,15750,15750,15750,2,0
2023-04-19 15:38:13,15750,15750,15750,2,0
2023-04-19 15:38:13,15750,15750,15750,4,0
2023-04-19 15:38:13,15750,15750,15750,2,0
2023-04-19 15:38:13,15750,15750,15750,2,0
2023-04-19 15:38:13,15750,15750,15750,2,0
2023-04-19 15:38:13,15750,15750,15750,2,0
2023-04-19 15:38:13,15750,15750,15750,2,0
2023-04-19 15:38:13,15750,15750,15750,2,0
2023-04-19 15:38:13,15750,15750,15750,2,0
2023-04-19 15:38:13,15750,15750,15750,2,0
2023-04-19 15:38:13,15750,15750,15750,2,0
2023-04-19 15:38:13,15750,15750,15750,4,0
2023-04-19 15:38:13,15750,15750,15750,2,0
2023-04-19 15:38:13,15750,15750,15750,2,0
2023-04-19 15:38:13,15750,15750,15750,2,0
2023-04-19 15:38:13,15750,15750,15750,2,0
2023-04-19 15:38:13,15750,15750,15750,4,0
2023-04-19 15:38:13,15750,15750,15750,2,0
2023-04-19 15:38:13,15750,15750,15750,2,0
2023-04-19 15:38:13,15750,15750,15750,2,0
2023-04-19 15:38:13,15750,15750,15750,4,0
2023-04-19 15:38:13,15750,15750,15750,2,0
2023-04-19 15:38:13,15750,15750,15750,2,0
2023-04-19 15:38:13,15750,15750,15750,4,0
2023-04-19 15:38:13,15750,15750,15750,6,0
2023-04-19 15:38:13,15750,15750,15750,2,0
2023-04-19 15:38:13,15750,15750,15750,2,0
2023-04-19 15:38:13,15750,15750,15750,2,0
2023-04-19 15:38:13,15750,15750,15750,6,0
2023-04-19 15:38:13,15750,15750,15750,2,0
2023-04-19 15:38:13,15750,15750,15750,2,0
2023-04-19 15:38:13,15750,15750,15750,2,0
2023-04-19 15:38:13,15750,15750,15750,4,0
2023-04-19 15:38:13,15750,15750,15750,2,0
2023-04-19 15:38:13,15750,15750,15750,2,0
2023-04-19 15:38:13,15750,15750,15750,2,0
2023-04-19 15:38:13,15750,15750,15750,2,0
2023-04-19 15:38:13,15750,15750,15750,2,0
2023-04-19 15:38:13,15750,15750,15750,4,0
2023-04-19 15:38:13,15750,15750,15750,2,0
2023-04-19 15:38:13,15750,15750,15750,2,0
2023-04-19 15:38:13,15750,15750,15750,2,0
2023-04-19 15:38:13,15750,15750,15750,2,0
2023-04-19 15:38:13,15750,15750,15750,2,0
2023-04-19 15:38:13,15750,15750,15750,2,0
2023-04-19 15:38:13,15750,15750,15750,4,0
2023-04-19 15:38:13,15750,15750,15750,4,0
2023-04-19 15:38:13,15750,15750,15750,4,0
2023-04-19 15:38:13,15750,15750,15750,2,0
2023-04-19 15:38:13,15749,15749,15749,2,-2
2023-04-19 15:38:13,15749,15749,15749,2,0
2023-04-19 15:38:13,15749,15749,15749,4,0
2023-04-19 15:38:13,15749,15749,15749,6,0
2023-04-19 15:38:13,15749,15749,15749,2,0
2023-04-19 15:38:13,15749,15749,15749,2,0
2023-04-19 15:38:13,15748,15748,15748,4,-4
2023-04-19 15:38:13,15748,15748,15748,2,0
2023-04-19 15:38:13,15748,15748,15748,2,0
2023-04-19 15:38:13,15748,15748,15748,2,0
2023-04-19 15:38:13,15748,15748,15748,2,0
2023-04-19 15:38:13,15748,15748,15748,4,0
2023-04-19 15:38:13,15748,15748,15748,4,0
2023-04-19 15:38:13,15748,15748,15748,2,0
2023-04-19 15:38:13,15748,15748,15748,2,0
2023-04-19 15:38:13,15748,15748,15748,2,0
2023-04-19 15:38:13,15748,15748,15748,2,0
2023-04-19 15:38:13,15748,15748,15748,2,0
2023-04-19 15:38:13,15748,15748,15748,4,0
2023-04-19 15:38:13,15748,15748,15748,2,0
2023-04-19 15:38:13,15748,15748,15748,2,0
2023-04-19 15:38:13,15748,15748,15748,2,0
2023-04-19 15:38:13,15748,15748,15748,2,0
2023-04-19 15:38:13,15748,15748,15748,2,0
2023-04-19 15:38:13,15748,15748,15748,2,0
2023-04-19 15:38:13,15748,15748,15748,2,0
2023-04-19 15:38:13,15748,15748,15748,2,0
2023-04-19 15:38:13,15748,15748,15748,2,0
2023-04-19 15:38:13,15747,15747,15747,2,-2
2023-04-19 15:38:13,15747,15747,15747,2,0
2023-04-19 15:38:13,15747,15747,15747,2,0
2023-04-19 15:38:13,15747,15747,15747,2,0
2023-04-19 15:38:13,15747,15747,15747,6,0
2023-04-19 15:38:13,15747,15747,15747,2,0
2023-04-19 15:38:13,15747,15747,15747,2,0
2023-04-19 15:38:13,15747,15747,15747,2,0
2023-04-19 15:38:13,15747,15747,15747,2,0
2023-04-19 15:38:13,15747,15747,15747,2,0
2023-04-19 15:38:13,15747,15747,15747,2,0
2023-04-19 15:38:13,15747,15747,15747,2,0
2023-04-19 15:38:13,15747,15747,15747,2,0
2023-04-19 15:38:13,15747,15747,15747,2,0
2023-04-19 15:38:13,15747,15747,15747,8,0
2023-04-19 15:38:13,15747,15747,15747,2,0
2023-04-19 15:38:13,15747,15747,15747,2,0
2023-04-19 15:38:13,15747,15747,15747,2,0
2023-04-19 15:38:13,15746,15746,15746,4,-4
2023-04-19 15:38:13,15746,15746,15746,4,0
2023-04-19 15:38:13,15746,15746,15746,2,0
2023-04-19 15:38:13,15746,15746,15746,2,0
2023-04-19 15:38:13,15746,15746,15746,2,0
2023-04-19 15:38:13,15746,15746,15746,2,0
2023-04-19 15:38:13,15746,15746,15746,2,0
2023-04-19 15:38:13,15745,15745,15745,14,-14
2023-04-19 15:38:13,15745,15745,15745,2,0
2023-04-19 15:38:13,15745,15745,15745,2,0
2023-04-19 15:38:13,15745,15745,15745,2,0
2023-04-19 15:38:13,15745,15745,15745,2,0
2023-04-19 15:38:13,15745,15745,15745,2,0
2023-04-19 15:38:13,15745,15745,15745,2,0
2023-04-19 15:38:13,15745,15745,15745,2,0
2023-04-19 15:38:13,15745,15745,15745,2,0
2023-04-19 15:38:13,15745,15745,15745,2,0
2023-04-19 15:38:13,15745,15745,15745,2,0
2023-04-19 15:38:13,15746,15746,15746,2,2
2023-04-19 15:38:13,15746,15746,15746,2,0
2023-04-19 15:38:13,15746,15746,15746,2,0
2023-04-19 15:38:13,15747,15747,15747,6,6
2023-04-19 15:38:13,15748,15748,15748,2,2
2023-04-19 15:38:13,15747,15747,15747,2,-2
2023-04-19 15:38:13,15747,15747,15747,2,0
2023-04-19 15:38:13,15747,15747,15747,2,0
2023-04-19 15:38:14,15746,15746,15746,2,-2
2023-04-19 15:38:14,15746,15746,15746,2,0
2023-04-19 15:38:14,15746,15746,15746,2,0
2023-04-19 15:38:14,15746,15746,15746,2,0
2023-04-19 15:38:14,15747,15747,15747,2,2
2023-04-19 15:38:14,15747,15747,15747,2,0
2023-04-19 15:38:14,15746,15746,15746,2,-2
2023-04-19 15:38:14,15746,15746,15746,2,0
2023-04-19 15:38:14,15746,15746,15746,2,0
2023-04-19 15:38:14,15746,15746,15746,2,0
2023-04-19 15:38:14,15746,15746,15746,2,0
2023-04-19 15:38:14,15745,15745,15745,4,-4
2023-04-19 15:38:14,15745,15745,15745,4,0
2023-04-19 15:38:14,15745,15745,15745,4,0
2023-04-19 15:38:14,15745,15745,15745,2,0
2023-04-19 15:38:14,15745,15745,15745,2,0
2023-04-19 15:38:14,15745,15745,15745,2,0
2023-04-19 15:38:14,15745,15745,15745,4,0
2023-04-19 15:38:14,15745,15745,15745,2,0
2023-04-19 15:38:14,15745,15745,15745,2,0
2023-04-19 15:38:14,15744,15744,15744,2,-2
2023-04-19 15:38:14,15744,15744,15744,2,0
2023-04-19 15:38:14,15744,15744,15744,2,0
2023-04-19 15:38:14,15744,15744,15744,4,0
2023-04-19 15:38:14,15744,15744,15744,2,0
2023-04-19 15:38:14,15744,15744,15744,2,0
2023-04-19 15:38:14,15744,15744,15744,2,0
