2024-11-12 15:00:00.015,22875,22879,22871,95,-95
2024-11-12 15:00:00.016,22870,22871,22871,8,8
2024-11-12 15:00:00.021,22870,22871,22875,1,1
2024-11-12 15:00:00.057,22870,22875,22875,1,1
2024-11-12 15:00:00.058,22870,22875,22870,1,-1
2024-11-12 15:00:00.058,22870,22875,22869,1,-1
2024-11-12 15:00:00.127,22869,22879,22877,1,1
2024-11-12 15:00:00.179,22869,22879,22879,1,1
2024-11-12 15:00:00.221,22869,22879,22879,1,1
2024-11-12 15:00:00.226,22869,22879,22869,1,-1
2024-11-12 15:00:00.242,22869,22879,22880,1,1
2024-11-12 15:00:00.242,22869,22879,22879,1,1
2024-11-12 15:00:00.279,22869,22879,22869,1,-1
2024-11-12 15:00:00.280,22869,22879,22871,2,-2
2024-11-12 15:00:00.303,22869,22879,22878,1,1
2024-11-12 15:00:00.308,22877,22882,22877,1,-1
2024-11-12 15:00:00.309,22877,22882,22880,1,1
2024-11-12 15:00:00.309,22877,22882,22876,2,-2
2024-11-12 15:00:00.325,22877,22882,22875,1,-1
2024-11-12 15:00:00.328,22877,22882,22880,1,1
2024-11-12 15:00:00.329,22877,22882,22874,1,-1
2024-11-12 15:00:00.329,22877,22882,22875,1,-1
2024-11-12 15:00:00.330,22877,22882,22874,2,-2
2024-11-12 15:00:00.330,22877,22882,22878,1,-1
2024-11-12 15:00:00.333,22877,22882,22879,1,-1
2024-11-12 15:00:00.337,22877,22882,22880,1,1
2024-11-12 15:00:00.339,22877,22882,22881,1,1
2024-11-12 15:00:00.340,22877,22882,22882,1,1
2024-11-12 15:00:00.342,22877,22882,22883,1,1
2024-11-12 15:00:00.342,22877,22882,22881,1,1
2024-11-12 15:00:00.343,22877,22882,22884,1,1
2024-11-12 15:00:00.344,22877,22882,22885,1,1
2024-11-12 15:00:00.346,22877,22882,22885,1,1
2024-11-12 15:00:00.346,22877,22882,22885,1,1
2024-11-12 15:00:00.353,22877,22882,22886,1,1
2024-11-12 15:00:00.354,22877,22882,22883,1,1
2024-11-12 15:00:00.354,22877,22882,22882,1,1
2024-11-12 15:00:00.365,22877,22882,22882,1,1
2024-11-12 15:00:00.372,22877,22882,22881,1,1
2024-11-12 15:00:00.373,22877,22882,22881,1,1
2024-11-12 15:00:00.389,22877,22882,22883,1,1
2024-11-12 15:00:00.402,22877,22882,22880,1,1
2024-11-12 15:00:00.405,22877,22882,22880,1,1
2024-11-12 15:00:00.471,22878,22883,22878,2,-2
2024-11-12 15:00:00.497,22878,22883,22877,1,-1
2024-11-12 15:00:00.500,22878,22883,22877,1,-1
2024-11-12 15:00:00.523,22878,22883,22876,2,-2
2024-11-12 15:00:00.523,22878,22883,22875,2,-2
2024-11-12 15:00:00.536,22878,22883,22872,1,-1
2024-11-12 15:00:00.565,22872,22883,22883,1,1
2024-11-12 15:00:00.584,22872,22883,22883,1,1
2024-11-12 15:00:00.625,22872,22883,22883,1,1
2024-11-12 15:00:00.631,22872,22883,22884,1,1
2024-11-12 15:00:00.642,22872,22883,22885,1,1
2024-11-12 15:00:00.669,22872,22883,22885,1,1
2024-11-12 15:00:00.669,22872,22883,22886,2,2
2024-11-12 15:00:00.699,22873,22885,22873,1,-1
2024-11-12 15:00:00.699,22873,22885,22872,1,-1
2024-11-12 15:00:00.720,22873,22885,22870,1,-1
2024-11-12 15:00:00.765,22873,22885,22885,1,1
2024-11-12 15:00:00.781,22873,22885,22870,1,-1
2024-11-12 15:00:00.781,22873,22885,22869,1,-1
2024-11-12 15:00:00.805,22873,22885,22885,1,1
2024-11-12 15:00:00.809,22870,22885,22870,1,-1
2024-11-12 15:00:00.854,22870,22885,22869,2,-2
2024-11-12 15:00:00.856,22870,22885,22869,1,-1
2024-11-12 15:00:00.880,22870,22885,22869,1,-1
2024-11-12 15:00:00.922,22870,22885,22869,1,-1
2024-11-12 15:00:00.924,22870,22885,22869,1,-1
2024-11-12 15:00:00.924,22870,22885,22866,1,-1
2024-11-12 15:00:00.961,22867,22884,22867,1,-1
2024-11-12 15:00:00.961,22867,22884,22866,1,-1
2024-11-12 15:00:01.022,22867,22884,22864,2,-2
2024-11-12 15:00:01.025,22867,22884,22864,4,-4
2024-11-12 15:00:01.025,22867,22884,22864,4,-4
2024-11-12 15:00:01.032,22867,22884,22864,2,-2
2024-11-12 15:00:01.033,22867,22884,22864,1,-1
2024-11-12 15:00:01.087,22864,22879,22864,1,-1
2024-11-12 15:00:01.104,22864,22879,22879,1,1
2024-11-12 15:00:01.176,22864,22879,22877,1,1
2024-11-12 15:00:01.215,22865,22878,22878,1,1
2024-11-12 15:00:01.242,22865,22878,22865,1,-1
2024-11-12 15:00:01.242,22865,22878,22864,1,-1
2024-11-12 15:00:01.283,22865,22878,22865,1,-1
2024-11-12 15:00:01.319,22864,22878,22874,1,1
2024-11-12 15:00:01.325,22864,22878,22872,1,1
2024-11-12 15:00:01.326,22864,22878,22873,1,1
2024-11-12 15:00:01.337,22864,22878,22865,1,-1
2024-11-12 15:00:01.337,22864,22878,22874,1,1
2024-11-12 15:00:01.397,22864,22878,22875,1,1
2024-11-12 15:00:01.397,22864,22878,22875,2,2
2024-11-12 15:00:01.399,22864,22878,22876,1,1
2024-11-12 15:00:01.401,22864,22878,22879,1,1
2024-11-12 15:00:01.507,22876,22880,22880,2,2
2024-11-12 15:00:01.507,22876,22880,22878,1,-1
2024-11-12 15:00:01.507,22876,22880,22873,1,-1
2024-11-12 15:00:01.507,22876,22880,22877,1,-1
2024-11-12 15:00:01.507,22876,22880,22875,1,-1
2024-11-12 15:00:01.507,22876,22880,22876,1,-1
2024-11-12 15:00:01.507,22876,22880,22874,1,-1
2024-11-12 15:00:01.589,22871,22880,22880,2,2
2024-11-12 15:00:01.635,22871,22880,22875,1,-1
2024-11-12 15:00:01.639,22871,22880,22871,1,-1
2024-11-12 15:00:01.639,22871,22880,22870,1,-1
2024-11-12 15:00:01.713,22868,22880,22868,1,-1
2024-11-12 15:00:01.713,22868,22880,22867,1,-1
2024-11-12 15:00:01.803,22868,22880,22866,1,-1
2024-11-12 15:00:01.865,22865,22880,22865,1,-1
2024-11-12 15:00:01.868,22865,22880,22873,1,1
2024-11-12 15:00:01.912,22865,22880,22865,3,-3
2024-11-12 15:00:01.912,22865,22880,22864,3,-3
2024-11-12 15:00:02.319,22868,22880,22868,1,-1
2024-11-12 15:00:02.319,22868,22880,22864,1,-1
2024-11-12 15:00:02.336,22868,22880,22880,1,1
2024-11-12 15:00:02.356,22868,22880,22875,1,1
2024-11-12 15:00:02.466,22865,22876,22876,1,1
2024-11-12 15:00:02.468,22865,22876,22877,1,1
2024-11-12 15:00:02.468,22865,22876,22876,1,1
2024-11-12 15:00:02.469,22865,22876,22880,2,2
2024-11-12 15:00:02.469,22865,22876,22876,1,1
2024-11-12 15:00:02.469,22865,22876,22877,1,1
2024-11-12 15:00:02.694,22878,22881,22878,1,-1
2024-11-12 15:00:02.694,22878,22881,22881,2,2
2024-11-12 15:00:02.727,22878,22881,22879,1,-1
2024-11-12 15:00:02.727,22878,22881,22882,2,2
2024-11-12 15:00:03.203,22878,22883,22883,1,1
2024-11-12 15:00:03.283,22878,22883,22883,1,1
2024-11-12 15:00:03.457,22877,22882,22877,1,-1
2024-11-12 15:00:03.457,22877,22882,22876,1,-1
2024-11-12 15:00:03.521,22877,22882,22871,1,-1
2024-11-12 15:00:03.521,22877,22882,22873,1,-1
2024-11-12 15:00:03.521,22877,22882,22872,1,-1
2024-11-12 15:00:03.595,22869,22874,22874,1,1
2024-11-12 15:00:03.715,22871,22876,22874,3,3
2024-11-12 15:00:03.716,22871,22876,22871,1,-1
2024-11-12 15:00:03.760,22871,22876,22869,1,-1
2024-11-12 15:00:03.760,22871,22876,22867,1,-1
2024-11-12 15:00:03.760,22871,22876,22866,1,-1
2024-11-12 15:00:03.822,22866,22876,22868,1,-1
2024-11-12 15:00:03.822,22866,22876,22867,2,-2
2024-11-12 15:00:03.873,22866,22876,22867,1,-1
2024-11-12 15:00:03.992,22867,22876,22867,1,-1
2024-11-12 15:00:03.992,22867,22876,22866,1,-1
2024-11-12 15:00:04.659,22869,22874,22874,1,1
2024-11-12 15:00:04.735,22871,22875,22874,1,1
2024-11-12 15:00:04.833,22871,22875,22875,1,1
2024-11-12 15:00:04.840,22871,22875,22876,1,1
2024-11-12 15:00:04.840,22871,22875,22876,1,1
2024-11-12 15:00:04.840,22871,22875,22874,1,1
2024-11-12 15:00:04.840,22871,22875,22873,1,1
2024-11-12 15:00:04.934,22873,22877,22872,1,-1
2024-11-12 15:00:04.934,22873,22877,22873,1,-1
2024-11-12 15:00:04.936,22873,22877,22873,1,-1
2024-11-12 15:00:04.977,22873,22877,22874,1,-1
2024-11-12 15:00:04.977,22873,22877,22873,1,-1
2024-11-12 15:00:04.989,22873,22877,22872,2,-2
2024-11-12 15:00:04.989,22873,22877,22871,1,-1
2024-11-12 15:00:05.381,22871,22875,22872,1,-1
2024-11-12 15:00:05.500,22871,22875,22875,1,1
2024-11-12 15:00:05.526,22871,22875,22872,1,-1
2024-11-12 15:00:05.526,22871,22875,22871,1,-1
2024-11-12 15:00:05.938,22871,22876,22871,1,-1
2024-11-12 15:00:06.048,22871,22876,22872,1,-1
2024-11-12 15:00:06.048,22871,22876,22871,1,-1
2024-11-12 15:00:06.102,22870,22876,22876,1,1
2024-11-12 15:00:06.102,22870,22876,22877,1,1
2024-11-12 15:00:06.604,22873,22875,22875,1,1
2024-11-12 15:00:06.615,22873,22875,22876,1,1
2024-11-12 15:00:06.620,22873,22875,22875,1,1
2024-11-12 15:00:07.525,22873,22878,22873,2,-2
2024-11-12 15:00:07.575,22873,22878,22873,1,-1
2024-11-12 15:00:07.604,22873,22878,22875,1,-1
2024-11-12 15:00:08.525,22872,22876,22872,1,-1
2024-11-12 15:00:08.525,22872,22876,22873,2,-2
2024-11-12 15:00:08.881,22873,22876,22873,1,-1
2024-11-12 15:00:08.884,22873,22876,22873,1,-1
2024-11-12 15:00:09.464,22873,22875,22875,2,2
2024-11-12 15:00:09.525,22873,22875,22873,2,-2
2024-11-12 15:00:09.692,22874,22877,22874,1,-1
2024-11-12 15:00:09.693,22874,22877,22874,1,-1
2024-11-12 15:00:10.170,22874,22877,22874,1,-1
2024-11-12 15:00:10.171,22874,22877,22874,1,-1
2024-11-12 15:00:10.178,22874,22877,22873,1,-1
2024-11-12 15:00:10.978,22873,22877,22875,1,-1
2024-11-12 15:00:11.941,22873,22878,22878,1,1
2024-11-12 15:00:12.032,22873,22878,22880,1,1
2024-11-12 15:00:12.085,22876,22881,22881,1,1
2024-11-12 15:00:12.195,22876,22882,22876,3,-3
2024-11-12 15:00:12.632,22878,22882,22882,1,1
2024-11-12 15:00:12.647,22878,22882,22882,1,1
2024-11-12 15:00:14.526,22878,22883,22878,3,-3
2024-11-12 15:00:14.551,22878,22883,22878,1,-1
2024-11-12 15:00:14.551,22878,22883,22877,2,-2
2024-11-12 15:00:14.812,22876,22880,22880,1,1
2024-11-12 15:00:15.083,22877,22882,22877,1,-1
2024-11-12 15:00:15.156,22877,22882,22880,1,1
2024-11-12 15:00:15.156,22877,22882,22878,1,-1
2024-11-12 15:00:15.551,22877,22882,22877,1,-1
2024-11-12 15:00:15.790,22877,22882,22877,1,-1
2024-11-12 15:00:16.844,22876,22880,22876,1,-1
2024-11-12 15:00:17.328,22875,22880,22875,1,-1
2024-11-12 15:00:17.552,22875,22880,22875,10,-10
2024-11-12 15:00:17.553,22875,22880,22875,1,-1
2024-11-12 15:00:17.555,22875,22880,22875,1,-1
2024-11-12 15:00:18.294,22873,22878,22876,1,1
2024-11-12 15:00:18.465,22873,22878,22875,1,-1
2024-11-12 15:00:19.126,22873,22878,22873,1,-1
2024-11-12 15:00:19.436,22873,22878,22875,1,-1
2024-11-12 15:00:19.552,22873,22878,22873,2,-2
2024-11-12 15:00:19.605,22873,22878,22873,1,-1
2024-11-12 15:00:19.873,22873,22876,22873,2,-2
2024-11-12 15:00:19.873,22873,22876,22872,1,-1
2024-11-12 15:00:20.611,22871,22876,22871,1,-1
2024-11-12 15:00:21.178,22871,22876,22875,1,1
2024-11-12 15:00:21.178,22871,22876,22871,1,-1
2024-11-12 15:00:21.269,22871,22876,22874,1,1
2024-11-12 15:00:21.466,22871,22876,22871,1,-1
2024-11-12 15:00:22.601,22871,22875,22871,1,-1
2024-11-12 15:00:24.710,22871,22873,22873,1,1
2024-11-12 15:00:25.358,22871,22874,22874,1,1
2024-11-12 15:00:25.358,22871,22874,22872,1,-1
2024-11-12 15:00:25.706,22871,22875,22875,2,2
2024-11-12 15:00:26.211,22874,22878,22878,2,2
2024-11-12 15:00:27.812,22876,22880,22880,1,1
2024-11-12 15:00:27.812,22876,22880,22880,1,1
2024-11-12 15:00:28.851,22876,22880,22880,1,1
2024-11-12 15:00:29.005,22877,22881,22881,1,1
2024-11-12 15:00:29.272,22877,22881,22884,2,2
2024-11-12 15:00:29.272,22877,22881,22883,2,2
2024-11-12 15:00:29.272,22877,22881,22881,2,2
2024-11-12 15:00:29.272,22877,22881,22882,2,2
2024-11-12 15:00:29.273,22877,22881,22884,1,1
2024-11-12 15:00:29.273,22877,22881,22884,1,1
2024-11-12 15:00:29.273,22877,22881,22884,1,1
2024-11-12 15:00:29.275,22877,22881,22881,1,1
2024-11-12 15:00:29.824,22879,22883,22883,1,1
2024-11-12 15:00:29.825,22879,22883,22883,1,1
2024-11-12 15:00:30.086,22880,22884,22880,1,-1
2024-11-12 15:00:30.086,22880,22884,22881,1,-1
2024-11-12 15:00:30.218,22879,22884,22880,1,-1
2024-11-12 15:00:30.871,22879,22884,22881,2,-2
2024-11-12 15:00:31.075,22880,22884,22881,2,-2
2024-11-12 15:00:31.322,22880,22884,22880,2,-2
2024-11-12 15:00:31.323,22880,22884,22880,1,-1
2024-11-12 15:00:31.840,22879,22884,22880,1,-1
2024-11-12 15:00:31.923,22879,22884,22879,1,-1
2024-11-12 15:00:32.227,22879,22883,22880,1,-1
2024-11-12 15:00:32.871,22879,22883,22881,1,-1
2024-11-12 15:00:32.910,22879,22883,22883,1,1
2024-11-12 15:00:33.337,22881,22884,22881,2,-2
2024-11-12 15:00:34.788,22881,22883,22881,1,-1
2024-11-12 15:00:35.527,22881,22883,22881,1,-1
2024-11-12 15:00:38.243,22881,22883,22881,1,-1
2024-11-12 15:00:39.686,22882,22883,22883,1,1
2024-11-12 15:00:39.877,22882,22885,22882,2,-2
2024-11-12 15:00:39.877,22882,22885,22881,2,-2
2024-11-12 15:00:39.906,22882,22885,22884,1,1
2024-11-12 15:00:41.654,22881,22884,22884,1,1
2024-11-12 15:00:42.384,22882,22884,22886,3,3
2024-11-12 15:00:42.384,22882,22884,22885,11,11
2024-11-12 15:00:42.384,22882,22884,22884,1,1
2024-11-12 15:00:42.385,22882,22884,22886,19,19
2024-11-12 15:00:42.386,22882,22884,22887,2,2
2024-11-12 15:00:42.694,22885,22888,22888,2,2
2024-11-12 15:00:42.888,22888,22890,22890,12,12
2024-11-12 15:00:43.052,22889,22891,22891,3,3
2024-11-12 15:00:43.159,22889,22891,22891,1,1
2024-11-12 15:00:44.445,22889,22891,22889,1,-1
2024-11-12 15:00:44.573,22889,22891,22891,1,1
2024-11-12 15:00:45.161,22889,22891,22891,1,1
2024-11-12 15:00:45.609,22890,22892,22892,1,1
2024-11-12 15:00:46.258,22890,22892,22889,1,-1
2024-11-12 15:00:46.270,22890,22892,22888,2,-2
2024-11-12 15:00:46.285,22890,22892,22888,2,-2
2024-11-12 15:00:46.286,22890,22892,22888,2,-2
2024-11-12 15:00:46.385,22888,22890,22890,2,2
2024-11-12 15:00:46.385,22888,22890,22891,3,3
2024-11-12 15:00:46.477,22888,22892,22892,1,1
2024-11-12 15:00:46.479,22888,22892,22889,1,-1
2024-11-12 15:00:46.648,22888,22892,22894,1,1
2024-11-12 15:00:46.648,22888,22892,22893,1,1
2024-11-12 15:00:46.648,22888,22892,22892,3,3
2024-11-12 15:00:47.335,22891,22892,22892,1,1
2024-11-12 15:00:47.975,22891,22895,22892,1,-1
2024-11-12 15:00:48.138,22891,22895,22895,3,3
2024-11-12 15:00:48.267,22892,22896,22896,1,1
2024-11-12 15:00:48.276,22892,22896,22896,1,1
2024-11-12 15:00:48.290,22892,22896,22896,1,1
2024-11-12 15:00:48.290,22892,22896,22893,1,-1
2024-11-12 15:00:48.349,22893,22896,22893,1,-1
2024-11-12 15:00:48.416,22893,22896,22896,1,1
2024-11-12 15:00:49.020,22892,22896,22896,1,1
2024-11-12 15:00:49.405,22893,22897,22893,1,-1
2024-11-12 15:00:49.407,22893,22897,22893,1,-1
2024-11-12 15:00:49.585,22892,22896,22892,2,-2
2024-11-12 15:00:49.786,22890,22894,22891,3,-3
2024-11-12 15:00:50.117,22890,22894,22890,1,-1
2024-11-12 15:00:50.120,22890,22894,22888,1,-1
2024-11-12 15:00:50.122,22890,22894,22888,1,-1
2024-11-12 15:00:50.122,22890,22894,22888,2,-2
2024-11-12 15:00:50.316,22887,22890,22890,1,1
2024-11-12 15:00:50.537,22887,22891,22893,2,2
2024-11-12 15:00:50.734,22890,22893,22890,1,-1
2024-11-12 15:00:52.449,22889,22893,22893,2,2
2024-11-12 15:00:53.160,22891,22895,22895,1,1
2024-11-12 15:00:53.599,22893,22896,22896,1,1
2024-11-12 15:00:53.861,22893,22896,22893,1,-1
2024-11-12 15:00:53.953,22892,22896,22896,1,1
2024-11-12 15:00:54.477,22892,22896,22895,1,1
2024-11-12 15:00:54.619,22892,22895,22895,1,1
2024-11-12 15:00:54.633,22892,22895,22896,1,1
2024-11-12 15:00:55.373,22892,22896,22896,1,1
2024-11-12 15:00:56.711,22893,22897,22893,1,-1
2024-11-12 15:00:57.445,22893,22897,22893,1,-1
2024-11-12 15:00:58.218,22892,22897,22897,1,1
2024-11-12 15:00:58.304,22892,22897,22892,1,-1
2024-11-12 15:00:58.409,22892,22896,22891,1,-1
2024-11-12 15:00:58.592,22890,22893,22890,3,-3
2024-11-12 15:00:58.720,22888,22892,22889,1,-1
2024-11-12 15:00:59.100,22889,22892,22889,1,-1
2024-11-12 15:00:59.947,22889,22892,22889,3,-3
2024-11-12 15:00:59.988,22889,22892,22888,4,-4
2024-11-12 15:00:59.988,22889,22892,22887,4,-4
2024-11-12 15:01:00.035,22889,22892,22884,2,-2
2024-11-12 15:01:00.065,22884,22888,22889,1,1
2024-11-12 15:01:00.066,22884,22888,22889,1,1
2024-11-12 15:01:00.066,22884,22888,22890,1,1
2024-11-12 15:01:00.072,22884,22888,22889,2,2
2024-11-12 15:01:00.072,22884,22888,22888,1,1
2024-11-12 15:01:00.092,22884,22888,22891,1,1
2024-11-12 15:01:00.117,22884,22888,22888,1,1
2024-11-12 15:01:00.117,22884,22888,22887,1,1
2024-11-12 15:01:00.157,22884,22888,22890,2,2
2024-11-12 15:01:00.213,22887,22890,22890,2,2
2024-11-12 15:01:00.226,22887,22890,22887,3,-3
2024-11-12 15:01:00.326,22886,22889,22886,1,-1
2024-11-12 15:01:00.326,22886,22889,22885,1,-1
2024-11-12 15:01:00.327,22886,22889,22889,3,3
2024-11-12 15:01:00.416,22886,22889,22889,3,3
2024-11-12 15:01:00.537,22885,22889,22889,1,1
2024-11-12 15:01:04.081,22886,22890,22887,1,-1
2024-11-12 15:01:04.081,22886,22890,22886,3,-3
2024-11-12 15:01:04.187,22886,22890,22890,1,1
2024-11-12 15:01:04.187,22886,22890,22890,1,1
2024-11-12 15:01:04.187,22886,22890,22891,1,1
2024-11-12 15:01:04.196,22886,22890,22887,1,-1
2024-11-12 15:01:04.670,22887,22891,22887,1,-1
2024-11-12 15:01:05.032,22886,22890,22890,2,2
2024-11-12 15:01:05.032,22886,22890,22891,2,2
2024-11-12 15:01:05.222,22887,22892,22892,1,1
2024-11-12 15:01:07.745,22890,22893,22893,1,1
2024-11-12 15:01:08.199,22891,22896,22896,7,7
2024-11-12 15:01:08.312,22893,22897,22897,1,1
2024-11-12 15:01:08.312,22893,22897,22897,1,1
2024-11-12 15:01:08.312,22893,22897,22897,1,1
2024-11-12 15:01:08.741,22894,22897,22897,1,1
2024-11-12 15:01:08.742,22894,22897,22895,2,-2
2024-11-12 15:01:08.746,22894,22897,22897,1,1
2024-11-12 15:01:08.984,22894,22897,22894,2,-2
2024-11-12 15:01:08.984,22894,22897,22893,1,-1
2024-11-12 15:01:09.009,22894,22897,22895,1,-1
2024-11-12 15:01:09.009,22894,22897,22896,3,3
2024-11-12 15:01:09.009,22894,22897,22897,3,3
2024-11-12 15:01:09.009,22894,22897,22898,19,19
2024-11-12 15:01:09.009,22894,22897,22899,5,5
2024-11-12 15:01:09.009,22894,22897,22900,19,19
2024-11-12 15:01:09.036,22894,22897,22896,1,1
2024-11-12 15:01:09.172,22896,22900,22900,1,1
2024-11-12 15:01:10.022,22896,22900,22900,1,1
2024-11-12 15:01:12.959,22898,22900,22898,3,-3
2024-11-12 15:01:13.015,22898,22900,22898,1,-1
2024-11-12 15:01:13.335,22894,22898,22894,1,-1
2024-11-12 15:01:13.447,22894,22897,22897,1,1
2024-11-12 15:01:13.622,22894,22897,22894,1,-1
2024-11-12 15:01:14.058,22894,22897,22897,1,1
2024-11-12 15:01:14.320,22894,22897,22897,1,1
2024-11-12 15:01:14.457,22894,22897,22897,1,1
2024-11-12 15:01:15.018,22894,22898,22898,1,1
2024-11-12 15:01:15.642,22894,22898,22898,1,1
2024-11-12 15:01:15.797,22894,22898,22898,4,4
2024-11-12 15:01:15.797,22894,22898,22898,3,3
2024-11-12 15:01:15.799,22894,22898,22896,2,2
2024-11-12 15:01:15.858,22896,22899,22899,1,1
2024-11-12 15:01:16.233,22896,22899,22896,1,-1
2024-11-12 15:01:16.540,22895,22897,22895,1,-1
2024-11-12 15:01:17.336,22894,22897,22895,1,-1
2024-11-12 15:01:17.354,22894,22897,22897,1,1
2024-11-12 15:01:17.703,22894,22897,22897,1,1
2024-11-12 15:01:18.025,22894,22897,22894,2,-2
2024-11-12 15:01:18.025,22894,22897,22894,1,-1
2024-11-12 15:01:18.062,22892,22896,22896,1,1
2024-11-12 15:01:18.062,22892,22896,22896,1,1
2024-11-12 15:01:18.062,22892,22896,22897,1,1
2024-11-12 15:01:18.062,22892,22896,22897,1,1
2024-11-12 15:01:18.062,22892,22896,22897,1,1
2024-11-12 15:01:18.062,22892,22896,22897,1,1
2024-11-12 15:01:18.062,22892,22896,22897,1,1
2024-11-12 15:01:18.062,22892,22896,22898,1,1
2024-11-12 15:01:18.063,22892,22896,22900,1,1
2024-11-12 15:01:18.063,22892,22896,22900,1,1
2024-11-12 15:01:18.063,22892,22896,22899,1,1
2024-11-12 15:01:18.063,22892,22896,22899,1,1
2024-11-12 15:01:18.063,22892,22896,22899,1,1
2024-11-12 15:01:18.063,22892,22896,22899,1,1
2024-11-12 15:01:18.064,22892,22896,22900,1,1
2024-11-12 15:01:18.064,22892,22896,22900,1,1
2024-11-12 15:01:18.066,22892,22896,22898,2,2
2024-11-12 15:01:18.066,22892,22896,22898,1,1
2024-11-12 15:01:18.066,22892,22896,22898,1,1
2024-11-12 15:01:18.067,22892,22896,22897,1,1
2024-11-12 15:01:18.067,22892,22896,22897,1,1
2024-11-12 15:01:18.067,22892,22896,22897,1,1
2024-11-12 15:01:18.070,22892,22896,22900,1,1
2024-11-12 15:01:18.279,22896,22900,22896,2,-2
2024-11-12 15:01:18.279,22896,22900,22895,1,-1
2024-11-12 15:01:19.394,22895,22898,22898,1,1
2024-11-12 15:01:19.394,22895,22898,22898,6,6
2024-11-12 15:01:20.393,22895,22899,22896,4,-4
2024-11-12 15:01:20.870,22895,22899,22899,1,1
2024-11-12 15:01:20.870,22895,22899,22900,1,1
2024-11-12 15:01:21.745,22898,22901,22902,1,1
2024-11-12 15:01:21.745,22898,22901,22901,1,1
2024-11-12 15:01:21.878,22899,22902,22900,3,-3
2024-11-12 15:01:22.633,22900,22902,22900,3,-3
2024-11-12 15:01:22.634,22900,22902,22899,1,-1
2024-11-12 15:01:22.663,22900,22902,22899,1,-1
2024-11-12 15:01:22.664,22900,22902,22899,4,-4
2024-11-12 15:01:22.754,22899,22902,22902,1,1
2024-11-12 15:01:22.835,22902,22903,22902,1,-1
2024-11-12 15:01:23.158,22901,22903,22901,1,-1
2024-11-12 15:01:23.159,22901,22903,22901,1,-1
2024-11-12 15:01:23.228,22900,22903,22901,2,-2
2024-11-12 15:01:23.285,22900,22903,22903,1,1
2024-11-12 15:01:23.911,22902,22903,22903,1,1
2024-11-12 15:01:23.911,22902,22903,22904,2,2
2024-11-12 15:01:23.911,22902,22903,22905,3,3
2024-11-12 15:01:24.453,22902,22905,22905,2,2
2024-11-12 15:01:24.925,22902,22905,22905,1,1
2024-11-12 15:01:25.104,22902,22905,22902,1,-1
2024-11-12 15:01:25.199,22902,22905,22902,1,-1
2024-11-12 15:01:25.800,22902,22905,22902,1,-1
2024-11-12 15:01:25.975,22901,22903,22901,1,-1
2024-11-12 15:01:26.404,22902,22903,22903,1,1
2024-11-12 15:01:26.454,22903,22906,22903,1,-1
2024-11-12 15:01:26.558,22903,22906,22903,1,-1
2024-11-12 15:01:27.408,22903,22906,22906,8,8
2024-11-12 15:01:27.408,22903,22906,22907,2,2
2024-11-12 15:01:27.408,22903,22906,22907,2,2
2024-11-12 15:01:27.437,22906,22908,22908,1,1
2024-11-12 15:01:27.437,22906,22908,22908,1,1
2024-11-12 15:01:27.438,22906,22908,22909,1,1
2024-11-12 15:01:27.438,22906,22908,22909,1,1
2024-11-12 15:01:28.169,22907,22910,22910,1,1
2024-11-12 15:01:28.247,22907,22910,22910,1,1
2024-11-12 15:01:28.619,22907,22910,22907,2,-2
2024-11-12 15:01:28.806,22906,22909,22905,1,-1
2024-11-12 15:01:28.831,22905,22908,22905,1,-1
2024-11-12 15:01:28.945,22904,22908,22908,1,1
2024-11-12 15:01:28.946,22904,22908,22907,2,2
2024-11-12 15:01:29.256,22906,22909,22905,1,-1
2024-11-12 15:01:31.117,22904,22908,22905,1,-1
2024-11-12 15:01:31.229,22905,22909,22905,1,-1
2024-11-12 15:01:31.318,22905,22909,22905,1,-1
2024-11-12 15:01:31.329,22905,22909,22908,1,1
2024-11-12 15:01:31.401,22905,22909,22906,1,-1
2024-11-12 15:01:31.514,22905,22909,22908,1,1
2024-11-12 15:01:31.855,22905,22908,22908,1,1
2024-11-12 15:01:32.462,22905,22908,22908,1,1
2024-11-12 15:01:33.289,22905,22908,22908,1,1
2024-11-12 15:01:34.406,22904,22908,22908,3,3
2024-11-12 15:01:35.351,22907,22909,22909,1,1
2024-11-12 15:01:37.336,22908,22910,22908,1,-1
2024-11-12 15:01:37.377,22908,22910,22910,3,3
2024-11-12 15:01:38.504,22908,22910,22910,1,1
2024-11-12 15:01:38.704,22908,22910,22908,1,-1
2024-11-12 15:01:39.718,22908,22910,22908,4,-4
2024-11-12 15:01:39.719,22908,22910,22908,1,-1
2024-11-12 15:01:39.744,22908,22910,22910,1,1
2024-11-12 15:01:42.153,22908,22910,22908,1,-1
2024-11-12 15:01:42.368,22907,22909,22907,4,-4
2024-11-12 15:01:42.368,22907,22909,22906,5,-5
2024-11-12 15:01:42.368,22907,22909,22905,2,-2
2024-11-12 15:01:42.508,22905,22908,22905,2,-2
2024-11-12 15:01:42.785,22905,22908,22908,1,1
2024-11-12 15:01:43.902,22906,22908,22908,1,1
2024-11-12 15:01:45.208,22906,22908,22906,1,-1
2024-11-12 15:01:45.353,22905,22908,22902,2,-2
2024-11-12 15:01:45.353,22905,22908,22903,4,-4
2024-11-12 15:01:45.353,22905,22908,22905,3,-3
2024-11-12 15:01:45.353,22905,22908,22904,2,-2
2024-11-12 15:01:45.397,22905,22908,22905,1,-1
2024-11-12 15:01:45.432,22905,22908,22902,3,-3
2024-11-12 15:01:45.483,22901,22905,22901,2,-2
2024-11-12 15:01:45.484,22901,22905,22900,1,-1
2024-11-12 15:01:45.485,22901,22905,22900,1,-1
2024-11-12 15:01:45.617,22896,22901,22896,1,-1
2024-11-12 15:01:45.735,22897,22900,22900,1,1
2024-11-12 15:01:45.833,22897,22900,22898,1,-1
2024-11-12 15:01:45.843,22897,22900,22897,1,-1
2024-11-12 15:01:45.893,22897,22900,22897,1,-1
2024-11-12 15:01:45.895,22897,22900,22897,1,-1
2024-11-12 15:01:45.898,22897,22900,22897,1,-1
2024-11-12 15:01:45.899,22897,22900,22897,1,-1
2024-11-12 15:01:45.940,22896,22897,22896,1,-1
2024-11-12 15:01:45.961,22896,22897,22897,5,5
2024-11-12 15:01:46.024,22896,22897,22897,1,1
2024-11-12 15:01:46.027,22896,22897,22897,1,1
2024-11-12 15:01:46.031,22896,22897,22896,1,-1
2024-11-12 15:01:46.069,22896,22899,22896,1,-1
2024-11-12 15:01:46.132,22896,22899,22896,1,-1
2024-11-12 15:01:46.751,22895,22899,22895,1,-1
2024-11-12 15:01:47.101,22895,22898,22895,2,-2
2024-11-12 15:01:48.301,22894,22897,22897,1,1
2024-11-12 15:01:48.352,22894,22897,22894,5,-5
2024-11-12 15:01:48.352,22894,22897,22893,2,-2
2024-11-12 15:01:48.352,22894,22897,22892,4,-4
2024-11-12 15:01:48.354,22894,22897,22894,1,-1
2024-11-12 15:01:48.905,22892,22895,22894,3,3
2024-11-12 15:01:48.905,22892,22895,22894,1,1
2024-11-12 15:01:48.905,22892,22895,22893,1,-1
2024-11-12 15:01:48.905,22892,22895,22892,1,-1
2024-11-12 15:01:48.906,22892,22895,22895,1,1
2024-11-12 15:01:49.063,22893,22897,22893,2,-2
2024-11-12 15:01:49.279,22893,22896,22896,3,3
2024-11-12 15:01:50.160,22894,22897,22897,1,1
2024-11-12 15:01:50.765,22894,22897,22897,1,1
2024-11-12 15:01:51.163,22895,22899,22899,1,1
2024-11-12 15:01:51.355,22895,22897,22892,2,-2
2024-11-12 15:01:51.355,22895,22897,22893,5,-5
2024-11-12 15:01:51.355,22895,22897,22895,1,-1
2024-11-12 15:01:51.355,22895,22897,22894,3,-3
2024-11-12 15:01:52.814,22892,22895,22892,1,-1
2024-11-12 15:01:52.864,22892,22895,22891,1,-1
2024-11-12 15:01:53.085,22890,22891,22891,3,3
2024-11-12 15:01:54.231,22890,22894,22894,1,1
2024-11-12 15:01:54.353,22890,22894,22890,1,-1
2024-11-12 15:01:54.353,22890,22894,22889,1,-1
2024-11-12 15:01:55.208,22888,22891,22887,1,-1
2024-11-12 15:01:55.208,22888,22891,22888,1,-1
2024-11-12 15:01:55.209,22888,22891,22887,2,-2
2024-11-12 15:01:55.374,22886,22890,22891,1,1
2024-11-12 15:01:55.374,22886,22890,22890,2,2
2024-11-12 15:01:56.363,22889,22891,22889,1,-1
2024-11-12 15:01:56.592,22889,22891,22889,16,-16
2024-11-12 15:01:56.592,22889,22891,22888,1,-1
2024-11-12 15:01:57.130,22886,22889,22889,1,1
2024-11-12 15:01:57.429,22886,22888,22888,1,1
2024-11-12 15:01:57.714,22886,22888,22888,1,1
2024-11-12 15:01:57.928,22886,22888,22888,1,1
2024-11-12 15:01:58.191,22886,22888,22886,1,-1
2024-11-12 15:01:58.191,22886,22888,22886,1,-1
2024-11-12 15:01:58.565,22885,22888,22885,1,-1
2024-11-12 15:01:58.980,22885,22888,22885,1,-1
2024-11-12 15:01:59.085,22884,22885,22885,2,2
2024-11-12 15:01:59.515,22884,22888,22885,3,-3
2024-11-12 15:01:59.731,22884,22888,22888,3,3
2024-11-12 15:01:59.934,22885,22888,22885,2,-2
2024-11-12 15:01:59.934,22885,22888,22884,2,-2
2024-11-12 15:01:59.966,22885,22888,22882,2,-2
2024-11-12 15:01:59.966,22885,22888,22881,2,-2
2024-11-12 15:01:59.966,22885,22888,22884,7,-7
2024-11-12 15:01:59.966,22885,22888,22883,4,-4
2024-11-12 15:02:00.826,22883,22885,22882,2,-2
2024-11-12 15:02:00.826,22883,22885,22883,1,-1
2024-11-12 15:02:01.241,22882,22885,22885,2,2
2024-11-12 15:02:02.162,22884,22887,22884,1,-1
2024-11-12 15:02:03.157,22885,22887,22885,2,-2
2024-11-12 15:02:03.566,22885,22887,22885,1,-1
2024-11-12 15:02:03.708,22885,22887,22885,2,-2
2024-11-12 15:02:04.369,22885,22887,22885,1,-1
2024-11-12 15:02:04.621,22885,22887,22886,1,-1
2024-11-12 15:02:04.699,22885,22887,22885,1,-1
2024-11-12 15:02:04.701,22885,22887,22884,18,-18
2024-11-12 15:02:04.702,22885,22887,22884,1,-1
2024-11-12 15:02:06.460,22881,22883,22881,1,-1
2024-11-12 15:02:06.460,22881,22883,22881,1,-1
2024-11-12 15:02:06.460,22881,22883,22880,4,-4
2024-11-12 15:02:06.460,22881,22883,22880,8,-8
2024-11-12 15:02:07.936,22880,22883,22883,1,1
2024-11-12 15:02:08.252,22882,22884,22884,1,1
2024-11-12 15:02:08.935,22883,22885,22883,1,-1
2024-11-12 15:02:08.935,22883,22885,22882,4,-4
2024-11-12 15:02:08.935,22883,22885,22881,5,-5
2024-11-12 15:02:08.935,22883,22885,22880,5,-5
2024-11-12 15:02:09.396,22880,22882,22880,1,-1
2024-11-12 15:02:10.292,22879,22882,22879,2,-2
2024-11-12 15:02:10.372,22879,22882,22880,1,-1
2024-11-12 15:02:10.487,22879,22882,22879,3,-3
2024-11-12 15:02:10.487,22879,22882,22878,6,-6
2024-11-12 15:02:10.487,22879,22882,22877,11,-11
2024-11-12 15:02:10.488,22879,22882,22877,1,-1
2024-11-12 15:02:10.650,22877,22879,22877,1,-1
2024-11-12 15:02:10.988,22877,22879,22877,4,-4
2024-11-12 15:02:10.989,22877,22879,22877,8,-8
2024-11-12 15:02:10.990,22877,22879,22876,1,-1
2024-11-12 15:02:10.992,22877,22879,22875,2,-2
2024-11-12 15:02:10.992,22877,22879,22874,3,-3
2024-11-12 15:02:11.786,22873,22876,22876,1,1
2024-11-12 15:02:11.787,22873,22876,22876,1,1
2024-11-12 15:02:11.983,22873,22877,22873,2,-2
2024-11-12 15:02:12.280,22872,22875,22875,1,1
2024-11-12 15:02:12.281,22872,22875,22876,4,4
2024-11-12 15:02:12.668,22875,22877,22875,1,-1
2024-11-12 15:02:12.668,22875,22877,22874,1,-1
2024-11-12 15:02:12.791,22874,22876,22874,1,-1
2024-11-12 15:02:13.615,22873,22875,22876,1,1
2024-11-12 15:02:13.953,22873,22875,22873,1,-1
2024-11-12 15:02:14.919,22872,22875,22873,1,-1
2024-11-12 15:02:15.235,22872,22874,22874,4,4
2024-11-12 15:02:15.235,22872,22874,22875,2,2
2024-11-12 15:02:16.513,22873,22876,22875,1,1
2024-11-12 15:02:17.054,22877,22879,22877,1,-1
2024-11-12 15:02:17.054,22877,22879,22875,2,-2
2024-11-12 15:02:17.055,22877,22879,22875,1,-1
2024-11-12 15:02:17.055,22877,22879,22875,1,-1
2024-11-12 15:02:17.055,22877,22879,22875,1,-1
2024-11-12 15:02:17.055,22877,22879,22875,3,-3
2024-11-12 15:02:17.057,22877,22879,22874,1,-1
2024-11-12 15:02:20.946,22874,22876,22874,1,-1
2024-11-12 15:02:21.907,22874,22876,22876,1,1
2024-11-12 15:02:22.632,22874,22877,22877,1,1
2024-11-12 15:02:23.933,22874,22876,22876,1,1
2024-11-12 15:02:24.445,22874,22877,22877,2,2
2024-11-12 15:02:25.210,22876,22879,22879,1,1
2024-11-12 15:02:25.629,22876,22880,22876,1,-1
2024-11-12 15:02:26.104,22875,22879,22879,1,1
2024-11-12 15:02:29.220,22876,22879,22879,1,1
2024-11-12 15:02:31.437,22876,22880,22880,1,1
2024-11-12 15:02:31.920,22877,22881,22881,1,1
2024-11-12 15:02:34.410,22878,22881,22881,1,1
2024-11-12 15:02:34.411,22878,22881,22882,1,1
2024-11-12 15:02:36.850,22880,22884,22884,1,1
2024-11-12 15:02:38.576,22882,22886,22882,1,-1
2024-11-12 15:02:38.600,22882,22886,22882,1,-1
2024-11-12 15:02:38.816,22882,22885,22882,1,-1
2024-11-12 15:02:38.888,22882,22885,22885,1,1
2024-11-12 15:02:38.912,22882,22885,22882,2,-2
2024-11-12 15:02:39.967,22882,22885,22885,1,1
2024-11-12 15:02:40.259,22882,22885,22885,1,1
2024-11-12 15:02:41.189,22882,22885,22885,1,1
2024-11-12 15:02:43.299,22883,22886,22886,1,1
2024-11-12 15:02:45.059,22884,22886,22886,1,1
2024-11-12 15:02:46.548,22886,22887,22886,1,-1
2024-11-12 15:02:50.805,22886,22887,22886,1,-1
2024-11-12 15:02:53.319,22885,22886,22886,1,1
2024-11-12 15:02:54.120,22885,22887,22887,1,1
2024-11-12 15:02:56.783,22886,22888,22888,2,2
2024-11-12 15:02:56.784,22886,22888,22888,1,1
2024-11-12 15:02:56.944,22887,22889,22889,1,1
2024-11-12 15:02:56.982,22887,22889,22888,2,2
2024-11-12 15:02:56.982,22887,22889,22887,1,-1
2024-11-12 15:02:58.433,22886,22888,22886,1,-1
2024-11-12 15:02:58.434,22886,22888,22886,3,-3
2024-11-12 15:02:59.628,22885,22888,22888,1,1
2024-11-12 15:03:00.353,22886,22889,22889,1,1
2024-11-12 15:03:00.580,22887,22890,22887,1,-1
2024-11-12 15:03:00.582,22887,22890,22889,1,1
2024-11-12 15:03:00.598,22887,22890,22887,1,-1
2024-11-12 15:03:00.600,22887,22890,22887,1,-1
2024-11-12 15:03:00.606,22887,22890,22887,1,-1
2024-11-12 15:03:00.617,22887,22890,22887,2,-2
2024-11-12 15:03:00.623,22887,22890,22886,2,-2
2024-11-12 15:03:02.724,22885,22887,22887,1,1
2024-11-12 15:03:05.108,22885,22886,22885,1,-1
2024-11-12 15:03:05.409,22885,22886,22885,1,-1
2024-11-12 15:03:05.673,22883,22884,22884,1,1
2024-11-12 15:03:05.673,22883,22884,22885,1,1
2024-11-12 15:03:06.995,22883,22885,22883,1,-1
2024-11-12 15:03:06.998,22883,22885,22885,2,2
2024-11-12 15:03:06.998,22883,22885,22884,8,-8
2024-11-12 15:03:08.078,22885,22888,22888,5,5
2024-11-12 15:03:08.451,22887,22890,22890,5,5
2024-11-12 15:03:08.451,22887,22890,22891,5,5
2024-11-12 15:03:10.258,22888,22891,22891,5,5
2024-11-12 15:03:10.258,22888,22891,22892,5,5
2024-11-12 15:03:10.262,22888,22891,22893,1,1
2024-11-12 15:03:10.807,22892,22894,22896,3,3
2024-11-12 15:03:10.807,22892,22894,22894,1,1
2024-11-12 15:03:10.807,22892,22894,22895,1,1
2024-11-12 15:03:10.911,22893,22896,22893,1,-1
2024-11-12 15:03:10.920,22893,22896,22893,1,-1
2024-11-12 15:03:11.069,22893,22896,22893,1,-1
2024-11-12 15:03:11.716,22894,22897,22897,3,3
2024-11-12 15:03:11.716,22894,22897,22898,3,3
2024-11-12 15:03:11.716,22894,22897,22899,4,4
2024-11-12 15:03:11.719,22894,22897,22895,5,-5
2024-11-12 15:03:11.719,22894,22897,22895,1,-1
2024-11-12 15:03:11.719,22894,22897,22894,1,-1
2024-11-12 15:03:11.720,22894,22897,22894,2,-2
2024-11-12 15:03:11.777,22894,22897,22893,1,-1
2024-11-12 15:03:12.158,22891,22894,22894,1,1
2024-11-12 15:03:12.786,22892,22895,22895,1,1
2024-11-12 15:03:13.070,22892,22895,22895,2,2
2024-11-12 15:03:13.320,22894,22897,22894,1,-1
2024-11-12 15:03:14.987,22898,22900,22898,1,-1
2024-11-12 15:03:15.011,22898,22900,22898,1,-1
2024-11-12 15:03:16.257,22898,22900,22899,1,-1
2024-11-12 15:03:16.861,22898,22900,22898,1,-1
2024-11-12 15:03:17.061,22897,22900,22900,5,5
2024-11-12 15:03:18.335,22900,22901,22900,1,-1
2024-11-12 15:03:18.774,22899,22901,22902,4,4
2024-11-12 15:03:18.774,22899,22901,22901,3,3
2024-11-12 15:03:19.084,22900,22902,22902,3,3
2024-11-12 15:03:19.084,22900,22902,22903,2,2
2024-11-12 15:03:19.292,22901,22904,22901,1,-1
2024-11-12 15:03:21.056,22902,22905,22902,2,-2
2024-11-12 15:03:21.056,22902,22905,22902,1,-1
2024-11-12 15:03:21.056,22902,22905,22902,4,-4
2024-11-12 15:03:21.415,22900,22903,22903,4,4
2024-11-12 15:03:21.415,22900,22903,22904,1,1
2024-11-12 15:03:21.581,22901,22904,22904,2,2
2024-11-12 15:03:21.805,22902,22905,22902,1,-1
2024-11-12 15:03:22.056,22903,22905,22903,1,-1
2024-11-12 15:03:22.088,22902,22905,22905,3,3
2024-11-12 15:03:22.387,22903,22906,22903,1,-1
2024-11-12 15:03:22.720,22903,22906,22906,1,1
2024-11-12 15:03:23.075,22903,22906,22906,1,1
2024-11-12 15:03:23.283,22904,22907,22905,1,-1
2024-11-12 15:03:23.291,22904,22907,22904,1,-1
2024-11-12 15:03:23.313,22903,22905,22905,1,1
2024-11-12 15:03:23.355,22903,22905,22907,5,5
2024-11-12 15:03:23.620,22905,22907,22907,1,1
2024-11-12 15:03:23.836,22905,22908,22905,2,-2
2024-11-12 15:03:23.863,22905,22908,22907,1,1
2024-11-12 15:03:24.540,22904,22907,22905,1,-1
2024-11-12 15:03:25.379,22905,22908,22908,5,5
2024-11-12 15:03:25.658,22906,22909,22906,1,-1
2024-11-12 15:03:26.032,22904,22907,22905,1,-1
2024-11-12 15:03:26.044,22904,22907,22905,1,-1
2024-11-12 15:03:26.044,22904,22907,22904,1,-1
2024-11-12 15:03:27.043,22904,22907,22904,1,-1
2024-11-12 15:03:27.270,22904,22907,22907,2,2
2024-11-12 15:03:27.270,22904,22907,22908,3,3
2024-11-12 15:03:27.336,22906,22909,22909,1,1
2024-11-12 15:03:27.581,22906,22909,22909,1,1
2024-11-12 15:03:28.036,22906,22909,22910,1,1
2024-11-12 15:03:28.165,22907,22910,22907,1,-1
2024-11-12 15:03:28.180,22907,22910,22907,1,-1
2024-11-12 15:03:28.478,22907,22910,22907,1,-1
2024-11-12 15:03:28.854,22906,22909,22908,1,1
2024-11-12 15:03:29.207,22907,22910,22910,4,4
2024-11-12 15:03:29.207,22907,22910,22911,1,1
2024-11-12 15:03:31.330,22909,22911,22911,1,1
2024-11-12 15:03:31.911,22911,22912,22911,1,-1
2024-11-12 15:03:31.980,22911,22912,22911,1,-1
2024-11-12 15:03:32.000,22911,22912,22911,1,-1
2024-11-12 15:03:32.558,22911,22912,22911,1,-1
2024-11-12 15:03:32.559,22911,22912,22911,1,-1
2024-11-12 15:03:32.730,22909,22912,22909,1,-1
2024-11-12 15:03:32.731,22909,22912,22909,1,-1
2024-11-12 15:03:32.901,22909,22911,22911,2,2
2024-11-12 15:03:32.945,22909,22912,22912,1,1
2024-11-12 15:03:33.577,22909,22912,22912,3,3
2024-11-12 15:03:33.785,22910,22913,22910,1,-1
2024-11-12 15:03:35.961,22908,22911,22908,1,-1
2024-11-12 15:03:36.452,22908,22910,22908,1,-1
2024-11-12 15:03:38.224,22903,22906,22906,1,1
2024-11-12 15:03:39.783,22904,22907,22907,1,1
2024-11-12 15:03:40.041,22905,22908,22905,1,-1
2024-11-12 15:03:41.108,22905,22908,22905,2,-2
2024-11-12 15:03:41.679,22904,22906,22904,1,-1
2024-11-12 15:03:41.679,22904,22906,22903,1,-1
2024-11-12 15:03:46.453,22903,22905,22903,1,-1
2024-11-12 15:03:46.768,22902,22903,22902,2,-2
2024-11-12 15:03:49.963,22897,22899,22897,1,-1
2024-11-12 15:03:49.963,22897,22899,22896,1,-1
2024-11-12 15:03:51.736,22895,22898,22893,2,-2
2024-11-12 15:03:51.736,22895,22898,22895,2,-2
2024-11-12 15:03:51.736,22895,22898,22894,4,-4
2024-11-12 15:03:52.340,22897,22899,22899,1,1
2024-11-12 15:03:54.846,22897,22899,22899,2,2
2024-11-12 15:03:55.615,22898,22900,22900,1,1
2024-11-12 15:03:57.633,22898,22900,22900,1,1
2024-11-12 15:03:58.942,22897,22900,22897,1,-1
2024-11-12 15:03:59.800,22895,22898,22895,1,-1
2024-11-12 15:04:00.123,22895,22897,22895,2,-2
2024-11-12 15:04:00.191,22892,22895,22895,1,1
2024-11-12 15:04:02.151,22891,22894,22894,1,1
2024-11-12 15:04:07.118,22893,22895,22893,1,-1
2024-11-12 15:04:08.123,22893,22894,22893,1,-1
2024-11-12 15:04:08.605,22891,22893,22891,1,-1
2024-11-12 15:04:09.259,22890,22893,22890,4,-4
2024-11-12 15:04:09.645,22888,22890,22890,3,3
2024-11-12 15:04:09.645,22888,22890,22891,1,1
2024-11-12 15:04:09.645,22888,22890,22891,1,1
2024-11-12 15:04:09.749,22889,22892,22892,2,2
2024-11-12 15:04:10.734,22888,22891,22891,1,1
2024-11-12 15:04:15.541,22888,22890,22888,3,-3
2024-11-12 15:04:16.039,22886,22888,22886,1,-1
2024-11-12 15:04:16.192,22886,22888,22888,1,1
2024-11-12 15:04:16.493,22886,22887,22887,1,1
2024-11-12 15:04:19.239,22886,22887,22887,1,1
2024-11-12 15:04:20.682,22886,22887,22887,1,1
2024-11-12 15:04:20.682,22886,22887,22889,7,7
2024-11-12 15:04:20.682,22886,22887,22890,6,6
2024-11-12 15:04:20.682,22886,22887,22891,7,7
2024-11-12 15:04:20.682,22886,22887,22892,7,7
2024-11-12 15:04:20.682,22886,22887,22893,2,2
2024-11-12 15:04:21.254,22891,22893,22891,1,-1
2024-11-12 15:04:21.284,22891,22893,22892,1,-1
2024-11-12 15:04:22.116,22891,22893,22891,1,-1
2024-11-12 15:04:23.555,22891,22893,22893,1,1
2024-11-12 15:04:23.913,22892,22894,22894,1,1
2024-11-12 15:04:24.432,22894,22895,22895,2,2
2024-11-12 15:04:24.432,22894,22895,22896,1,1
2024-11-12 15:04:24.432,22894,22895,22897,8,8
2024-11-12 15:04:24.432,22894,22895,22898,4,4
2024-11-12 15:04:24.432,22894,22895,22899,5,5
2024-11-12 15:04:24.432,22894,22895,22900,10,10
2024-11-12 15:04:24.920,22898,22900,22900,4,4
2024-11-12 15:04:24.920,22898,22900,22900,2,2
2024-11-12 15:04:24.920,22898,22900,22900,2,2
2024-11-12 15:04:25.538,22900,22902,22902,1,1
2024-11-12 15:04:27.193,22903,22905,22905,1,1
2024-11-12 15:04:27.267,22903,22905,22906,1,1
2024-11-12 15:04:27.293,22903,22905,22907,1,1
2024-11-12 15:04:27.294,22903,22905,22906,2,2
2024-11-12 15:04:27.294,22903,22905,22905,5,5
2024-11-12 15:04:27.716,22906,22908,22906,1,-1
2024-11-12 15:04:28.197,22906,22908,22908,1,1
2024-11-12 15:04:29.250,22905,22908,22908,1,1
2024-11-12 15:04:29.490,22905,22908,22905,2,-2
2024-11-12 15:04:29.513,22905,22908,22905,1,-1
2024-11-12 15:04:29.673,22905,22907,22905,8,-8
2024-11-12 15:04:29.673,22905,22907,22904,2,-2
2024-11-12 15:04:29.673,22905,22907,22903,1,-1
2024-11-12 15:04:31.352,22903,22906,22903,1,-1
2024-11-12 15:04:32.694,22902,22905,22905,1,1
2024-11-12 15:04:32.850,22903,22905,22905,1,1
2024-11-12 15:04:33.943,22903,22906,22906,1,1
2024-11-12 15:04:34.168,22905,22907,22905,1,-1
2024-11-12 15:04:34.176,22905,22907,22905,1,-1
2024-11-12 15:04:34.551,22905,22907,22907,1,1
2024-11-12 15:04:35.330,22906,22908,22908,1,1
2024-11-12 15:04:35.371,22906,22908,22910,3,3
2024-11-12 15:04:36.108,22909,22911,22911,1,1
2024-11-12 15:04:36.129,22909,22911,22909,1,-1
2024-11-12 15:04:39.048,22909,22910,22909,1,-1
2024-11-12 15:04:39.338,22908,22910,22908,1,-1
2024-11-12 15:04:39.344,22908,22910,22908,1,-1
2024-11-12 15:04:39.364,22908,22910,22908,1,-1
2024-11-12 15:04:39.602,22907,22910,22907,2,-2
2024-11-12 15:04:46.389,22907,22909,22909,1,1
2024-11-12 15:04:47.628,22908,22909,22909,1,1
2024-11-12 15:04:48.258,22908,22910,22908,1,-1
2024-11-12 15:04:49.127,22908,22910,22908,1,-1
2024-11-12 15:04:50.702,22908,22909,22909,1,1
2024-11-12 15:04:50.821,22908,22909,22908,2,-2
2024-11-12 15:04:50.822,22908,22909,22908,1,-1
2024-11-12 15:04:52.323,22907,22908,22907,1,-1
2024-11-12 15:04:52.324,22907,22908,22907,8,-8
2024-11-12 15:04:52.324,22907,22908,22907,2,-2
2024-11-12 15:04:52.324,22907,22908,22907,3,-3
2024-11-12 15:04:52.590,22905,22907,22905,1,-1
2024-11-12 15:04:54.006,22904,22906,22904,1,-1
2024-11-12 15:04:54.006,22904,22906,22903,1,-1
2024-11-12 15:04:54.550,22903,22905,22903,2,-2
2024-11-12 15:04:57.985,22902,22903,22902,1,-1
2024-11-12 15:04:58.702,22900,22901,22901,1,1
2024-11-12 15:04:59.578,22900,22902,22900,4,-4
2024-11-12 15:05:00.028,22896,22899,22896,1,-1
2024-11-12 15:05:00.434,22897,22900,22897,1,-1
2024-11-12 15:05:00.520,22897,22900,22900,1,1
2024-11-12 15:05:00.809,22896,22899,22900,8,8
2024-11-12 15:05:00.809,22896,22899,22899,2,2
2024-11-12 15:05:00.822,22896,22899,22901,1,1
2024-11-12 15:05:00.824,22896,22899,22902,4,4
2024-11-12 15:05:00.824,22896,22899,22903,2,2
2024-11-12 15:05:00.825,22896,22899,22904,2,2
2024-11-12 15:05:00.869,22896,22899,22903,1,1
2024-11-12 15:05:00.909,22896,22899,22905,1,1
2024-11-12 15:05:01.093,22903,22905,22905,1,1
2024-11-12 15:05:01.216,22904,22906,22906,1,1
2024-11-12 15:05:01.439,22905,22908,22908,1,1
2024-11-12 15:05:01.656,22906,22908,22908,1,1
2024-11-12 15:05:02.120,22906,22909,22906,1,-1
2024-11-12 15:05:05.285,22906,22908,22908,2,2
2024-11-12 15:05:07.101,22905,22908,22905,1,-1
2024-11-12 15:05:07.466,22905,22906,22906,1,1
2024-11-12 15:05:07.502,22905,22906,22905,1,-1
2024-11-12 15:05:07.587,22904,22907,22906,1,1
2024-11-12 15:05:08.716,22905,22908,22908,1,1
2024-11-12 15:05:08.716,22905,22908,22909,1,1
2024-11-12 15:05:08.716,22905,22908,22909,5,5
2024-11-12 15:05:08.716,22905,22908,22910,2,2
2024-11-12 15:05:08.717,22905,22908,22910,1,1
2024-11-12 15:05:08.905,22908,22911,22911,1,1
2024-11-12 15:05:11.071,22909,22911,22909,1,-1
2024-11-12 15:05:12.561,22909,22910,22909,1,-1
2024-11-12 15:05:15.881,22906,22910,22907,1,-1
2024-11-12 15:05:20.127,22906,22908,22906,1,-1
2024-11-12 15:05:20.127,22906,22908,22905,4,-4
2024-11-12 15:05:21.320,22903,22906,22906,1,1
2024-11-12 15:05:25.242,22904,22907,22907,2,2
2024-11-12 15:05:25.242,22904,22907,22908,1,1
2024-11-12 15:05:30.416,22905,22906,22906,1,1
2024-11-12 15:05:30.487,22905,22906,22906,1,1
2024-11-12 15:05:32.866,22905,22907,22905,2,-2
2024-11-12 15:05:32.916,22905,22907,22905,2,-2
2024-11-12 15:05:32.916,22905,22907,22906,3,-3
2024-11-12 15:05:32.916,22905,22907,22907,6,6
2024-11-12 15:05:32.916,22905,22907,22908,8,8
2024-11-12 15:05:32.916,22905,22907,22909,1,1
2024-11-12 15:05:37.543,22905,22907,22905,1,-1
2024-11-12 15:05:38.670,22904,22907,22904,1,-1
2024-11-12 15:05:38.670,22904,22907,22903,1,-1
2024-11-12 15:05:42.806,22904,22906,22906,1,1
2024-11-12 15:05:42.807,22904,22906,22907,1,1
2024-11-12 15:05:44.027,22906,22908,22908,3,3
2024-11-12 15:05:44.092,22908,22909,22908,1,-1
2024-11-12 15:05:46.374,22907,22908,22907,2,-2
2024-11-12 15:05:52.042,22907,22908,22907,1,-1
2024-11-12 15:05:52.042,22907,22908,22906,1,-1
2024-11-12 15:05:52.794,22905,22908,22905,2,-2
2024-11-12 15:05:52.808,22905,22907,22905,1,-1
2024-11-12 15:06:04.111,22903,22905,22905,1,1
2024-11-12 15:06:04.111,22903,22905,22906,1,1
2024-11-12 15:06:04.279,22904,22906,22906,2,2
2024-11-12 15:06:07.493,22903,22905,22905,1,1
2024-11-12 15:06:08.386,22905,22906,22905,1,-1
2024-11-12 15:06:08.386,22905,22906,22905,1,-1
2024-11-12 15:06:09.448,22903,22906,22906,1,1
2024-11-12 15:06:09.881,22903,22905,22903,13,-13
2024-11-12 15:06:09.883,22903,22905,22902,1,-1
2024-11-12 15:06:11.157,22900,22902,22900,2,-2
2024-11-12 15:06:11.158,22900,22902,22900,2,-2
2024-11-12 15:06:11.205,22898,22901,22901,2,2
2024-11-12 15:06:11.205,22898,22901,22902,1,1
2024-11-12 15:06:11.208,22898,22901,22900,1,1
2024-11-12 15:06:12.113,22900,22902,22900,1,-1
2024-11-12 15:06:12.424,22899,22901,22899,1,-1
2024-11-12 15:06:13.375,22899,22901,22901,1,1
2024-11-12 15:06:13.747,22901,22904,22901,1,-1
2024-11-12 15:06:15.032,22900,22903,22900,1,-1
2024-11-12 15:06:16.114,22900,22903,22900,4,-4
2024-11-12 15:06:18.477,22899,22901,22899,1,-1
2024-11-12 15:06:18.572,22898,22900,22898,1,-1
2024-11-12 15:06:18.805,22898,22900,22898,1,-1
2024-11-12 15:06:21.454,22896,22897,22896,1,-1
2024-11-12 15:06:23.767,22898,22900,22900,1,1
2024-11-12 15:06:24.372,22900,22903,22900,1,-1
2024-11-12 15:06:27.631,22900,22902,22900,2,-2
2024-11-12 15:06:28.020,22900,22902,22900,2,-2
2024-11-12 15:06:28.197,22900,22902,22900,1,-1
2024-11-12 15:06:28.296,22900,22902,22900,1,-1
2024-11-12 15:06:28.644,22899,22902,22900,1,-1
2024-11-12 15:06:28.722,22899,22902,22902,2,2
2024-11-12 15:06:28.723,22899,22902,22903,5,5
2024-11-12 15:06:28.724,22899,22902,22904,1,1
2024-11-12 15:06:28.724,22899,22902,22904,1,1
2024-11-12 15:06:28.816,22903,22905,22903,1,-1
2024-11-12 15:06:29.451,22902,22905,22902,2,-2
2024-11-12 15:06:30.721,22902,22904,22902,2,-2
2024-11-12 15:06:31.948,22902,22904,22902,1,-1
2024-11-12 15:06:33.095,22902,22904,22904,1,1
2024-11-12 15:06:33.593,22902,22904,22903,1,1
2024-11-12 15:06:35.235,22903,22904,22903,1,-1
2024-11-12 15:06:38.900,22902,22904,22902,6,-6
2024-11-12 15:06:38.901,22902,22904,22902,2,-2
2024-11-12 15:06:39.134,22900,22903,22903,3,3
2024-11-12 15:06:41.362,22900,22901,22900,1,-1
2024-11-12 15:06:43.909,22899,22901,22901,1,1
2024-11-12 15:06:45.513,22899,22900,22899,2,-2
2024-11-12 15:06:45.746,22898,22900,22898,1,-1
2024-11-12 15:06:49.812,22898,22900,22900,1,1
2024-11-12 15:06:51.425,22898,22900,22898,1,-1
2024-11-12 15:06:51.523,22898,22900,22898,1,-1
2024-11-12 15:06:51.523,22898,22900,22899,1,-1
2024-11-12 15:06:55.558,22898,22899,22898,1,-1
2024-11-12 15:06:59.581,22896,22898,22895,1,-1
2024-11-12 15:06:59.581,22896,22898,22895,1,-1
2024-11-12 15:06:59.581,22896,22898,22896,2,-2
2024-11-12 15:06:59.581,22896,22898,22895,1,-1
2024-11-12 15:06:59.775,22894,22896,22894,2,-2
2024-11-12 15:06:59.775,22894,22896,22893,1,-1
2024-11-12 15:07:00.653,22893,22895,22893,2,-2
2024-11-12 15:07:01.216,22891,22893,22891,1,-1
2024-11-12 15:07:01.216,22891,22893,22892,1,-1
2024-11-12 15:07:01.216,22891,22893,22891,1,-1
2024-11-12 15:07:01.216,22891,22893,22891,1,-1
2024-11-12 15:07:01.216,22891,22893,22891,1,-1
2024-11-12 15:07:02.289,22888,22891,22888,1,-1
2024-11-12 15:07:02.386,22888,22891,22888,1,-1
2024-11-12 15:07:04.197,22888,22891,22891,1,1
2024-11-12 15:07:06.503,22888,22891,22891,1,1
2024-11-12 15:07:07.670,22888,22891,22888,1,-1
2024-11-12 15:07:14.873,22890,22891,22890,1,-1
2024-11-12 15:07:20.750,22890,22891,22891,1,1
2024-11-12 15:07:24.774,22890,22893,22890,1,-1
2024-11-12 15:07:25.187,22890,22893,22890,1,-1
2024-11-12 15:07:27.490,22890,22892,22892,1,1
2024-11-12 15:07:29.204,22890,22893,22893,1,1
2024-11-12 15:07:32.847,22890,22893,22895,2,2
2024-11-12 15:07:32.847,22890,22893,22894,8,8
2024-11-12 15:07:32.847,22890,22893,22893,5,5
2024-11-12 15:07:33.813,22893,22896,22896,1,1
2024-11-12 15:07:34.113,22894,22897,22899,1,1
2024-11-12 15:07:35.405,22895,22897,22895,1,-1
2024-11-12 15:07:36.448,22895,22897,22897,1,1
2024-11-12 15:07:39.491,22897,22899,22899,2,2
2024-11-12 15:07:39.520,22897,22899,22899,1,1
2024-11-12 15:07:39.755,22898,22900,22898,1,-1
2024-11-12 15:07:40.325,22898,22900,22900,1,1
2024-11-12 15:07:41.435,22899,22901,22901,1,1
2024-11-12 15:07:42.249,22901,22903,22901,1,-1
2024-11-12 15:07:42.324,22901,22903,22903,1,1
2024-11-12 15:07:44.254,22902,22904,22902,1,-1
2024-11-12 15:07:48.243,22902,22903,22902,1,-1
2024-11-12 15:07:51.993,22899,22902,22902,1,1
2024-11-12 15:07:55.331,22900,22902,22902,1,1
2024-11-12 15:07:55.331,22900,22902,22903,2,2
2024-11-12 15:07:57.445,22901,22902,22902,1,1
2024-11-12 15:08:01.828,22901,22902,22903,4,4
2024-11-12 15:08:01.828,22901,22902,22904,9,9
2024-11-12 15:08:01.828,22901,22902,22902,1,1
2024-11-12 15:08:01.829,22901,22902,22904,1,1
2024-11-12 15:08:04.470,22901,22903,22903,2,2
2024-11-12 15:08:08.677,22901,22902,22901,1,-1
2024-11-12 15:08:08.882,22900,22902,22900,1,-1
2024-11-12 15:08:08.886,22900,22902,22900,1,-1
2024-11-12 15:08:08.970,22899,22902,22899,1,-1
2024-11-12 15:08:09.714,22901,22902,22902,2,2
2024-11-12 15:08:10.237,22901,22903,22903,2,2
2024-11-12 15:08:10.238,22901,22903,22904,4,4
2024-11-12 15:08:12.973,22903,22905,22903,1,-1
2024-11-12 15:08:15.105,22903,22905,22903,1,-1
2024-11-12 15:08:16.376,22903,22905,22903,1,-1
2024-11-12 15:08:17.238,22903,22905,22905,1,1
2024-11-12 15:08:21.098,22903,22905,22903,11,-11
2024-11-12 15:08:21.453,22900,22903,22900,1,-1
2024-11-12 15:08:21.454,22900,22903,22900,1,-1
2024-11-12 15:08:40.201,22901,22903,22901,3,-3
2024-11-12 15:08:40.201,22901,22903,22900,10,-10
2024-11-12 15:08:40.831,22899,22900,22899,1,-1
2024-11-12 15:08:57.396,22897,22899,22897,2,-2
2024-11-12 15:08:57.396,22897,22899,22897,3,-3
2024-11-12 15:08:57.397,22897,22899,22897,7,-7
2024-11-12 15:08:57.397,22897,22899,22897,3,-3
2024-11-12 15:08:59.427,22895,22899,22899,1,1
2024-11-12 15:09:00.493,22896,22899,22899,1,1
2024-11-12 15:09:20.518,22897,22899,22897,2,-2
2024-11-12 15:09:20.519,22897,22899,22897,1,-1
2024-11-12 15:09:20.579,22895,22898,22898,1,1
2024-11-12 15:09:27.419,22896,22898,22898,1,1
2024-11-12 15:09:36.534,22895,22898,22895,1,-1
2024-11-12 15:09:36.637,22892,22896,22893,1,-1
2024-11-12 15:09:37.162,22893,22896,22896,1,1
2024-11-12 15:09:43.269,22894,22896,22896,3,3
2024-11-12 15:09:43.269,22894,22896,22897,1,1
2024-11-12 15:09:57.908,22897,22899,22897,1,-1
2024-11-12 15:09:59.966,22897,22899,22899,1,1
2024-11-12 15:10:00.111,22897,22899,22899,2,2
2024-11-12 15:10:00.438,22897,22900,22900,1,1
2024-11-12 15:10:00.465,22897,22900,22897,1,-1
2024-11-12 15:10:00.514,22897,22900,22898,1,-1
2024-11-12 15:10:01.669,22895,22898,22895,1,-1
2024-11-12 15:10:01.671,22895,22898,22894,1,-1
2024-11-12 15:10:03.560,22891,22893,22893,1,1
2024-11-12 15:10:04.656,22889,22892,22889,2,-2
2024-11-12 15:10:04.819,22888,22889,22889,1,1
2024-11-12 15:10:05.192,22888,22889,22888,1,-1
2024-11-12 15:10:05.240,22888,22889,22888,1,-1
2024-11-12 15:10:05.554,22888,22889,22888,1,-1
2024-11-12 15:10:06.031,22888,22889,22888,1,-1
2024-11-12 15:10:07.615,22888,22889,22889,1,1
2024-11-12 15:10:08.463,22888,22889,22888,1,-1
2024-11-12 15:10:09.730,22887,22889,22887,1,-1
2024-11-12 15:10:13.536,22887,22888,22888,1,1
2024-11-12 15:10:15.581,22887,22888,22888,1,1
2024-11-12 15:10:15.581,22887,22888,22888,3,3
2024-11-12 15:10:15.582,22887,22888,22889,1,1
2024-11-12 15:10:15.582,22887,22888,22889,2,2
2024-11-12 15:10:15.582,22887,22888,22889,1,1
2024-11-12 15:10:20.368,22888,22891,22888,1,-1
2024-11-12 15:10:20.881,22888,22891,22888,1,-1
2024-11-12 15:10:21.791,22887,22890,22887,5,-5
2024-11-12 15:10:22.166,22886,22890,22886,4,-4
2024-11-12 15:10:22.167,22886,22890,22886,1,-1
2024-11-12 15:10:22.167,22886,22890,22886,1,-1
2024-11-12 15:10:22.167,22886,22890,22886,2,-2
2024-11-12 15:10:22.230,22885,22887,22887,1,1
2024-11-12 15:10:25.195,22885,22888,22888,1,1
2024-11-12 15:10:25.400,22885,22888,22885,1,-1
2024-11-12 15:10:25.444,22885,22888,22885,2,-2
2024-11-12 15:10:25.970,22885,22888,22888,1,1
2024-11-12 15:10:28.457,22885,22887,22885,1,-1
2024-11-12 15:10:31.110,22882,22885,22885,1,1
2024-11-12 15:10:32.227,22882,22884,22882,1,-1
2024-11-12 15:10:33.908,22882,22883,22882,1,-1
2024-11-12 15:10:33.909,22882,22883,22882,2,-2
2024-11-12 15:10:33.909,22882,22883,22882,1,-1
2024-11-12 15:10:34.656,22881,22884,22881,1,-1
2024-11-12 15:10:35.158,22881,22884,22881,1,-1
2024-11-12 15:10:37.898,22881,22884,22881,1,-1
2024-11-12 15:10:43.550,22882,22885,22884,1,1
2024-11-12 15:10:48.647,22882,22884,22884,1,1
2024-11-12 15:10:48.697,22882,22884,22884,1,1
2024-11-12 15:11:00.005,22883,22885,22885,1,1
2024-11-12 15:11:00.121,22884,22886,22884,1,-1
2024-11-12 15:11:01.396,22883,22886,22884,1,-1
2024-11-12 15:11:02.913,22883,22884,22883,1,-1
2024-11-12 15:11:02.946,22882,22884,22882,1,-1
2024-11-12 15:11:03.132,22881,22883,22881,1,-1
2024-11-12 15:11:03.176,22881,22883,22880,3,-3
2024-11-12 15:11:03.176,22881,22883,22880,1,-1
2024-11-12 15:11:03.176,22881,22883,22880,1,-1
2024-11-12 15:11:03.535,22878,22880,22880,2,2
2024-11-12 15:11:03.535,22878,22880,22881,9,9
2024-11-12 15:11:03.535,22878,22880,22882,4,4
2024-11-12 15:11:05.574,22880,22882,22884,8,8
2024-11-12 15:11:05.574,22880,22882,22883,6,6
2024-11-12 15:11:05.574,22880,22882,22882,1,1
2024-11-12 15:11:05.576,22880,22882,22884,1,1
2024-11-12 15:11:05.590,22880,22882,22884,2,2
2024-11-12 15:11:05.920,22884,22887,22884,1,-1
2024-11-12 15:11:06.220,22884,22886,22884,1,-1
2024-11-12 15:11:06.273,22884,22886,22884,1,-1
2024-11-12 15:11:07.743,22883,22886,22886,5,5
2024-11-12 15:11:07.744,22883,22886,22887,1,1
2024-11-12 15:11:12.331,22887,22889,22887,1,-1
2024-11-12 15:11:12.724,22886,22889,22889,1,1
2024-11-12 15:11:16.424,22887,22889,22889,2,2
2024-11-12 15:11:16.425,22887,22889,22890,4,4
2024-11-12 15:11:17.004,22891,22892,22892,1,1
2024-11-12 15:11:17.032,22891,22892,22891,1,-1
2024-11-12 15:11:17.033,22891,22892,22891,1,-1
2024-11-12 15:11:17.134,22889,22891,22889,1,-1
2024-11-12 15:11:19.921,22889,22891,22891,1,1
2024-11-12 15:11:20.270,22889,22891,22891,2,2
2024-11-12 15:11:20.270,22889,22891,22892,4,4
2024-11-12 15:11:24.477,22892,22893,22893,3,3
2024-11-12 15:11:24.477,22892,22893,22893,2,2
2024-11-12 15:11:25.181,22892,22894,22894,1,1
2024-11-12 15:11:25.379,22893,22896,22896,1,1
2024-11-12 15:11:26.145,22894,22896,22897,1,1
2024-11-12 15:11:26.256,22895,22898,22895,1,-1
2024-11-12 15:11:31.052,22897,22899,22896,1,-1
2024-11-12 15:11:32.957,22897,22899,22899,1,1
2024-11-12 15:11:32.958,22897,22899,22899,1,1
2024-11-12 15:11:32.959,22897,22899,22899,1,1
2024-11-12 15:11:35.526,22899,22900,22900,2,2
2024-11-12 15:11:35.526,22899,22900,22900,6,6
2024-11-12 15:11:35.590,22900,22903,22900,2,-2
2024-11-12 15:11:35.700,22900,22902,22900,1,-1
2024-11-12 15:11:39.789,22898,22900,22900,1,1
2024-11-12 15:11:40.182,22898,22900,22900,1,1
2024-11-12 15:11:41.736,22901,22903,22901,1,-1
2024-11-12 15:11:41.880,22900,22903,22903,2,2
2024-11-12 15:11:43.765,22900,22903,22903,2,2
2024-11-12 15:11:44.143,22901,22903,22901,1,-1
2024-11-12 15:11:45.186,22901,22903,22903,2,2
2024-11-12 15:11:46.089,22901,22903,22903,3,3
2024-11-12 15:11:49.740,22901,22902,22901,3,-3
2024-11-12 15:11:53.486,22901,22902,22902,1,1
2024-11-12 15:11:54.393,22902,22904,22902,1,-1
2024-11-12 15:12:00.186,22902,22904,22902,5,-5
2024-11-12 15:12:00.186,22902,22904,22902,1,-1
2024-11-12 15:12:00.188,22902,22904,22901,1,-1
2024-11-12 15:12:01.667,22901,22904,22901,2,-2
2024-11-12 15:12:01.668,22901,22904,22901,1,-1
2024-11-12 15:12:01.688,22900,22902,22902,1,1
2024-11-12 15:12:10.595,22900,22901,22900,2,-2
2024-11-12 15:12:10.595,22900,22901,22900,1,-1
2024-11-12 15:12:13.111,22898,22900,22898,1,-1
2024-11-12 15:12:13.185,22897,22899,22899,1,1
2024-11-12 15:12:13.186,22897,22899,22900,1,1
2024-11-12 15:12:13.186,22897,22899,22900,1,1
2024-11-12 15:12:13.187,22897,22899,22901,1,1
2024-11-12 15:12:13.189,22897,22899,22902,1,1
2024-11-12 15:12:13.199,22897,22899,22900,1,1
2024-11-12 15:12:17.708,22898,22900,22900,1,1
2024-11-12 15:12:18.858,22899,22901,22901,1,1
2024-11-12 15:12:20.264,22900,22901,22901,1,1
2024-11-12 15:12:20.295,22900,22901,22901,1,1
2024-11-12 15:12:25.414,22901,22902,22902,1,1
2024-11-12 15:12:25.414,22901,22902,22903,2,2
2024-11-12 15:12:26.066,22901,22903,22901,1,-1
2024-11-12 15:12:26.189,22901,22903,22901,1,-1
2024-11-12 15:12:27.003,22900,22902,22902,1,1
2024-11-12 15:12:27.061,22900,22903,22903,1,1
2024-11-12 15:12:27.062,22900,22903,22903,1,1
2024-11-12 15:12:27.062,22900,22903,22903,1,1
2024-11-12 15:12:35.445,22900,22902,22900,1,-1
2024-11-12 15:12:37.927,22900,22902,22902,1,1
2024-11-12 15:12:42.922,22901,22903,22903,1,1
2024-11-12 15:12:48.560,22901,22902,22902,1,1
2024-11-12 15:12:52.013,22902,22903,22903,1,1
2024-11-12 15:12:52.201,22902,22904,22904,3,3
2024-11-12 15:12:52.202,22902,22904,22905,2,2
2024-11-12 15:12:52.203,22902,22904,22905,3,3
2024-11-12 15:12:52.204,22902,22904,22905,1,1
2024-11-12 15:12:52.204,22902,22904,22905,2,2
2024-11-12 15:12:54.166,22905,22906,22906,2,2
2024-11-12 15:12:54.166,22905,22906,22906,1,1
2024-11-12 15:12:54.166,22905,22906,22906,1,1
2024-11-12 15:12:54.166,22905,22906,22906,1,1
2024-11-12 15:12:54.406,22906,22907,22906,1,-1
2024-11-12 15:12:54.472,22905,22907,22907,1,1
2024-11-12 15:12:54.472,22905,22907,22907,2,2
2024-11-12 15:12:55.233,22906,22908,22908,1,1
2024-11-12 15:12:57.901,22906,22908,22907,1,1
2024-11-12 15:12:58.276,22906,22908,22908,1,1
2024-11-12 15:13:00.621,22906,22908,22908,1,1
2024-11-12 15:13:00.935,22906,22908,22906,1,-1
2024-11-12 15:13:05.119,22904,22907,22907,1,1
2024-11-12 15:13:06.345,22904,22907,22904,1,-1
2024-11-12 15:13:06.760,22902,22905,22905,1,1
2024-11-12 15:13:07.039,22902,22905,22905,1,1
2024-11-12 15:13:08.605,22902,22905,22905,1,1
2024-11-12 15:13:11.133,22901,22904,22904,1,1
2024-11-12 15:13:16.960,22900,22903,22903,1,1
2024-11-12 15:13:21.518,22900,22903,22900,4,-4
2024-11-12 15:13:21.520,22900,22903,22899,1,-1
2024-11-12 15:13:22.004,22898,22900,22898,2,-2
2024-11-12 15:13:22.064,22896,22899,22899,1,1
2024-11-12 15:13:24.011,22897,22899,22897,1,-1
2024-11-12 15:13:24.011,22897,22899,22896,1,-1
2024-11-12 15:13:25.817,22896,22899,22896,1,-1
2024-11-12 15:13:32.088,22897,22899,22897,1,-1
2024-11-12 15:13:35.925,22897,22899,22897,2,-2
2024-11-12 15:13:35.969,22896,22898,22896,1,-1
2024-11-12 15:13:35.969,22896,22898,22896,1,-1
2024-11-12 15:13:47.865,22896,22899,22899,1,1
2024-11-12 15:13:50.479,22898,22900,22898,3,-3
2024-11-12 15:13:52.523,22898,22900,22900,20,20
2024-11-12 15:13:52.523,22898,22900,22900,1,1
2024-11-12 15:13:56.810,22900,22902,22902,1,1
2024-11-12 15:13:59.319,22900,22902,22900,1,-1
2024-11-12 15:14:06.089,22901,22902,22901,1,-1
2024-11-12 15:14:06.755,22901,22902,22902,1,1
2024-11-12 15:14:06.755,22901,22902,22902,1,1
2024-11-12 15:14:06.758,22901,22902,22903,1,1
2024-11-12 15:14:10.085,22901,22904,22904,1,1
2024-11-12 15:14:16.155,22903,22905,22903,1,-1
2024-11-12 15:14:16.474,22903,22904,22903,1,-1
2024-11-12 15:14:16.498,22903,22904,22904,1,1
2024-11-12 15:14:22.930,22901,22903,22903,1,1
2024-11-12 15:14:25.660,22901,22903,22903,1,1
2024-11-12 15:14:30.583,22900,22902,22900,1,-1
2024-11-12 15:14:33.965,22898,22900,22900,1,1
2024-11-12 15:14:40.328,22899,22902,22903,3,3
2024-11-12 15:14:40.328,22899,22902,22902,7,7
2024-11-12 15:14:44.220,22901,22903,22903,1,1
2024-11-12 15:14:44.220,22901,22903,22904,4,4
2024-11-12 15:14:44.220,22901,22903,22905,5,5
2024-11-12 15:14:44.741,22903,22906,22903,1,-1
2024-11-12 15:14:49.637,22903,22905,22905,1,1
2024-11-12 15:14:49.637,22903,22905,22906,5,5
2024-11-12 15:14:49.637,22903,22905,22906,1,1
2024-11-12 15:14:49.637,22903,22905,22907,4,4
2024-11-12 15:14:49.638,22903,22905,22907,1,1
2024-11-12 15:14:49.638,22903,22905,22907,1,1
2024-11-12 15:14:49.639,22903,22905,22907,2,2
2024-11-12 15:14:50.632,22904,22907,22904,1,-1
2024-11-12 15:14:53.423,22903,22906,22906,6,6
2024-11-12 15:14:53.423,22903,22906,22907,7,7
2024-11-12 15:14:53.423,22903,22906,22908,7,7
2024-11-12 15:14:54.571,22905,22908,22905,1,-1
2024-11-12 15:15:00.050,22904,22907,22904,1,-1
2024-11-12 15:15:00.345,22904,22907,22907,1,1
2024-11-12 15:15:00.491,22904,22907,22902,1,-1
2024-11-12 15:15:00.491,22904,22907,22903,8,-8
2024-11-12 15:15:00.491,22904,22907,22904,3,-3
2024-11-12 15:15:08.998,22901,22902,22902,4,4
2024-11-12 15:15:09.218,22901,22903,22901,1,-1
2024-11-12 15:15:10.149,22900,22902,22902,1,1
2024-11-12 15:15:13.477,22898,22900,22900,5,5
2024-11-12 15:15:13.678,22901,22904,22901,1,-1
2024-11-12 15:15:20.859,22901,22903,22903,1,1
2024-11-12 15:15:29.246,22904,22905,22904,1,-1
2024-11-12 15:15:29.443,22903,22905,22903,1,-1
2024-11-12 15:15:29.443,22903,22905,22903,7,-7
2024-11-12 15:15:29.444,22903,22905,22903,6,-6
2024-11-12 15:15:30.393,22900,22902,22900,1,-1
2024-11-12 15:15:30.395,22900,22902,22900,1,-1
2024-11-12 15:15:40.502,22900,22902,22900,1,-1
2024-11-12 15:15:42.811,22900,22902,22902,1,1
2024-11-12 15:15:42.811,22900,22902,22903,1,1
2024-11-12 15:15:43.093,22901,22903,22901,1,-1
2024-11-12 15:15:44.705,22900,22902,22902,2,2
2024-11-12 15:15:48.869,22902,22903,22903,1,1
2024-11-12 15:15:50.442,22902,22903,22903,1,1
2024-11-12 15:15:51.254,22902,22904,22902,2,-2
2024-11-12 15:15:56.007,22902,22904,22904,1,1
2024-11-12 15:15:56.479,22903,22904,22903,1,-1
2024-11-12 15:16:06.680,22900,22902,22902,4,4
2024-11-12 15:16:06.681,22900,22902,22902,7,7
2024-11-12 15:16:06.697,22900,22902,22902,1,1
2024-11-12 15:16:06.697,22900,22902,22902,1,1
2024-11-12 15:16:06.697,22900,22902,22902,1,1
2024-11-12 15:16:06.698,22900,22902,22902,1,1
2024-11-12 15:16:06.720,22900,22902,22903,1,1
2024-11-12 15:16:06.770,22900,22902,22902,1,1
2024-11-12 15:16:07.290,22900,22901,22900,1,-1
2024-11-12 15:16:07.311,22900,22901,22901,1,1
2024-11-12 15:16:07.312,22900,22901,22901,1,1
2024-11-12 15:16:07.312,22900,22901,22903,1,1
2024-11-12 15:16:07.312,22900,22901,22903,1,1
2024-11-12 15:16:07.312,22900,22901,22904,1,1
2024-11-12 15:16:07.312,22900,22901,22904,1,1
2024-11-12 15:16:07.313,22900,22901,22904,1,1
2024-11-12 15:16:15.563,22901,22904,22901,1,-1
2024-11-12 15:16:15.563,22901,22904,22900,2,-2
2024-11-12 15:16:23.442,22900,22901,22901,1,1
2024-11-12 15:16:34.944,22900,22902,22900,4,-4
2024-11-12 15:16:35.062,22898,22901,22902,1,1
2024-11-12 15:16:35.062,22898,22901,22901,1,1
2024-11-12 15:16:35.062,22898,22901,22901,1,1
2024-11-12 15:16:35.062,22898,22901,22901,1,1
2024-11-12 15:16:35.062,22898,22901,22901,1,1
2024-11-12 15:16:35.062,22898,22901,22901,1,1
2024-11-12 15:16:35.063,22898,22901,22902,1,1
2024-11-12 15:16:35.063,22898,22901,22902,1,1
2024-11-12 15:16:35.063,22898,22901,22902,1,1
2024-11-12 15:16:35.068,22898,22901,22903,1,1
2024-11-12 15:16:35.186,22900,22903,22903,1,1
2024-11-12 15:16:35.186,22900,22903,22903,1,1
2024-11-12 15:16:35.188,22900,22903,22903,1,1
2024-11-12 15:16:35.188,22900,22903,22904,1,1
2024-11-12 15:16:35.188,22900,22903,22904,1,1
2024-11-12 15:16:35.188,22900,22903,22903,1,1
2024-11-12 15:16:35.188,22900,22903,22903,1,1
2024-11-12 15:16:35.188,22900,22903,22904,1,1
2024-11-12 15:16:35.188,22900,22903,22903,1,1
2024-11-12 15:16:35.188,22900,22903,22903,1,1
2024-11-12 15:16:35.188,22900,22903,22903,2,2
2024-11-12 15:16:35.188,22900,22903,22903,1,1
2024-11-12 15:16:35.188,22900,22903,22903,1,1
2024-11-12 15:16:35.191,22900,22903,22905,1,1
2024-11-12 15:16:35.191,22900,22903,22905,1,1
2024-11-12 15:16:37.480,22902,22905,22902,2,-2
2024-11-12 15:16:37.562,22900,22904,22904,1,1
2024-11-12 15:16:37.562,22900,22904,22904,1,1
2024-11-12 15:16:37.818,22902,22905,22902,1,-1
2024-11-12 15:16:37.857,22902,22905,22902,1,-1
2024-11-12 15:16:37.956,22901,22904,22901,1,-1
2024-11-12 15:16:44.037,22901,22903,22901,1,-1
2024-11-12 15:16:45.193,22899,22901,22901,1,1
2024-11-12 15:16:45.311,22900,22903,22903,1,1
2024-11-12 15:16:45.312,22900,22903,22903,1,1
2024-11-12 15:16:45.312,22900,22903,22903,1,1
2024-11-12 15:16:45.680,22901,22903,22901,1,-1
2024-11-12 15:17:02.341,22901,22903,22901,1,-1
2024-11-12 15:17:02.389,22901,22903,22901,1,-1
2024-11-12 15:17:02.626,22900,22903,22900,1,-1
2024-11-12 15:17:09.774,22900,22902,22901,1,-1
2024-11-12 15:17:12.338,22900,22902,22900,1,-1
2024-11-12 15:17:12.375,22900,22902,22899,1,-1
2024-11-12 15:17:12.436,22898,22899,22898,1,-1
2024-11-12 15:17:12.437,22898,22899,22898,1,-1
2024-11-12 15:17:12.437,22898,22899,22898,1,-1
2024-11-12 15:17:13.963,22897,22899,22897,1,-1
2024-11-12 15:17:16.261,22897,22900,22900,8,8
2024-11-12 15:17:22.744,22900,22901,22901,1,1
2024-11-12 15:17:23.125,22900,22902,22902,1,1
2024-11-12 15:17:23.186,22902,22903,22902,1,-1
2024-11-12 15:17:38.344,22901,22902,22901,1,-1
2024-11-12 15:17:41.415,22901,22902,22901,1,-1
2024-11-12 15:17:51.088,22900,22902,22903,5,5
2024-11-12 15:17:51.088,22900,22902,22902,2,2
2024-11-12 15:17:51.089,22900,22902,22903,4,4
2024-11-12 15:17:51.152,22900,22902,22904,1,1
2024-11-12 15:17:54.847,22901,22903,22901,1,-1
2024-11-12 15:17:56.381,22902,22904,22904,1,1
2024-11-12 15:17:58.500,22902,22904,22904,1,1
2024-11-12 15:18:05.567,22903,22904,22903,2,-2
2024-11-12 15:18:05.905,22902,22904,22902,1,-1
2024-11-12 15:18:15.101,22901,22903,22902,1,-1
2024-11-12 15:18:15.187,22902,22903,22903,1,1
2024-11-12 15:18:31.237,22902,22903,22902,1,-1
2024-11-12 15:18:31.312,22901,22903,22903,1,1
2024-11-12 15:18:55.426,22901,22903,22901,2,-2
2024-11-12 15:18:55.436,22901,22903,22903,1,1
2024-11-12 15:18:55.436,22901,22903,22903,1,1
2024-11-12 15:18:55.437,22901,22903,22903,1,1
2024-11-12 15:19:00.396,22901,22903,22901,1,-1
2024-11-12 15:19:07.092,22901,22902,22901,1,-1
2024-11-12 15:19:07.717,22900,22902,22900,2,-2
2024-11-12 15:19:07.717,22900,22902,22900,1,-1
2024-11-12 15:19:07.717,22900,22902,22900,1,-1
2024-11-12 15:19:07.718,22900,22902,22900,3,-3
2024-11-12 15:19:07.718,22900,22902,22900,1,-1
2024-11-12 15:19:07.718,22900,22902,22900,1,-1
2024-11-12 15:19:07.718,22900,22902,22900,1,-1
2024-11-12 15:19:07.718,22900,22902,22900,1,-1
2024-11-12 15:19:07.718,22900,22902,22900,3,-3
2024-11-12 15:19:10.914,22898,22900,22898,2,-2
2024-11-12 15:19:11.891,22898,22900,22898,1,-1
2024-11-12 15:19:12.891,22898,22900,22898,1,-1
2024-11-12 15:19:13.406,22898,22900,22898,1,-1
2024-11-12 15:19:21.512,22898,22899,22898,1,-1
2024-11-12 15:19:25.636,22897,22899,22897,1,-1
2024-11-12 15:19:29.977,22897,22898,22897,1,-1
2024-11-12 15:19:30.263,22896,22898,22896,1,-1
2024-11-12 15:19:32.600,22897,22898,22898,1,1
2024-11-12 15:19:34.351,22898,22900,22898,1,-1
2024-11-12 15:19:40.531,22899,22900,22899,1,-1
2024-11-12 15:19:41.375,22898,22899,22899,1,1
2024-11-12 15:19:42.618,22898,22899,22898,5,-5
2024-11-12 15:19:42.618,22898,22899,22897,3,-3
2024-11-12 15:19:43.573,22896,22899,22896,1,-1
2024-11-12 15:19:45.063,22896,22899,22896,1,-1
2024-11-12 15:19:47.640,22897,22898,22897,1,-1
2024-11-12 15:19:49.368,22897,22898,22897,1,-1
2024-11-12 15:19:51.641,22897,22898,22897,1,-1
2024-11-12 15:19:54.889,22896,22897,22896,1,-1
2024-11-12 15:19:54.890,22896,22897,22896,1,-1
2024-11-12 15:19:55.207,22895,22896,22895,1,-1
2024-11-12 15:19:55.207,22895,22896,22895,1,-1
2024-11-12 15:19:57.383,22894,22896,22894,2,-2
2024-11-12 15:19:58.600,22893,22894,22893,1,-1
2024-11-12 15:19:58.773,22892,22894,22892,1,-1
2024-11-12 15:19:59.235,22892,22893,22892,1,-1
2024-11-12 15:19:59.269,22892,22893,22892,1,-1
2024-11-12 15:19:59.270,22892,22893,22892,2,-2
2024-11-12 15:19:59.270,22892,22893,22892,2,-2
2024-11-12 15:19:59.272,22892,22893,22892,7,-7
2024-11-12 15:19:59.272,22892,22893,22892,1,-1
2024-11-12 15:19:59.272,22892,22893,22892,1,-1
2024-11-12 15:19:59.272,22892,22893,22892,1,-1
2024-11-12 15:19:59.272,22892,22893,22892,1,-1
2024-11-12 15:19:59.345,22891,22893,22891,1,-1
2024-11-12 15:20:00.088,22890,22893,22890,1,-1
2024-11-12 15:20:00.263,22890,22892,22890,1,-1
2024-11-12 15:20:01.849,22890,22892,22892,1,1
2024-11-12 15:20:02.197,22890,22892,22890,1,-1
2024-11-12 15:20:02.542,22890,22892,22890,1,-1
2024-11-12 15:20:04.771,22890,22893,22891,1,-1
2024-11-12 15:20:08.821,22888,22890,22888,1,-1
2024-11-12 15:20:10.943,22888,22890,22888,2,-2
2024-11-12 15:20:12.126,22887,22888,22887,1,-1
2024-11-12 15:20:13.705,22887,22889,22887,1,-1
2024-11-12 15:20:17.879,22886,22887,22886,1,-1
2024-11-12 15:20:17.879,22886,22887,22886,1,-1
2024-11-12 15:20:18.343,22885,22887,22887,1,1
2024-11-12 15:20:23.055,22885,22886,22888,1,1
2024-11-12 15:20:23.055,22885,22886,22887,2,2
2024-11-12 15:20:23.055,22885,22886,22886,1,1
2024-11-12 15:20:30.354,22886,22888,22886,4,-4
2024-11-12 15:20:43.605,22886,22887,22886,1,-1
2024-11-12 15:20:46.490,22885,22886,22886,1,1
2024-11-12 15:20:51.461,22885,22886,22885,1,-1
2024-11-12 15:20:54.141,22885,22886,22885,1,-1
2024-11-12 15:20:54.141,22885,22886,22885,1,-1
2024-11-12 15:20:55.382,22884,22886,22886,1,1
2024-11-12 15:20:56.990,22884,22886,22884,1,-1
2024-11-12 15:21:00.317,22884,22885,22885,1,1
2024-11-12 15:21:00.678,22884,22885,22884,1,-1
2024-11-12 15:21:02.183,22884,22885,22884,2,-2
2024-11-12 15:21:02.963,22883,22884,22883,1,-1
2024-11-12 15:21:05.204,22883,22884,22884,1,1
2024-11-12 15:21:05.395,22883,22884,22884,3,3
2024-11-12 15:21:05.553,22884,22885,22883,1,-1
2024-11-12 15:21:06.769,22882,22885,22883,1,-1
2024-11-12 15:21:09.824,22882,22883,22883,2,2
2024-11-12 15:21:10.060,22882,22884,22882,1,-1
2024-11-12 15:21:10.530,22881,22884,22881,3,-3
2024-11-12 15:21:10.530,22881,22884,22880,7,-7
2024-11-12 15:21:10.575,22880,22883,22880,1,-1
2024-11-12 15:21:10.655,22880,22883,22880,1,-1
2024-11-12 15:21:10.723,22880,22882,22880,1,-1
2024-11-12 15:21:11.058,22879,22882,22882,2,2
2024-11-12 15:21:11.840,22879,22882,22879,2,-2
2024-11-12 15:21:14.515,22879,22882,22879,1,-1
2024-11-12 15:21:18.258,22878,22880,22878,1,-1
2024-11-12 15:21:18.531,22878,22879,22879,1,1
2024-11-12 15:21:18.905,22878,22879,22878,1,-1
2024-11-12 15:21:19.377,22877,22879,22879,1,1
2024-11-12 15:21:20.249,22878,22879,22878,1,-1
2024-11-12 15:21:20.440,22877,22879,22879,1,1
2024-11-12 15:21:23.066,22877,22879,22877,1,-1
2024-11-12 15:21:23.644,22877,22879,22877,1,-1
2024-11-12 15:21:28.375,22876,22877,22876,1,-1
2024-11-12 15:21:28.379,22876,22877,22876,1,-1
2024-11-12 15:21:29.196,22875,22876,22875,1,-1
2024-11-12 15:21:29.339,22875,22876,22876,1,1
2024-11-12 15:21:30.810,22875,22876,22876,1,1
2024-11-12 15:21:30.897,22875,22876,22875,1,-1
2024-11-12 15:21:31.157,22875,22877,22875,1,-1
2024-11-12 15:21:31.158,22875,22877,22875,1,-1
2024-11-12 15:21:31.263,22874,22876,22876,4,4
2024-11-12 15:21:34.103,22874,22876,22874,1,-1
2024-11-12 15:21:34.227,22873,22875,22875,1,1
2024-11-12 15:21:35.208,22873,22875,22873,1,-1
2024-11-12 15:21:35.342,22872,22875,22875,1,1
2024-11-12 15:21:37.255,22874,22875,22874,1,-1
2024-11-12 15:21:37.255,22874,22875,22873,1,-1
2024-11-12 15:21:37.255,22874,22875,22872,8,-8
2024-11-12 15:21:37.382,22872,22874,22874,1,1
2024-11-12 15:21:38.825,22872,22874,22874,1,1
2024-11-12 15:21:40.980,22872,22874,22872,1,-1
2024-11-12 15:21:41.865,22872,22874,22872,1,-1
2024-11-12 15:21:44.449,22872,22873,22872,1,-1
2024-11-12 15:21:44.450,22872,22873,22872,2,-2
2024-11-12 15:21:44.521,22872,22873,22872,1,-1
2024-11-12 15:21:44.521,22872,22873,22872,3,-3
2024-11-12 15:21:44.521,22872,22873,22872,2,-2
2024-11-12 15:21:44.521,22872,22873,22872,6,-6
2024-11-12 15:21:44.522,22872,22873,22872,1,-1
2024-11-12 15:21:44.522,22872,22873,22871,8,-8
2024-11-12 15:21:44.623,22870,22872,22872,1,1
2024-11-12 15:21:44.643,22870,22872,22870,1,-1
2024-11-12 15:21:44.747,22870,22872,22872,1,1
2024-11-12 15:21:46.338,22870,22872,22870,1,-1
2024-11-12 15:21:46.971,22870,22872,22870,1,-1
2024-11-12 15:21:48.213,22870,22871,22870,1,-1
2024-11-12 15:21:48.601,22870,22871,22870,1,-1
2024-11-12 15:21:48.696,22870,22871,22870,1,-1
2024-11-12 15:21:49.000,22870,22871,22870,2,-2
2024-11-12 15:21:49.168,22869,22871,22869,1,-1
2024-11-12 15:21:49.222,22869,22871,22871,1,1
2024-11-12 15:21:49.223,22869,22871,22869,4,-4
2024-11-12 15:21:50.059,22868,22870,22871,8,8
2024-11-12 15:21:50.059,22868,22870,22870,2,2
2024-11-12 15:21:51.071,22869,22871,22871,1,1
2024-11-12 15:21:51.330,22869,22871,22871,1,1
2024-11-12 15:21:51.657,22871,22872,22872,1,1
2024-11-12 15:21:52.073,22871,22872,22872,1,1
2024-11-12 15:21:52.073,22871,22872,22872,1,1
2024-11-12 15:21:52.073,22871,22872,22872,2,2
2024-11-12 15:21:52.755,22871,22873,22871,1,-1
2024-11-12 15:21:52.844,22871,22873,22871,1,-1
2024-11-12 15:21:52.844,22871,22873,22870,1,-1
2024-11-12 15:21:53.193,22870,22873,22871,1,-1
2024-11-12 15:21:53.417,22871,22873,22871,1,-1
2024-11-12 15:21:59.358,22871,22873,22871,1,-1
2024-11-12 15:21:59.966,22871,22873,22873,1,1
2024-11-12 15:21:59.966,22871,22873,22873,1,1
2024-11-12 15:21:59.966,22871,22873,22873,1,1
2024-11-12 15:22:00.739,22871,22874,22871,1,-1
2024-11-12 15:22:00.765,22871,22874,22873,1,1
2024-11-12 15:22:00.839,22871,22873,22871,2,-2
2024-11-12 15:22:01.061,22870,22873,22870,1,-1
2024-11-12 15:22:02.095,22870,22871,22871,1,1
2024-11-12 15:22:03.584,22870,22871,22870,3,-3
2024-11-12 15:22:04.330,22870,22871,22870,2,-2
2024-11-12 15:22:04.330,22870,22871,22869,1,-1
2024-11-12 15:22:05.240,22869,22870,22869,1,-1
2024-11-12 15:22:05.240,22869,22870,22868,3,-3
2024-11-12 15:22:05.367,22868,22869,22869,1,1
2024-11-12 15:22:05.412,22868,22869,22868,1,-1
2024-11-12 15:22:05.642,22866,22867,22867,1,1
2024-11-12 15:22:05.661,22866,22867,22866,3,-3
2024-11-12 15:22:05.661,22866,22867,22865,1,-1
2024-11-12 15:22:05.662,22866,22867,22865,4,-4
2024-11-12 15:22:05.667,22866,22867,22864,3,-3
2024-11-12 15:22:05.667,22866,22867,22865,1,-1
2024-11-12 15:22:05.669,22866,22867,22864,1,-1
2024-11-12 15:22:05.672,22866,22867,22864,1,-1
2024-11-12 15:22:05.672,22866,22867,22862,3,-3
2024-11-12 15:22:05.673,22866,22867,22862,2,-2
2024-11-12 15:22:05.676,22866,22867,22861,4,-4
2024-11-12 15:22:05.714,22861,22863,22861,1,-1
2024-11-12 15:22:05.714,22861,22863,22860,1,-1
2024-11-12 15:22:05.717,22861,22863,22860,1,-1
2024-11-12 15:22:05.717,22861,22863,22860,2,-2
2024-11-12 15:22:05.718,22861,22863,22860,1,-1
2024-11-12 15:22:05.723,22861,22863,22860,1,-1
2024-11-12 15:22:05.726,22861,22863,22860,1,-1
2024-11-12 15:22:05.729,22861,22863,22860,1,-1
2024-11-12 15:22:05.729,22861,22863,22860,1,-1
2024-11-12 15:22:05.736,22861,22863,22859,1,-1
2024-11-12 15:22:05.740,22861,22863,22859,3,-3
2024-11-12 15:22:05.745,22861,22863,22858,2,-2
2024-11-12 15:22:05.745,22861,22863,22858,2,-2
2024-11-12 15:22:05.746,22861,22863,22859,1,-1
2024-11-12 15:22:05.747,22861,22863,22856,1,-1
2024-11-12 15:22:05.747,22861,22863,22858,2,-2
2024-11-12 15:22:05.747,22861,22863,22857,5,-5
2024-11-12 15:22:05.763,22861,22863,22856,1,-1
2024-11-12 15:22:05.779,22861,22863,22856,3,-3
2024-11-12 15:22:05.781,22861,22863,22856,1,-1
2024-11-12 15:22:05.784,22861,22863,22858,1,-1
2024-11-12 15:22:05.785,22861,22863,22858,1,-1
2024-11-12 15:22:05.786,22861,22863,22858,1,-1
2024-11-12 15:22:05.786,22861,22863,22858,1,-1
2024-11-12 15:22:05.786,22861,22863,22857,2,-2
2024-11-12 15:22:05.787,22861,22863,22859,1,-1
2024-11-12 15:22:05.788,22861,22863,22857,1,-1
2024-11-12 15:22:05.788,22861,22863,22857,1,-1
2024-11-12 15:22:05.788,22861,22863,22859,1,-1
2024-11-12 15:22:05.792,22861,22863,22857,1,-1
2024-11-12 15:22:05.792,22861,22863,22856,1,-1
2024-11-12 15:22:05.795,22861,22863,22858,1,-1
2024-11-12 15:22:05.798,22861,22863,22856,1,-1
2024-11-12 15:22:05.802,22861,22863,22858,1,-1
2024-11-12 15:22:05.806,22861,22863,22855,2,-2
2024-11-12 15:22:05.806,22861,22863,22855,4,-4
2024-11-12 15:22:05.806,22861,22863,22856,2,-2
2024-11-12 15:22:05.809,22855,22858,22855,1,-1
2024-11-12 15:22:05.828,22855,22858,22856,1,-1
2024-11-12 15:22:05.853,22855,22858,22856,1,-1
2024-11-12 15:22:05.856,22855,22858,22857,1,1
2024-11-12 15:22:05.856,22855,22858,22856,3,-3
2024-11-12 15:22:05.858,22855,22858,22855,3,-3
2024-11-12 15:22:05.866,22855,22858,22857,1,1
2024-11-12 15:22:05.868,22855,22858,22857,1,1
2024-11-12 15:22:05.883,22855,22858,22857,1,1
2024-11-12 15:22:05.896,22855,22858,22860,1,1
2024-11-12 15:22:05.899,22855,22858,22860,1,1
2024-11-12 15:22:05.907,22855,22858,22857,1,1
2024-11-12 15:22:05.915,22855,22858,22857,1,1
2024-11-12 15:22:05.915,22855,22858,22857,2,2
2024-11-12 15:22:05.915,22855,22858,22856,2,-2
2024-11-12 15:22:05.927,22855,22858,22860,1,1
2024-11-12 15:22:05.944,22857,22860,22857,2,-2
2024-11-12 15:22:05.944,22857,22860,22856,3,-3
2024-11-12 15:22:05.944,22857,22860,22855,2,-2
2024-11-12 15:22:05.945,22857,22860,22860,1,1
2024-11-12 15:22:05.996,22857,22860,22856,1,-1
2024-11-12 15:22:05.997,22857,22860,22855,1,-1
2024-11-12 15:22:06.000,22857,22860,22855,1,-1
2024-11-12 15:22:06.000,22857,22860,22854,1,-1
2024-11-12 15:22:06.013,22857,22860,22854,1,-1
2024-11-12 15:22:06.017,22857,22860,22854,2,-2
2024-11-12 15:22:06.023,22857,22860,22854,2,-2
2024-11-12 15:22:06.023,22857,22860,22853,6,-6
2024-11-12 15:22:06.023,22857,22860,22852,5,-5
2024-11-12 15:22:06.025,22857,22860,22852,1,-1
2024-11-12 15:22:06.027,22857,22860,22852,1,-1
2024-11-12 15:22:06.030,22857,22860,22851,1,-1
2024-11-12 15:22:06.039,22857,22860,22851,1,-1
2024-11-12 15:22:06.040,22857,22860,22851,1,-1
2024-11-12 15:22:06.040,22857,22860,22851,1,-1
2024-11-12 15:22:06.041,22857,22860,22851,1,-1
2024-11-12 15:22:06.046,22857,22860,22850,1,-1
2024-11-12 15:22:06.050,22857,22860,22850,2,-2
2024-11-12 15:22:06.051,22857,22860,22850,1,-1
2024-11-12 15:22:06.054,22857,22860,22850,1,-1
2024-11-12 15:22:06.056,22857,22860,22850,1,-1
2024-11-12 15:22:06.058,22850,22853,22850,1,-1
2024-11-12 15:22:06.061,22850,22853,22850,1,-1
2024-11-12 15:22:06.061,22850,22853,22850,2,-2
2024-11-12 15:22:06.063,22850,22853,22849,1,-1
2024-11-12 15:22:06.074,22850,22853,22849,1,-1
2024-11-12 15:22:06.074,22850,22853,22849,1,-1
2024-11-12 15:22:06.075,22850,22853,22849,1,-1
2024-11-12 15:22:06.076,22850,22853,22848,1,-1
2024-11-12 15:22:06.081,22850,22853,22848,1,-1
2024-11-12 15:22:06.081,22850,22853,22848,1,-1
2024-11-12 15:22:06.083,22850,22853,22846,2,-2
2024-11-12 15:22:06.083,22850,22853,22847,2,-2
2024-11-12 15:22:06.084,22850,22853,22846,2,-2
2024-11-12 15:22:06.084,22850,22853,22846,2,-2
2024-11-12 15:22:06.085,22850,22853,22845,1,-1
2024-11-12 15:22:06.090,22850,22853,22845,1,-1
2024-11-12 15:22:06.095,22850,22853,22845,1,-1
2024-11-12 15:22:06.095,22850,22853,22844,1,-1
2024-11-12 15:22:06.111,22850,22853,22843,1,-1
2024-11-12 15:22:06.119,22850,22853,22843,2,-2
2024-11-12 15:22:06.135,22850,22853,22843,1,-1
2024-11-12 15:22:06.135,22850,22853,22843,1,-1
2024-11-12 15:22:06.138,22850,22853,22843,1,-1
2024-11-12 15:22:06.141,22850,22853,22846,3,-3
2024-11-12 15:22:06.149,22850,22853,22844,1,-1
2024-11-12 15:22:06.150,22850,22853,22848,1,-1
2024-11-12 15:22:06.153,22850,22853,22845,1,-1
2024-11-12 15:22:06.154,22850,22853,22845,1,-1
2024-11-12 15:22:06.154,22850,22853,22847,1,-1
2024-11-12 15:22:06.169,22850,22853,22847,1,-1
2024-11-12 15:22:06.213,22846,22850,22846,1,-1
2024-11-12 15:22:06.232,22846,22850,22849,1,1
2024-11-12 15:22:06.242,22846,22850,22850,2,2
2024-11-12 15:22:06.246,22846,22850,22850,1,1
2024-11-12 15:22:06.247,22846,22850,22847,1,-1
2024-11-12 15:22:06.252,22846,22850,22847,1,-1
2024-11-12 15:22:06.265,22846,22850,22850,3,3
2024-11-12 15:22:06.277,22846,22850,22847,3,-3
2024-11-12 15:22:06.277,22846,22850,22846,3,-3
2024-11-12 15:22:06.284,22846,22850,22845,1,-1
2024-11-12 15:22:06.292,22846,22850,22848,1,-1
2024-11-12 15:22:06.308,22846,22850,22846,1,-1
2024-11-12 15:22:06.308,22846,22850,22845,1,-1
2024-11-12 15:22:06.308,22846,22850,22844,4,-4
2024-11-12 15:22:06.308,22846,22850,22843,5,-5
2024-11-12 15:22:06.320,22846,22850,22844,1,-1
2024-11-12 15:22:06.321,22846,22850,22844,1,-1
2024-11-12 15:22:06.321,22846,22850,22843,1,-1
2024-11-12 15:22:06.333,22846,22850,22843,11,-11
2024-11-12 15:22:06.347,22846,22850,22842,1,-1
2024-11-12 15:22:06.350,22846,22850,22847,1,-1
2024-11-12 15:22:06.350,22846,22850,22848,2,-2
2024-11-12 15:22:06.354,22846,22850,22844,1,-1
2024-11-12 15:22:06.357,22846,22850,22843,1,-1
2024-11-12 15:22:06.365,22846,22850,22843,1,-1
2024-11-12 15:22:06.365,22846,22850,22842,2,-2
2024-11-12 15:22:06.366,22846,22850,22847,1,-1
2024-11-12 15:22:06.370,22846,22850,22843,1,-1
2024-11-12 15:22:06.370,22846,22850,22842,2,-2
2024-11-12 15:22:06.370,22846,22850,22841,3,-3
2024-11-12 15:22:06.407,22846,22850,22846,1,-1
2024-11-12 15:22:06.408,22846,22850,22847,1,-1
2024-11-12 15:22:06.410,22846,22850,22842,1,-1
2024-11-12 15:22:06.410,22846,22850,22841,1,-1
2024-11-12 15:22:06.411,22846,22850,22841,1,-1
2024-11-12 15:22:06.411,22846,22850,22840,1,-1
2024-11-12 15:22:06.425,22846,22850,22846,1,-1
2024-11-12 15:22:06.437,22843,22847,22843,1,-1
2024-11-12 15:22:06.437,22843,22847,22842,1,-1
2024-11-12 15:22:06.489,22843,22847,22842,1,-1
2024-11-12 15:22:06.490,22843,22847,22846,1,1
2024-11-12 15:22:06.498,22843,22847,22841,1,-1
2024-11-12 15:22:06.499,22843,22847,22846,1,1
2024-11-12 15:22:06.499,22843,22847,22847,2,2
2024-11-12 15:22:06.531,22843,22847,22848,1,1
2024-11-12 15:22:06.549,22843,22847,22848,1,1
2024-11-12 15:22:06.549,22843,22847,22849,1,1
2024-11-12 15:22:06.549,22843,22847,22842,1,-1
2024-11-12 15:22:06.607,22842,22849,22849,1,1
2024-11-12 15:22:06.631,22842,22849,22842,1,-1
2024-11-12 15:22:06.673,22842,22849,22842,1,-1
2024-11-12 15:22:06.673,22842,22849,22841,2,-2
2024-11-12 15:22:06.674,22842,22849,22846,1,1
2024-11-12 15:22:06.674,22842,22849,22847,2,2
2024-11-12 15:22:06.674,22842,22849,22848,1,1
2024-11-12 15:22:06.674,22842,22849,22848,1,1
2024-11-12 15:22:06.693,22846,22850,22850,1,1
2024-11-12 15:22:06.725,22846,22850,22848,1,1
2024-11-12 15:22:06.756,22846,22850,22847,1,-1
2024-11-12 15:22:06.765,22846,22850,22847,1,-1
2024-11-12 15:22:06.819,22846,22849,22846,1,-1
2024-11-12 15:22:06.890,22846,22849,22846,1,-1
2024-11-12 15:22:06.906,22846,22849,22845,1,-1
2024-11-12 15:22:06.914,22846,22849,22845,1,-1
2024-11-12 15:22:06.977,22846,22849,22845,2,-2
2024-11-12 15:22:06.978,22846,22849,22844,1,-1
2024-11-12 15:22:06.979,22846,22849,22844,2,-2
2024-11-12 15:22:06.985,22846,22849,22844,1,-1
2024-11-12 15:22:06.989,22846,22849,22843,1,-1
2024-11-12 15:22:06.989,22846,22849,22844,2,-2
2024-11-12 15:22:06.993,22846,22849,22843,1,-1
2024-11-12 15:22:07.007,22846,22849,22842,1,-1
2024-11-12 15:22:07.008,22846,22849,22841,1,-1
2024-11-12 15:22:07.056,22846,22849,22840,1,-1
2024-11-12 15:22:07.122,22840,22845,22841,2,-2
2024-11-12 15:22:07.123,22840,22845,22844,2,2
2024-11-12 15:22:07.141,22840,22845,22841,1,-1
2024-11-12 15:22:07.152,22840,22845,22841,1,-1
2024-11-12 15:22:07.156,22840,22845,22840,1,-1
2024-11-12 15:22:07.166,22840,22845,22840,1,-1
2024-11-12 15:22:07.175,22840,22845,22840,1,-1
2024-11-12 15:22:07.175,22840,22845,22840,1,-1
2024-11-12 15:22:07.196,22839,22844,22844,4,4
2024-11-12 15:22:07.199,22839,22844,22840,1,-1
2024-11-12 15:22:07.235,22839,22844,22840,2,-2
2024-11-12 15:22:07.235,22839,22844,22839,5,-5
2024-11-12 15:22:07.325,22841,22844,22844,1,1
2024-11-12 15:22:07.456,22842,22845,22842,1,-1
2024-11-12 15:22:07.464,22842,22845,22841,1,-1
2024-11-12 15:22:07.480,22842,22845,22841,1,-1
2024-11-12 15:22:07.484,22842,22845,22845,1,1
2024-11-12 15:22:07.499,22842,22845,22846,1,1
2024-11-12 15:22:07.631,22842,22847,22842,1,-1
2024-11-12 15:22:07.641,22842,22847,22842,1,-1
2024-11-12 15:22:07.646,22842,22847,22847,1,1
2024-11-12 15:22:08.230,22844,22847,22844,1,-1
2024-11-12 15:22:08.626,22844,22847,22844,1,-1
2024-11-12 15:22:08.703,22843,22847,22843,1,-1
2024-11-12 15:22:08.760,22843,22847,22843,1,-1
2024-11-12 15:22:08.771,22843,22847,22842,1,-1
2024-11-12 15:22:09.075,22842,22845,22845,1,1
2024-11-12 15:22:09.230,22843,22846,22843,1,-1
2024-11-12 15:22:09.557,22843,22846,22846,1,1
2024-11-12 15:22:10.209,22843,22846,22843,2,-2
2024-11-12 15:22:10.209,22843,22846,22842,1,-1
2024-11-12 15:22:10.216,22843,22846,22845,1,1
2024-11-12 15:22:10.283,22843,22846,22843,1,-1
2024-11-12 15:22:10.603,22842,22846,22846,1,1
2024-11-12 15:22:11.101,22843,22846,22844,1,-1
2024-11-12 15:22:11.262,22843,22846,22843,3,-3
2024-11-12 15:22:11.262,22843,22846,22842,3,-3
2024-11-12 15:22:11.263,22843,22846,22842,3,-3
2024-11-12 15:22:11.263,22843,22846,22842,1,-1
2024-11-12 15:22:11.286,22843,22846,22845,1,1
2024-11-12 15:22:11.304,22843,22846,22845,1,1
2024-11-12 15:22:12.176,22842,22844,22844,1,1
2024-11-12 15:22:12.339,22842,22845,22843,1,-1
2024-11-12 15:22:12.540,22842,22845,22842,1,-1
2024-11-12 15:22:12.598,22842,22845,22842,1,-1
2024-11-12 15:22:13.680,22841,22843,22841,1,-1
2024-11-12 15:22:13.809,22840,22843,22843,1,1
2024-11-12 15:22:14.464,22841,22843,22840,2,-2
2024-11-12 15:22:14.464,22841,22843,22841,1,-1
2024-11-12 15:22:15.219,22838,22841,22838,1,-1
2024-11-12 15:22:15.281,22838,22841,22839,1,-1
2024-11-12 15:22:15.282,22838,22841,22840,1,1
2024-11-12 15:22:15.285,22838,22841,22841,1,1
2024-11-12 15:22:15.616,22838,22842,22840,1,1
2024-11-12 15:22:16.417,22840,22842,22840,1,-1
2024-11-12 15:22:16.613,22840,22842,22840,1,-1
2024-11-12 15:22:16.613,22840,22842,22840,1,-1
2024-11-12 15:22:17.952,22838,22839,22838,1,-1
2024-11-12 15:22:17.952,22838,22839,22838,4,-4
2024-11-12 15:22:17.953,22838,22839,22838,1,-1
2024-11-12 15:22:18.195,22837,22839,22839,1,1
2024-11-12 15:22:18.219,22837,22839,22839,1,1
2024-11-12 15:22:18.398,22837,22839,22839,1,1
2024-11-12 15:22:18.504,22837,22840,22838,1,-1
2024-11-12 15:22:18.583,22837,22838,22838,1,1
2024-11-12 15:22:18.846,22837,22838,22837,1,-1
2024-11-12 15:22:18.956,22836,22838,22836,1,-1
2024-11-12 15:22:19.063,22835,22837,22837,1,1
2024-11-12 15:22:19.441,22836,22837,22837,1,1
2024-11-12 15:22:20.052,22835,22837,22835,2,-2
2024-11-12 15:22:20.674,22833,22836,22836,1,1
2024-11-12 15:22:21.028,22833,22836,22834,2,-2
2024-11-12 15:22:21.436,22833,22836,22836,1,1
2024-11-12 15:22:22.398,22834,22836,22834,1,-1
2024-11-12 15:22:22.560,22835,22836,22836,1,1
2024-11-12 15:22:22.730,22835,22837,22837,1,1
2024-11-12 15:22:22.737,22835,22837,22837,1,1
2024-11-12 15:22:22.776,22835,22837,22837,1,1
2024-11-12 15:22:22.776,22835,22837,22837,1,1
2024-11-12 15:22:22.787,22835,22837,22837,1,1
2024-11-12 15:22:22.857,22837,22839,22839,1,1
2024-11-12 15:22:22.857,22837,22839,22839,2,2
2024-11-12 15:22:22.858,22837,22839,22838,1,1
2024-11-12 15:22:22.928,22837,22839,22839,1,1
2024-11-12 15:22:22.970,22837,22840,22839,1,1
2024-11-12 15:22:22.982,22837,22840,22837,1,-1
2024-11-12 15:22:22.987,22837,22840,22839,1,1
2024-11-12 15:22:23.009,22837,22840,22839,1,1
2024-11-12 15:22:23.997,22834,22837,22837,1,1
2024-11-12 15:22:24.665,22835,22838,22835,19,-19
2024-11-12 15:22:24.665,22835,22838,22834,1,-1
2024-11-12 15:22:25.744,22834,22836,22834,1,-1
2024-11-12 15:22:26.093,22834,22836,22836,1,1
2024-11-12 15:22:26.493,22835,22836,22835,1,-1
2024-11-12 15:22:26.493,22835,22836,22834,1,-1
2024-11-12 15:22:26.493,22835,22836,22833,3,-3
2024-11-12 15:22:26.665,22833,22836,22833,2,-2
2024-11-12 15:22:27.248,22833,22834,22833,2,-2
2024-11-12 15:22:27.248,22833,22834,22832,2,-2
2024-11-12 15:22:27.248,22833,22834,22831,1,-1
2024-11-12 15:22:27.347,22831,22833,22830,1,-1
2024-11-12 15:22:27.347,22831,22833,22829,6,-6
2024-11-12 15:22:27.347,22831,22833,22831,7,-7
2024-11-12 15:22:27.417,22831,22833,22829,2,-2
2024-11-12 15:22:27.499,22829,22831,22829,3,-3
2024-11-12 15:22:27.499,22829,22831,22828,3,-3
2024-11-12 15:22:27.645,22828,22830,22828,1,-1
2024-11-12 15:22:28.426,22828,22831,22828,2,-2
2024-11-12 15:22:28.616,22827,22830,22830,8,8
2024-11-12 15:22:28.900,22830,22833,22833,1,1
2024-11-12 15:22:28.914,22830,22833,22828,1,-1
2024-11-12 15:22:28.914,22830,22833,22829,1,-1
2024-11-12 15:22:28.914,22830,22833,22830,3,-3
2024-11-12 15:22:29.093,22830,22831,22830,1,-1
2024-11-12 15:22:29.533,22829,22832,22829,2,-2
2024-11-12 15:22:29.533,22829,22832,22828,2,-2
2024-11-12 15:22:29.533,22829,22832,22827,1,-1
2024-11-12 15:22:30.137,22829,22830,22829,1,-1
2024-11-12 15:22:30.137,22829,22830,22828,4,-4
2024-11-12 15:22:30.202,22827,22830,22830,1,1
2024-11-12 15:22:30.298,22827,22830,22830,1,1
2024-11-12 15:22:30.299,22827,22830,22828,1,-1
2024-11-12 15:22:31.075,22828,22831,22829,1,-1
2024-11-12 15:22:31.694,22828,22830,22830,1,1
2024-11-12 15:22:31.811,22828,22829,22829,1,1
2024-11-12 15:22:31.895,22828,22829,22828,1,-1
2024-11-12 15:22:32.495,22829,22830,22829,1,-1
2024-11-12 15:22:32.495,22829,22830,22828,1,-1
2024-11-12 15:22:32.495,22829,22830,22827,3,-3
2024-11-12 15:22:32.495,22829,22830,22826,1,-1
2024-11-12 15:22:33.527,22828,22829,22828,5,-5
2024-11-12 15:22:33.527,22828,22829,22827,1,-1
2024-11-12 15:22:33.527,22828,22829,22826,2,-2
2024-11-12 15:22:34.147,22825,22826,22825,1,-1
2024-11-12 15:22:34.147,22825,22826,22825,1,-1
2024-11-12 15:22:34.148,22825,22826,22825,1,-1
2024-11-12 15:22:34.148,22825,22826,22825,3,-3
2024-11-12 15:22:34.148,22825,22826,22825,2,-2
2024-11-12 15:22:34.392,22823,22825,22823,1,-1
2024-11-12 15:22:34.461,22822,22824,22822,1,-1
2024-11-12 15:22:34.461,22822,22824,22822,1,-1
2024-11-12 15:22:34.463,22822,22824,22823,1,-1
2024-11-12 15:22:34.473,22822,22824,22822,2,-2
2024-11-12 15:22:34.483,22822,22824,22821,1,-1
2024-11-12 15:22:35.025,22824,22826,22826,1,1
2024-11-12 15:22:35.090,22824,22827,22824,1,-1
2024-11-12 15:22:35.117,22824,22827,22826,1,1
2024-11-12 15:22:35.901,22824,22827,22824,1,-1
2024-11-12 15:22:35.916,22824,22827,22824,1,-1
2024-11-12 15:22:35.916,22824,22827,22823,1,-1
2024-11-12 15:22:35.930,22824,22827,22821,1,-1
2024-11-12 15:22:35.936,22821,22824,22821,1,-1
2024-11-12 15:22:35.940,22821,22824,22822,1,-1
2024-11-12 15:22:35.941,22821,22824,22821,1,-1
2024-11-12 15:22:35.941,22821,22824,22821,1,-1
2024-11-12 15:22:35.942,22821,22824,22821,1,-1
2024-11-12 15:22:35.943,22821,22824,22821,1,-1
2024-11-12 15:22:36.213,22821,22824,22824,2,2
2024-11-12 15:22:36.214,22821,22824,22824,1,1
2024-11-12 15:22:37.020,22821,22824,22821,2,-2
2024-11-12 15:22:37.999,22821,22824,22821,1,-1
2024-11-12 15:22:38.459,22820,22823,22820,1,-1
2024-11-12 15:22:38.571,22820,22823,22820,1,-1
2024-11-12 15:22:40.028,22821,22824,22821,2,-2
2024-11-12 15:22:40.508,22822,22824,22824,1,1
2024-11-12 15:22:40.560,22822,22824,22822,1,-1
2024-11-12 15:22:40.867,22821,22824,22820,1,-1
2024-11-12 15:22:40.867,22821,22824,22821,1,-1
2024-11-12 15:22:41.892,22820,22824,22823,1,1
2024-11-12 15:22:42.834,22821,22823,22823,1,1
2024-11-12 15:22:42.930,22821,22823,22822,1,1
2024-11-12 15:22:43.856,22822,22824,22822,1,-1
2024-11-12 15:22:43.856,22822,22824,22821,1,-1
2024-11-12 15:22:43.857,22822,22824,22821,1,-1
2024-11-12 15:22:43.857,22822,22824,22820,1,-1
2024-11-12 15:22:43.879,22822,22824,22822,1,-1
2024-11-12 15:22:44.228,22820,22823,22820,1,-1
2024-11-12 15:22:44.269,22820,22823,22822,1,1
2024-11-12 15:22:44.325,22820,22823,22823,2,2
2024-11-12 15:22:44.503,22821,22824,22821,1,-1
2024-11-12 15:22:44.803,22820,22823,22823,1,1
2024-11-12 15:22:44.839,22820,22824,22820,1,-1
2024-11-12 15:22:44.912,22820,22824,22820,1,-1
2024-11-12 15:22:44.968,22819,22822,22822,1,1
2024-11-12 15:22:45.189,22822,22823,22823,1,1
2024-11-12 15:22:45.620,22822,22824,22822,1,-1
2024-11-12 15:22:45.731,22820,22824,22820,2,-2
2024-11-12 15:22:46.156,22820,22823,22819,1,-1
2024-11-12 15:22:46.156,22820,22823,22820,2,-2
2024-11-12 15:22:46.325,22820,22823,22822,1,1
2024-11-12 15:22:47.400,22820,22823,22821,1,-1
2024-11-12 15:22:47.400,22820,22823,22820,1,-1
2024-11-12 15:22:47.403,22820,22823,22823,1,1
2024-11-12 15:22:47.629,22821,22824,22821,1,-1
2024-11-12 15:22:48.670,22821,22823,22823,1,1
2024-11-12 15:22:48.897,22821,22824,22818,1,-1
2024-11-12 15:22:48.897,22821,22824,22819,3,-3
2024-11-12 15:22:48.897,22821,22824,22821,1,-1
2024-11-12 15:22:48.897,22821,22824,22820,5,-5
2024-11-12 15:22:49.241,22818,22822,22822,1,1
2024-11-12 15:22:49.319,22819,22823,22819,1,-1
2024-11-12 15:22:49.942,22818,22822,22821,3,3
2024-11-12 15:22:50.417,22819,22822,22822,2,2
2024-11-12 15:22:50.632,22819,22822,22823,1,1
2024-11-12 15:22:50.662,22819,22822,22820,1,-1
2024-11-12 15:22:50.833,22819,22823,22819,1,-1
2024-11-12 15:22:51.137,22819,22822,22819,1,-1
2024-11-12 15:22:51.339,22818,22822,22820,1,-1
2024-11-12 15:22:51.672,22818,22822,22820,5,-5
2024-11-12 15:22:52.122,22819,22822,22818,4,-4
2024-11-12 15:22:52.122,22819,22822,22819,1,-1
2024-11-12 15:22:52.159,22819,22822,22819,1,-1
2024-11-12 15:22:52.160,22819,22822,22819,7,-7
2024-11-12 15:22:52.161,22819,22822,22819,2,-2
2024-11-12 15:22:52.450,22818,22821,22821,4,4
2024-11-12 15:22:52.450,22818,22821,22822,1,1
2024-11-12 15:22:52.592,22821,22822,22822,1,1
2024-11-12 15:22:53.589,22821,22823,22821,1,-1
2024-11-12 15:22:53.936,22821,22823,22821,1,-1
2024-11-12 15:22:53.946,22821,22823,22821,1,-1
2024-11-12 15:22:53.961,22821,22823,22823,1,1
2024-11-12 15:22:54.016,22821,22823,22819,2,-2
2024-11-12 15:22:54.016,22821,22823,22821,3,-3
2024-11-12 15:22:54.019,22821,22823,22822,1,-1
2024-11-12 15:22:54.033,22821,22823,22823,1,1
2024-11-12 15:22:54.417,22819,22823,22819,1,-1
2024-11-12 15:22:54.429,22819,22823,22819,1,-1
2024-11-12 15:22:54.907,22819,22822,22822,1,1
2024-11-12 15:22:54.942,22819,22823,22819,2,-2
2024-11-12 15:22:54.942,22819,22823,22818,1,-1
2024-11-12 15:22:55.157,22818,22822,22822,1,1
2024-11-12 15:22:55.622,22819,22822,22823,8,8
2024-11-12 15:22:55.622,22819,22822,22822,3,3
2024-11-12 15:22:56.307,22820,22823,22823,1,1
2024-11-12 15:22:56.548,22820,22824,22820,1,-1
2024-11-12 15:22:56.773,22820,22823,22820,2,-2
2024-11-12 15:22:56.773,22820,22823,22819,3,-3
2024-11-12 15:22:57.334,22819,22822,22822,1,1
2024-11-12 15:22:58.589,22819,22822,22819,4,-4
2024-11-12 15:22:58.589,22819,22822,22818,1,-1
2024-11-12 15:22:58.912,22817,22821,22821,1,1
2024-11-12 15:22:59.429,22817,22820,22820,1,1
2024-11-12 15:23:00.177,22817,22820,22820,1,1
2024-11-12 15:23:00.221,22817,22820,22817,7,-7
2024-11-12 15:23:00.239,22817,22820,22819,1,1
2024-11-12 15:23:00.529,22817,22819,22817,2,-2
2024-11-12 15:23:00.529,22817,22819,22816,3,-3
2024-11-12 15:23:00.531,22817,22819,22818,1,-1
2024-11-12 15:23:00.533,22817,22819,22819,1,1
2024-11-12 15:23:00.536,22817,22819,22820,1,1
2024-11-12 15:23:00.808,22821,22822,22822,1,1
2024-11-12 15:23:00.972,22821,22823,22823,2,2
2024-11-12 15:23:00.975,22821,22823,22824,3,3
2024-11-12 15:23:00.976,22821,22823,22825,1,1
2024-11-12 15:23:01.157,22824,22826,22824,1,-1
2024-11-12 15:23:01.378,22824,22826,22824,1,-1
2024-11-12 15:23:02.027,22822,22825,22823,1,-1
2024-11-12 15:23:02.573,22823,22826,22823,1,-1
2024-11-12 15:23:02.573,22823,22826,22822,4,-4
2024-11-12 15:23:03.940,22822,22825,22822,1,-1
2024-11-12 15:23:03.940,22822,22825,22821,2,-2
2024-11-12 15:23:03.940,22822,22825,22820,2,-2
2024-11-12 15:23:04.427,22820,22823,22820,1,-1
2024-11-12 15:23:06.048,22819,22822,22819,4,-4
2024-11-12 15:23:06.048,22819,22822,22820,1,-1
2024-11-12 15:23:06.630,22818,22821,22821,1,1
2024-11-12 15:23:06.838,22818,22821,22821,1,1
2024-11-12 15:23:07.117,22819,22822,22822,3,3
2024-11-12 15:23:07.158,22819,22822,22823,1,1
2024-11-12 15:23:07.186,22822,22824,22822,1,-1
2024-11-12 15:23:07.186,22822,22824,22821,1,-1
2024-11-12 15:23:07.360,22822,22823,22823,1,1
2024-11-12 15:23:07.502,22822,22824,22822,1,-1
2024-11-12 15:23:07.601,22822,22824,22822,1,-1
2024-11-12 15:23:07.682,22822,22824,22818,1,-1
2024-11-12 15:23:07.682,22822,22824,22820,1,-1
2024-11-12 15:23:07.682,22822,22824,22819,3,-3
2024-11-12 15:23:07.894,22818,22821,22822,1,1
2024-11-12 15:23:08.011,22820,22822,22820,1,-1
2024-11-12 15:23:08.672,22820,22823,22823,1,1
2024-11-12 15:23:08.886,22820,22824,22820,2,-2
2024-11-12 15:23:09.062,22819,22822,22819,3,-3
2024-11-12 15:23:09.062,22819,22822,22818,2,-2
2024-11-12 15:23:09.319,22817,22821,22821,1,1
2024-11-12 15:23:09.791,22818,22820,22820,1,1
2024-11-12 15:23:11.355,22820,22821,22817,10,-10
2024-11-12 15:23:11.355,22820,22821,22820,5,-5
2024-11-12 15:23:11.355,22820,22821,22818,1,-1
2024-11-12 15:23:11.356,22820,22821,22817,1,-1
2024-11-12 15:23:11.356,22820,22821,22817,1,-1
2024-11-12 15:23:11.357,22820,22821,22816,1,-1
2024-11-12 15:23:11.357,22820,22821,22817,5,-5
2024-11-12 15:23:11.357,22820,22821,22817,3,-3
2024-11-12 15:23:11.358,22820,22821,22817,2,-2
2024-11-12 15:23:11.391,22820,22821,22816,2,-2
2024-11-12 15:23:12.154,22816,22819,22819,1,1
2024-11-12 15:23:12.696,22816,22820,22820,1,1
2024-11-12 15:23:14.356,22818,22821,22818,1,-1
2024-11-12 15:23:14.700,22819,22821,22820,1,-1
2024-11-12 15:23:16.373,22821,22822,22821,1,-1
2024-11-12 15:23:17.519,22821,22822,22822,1,1
2024-11-12 15:23:18.087,22821,22822,22821,1,-1
2024-11-12 15:23:18.187,22820,22822,22820,1,-1
2024-11-12 15:23:18.187,22820,22822,22819,1,-1
2024-11-12 15:23:18.322,22820,22821,22822,1,1
2024-11-12 15:23:18.322,22820,22821,22821,1,1
2024-11-12 15:23:18.454,22820,22822,22820,1,-1
2024-11-12 15:23:18.703,22818,22822,22822,1,1
2024-11-12 15:23:20.593,22820,22822,22823,1,1
2024-11-12 15:23:21.779,22821,22822,22822,1,1
2024-11-12 15:23:22.389,22821,22823,22821,1,-1
2024-11-12 15:23:22.505,22820,22823,22823,1,1
2024-11-12 15:23:22.523,22820,22823,22821,1,-1
2024-11-12 15:23:23.117,22820,22822,22822,1,1
2024-11-12 15:23:24.996,22822,22823,22823,2,2
2024-11-12 15:23:24.996,22822,22823,22824,7,7
2024-11-12 15:23:25.124,22823,22825,22823,1,-1
2024-11-12 15:23:26.191,22822,22825,22822,1,-1
2024-11-12 15:23:27.619,22822,22825,22822,1,-1
2024-11-12 15:23:27.686,22822,22825,22822,1,-1
2024-11-12 15:23:28.237,22822,22825,22822,1,-1
2024-11-12 15:23:29.596,22823,22825,22825,1,1
2024-11-12 15:23:29.599,22823,22825,22825,1,1
2024-11-12 15:23:30.484,22822,22825,22822,1,-1
2024-11-12 15:23:32.658,22822,22824,22824,1,1
2024-11-12 15:23:32.684,22823,22826,22826,1,1
2024-11-12 15:23:33.849,22823,22826,22822,1,-1
2024-11-12 15:23:33.849,22823,22826,22823,6,-6
2024-11-12 15:23:34.519,22821,22825,22825,1,1
2024-11-12 15:23:34.704,22822,22825,22825,1,1
2024-11-12 15:23:38.418,22822,22825,22822,1,-1
2024-11-12 15:23:38.479,22821,22824,22823,1,1
2024-11-12 15:23:38.497,22821,22824,22824,1,1
2024-11-12 15:23:40.275,22821,22825,22825,1,1
2024-11-12 15:23:40.560,22822,22825,22822,1,-1
2024-11-12 15:23:45.817,22822,22825,22822,3,-3
2024-11-12 15:23:49.087,22822,22824,22822,1,-1
2024-11-12 15:23:49.089,22822,22824,22822,1,-1
2024-11-12 15:23:49.186,22821,22824,22821,1,-1
2024-11-12 15:23:49.233,22821,22824,22823,2,2
2024-11-12 15:23:49.782,22821,22822,22821,1,-1
2024-11-12 15:23:49.783,22821,22822,22820,2,-2
2024-11-12 15:23:49.784,22821,22822,22820,3,-3
2024-11-12 15:23:49.784,22821,22822,22820,9,-9
2024-11-12 15:23:49.815,22818,22820,22820,1,1
2024-11-12 15:23:49.818,22818,22820,22821,1,1
2024-11-12 15:23:49.931,22818,22820,22821,1,1
2024-11-12 15:23:49.934,22820,22822,22822,1,1
2024-11-12 15:23:50.075,22821,22822,22821,1,-1
2024-11-12 15:23:50.150,22821,22822,22822,1,1
2024-11-12 15:23:50.190,22820,22823,22822,1,1
2024-11-12 15:23:50.196,22820,22823,22822,1,1
2024-11-12 15:23:50.208,22820,22823,22823,1,1
2024-11-12 15:23:50.221,22820,22823,22823,1,1
2024-11-12 15:23:50.261,22820,22823,22823,1,1
2024-11-12 15:23:50.264,22820,22823,22823,1,1
2024-11-12 15:23:50.295,22820,22823,22823,1,1
2024-11-12 15:23:52.116,22818,22821,22818,1,-1
2024-11-12 15:23:52.439,22818,22820,22820,2,2
2024-11-12 15:23:52.439,22818,22820,22821,8,8
2024-11-12 15:23:54.005,22820,22821,22820,1,-1
2024-11-12 15:23:54.211,22820,22822,22822,1,1
2024-11-12 15:24:00.276,22821,22822,22822,1,1
2024-11-12 15:24:00.588,22821,22822,22822,1,1
2024-11-12 15:24:01.638,22821,22822,22822,1,1
2024-11-12 15:24:01.666,22821,22822,22823,1,1
2024-11-12 15:24:03.075,22821,22822,22822,3,3
2024-11-12 15:24:03.320,22821,22822,22822,1,1
2024-11-12 15:24:04.000,22821,22822,22821,2,-2
2024-11-12 15:24:04.000,22821,22822,22821,5,-5
2024-11-12 15:24:04.001,22821,22822,22820,3,-3
2024-11-12 15:24:04.001,22821,22822,22820,8,-8
2024-11-12 15:24:04.002,22821,22822,22819,2,-2
2024-11-12 15:24:04.275,22818,22819,22819,1,1
2024-11-12 15:24:04.286,22818,22819,22819,1,1
2024-11-12 15:24:04.335,22817,22819,22819,1,1
2024-11-12 15:24:05.662,22817,22819,22818,2,2
2024-11-12 15:24:05.662,22817,22819,22817,1,-1
2024-11-12 15:24:06.435,22816,22819,22819,1,1
2024-11-12 15:24:06.993,22816,22818,22816,1,-1
2024-11-12 15:24:07.143,22815,22816,22815,1,-1
2024-11-12 15:24:07.144,22815,22816,22815,2,-2
2024-11-12 15:24:07.168,22815,22816,22816,1,1
2024-11-12 15:24:07.187,22815,22816,22815,1,-1
2024-11-12 15:24:07.187,22815,22816,22815,2,-2
2024-11-12 15:24:07.187,22815,22816,22815,1,-1
2024-11-12 15:24:07.187,22815,22816,22815,1,-1
2024-11-12 15:24:07.188,22815,22816,22815,5,-5
2024-11-12 15:24:07.188,22815,22816,22815,1,-1
2024-11-12 15:24:07.188,22815,22816,22815,1,-1
2024-11-12 15:24:07.188,22815,22816,22815,1,-1
2024-11-12 15:24:07.298,22815,22816,22814,1,-1
2024-11-12 15:24:07.359,22814,22816,22816,2,2
2024-11-12 15:24:07.373,22814,22816,22814,1,-1
2024-11-12 15:24:09.225,22814,22817,22814,1,-1
2024-11-12 15:24:10.174,22814,22817,22817,1,1
2024-11-12 15:24:10.200,22816,22818,22816,1,-1
2024-11-12 15:24:10.200,22816,22818,22815,1,-1
2024-11-12 15:24:10.365,22814,22817,22817,2,2
2024-11-12 15:24:10.943,22815,22818,22815,1,-1
2024-11-12 15:24:11.100,22814,22817,22814,2,-2
2024-11-12 15:24:12.040,22814,22816,22814,1,-1
2024-11-12 15:24:12.040,22814,22816,22813,1,-1
2024-11-12 15:24:12.041,22814,22816,22816,2,2
2024-11-12 15:24:12.756,22813,22816,22813,1,-1
2024-11-12 15:24:13.675,22812,22814,22814,1,1
2024-11-12 15:24:13.739,22812,22815,22814,4,4
2024-11-12 15:24:13.739,22812,22815,22813,1,-1
2024-11-12 15:24:14.663,22812,22813,22813,1,1
2024-11-12 15:24:14.675,22812,22813,22813,1,1
2024-11-12 15:24:14.742,22812,22814,22813,1,1
2024-11-12 15:24:15.019,22812,22814,22814,1,1
