2022-05-17 15:00:00.082,16095,16097,16100,93,93
2022-05-17 15:00:00.084,16100,16101,16100,10,-10
2022-05-17 15:00:00.084,16100,16101,16100,5,-5
2022-05-17 15:00:00.085,16100,16101,16101,1,1
2022-05-17 15:00:00.085,16100,16101,16102,1,1
2022-05-17 15:00:00.139,16100,16102,16100,2,-2
2022-05-17 15:00:00.211,16100,16101,16100,1,-1
2022-05-17 15:00:00.212,16100,16101,16100,5,-5
2022-05-17 15:00:00.222,16100,16101,16100,1,-1
2022-05-17 15:00:00.222,16100,16101,16100,1,-1
2022-05-17 15:00:00.252,16100,16101,16101,2,2
2022-05-17 15:00:00.345,16100,16101,16101,1,1
2022-05-17 15:00:00.358,16100,16101,16102,1,1
2022-05-17 15:00:00.376,16100,16101,16102,4,4
2022-05-17 15:00:00.395,16100,16101,16100,3,-3
2022-05-17 15:00:00.405,16100,16102,16100,1,-1
2022-05-17 15:00:00.406,16100,16102,16100,1,-1
2022-05-17 15:00:00.406,16100,16102,16100,1,-1
2022-05-17 15:00:00.414,16100,16102,16101,1,-1
2022-05-17 15:00:00.414,16100,16102,16101,1,-1
2022-05-17 15:00:00.426,16100,16102,16100,1,-1
2022-05-17 15:00:00.426,16100,16102,16099,1,-1
2022-05-17 15:00:00.500,16100,16102,16101,1,-1
2022-05-17 15:00:00.521,16099,16101,16101,1,1
2022-05-17 15:00:00.548,16099,16101,16100,1,1
2022-05-17 15:00:00.556,16099,16101,16100,1,1
2022-05-17 15:00:00.564,16099,16101,16101,1,1
2022-05-17 15:00:00.577,16099,16101,16101,1,1
2022-05-17 15:00:00.578,16099,16101,16102,1,1
2022-05-17 15:00:00.584,16099,16101,16102,1,1
2022-05-17 15:00:00.584,16099,16101,16102,1,1
2022-05-17 15:00:00.608,16099,16101,16101,2,2
2022-05-17 15:00:00.657,16101,16102,16101,1,-1
2022-05-17 15:00:00.662,16101,16102,16101,1,-1
2022-05-17 15:00:00.693,16101,16102,16102,4,4
2022-05-17 15:00:00.695,16101,16102,16101,1,-1
2022-05-17 15:00:00.698,16101,16102,16101,1,-1
2022-05-17 15:00:00.720,16101,16102,16102,1,1
2022-05-17 15:00:00.736,16101,16102,16102,1,1
2022-05-17 15:00:00.761,16101,16102,16102,2,2
2022-05-17 15:00:00.779,16101,16102,16101,1,-1
2022-05-17 15:00:00.787,16101,16102,16102,2,2
2022-05-17 15:00:00.821,16101,16102,16101,1,-1
2022-05-17 15:00:00.821,16101,16102,16101,1,-1
2022-05-17 15:00:00.821,16101,16102,16101,2,-2
2022-05-17 15:00:00.822,16101,16102,16101,19,-19
2022-05-17 15:00:00.822,16101,16102,16101,9,-9
2022-05-17 15:00:00.878,16101,16102,16102,3,3
2022-05-17 15:00:00.888,16101,16102,16102,2,2
2022-05-17 15:00:00.902,16100,16102,16102,1,1
2022-05-17 15:00:00.960,16100,16102,16101,2,2
2022-05-17 15:00:00.982,16100,16102,16100,1,-1
2022-05-17 15:00:01.017,16100,16102,16101,1,-1
2022-05-17 15:00:01.037,16100,16101,16100,1,-1
2022-05-17 15:00:01.232,16099,16100,16100,2,2
2022-05-17 15:00:01.343,16099,16100,16100,1,1
2022-05-17 15:00:01.343,16099,16100,16101,2,2
2022-05-17 15:00:01.364,16099,16100,16099,1,-1
2022-05-17 15:00:01.373,16099,16100,16101,1,1
2022-05-17 15:00:01.394,16099,16100,16101,2,2
2022-05-17 15:00:01.544,16099,16101,16101,1,1
2022-05-17 15:00:01.586,16099,16101,16101,1,1
2022-05-17 15:00:01.684,16099,16101,16099,1,-1
2022-05-17 15:00:01.947,16099,16100,16100,1,1
2022-05-17 15:00:01.992,16099,16100,16100,1,1
2022-05-17 15:00:02.616,16099,16100,16100,1,1
2022-05-17 15:00:02.698,16099,16100,16099,1,-1
2022-05-17 15:00:02.875,16098,16100,16100,2,2
2022-05-17 15:00:02.923,16098,16100,16100,1,1
2022-05-17 15:00:02.985,16098,16100,16100,1,1
2022-05-17 15:00:03.772,16098,16099,16098,2,-2
2022-05-17 15:00:03.773,16098,16099,16098,6,-6
2022-05-17 15:00:03.774,16098,16099,16098,3,-3
2022-05-17 15:00:03.819,16098,16099,16099,1,1
2022-05-17 15:00:03.935,16097,16099,16097,3,-3
2022-05-17 15:00:03.962,16097,16099,16097,1,-1
2022-05-17 15:00:03.995,16097,16099,16096,1,-1
2022-05-17 15:00:04.018,16097,16099,16096,1,-1
2022-05-17 15:00:04.072,16096,16098,16096,1,-1
2022-05-17 15:00:04.100,16096,16098,16096,1,-1
2022-05-17 15:00:04.109,16096,16098,16098,1,1
2022-05-17 15:00:04.239,16096,16098,16096,1,-1
2022-05-17 15:00:04.239,16096,16098,16098,3,3
2022-05-17 15:00:04.371,16096,16098,16096,2,-2
2022-05-17 15:00:04.705,16096,16098,16098,1,1
2022-05-17 15:00:04.937,16096,16098,16096,1,-1
2022-05-17 15:00:05.285,16096,16098,16096,2,-2
2022-05-17 15:00:05.411,16096,16098,16096,1,-1
2022-05-17 15:00:05.468,16096,16098,16097,1,-1
2022-05-17 15:00:05.664,16097,16098,16097,1,-1
2022-05-17 15:00:06.001,16096,16098,16097,1,-1
2022-05-17 15:00:06.129,16096,16097,16097,1,1
2022-05-17 15:00:06.429,16096,16097,16096,1,-1
2022-05-17 15:00:06.487,16096,16097,16096,1,-1
2022-05-17 15:00:06.487,16096,16097,16096,3,-3
2022-05-17 15:00:06.655,16095,16096,16096,3,3
2022-05-17 15:00:06.700,16095,16096,16096,2,2
2022-05-17 15:00:06.700,16095,16096,16097,1,1
2022-05-17 15:00:07.549,16095,16097,16095,2,-2
2022-05-17 15:00:07.745,16095,16096,16095,1,-1
2022-05-17 15:00:07.957,16095,16096,16095,1,-1
2022-05-17 15:00:08.139,16095,16096,16096,2,2
2022-05-17 15:00:08.146,16095,16096,16095,1,-1
2022-05-17 15:00:08.273,16094,16096,16094,1,-1
2022-05-17 15:00:09.385,16094,16096,16094,1,-1
2022-05-17 15:00:09.665,16094,16096,16094,1,-1
2022-05-17 15:00:10.095,16093,16095,16095,4,4
2022-05-17 15:00:10.096,16093,16095,16095,1,1
2022-05-17 15:00:10.597,16094,16095,16095,1,1
2022-05-17 15:00:10.598,16094,16095,16095,2,2
2022-05-17 15:00:10.667,16095,16096,16096,1,1
2022-05-17 15:00:10.808,16095,16096,16095,1,-1
2022-05-17 15:00:11.201,16094,16096,16094,1,-1
2022-05-17 15:00:11.266,16094,16096,16096,1,1
2022-05-17 15:00:11.685,16094,16096,16096,1,1
2022-05-17 15:00:11.806,16095,16096,16096,1,1
2022-05-17 15:00:13.454,16095,16096,16096,2,2
2022-05-17 15:00:14.050,16095,16096,16095,1,-1
2022-05-17 15:00:14.219,16094,16095,16094,2,-2
2022-05-17 15:00:14.233,16094,16095,16094,1,-1
2022-05-17 15:00:14.275,16093,16094,16094,1,1
2022-05-17 15:00:14.464,16093,16094,16094,1,1
2022-05-17 15:00:14.834,16093,16094,16094,2,2
2022-05-17 15:00:16.347,16093,16094,16093,1,-1
2022-05-17 15:00:16.467,16093,16094,16093,3,-3
2022-05-17 15:00:16.467,16093,16094,16092,1,-1
2022-05-17 15:00:16.573,16092,16094,16093,1,-1
2022-05-17 15:00:16.938,16092,16093,16092,1,-1
2022-05-17 15:00:17.309,16092,16093,16092,1,-1
2022-05-17 15:00:18.273,16091,16092,16092,1,1
2022-05-17 15:00:18.316,16091,16092,16092,1,1
2022-05-17 15:00:19.052,16091,16092,16091,3,-3
2022-05-17 15:00:19.218,16090,16091,16091,1,1
2022-05-17 15:00:19.218,16090,16091,16092,2,2
2022-05-17 15:00:19.364,16090,16092,16091,1,1
2022-05-17 15:00:19.364,16090,16092,16092,2,2
2022-05-17 15:00:19.425,16090,16092,16092,1,1
2022-05-17 15:00:19.818,16091,16092,16091,1,-1
2022-05-17 15:00:19.823,16091,16092,16091,1,-1
2022-05-17 15:00:21.881,16091,16092,16091,1,-1
2022-05-17 15:00:21.881,16091,16092,16090,1,-1
2022-05-17 15:00:21.942,16090,16092,16090,1,-1
2022-05-17 15:00:22.423,16090,16091,16091,1,1
2022-05-17 15:00:22.760,16090,16091,16091,1,1
2022-05-17 15:00:22.860,16090,16091,16091,2,2
2022-05-17 15:00:23.170,16090,16091,16091,1,1
2022-05-17 15:00:23.170,16090,16091,16092,3,3
2022-05-17 15:00:23.170,16090,16091,16092,3,3
2022-05-17 15:00:23.171,16090,16091,16092,1,1
2022-05-17 15:00:23.873,16092,16093,16092,1,-1
2022-05-17 15:00:23.952,16092,16093,16093,1,1
2022-05-17 15:00:24.010,16092,16093,16093,1,1
2022-05-17 15:00:24.157,16092,16093,16092,1,-1
2022-05-17 15:00:24.260,16092,16093,16091,1,-1
2022-05-17 15:00:24.261,16092,16093,16093,1,1
2022-05-17 15:00:24.523,16091,16093,16091,1,-1
2022-05-17 15:00:25.019,16090,16092,16090,1,-1
2022-05-17 15:00:25.099,16090,16092,16090,1,-1
2022-05-17 15:00:25.757,16089,16091,16089,1,-1
2022-05-17 15:00:26.433,16090,16091,16090,2,-2
2022-05-17 15:00:26.620,16090,16091,16090,1,-1
2022-05-17 15:00:26.889,16090,16091,16090,2,-2
2022-05-17 15:00:26.894,16090,16091,16090,3,-3
2022-05-17 15:00:27.636,16089,16090,16090,1,1
2022-05-17 15:00:28.209,16089,16090,16090,1,1
2022-05-17 15:00:28.276,16089,16090,16090,2,2
2022-05-17 15:00:29.019,16090,16091,16090,2,-2
2022-05-17 15:00:29.836,16090,16091,16091,3,3
2022-05-17 15:00:29.901,16090,16092,16090,1,-1
2022-05-17 15:00:30.153,16091,16092,16092,3,3
2022-05-17 15:00:30.154,16091,16092,16093,1,1
2022-05-17 15:00:30.154,16091,16092,16093,1,1
2022-05-17 15:00:31.096,16093,16094,16093,2,-2
2022-05-17 15:00:31.335,16093,16094,16093,1,-1
2022-05-17 15:00:31.796,16093,16094,16093,1,-1
2022-05-17 15:00:32.799,16093,16094,16093,1,-1
2022-05-17 15:00:33.299,16093,16094,16094,3,3
2022-05-17 15:00:35.459,16094,16095,16095,1,1
2022-05-17 15:00:35.459,16094,16095,16095,1,1
2022-05-17 15:00:35.459,16094,16095,16095,1,1
2022-05-17 15:00:35.460,16094,16095,16095,1,1
2022-05-17 15:00:35.460,16094,16095,16095,1,1
2022-05-17 15:00:35.460,16094,16095,16095,2,2
2022-05-17 15:00:35.460,16094,16095,16095,1,1
2022-05-17 15:00:35.897,16095,16096,16096,1,1
2022-05-17 15:00:36.431,16095,16096,16095,1,-1
2022-05-17 15:00:36.519,16095,16096,16095,1,-1
2022-05-17 15:00:36.873,16094,16096,16094,1,-1
2022-05-17 15:00:38.051,16094,16096,16094,1,-1
2022-05-17 15:00:38.784,16094,16095,16094,1,-1
2022-05-17 15:00:41.707,16094,16095,16094,1,-1
2022-05-17 15:00:42.661,16093,16094,16094,1,1
2022-05-17 15:00:42.662,16093,16094,16095,2,2
2022-05-17 15:00:42.662,16093,16094,16095,2,2
2022-05-17 15:00:43.227,16094,16096,16094,3,-3
2022-05-17 15:00:43.949,16093,16094,16094,1,1
2022-05-17 15:00:44.127,16093,16094,16093,2,-2
2022-05-17 15:00:44.293,16093,16094,16093,3,-3
2022-05-17 15:00:46.649,16092,16093,16092,1,-1
2022-05-17 15:00:48.763,16092,16093,16092,1,-1
2022-05-17 15:00:49.324,16092,16093,16092,1,-1
2022-05-17 15:00:49.595,16092,16093,16093,2,2
2022-05-17 15:00:50.302,16092,16094,16094,1,1
2022-05-17 15:00:50.302,16092,16094,16094,1,1
2022-05-17 15:00:50.302,16092,16094,16094,2,2
2022-05-17 15:00:50.302,16092,16094,16094,1,1
2022-05-17 15:00:50.302,16092,16094,16094,1,1
2022-05-17 15:00:50.302,16092,16094,16094,16,16
2022-05-17 15:00:50.433,16094,16095,16095,3,3
2022-05-17 15:00:50.434,16094,16095,16095,2,2
2022-05-17 15:00:50.458,16094,16095,16096,3,3
2022-05-17 15:00:50.580,16094,16096,16094,1,-1
2022-05-17 15:00:50.689,16094,16095,16095,2,2
2022-05-17 15:00:50.689,16094,16095,16096,1,1
2022-05-17 15:00:50.743,16094,16095,16096,1,1
2022-05-17 15:00:50.884,16094,16096,16096,3,3
2022-05-17 15:00:50.895,16094,16096,16095,1,1
2022-05-17 15:00:52.330,16094,16096,16094,1,-1
2022-05-17 15:00:52.422,16094,16096,16096,1,1
2022-05-17 15:00:53.893,16094,16096,16094,1,-1
2022-05-17 15:00:54.220,16093,16095,16093,1,-1
2022-05-17 15:00:54.510,16093,16095,16095,4,4
2022-05-17 15:00:54.542,16094,16095,16094,1,-1
2022-05-17 15:00:56.348,16093,16095,16095,1,1
2022-05-17 15:00:58.314,16093,16094,16094,1,1
2022-05-17 15:00:58.314,16093,16094,16095,2,2
2022-05-17 15:00:58.490,16093,16095,16095,3,3
2022-05-17 15:00:58.591,16093,16095,16095,3,3
2022-05-17 15:00:58.893,16093,16095,16095,3,3
2022-05-17 15:00:59.945,16093,16095,16095,1,1
2022-05-17 15:00:59.945,16093,16095,16095,1,1
2022-05-17 15:01:00.078,16093,16095,16095,1,1
2022-05-17 15:01:00.078,16093,16095,16096,1,1
2022-05-17 15:01:00.078,16093,16095,16096,1,1
2022-05-17 15:01:00.078,16093,16095,16096,1,1
2022-05-17 15:01:00.114,16093,16095,16096,4,4
2022-05-17 15:01:00.114,16093,16095,16096,2,2
2022-05-17 15:01:00.134,16093,16095,16097,1,1
2022-05-17 15:01:00.137,16093,16095,16097,1,1
2022-05-17 15:01:00.182,16095,16097,16097,1,1
2022-05-17 15:01:00.204,16095,16097,16097,1,1
2022-05-17 15:01:00.333,16095,16097,16097,1,1
2022-05-17 15:01:00.383,16095,16097,16096,1,1
2022-05-17 15:01:00.800,16095,16096,16095,2,-2
2022-05-17 15:01:00.857,16095,16096,16096,1,1
2022-05-17 15:01:01.124,16095,16096,16095,1,-1
2022-05-17 15:01:01.149,16094,16096,16096,1,1
2022-05-17 15:01:01.422,16094,16096,16094,2,-2
2022-05-17 15:01:01.422,16094,16096,16094,4,-4
2022-05-17 15:01:02.410,16093,16094,16094,1,1
2022-05-17 15:01:03.053,16093,16094,16093,1,-1
2022-05-17 15:01:03.054,16093,16094,16093,2,-2
2022-05-17 15:01:03.576,16092,16093,16092,1,-1
2022-05-17 15:01:05.311,16092,16093,16093,1,1
2022-05-17 15:01:09.960,16093,16094,16093,1,-1
2022-05-17 15:01:16.969,16093,16094,16093,1,-1
2022-05-17 15:01:16.969,16093,16094,16092,3,-3
2022-05-17 15:01:17.024,16092,16094,16094,1,1
2022-05-17 15:01:17.025,16092,16094,16094,1,1
2022-05-17 15:01:18.780,16092,16093,16093,1,1
2022-05-17 15:01:20.535,16092,16093,16092,3,-3
2022-05-17 15:01:20.536,16092,16093,16092,7,-7
2022-05-17 15:01:20.929,16091,16092,16092,1,1
2022-05-17 15:01:20.977,16091,16092,16092,1,1
2022-05-17 15:01:21.533,16091,16092,16091,1,-1
2022-05-17 15:01:21.676,16091,16092,16091,1,-1
2022-05-17 15:01:22.421,16090,16091,16091,2,2
2022-05-17 15:01:22.541,16090,16091,16090,28,-28
2022-05-17 15:01:22.542,16090,16091,16089,1,-1
2022-05-17 15:01:22.542,16090,16091,16089,4,-4
2022-05-17 15:01:24.049,16087,16089,16088,1,-1
2022-05-17 15:01:24.061,16087,16089,16088,1,-1
2022-05-17 15:01:24.115,16087,16089,16088,1,-1
2022-05-17 15:01:24.806,16087,16089,16089,6,6
2022-05-17 15:01:25.775,16088,16090,16090,1,1
2022-05-17 15:01:28.112,16089,16090,16090,2,2
2022-05-17 15:01:29.049,16089,16090,16090,2,2
2022-05-17 15:01:29.148,16089,16091,16091,1,1
2022-05-17 15:01:29.148,16089,16091,16091,1,1
2022-05-17 15:01:29.148,16089,16091,16092,1,1
2022-05-17 15:01:29.149,16089,16091,16092,1,1
2022-05-17 15:01:29.149,16089,16091,16092,1,1
2022-05-17 15:01:29.191,16089,16091,16090,2,2
2022-05-17 15:01:29.395,16090,16092,16089,1,-1
2022-05-17 15:01:31.693,16091,16092,16091,1,-1
2022-05-17 15:01:31.976,16091,16092,16092,1,1
2022-05-17 15:01:31.976,16091,16092,16093,1,1
2022-05-17 15:01:34.635,16092,16093,16092,1,-1
2022-05-17 15:01:35.651,16092,16093,16093,1,1
2022-05-17 15:01:35.852,16092,16093,16092,2,-2
2022-05-17 15:01:37.975,16091,16093,16091,1,-1
2022-05-17 15:01:42.277,16091,16092,16091,1,-1
2022-05-17 15:01:42.909,16091,16092,16092,2,2
2022-05-17 15:01:43.717,16091,16092,16091,1,-1
2022-05-17 15:01:45.813,16090,16091,16091,1,1
2022-05-17 15:01:47.523,16091,16092,16091,1,-1
2022-05-17 15:01:50.139,16090,16091,16090,5,-5
2022-05-17 15:01:51.334,16090,16091,16090,1,-1
2022-05-17 15:01:51.873,16089,16090,16089,1,-1
2022-05-17 15:01:51.873,16089,16090,16089,2,-2
2022-05-17 15:01:51.874,16089,16090,16089,2,-2
2022-05-17 15:01:51.890,16089,16090,16088,1,-1
2022-05-17 15:01:51.995,16087,16088,16088,1,1
2022-05-17 15:01:53.050,16087,16088,16087,4,-4
2022-05-17 15:01:53.052,16087,16088,16087,2,-2
2022-05-17 15:01:53.530,16086,16087,16087,2,2
2022-05-17 15:01:53.596,16086,16087,16087,1,1
2022-05-17 15:01:54.953,16086,16087,16086,3,-3
2022-05-17 15:01:55.075,16086,16087,16086,1,-1
2022-05-17 15:01:55.629,16086,16087,16087,1,1
2022-05-17 15:01:56.895,16086,16087,16087,1,1
2022-05-17 15:01:56.926,16086,16088,16086,2,-2
2022-05-17 15:01:57.620,16086,16088,16088,1,1
2022-05-17 15:01:59.357,16087,16088,16088,1,1
2022-05-17 15:02:00.208,16087,16089,16089,1,1
2022-05-17 15:02:01.098,16087,16089,16087,1,-1
2022-05-17 15:02:01.247,16087,16089,16089,2,2
2022-05-17 15:02:01.466,16089,16090,16089,1,-1
2022-05-17 15:02:01.777,16088,16090,16090,1,1
2022-05-17 15:02:04.768,16089,16090,16089,1,-1
2022-05-17 15:02:08.615,16089,16090,16089,1,-1
2022-05-17 15:02:12.213,16088,16089,16088,4,-4
2022-05-17 15:02:17.622,16087,16088,16087,1,-1
2022-05-17 15:02:18.899,16087,16088,16087,1,-1
2022-05-17 15:02:18.950,16087,16088,16087,1,-1
2022-05-17 15:02:20.529,16087,16088,16087,1,-1
2022-05-17 15:02:22.176,16087,16088,16087,1,-1
2022-05-17 15:02:22.405,16087,16088,16088,6,6
2022-05-17 15:02:27.561,16088,16089,16088,3,-3
2022-05-17 15:02:27.779,16087,16089,16089,1,1
2022-05-17 15:02:28.424,16088,16090,16088,1,-1
2022-05-17 15:02:29.920,16088,16089,16089,1,1
2022-05-17 15:02:29.920,16088,16089,16089,1,1
2022-05-17 15:02:30.131,16089,16090,16089,1,-1
2022-05-17 15:02:30.507,16089,16090,16090,10,10
2022-05-17 15:02:30.508,16089,16090,16090,1,1
2022-05-17 15:02:31.356,16090,16091,16090,3,-3
2022-05-17 15:02:36.285,16090,16091,16090,1,-1
2022-05-17 15:02:37.913,16089,16090,16089,2,-2
2022-05-17 15:02:38.792,16088,16089,16089,1,1
2022-05-17 15:02:41.391,16088,16089,16089,1,1
2022-05-17 15:02:41.793,16088,16089,16088,3,-3
2022-05-17 15:02:42.752,16087,16088,16088,1,1
2022-05-17 15:02:50.394,16087,16088,16088,1,1
2022-05-17 15:02:53.723,16088,16089,16089,1,1
2022-05-17 15:02:55.644,16089,16090,16090,2,2
2022-05-17 15:03:00.110,16089,16090,16090,1,1
2022-05-17 15:03:00.110,16089,16090,16091,1,1
2022-05-17 15:03:00.128,16089,16090,16091,1,1
2022-05-17 15:03:00.207,16089,16091,16091,1,1
2022-05-17 15:03:00.207,16089,16091,16091,1,1
2022-05-17 15:03:00.213,16089,16091,16091,2,2
2022-05-17 15:03:00.605,16089,16091,16089,1,-1
2022-05-17 15:03:03.100,16089,16091,16091,2,2
2022-05-17 15:03:04.410,16090,16092,16090,5,-5
2022-05-17 15:03:05.654,16089,16090,16089,1,-1
2022-05-17 15:03:05.710,16089,16090,16089,1,-1
2022-05-17 15:03:05.711,16089,16090,16089,2,-2
2022-05-17 15:03:06.295,16088,16090,16089,2,-2
2022-05-17 15:03:07.267,16088,16090,16089,1,-1
2022-05-17 15:03:10.853,16089,16090,16090,2,2
2022-05-17 15:03:12.652,16089,16090,16090,2,2
2022-05-17 15:03:12.699,16089,16090,16091,1,1
2022-05-17 15:03:14.473,16089,16090,16090,1,1
2022-05-17 15:03:15.296,16089,16091,16090,1,1
2022-05-17 15:03:15.297,16089,16091,16091,4,4
2022-05-17 15:03:16.277,16089,16091,16090,1,1
2022-05-17 15:03:17.502,16090,16091,16091,1,1
2022-05-17 15:03:17.502,16090,16091,16091,1,1
2022-05-17 15:03:17.505,16090,16091,16091,1,1
2022-05-17 15:03:17.566,16091,16092,16092,7,7
2022-05-17 15:03:18.229,16091,16093,16091,1,-1
2022-05-17 15:03:22.683,16092,16093,16092,1,-1
2022-05-17 15:03:23.946,16092,16093,16092,3,-3
2022-05-17 15:03:25.622,16091,16092,16091,1,-1
2022-05-17 15:03:25.984,16091,16092,16092,1,1
2022-05-17 15:03:26.392,16091,16092,16092,1,1
2022-05-17 15:03:30.253,16091,16092,16092,1,1
2022-05-17 15:03:32.296,16091,16092,16092,1,1
2022-05-17 15:03:34.296,16091,16092,16092,1,1
2022-05-17 15:03:38.312,16091,16092,16091,1,-1
2022-05-17 15:03:38.312,16091,16092,16091,1,-1
2022-05-17 15:03:38.312,16091,16092,16091,1,-1
2022-05-17 15:03:38.313,16091,16092,16091,1,-1
2022-05-17 15:03:43.212,16090,16091,16091,2,2
2022-05-17 15:03:43.924,16091,16092,16091,4,-4
2022-05-17 15:03:44.992,16091,16092,16091,1,-1
2022-05-17 15:03:47.203,16090,16092,16090,1,-1
2022-05-17 15:03:51.060,16091,16092,16091,1,-1
2022-05-17 15:03:55.088,16091,16092,16092,35,35
2022-05-17 15:03:55.088,16091,16092,16092,1,1
2022-05-17 15:03:56.124,16092,16093,16093,12,12
2022-05-17 15:04:00.233,16093,16094,16094,1,1
2022-05-17 15:04:04.462,16093,16094,16094,1,1
2022-05-17 15:04:04.462,16093,16094,16094,1,1
2022-05-17 15:04:04.463,16093,16094,16094,1,1
2022-05-17 15:04:04.463,16093,16094,16094,1,1
2022-05-17 15:04:04.463,16093,16094,16094,4,4
2022-05-17 15:04:04.463,16093,16094,16094,2,2
2022-05-17 15:04:05.122,16094,16095,16094,1,-1
2022-05-17 15:04:05.849,16094,16095,16095,10,10
2022-05-17 15:04:08.274,16095,16096,16096,1,1
2022-05-17 15:04:08.274,16095,16096,16096,4,4
2022-05-17 15:04:08.483,16096,16097,16096,1,-1
2022-05-17 15:04:08.800,16096,16097,16096,1,-1
2022-05-17 15:04:10.289,16096,16097,16097,1,1
2022-05-17 15:04:11.053,16096,16097,16097,1,1
2022-05-17 15:04:11.206,16096,16097,16097,4,4
2022-05-17 15:04:11.571,16097,16098,16097,1,-1
2022-05-17 15:04:11.571,16097,16098,16096,1,-1
2022-05-17 15:04:13.188,16096,16098,16098,1,1
2022-05-17 15:04:15.007,16097,16098,16098,1,1
2022-05-17 15:04:15.007,16097,16098,16098,5,5
2022-05-17 15:04:15.009,16097,16098,16098,2,2
2022-05-17 15:04:15.009,16097,16098,16098,1,1
2022-05-17 15:04:15.010,16097,16098,16098,13,13
2022-05-17 15:04:15.011,16097,16098,16098,1,1
2022-05-17 15:04:15.011,16097,16098,16098,1,1
2022-05-17 15:04:15.322,16098,16099,16098,1,-1
2022-05-17 15:04:17.540,16097,16098,16098,1,1
2022-05-17 15:04:17.739,16097,16098,16098,1,1
2022-05-17 15:04:17.744,16097,16098,16099,10,10
2022-05-17 15:04:17.745,16097,16098,16099,1,1
2022-05-17 15:04:17.745,16097,16098,16099,1,1
2022-05-17 15:04:18.292,16099,16100,16099,1,-1
2022-05-17 15:04:18.292,16099,16100,16099,1,-1
2022-05-17 15:04:19.073,16099,16100,16100,10,10
2022-05-17 15:04:19.201,16099,16101,16100,1,1
2022-05-17 15:04:19.290,16100,16101,16100,1,-1
2022-05-17 15:04:20.249,16100,16101,16100,1,-1
2022-05-17 15:04:20.250,16100,16101,16100,2,-2
2022-05-17 15:04:20.530,16099,16100,16099,1,-1
2022-05-17 15:04:21.578,16100,16101,16100,1,-1
2022-05-17 15:04:22.231,16100,16101,16100,1,-1
2022-05-17 15:04:24.015,16100,16101,16101,7,7
2022-05-17 15:04:24.016,16100,16101,16101,3,3
2022-05-17 15:04:24.017,16100,16101,16101,1,1
2022-05-17 15:04:24.018,16100,16101,16102,11,11
2022-05-17 15:04:24.083,16101,16103,16102,1,1
2022-05-17 15:04:24.315,16102,16103,16102,1,-1
2022-05-17 15:04:24.566,16101,16102,16101,1,-1
2022-05-17 15:04:25.539,16101,16102,16101,3,-3
2022-05-17 15:04:27.362,16101,16102,16101,1,-1
2022-05-17 15:04:27.412,16101,16102,16101,3,-3
2022-05-17 15:04:29.795,16100,16101,16100,1,-1
2022-05-17 15:04:29.796,16100,16101,16100,3,-3
2022-05-17 15:04:29.878,16100,16101,16100,3,-3
2022-05-17 15:04:30.072,16099,16100,16100,1,1
2022-05-17 15:04:30.429,16099,16100,16100,1,1
2022-05-17 15:04:30.589,16099,16101,16100,1,1
2022-05-17 15:04:30.717,16099,16100,16099,2,-2
2022-05-17 15:04:31.069,16099,16100,16099,1,-1
2022-05-17 15:04:31.624,16098,16099,16100,1,1
2022-05-17 15:04:33.157,16098,16099,16098,2,-2
2022-05-17 15:04:33.157,16098,16099,16098,1,-1
2022-05-17 15:04:33.972,16097,16098,16098,2,2
2022-05-17 15:04:34.138,16097,16098,16098,1,1
2022-05-17 15:04:34.898,16097,16098,16098,1,1
2022-05-17 15:04:37.692,16097,16099,16099,2,2
2022-05-17 15:04:38.435,16097,16098,16098,1,1
2022-05-17 15:04:40.918,16098,16099,16098,1,-1
2022-05-17 15:04:45.148,16098,16099,16098,1,-1
2022-05-17 15:04:50.405,16096,16097,16097,1,1
2022-05-17 15:04:50.406,16096,16097,16097,1,1
2022-05-17 15:04:50.608,16097,16098,16098,1,1
2022-05-17 15:04:50.687,16097,16098,16097,1,-1
2022-05-17 15:04:54.210,16097,16098,16098,1,1
2022-05-17 15:04:55.246,16097,16098,16098,9,9
2022-05-17 15:04:55.246,16097,16098,16098,1,1
2022-05-17 15:04:57.257,16098,16099,16098,1,-1
2022-05-17 15:05:02.204,16097,16098,16098,1,1
2022-05-17 15:05:02.274,16097,16098,16098,1,1
2022-05-17 15:05:02.275,16097,16098,16099,1,1
2022-05-17 15:05:02.275,16097,16098,16099,1,1
2022-05-17 15:05:02.275,16097,16098,16099,1,1
2022-05-17 15:05:02.275,16097,16098,16099,1,1
2022-05-17 15:05:02.276,16097,16098,16099,1,1
2022-05-17 15:05:02.276,16097,16098,16099,1,1
2022-05-17 15:05:02.276,16097,16098,16099,1,1
2022-05-17 15:05:03.226,16097,16099,16098,3,3
2022-05-17 15:05:03.226,16097,16099,16098,3,3
2022-05-17 15:05:03.307,16097,16099,16099,1,1
2022-05-17 15:05:03.333,16097,16099,16099,1,1
2022-05-17 15:05:03.473,16097,16099,16097,1,-1
2022-05-17 15:05:04.370,16097,16098,16097,2,-2
2022-05-17 15:05:04.370,16097,16098,16097,1,-1
2022-05-17 15:05:04.370,16097,16098,16097,1,-1
2022-05-17 15:05:05.457,16096,16097,16096,1,-1
2022-05-17 15:05:06.672,16095,16097,16097,1,1
2022-05-17 15:05:09.414,16095,16096,16095,1,-1
2022-05-17 15:05:12.911,16095,16096,16095,1,-1
2022-05-17 15:05:13.717,16094,16095,16095,1,1
2022-05-17 15:05:14.246,16094,16095,16096,5,5
2022-05-17 15:05:17.519,16094,16095,16095,3,3
2022-05-17 15:05:19.000,16095,16096,16096,1,1
2022-05-17 15:05:19.001,16095,16096,16096,7,7
2022-05-17 15:05:19.001,16095,16096,16096,2,2
2022-05-17 15:05:19.001,16095,16096,16096,2,2
2022-05-17 15:05:19.001,16095,16096,16096,10,10
2022-05-17 15:05:19.001,16095,16096,16096,1,1
2022-05-17 15:05:19.001,16095,16096,16096,2,2
2022-05-17 15:05:19.023,16095,16097,16097,1,1
2022-05-17 15:05:20.885,16095,16097,16096,1,1
2022-05-17 15:05:22.863,16096,16097,16096,1,-1
2022-05-17 15:05:24.500,16095,16097,16095,2,-2
2022-05-17 15:05:31.999,16095,16096,16096,1,1
2022-05-17 15:05:34.077,16095,16097,16095,1,-1
2022-05-17 15:05:34.440,16095,16097,16095,1,-1
2022-05-17 15:05:37.590,16095,16096,16095,13,-13
2022-05-17 15:05:38.262,16094,16096,16096,1,1
2022-05-17 15:05:38.337,16094,16096,16094,1,-1
2022-05-17 15:05:39.347,16095,16096,16095,1,-1
2022-05-17 15:05:39.347,16095,16096,16094,12,-12
2022-05-17 15:05:39.348,16095,16096,16094,7,-7
2022-05-17 15:05:46.626,16094,16095,16094,1,-1
2022-05-17 15:05:48.277,16093,16094,16093,1,-1
2022-05-17 15:05:48.486,16093,16094,16093,13,-13
2022-05-17 15:05:48.714,16092,16093,16092,1,-1
2022-05-17 15:05:48.726,16092,16093,16092,2,-2
2022-05-17 15:05:50.285,16091,16093,16093,6,6
2022-05-17 15:05:50.285,16091,16093,16094,7,7
2022-05-17 15:05:54.018,16091,16092,16093,1,1
2022-05-17 15:05:54.376,16091,16093,16092,1,1
2022-05-17 15:06:00.160,16092,16093,16092,1,-1
2022-05-17 15:06:00.182,16092,16093,16092,1,-1
2022-05-17 15:06:00.628,16091,16092,16092,1,1
2022-05-17 15:06:01.944,16091,16092,16092,1,1
2022-05-17 15:06:02.559,16091,16092,16092,1,1
2022-05-17 15:06:07.473,16092,16093,16092,1,-1
2022-05-17 15:06:07.474,16092,16093,16092,2,-2
2022-05-17 15:06:10.527,16091,16092,16092,1,1
2022-05-17 15:06:11.275,16091,16092,16091,3,-3
2022-05-17 15:06:11.276,16091,16092,16091,1,-1
2022-05-17 15:06:11.579,16090,16092,16092,3,3
2022-05-17 15:06:15.394,16090,16092,16090,2,-2
2022-05-17 15:06:20.422,16090,16091,16090,1,-1
2022-05-17 15:06:22.557,16090,16091,16090,5,-5
2022-05-17 15:06:25.427,16090,16091,16090,1,-1
2022-05-17 15:06:27.808,16090,16091,16091,1,1
2022-05-17 15:06:27.813,16090,16091,16092,14,14
2022-05-17 15:06:35.041,16091,16092,16092,1,1
2022-05-17 15:06:38.170,16091,16092,16091,1,-1
2022-05-17 15:06:38.611,16090,16091,16091,1,1
2022-05-17 15:06:49.218,16091,16092,16092,2,2
2022-05-17 15:06:53.292,16091,16092,16091,1,-1
2022-05-17 15:06:55.189,16090,16091,16091,1,1
2022-05-17 15:06:59.606,16090,16091,16090,1,-1
2022-05-17 15:07:02.733,16090,16091,16090,5,-5
2022-05-17 15:07:07.072,16090,16091,16091,1,1
2022-05-17 15:07:07.072,16090,16091,16091,1,1
2022-05-17 15:07:15.341,16091,16092,16091,1,-1
2022-05-17 15:07:15.342,16091,16092,16091,1,-1
2022-05-17 15:07:15.754,16090,16091,16090,1,-1
2022-05-17 15:07:18.024,16091,16092,16091,1,-1
2022-05-17 15:07:19.856,16090,16091,16091,1,1
2022-05-17 15:07:21.414,16090,16091,16091,2,2
2022-05-17 15:07:21.419,16090,16091,16090,1,-1
2022-05-17 15:07:25.452,16090,16091,16090,2,-2
2022-05-17 15:07:26.115,16089,16090,16090,1,1
2022-05-17 15:07:30.863,16089,16090,16090,1,1
2022-05-17 15:07:32.276,16089,16090,16090,4,4
2022-05-17 15:07:32.803,16090,16091,16090,5,-5
2022-05-17 15:07:36.320,16090,16091,16091,1,1
2022-05-17 15:07:36.748,16091,16092,16091,3,-3
2022-05-17 15:07:36.748,16091,16092,16090,8,-8
2022-05-17 15:07:36.749,16091,16092,16090,2,-2
2022-05-17 15:07:43.249,16090,16091,16090,1,-1
2022-05-17 15:07:43.251,16090,16091,16090,3,-3
2022-05-17 15:07:45.546,16089,16090,16090,1,1
2022-05-17 15:07:48.328,16089,16090,16090,1,1
2022-05-17 15:07:51.435,16089,16090,16090,1,1
2022-05-17 15:07:53.009,16089,16090,16090,1,1
2022-05-17 15:07:57.223,16089,16090,16090,2,2
2022-05-17 15:07:57.223,16089,16090,16090,1,1
2022-05-17 15:07:57.671,16089,16090,16089,2,-2
2022-05-17 15:07:58.122,16089,16090,16090,1,1
2022-05-17 15:08:08.274,16089,16090,16090,2,2
2022-05-17 15:08:10.715,16089,16090,16090,1,1
2022-05-17 15:08:11.016,16089,16090,16089,1,-1
2022-05-17 15:08:11.623,16089,16090,16090,1,1
2022-05-17 15:08:15.744,16090,16091,16090,1,-1
2022-05-17 15:08:15.744,16090,16091,16090,2,-2
2022-05-17 15:08:15.744,16090,16091,16090,1,-1
2022-05-17 15:08:18.918,16089,16090,16090,1,1
2022-05-17 15:08:18.940,16089,16090,16091,1,1
2022-05-17 15:08:24.081,16090,16091,16090,1,-1
2022-05-17 15:08:31.311,16090,16091,16091,2,2
2022-05-17 15:08:31.494,16091,16092,16092,3,3
2022-05-17 15:08:31.510,16091,16092,16092,2,2
2022-05-17 15:08:31.670,16092,16093,16093,1,1
2022-05-17 15:08:32.134,16092,16093,16093,1,1
2022-05-17 15:08:42.918,16091,16092,16092,1,1
2022-05-17 15:08:45.790,16091,16092,16092,1,1
2022-05-17 15:08:53.888,16091,16092,16092,1,1
2022-05-17 15:09:07.848,16091,16092,16092,1,1
2022-05-17 15:09:09.190,16091,16092,16092,1,1
2022-05-17 15:09:11.112,16091,16092,16092,1,1
2022-05-17 15:09:11.770,16091,16092,16091,6,-6
2022-05-17 15:09:11.770,16091,16092,16091,1,-1
2022-05-17 15:09:11.770,16091,16092,16091,1,-1
2022-05-17 15:09:12.210,16090,16091,16091,1,1
2022-05-17 15:09:13.836,16090,16091,16091,1,1
2022-05-17 15:09:17.707,16090,16091,16091,1,1
2022-05-17 15:09:19.759,16090,16091,16091,1,1
2022-05-17 15:09:21.176,16091,16092,16091,1,-1
2022-05-17 15:09:24.158,16090,16091,16091,1,1
2022-05-17 15:09:24.604,16090,16091,16091,1,1
2022-05-17 15:09:25.339,16091,16092,16091,1,-1
2022-05-17 15:09:33.535,16091,16092,16091,1,-1
2022-05-17 15:09:34.661,16091,16092,16091,2,-2
2022-05-17 15:09:37.532,16091,16092,16092,1,1
2022-05-17 15:09:38.135,16091,16092,16092,1,1
2022-05-17 15:09:38.464,16091,16092,16091,1,-1
2022-05-17 15:09:38.848,16090,16091,16091,1,1
2022-05-17 15:09:44.274,16091,16092,16091,1,-1
2022-05-17 15:09:48.628,16090,16091,16090,5,-5
2022-05-17 15:09:49.491,16090,16091,16090,1,-1
2022-05-17 15:09:50.071,16090,16091,16090,2,-2
2022-05-17 15:09:50.072,16090,16091,16089,2,-2
2022-05-17 15:09:50.072,16090,16091,16089,2,-2
2022-05-17 15:09:50.072,16090,16091,16089,7,-7
2022-05-17 15:09:50.073,16090,16091,16089,16,-16
2022-05-17 15:09:50.073,16090,16091,16089,3,-3
2022-05-17 15:09:50.073,16090,16091,16089,2,-2
2022-05-17 15:09:57.948,16088,16089,16088,3,-3
2022-05-17 15:09:58.978,16088,16089,16088,6,-6
2022-05-17 15:09:59.661,16087,16088,16088,1,1
2022-05-17 15:10:00.083,16087,16088,16087,21,-21
2022-05-17 15:10:00.084,16087,16088,16086,1,-1
2022-05-17 15:10:00.084,16087,16088,16086,1,-1
2022-05-17 15:10:00.085,16087,16088,16086,1,-1
2022-05-17 15:10:01.414,16086,16087,16086,3,-3
2022-05-17 15:10:01.763,16086,16087,16086,1,-1
2022-05-17 15:10:01.918,16085,16087,16087,1,1
2022-05-17 15:10:02.289,16086,16088,16086,1,-1
2022-05-17 15:10:07.915,16085,16087,16087,1,1
2022-05-17 15:10:11.643,16086,16087,16086,1,-1
2022-05-17 15:10:13.458,16086,16087,16086,1,-1
2022-05-17 15:10:16.530,16085,16086,16085,1,-1
2022-05-17 15:10:16.830,16085,16086,16085,1,-1
2022-05-17 15:10:23.756,16085,16086,16085,1,-1
2022-05-17 15:10:23.756,16085,16086,16085,4,-4
2022-05-17 15:10:23.756,16085,16086,16085,1,-1
2022-05-17 15:10:23.756,16085,16086,16085,1,-1
2022-05-17 15:10:23.756,16085,16086,16085,1,-1
2022-05-17 15:10:23.756,16085,16086,16085,4,-4
2022-05-17 15:10:23.756,16085,16086,16085,1,-1
2022-05-17 15:10:23.756,16085,16086,16085,3,-3
2022-05-17 15:10:25.121,16084,16085,16084,1,-1
2022-05-17 15:10:26.736,16084,16085,16084,2,-2
2022-05-17 15:10:27.694,16084,16085,16085,3,3
2022-05-17 15:10:29.197,16084,16085,16085,4,4
2022-05-17 15:10:31.836,16085,16086,16085,4,-4
2022-05-17 15:10:31.836,16085,16086,16085,1,-1
2022-05-17 15:10:32.986,16084,16086,16084,1,-1
2022-05-17 15:10:35.503,16085,16087,16085,8,-8
2022-05-17 15:10:39.470,16086,16087,16086,1,-1
2022-05-17 15:10:42.165,16085,16087,16085,1,-1
2022-05-17 15:10:42.486,16085,16087,16085,7,-7
2022-05-17 15:10:46.266,16085,16086,16086,2,2
2022-05-17 15:10:46.269,16085,16086,16086,1,1
2022-05-17 15:10:47.476,16086,16087,16086,1,-1
2022-05-17 15:10:47.481,16086,16087,16085,3,-3
2022-05-17 15:10:47.482,16086,16087,16085,4,-4
2022-05-17 15:10:47.482,16086,16087,16085,1,-1
2022-05-17 15:10:51.138,16085,16086,16086,1,1
2022-05-17 15:10:52.826,16085,16086,16085,2,-2
2022-05-17 15:10:52.826,16085,16086,16085,1,-1
2022-05-17 15:10:53.156,16084,16085,16085,1,1
2022-05-17 15:10:53.156,16084,16085,16085,2,2
2022-05-17 15:10:54.811,16085,16086,16085,2,-2
2022-05-17 15:10:55.144,16085,16086,16086,2,2
2022-05-17 15:10:56.377,16085,16086,16085,4,-4
2022-05-17 15:10:56.378,16085,16086,16085,6,-6
2022-05-17 15:11:05.491,16085,16086,16086,1,1
2022-05-17 15:11:05.856,16085,16086,16085,2,-2
2022-05-17 15:11:05.963,16084,16085,16085,1,1
2022-05-17 15:11:08.725,16085,16086,16085,1,-1
2022-05-17 15:11:10.446,16085,16086,16086,3,3
2022-05-17 15:11:11.875,16085,16087,16087,2,2
2022-05-17 15:11:11.926,16085,16087,16087,2,2
2022-05-17 15:11:14.105,16085,16086,16086,1,1
2022-05-17 15:11:28.735,16087,16088,16087,1,-1
2022-05-17 15:11:32.211,16086,16087,16086,1,-1
2022-05-17 15:11:35.616,16085,16086,16086,1,1
2022-05-17 15:11:37.101,16085,16086,16085,4,-4
2022-05-17 15:11:40.816,16084,16085,16084,2,-2
2022-05-17 15:11:40.816,16084,16085,16084,2,-2
2022-05-17 15:11:40.816,16084,16085,16084,9,-9
2022-05-17 15:11:42.616,16083,16085,16083,2,-2
2022-05-17 15:11:42.688,16083,16085,16083,1,-1
2022-05-17 15:11:46.409,16083,16084,16083,1,-1
2022-05-17 15:11:49.039,16082,16083,16083,2,2
2022-05-17 15:11:52.179,16083,16084,16083,1,-1
2022-05-17 15:11:55.479,16083,16084,16083,1,-1
2022-05-17 15:12:01.585,16082,16083,16083,1,1
2022-05-17 15:12:02.174,16082,16083,16083,1,1
2022-05-17 15:12:02.174,16082,16083,16084,1,1
2022-05-17 15:12:02.243,16082,16083,16084,2,2
2022-05-17 15:12:02.437,16083,16084,16084,1,1
2022-05-17 15:12:02.437,16083,16084,16085,1,1
2022-05-17 15:12:02.479,16083,16084,16085,2,2
2022-05-17 15:12:02.485,16083,16084,16085,2,2
2022-05-17 15:12:02.509,16083,16084,16083,1,-1
2022-05-17 15:12:02.556,16083,16085,16083,1,-1
2022-05-17 15:12:04.697,16083,16085,16083,1,-1
2022-05-17 15:12:08.092,16083,16085,16084,1,-1
2022-05-17 15:12:08.369,16084,16085,16084,1,-1
2022-05-17 15:12:08.505,16084,16085,16084,3,-3
2022-05-17 15:12:08.505,16084,16085,16083,1,-1
2022-05-17 15:12:11.717,16084,16085,16084,1,-1
2022-05-17 15:12:12.913,16084,16085,16085,3,3
2022-05-17 15:12:12.913,16084,16085,16085,1,1
2022-05-17 15:12:12.914,16084,16085,16085,1,1
2022-05-17 15:12:16.413,16084,16085,16085,1,1
2022-05-17 15:12:20.545,16085,16086,16086,1,1
2022-05-17 15:12:20.545,16085,16086,16086,1,1
2022-05-17 15:12:21.526,16086,16087,16086,1,-1
2022-05-17 15:12:21.689,16085,16086,16085,3,-3
2022-05-17 15:12:21.689,16085,16086,16085,1,-1
2022-05-17 15:12:21.690,16085,16086,16084,2,-2
2022-05-17 15:12:21.694,16085,16086,16084,1,-1
2022-05-17 15:12:21.695,16085,16086,16084,1,-1
2022-05-17 15:12:21.702,16085,16086,16083,4,-4
2022-05-17 15:12:23.585,16083,16085,16085,1,1
2022-05-17 15:12:28.731,16084,16085,16085,2,2
2022-05-17 15:12:28.731,16084,16085,16085,1,1
2022-05-17 15:12:30.262,16085,16086,16086,3,3
2022-05-17 15:12:34.484,16085,16086,16085,1,-1
2022-05-17 15:12:34.484,16085,16086,16085,1,-1
2022-05-17 15:12:34.484,16085,16086,16085,2,-2
2022-05-17 15:12:34.485,16085,16086,16085,1,-1
2022-05-17 15:12:40.407,16084,16085,16085,1,1
2022-05-17 15:12:44.645,16085,16086,16085,1,-1
2022-05-17 15:12:48.031,16084,16085,16084,1,-1
2022-05-17 15:12:48.887,16084,16085,16085,1,1
2022-05-17 15:12:56.447,16084,16085,16084,1,-1
2022-05-17 15:12:59.428,16084,16085,16085,1,1
2022-05-17 15:13:05.232,16083,16085,16085,1,1
2022-05-17 15:13:15.438,16084,16085,16085,1,1
2022-05-17 15:13:15.438,16084,16085,16085,1,1
2022-05-17 15:13:15.717,16085,16086,16085,1,-1
2022-05-17 15:13:18.324,16085,16086,16085,1,-1
2022-05-17 15:13:22.990,16084,16086,16084,7,-7
2022-05-17 15:13:36.116,16085,16086,16086,5,5
2022-05-17 15:13:40.774,16085,16086,16086,1,1
2022-05-17 15:14:01.985,16085,16086,16086,1,1
2022-05-17 15:14:05.504,16085,16086,16085,1,-1
2022-05-17 15:14:05.505,16085,16086,16085,1,-1
2022-05-17 15:14:05.505,16085,16086,16085,2,-2
2022-05-17 15:14:07.418,16085,16086,16086,3,3
2022-05-17 15:14:10.141,16085,16086,16086,1,1
2022-05-17 15:14:10.278,16085,16086,16086,1,1
2022-05-17 15:14:11.877,16085,16086,16086,2,2
2022-05-17 15:14:11.877,16085,16086,16086,2,2
2022-05-17 15:14:11.877,16085,16086,16086,1,1
2022-05-17 15:14:16.300,16086,16087,16087,1,1
2022-05-17 15:14:23.167,16086,16087,16086,1,-1
2022-05-17 15:14:25.334,16085,16087,16085,1,-1
2022-05-17 15:14:32.457,16085,16086,16085,1,-1
2022-05-17 15:14:33.031,16084,16085,16085,1,1
2022-05-17 15:14:35.620,16084,16085,16084,2,-2
2022-05-17 15:14:47.342,16083,16084,16084,1,1
2022-05-17 15:14:47.342,16083,16084,16084,2,2
2022-05-17 15:14:47.576,16084,16085,16085,1,1
2022-05-17 15:14:47.576,16084,16085,16086,2,2
2022-05-17 15:14:54.345,16085,16086,16086,4,4
2022-05-17 15:14:55.003,16085,16086,16085,2,-2
2022-05-17 15:14:56.946,16084,16085,16085,1,1
2022-05-17 15:14:57.998,16084,16085,16084,1,-1
2022-05-17 15:14:57.998,16084,16085,16084,1,-1
2022-05-17 15:14:58.587,16083,16084,16085,1,1
2022-05-17 15:15:00.520,16083,16084,16083,6,-6
2022-05-17 15:15:00.521,16083,16084,16083,3,-3
2022-05-17 15:15:08.887,16083,16084,16084,1,1
2022-05-17 15:15:08.887,16083,16084,16084,1,1
2022-05-17 15:15:08.887,16083,16084,16084,1,1
2022-05-17 15:15:13.922,16083,16084,16083,1,-1
2022-05-17 15:15:14.542,16083,16085,16085,1,1
2022-05-17 15:15:14.663,16083,16085,16085,1,1
2022-05-17 15:15:14.663,16083,16085,16085,1,1
2022-05-17 15:15:19.824,16084,16085,16084,1,-1
2022-05-17 15:15:23.495,16084,16085,16085,1,1
2022-05-17 15:15:23.923,16084,16085,16084,1,-1
2022-05-17 15:15:26.739,16084,16085,16085,1,1
2022-05-17 15:15:35.335,16084,16085,16085,1,1
2022-05-17 15:15:38.771,16084,16085,16084,3,-3
2022-05-17 15:15:44.821,16083,16084,16083,2,-2
2022-05-17 15:15:54.676,16083,16084,16083,1,-1
2022-05-17 15:15:55.316,16083,16084,16084,1,1
2022-05-17 15:16:07.746,16084,16085,16084,1,-1
2022-05-17 15:16:08.238,16084,16085,16085,1,1
2022-05-17 15:16:08.238,16084,16085,16085,1,1
2022-05-17 15:16:08.239,16084,16085,16085,1,1
2022-05-17 15:16:08.239,16084,16085,16085,2,2
2022-05-17 15:16:08.288,16085,16086,16086,1,1
2022-05-17 15:16:15.493,16086,16087,16087,1,1
2022-05-17 15:16:23.311,16086,16087,16087,1,1
2022-05-17 15:16:24.250,16086,16087,16086,2,-2
2022-05-17 15:16:24.669,16086,16087,16086,1,-1
2022-05-17 15:16:25.069,16085,16086,16085,2,-2
2022-05-17 15:16:25.796,16085,16086,16086,1,1
2022-05-17 15:16:25.992,16086,16087,16086,2,-2
2022-05-17 15:16:26.488,16086,16087,16086,1,-1
2022-05-17 15:16:26.488,16086,16087,16085,1,-1
2022-05-17 15:16:26.885,16085,16087,16085,2,-2
2022-05-17 15:16:27.232,16085,16087,16085,2,-2
2022-05-17 15:16:28.547,16085,16086,16085,2,-2
2022-05-17 15:16:29.313,16085,16086,16085,2,-2
2022-05-17 15:16:29.698,16085,16086,16085,2,-2
2022-05-17 15:16:30.115,16085,16086,16085,1,-1
2022-05-17 15:16:30.955,16084,16085,16084,2,-2
2022-05-17 15:16:32.194,16084,16085,16085,1,1
2022-05-17 15:16:33.952,16084,16085,16085,2,2
2022-05-17 15:16:37.076,16085,16086,16085,1,-1
2022-05-17 15:16:37.078,16085,16086,16085,1,-1
2022-05-17 15:16:38.001,16084,16086,16085,1,-1
2022-05-17 15:16:40.528,16084,16085,16085,3,3
2022-05-17 15:16:46.011,16084,16085,16084,2,-2
2022-05-17 15:16:49.837,16083,16084,16083,2,-2
2022-05-17 15:16:50.505,16083,16084,16083,2,-2
2022-05-17 15:16:51.746,16083,16084,16084,4,4
2022-05-17 15:16:52.487,16084,16085,16084,2,-2
2022-05-17 15:16:52.773,16084,16085,16084,2,-2
2022-05-17 15:16:53.994,16084,16085,16084,2,-2
2022-05-17 15:16:54.225,16083,16085,16084,2,-2
2022-05-17 15:16:55.210,16084,16085,16084,2,-2
2022-05-17 15:16:55.487,16084,16085,16084,2,-2
2022-05-17 15:16:55.807,16084,16085,16084,2,-2
2022-05-17 15:16:57.422,16083,16084,16084,1,1
2022-05-17 15:16:58.448,16083,16084,16083,2,-2
2022-05-17 15:16:58.783,16083,16084,16083,2,-2
2022-05-17 15:16:59.824,16083,16084,16083,2,-2
2022-05-17 15:17:01.636,16083,16084,16083,1,-1
2022-05-17 15:17:02.705,16082,16084,16082,1,-1
2022-05-17 15:17:04.483,16083,16084,16083,1,-1
2022-05-17 15:17:07.808,16082,16083,16082,2,-2
2022-05-17 15:17:08.575,16082,16083,16082,5,-5
2022-05-17 15:17:17.620,16081,16082,16082,2,2
2022-05-17 15:17:17.620,16081,16082,16082,5,5
2022-05-17 15:17:17.758,16082,16083,16083,2,2
2022-05-17 15:17:20.043,16082,16083,16083,2,2
2022-05-17 15:17:21.064,16083,16084,16083,2,-2
2022-05-17 15:17:21.448,16083,16085,16083,2,-2
2022-05-17 15:17:21.782,16083,16085,16083,2,-2
2022-05-17 15:17:23.464,16082,16083,16083,1,1
2022-05-17 15:17:25.737,16082,16083,16083,1,1
2022-05-17 15:17:26.128,16082,16083,16082,2,-2
2022-05-17 15:17:26.833,16082,16083,16082,2,-2
2022-05-17 15:17:27.121,16082,16083,16082,2,-2
2022-05-17 15:17:27.383,16082,16083,16082,2,-2
2022-05-17 15:17:28.306,16082,16083,16082,2,-2
2022-05-17 15:17:28.697,16082,16083,16082,2,-2
2022-05-17 15:17:37.763,16081,16082,16081,2,-2
2022-05-17 15:17:42.066,16081,16082,16081,2,-2
2022-05-17 15:17:42.319,16081,16082,16081,2,-2
2022-05-17 15:17:42.606,16081,16082,16081,2,-2
2022-05-17 15:17:42.923,16081,16082,16081,1,-1
2022-05-17 15:17:44.268,16081,16082,16082,2,2
2022-05-17 15:17:44.331,16082,16083,16082,1,-1
2022-05-17 15:17:44.494,16082,16083,16083,4,4
2022-05-17 15:17:45.828,16083,16084,16083,4,-4
2022-05-17 15:17:45.828,16083,16084,16082,6,-6
2022-05-17 15:17:48.022,16081,16083,16082,1,-1
2022-05-17 15:17:49.967,16082,16083,16082,2,-2
2022-05-17 15:17:50.234,16082,16083,16082,2,-2
2022-05-17 15:17:51.546,16081,16082,16082,1,1
2022-05-17 15:17:54.000,16081,16082,16082,1,1
2022-05-17 15:17:54.001,16081,16082,16082,1,1
2022-05-17 15:17:54.001,16081,16082,16082,1,1
2022-05-17 15:17:55.767,16081,16082,16081,2,-2
2022-05-17 15:17:56.573,16081,16082,16082,1,1
2022-05-17 15:17:58.384,16081,16082,16081,2,-2
2022-05-17 15:17:58.522,16081,16082,16082,1,1
2022-05-17 15:17:59.619,16081,16082,16081,2,-2
2022-05-17 15:18:00.586,16081,16082,16081,2,-2
2022-05-17 15:18:00.912,16081,16082,16081,2,-2
2022-05-17 15:18:01.106,16081,16082,16082,6,6
2022-05-17 15:18:02.248,16081,16083,16082,2,2
2022-05-17 15:18:02.606,16081,16082,16081,4,-4
2022-05-17 15:18:06.050,16081,16082,16081,2,-2
2022-05-17 15:18:06.298,16081,16082,16081,2,-2
2022-05-17 15:18:06.527,16081,16082,16081,2,-2
2022-05-17 15:18:06.775,16081,16082,16081,1,-1
2022-05-17 15:18:07.524,16080,16081,16081,1,1
2022-05-17 15:18:10.729,16081,16082,16082,2,2
2022-05-17 15:18:11.380,16082,16083,16083,1,1
2022-05-17 15:18:11.648,16082,16083,16082,2,-2
2022-05-17 15:18:12.367,16082,16083,16082,2,-2
2022-05-17 15:18:12.662,16081,16083,16082,2,-2
2022-05-17 15:18:14.166,16081,16082,16082,2,2
2022-05-17 15:18:14.422,16082,16083,16082,2,-2
2022-05-17 15:18:14.569,16082,16083,16083,4,4
2022-05-17 15:18:16.538,16083,16084,16083,2,-2
2022-05-17 15:18:18.343,16083,16084,16083,1,-1
2022-05-17 15:18:20.280,16083,16084,16083,1,-1
2022-05-17 15:18:22.681,16082,16083,16082,1,-1
2022-05-17 15:18:23.643,16081,16082,16082,9,9
2022-05-17 15:18:23.643,16081,16082,16083,1,1
2022-05-17 15:18:23.758,16081,16083,16081,1,-1
2022-05-17 15:18:25.506,16081,16082,16081,2,-2
2022-05-17 15:18:32.149,16080,16081,16081,2,2
2022-05-17 15:18:32.150,16080,16081,16081,1,1
2022-05-17 15:18:32.972,16081,16082,16082,9,9
2022-05-17 15:18:32.972,16081,16082,16083,1,1
2022-05-17 15:18:33.276,16081,16083,16081,2,-2
2022-05-17 15:18:34.297,16081,16082,16081,2,-2
2022-05-17 15:18:38.257,16081,16082,16081,2,-2
2022-05-17 15:18:38.486,16080,16082,16081,1,-1
2022-05-17 15:18:39.228,16080,16081,16081,1,1
2022-05-17 15:18:39.576,16080,16081,16081,1,1
2022-05-17 15:18:48.210,16080,16081,16080,1,-1
2022-05-17 15:18:48.210,16080,16081,16080,1,-1
2022-05-17 15:18:48.210,16080,16081,16080,1,-1
2022-05-17 15:18:48.210,16080,16081,16080,6,-6
2022-05-17 15:18:48.210,16080,16081,16080,1,-1
2022-05-17 15:18:48.211,16080,16081,16080,1,-1
2022-05-17 15:18:48.211,16080,16081,16080,1,-1
2022-05-17 15:18:48.211,16080,16081,16080,1,-1
2022-05-17 15:18:48.211,16080,16081,16080,10,-10
2022-05-17 15:18:48.211,16080,16081,16080,5,-5
2022-05-17 15:18:49.601,16079,16080,16080,1,1
2022-05-17 15:18:49.955,16080,16081,16080,1,-1
2022-05-17 15:18:50.674,16080,16081,16080,2,-2
2022-05-17 15:18:50.918,16080,16081,16080,2,-2
2022-05-17 15:18:50.973,16080,16081,16080,2,-2
2022-05-17 15:18:51.980,16080,16081,16081,3,3
2022-05-17 15:18:52.189,16080,16082,16080,2,-2
2022-05-17 15:18:53.764,16080,16081,16081,2,2
2022-05-17 15:18:56.575,16080,16081,16080,3,-3
2022-05-17 15:18:57.658,16080,16081,16080,2,-2
2022-05-17 15:18:59.241,16080,16081,16081,1,1
2022-05-17 15:19:00.160,16080,16081,16080,2,-2
2022-05-17 15:19:04.711,16080,16081,16081,4,4
2022-05-17 15:19:05.035,16081,16082,16081,1,-1
2022-05-17 15:19:05.035,16081,16082,16080,1,-1
2022-05-17 15:19:06.698,16081,16082,16082,10,10
2022-05-17 15:19:08.098,16081,16083,16083,1,1
2022-05-17 15:19:08.837,16081,16083,16082,2,2
2022-05-17 15:19:09.183,16081,16083,16082,2,2
2022-05-17 15:19:13.240,16081,16082,16082,1,1
2022-05-17 15:19:13.240,16081,16082,16082,3,3
2022-05-17 15:19:14.137,16082,16083,16082,2,-2
2022-05-17 15:19:14.520,16081,16083,16082,2,-2
2022-05-17 15:19:15.484,16082,16083,16083,4,4
2022-05-17 15:19:15.607,16082,16084,16083,2,2
2022-05-17 15:19:17.285,16083,16084,16083,2,-2
2022-05-17 15:19:18.990,16083,16084,16083,1,-1
2022-05-17 15:19:19.835,16083,16084,16084,1,1
2022-05-17 15:19:20.998,16083,16084,16084,1,1
2022-05-17 15:19:21.177,16083,16084,16083,2,-2
2022-05-17 15:19:21.831,16083,16084,16084,1,1
2022-05-17 15:19:21.870,16083,16084,16083,2,-2
2022-05-17 15:19:23.318,16084,16085,16084,1,-1
2022-05-17 15:19:23.318,16084,16085,16083,1,-1
2022-05-17 15:19:23.709,16083,16085,16085,7,7
2022-05-17 15:19:23.709,16083,16085,16086,3,3
2022-05-17 15:19:24.911,16084,16086,16085,1,1
2022-05-17 15:19:24.931,16084,16086,16085,10,10
2022-05-17 15:19:24.962,16084,16086,16085,1,1
2022-05-17 15:19:36.791,16085,16086,16085,1,-1
2022-05-17 15:19:49.899,16085,16086,16085,2,-2
2022-05-17 15:19:49.899,16085,16086,16085,5,-5
2022-05-17 15:19:50.903,16084,16085,16085,1,1
2022-05-17 15:19:51.255,16084,16085,16085,1,1
2022-05-17 15:19:52.368,16084,16085,16085,1,1
2022-05-17 15:19:54.135,16084,16085,16085,1,1
2022-05-17 15:19:55.268,16084,16085,16085,1,1
2022-05-17 15:19:57.150,16084,16085,16084,2,-2
2022-05-17 15:19:58.246,16083,16085,16085,1,1
2022-05-17 15:20:00.751,16083,16084,16084,1,1
2022-05-17 15:20:02.187,16083,16084,16083,1,-1
2022-05-17 15:20:02.187,16083,16084,16083,1,-1
2022-05-17 15:20:02.187,16083,16084,16083,1,-1
2022-05-17 15:20:02.187,16083,16084,16083,1,-1
2022-05-17 15:20:11.765,16083,16084,16084,2,2
2022-05-17 15:20:34.362,16083,16084,16084,2,2
2022-05-17 15:20:45.050,16084,16085,16084,8,-8
2022-05-17 15:20:49.026,16083,16084,16084,1,1
2022-05-17 15:20:49.300,16083,16084,16083,2,-2
2022-05-17 15:20:49.300,16083,16084,16083,2,-2
2022-05-17 15:20:51.434,16082,16083,16082,9,-9
2022-05-17 15:20:51.435,16082,16083,16082,1,-1
2022-05-17 15:20:51.435,16082,16083,16082,1,-1
2022-05-17 15:20:51.435,16082,16083,16082,5,-5
2022-05-17 15:20:52.722,16081,16082,16081,1,-1
2022-05-17 15:20:55.082,16080,16081,16081,1,1
2022-05-17 15:20:56.818,16080,16081,16081,1,1
2022-05-17 15:20:59.740,16083,16085,16085,1,1
2022-05-17 15:21:03.434,16082,16083,16082,5,-5
2022-05-17 15:21:08.378,16081,16083,16081,1,-1
2022-05-17 15:21:19.028,16081,16083,16081,5,-5
2022-05-17 15:21:27.041,16082,16083,16082,2,-2
2022-05-17 15:21:29.136,16082,16083,16083,1,1
2022-05-17 15:21:29.136,16082,16083,16083,2,2
2022-05-17 15:21:30.634,16082,16084,16082,4,-4
2022-05-17 15:21:58.469,16083,16084,16083,1,-1
2022-05-17 15:22:10.547,16083,16084,16083,1,-1
2022-05-17 15:22:12.791,16083,16084,16084,2,2
2022-05-17 15:22:16.108,16083,16084,16084,2,2
2022-05-17 15:22:16.109,16083,16084,16084,1,1
2022-05-17 15:22:16.558,16084,16085,16085,3,3
2022-05-17 15:22:16.567,16084,16085,16084,1,-1
2022-05-17 15:22:28.699,16084,16085,16084,1,-1
2022-05-17 15:22:30.063,16084,16085,16084,1,-1
2022-05-17 15:22:35.846,16084,16085,16085,1,1
2022-05-17 15:22:35.846,16084,16085,16085,4,4
2022-05-17 15:22:35.960,16084,16086,16086,3,3
2022-05-17 15:22:36.246,16085,16086,16086,2,2
2022-05-17 15:22:37.373,16085,16086,16086,4,4
2022-05-17 15:22:37.373,16085,16086,16086,1,1
2022-05-17 15:22:37.667,16086,16087,16087,1,1
2022-05-17 15:22:38.081,16086,16087,16086,1,-1
2022-05-17 15:22:40.388,16086,16087,16087,3,3
2022-05-17 15:22:40.392,16086,16087,16087,4,4
2022-05-17 15:22:41.226,16087,16088,16088,3,3
2022-05-17 15:22:45.568,16087,16088,16088,3,3
2022-05-17 15:22:45.664,16087,16088,16088,1,1
2022-05-17 15:22:45.664,16087,16088,16088,2,2
2022-05-17 15:22:45.664,16087,16088,16088,1,1
2022-05-17 15:22:45.777,16087,16089,16089,2,2
2022-05-17 15:22:48.600,16088,16089,16089,3,3
2022-05-17 15:22:50.582,16088,16089,16089,2,2
2022-05-17 15:22:51.272,16088,16089,16089,3,3
2022-05-17 15:22:56.129,16088,16089,16089,2,2
2022-05-17 15:22:56.384,16088,16089,16089,1,1
2022-05-17 15:22:56.971,16088,16089,16089,2,2
2022-05-17 15:22:57.339,16088,16089,16089,1,1
2022-05-17 15:22:59.074,16088,16089,16089,1,1
2022-05-17 15:23:00.122,16088,16089,16089,2,2
2022-05-17 15:23:00.122,16088,16089,16090,8,8
2022-05-17 15:23:00.169,16088,16090,16089,1,1
2022-05-17 15:23:00.316,16088,16089,16089,1,1
2022-05-17 15:23:00.316,16088,16089,16090,9,9
2022-05-17 15:23:01.843,16088,16089,16089,1,1
2022-05-17 15:23:02.653,16088,16089,16089,1,1
2022-05-17 15:23:04.078,16088,16090,16090,1,1
2022-05-17 15:23:08.946,16089,16090,16089,1,-1
2022-05-17 15:23:09.596,16089,16090,16090,1,1
2022-05-17 15:23:12.227,16089,16090,16090,1,1
2022-05-17 15:23:15.802,16089,16090,16090,59,59
2022-05-17 15:23:15.802,16089,16090,16090,3,3
2022-05-17 15:23:15.802,16089,16090,16090,6,6
2022-05-17 15:23:15.803,16089,16090,16091,1,1
2022-05-17 15:23:15.803,16089,16090,16091,1,1
2022-05-17 15:23:15.803,16089,16090,16091,2,2
2022-05-17 15:23:15.803,16089,16090,16091,2,2
2022-05-17 15:23:20.506,16091,16092,16092,1,1
2022-05-17 15:23:20.979,16091,16092,16092,1,1
2022-05-17 15:23:21.093,16091,16092,16091,1,-1
2022-05-17 15:23:21.735,16091,16092,16091,1,-1
2022-05-17 15:23:21.735,16091,16092,16091,2,-2
2022-05-17 15:23:24.431,16089,16091,16091,3,3
2022-05-17 15:23:27.357,16091,16092,16092,1,1
2022-05-17 15:23:29.037,16091,16092,16091,1,-1
2022-05-17 15:23:30.711,16091,16092,16092,1,1
2022-05-17 15:23:32.799,16091,16092,16092,2,2
2022-05-17 15:23:32.799,16091,16092,16092,2,2
2022-05-17 15:23:32.799,16091,16092,16092,1,1
2022-05-17 15:23:33.990,16092,16093,16092,1,-1
2022-05-17 15:23:34.984,16092,16093,16093,9,9
2022-05-17 15:23:34.985,16092,16093,16093,1,1
2022-05-17 15:23:34.985,16092,16093,16093,1,1
2022-05-17 15:23:38.755,16093,16094,16094,1,1
2022-05-17 15:23:38.976,16093,16094,16094,1,1
2022-05-17 15:23:41.593,16093,16094,16094,1,1
2022-05-17 15:23:47.950,16093,16094,16093,1,-1
2022-05-17 15:23:48.271,16093,16094,16093,1,-1
2022-05-17 15:23:48.271,16093,16094,16093,1,-1
2022-05-17 15:23:49.178,16093,16094,16094,1,1
2022-05-17 15:23:51.406,16093,16094,16094,1,1
2022-05-17 15:23:57.201,16093,16094,16094,1,1
2022-05-17 15:23:59.338,16093,16094,16093,2,-2
2022-05-17 15:23:59.338,16093,16094,16093,1,-1
2022-05-17 15:24:00.025,16091,16093,16093,3,3
2022-05-17 15:24:00.070,16091,16093,16093,1,1
2022-05-17 15:24:00.675,16091,16093,16093,3,3
2022-05-17 15:24:10.385,16091,16092,16092,1,1
2022-05-17 15:24:15.580,16091,16093,16092,1,1
2022-05-17 15:24:28.104,16091,16092,16092,1,1
2022-05-17 15:24:38.076,16092,16093,16093,1,1
2022-05-17 15:24:39.005,16091,16093,16092,1,1
2022-05-17 15:24:50.337,16092,16093,16093,1,1
2022-05-17 15:24:50.338,16092,16093,16093,1,1
2022-05-17 15:24:50.338,16092,16093,16093,1,1
2022-05-17 15:24:50.338,16092,16093,16093,4,4
2022-05-17 15:24:52.940,16092,16093,16093,1,1
2022-05-17 15:24:59.823,16092,16093,16093,1,1
2022-05-17 15:24:59.823,16092,16093,16094,1,1
2022-05-17 15:25:02.529,16092,16093,16093,1,1
2022-05-17 15:25:03.881,16092,16093,16092,8,-8
2022-05-17 15:25:05.629,16091,16092,16091,3,-3
2022-05-17 15:25:05.629,16091,16092,16091,2,-2
2022-05-17 15:25:05.629,16091,16092,16091,1,-1
2022-05-17 15:25:05.629,16091,16092,16091,1,-1
2022-05-17 15:25:05.629,16091,16092,16091,14,-14
2022-05-17 15:25:05.630,16091,16092,16091,1,-1
2022-05-17 15:25:05.630,16091,16092,16091,1,-1
2022-05-17 15:25:05.630,16091,16092,16091,1,-1
2022-05-17 15:25:05.630,16091,16092,16091,1,-1
2022-05-17 15:25:05.630,16091,16092,16091,3,-3
2022-05-17 15:25:07.790,16090,16092,16092,3,3
2022-05-17 15:25:17.317,16091,16092,16092,1,1
2022-05-17 15:25:18.574,16092,16093,16092,3,-3
2022-05-17 15:25:19.281,16091,16092,16092,1,1
2022-05-17 15:25:22.071,16091,16093,16093,2,2
2022-05-17 15:25:27.635,16091,16093,16093,1,1
2022-05-17 15:25:32.666,16091,16092,16091,1,-1
2022-05-17 15:25:32.666,16091,16092,16091,1,-1
2022-05-17 15:25:51.006,16091,16092,16092,1,1
2022-05-17 15:25:51.007,16091,16092,16092,1,1
2022-05-17 15:25:51.007,16091,16092,16092,1,1
2022-05-17 15:25:56.230,16091,16092,16092,1,1
2022-05-17 15:26:04.584,16092,16093,16093,8,8
2022-05-17 15:26:04.584,16092,16093,16093,3,3
2022-05-17 15:26:04.584,16092,16093,16093,1,1
2022-05-17 15:26:04.584,16092,16093,16093,3,3
2022-05-17 15:26:04.584,16092,16093,16093,2,2
2022-05-17 15:26:04.584,16092,16093,16093,1,1
2022-05-17 15:26:04.584,16092,16093,16093,2,2
2022-05-17 15:26:04.584,16092,16093,16093,1,1
2022-05-17 15:26:04.584,16092,16093,16093,1,1
2022-05-17 15:26:04.585,16092,16093,16093,1,1
2022-05-17 15:26:04.585,16092,16093,16093,8,8
2022-05-17 15:26:11.674,16091,16092,16091,1,-1
2022-05-17 15:26:12.729,16091,16092,16091,1,-1
2022-05-17 15:26:23.616,16090,16091,16091,1,1
2022-05-17 15:26:23.616,16090,16091,16092,3,3
2022-05-17 15:26:27.298,16091,16092,16091,1,-1
2022-05-17 15:26:27.299,16091,16092,16091,1,-1
2022-05-17 15:26:43.535,16091,16092,16091,1,-1
2022-05-17 15:26:45.823,16090,16091,16091,3,3
2022-05-17 15:27:00.328,16090,16091,16090,4,-4
2022-05-17 15:27:01.131,16089,16090,16089,1,-1
2022-05-17 15:27:01.131,16089,16090,16089,2,-2
2022-05-17 15:27:01.132,16089,16090,16089,1,-1
2022-05-17 15:27:01.132,16089,16090,16089,1,-1
2022-05-17 15:27:01.986,16088,16090,16088,3,-3
2022-05-17 15:27:11.673,16088,16089,16088,1,-1
2022-05-17 15:27:11.925,16088,16089,16088,1,-1
2022-05-17 15:27:21.471,16088,16089,16088,1,-1
2022-05-17 15:27:21.471,16088,16089,16088,3,-3
2022-05-17 15:27:23.364,16087,16088,16088,1,1
2022-05-17 15:27:23.875,16088,16089,16089,4,4
2022-05-17 15:27:23.875,16088,16089,16089,1,1
2022-05-17 15:27:23.876,16088,16089,16089,2,2
2022-05-17 15:27:33.731,16088,16089,16089,3,3
2022-05-17 15:27:34.254,16089,16090,16090,2,2
2022-05-17 15:27:37.806,16089,16090,16090,1,1
2022-05-17 15:27:37.807,16089,16090,16090,1,1
2022-05-17 15:27:37.911,16090,16091,16091,4,4
2022-05-17 15:27:38.013,16090,16091,16091,1,1
2022-05-17 15:27:42.579,16091,16092,16092,1,1
2022-05-17 15:27:44.998,16090,16092,16092,1,1
2022-05-17 15:27:53.151,16090,16092,16092,6,6
2022-05-17 15:27:58.510,16091,16092,16092,6,6
2022-05-17 15:27:58.550,16092,16093,16092,1,-1
2022-05-17 15:28:08.090,16091,16092,16091,2,-2
2022-05-17 15:28:09.220,16091,16092,16092,1,1
2022-05-17 15:28:09.935,16092,16093,16093,2,2
2022-05-17 15:28:22.537,16091,16092,16092,1,1
2022-05-17 15:28:29.955,16091,16092,16092,2,2
2022-05-17 15:28:30.494,16092,16093,16092,1,-1
2022-05-17 15:28:38.937,16091,16092,16091,1,-1
2022-05-17 15:28:38.937,16091,16092,16091,2,-2
2022-05-17 15:28:39.179,16090,16091,16090,1,-1
2022-05-17 15:28:39.179,16090,16091,16090,2,-2
2022-05-17 15:28:50.998,16089,16090,16090,1,1
2022-05-17 15:29:02.041,16089,16090,16089,1,-1
2022-05-17 15:29:02.662,16088,16090,16090,1,1
2022-05-17 15:29:10.658,16089,16090,16089,1,-1
2022-05-17 15:29:15.190,16089,16090,16089,1,-1
2022-05-17 15:29:24.063,16088,16089,16088,1,-1
2022-05-17 15:29:24.063,16088,16089,16088,4,-4
2022-05-17 15:29:24.064,16088,16089,16088,1,-1
2022-05-17 15:29:24.064,16088,16089,16088,4,-4
2022-05-17 15:29:32.624,16088,16089,16089,1,1
2022-05-17 15:29:33.215,16089,16090,16089,1,-1
2022-05-17 15:29:35.564,16089,16090,16090,1,1
2022-05-17 15:29:35.564,16089,16090,16090,1,1
2022-05-17 15:29:35.564,16089,16090,16090,3,3
2022-05-17 15:29:35.564,16089,16090,16090,4,4
2022-05-17 15:29:35.564,16089,16090,16090,2,2
2022-05-17 15:29:36.082,16090,16091,16090,1,-1
2022-05-17 15:29:36.331,16090,16091,16090,1,-1
2022-05-17 15:29:36.910,16089,16090,16090,1,1
2022-05-17 15:29:38.475,16090,16091,16090,1,-1
2022-05-17 15:29:42.690,16088,16089,16088,1,-1
2022-05-17 15:30:01.266,16089,16090,16089,1,-1
2022-05-17 15:30:03.907,16089,16090,16089,1,-1
2022-05-17 15:30:03.907,16089,16090,16089,1,-1
2022-05-17 15:30:05.506,16088,16090,16090,3,3
2022-05-17 15:30:09.425,16088,16089,16088,1,-1
2022-05-17 15:30:17.732,16089,16091,16089,5,-5
2022-05-17 15:30:18.479,16089,16090,16089,1,-1
2022-05-17 15:30:21.007,16088,16090,16088,5,-5
2022-05-17 15:30:23.955,16088,16090,16088,5,-5
2022-05-17 15:30:27.396,16088,16090,16088,5,-5
2022-05-17 15:30:27.702,16087,16089,16088,1,-1
2022-05-17 15:30:30.203,16090,16091,16091,2,2
2022-05-17 15:30:30.679,16091,16092,16091,5,-5
2022-05-17 15:30:34.792,16091,16092,16091,5,-5
2022-05-17 15:30:36.654,16091,16092,16092,1,1
2022-05-17 15:30:37.090,16092,16093,16092,1,-1
2022-05-17 15:30:37.244,16092,16093,16092,2,-2
2022-05-17 15:30:37.244,16092,16093,16092,1,-1
2022-05-17 15:30:37.523,16092,16093,16093,1,1
2022-05-17 15:30:37.559,16092,16093,16093,1,1
2022-05-17 15:30:37.607,16092,16093,16093,3,3
2022-05-17 15:30:37.860,16093,16094,16094,3,3
2022-05-17 15:30:37.860,16093,16094,16094,1,1
2022-05-17 15:30:37.861,16093,16094,16094,7,7
2022-05-17 15:30:37.948,16094,16095,16094,2,-2
2022-05-17 15:30:37.980,16094,16095,16095,1,1
2022-05-17 15:30:38.120,16094,16095,16095,2,2
2022-05-17 15:30:38.290,16093,16095,16095,14,14
2022-05-17 15:30:39.674,16095,16096,16096,3,3
2022-05-17 15:30:41.246,16095,16096,16096,8,8
2022-05-17 15:30:41.246,16095,16096,16096,1,1
2022-05-17 15:30:45.502,16096,16097,16097,9,9
2022-05-17 15:30:47.184,16096,16097,16096,1,-1
2022-05-17 15:30:47.326,16096,16097,16096,1,-1
2022-05-17 15:30:47.326,16096,16097,16096,1,-1
2022-05-17 15:30:47.326,16096,16097,16096,2,-2
2022-05-17 15:30:47.326,16096,16097,16096,1,-1
2022-05-17 15:30:47.326,16096,16097,16096,1,-1
2022-05-17 15:30:47.326,16096,16097,16096,1,-1
2022-05-17 15:30:47.327,16096,16097,16096,1,-1
2022-05-17 15:30:47.327,16096,16097,16096,1,-1
2022-05-17 15:30:47.327,16096,16097,16096,19,-19
2022-05-17 15:30:47.398,16095,16096,16095,2,-2
2022-05-17 15:30:47.785,16094,16095,16095,4,4
2022-05-17 15:30:48.046,16095,16096,16095,2,-2
2022-05-17 15:30:48.169,16094,16096,16094,2,-2
2022-05-17 15:30:48.271,16094,16096,16096,12,12
2022-05-17 15:30:48.271,16094,16096,16097,8,8
2022-05-17 15:30:53.166,16095,16096,16096,1,1
2022-05-17 15:30:54.170,16095,16096,16095,1,-1
2022-05-17 15:30:54.170,16095,16096,16095,4,-4
2022-05-17 15:30:55.972,16093,16094,16094,1,1
2022-05-17 15:30:56.589,16092,16094,16094,3,3
2022-05-17 15:31:01.411,16094,16095,16095,1,1
2022-05-17 15:31:01.859,16094,16096,16094,1,-1
2022-05-17 15:31:06.358,16095,16096,16096,1,1
2022-05-17 15:31:13.358,16096,16097,16097,1,1
2022-05-17 15:31:13.359,16096,16097,16097,1,1
2022-05-17 15:31:13.359,16096,16097,16097,1,1
2022-05-17 15:31:18.692,16096,16097,16097,1,1
2022-05-17 15:31:26.998,16097,16098,16098,10,10
2022-05-17 15:31:29.437,16097,16098,16098,1,1
2022-05-17 15:31:34.485,16097,16098,16098,1,1
2022-05-17 15:31:34.715,16097,16098,16097,1,-1
2022-05-17 15:31:38.014,16097,16098,16098,1,1
2022-05-17 15:31:40.206,16097,16098,16098,9,9
2022-05-17 15:31:40.206,16097,16098,16099,16,16
2022-05-17 15:31:40.207,16097,16098,16099,1,1
2022-05-17 15:31:44.659,16099,16100,16100,5,5
2022-05-17 15:31:44.826,16099,16100,16100,10,10
2022-05-17 15:31:44.826,16099,16100,16100,7,7
2022-05-17 15:31:44.827,16099,16100,16100,3,3
2022-05-17 15:31:46.794,16099,16101,16100,1,1
2022-05-17 15:31:48.848,16099,16100,16100,1,1
2022-05-17 15:31:51.213,16099,16100,16099,2,-2
2022-05-17 15:31:52.015,16099,16100,16100,1,1
2022-05-17 15:31:52.491,16099,16100,16099,1,-1
2022-05-17 15:31:52.790,16098,16099,16099,3,3
2022-05-17 15:31:52.973,16098,16099,16098,1,-1
2022-05-17 15:31:52.973,16098,16099,16098,1,-1
2022-05-17 15:31:54.340,16097,16099,16099,12,12
2022-05-17 15:31:54.340,16097,16099,16100,12,12
2022-05-17 15:31:54.500,16099,16100,16099,1,-1
2022-05-17 15:31:59.206,16098,16099,16099,1,1
2022-05-17 15:31:59.396,16098,16099,16099,1,1
2022-05-17 15:32:02.202,16098,16099,16099,2,2
2022-05-17 15:32:02.988,16098,16099,16098,2,-2
2022-05-17 15:32:04.392,16097,16099,16097,2,-2
2022-05-17 15:32:07.318,16098,16099,16099,3,3
2022-05-17 15:32:07.318,16098,16099,16099,1,1
2022-05-17 15:32:07.592,16099,16100,16099,1,-1
2022-05-17 15:32:07.770,16099,16100,16099,1,-1
2022-05-17 15:32:08.162,16099,16100,16099,2,-2
2022-05-17 15:32:10.203,16098,16100,16100,10,10
2022-05-17 15:32:10.203,16098,16100,16101,10,10
2022-05-17 15:32:10.225,16098,16100,16101,1,1
2022-05-17 15:32:10.378,16100,16101,16101,1,1
2022-05-17 15:32:10.452,16100,16101,16101,1,1
2022-05-17 15:32:11.121,16100,16101,16101,1,1
2022-05-17 15:32:11.121,16100,16101,16102,5,5
2022-05-17 15:32:11.176,16100,16101,16101,1,1
2022-05-17 15:32:11.185,16100,16101,16101,1,1
2022-05-17 15:32:11.193,16100,16101,16102,1,1
2022-05-17 15:32:11.199,16100,16101,16102,1,1
2022-05-17 15:32:11.207,16100,16101,16102,2,2
2022-05-17 15:32:11.208,16100,16101,16102,4,4
2022-05-17 15:32:11.208,16100,16101,16103,6,6
2022-05-17 15:32:11.208,16100,16101,16101,3,3
2022-05-17 15:32:11.209,16100,16101,16102,1,1
2022-05-17 15:32:11.210,16100,16101,16101,2,2
2022-05-17 15:32:11.274,16100,16102,16102,7,7
2022-05-17 15:32:11.274,16100,16102,16102,1,1
2022-05-17 15:32:11.275,16100,16102,16102,3,3
2022-05-17 15:32:11.275,16100,16102,16102,7,7
2022-05-17 15:32:11.280,16100,16102,16102,1,1
2022-05-17 15:32:11.286,16100,16102,16102,2,2
2022-05-17 15:32:11.323,16100,16102,16102,1,1
2022-05-17 15:32:11.345,16100,16102,16102,1,1
2022-05-17 15:32:11.486,16100,16102,16102,1,1
2022-05-17 15:32:11.486,16100,16102,16102,2,2
2022-05-17 15:32:11.517,16100,16102,16102,1,1
2022-05-17 15:32:11.526,16100,16102,16102,2,2
2022-05-17 15:32:11.648,16100,16102,16102,2,2
2022-05-17 15:32:11.660,16100,16102,16102,1,1
2022-05-17 15:32:11.661,16100,16102,16102,1,1
2022-05-17 15:32:11.718,16100,16102,16102,1,1
2022-05-17 15:32:11.718,16100,16102,16102,1,1
2022-05-17 15:32:11.757,16100,16102,16102,1,1
2022-05-17 15:32:11.956,16101,16103,16103,1,1
2022-05-17 15:32:12.069,16101,16103,16101,5,-5
2022-05-17 15:32:18.688,16100,16101,16100,1,-1
2022-05-17 15:32:19.341,16100,16101,16101,2,2
2022-05-17 15:32:20.446,16100,16102,16101,1,1
2022-05-17 15:32:26.229,16100,16101,16100,1,-1
2022-05-17 15:32:27.795,16098,16100,16100,2,2
2022-05-17 15:32:29.252,16098,16099,16099,1,1
2022-05-17 15:32:30.258,16098,16099,16099,1,1
2022-05-17 15:32:32.849,16098,16099,16099,1,1
2022-05-17 15:32:32.885,16098,16099,16099,1,1
2022-05-17 15:32:33.593,16099,16100,16099,1,-1
2022-05-17 15:32:34.595,16099,16100,16099,1,-1
2022-05-17 15:32:34.620,16099,16100,16098,4,-4
2022-05-17 15:32:34.923,16098,16100,16100,3,3
2022-05-17 15:32:35.780,16098,16099,16099,1,1
2022-05-17 15:32:40.545,16099,16100,16099,1,-1
2022-05-17 15:32:42.239,16098,16099,16099,1,1
2022-05-17 15:32:44.416,16098,16099,16099,1,1
2022-05-17 15:32:47.993,16098,16099,16099,1,1
2022-05-17 15:32:48.371,16098,16099,16098,2,-2
2022-05-17 15:32:48.413,16098,16099,16099,1,1
2022-05-17 15:32:48.537,16098,16099,16098,1,-1
2022-05-17 15:32:48.705,16098,16099,16098,2,-2
2022-05-17 15:32:52.308,16098,16099,16098,1,-1
2022-05-17 15:32:54.611,16098,16099,16098,2,-2
2022-05-17 15:32:54.729,16098,16099,16098,2,-2
2022-05-17 15:33:00.603,16098,16099,16098,2,-2
2022-05-17 15:33:00.785,16098,16099,16098,2,-2
2022-05-17 15:33:04.636,16098,16099,16099,1,1
2022-05-17 15:33:06.148,16098,16099,16099,3,3
2022-05-17 15:33:08.003,16097,16099,16098,1,1
2022-05-17 15:33:10.841,16098,16099,16099,2,2
2022-05-17 15:33:10.841,16098,16099,16099,1,1
2022-05-17 15:33:10.841,16098,16099,16099,2,2
2022-05-17 15:33:10.842,16098,16099,16099,1,1
2022-05-17 15:33:12.929,16099,16100,16099,1,-1
2022-05-17 15:33:14.496,16098,16100,16098,1,-1
2022-05-17 15:33:16.774,16099,16100,16100,9,9
2022-05-17 15:33:16.775,16099,16100,16100,1,1
2022-05-17 15:33:16.778,16099,16100,16101,1,1
2022-05-17 15:33:16.778,16099,16100,16101,5,5
2022-05-17 15:33:16.779,16099,16100,16101,1,1
2022-05-17 15:33:16.779,16099,16100,16102,18,18
2022-05-17 15:33:16.779,16099,16100,16102,1,1
2022-05-17 15:33:16.780,16099,16100,16102,1,1
2022-05-17 15:33:17.148,16101,16103,16101,5,-5
2022-05-17 15:33:17.401,16101,16102,16102,1,1
2022-05-17 15:33:17.830,16101,16103,16103,4,4
2022-05-17 15:33:17.971,16101,16103,16103,2,2
2022-05-17 15:33:18.230,16101,16103,16101,1,-1
2022-05-17 15:33:22.682,16101,16102,16101,1,-1
2022-05-17 15:33:22.993,16100,16102,16101,4,-4
2022-05-17 15:33:22.993,16100,16102,16102,6,6
2022-05-17 15:33:25.137,16100,16101,16101,1,1
2022-05-17 15:33:28.389,16100,16102,16101,1,1
2022-05-17 15:33:30.442,16101,16102,16101,1,-1
2022-05-17 15:33:32.182,16101,16102,16102,1,1
2022-05-17 15:33:33.001,16101,16102,16102,5,5
2022-05-17 15:33:34.136,16101,16102,16102,11,11
2022-05-17 15:33:35.512,16101,16102,16102,4,4
2022-05-17 15:33:35.512,16101,16102,16103,14,14
2022-05-17 15:33:35.512,16101,16102,16104,2,2
2022-05-17 15:33:35.513,16101,16102,16102,1,1
2022-05-17 15:33:35.514,16101,16102,16102,1,1
2022-05-17 15:33:35.534,16101,16103,16103,7,7
2022-05-17 15:33:35.535,16101,16103,16103,1,1
2022-05-17 15:33:35.535,16101,16103,16103,1,1
2022-05-17 15:33:35.535,16101,16103,16103,1,1
2022-05-17 15:33:35.535,16101,16103,16103,5,5
2022-05-17 15:33:35.535,16101,16103,16103,2,2
2022-05-17 15:33:35.703,16102,16103,16103,1,1
2022-05-17 15:33:36.928,16102,16103,16103,5,5
2022-05-17 15:33:38.547,16102,16103,16103,6,6
2022-05-17 15:33:38.548,16102,16103,16103,2,2
2022-05-17 15:33:38.548,16102,16103,16103,1,1
2022-05-17 15:33:45.046,16102,16104,16104,19,19
2022-05-17 15:33:45.046,16102,16104,16105,6,6
2022-05-17 15:33:45.143,16102,16104,16104,1,1
2022-05-17 15:33:45.178,16103,16104,16104,1,1
2022-05-17 15:33:45.178,16103,16104,16105,1,1
2022-05-17 15:33:45.190,16103,16104,16105,1,1
2022-05-17 15:33:45.199,16103,16104,16105,1,1
2022-05-17 15:33:45.523,16103,16105,16105,1,1
2022-05-17 15:33:45.568,16103,16105,16105,1,1
2022-05-17 15:33:45.769,16103,16105,16105,2,2
2022-05-17 15:33:45.942,16103,16105,16104,1,1
2022-05-17 15:33:45.942,16103,16105,16105,1,1
2022-05-17 15:33:47.817,16104,16105,16104,2,-2
2022-05-17 15:33:47.821,16104,16105,16104,1,-1
2022-05-17 15:33:47.833,16104,16105,16104,5,-5
2022-05-17 15:33:47.934,16103,16104,16104,2,2
2022-05-17 15:33:48.299,16103,16105,16105,1,1
2022-05-17 15:33:50.334,16103,16104,16104,5,5
2022-05-17 15:33:51.431,16103,16104,16104,3,3
2022-05-17 15:33:51.823,16103,16104,16104,1,1
2022-05-17 15:33:54.393,16103,16104,16104,4,4
2022-05-17 15:33:54.960,16104,16105,16105,5,5
2022-05-17 15:33:55.949,16103,16105,16103,1,-1
2022-05-17 15:33:56.306,16103,16105,16105,4,4
2022-05-17 15:33:57.212,16104,16105,16104,1,-1
2022-05-17 15:34:00.219,16104,16105,16105,1,1
2022-05-17 15:34:00.219,16104,16105,16106,4,4
2022-05-17 15:34:00.529,16104,16105,16105,1,1
2022-05-17 15:34:00.573,16104,16105,16105,1,1
2022-05-17 15:34:02.827,16104,16105,16104,1,-1
2022-05-17 15:34:02.828,16104,16105,16104,1,-1
2022-05-17 15:34:02.880,16104,16105,16104,1,-1
2022-05-17 15:34:05.736,16103,16104,16103,2,-2
2022-05-17 15:34:06.286,16102,16103,16102,2,-2
2022-05-17 15:34:06.286,16102,16103,16102,2,-2
2022-05-17 15:34:06.387,16102,16103,16102,1,-1
2022-05-17 15:34:07.403,16101,16102,16102,2,2
2022-05-17 15:34:08.279,16101,16102,16102,2,2
2022-05-17 15:34:11.658,16101,16102,16102,1,1
2022-05-17 15:34:15.738,16102,16103,16102,1,-1
2022-05-17 15:34:16.035,16101,16103,16101,1,-1
2022-05-17 15:34:18.668,16102,16103,16102,1,-1
2022-05-17 15:34:20.325,16102,16103,16103,1,1
2022-05-17 15:34:28.067,16101,16102,16102,1,1
2022-05-17 15:34:31.288,16101,16102,16102,1,1
2022-05-17 15:34:32.161,16101,16102,16102,1,1
2022-05-17 15:34:35.934,16101,16102,16102,1,1
2022-05-17 15:34:36.349,16101,16102,16102,1,1
2022-05-17 15:34:37.412,16101,16102,16101,1,-1
2022-05-17 15:34:37.429,16101,16102,16101,1,-1
2022-05-17 15:34:39.831,16101,16102,16102,5,5
2022-05-17 15:34:45.554,16101,16102,16102,1,1
2022-05-17 15:34:46.050,16101,16102,16102,1,1
2022-05-17 15:34:52.672,16101,16103,16101,1,-1
2022-05-17 15:34:55.381,16102,16103,16102,1,-1
2022-05-17 15:34:57.040,16101,16102,16102,1,1
2022-05-17 15:34:57.819,16102,16103,16103,1,1
2022-05-17 15:34:58.095,16102,16103,16103,1,1
2022-05-17 15:35:05.707,16101,16103,16103,3,3
2022-05-17 15:35:05.778,16101,16103,16103,1,1
2022-05-17 15:35:05.778,16101,16103,16103,1,1
2022-05-17 15:35:05.779,16101,16103,16103,1,1
2022-05-17 15:35:05.779,16101,16103,16103,1,1
2022-05-17 15:35:06.081,16102,16103,16103,1,1
2022-05-17 15:35:08.421,16102,16103,16103,1,1
2022-05-17 15:35:08.421,16102,16103,16104,19,19
2022-05-17 15:35:10.387,16103,16105,16105,3,3
2022-05-17 15:35:13.123,16104,16105,16105,2,2
2022-05-17 15:35:13.984,16104,16105,16104,1,-1
2022-05-17 15:35:13.984,16104,16105,16104,1,-1
2022-05-17 15:35:15.850,16102,16104,16104,1,1
2022-05-17 15:35:17.268,16102,16104,16104,2,2
2022-05-17 15:35:18.181,16102,16104,16104,1,1
2022-05-17 15:35:20.284,16102,16103,16102,1,-1
2022-05-17 15:35:20.314,16102,16103,16103,5,5
2022-05-17 15:35:20.392,16102,16103,16103,1,1
2022-05-17 15:35:23.602,16102,16103,16103,1,1
2022-05-17 15:35:26.789,16102,16103,16103,4,4
2022-05-17 15:35:26.789,16102,16103,16104,1,1
2022-05-17 15:35:38.729,16102,16103,16103,1,1
2022-05-17 15:35:38.918,16102,16103,16103,1,1
2022-05-17 15:35:41.228,16102,16103,16103,1,1
2022-05-17 15:35:49.577,16103,16104,16104,3,3
2022-05-17 15:35:54.149,16104,16105,16104,1,-1
2022-05-17 15:36:19.350,16104,16105,16104,1,-1
2022-05-17 15:36:19.709,16104,16105,16105,3,3
2022-05-17 15:36:20.139,16104,16105,16105,1,1
2022-05-17 15:36:20.183,16104,16105,16105,1,1
2022-05-17 15:36:20.243,16104,16105,16105,1,1
2022-05-17 15:36:21.637,16104,16105,16104,1,-1
2022-05-17 15:36:26.631,16104,16105,16105,1,1
2022-05-17 15:36:26.963,16104,16105,16105,2,2
2022-05-17 15:36:33.823,16104,16105,16104,1,-1
2022-05-17 15:36:34.497,16104,16105,16104,1,-1
2022-05-17 15:36:34.971,16104,16105,16104,1,-1
2022-05-17 15:36:35.101,16104,16105,16105,4,4
2022-05-17 15:36:35.741,16104,16105,16105,1,1
2022-05-17 15:36:35.834,16104,16105,16105,9,9
2022-05-17 15:36:35.993,16105,16106,16106,3,3
2022-05-17 15:36:36.229,16105,16106,16105,1,-1
2022-05-17 15:36:36.273,16104,16106,16106,1,1
2022-05-17 15:36:36.278,16104,16106,16106,1,1
2022-05-17 15:36:36.281,16104,16106,16106,1,1
2022-05-17 15:36:36.288,16104,16106,16106,1,1
2022-05-17 15:36:36.405,16105,16106,16106,1,1
2022-05-17 15:36:38.899,16105,16106,16105,1,-1
2022-05-17 15:36:40.586,16105,16106,16106,2,2
2022-05-17 15:36:44.149,16105,16106,16105,1,-1
2022-05-17 15:36:44.563,16105,16106,16106,2,2
2022-05-17 15:36:44.625,16105,16106,16106,1,1
2022-05-17 15:36:44.939,16105,16106,16106,1,1
2022-05-17 15:36:44.940,16105,16106,16106,2,2
2022-05-17 15:36:44.940,16105,16106,16106,2,2
2022-05-17 15:36:44.940,16105,16106,16106,3,3
2022-05-17 15:36:44.940,16105,16106,16106,1,1
2022-05-17 15:36:44.940,16105,16106,16106,11,11
2022-05-17 15:36:48.048,16106,16107,16106,2,-2
2022-05-17 15:36:50.438,16106,16107,16106,1,-1
2022-05-17 15:36:50.873,16105,16106,16106,1,1
2022-05-17 15:36:54.252,16106,16107,16107,1,1
2022-05-17 15:36:54.296,16106,16107,16107,2,2
2022-05-17 15:36:54.395,16106,16107,16107,1,1
2022-05-17 15:36:54.406,16106,16107,16107,1,1
2022-05-17 15:36:54.455,16106,16107,16107,7,7
2022-05-17 15:36:54.456,16106,16107,16107,1,1
2022-05-17 15:36:54.456,16106,16107,16107,2,2
2022-05-17 15:36:59.284,16107,16108,16107,1,-1
2022-05-17 15:37:07.421,16107,16108,16108,4,4
2022-05-17 15:37:07.549,16107,16108,16108,2,2
2022-05-17 15:37:07.556,16107,16108,16108,1,1
2022-05-17 15:37:07.778,16107,16108,16108,1,1
2022-05-17 15:37:07.798,16107,16108,16108,1,1
2022-05-17 15:37:07.862,16107,16108,16107,1,-1
2022-05-17 15:37:07.874,16107,16108,16107,1,-1
2022-05-17 15:37:07.906,16107,16108,16107,1,-1
2022-05-17 15:37:07.963,16107,16108,16107,1,-1
2022-05-17 15:37:08.186,16107,16108,16107,1,-1
2022-05-17 15:37:08.188,16107,16108,16107,1,-1
2022-05-17 15:37:09.222,16106,16108,16108,1,1
2022-05-17 15:37:11.595,16106,16107,16107,3,3
2022-05-17 15:37:11.595,16106,16107,16108,2,2
2022-05-17 15:37:13.568,16107,16108,16107,1,-1
2022-05-17 15:37:14.644,16106,16108,16107,1,-1
2022-05-17 15:37:14.664,16106,16107,16107,1,1
2022-05-17 15:37:15.414,16106,16107,16107,1,1
2022-05-17 15:37:15.986,16106,16107,16107,2,2
2022-05-17 15:37:17.667,16106,16107,16107,2,2
2022-05-17 15:37:17.667,16106,16107,16108,1,1
2022-05-17 15:37:19.883,16106,16108,16108,1,1
2022-05-17 15:37:22.410,16107,16108,16108,4,4
2022-05-17 15:37:26.715,16107,16108,16108,1,1
2022-05-17 15:37:31.305,16107,16108,16107,2,-2
2022-05-17 15:37:34.065,16107,16108,16107,1,-1
2022-05-17 15:37:37.835,16107,16108,16108,6,6
2022-05-17 15:37:39.839,16107,16108,16108,2,2
2022-05-17 15:37:41.339,16107,16108,16108,2,2
2022-05-17 15:37:46.898,16107,16108,16108,1,1
2022-05-17 15:37:50.445,16107,16108,16108,1,1
2022-05-17 15:37:51.721,16107,16108,16108,5,5
2022-05-17 15:37:59.563,16107,16108,16108,1,1
2022-05-17 15:37:59.592,16107,16108,16108,4,4
2022-05-17 15:38:02.908,16107,16108,16108,1,1
2022-05-17 15:38:02.909,16107,16108,16108,2,2
2022-05-17 15:38:02.909,16107,16108,16108,1,1
2022-05-17 15:38:04.947,16108,16109,16108,1,-1
2022-05-17 15:38:04.947,16108,16109,16107,2,-2
2022-05-17 15:38:05.511,16107,16109,16109,2,2
2022-05-17 15:38:05.532,16107,16109,16109,1,1
2022-05-17 15:38:06.023,16108,16109,16109,2,2
2022-05-17 15:38:08.550,16108,16109,16108,1,-1
2022-05-17 15:38:11.021,16108,16109,16108,1,-1
2022-05-17 15:38:11.088,16108,16109,16109,10,10
2022-05-17 15:38:12.374,16108,16109,16109,1,1
2022-05-17 15:38:14.503,16108,16109,16109,2,2
2022-05-17 15:38:14.503,16108,16109,16110,8,8
2022-05-17 15:38:14.504,16108,16109,16109,1,1
2022-05-17 15:38:14.504,16108,16109,16109,1,1
2022-05-17 15:38:14.609,16108,16110,16108,1,-1
2022-05-17 15:38:14.626,16108,16110,16110,5,5
2022-05-17 15:38:14.728,16109,16110,16109,1,-1
2022-05-17 15:38:14.945,16109,16110,16110,1,1
2022-05-17 15:38:14.962,16109,16110,16110,8,8
2022-05-17 15:38:14.962,16109,16110,16110,1,1
2022-05-17 15:38:14.962,16109,16110,16110,1,1
2022-05-17 15:38:16.149,16109,16111,16111,1,1
2022-05-17 15:38:16.294,16109,16111,16111,1,1
2022-05-17 15:38:16.302,16109,16111,16109,1,-1
2022-05-17 15:38:16.397,16109,16111,16111,1,1
2022-05-17 15:38:16.527,16109,16111,16111,1,1
2022-05-17 15:38:16.765,16109,16111,16109,1,-1
2022-05-17 15:38:17.363,16109,16111,16111,1,1
2022-05-17 15:38:17.515,16109,16111,16109,1,-1
2022-05-17 15:38:19.424,16110,16111,16111,2,2
2022-05-17 15:38:19.424,16110,16111,16111,6,6
2022-05-17 15:38:19.432,16110,16111,16111,1,1
2022-05-17 15:38:19.432,16110,16111,16111,2,2
2022-05-17 15:38:19.575,16111,16112,16111,1,-1
2022-05-17 15:38:20.036,16111,16112,16111,2,-2
2022-05-17 15:38:20.036,16111,16112,16111,2,-2
2022-05-17 15:38:20.993,16110,16112,16112,9,9
2022-05-17 15:38:20.994,16110,16112,16112,1,1
2022-05-17 15:38:20.994,16110,16112,16112,16,16
2022-05-17 15:38:21.001,16110,16112,16113,2,2
2022-05-17 15:38:21.072,16112,16113,16113,2,2
2022-05-17 15:38:21.274,16112,16113,16113,1,1
2022-05-17 15:38:21.316,16112,16113,16112,1,-1
2022-05-17 15:38:21.559,16112,16113,16113,1,1
2022-05-17 15:38:21.796,16112,16113,16112,1,-1
2022-05-17 15:38:22.748,16112,16113,16113,1,1
2022-05-17 15:38:24.814,16112,16113,16113,1,1
2022-05-17 15:38:24.814,16112,16113,16113,1,1
2022-05-17 15:38:25.082,16112,16113,16113,1,1
2022-05-17 15:38:25.156,16112,16113,16113,1,1
2022-05-17 15:38:25.260,16112,16113,16113,1,1
2022-05-17 15:38:26.509,16112,16113,16113,1,1
2022-05-17 15:38:27.053,16112,16113,16113,1,1
2022-05-17 15:38:27.319,16112,16113,16113,1,1
2022-05-17 15:38:27.849,16112,16113,16113,1,1
2022-05-17 15:38:28.286,16112,16113,16113,1,1
2022-05-17 15:38:29.918,16112,16114,16113,2,2
2022-05-17 15:38:31.738,16113,16114,16113,2,-2
2022-05-17 15:38:31.739,16113,16114,16113,1,-1
2022-05-17 15:38:31.739,16113,16114,16113,1,-1
2022-05-17 15:38:31.764,16113,16114,16113,3,-3
2022-05-17 15:38:37.799,16113,16114,16113,2,-2
2022-05-17 15:38:39.173,16112,16113,16113,1,1
2022-05-17 15:38:39.274,16112,16113,16113,1,1
2022-05-17 15:38:39.479,16112,16113,16113,1,1
2022-05-17 15:38:40.395,16112,16113,16113,1,1
2022-05-17 15:38:40.396,16112,16114,16114,4,4
2022-05-17 15:38:40.396,16112,16114,16114,4,4
2022-05-17 15:38:42.509,16112,16114,16114,1,1
2022-05-17 15:38:42.543,16113,16115,16115,1,1
2022-05-17 15:38:42.665,16114,16115,16115,1,1
2022-05-17 15:38:42.681,16114,16115,16115,1,1
2022-05-17 15:38:42.881,16113,16115,16115,1,1
2022-05-17 15:38:42.922,16114,16115,16115,1,1
2022-05-17 15:38:43.464,16114,16115,16114,1,-1
2022-05-17 15:38:43.865,16114,16115,16114,1,-1
2022-05-17 15:38:43.916,16114,16115,16114,1,-1
2022-05-17 15:38:44.846,16113,16115,16115,1,1
2022-05-17 15:38:47.128,16114,16115,16115,5,5
2022-05-17 15:38:49.305,16114,16115,16115,1,1
2022-05-17 15:38:52.781,16114,16115,16115,2,2
2022-05-17 15:38:53.716,16114,16115,16115,1,1
2022-05-17 15:38:54.277,16114,16115,16114,1,-1
2022-05-17 15:38:54.300,16114,16115,16114,1,-1
2022-05-17 15:38:54.565,16114,16115,16115,1,1
2022-05-17 15:38:55.851,16114,16115,16114,2,-2
2022-05-17 15:38:56.119,16114,16115,16115,2,2
2022-05-17 15:38:57.739,16114,16115,16115,1,1
2022-05-17 15:38:58.672,16114,16115,16115,1,1
2022-05-17 15:38:59.261,16114,16115,16115,1,1
2022-05-17 15:39:00.321,16114,16115,16114,1,-1
2022-05-17 15:39:00.596,16114,16115,16115,1,1
2022-05-17 15:39:00.622,16114,16115,16114,1,-1
2022-05-17 15:39:00.622,16114,16115,16115,1,1
2022-05-17 15:39:00.742,16114,16115,16115,1,1
2022-05-17 15:39:00.795,16114,16115,16115,1,1
2022-05-17 15:39:00.795,16114,16115,16116,1,1
2022-05-17 15:39:00.801,16114,16115,16116,1,1
2022-05-17 15:39:00.833,16114,16115,16116,1,1
2022-05-17 15:39:01.010,16115,16116,16116,1,1
2022-05-17 15:39:01.105,16115,16116,16115,1,-1
2022-05-17 15:39:01.354,16114,16115,16115,1,1
2022-05-17 15:39:01.454,16114,16115,16115,1,1
2022-05-17 15:39:01.740,16114,16115,16114,1,-1
2022-05-17 15:39:01.740,16114,16115,16114,1,-1
2022-05-17 15:39:03.495,16113,16115,16115,1,1
2022-05-17 15:39:04.378,16113,16114,16114,1,1
2022-05-17 15:39:07.165,16113,16114,16114,1,1
2022-05-17 15:39:08.008,16113,16114,16113,1,-1
2022-05-17 15:39:08.134,16113,16114,16114,1,1
2022-05-17 15:39:10.185,16113,16114,16113,2,-2
2022-05-17 15:39:12.778,16113,16114,16113,1,-1
2022-05-17 15:39:14.407,16112,16113,16112,3,-3
2022-05-17 15:39:16.733,16111,16112,16112,1,1
2022-05-17 15:39:16.842,16111,16112,16111,1,-1
2022-05-17 15:39:17.286,16110,16112,16110,1,-1
2022-05-17 15:39:17.462,16110,16112,16110,1,-1
2022-05-17 15:39:20.669,16110,16112,16112,2,2
2022-05-17 15:39:20.669,16110,16112,16112,1,1
2022-05-17 15:39:20.669,16110,16112,16112,1,1
2022-05-17 15:39:20.669,16110,16112,16112,1,1
2022-05-17 15:39:21.658,16111,16112,16112,1,1
2022-05-17 15:39:23.401,16112,16113,16113,2,2
2022-05-17 15:39:23.684,16112,16113,16112,1,-1
2022-05-17 15:39:24.192,16112,16113,16113,3,3
2022-05-17 15:39:24.192,16112,16113,16114,3,3
2022-05-17 15:39:27.005,16112,16113,16113,1,1
2022-05-17 15:39:28.328,16112,16113,16113,1,1
2022-05-17 15:39:29.784,16113,16114,16113,1,-1
2022-05-17 15:39:30.720,16113,16114,16114,1,1
2022-05-17 15:39:30.928,16113,16114,16114,1,1
2022-05-17 15:39:30.928,16113,16114,16114,1,1
2022-05-17 15:39:30.937,16113,16114,16114,1,1
2022-05-17 15:39:30.937,16113,16114,16114,4,4
2022-05-17 15:39:34.521,16113,16114,16114,2,2
2022-05-17 15:39:37.896,16113,16114,16114,1,1
2022-05-17 15:39:39.471,16114,16115,16114,2,-2
2022-05-17 15:39:40.680,16114,16115,16115,20,20
2022-05-17 15:39:40.681,16114,16115,16115,1,1
2022-05-17 15:39:40.681,16114,16115,16115,1,1
2022-05-17 15:39:40.681,16114,16115,16115,4,4
2022-05-17 15:39:40.681,16114,16115,16115,1,1
2022-05-17 15:39:40.681,16114,16115,16115,1,1
2022-05-17 15:39:40.681,16114,16115,16115,1,1
2022-05-17 15:39:40.681,16114,16115,16115,1,1
2022-05-17 15:39:41.246,16114,16115,16115,1,1
2022-05-17 15:39:41.247,16114,16115,16115,1,1
2022-05-17 15:39:41.574,16114,16115,16114,2,-2
2022-05-17 15:39:42.220,16114,16115,16114,1,-1
2022-05-17 15:39:44.626,16114,16115,16115,8,8
2022-05-17 15:39:47.277,16114,16115,16114,1,-1
2022-05-17 15:39:47.277,16114,16115,16114,1,-1
2022-05-17 15:39:47.277,16114,16115,16114,1,-1
2022-05-17 15:39:50.411,16114,16115,16115,1,1
2022-05-17 15:39:51.760,16114,16115,16115,19,19
2022-05-17 15:39:53.335,16115,16116,16116,1,1
2022-05-17 15:39:53.335,16115,16116,16116,1,1
2022-05-17 15:39:53.335,16115,16116,16116,1,1
2022-05-17 15:39:53.335,16115,16116,16116,1,1
2022-05-17 15:39:53.335,16115,16116,16116,3,3
2022-05-17 15:39:53.335,16115,16116,16116,4,4
2022-05-17 15:39:53.336,16115,16116,16116,1,1
2022-05-17 15:39:53.336,16115,16116,16116,4,4
2022-05-17 15:39:53.721,16115,16117,16117,1,1
2022-05-17 15:39:53.856,16115,16117,16117,1,1
2022-05-17 15:39:54.945,16116,16117,16117,4,4
2022-05-17 15:39:55.376,16116,16117,16117,4,4
2022-05-17 15:39:55.376,16116,16117,16118,16,16
2022-05-17 15:39:55.422,16116,16118,16118,1,1
2022-05-17 15:39:55.570,16116,16118,16118,1,1
2022-05-17 15:39:55.986,16116,16117,16116,1,-1
2022-05-17 15:39:56.923,16116,16117,16117,2,2
2022-05-17 15:39:58.422,16116,16117,16117,2,2
2022-05-17 15:40:00.755,16117,16118,16117,1,-1
2022-05-17 15:40:01.992,16117,16118,16117,1,-1
2022-05-17 15:40:02.846,16117,16118,16118,1,1
2022-05-17 15:40:03.253,16117,16118,16118,1,1
2022-05-17 15:40:03.460,16117,16118,16118,3,3
2022-05-17 15:40:05.479,16117,16118,16117,1,-1
2022-05-17 15:40:05.488,16117,16118,16118,1,1
2022-05-17 15:40:06.049,16117,16118,16117,1,-1
2022-05-17 15:40:07.158,16117,16118,16118,1,1
2022-05-17 15:40:07.892,16117,16118,16118,2,2
2022-05-17 15:40:08.107,16117,16118,16118,7,7
2022-05-17 15:40:08.108,16117,16118,16119,1,1
2022-05-17 15:40:08.108,16117,16118,16119,1,1
2022-05-17 15:40:08.206,16118,16119,16119,5,5
2022-05-17 15:40:08.481,16118,16119,16119,1,1
2022-05-17 15:40:08.736,16117,16119,16117,1,-1
2022-05-17 15:40:08.760,16117,16119,16117,1,-1
2022-05-17 15:40:08.770,16117,16119,16117,1,-1
2022-05-17 15:40:08.803,16117,16119,16117,1,-1
2022-05-17 15:40:09.021,16117,16118,16117,4,-4
2022-05-17 15:40:09.022,16117,16118,16117,1,-1
2022-05-17 15:40:09.374,16117,16118,16117,1,-1
2022-05-17 15:40:10.930,16117,16118,16118,1,1
2022-05-17 15:40:11.953,16118,16119,16118,1,-1
2022-05-17 15:40:11.953,16118,16119,16118,1,-1
2022-05-17 15:40:12.030,16117,16118,16118,1,1
2022-05-17 15:40:14.119,16117,16118,16118,1,1
2022-05-17 15:40:14.998,16117,16118,16118,2,2
2022-05-17 15:40:15.002,16117,16118,16119,2,2
2022-05-17 15:40:15.161,16118,16119,16119,2,2
2022-05-17 15:40:15.162,16118,16119,16119,1,1
2022-05-17 15:40:16.091,16118,16120,16118,3,-3
2022-05-17 15:40:17.646,16118,16120,16120,2,2
2022-05-17 15:40:17.859,16118,16120,16120,1,1
2022-05-17 15:40:17.862,16118,16120,16120,1,1
2022-05-17 15:40:17.902,16118,16120,16120,4,4
2022-05-17 15:40:18.955,16118,16119,16119,1,1
2022-05-17 15:40:19.024,16118,16119,16119,1,1
2022-05-17 15:40:19.203,16118,16119,16118,1,-1
2022-05-17 15:40:19.311,16117,16118,16117,1,-1
2022-05-17 15:40:19.468,16117,16118,16118,2,2
2022-05-17 15:40:20.544,16117,16118,16117,1,-1
2022-05-17 15:40:20.930,16116,16117,16117,1,1
2022-05-17 15:40:21.310,16116,16117,16116,2,-2
2022-05-17 15:40:21.454,16116,16117,16117,1,1
2022-05-17 15:40:25.244,16116,16117,16117,1,1
2022-05-17 15:40:27.691,16116,16117,16117,1,1
2022-05-17 15:40:29.738,16116,16117,16117,1,1
2022-05-17 15:40:31.072,16116,16117,16117,2,2
2022-05-17 15:40:33.815,16117,16118,16117,1,-1
2022-05-17 15:40:35.912,16117,16118,16117,5,-5
2022-05-17 15:40:36.757,16116,16117,16116,2,-2
2022-05-17 15:40:36.759,16116,16117,16116,4,-4
2022-05-17 15:40:39.562,16115,16117,16115,1,-1
2022-05-17 15:40:41.967,16115,16116,16115,2,-2
2022-05-17 15:40:42.399,16115,16116,16116,3,3
2022-05-17 15:40:42.983,16115,16116,16116,1,1
2022-05-17 15:40:45.364,16115,16116,16115,3,-3
2022-05-17 15:40:45.364,16115,16116,16115,1,-1
2022-05-17 15:40:45.647,16115,16116,16116,1,1
2022-05-17 15:40:47.541,16115,16116,16115,10,-10
2022-05-17 15:40:47.541,16115,16116,16115,1,-1
2022-05-17 15:40:47.542,16115,16116,16115,1,-1
2022-05-17 15:40:47.542,16115,16116,16115,9,-9
2022-05-17 15:40:48.194,16114,16115,16116,1,1
2022-05-17 15:40:48.384,16114,16116,16116,3,3
2022-05-17 15:40:50.858,16115,16116,16115,1,-1
2022-05-17 15:40:52.956,16114,16116,16114,3,-3
2022-05-17 15:40:53.000,16114,16116,16115,1,-1
2022-05-17 15:40:56.349,16114,16115,16114,1,-1
2022-05-17 15:40:56.352,16114,16115,16114,1,-1
2022-05-17 15:40:58.272,16114,16115,16114,1,-1
2022-05-17 15:40:58.836,16113,16115,16113,1,-1
2022-05-17 15:41:03.131,16113,16114,16113,1,-1
2022-05-17 15:41:04.299,16113,16114,16113,2,-2
2022-05-17 15:41:04.757,16113,16114,16114,1,1
2022-05-17 15:41:04.762,16113,16114,16113,2,-2
2022-05-17 15:41:05.185,16113,16115,16113,1,-1
2022-05-17 15:41:06.569,16113,16115,16115,2,2
2022-05-17 15:41:06.570,16113,16115,16115,1,1
2022-05-17 15:41:06.571,16113,16115,16115,2,2
2022-05-17 15:41:06.572,16113,16115,16115,1,1
2022-05-17 15:41:06.572,16113,16115,16115,1,1
2022-05-17 15:41:08.893,16114,16115,16115,1,1
2022-05-17 15:41:08.893,16114,16115,16115,1,1
2022-05-17 15:41:08.893,16114,16115,16115,1,1
2022-05-17 15:41:08.893,16114,16115,16115,1,1
2022-05-17 15:41:08.893,16114,16115,16115,3,3
2022-05-17 15:41:08.893,16114,16115,16115,1,1
2022-05-17 15:41:08.894,16114,16115,16115,2,2
2022-05-17 15:41:09.088,16115,16116,16115,1,-1
2022-05-17 15:41:09.571,16114,16116,16116,7,7
2022-05-17 15:41:09.571,16114,16116,16117,12,12
2022-05-17 15:41:09.571,16114,16116,16118,1,1
2022-05-17 15:41:12.428,16116,16117,16117,1,1
2022-05-17 15:41:12.440,16116,16117,16116,1,-1
2022-05-17 15:41:13.150,16116,16117,16116,1,-1
2022-05-17 15:41:16.799,16115,16117,16115,1,-1
2022-05-17 15:41:21.742,16114,16115,16115,2,2
2022-05-17 15:41:28.902,16114,16115,16114,1,-1
2022-05-17 15:41:29.452,16114,16115,16115,1,1
2022-05-17 15:41:29.742,16114,16115,16115,1,1
2022-05-17 15:41:41.790,16114,16115,16115,1,1
2022-05-17 15:41:41.951,16114,16115,16115,1,1
2022-05-17 15:41:48.381,16114,16115,16115,1,1
2022-05-17 15:41:48.684,16114,16115,16114,1,-1
2022-05-17 15:41:49.913,16114,16115,16114,4,-4
2022-05-17 15:41:51.959,16114,16115,16115,2,2
2022-05-17 15:41:52.298,16114,16115,16115,1,1
2022-05-17 15:41:52.601,16114,16115,16115,17,17
2022-05-17 15:41:53.619,16114,16116,16116,1,1
2022-05-17 15:41:57.111,16114,16115,16115,1,1
2022-05-17 15:41:57.346,16115,16116,16116,21,21
2022-05-17 15:41:57.347,16115,16116,16116,2,2
2022-05-17 15:41:57.347,16115,16116,16116,1,1
2022-05-17 15:41:57.347,16115,16116,16116,10,10
2022-05-17 15:41:57.347,16115,16116,16116,1,1
2022-05-17 15:41:57.347,16115,16116,16116,5,5
2022-05-17 15:41:57.347,16115,16116,16116,2,2
2022-05-17 15:41:59.746,16114,16116,16115,1,1
2022-05-17 15:42:00.002,16114,16115,16115,2,2
2022-05-17 15:42:00.195,16114,16115,16115,2,2
2022-05-17 15:42:00.243,16114,16115,16115,1,1
2022-05-17 15:42:00.286,16114,16115,16115,3,3
2022-05-17 15:42:00.297,16114,16115,16115,1,1
2022-05-17 15:42:00.303,16114,16115,16117,1,1
2022-05-17 15:42:00.703,16115,16117,16117,13,13
2022-05-17 15:42:00.703,16115,16117,16118,7,7
2022-05-17 15:42:00.967,16116,16118,16118,1,1
2022-05-17 15:42:01.205,16116,16118,16116,2,-2
2022-05-17 15:42:01.619,16116,16118,16116,1,-1
2022-05-17 15:42:01.678,16116,16117,16117,1,1
2022-05-17 15:42:01.835,16116,16117,16117,1,1
2022-05-17 15:42:01.835,16116,16117,16118,1,1
2022-05-17 15:42:02.856,16116,16117,16117,1,1
2022-05-17 15:42:04.728,16116,16117,16116,1,-1
2022-05-17 15:42:04.756,16116,16117,16117,1,1
2022-05-17 15:42:08.363,16116,16117,16117,1,1
2022-05-17 15:42:08.363,16116,16117,16118,1,1
2022-05-17 15:42:13.296,16116,16117,16117,1,1
2022-05-17 15:42:14.694,16116,16117,16116,1,-1
2022-05-17 15:42:15.110,16116,16117,16117,1,1
2022-05-17 15:42:16.874,16116,16117,16117,5,5
2022-05-17 15:42:17.220,16116,16117,16116,1,-1
2022-05-17 15:42:17.441,16116,16117,16117,1,1
2022-05-17 15:42:24.356,16116,16117,16117,2,2
2022-05-17 15:42:24.834,16116,16117,16117,2,2
2022-05-17 15:42:26.001,16116,16117,16116,3,-3
2022-05-17 15:42:26.001,16116,16117,16116,3,-3
2022-05-17 15:42:26.001,16116,16117,16116,5,-5
2022-05-17 15:42:27.239,16115,16117,16117,1,1
2022-05-17 15:42:29.747,16115,16117,16117,1,1
2022-05-17 15:42:32.905,16116,16117,16117,1,1
2022-05-17 15:42:35.398,16116,16117,16116,2,-2
2022-05-17 15:42:35.398,16116,16117,16116,2,-2
2022-05-17 15:42:37.777,16115,16117,16116,1,-1
2022-05-17 15:42:37.789,16115,16117,16117,1,1
2022-05-17 15:42:39.409,16116,16117,16116,2,-2
2022-05-17 15:42:41.682,16116,16117,16117,6,6
2022-05-17 15:42:42.075,16116,16117,16116,1,-1
2022-05-17 15:42:42.891,16116,16117,16116,1,-1
2022-05-17 15:42:44.320,16116,16117,16117,1,1
2022-05-17 15:42:44.776,16116,16117,16117,6,6
2022-05-17 15:42:44.776,16116,16117,16117,1,1
2022-05-17 15:42:44.776,16116,16117,16117,1,1
2022-05-17 15:42:44.776,16116,16117,16117,1,1
2022-05-17 15:42:44.776,16116,16117,16117,1,1
2022-05-17 15:42:46.011,16117,16118,16118,1,1
2022-05-17 15:42:49.439,16117,16118,16118,5,5
2022-05-17 15:42:50.242,16117,16118,16118,1,1
2022-05-17 15:42:53.652,16117,16118,16118,6,6
2022-05-17 15:42:59.165,16117,16118,16118,6,6
2022-05-17 15:42:59.176,16117,16118,16118,1,1
2022-05-17 15:42:59.746,16117,16118,16118,1,1
2022-05-17 15:43:01.359,16117,16118,16118,1,1
2022-05-17 15:43:02.412,16117,16118,16118,1,1
2022-05-17 15:43:04.673,16117,16118,16118,4,4
2022-05-17 15:43:04.673,16117,16118,16119,21,21
2022-05-17 15:43:04.673,16117,16118,16120,5,5
2022-05-17 15:43:04.816,16118,16120,16120,1,1
2022-05-17 15:43:08.668,16118,16120,16120,1,1
2022-05-17 15:43:09.570,16118,16120,16120,2,2
2022-05-17 15:43:09.978,16119,16120,16120,4,4
2022-05-17 15:43:09.990,16119,16120,16121,3,3
2022-05-17 15:43:10.070,16120,16121,16121,5,5
2022-05-17 15:43:11.500,16120,16121,16120,1,-1
2022-05-17 15:43:11.693,16120,16121,16120,4,-4
2022-05-17 15:43:12.981,16120,16121,16121,1,1
2022-05-17 15:43:13.003,16120,16121,16120,1,-1
2022-05-17 15:43:15.454,16120,16121,16120,1,-1
2022-05-17 15:43:16.096,16120,16121,16120,1,-1
2022-05-17 15:43:16.391,16119,16120,16120,2,2
2022-05-17 15:43:18.657,16120,16121,16120,2,-2
2022-05-17 15:43:18.961,16119,16121,16121,1,1
2022-05-17 15:43:20.093,16120,16121,16120,4,-4
2022-05-17 15:43:21.533,16120,16121,16121,1,1
2022-05-17 15:43:22.067,16120,16121,16121,1,1
2022-05-17 15:43:22.067,16120,16121,16121,1,1
2022-05-17 15:43:22.067,16120,16121,16121,1,1
2022-05-17 15:43:22.067,16120,16121,16121,1,1
2022-05-17 15:43:22.067,16120,16121,16121,1,1
2022-05-17 15:43:22.068,16120,16121,16121,2,2
2022-05-17 15:43:24.209,16120,16122,16120,1,-1
2022-05-17 15:43:31.919,16121,16122,16121,1,-1
2022-05-17 15:43:33.952,16121,16122,16121,1,-1
2022-05-17 15:43:34.150,16121,16122,16122,2,2
2022-05-17 15:43:34.291,16121,16122,16122,1,1
2022-05-17 15:43:34.300,16121,16122,16122,1,1
2022-05-17 15:43:34.300,16121,16122,16122,1,1
2022-05-17 15:43:34.759,16122,16123,16123,1,1
2022-05-17 15:43:34.926,16121,16122,16122,1,1
2022-05-17 15:43:35.380,16121,16122,16121,1,-1
2022-05-17 15:43:37.237,16121,16122,16121,1,-1
2022-05-17 15:43:37.238,16121,16122,16121,1,-1
2022-05-17 15:43:39.490,16121,16122,16122,1,1
2022-05-17 15:43:39.688,16121,16122,16121,1,-1
2022-05-17 15:43:44.342,16121,16122,16121,1,-1
2022-05-17 15:43:45.245,16121,16122,16121,1,-1
2022-05-17 15:43:46.158,16120,16121,16121,1,1
2022-05-17 15:43:49.036,16120,16122,16122,1,1
2022-05-17 15:43:52.307,16120,16121,16121,1,1
2022-05-17 15:43:52.545,16121,16122,16121,1,-1
2022-05-17 15:43:52.677,16120,16122,16120,1,-1
2022-05-17 15:43:52.703,16120,16122,16120,2,-2
2022-05-17 15:43:52.885,16121,16122,16121,2,-2
2022-05-17 15:43:56.612,16120,16121,16121,1,1
2022-05-17 15:43:59.750,16120,16121,16121,1,1
2022-05-17 15:44:00.135,16120,16121,16121,1,1
2022-05-17 15:44:03.314,16120,16121,16120,1,-1
2022-05-17 15:44:04.351,16120,16121,16121,5,5
2022-05-17 15:44:04.490,16120,16121,16120,1,-1
2022-05-17 15:44:04.839,16120,16121,16121,1,1
2022-05-17 15:44:04.839,16120,16121,16121,1,1
2022-05-17 15:44:05.958,16120,16121,16121,1,1
2022-05-17 15:44:05.958,16120,16121,16121,1,1
2022-05-17 15:44:07.014,16121,16122,16122,5,5
2022-05-17 15:44:07.321,16121,16122,16121,2,-2
2022-05-17 15:44:08.708,16121,16122,16121,1,-1
2022-05-17 15:44:10.327,16120,16122,16122,1,1
2022-05-17 15:44:13.609,16120,16121,16121,1,1
2022-05-17 15:44:13.727,16121,16122,16122,3,3
2022-05-17 15:44:13.904,16121,16122,16121,2,-2
2022-05-17 15:44:15.875,16121,16122,16122,1,1
2022-05-17 15:44:16.938,16120,16121,16121,1,1
2022-05-17 15:44:18.414,16121,16122,16121,1,-1
2022-05-17 15:44:18.414,16121,16122,16121,1,-1
2022-05-17 15:44:20.021,16121,16122,16121,1,-1
2022-05-17 15:44:20.149,16120,16121,16121,1,1
2022-05-17 15:44:20.415,16120,16122,16122,1,1
2022-05-17 15:44:24.668,16121,16122,16121,1,-1
2022-05-17 15:44:27.779,16120,16121,16120,1,-1
2022-05-17 15:44:32.833,16120,16121,16121,1,1
2022-05-17 15:44:34.757,16120,16121,16121,1,1
2022-05-17 15:44:35.127,16120,16121,16120,1,-1
2022-05-17 15:44:36.295,16120,16121,16120,1,-1
2022-05-17 15:44:36.466,16120,16121,16120,3,-3
2022-05-17 15:44:36.466,16120,16121,16120,1,-1
2022-05-17 15:44:36.466,16120,16121,16120,2,-2
2022-05-17 15:44:36.466,16120,16121,16120,1,-1
2022-05-17 15:44:36.466,16120,16121,16120,2,-2
2022-05-17 15:44:36.466,16120,16121,16120,18,-18
2022-05-17 15:44:40.253,16119,16121,16119,2,-2
2022-05-17 15:44:41.075,16119,16120,16120,1,1
2022-05-17 15:44:42.713,16119,16120,16120,1,1
2022-05-17 15:44:47.949,16120,16121,16120,1,-1
2022-05-17 15:44:49.997,16119,16120,16120,1,1
2022-05-17 15:44:49.997,16119,16120,16120,1,1
2022-05-17 15:44:55.303,16119,16120,16119,1,-1
2022-05-17 15:44:55.303,16119,16120,16119,4,-4
2022-05-17 15:44:56.832,16119,16120,16120,1,1
2022-05-17 15:44:59.748,16119,16120,16120,1,1
2022-05-17 15:45:03.679,16119,16120,16119,3,-3
2022-05-17 15:45:03.680,16119,16120,16119,1,-1
2022-05-17 15:45:07.137,16118,16119,16119,1,1
2022-05-17 15:45:09.200,16119,16120,16119,1,-1
2022-05-17 15:45:09.200,16119,16120,16118,1,-1
2022-05-17 15:45:14.240,16118,16120,16118,1,-1
2022-05-17 15:45:14.805,16119,16120,16119,1,-1
2022-05-17 15:45:17.832,16118,16119,16118,1,-1
2022-05-17 15:45:18.306,16117,16118,16118,2,2
2022-05-17 15:45:18.306,16117,16118,16118,1,1
2022-05-17 15:45:18.554,16118,16119,16119,1,1
2022-05-17 15:45:18.554,16118,16119,16119,1,1
2022-05-17 15:45:21.480,16118,16120,16118,1,-1
2022-05-17 15:45:21.498,16118,16120,16118,1,-1
2022-05-17 15:45:22.413,16118,16119,16119,1,1
2022-05-17 15:45:23.382,16118,16120,16118,1,-1
2022-05-17 15:45:23.600,16118,16120,16120,1,1
2022-05-17 15:45:27.957,16118,16120,16120,23,23
2022-05-17 15:45:28.349,16119,16120,16120,1,1
2022-05-17 15:45:28.350,16119,16120,16120,6,6
2022-05-17 15:45:28.350,16119,16120,16120,1,1
2022-05-17 15:45:34.772,16120,16121,16121,1,1
2022-05-17 15:45:35.162,16120,16121,16121,2,2
2022-05-17 15:45:35.162,16120,16121,16122,1,1
2022-05-17 15:45:35.305,16120,16122,16120,1,-1
2022-05-17 15:45:35.315,16120,16122,16120,1,-1
2022-05-17 15:45:35.581,16120,16122,16120,1,-1
2022-05-17 15:45:35.801,16120,16121,16120,1,-1
2022-05-17 15:45:48.720,16120,16122,16120,1,-1
2022-05-17 15:45:48.765,16120,16122,16120,10,-10
2022-05-17 15:45:49.927,16120,16121,16120,1,-1
2022-05-17 15:45:51.373,16120,16121,16120,1,-1
2022-05-17 15:45:55.132,16120,16121,16120,1,-1
2022-05-17 15:45:55.973,16120,16121,16121,1,1
2022-05-17 15:45:57.532,16120,16121,16121,1,1
2022-05-17 15:45:59.751,16120,16121,16121,1,1
2022-05-17 15:46:03.876,16120,16122,16122,4,4
2022-05-17 15:46:05.619,16120,16121,16121,1,1
2022-05-17 15:46:06.468,16120,16122,16120,1,-1
2022-05-17 15:46:06.815,16120,16122,16121,1,-1
2022-05-17 15:46:11.814,16121,16122,16122,3,3
2022-05-17 15:46:11.815,16121,16122,16122,1,1
2022-05-17 15:46:11.815,16121,16122,16122,8,8
2022-05-17 15:46:11.944,16122,16123,16123,1,1
2022-05-17 15:46:11.944,16122,16123,16123,1,1
2022-05-17 15:46:12.111,16122,16123,16121,1,-1
2022-05-17 15:46:12.247,16121,16123,16121,2,-2
2022-05-17 15:46:12.264,16121,16123,16123,8,8
2022-05-17 15:46:14.990,16122,16123,16123,1,1
2022-05-17 15:46:14.992,16122,16123,16123,1,1
2022-05-17 15:46:16.383,16123,16124,16123,1,-1
2022-05-17 15:46:17.814,16122,16123,16123,1,1
2022-05-17 15:46:21.082,16122,16123,16122,4,-4
2022-05-17 15:46:21.082,16122,16123,16122,1,-1
2022-05-17 15:46:21.083,16122,16123,16122,3,-3
2022-05-17 15:46:21.083,16122,16123,16122,1,-1
2022-05-17 15:46:21.083,16122,16123,16122,3,-3
2022-05-17 15:46:21.149,16121,16122,16121,1,-1
2022-05-17 15:46:23.236,16121,16122,16122,2,2
2022-05-17 15:46:29.762,16121,16122,16122,1,1
2022-05-17 15:46:30.248,16121,16122,16122,1,1
2022-05-17 15:46:31.894,16121,16122,16122,1,1
2022-05-17 15:46:41.230,16121,16122,16122,1,1
2022-05-17 15:46:41.381,16121,16122,16122,1,1
2022-05-17 15:46:41.649,16121,16122,16122,1,1
2022-05-17 15:46:50.568,16121,16122,16122,1,1
2022-05-17 15:46:51.649,16121,16122,16121,1,-1
2022-05-17 15:46:51.649,16121,16122,16121,2,-2
2022-05-17 15:46:52.448,16120,16122,16122,2,2
2022-05-17 15:46:52.717,16120,16122,16122,1,1
2022-05-17 15:46:55.817,16120,16121,16120,1,-1
2022-05-17 15:46:56.281,16120,16121,16120,2,-2
2022-05-17 15:46:59.455,16120,16121,16120,1,-1
2022-05-17 15:47:04.474,16120,16121,16120,1,-1
2022-05-17 15:47:04.778,16120,16121,16121,1,1
2022-05-17 15:47:05.021,16120,16121,16121,1,1
2022-05-17 15:47:08.010,16121,16122,16121,2,-2
2022-05-17 15:47:08.010,16121,16122,16121,1,-1
2022-05-17 15:47:08.889,16121,16122,16121,1,-1
2022-05-17 15:47:11.816,16121,16122,16121,1,-1
2022-05-17 15:47:16.768,16121,16122,16121,1,-1
2022-05-17 15:47:16.768,16121,16122,16121,4,-4
2022-05-17 15:47:19.019,16120,16121,16121,1,1
2022-05-17 15:47:24.544,16120,16121,16121,3,3
2022-05-17 15:47:26.005,16121,16122,16121,1,-1
2022-05-17 15:47:29.756,16120,16121,16121,1,1
2022-05-17 15:47:31.988,16120,16121,16120,1,-1
2022-05-17 15:47:35.473,16120,16121,16120,1,-1
2022-05-17 15:47:40.452,16120,16121,16120,5,-5
2022-05-17 15:47:40.452,16120,16121,16120,1,-1
2022-05-17 15:47:40.452,16120,16121,16120,4,-4
2022-05-17 15:47:40.462,16120,16121,16120,1,-1
2022-05-17 15:47:40.464,16120,16121,16120,1,-1
2022-05-17 15:47:40.465,16120,16121,16120,4,-4
2022-05-17 15:47:40.465,16120,16121,16120,1,-1
2022-05-17 15:47:40.465,16120,16121,16120,10,-10
2022-05-17 15:47:40.465,16120,16121,16120,1,-1
2022-05-17 15:47:40.465,16120,16121,16120,6,-6
2022-05-17 15:47:43.650,16119,16120,16119,2,-2
2022-05-17 15:47:46.916,16119,16120,16120,5,5
2022-05-17 15:47:50.581,16119,16120,16119,4,-4
2022-05-17 15:47:50.851,16118,16120,16119,1,-1
2022-05-17 15:47:51.082,16118,16120,16118,2,-2
2022-05-17 15:47:51.726,16118,16120,16118,5,-5
2022-05-17 15:47:51.781,16118,16120,16118,2,-2
2022-05-17 15:47:53.767,16119,16120,16119,1,-1
2022-05-17 15:47:54.388,16118,16120,16118,5,-5
2022-05-17 15:47:57.131,16118,16120,16118,1,-1
2022-05-17 15:47:57.518,16118,16120,16118,1,-1
2022-05-17 15:47:57.731,16118,16120,16118,5,-5
2022-05-17 15:47:58.443,16118,16120,16118,3,-3
2022-05-17 15:48:01.294,16118,16120,16118,7,-7
2022-05-17 15:48:01.625,16117,16119,16119,1,1
2022-05-17 15:48:01.893,16117,16119,16119,1,1
2022-05-17 15:48:01.945,16117,16119,16119,1,1
2022-05-17 15:48:03.688,16118,16119,16118,1,-1
2022-05-17 15:48:04.317,16118,16119,16119,1,1
2022-05-17 15:48:06.569,16118,16119,16118,1,-1
2022-05-17 15:48:09.038,16117,16119,16119,1,1
2022-05-17 15:48:09.039,16117,16119,16119,1,1
2022-05-17 15:48:12.027,16117,16119,16119,5,5
2022-05-17 15:48:13.812,16118,16119,16118,1,-1
2022-05-17 15:48:23.013,16117,16118,16117,5,-5
2022-05-17 15:48:23.044,16117,16118,16117,1,-1
2022-05-17 15:48:23.379,16117,16118,16118,5,5
2022-05-17 15:48:24.759,16117,16118,16117,3,-3
2022-05-17 15:48:24.759,16117,16118,16116,2,-2
2022-05-17 15:48:26.861,16116,16117,16116,1,-1
2022-05-17 15:48:28.077,16116,16117,16116,5,-5
2022-05-17 15:48:29.946,16116,16117,16116,5,-5
2022-05-17 15:48:30.522,16116,16117,16116,1,-1
2022-05-17 15:48:32.412,16116,16117,16116,1,-1
2022-05-17 15:48:32.884,16116,16117,16117,1,1
2022-05-17 15:48:34.770,16116,16117,16117,1,1
2022-05-17 15:48:37.169,16116,16117,16116,2,-2
2022-05-17 15:48:39.477,16116,16117,16116,1,-1
2022-05-17 15:48:40.391,16116,16117,16116,1,-1
2022-05-17 15:48:40.401,16115,16117,16115,1,-1
2022-05-17 15:48:41.603,16115,16116,16115,1,-1
2022-05-17 15:48:43.076,16115,16116,16115,1,-1
2022-05-17 15:48:46.010,16115,16116,16115,1,-1
2022-05-17 15:48:47.847,16115,16116,16115,2,-2
2022-05-17 15:48:47.907,16115,16116,16116,1,1
2022-05-17 15:48:47.907,16115,16116,16116,1,1
2022-05-17 15:48:47.909,16115,16116,16116,2,2
2022-05-17 15:48:47.991,16115,16116,16117,2,2
2022-05-17 15:48:52.327,16116,16117,16116,1,-1
2022-05-17 15:48:52.543,16115,16116,16116,1,1
2022-05-17 15:48:52.543,16115,16116,16117,6,6
2022-05-17 15:48:52.543,16115,16116,16116,1,1
2022-05-17 15:48:52.817,16115,16116,16115,1,-1
2022-05-17 15:48:52.866,16115,16116,16116,1,1
