2020-02-10 15:00:00.003,11564,11565,11565,45
2020-02-10 15:00:00.014,11564,11565,11564,4
2020-02-10 15:00:00.096,11563,11564,11564,4
2020-02-10 15:00:00.294,11563,11564,11563,1
2020-02-10 15:00:00.311,11563,11564,11563,1
2020-02-10 15:00:00.394,11563,11564,11563,1
2020-02-10 15:00:00.428,11563,11564,11563,1
2020-02-10 15:00:00.507,11563,11564,11564,1
2020-02-10 15:00:00.547,11563,11564,11564,9
2020-02-10 15:00:00.573,11563,11564,11564,2
2020-02-10 15:00:00.610,11563,11564,11564,6
2020-02-10 15:00:00.610,11563,11564,11564,2
2020-02-10 15:00:00.681,11563,11564,11564,1
2020-02-10 15:00:00.713,11563,11564,11565,1
2020-02-10 15:00:00.720,11563,11564,11565,1
2020-02-10 15:00:00.865,11564,11565,11565,5
2020-02-10 15:00:00.867,11564,11565,11565,5
2020-02-10 15:00:00.951,11564,11565,11565,2
2020-02-10 15:00:01.038,11564,11565,11565,1
2020-02-10 15:00:01.067,11564,11565,11565,2
2020-02-10 15:00:01.109,11564,11565,11565,5
2020-02-10 15:00:01.153,11564,11565,11566,2
2020-02-10 15:00:01.251,11563,11566,11566,2
2020-02-10 15:00:01.453,11564,11566,11566,2
2020-02-10 15:00:01.681,11565,11566,11566,1
2020-02-10 15:00:01.703,11565,11566,11566,1
2020-02-10 15:00:01.735,11565,11566,11566,1
2020-02-10 15:00:01.735,11565,11566,11566,4
2020-02-10 15:00:01.886,11566,11567,11566,1
2020-02-10 15:00:01.886,11566,11567,11566,1
2020-02-10 15:00:02.055,11566,11567,11567,4
2020-02-10 15:00:02.526,11566,11567,11567,1
2020-02-10 15:00:02.556,11566,11567,11567,1
2020-02-10 15:00:02.556,11566,11567,11568,1
2020-02-10 15:00:02.883,11567,11568,11568,1
2020-02-10 15:00:02.885,11567,11568,11568,1
2020-02-10 15:00:02.985,11567,11568,11568,2
2020-02-10 15:00:03.023,11567,11568,11567,1
2020-02-10 15:00:03.610,11567,11568,11568,1
2020-02-10 15:00:04.110,11568,11569,11569,4
2020-02-10 15:00:04.110,11568,11569,11569,1
2020-02-10 15:00:04.110,11568,11569,11569,1
2020-02-10 15:00:04.234,11568,11569,11569,5
2020-02-10 15:00:04.234,11568,11569,11569,1
2020-02-10 15:00:04.234,11568,11569,11569,5
2020-02-10 15:00:04.234,11568,11569,11569,3
2020-02-10 15:00:04.449,11569,11570,11569,2
2020-02-10 15:00:04.582,11569,11570,11570,4
2020-02-10 15:00:04.609,11569,11570,11570,1
2020-02-10 15:00:04.861,11569,11570,11569,1
2020-02-10 15:00:05.438,11569,11570,11569,1
2020-02-10 15:00:05.953,11569,11570,11569,6
2020-02-10 15:00:05.960,11569,11570,11570,2
2020-02-10 15:00:05.973,11569,11570,11570,3
2020-02-10 15:00:05.980,11569,11570,11570,2
2020-02-10 15:00:05.985,11569,11570,11570,11
2020-02-10 15:00:06.036,11569,11570,11570,5
2020-02-10 15:00:06.103,11569,11570,11569,1
2020-02-10 15:00:06.971,11570,11572,11570,1
2020-02-10 15:00:07.984,11569,11571,11569,1
2020-02-10 15:00:08.018,11569,11571,11571,1
2020-02-10 15:00:08.426,11569,11571,11571,1
2020-02-10 15:00:08.730,11569,11571,11570,1
2020-02-10 15:00:09.019,11569,11571,11571,1
2020-02-10 15:00:09.235,11569,11571,11571,5
2020-02-10 15:00:09.862,11570,11571,11571,5
2020-02-10 15:00:09.862,11570,11571,11572,1
2020-02-10 15:00:11.562,11571,11572,11572,1
2020-02-10 15:00:11.944,11571,11572,11572,1
2020-02-10 15:00:12.083,11571,11572,11572,3
2020-02-10 15:00:12.182,11571,11572,11572,1
2020-02-10 15:00:12.663,11572,11573,11573,1
2020-02-10 15:00:12.898,11572,11573,11572,3
2020-02-10 15:00:13.133,11572,11573,11573,4
2020-02-10 15:00:14.984,11572,11573,11572,3
2020-02-10 15:00:15.025,11572,11573,11571,1
2020-02-10 15:00:15.051,11572,11573,11573,1
2020-02-10 15:00:15.430,11571,11573,11573,2
2020-02-10 15:00:15.948,11571,11572,11571,1
2020-02-10 15:00:16.896,11571,11572,11572,1
2020-02-10 15:00:17.959,11571,11572,11571,1
2020-02-10 15:00:17.959,11571,11572,11570,1
2020-02-10 15:00:18.019,11570,11571,11570,1
2020-02-10 15:00:18.389,11570,11571,11570,1
2020-02-10 15:00:18.422,11570,11571,11570,1
2020-02-10 15:00:18.422,11570,11571,11570,2
2020-02-10 15:00:18.684,11569,11570,11569,1
2020-02-10 15:00:18.952,11569,11570,11569,1
2020-02-10 15:00:21.255,11568,11569,11569,5
2020-02-10 15:00:21.432,11568,11570,11569,1
2020-02-10 15:00:21.801,11568,11570,11568,1
2020-02-10 15:00:22.688,11568,11570,11568,2
2020-02-10 15:00:23.720,11569,11570,11569,2
2020-02-10 15:00:23.941,11568,11570,11570,1
2020-02-10 15:00:24.116,11568,11570,11570,3
2020-02-10 15:00:24.578,11569,11570,11569,2
2020-02-10 15:00:24.907,11569,11570,11569,1
2020-02-10 15:00:25.068,11568,11569,11569,1
2020-02-10 15:00:25.496,11568,11569,11569,3
2020-02-10 15:00:25.890,11569,11570,11569,1
2020-02-10 15:00:28.391,11569,11570,11569,1
2020-02-10 15:00:28.999,11569,11570,11569,1
2020-02-10 15:00:29.618,11569,11570,11569,2
2020-02-10 15:00:33.541,11569,11570,11570,3
2020-02-10 15:00:33.634,11570,11571,11570,1
2020-02-10 15:00:34.856,11570,11572,11572,1
2020-02-10 15:00:36.510,11570,11572,11572,1
2020-02-10 15:00:36.561,11570,11572,11570,1
2020-02-10 15:00:37.936,11570,11571,11571,2
2020-02-10 15:00:38.286,11570,11571,11570,2
2020-02-10 15:00:42.607,11570,11571,11570,2
2020-02-10 15:00:42.784,11570,11571,11570,1
2020-02-10 15:00:46.096,11570,11571,11571,1
2020-02-10 15:00:46.584,11570,11571,11570,1
2020-02-10 15:00:48.517,11570,11571,11571,1
2020-02-10 15:00:48.671,11570,11571,11570,3
2020-02-10 15:00:49.177,11570,11571,11570,2
2020-02-10 15:00:50.261,11570,11571,11570,2
2020-02-10 15:00:50.261,11570,11571,11570,3
2020-02-10 15:00:50.261,11570,11571,11570,4
2020-02-10 15:00:50.694,11569,11570,11569,6
2020-02-10 15:00:52.132,11568,11569,11569,1
2020-02-10 15:00:53.775,11568,11569,11569,1
2020-02-10 15:00:55.031,11568,11569,11569,5
2020-02-10 15:00:55.853,11568,11570,11568,10
2020-02-10 15:00:58.604,11568,11569,11569,1
2020-02-10 15:00:59.818,11568,11569,11569,1
2020-02-10 15:01:00.184,11568,11570,11569,1
2020-02-10 15:01:00.232,11568,11570,11570,1
2020-02-10 15:01:00.846,11568,11569,11569,1
2020-02-10 15:01:00.961,11569,11570,11569,6
2020-02-10 15:01:00.961,11569,11570,11569,6
2020-02-10 15:01:00.961,11569,11570,11569,1
2020-02-10 15:01:00.985,11569,11570,11569,1
2020-02-10 15:01:02.532,11568,11569,11568,4
2020-02-10 15:01:02.540,11568,11569,11568,4
2020-02-10 15:01:02.544,11568,11569,11568,8
2020-02-10 15:01:03.101,11568,11569,11568,3
2020-02-10 15:01:05.451,11567,11569,11567,2
2020-02-10 15:01:08.180,11567,11569,11567,1
2020-02-10 15:01:11.987,11567,11568,11567,1
2020-02-10 15:01:12.843,11567,11568,11568,4
2020-02-10 15:01:13.654,11568,11569,11568,7
2020-02-10 15:01:14.531,11567,11568,11567,1
2020-02-10 15:01:15.405,11567,11568,11567,1
2020-02-10 15:01:15.901,11567,11568,11567,2
2020-02-10 15:01:16.545,11567,11568,11567,1
2020-02-10 15:01:17.161,11567,11568,11567,1
2020-02-10 15:01:22.855,11566,11567,11567,4
2020-02-10 15:01:22.920,11567,11568,11567,1
2020-02-10 15:01:22.986,11567,11568,11567,1
2020-02-10 15:01:23.195,11567,11568,11567,1
2020-02-10 15:01:23.608,11567,11568,11567,3
2020-02-10 15:01:24.264,11566,11567,11567,1
2020-02-10 15:01:24.888,11566,11567,11567,2
2020-02-10 15:01:25.445,11566,11567,11566,2
2020-02-10 15:01:28.174,11566,11567,11566,1
2020-02-10 15:01:34.516,11566,11567,11566,4
2020-02-10 15:01:39.027,11565,11566,11565,1
2020-02-10 15:01:42.484,11565,11566,11565,1
2020-02-10 15:01:46.572,11565,11566,11565,3
2020-02-10 15:01:51.514,11565,11566,11566,1
2020-02-10 15:01:54.833,11565,11566,11565,2
2020-02-10 15:01:56.739,11565,11566,11566,1
2020-02-10 15:01:56.989,11565,11566,11566,1
2020-02-10 15:01:57.818,11565,11566,11565,1
2020-02-10 15:01:58.679,11565,11566,11566,4
2020-02-10 15:01:58.758,11565,11566,11566,1
2020-02-10 15:01:59.957,11565,11566,11566,3
2020-02-10 15:01:59.962,11565,11566,11566,1
2020-02-10 15:01:59.989,11565,11567,11567,1
2020-02-10 15:02:00.235,11566,11567,11567,1
2020-02-10 15:02:00.318,11566,11567,11567,1
2020-02-10 15:02:00.320,11566,11567,11567,1
2020-02-10 15:02:03.342,11566,11567,11567,2
2020-02-10 15:02:07.071,11566,11567,11567,1
2020-02-10 15:02:07.072,11566,11567,11567,2
2020-02-10 15:02:07.072,11566,11567,11567,3
2020-02-10 15:02:07.127,11567,11568,11568,1
2020-02-10 15:02:07.129,11567,11568,11568,1
2020-02-10 15:02:07.301,11567,11568,11568,1
2020-02-10 15:02:07.301,11567,11568,11568,2
2020-02-10 15:02:07.616,11568,11569,11568,1
2020-02-10 15:02:09.019,11568,11569,11569,1
2020-02-10 15:02:09.019,11568,11569,11570,1
2020-02-10 15:02:10.924,11568,11570,11570,1
2020-02-10 15:02:18.533,11568,11570,11570,1
2020-02-10 15:02:23.459,11568,11570,11568,1
2020-02-10 15:02:24.422,11569,11570,11570,1
2020-02-10 15:02:26.425,11569,11570,11570,2
2020-02-10 15:02:26.728,11569,11570,11569,4
2020-02-10 15:02:31.307,11569,11570,11569,1
2020-02-10 15:02:38.970,11569,11570,11569,2
2020-02-10 15:02:46.777,11569,11570,11569,1
2020-02-10 15:02:47.075,11569,11570,11569,3
2020-02-10 15:02:48.594,11569,11570,11569,1
2020-02-10 15:02:48.947,11569,11570,11569,6
2020-02-10 15:02:49.235,11568,11569,11568,1
2020-02-10 15:02:49.237,11568,11569,11568,1
2020-02-10 15:02:49.286,11568,11569,11568,1
2020-02-10 15:02:53.168,11566,11568,11568,1
2020-02-10 15:02:57.329,11566,11567,11567,4
2020-02-10 15:02:57.666,11566,11568,11566,1
2020-02-10 15:03:00.459,11566,11568,11567,1
2020-02-10 15:03:04.493,11566,11567,11567,1
2020-02-10 15:03:06.424,11567,11568,11567,2
2020-02-10 15:03:13.365,11566,11567,11566,1
2020-02-10 15:03:13.919,11566,11567,11567,2
2020-02-10 15:03:14.330,11566,11567,11567,1
2020-02-10 15:03:14.726,11566,11567,11567,1
2020-02-10 15:03:24.054,11566,11567,11566,25
2020-02-10 15:03:24.330,11566,11567,11566,1
2020-02-10 15:03:30.323,11566,11567,11566,1
2020-02-10 15:03:31.055,11566,11567,11566,2
2020-02-10 15:03:34.462,11566,11567,11566,1
2020-02-10 15:03:41.845,11566,11567,11566,2
2020-02-10 15:03:47.343,11565,11566,11566,1
2020-02-10 15:03:48.715,11565,11566,11565,10
2020-02-10 15:03:49.167,11564,11565,11564,8
2020-02-10 15:03:49.828,11563,11564,11563,2
2020-02-10 15:03:49.828,11563,11564,11563,2
2020-02-10 15:03:49.829,11563,11564,11563,4
2020-02-10 15:03:49.895,11562,11564,11562,6
2020-02-10 15:03:50.110,11562,11563,11562,2
2020-02-10 15:03:50.245,11562,11563,11562,1
2020-02-10 15:03:50.485,11562,11563,11562,1
2020-02-10 15:03:50.591,11562,11563,11563,1
2020-02-10 15:03:55.714,11563,11564,11564,1
2020-02-10 15:03:55.722,11563,11564,11564,1
2020-02-10 15:03:55.723,11563,11564,11564,1
2020-02-10 15:03:55.725,11563,11564,11565,1
2020-02-10 15:03:55.752,11564,11565,11565,1
2020-02-10 15:03:55.768,11564,11565,11565,1
2020-02-10 15:03:55.770,11564,11565,11565,1
2020-02-10 15:03:56.186,11564,11565,11565,1
2020-02-10 15:03:56.186,11564,11565,11566,1
2020-02-10 15:03:56.485,11564,11566,11565,1
2020-02-10 15:03:56.989,11564,11565,11564,1
2020-02-10 15:04:08.354,11563,11564,11564,2
2020-02-10 15:04:09.313,11563,11564,11564,1
2020-02-10 15:04:10.936,11563,11564,11564,5
2020-02-10 15:04:11.349,11563,11564,11564,1
2020-02-10 15:04:13.701,11564,11565,11564,1
2020-02-10 15:04:14.159,11563,11564,11564,2
2020-02-10 15:04:14.221,11563,11564,11564,2
2020-02-10 15:04:16.542,11563,11564,11564,1
2020-02-10 15:04:16.985,11563,11564,11563,9
2020-02-10 15:04:17.109,11563,11564,11563,1
2020-02-10 15:04:17.468,11562,11563,11563,1
2020-02-10 15:04:17.715,11563,11564,11563,1
2020-02-10 15:04:22.592,11562,11563,11562,1
2020-02-10 15:04:23.777,11562,11563,11562,1
2020-02-10 15:04:23.827,11562,11563,11562,1
2020-02-10 15:04:24.151,11562,11563,11563,1
2020-02-10 15:04:25.734,11562,11563,11562,1
2020-02-10 15:04:34.395,11562,11563,11562,1
2020-02-10 15:04:34.980,11562,11563,11563,2
2020-02-10 15:04:35.001,11562,11563,11563,5
2020-02-10 15:04:35.693,11563,11564,11563,3
2020-02-10 15:04:40.656,11564,11565,11564,1
2020-02-10 15:04:41.971,11564,11565,11564,1
2020-02-10 15:04:43.167,11563,11564,11564,4
2020-02-10 15:05:02.366,11563,11564,11563,1
2020-02-10 15:05:02.907,11563,11564,11564,1
2020-02-10 15:05:03.438,11563,11564,11564,1
2020-02-10 15:05:03.473,11563,11564,11563,1
2020-02-10 15:05:03.850,11563,11564,11564,1
2020-02-10 15:05:04.532,11563,11564,11563,1
2020-02-10 15:05:06.734,11563,11564,11563,1
2020-02-10 15:05:16.975,11564,11565,11564,2
2020-02-10 15:05:20.699,11564,11565,11564,1
2020-02-10 15:05:21.859,11564,11565,11564,3
2020-02-10 15:05:22.003,11564,11565,11564,1
2020-02-10 15:05:22.599,11563,11564,11564,2
2020-02-10 15:05:22.955,11563,11564,11563,1
2020-02-10 15:05:24.687,11563,11564,11564,1
2020-02-10 15:05:26.905,11563,11564,11563,1
2020-02-10 15:05:28.485,11563,11564,11563,4
2020-02-10 15:05:28.808,11562,11563,11562,1
2020-02-10 15:05:28.820,11562,11563,11562,1
2020-02-10 15:05:28.936,11562,11563,11563,1
2020-02-10 15:05:29.217,11562,11563,11562,1
2020-02-10 15:05:29.501,11562,11563,11563,5
2020-02-10 15:05:31.668,11562,11563,11562,1
2020-02-10 15:05:35.115,11562,11563,11562,3
2020-02-10 15:05:35.115,11562,11563,11561,2
2020-02-10 15:05:35.278,11561,11563,11561,1
2020-02-10 15:05:35.378,11561,11563,11561,1
2020-02-10 15:05:38.994,11561,11562,11561,3
2020-02-10 15:05:38.998,11561,11562,11561,4
2020-02-10 15:05:38.998,11561,11562,11561,5
2020-02-10 15:05:38.999,11561,11562,11561,19
2020-02-10 15:05:38.999,11561,11562,11561,1
2020-02-10 15:05:39.966,11560,11561,11560,3
2020-02-10 15:05:40.020,11560,11561,11560,1
2020-02-10 15:05:40.099,11560,11561,11560,1
2020-02-10 15:05:40.235,11560,11561,11560,1
2020-02-10 15:05:40.235,11560,11561,11560,4
2020-02-10 15:05:40.235,11560,11561,11560,1
2020-02-10 15:05:40.235,11560,11561,11560,2
2020-02-10 15:05:40.360,11560,11561,11560,13
2020-02-10 15:05:40.596,11559,11560,11559,2
2020-02-10 15:05:45.046,11558,11559,11558,1
2020-02-10 15:05:45.380,11558,11559,11558,1
2020-02-10 15:05:45.461,11558,11559,11558,2
2020-02-10 15:05:45.860,11558,11559,11559,1
2020-02-10 15:05:46.998,11559,11560,11559,1
2020-02-10 15:05:46.998,11559,11560,11558,4
2020-02-10 15:05:47.610,11559,11560,11559,1
2020-02-10 15:05:47.910,11559,11560,11559,1
2020-02-10 15:05:48.213,11559,11560,11559,1
2020-02-10 15:05:48.549,11558,11559,11558,3
2020-02-10 15:05:48.805,11558,11559,11559,1
2020-02-10 15:05:49.713,11559,11560,11560,1
2020-02-10 15:05:50.313,11559,11560,11560,1
2020-02-10 15:05:50.931,11559,11560,11559,1
2020-02-10 15:05:54.108,11559,11560,11559,5
2020-02-10 15:05:57.513,11559,11560,11559,1
2020-02-10 15:05:57.593,11559,11560,11559,2
2020-02-10 15:06:00.062,11559,11560,11560,1
2020-02-10 15:06:00.068,11559,11560,11560,1
2020-02-10 15:06:01.360,11559,11560,11560,3
2020-02-10 15:06:02.572,11560,11561,11560,5
2020-02-10 15:06:08.335,11560,11561,11560,1
2020-02-10 15:06:08.387,11560,11561,11560,7
2020-02-10 15:06:08.387,11560,11561,11559,3
2020-02-10 15:06:08.399,11560,11561,11560,1
2020-02-10 15:06:08.399,11560,11561,11559,12
2020-02-10 15:06:08.848,11559,11560,11560,7
2020-02-10 15:06:08.860,11560,11561,11560,3
2020-02-10 15:06:11.921,11559,11561,11559,1
2020-02-10 15:06:13.324,11559,11560,11560,7
2020-02-10 15:06:13.360,11560,11561,11560,2
2020-02-10 15:06:14.581,11559,11560,11560,2
2020-02-10 15:06:15.235,11560,11561,11560,3
2020-02-10 15:06:16.606,11559,11560,11559,1
2020-02-10 15:06:16.650,11559,11560,11559,5
2020-02-10 15:06:17.737,11559,11560,11560,3
2020-02-10 15:06:21.735,11559,11560,11560,6
2020-02-10 15:06:22.710,11560,11561,11561,1
2020-02-10 15:06:25.200,11559,11560,11560,1
2020-02-10 15:06:25.688,11559,11560,11559,5
2020-02-10 15:06:29.149,11559,11560,11560,1
2020-02-10 15:06:29.290,11559,11560,11560,1
2020-02-10 15:06:34.538,11559,11560,11560,10
2020-02-10 15:06:37.434,11559,11560,11560,1
2020-02-10 15:06:38.010,11559,11560,11559,5
2020-02-10 15:06:38.509,11559,11560,11559,7
2020-02-10 15:06:38.714,11558,11559,11558,2
2020-02-10 15:06:39.487,11558,11559,11559,1
2020-02-10 15:06:43.664,11558,11559,11558,1
2020-02-10 15:06:45.512,11558,11559,11558,2
2020-02-10 15:06:46.388,11558,11559,11558,1
2020-02-10 15:06:47.113,11558,11559,11558,3
2020-02-10 15:06:49.387,11557,11558,11557,5
2020-02-10 15:06:50.393,11556,11557,11556,1
2020-02-10 15:06:50.503,11556,11557,11557,7
2020-02-10 15:06:50.509,11556,11557,11557,3
2020-02-10 15:06:50.632,11556,11557,11556,2
2020-02-10 15:06:51.477,11556,11557,11557,3
2020-02-10 15:06:52.857,11556,11558,11556,1
2020-02-10 15:06:53.131,11556,11558,11558,1
2020-02-10 15:07:05.827,11557,11558,11557,1
2020-02-10 15:07:05.961,11557,11558,11557,1
2020-02-10 15:07:06.339,11557,11558,11558,1
2020-02-10 15:07:07.891,11557,11558,11557,1
2020-02-10 15:07:11.454,11557,11558,11558,1
2020-02-10 15:07:11.950,11557,11558,11558,1
2020-02-10 15:07:11.984,11557,11558,11558,1
2020-02-10 15:07:11.985,11557,11558,11558,11
2020-02-10 15:07:13.542,11558,11559,11559,1
2020-02-10 15:07:13.839,11558,11559,11559,2
2020-02-10 15:07:15.391,11558,11559,11559,1
2020-02-10 15:07:18.547,11559,11560,11560,2
2020-02-10 15:07:20.136,11559,11560,11559,1
2020-02-10 15:07:25.145,11559,11560,11559,1
2020-02-10 15:07:26.971,11559,11560,11559,1
2020-02-10 15:07:27.630,11559,11560,11559,4
2020-02-10 15:07:32.432,11558,11559,11559,2
2020-02-10 15:07:32.680,11558,11559,11559,1
2020-02-10 15:07:33.203,11558,11559,11559,1
2020-02-10 15:07:33.203,11558,11559,11559,1
2020-02-10 15:07:33.203,11558,11559,11559,1
2020-02-10 15:07:33.203,11558,11559,11559,1
2020-02-10 15:07:33.203,11558,11559,11559,1
2020-02-10 15:07:33.203,11558,11559,11559,1
2020-02-10 15:07:33.203,11558,11559,11559,1
2020-02-10 15:07:39.169,11559,11560,11559,1
2020-02-10 15:07:40.229,11559,11560,11559,1
2020-02-10 15:07:50.067,11559,11560,11559,1
2020-02-10 15:07:50.450,11559,11560,11559,1
2020-02-10 15:07:52.670,11558,11559,11558,1
2020-02-10 15:07:52.840,11558,11559,11559,1
2020-02-10 15:07:56.993,11558,11559,11558,1
2020-02-10 15:08:00.819,11558,11559,11558,1
2020-02-10 15:08:00.819,11558,11559,11558,2
2020-02-10 15:08:00.819,11558,11559,11558,1
2020-02-10 15:08:00.967,11557,11558,11558,1
2020-02-10 15:08:01.536,11557,11558,11558,2
2020-02-10 15:08:02.307,11557,11558,11557,4
2020-02-10 15:08:02.307,11557,11558,11556,21
2020-02-10 15:08:02.937,11556,11557,11557,1
2020-02-10 15:08:08.673,11556,11557,11557,1
2020-02-10 15:08:08.675,11556,11557,11557,6
2020-02-10 15:08:15.901,11557,11558,11557,1
2020-02-10 15:08:16.414,11557,11558,11557,3
2020-02-10 15:08:18.816,11556,11557,11557,1
2020-02-10 15:08:26.722,11557,11558,11557,1
2020-02-10 15:08:28.286,11557,11558,11557,2
2020-02-10 15:08:29.140,11557,11558,11557,1
2020-02-10 15:08:29.775,11557,11558,11557,1
2020-02-10 15:08:34.306,11557,11558,11557,1
2020-02-10 15:08:34.431,11557,11558,11557,1
2020-02-10 15:08:37.854,11557,11558,11557,1
2020-02-10 15:08:39.409,11557,11558,11557,1
2020-02-10 15:08:41.421,11557,11558,11557,2
2020-02-10 15:08:45.431,11557,11558,11557,4
2020-02-10 15:08:46.356,11557,11558,11557,4
2020-02-10 15:08:46.356,11557,11558,11556,16
2020-02-10 15:08:47.168,11556,11557,11556,1
2020-02-10 15:08:48.109,11556,11557,11557,5
2020-02-10 15:08:48.900,11557,11558,11557,1
2020-02-10 15:08:49.072,11557,11558,11557,1
2020-02-10 15:08:52.070,11557,11558,11557,1
2020-02-10 15:08:54.061,11557,11558,11557,1
2020-02-10 15:09:02.374,11557,11558,11558,23
2020-02-10 15:09:05.572,11558,11559,11559,1
2020-02-10 15:09:10.012,11558,11559,11559,1
2020-02-10 15:09:15.516,11559,11560,11559,1
2020-02-10 15:09:16.734,11558,11559,11559,1
2020-02-10 15:09:25.123,11558,11559,11559,1
2020-02-10 15:09:29.235,11558,11559,11559,1
2020-02-10 15:09:33.384,11558,11559,11559,1
2020-02-10 15:09:35.224,11558,11559,11559,1
2020-02-10 15:09:37.164,11558,11559,11559,2
2020-02-10 15:09:43.049,11558,11559,11559,2
2020-02-10 15:09:46.207,11559,11560,11560,1
2020-02-10 15:09:46.377,11559,11560,11560,1
2020-02-10 15:09:49.291,11559,11560,11559,1
2020-02-10 15:09:54.216,11559,11560,11559,1
2020-02-10 15:10:10.080,11559,11560,11560,1
2020-02-10 15:10:11.016,11559,11560,11559,2
2020-02-10 15:10:11.236,11559,11560,11560,1
2020-02-10 15:10:11.338,11559,11560,11559,2
2020-02-10 15:10:18.051,11559,11560,11559,1
2020-02-10 15:10:18.051,11559,11560,11559,1
2020-02-10 15:10:18.051,11559,11560,11559,3
2020-02-10 15:10:18.052,11559,11560,11559,2
2020-02-10 15:10:18.052,11559,11560,11559,1
2020-02-10 15:10:18.053,11559,11560,11559,1
2020-02-10 15:10:25.106,11558,11559,11559,1
2020-02-10 15:10:26.821,11558,11559,11558,1
2020-02-10 15:10:34.109,11558,11559,11559,3
2020-02-10 15:10:38.660,11559,11560,11559,1
2020-02-10 15:10:42.389,11559,11560,11559,2
2020-02-10 15:10:44.835,11559,11560,11559,2
2020-02-10 15:10:49.859,11559,11560,11559,4
2020-02-10 15:10:54.145,11558,11559,11558,1
2020-02-10 15:10:54.936,11558,11559,11559,1
2020-02-10 15:11:03.178,11558,11559,11559,3
2020-02-10 15:11:11.593,11558,11559,11559,2
2020-02-10 15:11:12.465,11558,11559,11559,1
2020-02-10 15:11:27.031,11559,11560,11559,1
2020-02-10 15:11:27.031,11559,11560,11559,1
2020-02-10 15:11:27.031,11559,11560,11559,2
2020-02-10 15:11:27.031,11559,11560,11559,1
2020-02-10 15:11:27.031,11559,11560,11559,1
2020-02-10 15:11:37.779,11558,11559,11559,1
2020-02-10 15:11:40.836,11558,11559,11558,1
2020-02-10 15:11:45.769,11558,11559,11558,1
2020-02-10 15:11:51.193,11558,11559,11558,5
2020-02-10 15:11:51.195,11558,11559,11558,1
2020-02-10 15:11:51.196,11558,11559,11558,1
2020-02-10 15:11:51.196,11558,11559,11558,2
2020-02-10 15:11:51.196,11558,11559,11558,2
2020-02-10 15:11:51.196,11558,11559,11558,1
2020-02-10 15:11:51.593,11557,11558,11558,2
2020-02-10 15:11:52.198,11557,11558,11557,2
2020-02-10 15:11:59.642,11557,11558,11557,1
2020-02-10 15:12:00.856,11557,11558,11557,3
2020-02-10 15:12:00.859,11557,11558,11557,2
2020-02-10 15:12:04.470,11556,11557,11557,1
2020-02-10 15:12:05.157,11556,11557,11557,1
2020-02-10 15:12:06.693,11556,11557,11557,1
2020-02-10 15:12:08.121,11556,11557,11556,1
2020-02-10 15:12:16.065,11556,11557,11556,1
2020-02-10 15:12:16.109,11556,11557,11556,2
2020-02-10 15:12:21.682,11555,11556,11556,1
2020-02-10 15:12:22.163,11555,11556,11556,1
2020-02-10 15:12:22.837,11555,11556,11556,3
2020-02-10 15:12:22.912,11555,11557,11555,1
2020-02-10 15:12:23.031,11555,11557,11555,1
2020-02-10 15:12:28.804,11555,11556,11555,1
2020-02-10 15:12:29.468,11555,11556,11556,2
2020-02-10 15:12:29.609,11555,11556,11555,1
2020-02-10 15:12:29.619,11555,11556,11555,1
2020-02-10 15:12:29.735,11555,11556,11555,4
2020-02-10 15:12:29.859,11555,11556,11555,6
2020-02-10 15:12:29.859,11555,11556,11555,2
2020-02-10 15:12:29.984,11555,11556,11555,1
2020-02-10 15:12:29.984,11555,11556,11555,6
2020-02-10 15:12:29.984,11555,11556,11555,2
2020-02-10 15:12:29.985,11555,11556,11555,1
2020-02-10 15:12:29.985,11555,11556,11555,5
2020-02-10 15:12:30.383,11554,11555,11555,2
2020-02-10 15:12:30.720,11554,11555,11555,1
2020-02-10 15:12:35.708,11554,11555,11554,3
2020-02-10 15:12:40.924,11554,11555,11554,2
2020-02-10 15:12:42.691,11554,11555,11554,1
2020-02-10 15:12:43.361,11554,11555,11554,1
2020-02-10 15:12:43.870,11554,11555,11554,2
2020-02-10 15:12:44.608,11554,11555,11554,1
2020-02-10 15:12:47.986,11554,11555,11554,1
2020-02-10 15:12:48.180,11554,11555,11554,1
2020-02-10 15:12:50.239,11554,11555,11555,1
2020-02-10 15:12:51.206,11554,11555,11554,1
2020-02-10 15:12:53.336,11554,11555,11554,5
2020-02-10 15:12:53.380,11554,11555,11554,5
2020-02-10 15:12:53.903,11554,11555,11554,1
2020-02-10 15:12:53.984,11554,11555,11554,2
2020-02-10 15:12:55.223,11553,11554,11553,1
2020-02-10 15:12:55.376,11553,11554,11553,1
2020-02-10 15:12:57.413,11553,11554,11553,1
2020-02-10 15:12:57.484,11553,11554,11553,3
2020-02-10 15:13:00.443,11552,11553,11552,8
2020-02-10 15:13:00.444,11552,11553,11552,9
2020-02-10 15:13:00.618,11551,11552,11552,1
2020-02-10 15:13:02.015,11551,11552,11551,1
2020-02-10 15:13:02.985,11551,11552,11552,4
2020-02-10 15:13:04.296,11552,11553,11552,1
2020-02-10 15:13:04.380,11552,11553,11552,1
2020-02-10 15:13:05.359,11551,11553,11551,18
2020-02-10 15:13:05.359,11550,11551,11551,1
2020-02-10 15:13:05.359,11550,11551,11551,1
2020-02-10 15:13:05.360,11550,11551,11551,5
2020-02-10 15:13:05.388,11550,11551,11550,1
2020-02-10 15:13:05.485,11550,11552,11551,1
2020-02-10 15:13:05.485,11550,11552,11551,1
2020-02-10 15:13:05.485,11550,11552,11551,3
2020-02-10 15:13:05.610,11550,11552,11551,1
2020-02-10 15:13:06.484,11550,11552,11550,1
2020-02-10 15:13:06.986,11550,11551,11551,2
2020-02-10 15:13:07.110,11550,11551,11551,1
2020-02-10 15:13:07.323,11550,11552,11550,1
2020-02-10 15:13:09.972,11550,11551,11550,4
2020-02-10 15:13:11.744,11550,11551,11551,1
2020-02-10 15:13:12.507,11550,11551,11550,1
2020-02-10 15:13:12.753,11550,11551,11551,1
2020-02-10 15:13:12.854,11550,11551,11550,1
2020-02-10 15:13:14.370,11550,11551,11550,1
2020-02-10 15:13:14.428,11550,11551,11550,1
2020-02-10 15:13:17.344,11550,11551,11551,2
2020-02-10 15:13:17.759,11550,11551,11550,1
2020-02-10 15:13:19.072,11550,11551,11551,1
2020-02-10 15:13:20.017,11550,11551,11551,4
2020-02-10 15:13:20.641,11551,11552,11551,1
2020-02-10 15:13:21.217,11551,11552,11551,1
2020-02-10 15:13:21.226,11551,11552,11552,2
2020-02-10 15:13:21.240,11551,11552,11551,1
2020-02-10 15:13:22.910,11551,11552,11551,1
2020-02-10 15:13:23.216,11551,11552,11552,2
2020-02-10 15:13:28.915,11552,11553,11552,3
2020-02-10 15:13:31.985,11552,11553,11552,1
2020-02-10 15:13:38.592,11552,11553,11552,1
2020-02-10 15:13:38.676,11552,11553,11552,1
2020-02-10 15:13:38.817,11552,11553,11552,1
2020-02-10 15:13:43.332,11552,11553,11552,6
2020-02-10 15:13:45.810,11551,11552,11551,1
2020-02-10 15:13:50.142,11551,11552,11551,1
2020-02-10 15:13:51.774,11551,11552,11551,1
2020-02-10 15:13:55.755,11551,11552,11552,1
2020-02-10 15:13:55.906,11551,11552,11551,2
2020-02-10 15:13:56.105,11551,11552,11551,1
2020-02-10 15:13:57.863,11551,11552,11552,1
2020-02-10 15:13:59.214,11551,11552,11551,1
2020-02-10 15:13:59.366,11551,11552,11552,2
2020-02-10 15:14:04.824,11551,11552,11552,1
2020-02-10 15:14:04.943,11551,11552,11551,2
2020-02-10 15:14:09.963,11551,11552,11551,1
2020-02-10 15:14:13.234,11551,11552,11552,12
2020-02-10 15:14:18.403,11552,11553,11552,1
2020-02-10 15:14:24.609,11552,11553,11552,1
2020-02-10 15:14:32.188,11552,11553,11552,1
2020-02-10 15:14:35.649,11552,11553,11553,1
2020-02-10 15:14:37.161,11552,11553,11553,1
2020-02-10 15:14:40.800,11552,11553,11553,1
2020-02-10 15:14:40.970,11552,11553,11553,1
2020-02-10 15:14:42.305,11552,11553,11553,2
2020-02-10 15:14:42.305,11552,11553,11553,1
2020-02-10 15:14:42.305,11552,11553,11553,1
2020-02-10 15:14:51.350,11553,11554,11553,1
2020-02-10 15:14:58.591,11553,11554,11554,1
2020-02-10 15:15:01.172,11553,11554,11554,2
2020-02-10 15:15:01.686,11553,11554,11553,1
2020-02-10 15:15:02.376,11553,11554,11554,3
2020-02-10 15:15:15.596,11553,11554,11554,3
2020-02-10 15:15:15.974,11553,11554,11554,1
2020-02-10 15:15:19.320,11554,11555,11554,7
2020-02-10 15:15:19.466,11553,11554,11554,1
2020-02-10 15:15:19.609,11553,11554,11554,2
2020-02-10 15:15:20.373,11553,11554,11554,5
2020-02-10 15:15:20.846,11554,11555,11555,14
2020-02-10 15:15:20.930,11554,11556,11555,1
2020-02-10 15:15:23.296,11555,11556,11556,1
2020-02-10 15:15:24.724,11555,11556,11555,2
2020-02-10 15:15:24.724,11555,11556,11554,18
2020-02-10 15:15:24.735,11554,11555,11554,1
2020-02-10 15:15:24.914,11554,11555,11555,1
2020-02-10 15:15:27.786,11553,11555,11555,1
2020-02-10 15:15:28.824,11554,11555,11554,1
2020-02-10 15:15:34.954,11553,11554,11554,1
2020-02-10 15:15:36.615,11554,11555,11554,1
2020-02-10 15:15:39.414,11553,11554,11554,1
2020-02-10 15:15:44.531,11553,11554,11553,1
2020-02-10 15:15:46.526,11553,11554,11553,1
2020-02-10 15:15:51.355,11553,11554,11553,1
2020-02-10 15:15:53.860,11552,11553,11553,1
2020-02-10 15:15:55.419,11552,11553,11553,1
2020-02-10 15:15:56.283,11552,11553,11552,4
2020-02-10 15:15:58.322,11552,11553,11552,1
2020-02-10 15:15:59.362,11552,11553,11552,1
2020-02-10 15:16:05.609,11552,11553,11553,3
2020-02-10 15:16:07.215,11552,11554,11552,1
2020-02-10 15:16:14.249,11553,11554,11553,1
2020-02-10 15:16:14.249,11553,11554,11552,3
2020-02-10 15:16:27.232,11552,11553,11552,4
2020-02-10 15:16:28.661,11552,11553,11552,1
2020-02-10 15:16:30.777,11552,11553,11552,2
2020-02-10 15:16:33.705,11552,11553,11552,3
2020-02-10 15:16:33.972,11552,11553,11552,3
2020-02-10 15:16:36.610,11551,11552,11552,6
2020-02-10 15:16:36.610,11551,11552,11552,6
2020-02-10 15:16:36.610,11551,11552,11552,1
2020-02-10 15:16:36.735,11551,11552,11552,3
2020-02-10 15:16:36.735,11551,11552,11552,2
2020-02-10 15:16:36.735,11551,11552,11552,1
2020-02-10 15:16:36.735,11551,11552,11552,3
2020-02-10 15:16:36.735,11551,11552,11552,2
2020-02-10 15:16:37.833,11552,11553,11553,1
2020-02-10 15:16:58.574,11552,11553,11552,1
2020-02-10 15:16:58.574,11552,11553,11552,2
2020-02-10 15:16:58.576,11552,11553,11552,2
2020-02-10 15:16:58.731,11551,11553,11551,2
2020-02-10 15:16:58.738,11551,11552,11551,4
2020-02-10 15:16:59.016,11551,11552,11552,1
2020-02-10 15:17:05.149,11551,11552,11552,1
2020-02-10 15:17:07.182,11551,11553,11553,1
2020-02-10 15:17:10.913,11552,11553,11552,1
2020-02-10 15:17:22.672,11552,11553,11552,2
2020-02-10 15:17:22.672,11552,11553,11551,2
2020-02-10 15:17:30.539,11552,11553,11552,1
2020-02-10 15:17:34.707,11552,11553,11552,1
2020-02-10 15:17:39.280,11552,11553,11552,1
2020-02-10 15:17:44.390,11552,11553,11553,1
2020-02-10 15:17:45.106,11552,11553,11553,11
2020-02-10 15:17:45.109,11552,11553,11553,24
2020-02-10 15:17:45.360,11553,11554,11554,1
2020-02-10 15:17:47.684,11553,11554,11554,1
2020-02-10 15:17:49.096,11553,11554,11553,9
2020-02-10 15:17:51.503,11552,11553,11553,1
2020-02-10 15:17:58.533,11552,11553,11553,1
2020-02-10 15:18:00.610,11552,11553,11553,1
2020-02-10 15:18:01.081,11552,11553,11553,1
2020-02-10 15:18:02.737,11552,11553,11553,1
2020-02-10 15:18:02.887,11552,11553,11553,1
2020-02-10 15:18:07.174,11552,11553,11553,1
2020-02-10 15:18:08.359,11552,11553,11552,7
2020-02-10 15:18:13.016,11551,11552,11552,1
2020-02-10 15:18:14.599,11551,11552,11552,1
2020-02-10 15:18:16.109,11552,11553,11552,1
2020-02-10 15:18:21.597,11551,11552,11552,2
2020-02-10 15:18:22.744,11551,11552,11552,1
2020-02-10 15:18:23.661,11552,11553,11552,1
2020-02-10 15:18:23.734,11552,11553,11552,1
2020-02-10 15:18:36.690,11552,11553,11552,5
2020-02-10 15:18:36.690,11552,11553,11551,7
2020-02-10 15:18:50.177,11552,11553,11552,2
2020-02-10 15:18:54.694,11551,11553,11551,2
2020-02-10 15:18:59.893,11552,11553,11552,1
2020-02-10 15:19:04.468,11552,11553,11552,1
2020-02-10 15:19:08.116,11552,11553,11553,1
2020-02-10 15:19:15.520,11552,11553,11553,1
2020-02-10 15:19:15.991,11552,11553,11553,3
2020-02-10 15:19:17.802,11552,11553,11552,1
2020-02-10 15:19:19.113,11552,11553,11553,1
2020-02-10 15:19:19.383,11552,11553,11553,5
2020-02-10 15:19:19.609,11552,11553,11553,1
2020-02-10 15:19:24.818,11553,11554,11553,2
2020-02-10 15:19:25.116,11552,11553,11553,1
2020-02-10 15:19:26.999,11552,11553,11552,2
2020-02-10 15:19:27.822,11552,11553,11552,2
2020-02-10 15:19:30.008,11552,11553,11552,1
2020-02-10 15:19:32.910,11552,11553,11552,2
2020-02-10 15:19:37.495,11551,11552,11551,4
2020-02-10 15:19:38.465,11551,11552,11551,1
2020-02-10 15:19:38.543,11551,11552,11551,7
2020-02-10 15:19:39.285,11550,11551,11551,1
2020-02-10 15:19:39.333,11550,11551,11550,1
2020-02-10 15:19:39.971,11550,11552,11550,1
2020-02-10 15:19:40.185,11551,11552,11551,1
2020-02-10 15:19:40.558,11550,11551,11550,1
2020-02-10 15:19:41.198,11550,11551,11550,1
2020-02-10 15:19:44.885,11550,11551,11551,1
2020-02-10 15:19:49.498,11550,11551,11551,5
2020-02-10 15:19:50.652,11550,11551,11550,2
2020-02-10 15:19:55.830,11550,11551,11550,1
2020-02-10 15:20:00.118,11550,11551,11551,1
2020-02-10 15:20:01.005,11550,11551,11551,1
2020-02-10 15:20:02.359,11550,11551,11551,1
2020-02-10 15:20:02.719,11550,11552,11550,2
2020-02-10 15:20:03.213,11550,11552,11552,1
2020-02-10 15:20:03.859,11551,11552,11551,1
2020-02-10 15:20:06.333,11550,11552,11550,1
2020-02-10 15:20:06.359,11551,11552,11551,1
2020-02-10 15:20:06.609,11551,11552,11551,1
2020-02-10 15:20:09.978,11550,11552,11550,1
2020-02-10 15:20:11.984,11551,11552,11551,2
2020-02-10 15:20:12.838,11550,11551,11550,1
2020-02-10 15:20:16.455,11550,11551,11550,1
2020-02-10 15:20:18.589,11550,11551,11550,4
2020-02-10 15:20:18.857,11550,11551,11551,1
2020-02-10 15:20:19.009,11550,11552,11551,1
2020-02-10 15:20:19.734,11550,11551,11551,2
2020-02-10 15:20:19.800,11550,11551,11552,1
2020-02-10 15:20:20.489,11551,11553,11551,1
2020-02-10 15:20:20.544,11551,11553,11553,1
2020-02-10 15:20:22.890,11551,11553,11553,4
2020-02-10 15:20:22.943,11551,11553,11552,1
2020-02-10 15:20:22.943,11551,11553,11551,5
2020-02-10 15:20:24.410,11551,11552,11551,1
2020-02-10 15:20:24.905,11551,11552,11552,1
2020-02-10 15:20:25.450,11551,11552,11551,1
2020-02-10 15:20:27.989,11551,11552,11552,1
2020-02-10 15:20:28.881,11551,11553,11553,1
2020-02-10 15:20:29.605,11551,11553,11553,1
2020-02-10 15:20:29.610,11551,11553,11551,1
2020-02-10 15:20:30.747,11551,11552,11552,1
2020-02-10 15:20:30.882,11551,11552,11552,1
2020-02-10 15:20:35.083,11551,11552,11552,1
2020-02-10 15:20:37.966,11551,11552,11551,1
2020-02-10 15:20:39.954,11551,11552,11552,5
2020-02-10 15:20:42.644,11551,11552,11552,1
2020-02-10 15:20:44.220,11552,11553,11552,1
2020-02-10 15:20:52.697,11551,11552,11552,1
2020-02-10 15:20:52.699,11551,11552,11552,1
2020-02-10 15:20:52.699,11551,11552,11552,2
2020-02-10 15:20:52.734,11551,11552,11552,5
2020-02-10 15:20:54.485,11552,11553,11553,2
2020-02-10 15:20:54.485,11552,11553,11554,3
2020-02-10 15:21:01.014,11553,11554,11554,1
2020-02-10 15:21:05.888,11553,11554,11553,4
2020-02-10 15:21:06.218,11553,11554,11554,2
2020-02-10 15:21:06.722,11553,11554,11554,2
2020-02-10 15:21:07.612,11553,11554,11554,1
2020-02-10 15:21:08.698,11553,11554,11554,2
2020-02-10 15:21:09.310,11553,11554,11554,2
2020-02-10 15:21:09.384,11553,11554,11554,1
2020-02-10 15:21:09.742,11553,11554,11554,1
2020-02-10 15:21:15.516,11553,11554,11554,1
2020-02-10 15:21:16.720,11553,11554,11554,2
2020-02-10 15:21:23.588,11553,11554,11554,2
2020-02-10 15:21:26.818,11553,11554,11554,1
2020-02-10 15:21:34.664,11553,11554,11554,1
2020-02-10 15:21:36.316,11553,11554,11554,4
2020-02-10 15:21:36.593,11553,11554,11554,2
2020-02-10 15:21:38.026,11553,11555,11553,1
2020-02-10 15:21:44.466,11553,11554,11554,2
2020-02-10 15:21:46.468,11553,11555,11555,1
2020-02-10 15:21:46.618,11553,11555,11555,1
2020-02-10 15:21:46.853,11553,11555,11553,23
2020-02-10 15:21:46.853,11553,11555,11553,1
2020-02-10 15:21:46.860,11552,11553,11553,2
2020-02-10 15:21:46.860,11552,11553,11553,2
2020-02-10 15:21:49.210,11553,11554,11554,1
2020-02-10 15:21:49.373,11553,11554,11554,1
2020-02-10 15:21:55.455,11553,11554,11554,1
2020-02-10 15:21:57.038,11554,11555,11554,1
2020-02-10 15:22:02.929,11554,11555,11554,1
2020-02-10 15:22:02.929,11554,11555,11553,17
2020-02-10 15:22:02.985,11553,11554,11553,4
2020-02-10 15:22:08.409,11553,11554,11554,4
2020-02-10 15:22:08.410,11553,11554,11554,4
2020-02-10 15:22:08.938,11554,11555,11554,8
2020-02-10 15:22:11.713,11554,11555,11554,6
2020-02-10 15:22:11.969,11554,11555,11554,3
2020-02-10 15:22:13.514,11553,11554,11554,1
2020-02-10 15:22:13.515,11553,11554,11554,5
2020-02-10 15:22:17.636,11554,11555,11555,1
2020-02-10 15:22:18.078,11554,11555,11554,1
2020-02-10 15:22:20.757,11554,11555,11555,15
2020-02-10 15:22:20.783,11554,11555,11555,2
2020-02-10 15:22:20.808,11554,11555,11555,2
2020-02-10 15:22:20.833,11554,11555,11555,2
2020-02-10 15:22:20.859,11554,11555,11555,1
2020-02-10 15:22:23.129,11554,11555,11555,1
2020-02-10 15:22:24.415,11554,11555,11555,8
2020-02-10 15:22:24.447,11554,11555,11554,1
2020-02-10 15:22:26.456,11555,11556,11555,1
2020-02-10 15:22:26.815,11554,11555,11555,1
2020-02-10 15:22:27.177,11554,11555,11555,1
2020-02-10 15:22:29.227,11554,11555,11555,1
2020-02-10 15:22:31.133,11554,11555,11555,1
2020-02-10 15:22:34.221,11554,11555,11555,2
2020-02-10 15:22:37.053,11555,11556,11556,1
2020-02-10 15:22:37.850,11555,11556,11556,5
2020-02-10 15:22:38.148,11555,11556,11556,1
2020-02-10 15:22:41.333,11555,11556,11556,8
2020-02-10 15:22:41.333,11555,11556,11557,12
2020-02-10 15:22:43.260,11556,11557,11556,1
2020-02-10 15:22:46.225,11556,11557,11557,1
2020-02-10 15:22:47.712,11556,11557,11556,1
2020-02-10 15:22:48.830,11556,11557,11557,1
2020-02-10 15:22:50.626,11556,11557,11557,3
2020-02-10 15:22:51.364,11557,11558,11557,1
2020-02-10 15:22:51.376,11557,11558,11558,12
2020-02-10 15:22:51.468,11557,11558,11558,1
2020-02-10 15:22:51.484,11558,11559,11558,1
2020-02-10 15:22:52.772,11558,11559,11559,1
2020-02-10 15:22:53.245,11558,11559,11559,1
2020-02-10 15:22:53.246,11558,11559,11559,4
2020-02-10 15:22:53.252,11558,11559,11559,4
2020-02-10 15:22:53.254,11558,11559,11559,6
2020-02-10 15:22:53.585,11559,11560,11559,1
2020-02-10 15:22:58.975,11559,11560,11560,1
2020-02-10 15:22:59.313,11559,11560,11560,1
2020-02-10 15:22:59.562,11559,11560,11560,2
2020-02-10 15:22:59.961,11559,11560,11560,3
2020-02-10 15:23:01.024,11559,11560,11560,2
2020-02-10 15:23:01.044,11559,11560,11560,2
2020-02-10 15:23:02.051,11559,11560,11560,5
2020-02-10 15:23:05.806,11559,11561,11561,1
2020-02-10 15:23:05.867,11559,11561,11559,4
2020-02-10 15:23:05.868,11559,11561,11559,4
2020-02-10 15:23:05.868,11559,11561,11559,1
2020-02-10 15:23:05.868,11559,11561,11558,4
2020-02-10 15:23:05.868,11559,11561,11558,4
2020-02-10 15:23:05.869,11559,11561,11558,1
2020-02-10 15:23:05.870,11559,11561,11558,12
2020-02-10 15:23:05.870,11559,11561,11558,1
2020-02-10 15:23:05.880,11559,11561,11558,4
2020-02-10 15:23:05.880,11559,11561,11558,4
2020-02-10 15:23:05.881,11559,11561,11558,1
2020-02-10 15:23:05.882,11559,11561,11558,1
2020-02-10 15:23:05.882,11559,11561,11558,4
2020-02-10 15:23:05.882,11559,11561,11558,1
2020-02-10 15:23:05.882,11559,11561,11558,6
2020-02-10 15:23:05.883,11559,11561,11558,4
2020-02-10 15:23:05.883,11559,11561,11558,2
2020-02-10 15:23:05.884,11559,11561,11557,1
2020-02-10 15:23:05.884,11559,11561,11557,4
2020-02-10 15:23:05.885,11559,11561,11557,1
2020-02-10 15:23:05.893,11559,11561,11557,1
2020-02-10 15:23:06.036,11557,11559,11557,2
2020-02-10 15:23:06.059,11557,11559,11557,3
2020-02-10 15:23:06.236,11557,11558,11557,1
2020-02-10 15:23:06.360,11556,11557,11557,1
2020-02-10 15:23:06.610,11556,11557,11557,2
2020-02-10 15:23:06.674,11556,11557,11558,1
2020-02-10 15:23:07.749,11556,11558,11558,1
2020-02-10 15:23:08.049,11556,11558,11558,1
2020-02-10 15:23:08.410,11556,11558,11558,1
2020-02-10 15:23:09.914,11556,11558,11558,1
2020-02-10 15:23:10.859,11557,11558,11558,1
2020-02-10 15:23:12.872,11558,11559,11559,1
2020-02-10 15:23:14.360,11558,11559,11559,1
2020-02-10 15:23:14.360,11558,11559,11559,3
2020-02-10 15:23:14.406,11558,11559,11559,1
2020-02-10 15:23:14.411,11558,11559,11559,1
2020-02-10 15:23:14.440,11558,11559,11560,5
2020-02-10 15:23:14.768,11559,11560,11560,2
2020-02-10 15:23:16.405,11559,11561,11559,2
2020-02-10 15:23:16.579,11559,11561,11561,1
2020-02-10 15:23:17.051,11559,11561,11559,1
2020-02-10 15:23:19.758,11559,11560,11559,4
2020-02-10 15:23:20.255,11559,11560,11559,1
2020-02-10 15:23:21.500,11559,11560,11560,1
2020-02-10 15:23:21.723,11559,11561,11559,1
2020-02-10 15:23:22.061,11559,11560,11559,6
2020-02-10 15:23:22.712,11559,11560,11559,4
2020-02-10 15:23:24.734,11559,11560,11559,1
2020-02-10 15:23:24.767,11559,11560,11559,1
2020-02-10 15:23:26.837,11559,11560,11560,1
2020-02-10 15:23:27.755,11559,11560,11559,1
2020-02-10 15:23:30.598,11559,11560,11560,1
2020-02-10 15:23:31.069,11559,11560,11559,1
2020-02-10 15:23:32.447,11558,11559,11559,1
2020-02-10 15:23:33.620,11558,11559,11559,2
2020-02-10 15:23:33.620,11558,11559,11560,2
2020-02-10 15:23:34.306,11559,11560,11559,2
2020-02-10 15:23:34.379,11559,11560,11558,5
2020-02-10 15:23:34.919,11558,11560,11560,1
2020-02-10 15:23:35.063,11558,11560,11560,5
2020-02-10 15:23:37.750,11558,11560,11560,2
2020-02-10 15:23:41.001,11558,11560,11560,1
2020-02-10 15:23:41.430,11558,11560,11560,2
2020-02-10 15:23:42.212,11559,11560,11560,1
2020-02-10 15:23:44.970,11559,11560,11560,1
2020-02-10 15:23:47.818,11559,11560,11560,1
2020-02-10 15:23:51.485,11559,11560,11559,1
2020-02-10 15:24:02.812,11559,11560,11560,2
2020-02-10 15:24:02.859,11559,11560,11560,2
2020-02-10 15:24:12.722,11560,11561,11561,1
2020-02-10 15:24:13.532,11560,11561,11561,2
2020-02-10 15:24:13.616,11560,11561,11561,1
2020-02-10 15:24:13.617,11560,11561,11561,1
2020-02-10 15:24:13.617,11560,11561,11561,1
2020-02-10 15:24:13.617,11560,11561,11561,1
2020-02-10 15:24:13.618,11560,11561,11561,2
2020-02-10 15:24:13.618,11560,11561,11561,1
2020-02-10 15:24:13.620,11560,11561,11561,1
2020-02-10 15:24:13.621,11560,11561,11561,1
2020-02-10 15:24:13.621,11560,11561,11561,1
2020-02-10 15:24:13.622,11560,11561,11561,1
2020-02-10 15:24:18.218,11560,11561,11560,1
2020-02-10 15:24:19.414,11560,11561,11561,1
2020-02-10 15:24:27.152,11560,11561,11561,1
2020-02-10 15:24:28.366,11560,11561,11560,4
2020-02-10 15:24:29.907,11560,11561,11560,4
2020-02-10 15:24:35.529,11560,11561,11560,1
2020-02-10 15:24:37.028,11560,11561,11560,2
2020-02-10 15:24:38.734,11560,11561,11560,10
2020-02-10 15:24:38.734,11560,11561,11560,1
2020-02-10 15:24:39.819,11559,11560,11560,1
2020-02-10 15:24:42.524,11559,11560,11560,1
2020-02-10 15:24:42.646,11559,11560,11559,2
2020-02-10 15:24:43.859,11559,11560,11559,2
2020-02-10 15:24:43.984,11559,11560,11559,1
2020-02-10 15:24:49.878,11559,11560,11559,1
2020-02-10 15:24:51.430,11558,11559,11559,1
2020-02-10 15:25:01.717,11558,11559,11559,2
2020-02-10 15:25:02.234,11558,11559,11559,1
2020-02-10 15:25:02.369,11558,11559,11559,2
2020-02-10 15:25:05.359,11558,11559,11559,1
2020-02-10 15:25:05.395,11558,11559,11559,3
2020-02-10 15:25:09.734,11558,11559,11559,1
2020-02-10 15:25:09.859,11558,11559,11559,1
2020-02-10 15:25:14.886,11558,11560,11560,1
2020-02-10 15:25:25.854,11559,11560,11559,1
2020-02-10 15:25:32.908,11559,11560,11559,1
2020-02-10 15:25:37.349,11559,11560,11559,1
2020-02-10 15:25:40.181,11559,11560,11559,2
2020-02-10 15:25:45.909,11559,11560,11560,1
2020-02-10 15:25:46.108,11559,11560,11560,1
2020-02-10 15:25:48.370,11559,11560,11559,3
2020-02-10 15:25:48.370,11559,11560,11559,1
2020-02-10 15:25:48.470,11559,11560,11559,1
2020-02-10 15:25:52.407,11558,11559,11559,1
2020-02-10 15:25:57.577,11558,11559,11559,1
2020-02-10 15:25:58.014,11558,11559,11559,1
2020-02-10 15:26:22.065,11558,11559,11559,1
2020-02-10 15:26:36.886,11558,11559,11558,6
2020-02-10 15:26:36.984,11558,11559,11558,11
2020-02-10 15:26:36.984,11558,11559,11558,1
2020-02-10 15:26:36.984,11558,11559,11558,2
2020-02-10 15:26:37.010,11558,11559,11558,1
2020-02-10 15:26:37.110,11558,11559,11558,2
2020-02-10 15:26:37.135,11558,11559,11558,2
2020-02-10 15:26:37.160,11558,11559,11558,2
2020-02-10 15:26:37.235,11558,11559,11558,2
2020-02-10 15:26:37.260,11558,11559,11558,2
2020-02-10 15:27:01.085,11557,11558,11557,1
2020-02-10 15:27:02.529,11557,11558,11558,11
2020-02-10 15:27:02.568,11557,11558,11558,2
2020-02-10 15:27:03.527,11558,11559,11559,6
2020-02-10 15:27:13.783,11558,11559,11559,1
2020-02-10 15:27:13.802,11558,11559,11559,1
2020-02-10 15:27:14.801,11558,11560,11560,2
2020-02-10 15:27:23.868,11558,11560,11560,3
2020-02-10 15:27:32.097,11558,11560,11560,1
2020-02-10 15:27:41.724,11558,11559,11559,1
2020-02-10 15:27:59.532,11559,11560,11559,2
2020-02-10 15:28:02.982,11559,11560,11559,2
2020-02-10 15:28:06.924,11559,11560,11559,1
2020-02-10 15:28:14.791,11559,11560,11559,1
2020-02-10 15:28:24.734,11558,11559,11559,1
2020-02-10 15:28:27.734,11558,11559,11559,1
2020-02-10 15:29:04.499,11558,11559,11558,1
2020-02-10 15:29:08.912,11558,11559,11558,2
2020-02-10 15:29:09.345,11558,11559,11558,1
2020-02-10 15:29:09.680,11558,11559,11558,1
2020-02-10 15:29:12.264,11557,11558,11557,1
2020-02-10 15:29:12.449,11557,11558,11558,1
2020-02-10 15:29:16.689,11557,11558,11557,5
2020-02-10 15:29:22.739,11557,11558,11557,1
2020-02-10 15:29:27.933,11557,11558,11557,1
2020-02-10 15:29:29.354,11557,11558,11558,1
2020-02-10 15:29:30.641,11557,11558,11558,1
2020-02-10 15:29:31.123,11558,11559,11559,11
2020-02-10 15:29:48.810,11559,11560,11560,1
2020-02-10 15:29:49.733,11559,11560,11560,10
2020-02-10 15:29:49.734,11559,11560,11560,2
2020-02-10 15:29:49.734,11559,11560,11560,2
2020-02-10 15:29:49.734,11559,11560,11560,4
2020-02-10 15:29:49.860,11559,11560,11560,2
2020-02-10 15:29:55.037,11560,11561,11560,5
2020-02-10 15:29:58.582,11559,11560,11559,1
2020-02-10 15:29:59.184,11559,11560,11560,1
2020-02-10 15:30:08.859,11559,11560,11559,1
2020-02-10 15:30:09.792,11559,11560,11560,2
2020-02-10 15:30:13.522,11559,11560,11560,1
2020-02-10 15:30:17.259,11559,11560,11560,1
2020-02-10 15:30:46.158,11559,11560,11560,10
2020-02-10 15:30:48.609,11559,11560,11560,4
2020-02-10 15:30:48.734,11559,11560,11560,3
2020-02-10 15:30:54.151,11560,11561,11561,2
2020-02-10 15:30:54.151,11560,11561,11561,4
2020-02-10 15:30:54.488,11561,11562,11562,1
2020-02-10 15:30:54.609,11561,11562,11562,4
2020-02-10 15:30:54.610,11561,11562,11562,2
2020-02-10 15:30:54.610,11561,11562,11562,1
2020-02-10 15:30:55.482,11562,11563,11563,2
2020-02-10 15:30:55.482,11562,11563,11563,3
2020-02-10 15:30:56.948,11563,11564,11563,5
2020-02-10 15:30:57.927,11563,11564,11563,1
2020-02-10 15:31:00.688,11563,11564,11564,1
2020-02-10 15:31:00.776,11563,11564,11564,1
2020-02-10 15:31:03.003,11563,11564,11564,1
2020-02-10 15:31:06.296,11563,11564,11564,1
2020-02-10 15:31:06.296,11563,11564,11564,7
2020-02-10 15:31:06.296,11563,11564,11564,1
2020-02-10 15:31:06.360,11564,11565,11565,20
2020-02-10 15:31:06.413,11564,11565,11565,1
2020-02-10 15:31:06.415,11564,11565,11565,1
2020-02-10 15:31:06.610,11565,11566,11566,4
2020-02-10 15:31:06.610,11565,11566,11566,4
2020-02-10 15:31:07.222,11565,11566,11566,2
2020-02-10 15:31:07.535,11565,11566,11566,1
2020-02-10 15:31:07.745,11565,11567,11567,1
2020-02-10 15:31:08.936,11565,11567,11567,3
2020-02-10 15:31:10.151,11565,11567,11567,1
2020-02-10 15:31:13.081,11565,11566,11566,1
2020-02-10 15:31:13.561,11565,11567,11567,1
2020-02-10 15:31:15.762,11565,11566,11566,2
2020-02-10 15:31:15.762,11565,11566,11567,1
2020-02-10 15:31:16.334,11565,11566,11566,1
2020-02-10 15:31:16.334,11565,11566,11567,1
2020-02-10 15:31:18.594,11566,11567,11566,1
2020-02-10 15:31:19.895,11566,11567,11567,1
2020-02-10 15:31:20.366,11566,11567,11566,1
2020-02-10 15:31:20.398,11566,11567,11566,1
2020-02-10 15:31:21.368,11566,11567,11567,1
2020-02-10 15:31:27.141,11566,11567,11567,1
2020-02-10 15:31:27.633,11566,11567,11567,1
2020-02-10 15:31:30.129,11566,11567,11567,1
2020-02-10 15:31:31.679,11566,11567,11567,3
2020-02-10 15:31:32.992,11566,11567,11567,1
2020-02-10 15:31:32.992,11566,11567,11567,4
2020-02-10 15:31:32.993,11566,11567,11567,1
2020-02-10 15:31:32.993,11566,11567,11567,1
2020-02-10 15:31:32.993,11566,11567,11567,2
2020-02-10 15:31:32.993,11566,11567,11567,5
2020-02-10 15:31:32.993,11566,11567,11567,3
2020-02-10 15:31:32.993,11566,11567,11567,1
2020-02-10 15:31:32.994,11566,11567,11567,2
2020-02-10 15:31:32.994,11566,11567,11567,1
2020-02-10 15:31:32.994,11566,11567,11567,1
2020-02-10 15:31:32.994,11566,11567,11567,1
2020-02-10 15:31:32.994,11566,11567,11567,1
2020-02-10 15:31:33.110,11566,11567,11567,4
2020-02-10 15:31:33.110,11566,11567,11567,4
2020-02-10 15:31:33.234,11566,11567,11567,1
2020-02-10 15:31:33.483,11567,11568,11567,4
2020-02-10 15:31:33.483,11567,11568,11566,8
2020-02-10 15:31:33.956,11567,11568,11568,2
2020-02-10 15:31:36.780,11566,11567,11565,1
2020-02-10 15:31:36.902,11565,11567,11567,1
2020-02-10 15:31:43.179,11566,11567,11566,1
2020-02-10 15:31:45.148,11565,11567,11565,2
2020-02-10 15:31:45.707,11565,11567,11566,1
2020-02-10 15:31:49.032,11565,11566,11566,3
2020-02-10 15:32:00.071,11565,11566,11566,1
2020-02-10 15:32:21.185,11566,11567,11566,1
2020-02-10 15:32:22.172,11566,11567,11567,1
2020-02-10 15:32:22.242,11566,11567,11567,1
2020-02-10 15:32:22.244,11566,11567,11567,4
2020-02-10 15:32:22.250,11566,11567,11567,1
2020-02-10 15:32:22.250,11566,11567,11567,4
2020-02-10 15:32:22.250,11566,11567,11568,2
2020-02-10 15:32:22.251,11566,11567,11568,4
2020-02-10 15:32:22.251,11566,11567,11568,1
2020-02-10 15:32:22.252,11566,11567,11568,4
2020-02-10 15:32:22.252,11566,11567,11568,1
2020-02-10 15:32:22.252,11566,11567,11568,3
2020-02-10 15:32:22.253,11566,11567,11568,5
2020-02-10 15:32:22.253,11566,11567,11568,4
2020-02-10 15:32:22.254,11566,11567,11568,1
2020-02-10 15:32:22.255,11566,11567,11568,2
2020-02-10 15:32:22.257,11566,11567,11568,1
2020-02-10 15:32:22.257,11566,11567,11568,4
2020-02-10 15:32:22.259,11566,11567,11568,1
2020-02-10 15:32:22.259,11566,11567,11568,2
2020-02-10 15:32:22.259,11566,11567,11568,4
2020-02-10 15:32:22.260,11566,11567,11568,11
2020-02-10 15:32:22.260,11566,11567,11568,4
2020-02-10 15:32:22.361,11567,11568,11568,13
2020-02-10 15:32:22.361,11567,11568,11568,2
2020-02-10 15:32:24.392,11568,11569,11569,1
2020-02-10 15:32:24.487,11568,11569,11569,3
2020-02-10 15:32:27.521,11568,11569,11569,1
2020-02-10 15:32:29.182,11568,11569,11569,1
2020-02-10 15:32:31.923,11568,11569,11569,1
2020-02-10 15:32:32.801,11568,11569,11569,1
2020-02-10 15:32:34.568,11568,11569,11569,3
2020-02-10 15:32:34.620,11568,11569,11569,1
2020-02-10 15:32:42.059,11568,11569,11568,1
2020-02-10 15:32:43.270,11568,11569,11569,2
2020-02-10 15:32:43.516,11568,11569,11569,4
2020-02-10 15:32:47.446,11568,11569,11569,1
2020-02-10 15:32:49.237,11568,11569,11569,2
2020-02-10 15:32:49.876,11568,11569,11568,1
2020-02-10 15:32:54.144,11568,11569,11569,1
2020-02-10 15:32:56.604,11568,11569,11568,7
2020-02-10 15:32:56.674,11568,11569,11568,1
2020-02-10 15:32:56.733,11568,11569,11568,1
2020-02-10 15:33:00.097,11568,11569,11568,2
2020-02-10 15:33:17.733,11568,11569,11568,1
2020-02-10 15:33:18.691,11568,11569,11568,1
2020-02-10 15:33:21.660,11568,11569,11569,1
2020-02-10 15:33:26.226,11568,11569,11568,1
2020-02-10 15:33:26.428,11568,11569,11569,2
2020-02-10 15:33:27.701,11568,11569,11569,3
2020-02-10 15:33:28.130,11568,11569,11569,1
2020-02-10 15:33:33.132,11568,11569,11568,1
2020-02-10 15:33:35.079,11568,11569,11569,1
2020-02-10 15:33:42.111,11568,11569,11568,1
2020-02-10 15:33:42.439,11568,11569,11568,7
2020-02-10 15:33:42.492,11567,11568,11568,2
2020-02-10 15:33:43.406,11567,11568,11567,2
2020-02-10 15:33:54.275,11566,11567,11566,1
2020-02-10 15:34:11.675,11566,11567,11566,2
2020-02-10 15:34:11.675,11566,11567,11566,4
2020-02-10 15:34:11.713,11566,11567,11566,2
2020-02-10 15:34:11.735,11565,11566,11566,2
2020-02-10 15:34:11.837,11565,11566,11566,1
2020-02-10 15:34:11.860,11566,11567,11566,2
2020-02-10 15:34:12.466,11565,11566,11566,1
2020-02-10 15:34:13.487,11566,11567,11566,1
2020-02-10 15:34:14.316,11565,11566,11566,1
2020-02-10 15:34:14.831,11565,11566,11565,1
2020-02-10 15:34:16.883,11565,11566,11566,2
2020-02-10 15:34:20.051,11565,11567,11566,1
2020-02-10 15:34:20.428,11565,11567,11565,14
2020-02-10 15:34:20.428,11565,11567,11565,5
2020-02-10 15:34:20.428,11565,11567,11565,4
2020-02-10 15:34:20.429,11565,11567,11565,3
2020-02-10 15:34:24.596,11564,11565,11564,1
2020-02-10 15:34:26.885,11564,11565,11565,2
2020-02-10 15:34:28.370,11564,11565,11564,1
2020-02-10 15:34:29.623,11563,11565,11563,5
2020-02-10 15:34:35.188,11563,11564,11563,1
2020-02-10 15:34:37.832,11563,11564,11563,2
2020-02-10 15:34:38.234,11563,11564,11563,1
2020-02-10 15:34:44.516,11562,11563,11562,1
2020-02-10 15:34:44.953,11562,11563,11562,5
2020-02-10 15:34:45.093,11562,11563,11562,3
2020-02-10 15:34:55.850,11561,11562,11562,1
2020-02-10 15:34:56.535,11561,11563,11561,1
2020-02-10 15:34:59.484,11561,11562,11562,1
2020-02-10 15:35:01.493,11561,11562,11561,2
2020-02-10 15:35:01.958,11560,11561,11560,2
2020-02-10 15:35:02.078,11560,11561,11560,4
2020-02-10 15:35:02.301,11559,11560,11559,29
2020-02-10 15:35:03.261,11558,11559,11558,1
2020-02-10 15:35:08.610,11558,11560,11558,1
2020-02-10 15:35:10.487,11559,11560,11559,1
2020-02-10 15:35:12.334,11559,11560,11559,1
2020-02-10 15:35:14.564,11559,11560,11559,1
2020-02-10 15:35:18.304,11559,11560,11559,1
2020-02-10 15:35:18.984,11559,11560,11559,7
2020-02-10 15:35:22.968,11559,11560,11559,1
2020-02-10 15:35:24.234,11559,11560,11559,4
2020-02-10 15:35:32.086,11558,11559,11559,1
2020-02-10 15:35:35.298,11558,11559,11559,1
2020-02-10 15:35:45.234,11558,11559,11559,1
2020-02-10 15:35:46.667,11559,11560,11559,1
2020-02-10 15:35:47.790,11559,11560,11559,2
2020-02-10 15:35:48.715,11559,11560,11559,1
2020-02-10 15:35:49.384,11559,11560,11559,1
2020-02-10 15:35:54.130,11559,11560,11559,1
2020-02-10 15:35:59.537,11559,11560,11560,4
2020-02-10 15:35:59.863,11560,11561,11560,2
2020-02-10 15:36:01.264,11560,11561,11560,1
2020-02-10 15:36:02.352,11560,11561,11561,1
2020-02-10 15:36:09.932,11561,11562,11561,1
2020-02-10 15:36:17.985,11561,11562,11561,1
2020-02-10 15:36:19.823,11560,11561,11561,1
2020-02-10 15:36:21.181,11560,11561,11561,1
2020-02-10 15:36:26.283,11560,11561,11561,2
2020-02-10 15:36:27.068,11560,11562,11560,1
2020-02-10 15:36:43.056,11560,11561,11561,1
2020-02-10 15:36:55.227,11560,11561,11561,1
2020-02-10 15:37:05.439,11561,11562,11562,5
2020-02-10 15:37:06.153,11562,11563,11563,2
2020-02-10 15:37:06.153,11562,11563,11563,4
2020-02-10 15:37:06.153,11562,11563,11563,1
2020-02-10 15:37:06.179,11562,11563,11563,1
2020-02-10 15:37:06.179,11562,11563,11563,1
2020-02-10 15:37:06.181,11562,11563,11563,1
2020-02-10 15:37:17.365,11563,11564,11563,1
2020-02-10 15:37:47.653,11563,11564,11564,1
2020-02-10 15:37:48.092,11563,11564,11564,1
2020-02-10 15:37:50.215,11563,11564,11564,1
2020-02-10 15:37:52.283,11563,11564,11564,1
2020-02-10 15:38:05.568,11564,11565,11564,8
2020-02-10 15:38:05.881,11563,11565,11563,4
2020-02-10 15:38:06.407,11563,11564,11563,2
2020-02-10 15:38:06.428,11563,11564,11563,10
2020-02-10 15:38:11.714,11563,11564,11563,1
2020-02-10 15:38:13.359,11562,11563,11563,1
2020-02-10 15:38:24.443,11563,11564,11564,1
2020-02-10 15:38:37.615,11563,11564,11563,8
2020-02-10 15:38:44.919,11563,11564,11564,3
2020-02-10 15:38:45.265,11564,11565,11565,25
2020-02-10 15:38:45.358,11564,11565,11565,1
2020-02-10 15:38:45.358,11564,11565,11565,1
2020-02-10 15:38:45.358,11564,11565,11565,1
2020-02-10 15:38:49.986,11565,11566,11566,1
2020-02-10 15:38:50.335,11565,11566,11565,9
2020-02-10 15:38:50.335,11565,11566,11565,1
2020-02-10 15:38:53.196,11565,11566,11566,1
2020-02-10 15:38:55.134,11565,11566,11566,1
2020-02-10 15:38:57.806,11565,11566,11566,1
2020-02-10 15:38:59.646,11565,11566,11565,1
2020-02-10 15:39:00.358,11565,11566,11565,1
2020-02-10 15:39:00.502,11565,11566,11566,1
2020-02-10 15:39:00.962,11565,11566,11566,1
2020-02-10 15:39:01.845,11565,11566,11566,1
2020-02-10 15:39:01.859,11565,11566,11566,1
2020-02-10 15:39:03.500,11565,11566,11566,1
2020-02-10 15:39:03.647,11565,11566,11566,2
2020-02-10 15:39:04.022,11565,11566,11566,1
2020-02-10 15:39:06.232,11565,11566,11566,5
2020-02-10 15:39:07.220,11566,11567,11567,2
2020-02-10 15:39:10.597,11566,11567,11567,1
2020-02-10 15:39:24.463,11567,11568,11568,2
2020-02-10 15:39:25.096,11567,11568,11568,2
2020-02-10 15:39:26.305,11567,11568,11567,1
2020-02-10 15:39:34.397,11567,11568,11568,1
2020-02-10 15:39:45.368,11567,11568,11568,1
2020-02-10 15:39:45.368,11567,11568,11568,10
2020-02-10 15:39:45.369,11567,11568,11568,1
2020-02-10 15:39:45.369,11567,11568,11568,1
2020-02-10 15:39:45.484,11567,11568,11568,2
2020-02-10 15:39:47.292,11568,11569,11569,2
2020-02-10 15:39:47.359,11568,11569,11569,6
2020-02-10 15:39:47.359,11568,11569,11569,3
2020-02-10 15:39:47.484,11568,11569,11569,3
2020-02-10 15:39:47.484,11568,11569,11569,10
2020-02-10 15:39:50.437,11569,11570,11569,1
2020-02-10 15:39:54.895,11569,11570,11569,1
2020-02-10 15:39:55.301,11569,11570,11570,1
2020-02-10 15:39:55.581,11569,11570,11569,1
2020-02-10 15:39:56.492,11569,11570,11569,4
2020-02-10 15:39:57.967,11569,11570,11569,1
2020-02-10 15:39:57.967,11569,11570,11568,1
2020-02-10 15:39:59.249,11569,11570,11570,8
2020-02-10 15:39:59.249,11569,11570,11570,1
2020-02-10 15:40:01.014,11569,11570,11570,3
2020-02-10 15:40:01.015,11569,11570,11570,1
2020-02-10 15:40:01.027,11569,11570,11570,5
2020-02-10 15:40:01.588,11570,11571,11571,1
2020-02-10 15:40:01.967,11570,11571,11571,4
2020-02-10 15:40:02.287,11570,11571,11571,1
2020-02-10 15:40:02.340,11570,11571,11571,2
2020-02-10 15:40:03.445,11570,11571,11570,3
2020-02-10 15:40:07.915,11570,11571,11570,1
2020-02-10 15:40:08.729,11570,11571,11570,1
2020-02-10 15:40:09.966,11570,11571,11571,4
2020-02-10 15:40:10.985,11570,11571,11570,10
2020-02-10 15:40:12.450,11569,11571,11569,4
2020-02-10 15:40:14.002,11570,11571,11570,1
2020-02-10 15:40:14.028,11570,11571,11571,14
2020-02-10 15:40:14.028,11570,11571,11572,26
2020-02-10 15:40:14.110,11570,11572,11571,3
2020-02-10 15:40:14.110,11570,11572,11571,1
2020-02-10 15:40:14.110,11570,11572,11571,1
2020-02-10 15:40:14.391,11571,11572,11572,1
2020-02-10 15:40:14.657,11571,11572,11572,1
2020-02-10 15:40:15.900,11571,11572,11571,1
2020-02-10 15:40:20.937,11570,11571,11570,1
2020-02-10 15:40:22.044,11570,11571,11571,1
2020-02-10 15:40:22.125,11570,11571,11571,1
2020-02-10 15:40:22.206,11570,11571,11570,3
2020-02-10 15:40:22.986,11569,11570,11569,1
2020-02-10 15:40:22.991,11569,11570,11569,1
2020-02-10 15:40:23.023,11569,11570,11569,1
2020-02-10 15:40:23.086,11569,11570,11570,1
2020-02-10 15:40:23.420,11569,11570,11570,1
2020-02-10 15:40:23.698,11569,11570,11569,2
2020-02-10 15:40:24.878,11569,11570,11569,1
2020-02-10 15:40:26.781,11569,11570,11569,1
2020-02-10 15:40:29.357,11568,11569,11569,1
2020-02-10 15:40:29.577,11568,11569,11568,1
2020-02-10 15:40:30.539,11568,11569,11568,1
2020-02-10 15:40:31.642,11568,11569,11568,8
2020-02-10 15:40:33.443,11567,11569,11567,1
2020-02-10 15:40:33.710,11567,11568,11568,1
2020-02-10 15:40:34.455,11568,11569,11568,1
2020-02-10 15:40:35.863,11567,11569,11567,1
2020-02-10 15:40:38.391,11568,11569,11568,1
2020-02-10 15:40:43.984,11568,11569,11568,1
2020-02-10 15:40:49.438,11567,11568,11568,1
2020-02-10 15:40:50.199,11567,11568,11567,3
2020-02-10 15:40:51.045,11567,11568,11567,1
2020-02-10 15:40:54.822,11567,11568,11567,1
2020-02-10 15:40:57.000,11567,11568,11567,8
2020-02-10 15:41:11.463,11566,11567,11566,4
2020-02-10 15:41:14.859,11565,11566,11566,1
2020-02-10 15:41:15.444,11565,11567,11567,1
2020-02-10 15:41:20.088,11565,11566,11566,1
2020-02-10 15:41:25.767,11565,11566,11566,1
2020-02-10 15:41:25.922,11565,11566,11566,1
2020-02-10 15:41:33.241,11565,11566,11566,2
2020-02-10 15:41:34.753,11566,11567,11567,1
2020-02-10 15:41:54.014,11567,11568,11567,1
2020-02-10 15:42:05.198,11567,11568,11567,2
2020-02-10 15:42:05.688,11567,11568,11568,1
2020-02-10 15:42:05.695,11567,11568,11568,3
2020-02-10 15:42:18.837,11568,11569,11568,1
2020-02-10 15:42:25.878,11568,11569,11569,1
2020-02-10 15:42:25.902,11568,11569,11569,4
2020-02-10 15:42:39.380,11569,11570,11569,1
2020-02-10 15:42:54.023,11569,11570,11570,1
2020-02-10 15:43:03.808,11568,11569,11569,1
2020-02-10 15:43:15.946,11568,11569,11569,1
2020-02-10 15:43:16.049,11569,11570,11569,1
2020-02-10 15:43:19.988,11568,11570,11570,1
2020-02-10 15:43:22.001,11568,11569,11569,2
2020-02-10 15:43:23.370,11568,11569,11569,1
2020-02-10 15:43:25.466,11568,11569,11569,1
2020-02-10 15:43:29.244,11568,11569,11569,1
2020-02-10 15:43:30.128,11568,11570,11568,1
2020-02-10 15:43:30.747,11568,11570,11570,1
2020-02-10 15:43:47.976,11568,11569,11569,1
2020-02-10 15:43:48.302,11568,11569,11568,1
2020-02-10 15:43:48.373,11568,11569,11569,1
2020-02-10 15:43:52.708,11568,11569,11569,2
2020-02-10 15:43:56.410,11568,11569,11569,1
2020-02-10 15:44:00.734,11568,11569,11568,7
2020-02-10 15:44:01.629,11567,11568,11568,1
2020-02-10 15:44:03.963,11567,11568,11568,1
2020-02-10 15:44:04.168,11567,11568,11568,7
2020-02-10 15:44:08.216,11567,11568,11568,1
2020-02-10 15:44:16.351,11568,11569,11569,1
2020-02-10 15:44:16.713,11568,11569,11568,1
2020-02-10 15:44:17.772,11568,11569,11568,1
2020-02-10 15:44:20.811,11567,11568,11567,3
2020-02-10 15:44:21.609,11567,11568,11567,1
2020-02-10 15:44:26.842,11566,11567,11566,1
2020-02-10 15:44:30.133,11566,11567,11566,10
2020-02-10 15:44:43.625,11566,11567,11566,1
2020-02-10 15:44:43.859,11566,11567,11566,1
2020-02-10 15:44:47.319,11566,11567,11566,1
2020-02-10 15:44:51.908,11566,11567,11566,1
2020-02-10 15:44:59.971,11565,11566,11566,1
2020-02-10 15:45:00.011,11565,11566,11565,30
2020-02-10 15:45:00.708,11565,11566,11566,1
2020-02-10 15:45:11.106,11565,11566,11566,1
2020-02-10 15:45:21.275,11565,11566,11565,2
2020-02-10 15:45:21.275,11565,11566,11565,1
2020-02-10 15:45:21.359,11565,11566,11565,1
2020-02-10 15:45:26.712,11564,11565,11565,1
2020-02-10 15:45:26.977,11564,11566,11565,2
2020-02-10 15:45:29.867,11565,11566,11565,1
2020-02-10 15:45:35.763,11564,11565,11565,1
2020-02-10 15:45:52.487,11564,11565,11564,2
2020-02-10 15:45:52.972,11564,11565,11564,1
2020-02-10 15:45:56.879,11564,11565,11564,1
2020-02-10 15:46:08.292,11564,11565,11564,1
2020-02-10 15:46:10.275,11564,11565,11564,1
2020-02-10 15:46:12.339,11564,11565,11564,1
2020-02-10 15:46:16.680,11564,11565,11564,1
2020-02-10 15:46:24.155,11564,11565,11565,1
2020-02-10 15:46:26.326,11564,11565,11565,1
2020-02-10 15:46:26.330,11564,11565,11565,1
2020-02-10 15:46:26.330,11564,11565,11565,1
2020-02-10 15:46:26.330,11564,11565,11565,5
2020-02-10 15:46:26.331,11564,11565,11565,1
2020-02-10 15:46:27.677,11565,11566,11565,1
2020-02-10 15:46:31.968,11565,11566,11565,1
2020-02-10 15:46:37.503,11565,11566,11565,5
2020-02-10 15:46:46.378,11564,11565,11565,1
2020-02-10 15:46:48.459,11564,11565,11564,1
2020-02-10 15:46:48.484,11564,11565,11564,2
2020-02-10 15:46:49.561,11563,11565,11565,3
2020-02-10 15:46:49.597,11563,11565,11564,1
2020-02-10 15:46:50.734,11563,11564,11563,3
2020-02-10 15:46:50.879,11563,11564,11563,2
2020-02-10 15:46:54.041,11562,11563,11563,1
2020-02-10 15:46:55.153,11562,11563,11563,1
2020-02-10 15:46:57.082,11562,11563,11562,2
2020-02-10 15:46:59.293,11562,11563,11562,1
2020-02-10 15:46:59.293,11562,11563,11562,11
2020-02-10 15:46:59.293,11562,11563,11562,2
2020-02-10 15:46:59.293,11562,11563,11562,1
2020-02-10 15:46:59.360,11561,11562,11561,2
2020-02-10 15:46:59.360,11561,11562,11561,7
2020-02-10 15:46:59.484,11561,11562,11561,5
2020-02-10 15:47:00.362,11560,11562,11562,1
2020-02-10 15:47:01.527,11561,11562,11561,1
2020-02-10 15:47:07.575,11561,11562,11561,1
2020-02-10 15:47:09.581,11561,11562,11561,2
2020-02-10 15:47:10.304,11560,11561,11561,1
2020-02-10 15:47:15.079,11561,11562,11561,1
2020-02-10 15:47:16.641,11561,11562,11562,1
2020-02-10 15:47:20.038,11562,11563,11562,13
2020-02-10 15:47:32.533,11561,11562,11562,1
2020-02-10 15:47:35.191,11561,11563,11563,1
2020-02-10 15:47:47.734,11562,11563,11563,2
2020-02-10 15:47:58.470,11562,11563,11562,1
2020-02-10 15:48:04.106,11562,11563,11562,13
2020-02-10 15:48:21.630,11562,11563,11563,2
2020-02-10 15:48:22.492,11562,11563,11562,1
2020-02-10 15:48:24.859,11562,11563,11562,1
2020-02-10 15:48:37.236,11562,11563,11562,2
2020-02-10 15:48:49.769,11562,11563,11563,1
2020-02-10 15:48:49.863,11562,11563,11563,1
2020-02-10 15:48:50.057,11562,11564,11564,2
2020-02-10 15:48:51.622,11563,11564,11563,1
2020-02-10 15:48:52.352,11562,11563,11563,2
2020-02-10 15:48:54.968,11562,11563,11563,1
2020-02-10 15:48:59.240,11563,11564,11564,1
2020-02-10 15:49:01.820,11563,11564,11563,1
2020-02-10 15:49:15.367,11563,11565,11563,10
2020-02-10 15:49:15.367,11563,11565,11563,1
2020-02-10 15:49:15.485,11562,11563,11563,1
2020-02-10 15:49:15.485,11562,11563,11563,1
2020-02-10 15:49:18.877,11563,11564,11564,1
2020-02-10 15:49:26.587,11564,11565,11565,4
2020-02-10 15:49:33.484,11565,11566,11565,1
2020-02-10 15:49:40.883,11564,11566,11564,6
2020-02-10 15:50:01.273,11564,11565,11564,1
2020-02-10 15:50:01.273,11564,11565,11564,2
2020-02-10 15:50:02.600,11563,11565,11563,1
2020-02-10 15:50:04.874,11563,11565,11565,1
2020-02-10 15:50:05.489,11563,11565,11565,1
2020-02-10 15:50:09.986,11564,11565,11564,6
2020-02-10 15:50:09.986,11564,11565,11563,7
2020-02-10 15:50:33.609,11564,11565,11564,1
2020-02-10 15:50:33.846,11564,11565,11564,1
2020-02-10 15:50:44.725,11563,11564,11563,3
2020-02-10 15:50:44.725,11563,11564,11563,2
2020-02-10 15:50:44.725,11563,11564,11563,9
2020-02-10 15:50:44.725,11563,11564,11563,1
2020-02-10 15:50:44.726,11563,11564,11563,3
2020-02-10 15:50:44.726,11563,11564,11563,3
2020-02-10 15:50:44.770,11562,11563,11562,3
2020-02-10 15:50:44.903,11561,11562,11561,6
2020-02-10 15:50:45.188,11561,11562,11562,1
2020-02-10 15:50:46.216,11561,11562,11561,2
2020-02-10 15:50:53.373,11561,11562,11561,2
2020-02-10 15:50:53.373,11561,11562,11561,1
2020-02-10 15:50:53.373,11561,11562,11561,1
2020-02-10 15:51:13.719,11562,11563,11563,1
2020-02-10 15:51:25.003,11563,11564,11563,1
2020-02-10 15:51:27.593,11563,11564,11563,3
2020-02-10 15:51:27.840,11562,11563,11563,2
2020-02-10 15:51:30.590,11562,11563,11563,2
2020-02-10 15:51:39.748,11562,11563,11562,1
2020-02-10 15:51:40.537,11562,11563,11562,1
2020-02-10 15:51:41.287,11562,11563,11562,1
2020-02-10 15:51:44.778,11562,11563,11562,1
2020-02-10 15:51:47.666,11561,11562,11562,1
2020-02-10 15:51:47.910,11561,11562,11562,1
2020-02-10 15:52:04.962,11562,11563,11563,1
2020-02-10 15:52:22.063,11562,11563,11562,1
2020-02-10 15:52:22.490,11562,11563,11563,2
2020-02-10 15:52:24.477,11562,11563,11563,2
2020-02-10 15:52:29.767,11563,11564,11563,1
2020-02-10 15:52:40.117,11563,11564,11563,2
2020-02-10 15:52:40.117,11563,11564,11563,1
2020-02-10 15:53:07.753,11563,11564,11564,2
2020-02-10 15:53:13.080,11563,11564,11563,39
2020-02-10 15:53:13.082,11563,11564,11563,1
2020-02-10 15:53:13.082,11563,11564,11563,1
2020-02-10 15:53:13.083,11563,11564,11563,4
2020-02-10 15:53:13.083,11563,11564,11563,1
2020-02-10 15:53:13.083,11563,11564,11563,1
2020-02-10 15:53:13.083,11563,11564,11563,1
2020-02-10 15:53:13.083,11563,11564,11563,2
2020-02-10 15:53:13.083,11563,11564,11563,7
2020-02-10 15:53:13.083,11563,11564,11563,3
2020-02-10 15:53:13.083,11563,11564,11563,6
2020-02-10 15:53:13.083,11563,11564,11563,3
2020-02-10 15:53:13.083,11563,11564,11563,1
2020-02-10 15:53:13.111,11562,11563,11562,6
2020-02-10 15:53:13.111,11562,11563,11562,1
2020-02-10 15:53:13.156,11562,11563,11562,3
2020-02-10 15:53:13.574,11561,11562,11561,1
2020-02-10 15:53:21.193,11561,11563,11561,6
2020-02-10 15:53:22.604,11561,11563,11561,1
2020-02-10 15:53:24.060,11561,11563,11563,1
2020-02-10 15:53:31.207,11562,11563,11563,3
2020-02-10 15:53:33.295,11562,11563,11562,4
2020-02-10 15:53:41.590,11562,11563,11563,1
2020-02-10 15:54:01.498,11562,11563,11562,1
2020-02-10 15:54:05.292,11562,11563,11562,5
2020-02-10 15:54:08.055,11562,11563,11562,2
2020-02-10 15:54:15.119,11562,11563,11562,1
2020-02-10 15:54:16.208,11562,11563,11562,1
2020-02-10 15:54:18.703,11562,11563,11562,1
2020-02-10 15:54:44.788,11562,11563,11562,1
2020-02-10 15:54:48.549,11562,11563,11562,1
2020-02-10 15:55:03.991,11562,11563,11562,1
2020-02-10 15:55:04.124,11561,11562,11561,5
2020-02-10 15:55:19.266,11561,11562,11561,6
2020-02-10 15:55:27.151,11561,11562,11561,1
2020-02-10 15:55:27.503,11561,11562,11561,1
2020-02-10 15:55:27.503,11561,11562,11561,4
2020-02-10 15:55:27.503,11561,11562,11561,1
2020-02-10 15:55:33.793,11560,11561,11560,1
2020-02-10 15:55:33.896,11560,11561,11560,1
2020-02-10 15:55:33.930,11560,11561,11560,1
2020-02-10 15:55:35.827,11560,11561,11561,1
2020-02-10 15:55:35.828,11560,11561,11561,2
2020-02-10 15:55:41.971,11561,11562,11562,1
2020-02-10 15:55:43.839,11561,11562,11562,1
2020-02-10 15:55:56.016,11561,11562,11562,1
2020-02-10 15:55:57.522,11561,11562,11561,1
2020-02-10 15:55:59.611,11561,11562,11561,1
2020-02-10 15:56:05.182,11561,11562,11561,2
2020-02-10 15:56:05.251,11560,11561,11560,3
2020-02-10 15:56:05.386,11560,11561,11560,1
2020-02-10 15:56:08.527,11560,11561,11561,1
2020-02-10 15:56:09.362,11560,11561,11560,1
2020-02-10 15:56:12.626,11560,11561,11560,1
2020-02-10 15:56:13.739,11560,11561,11561,1
2020-02-10 15:56:14.370,11560,11561,11561,1
2020-02-10 15:56:14.875,11560,11561,11561,1
2020-02-10 15:56:15.179,11560,11561,11560,1
2020-02-10 15:56:20.456,11560,11561,11560,3
2020-02-10 15:56:20.540,11560,11561,11560,2
2020-02-10 15:56:20.540,11560,11561,11560,3
2020-02-10 15:56:20.540,11560,11561,11560,1
2020-02-10 15:56:20.542,11560,11561,11560,2
2020-02-10 15:56:23.141,11559,11560,11560,1
2020-02-10 15:56:28.503,11559,11560,11559,3
2020-02-10 15:56:28.504,11559,11560,11559,9
2020-02-10 15:56:28.732,11559,11560,11559,1
2020-02-10 15:56:29.359,11559,11560,11559,6
2020-02-10 15:56:38.729,11558,11559,11558,2
2020-02-10 15:56:41.506,11558,11559,11558,1
2020-02-10 15:56:41.535,11558,11559,11558,1
2020-02-10 15:56:41.598,11558,11559,11558,1
2020-02-10 15:56:43.747,11558,11559,11558,3
2020-02-10 15:56:45.573,11558,11559,11558,1
2020-02-10 15:56:57.554,11558,11559,11558,4
2020-02-10 15:56:57.621,11558,11559,11558,6
2020-02-10 15:56:59.447,11557,11558,11557,1
2020-02-10 15:57:00.967,11557,11558,11557,1
2020-02-10 15:57:02.125,11557,11558,11557,2
2020-02-10 15:57:05.496,11556,11557,11557,1
2020-02-10 15:57:07.013,11556,11558,11556,27
2020-02-10 15:57:07.110,11555,11556,11556,3
2020-02-10 15:57:07.292,11555,11557,11555,1
2020-02-10 15:57:07.477,11555,11557,11555,2
2020-02-10 15:57:07.487,11555,11557,11555,2
2020-02-10 15:57:11.003,11555,11557,11557,1
2020-02-10 15:57:12.781,11556,11557,11557,1
2020-02-10 15:57:12.937,11556,11557,11557,1
2020-02-10 15:57:13.235,11557,11558,11557,3
2020-02-10 15:57:14.120,11557,11558,11557,1
2020-02-10 15:57:14.223,11557,11558,11558,1
2020-02-10 15:57:14.223,11557,11558,11558,4
2020-02-10 15:57:14.235,11558,11559,11558,11
2020-02-10 15:57:18.343,11558,11559,11559,2
2020-02-10 15:57:19.338,11558,11559,11558,1
2020-02-10 15:57:20.524,11558,11559,11558,1
2020-02-10 15:57:22.822,11558,11559,11558,2
2020-02-10 15:57:26.058,11557,11558,11558,1
2020-02-10 15:57:30.939,11557,11558,11557,1
2020-02-10 15:57:34.266,11557,11558,11558,1
2020-02-10 15:57:37.644,11557,11558,11558,5
2020-02-10 15:57:37.794,11557,11559,11558,1
2020-02-10 15:57:47.319,11558,11559,11558,2
2020-02-10 15:57:54.112,11557,11558,11557,1
2020-02-10 15:57:57.889,11557,11558,11557,2
2020-02-10 15:57:59.695,11557,11558,11558,1
2020-02-10 15:58:01.918,11557,11558,11557,1
2020-02-10 15:58:02.785,11557,11558,11557,1
2020-02-10 15:58:05.252,11557,11558,11558,1
2020-02-10 15:58:06.108,11557,11558,11557,1
2020-02-10 15:58:06.493,11557,11558,11557,1
2020-02-10 15:58:08.845,11557,11558,11557,1
2020-02-10 15:58:14.538,11557,11558,11558,1
2020-02-10 15:58:16.584,11557,11558,11557,1
2020-02-10 15:58:23.902,11557,11558,11558,34
2020-02-10 15:58:23.944,11557,11558,11558,1
2020-02-10 15:58:24.675,11558,11559,11558,1
2020-02-10 15:58:25.067,11558,11559,11558,1
2020-02-10 15:58:27.312,11558,11559,11559,1
2020-02-10 15:58:36.975,11558,11559,11559,2
2020-02-10 15:58:37.652,11558,11559,11559,10
2020-02-10 15:58:54.169,11559,11560,11559,1
2020-02-10 15:59:08.449,11559,11560,11559,1
2020-02-10 15:59:10.472,11559,11560,11559,1
2020-02-10 15:59:17.357,11558,11559,11558,1
2020-02-10 15:59:17.357,11558,11559,11558,2
2020-02-10 15:59:17.358,11558,11559,11558,1
2020-02-10 15:59:35.173,11557,11558,11557,10
2020-02-10 15:59:35.173,11557,11558,11556,20
2020-02-10 15:59:39.994,11556,11557,11556,1
2020-02-10 15:59:42.237,11556,11557,11556,1
2020-02-10 15:59:43.145,11556,11557,11556,1
2020-02-10 15:59:44.157,11556,11557,11556,1
2020-02-10 15:59:46.173,11556,11557,11557,1
2020-02-10 15:59:46.454,11556,11557,11556,1
2020-02-10 15:59:46.706,11556,11557,11556,2
2020-02-10 15:59:56.864,11556,11557,11556,1
2020-02-10 16:00:00.125,11556,11557,11556,1
2020-02-10 16:00:00.125,11556,11557,11556,5
2020-02-10 16:00:00.576,11555,11556,11555,2
2020-02-10 16:00:00.576,11555,11556,11555,13
2020-02-10 16:00:00.637,11554,11556,11554,4
2020-02-10 16:00:00.669,11554,11556,11554,2
2020-02-10 16:00:00.799,11554,11555,11555,1
2020-02-10 16:00:00.812,11554,11555,11554,1
2020-02-10 16:00:02.444,11555,11556,11556,1
2020-02-10 16:00:02.904,11555,11557,11555,2
2020-02-10 16:00:03.009,11555,11557,11555,1
2020-02-10 16:00:05.412,11556,11557,11557,14
2020-02-10 16:00:05.906,11557,11558,11558,5
2020-02-10 16:00:06.778,11558,11559,11559,3
2020-02-10 16:00:06.778,11558,11559,11559,1
2020-02-10 16:00:07.618,11559,11560,11560,1
2020-02-10 16:00:10.501,11559,11560,11559,2
2020-02-10 16:00:10.735,11558,11559,11558,1
2020-02-10 16:00:11.152,11558,11559,11558,2
2020-02-10 16:00:18.448,11557,11558,11558,1
2020-02-10 16:00:20.240,11557,11558,11558,1
2020-02-10 16:00:21.364,11557,11558,11557,1
2020-02-10 16:00:21.760,11556,11557,11557,1
2020-02-10 16:00:23.433,11556,11557,11556,1
2020-02-10 16:00:24.162,11555,11557,11555,1
2020-02-10 16:00:31.484,11556,11557,11556,1
2020-02-10 16:00:38.904,11555,11556,11555,4
2020-02-10 16:00:43.726,11555,11556,11555,3
2020-02-10 16:00:50.309,11555,11556,11556,1
2020-02-10 16:00:53.472,11556,11557,11556,1
2020-02-10 16:00:54.646,11555,11556,11556,1
2020-02-10 16:01:01.861,11555,11556,11556,1
2020-02-10 16:01:08.734,11555,11556,11555,2
2020-02-10 16:01:09.484,11555,11556,11555,4
2020-02-10 16:01:14.984,11555,11556,11555,1
2020-02-10 16:01:19.370,11554,11555,11555,1
2020-02-10 16:01:20.339,11554,11555,11554,3
2020-02-10 16:01:20.606,11553,11554,11554,1
2020-02-10 16:01:21.699,11553,11554,11553,1
2020-02-10 16:01:21.699,11553,11554,11553,2
2020-02-10 16:01:21.699,11553,11554,11553,2
2020-02-10 16:01:21.994,11552,11553,11553,12
2020-02-10 16:01:21.994,11552,11553,11554,8
2020-02-10 16:01:22.210,11553,11554,11553,1
2020-02-10 16:01:23.280,11553,11554,11553,1
2020-02-10 16:01:23.280,11553,11554,11552,28
2020-02-10 16:01:24.757,11551,11553,11551,1
2020-02-10 16:01:25.115,11551,11553,11552,1
2020-02-10 16:01:25.159,11551,11553,11552,1
2020-02-10 16:01:25.309,11552,11553,11552,18
2020-02-10 16:01:26.542,11551,11553,11551,1
2020-02-10 16:01:27.179,11551,11553,11551,1
2020-02-10 16:01:27.595,11551,11552,11551,1
2020-02-10 16:01:27.597,11551,11552,11551,1
2020-02-10 16:01:28.075,11551,11552,11552,1
2020-02-10 16:01:28.504,11551,11552,11551,1
2020-02-10 16:01:29.770,11551,11552,11551,1
2020-02-10 16:01:29.904,11551,11552,11552,2
2020-02-10 16:01:30.882,11551,11552,11551,1
2020-02-10 16:01:31.885,11551,11552,11551,2
2020-02-10 16:01:32.615,11551,11552,11552,2
2020-02-10 16:01:33.376,11551,11552,11551,1
2020-02-10 16:01:33.542,11551,11552,11551,1
2020-02-10 16:01:33.542,11551,11552,11550,2
2020-02-10 16:01:33.746,11551,11552,11551,2
2020-02-10 16:01:33.825,11551,11552,11551,2
2020-02-10 16:01:33.825,11551,11552,11550,1
2020-02-10 16:01:33.949,11550,11552,11550,1
2020-02-10 16:01:34.113,11550,11552,11550,1
2020-02-10 16:01:34.780,11550,11551,11551,1
2020-02-10 16:01:35.202,11550,11551,11551,1
2020-02-10 16:01:35.513,11551,11552,11552,1
2020-02-10 16:01:37.770,11551,11552,11551,1
2020-02-10 16:01:43.161,11550,11551,11551,1
2020-02-10 16:01:43.390,11550,11551,11550,1
2020-02-10 16:01:43.662,11550,11551,11550,4
2020-02-10 16:01:44.325,11550,11551,11550,1
2020-02-10 16:01:44.739,11550,11551,11550,1
2020-02-10 16:01:46.192,11550,11551,11551,1
2020-02-10 16:01:47.832,11550,11551,11550,1
2020-02-10 16:01:49.175,11550,11551,11550,2
2020-02-10 16:01:52.330,11550,11551,11550,1
2020-02-10 16:01:53.109,11550,11551,11551,1
2020-02-10 16:01:54.576,11550,11551,11551,1
2020-02-10 16:01:55.030,11550,11551,11551,1
2020-02-10 16:01:56.271,11550,11551,11551,4
2020-02-10 16:01:57.666,11551,11552,11551,5
2020-02-10 16:01:58.983,11551,11552,11551,1
2020-02-10 16:01:59.600,11550,11551,11551,2
2020-02-10 16:02:01.610,11550,11551,11551,2
2020-02-10 16:02:05.928,11551,11552,11552,1
2020-02-10 16:02:06.234,11551,11552,11552,2
2020-02-10 16:02:06.906,11552,11553,11552,1
2020-02-10 16:02:07.117,11551,11553,11553,5
2020-02-10 16:02:07.364,11552,11553,11552,1
2020-02-10 16:02:09.588,11552,11553,11553,2
2020-02-10 16:02:10.678,11552,11553,11552,3
2020-02-10 16:02:11.552,11552,11553,11553,1
2020-02-10 16:02:12.479,11551,11553,11551,2
2020-02-10 16:02:12.634,11551,11553,11551,2
2020-02-10 16:02:16.415,11552,11553,11552,1
2020-02-10 16:02:20.840,11552,11553,11553,5
2020-02-10 16:02:24.068,11553,11554,11553,3
2020-02-10 16:02:28.106,11553,11554,11554,6
2020-02-10 16:02:39.728,11554,11555,11555,1
2020-02-10 16:02:39.746,11554,11555,11554,1
2020-02-10 16:02:42.351,11554,11555,11555,2
2020-02-10 16:02:42.457,11554,11556,11555,1
2020-02-10 16:02:43.255,11555,11556,11555,1
2020-02-10 16:02:47.655,11555,11556,11556,2
2020-02-10 16:02:47.655,11555,11556,11556,2
2020-02-10 16:02:58.040,11556,11557,11556,1
2020-02-10 16:02:58.740,11556,11557,11557,1
2020-02-10 16:03:00.709,11556,11557,11557,1
2020-02-10 16:03:01.769,11556,11557,11557,1
2020-02-10 16:03:03.885,11556,11557,11557,1
2020-02-10 16:03:05.020,11556,11557,11557,1
2020-02-10 16:03:12.859,11556,11557,11557,2
2020-02-10 16:03:14.797,11557,11558,11558,1
2020-02-10 16:03:16.810,11557,11558,11558,1
2020-02-10 16:03:16.948,11557,11558,11558,4
2020-02-10 16:03:16.948,11557,11558,11558,1
2020-02-10 16:03:16.949,11557,11558,11558,2
2020-02-10 16:03:16.949,11557,11558,11558,4
2020-02-10 16:03:18.159,11558,11559,11559,5
2020-02-10 16:03:20.145,11558,11560,11558,1
2020-02-10 16:03:22.935,11558,11559,11559,4
2020-02-10 16:03:22.935,11558,11559,11560,1
2020-02-10 16:03:23.002,11558,11560,11560,1
2020-02-10 16:03:26.377,11558,11559,11559,1
2020-02-10 16:03:28.950,11558,11559,11559,2
2020-02-10 16:03:31.790,11558,11559,11559,5
2020-02-10 16:03:45.371,11558,11559,11559,2
2020-02-10 16:03:46.508,11558,11559,11559,1
2020-02-10 16:03:50.882,11558,11559,11558,1
2020-02-10 16:03:56.734,11558,11559,11559,5
2020-02-10 16:04:04.304,11558,11559,11559,2
2020-02-10 16:04:04.899,11558,11559,11558,1
2020-02-10 16:04:24.569,11558,11559,11559,2
2020-02-10 16:04:24.569,11558,11559,11559,4
2020-02-10 16:04:28.309,11559,11560,11560,3
2020-02-10 16:04:28.310,11559,11560,11560,2
2020-02-10 16:04:29.801,11560,11561,11560,2
2020-02-10 16:04:41.410,11560,11561,11560,1
2020-02-10 16:04:43.166,11559,11560,11559,1
2020-02-10 16:04:46.900,11558,11559,11559,1
2020-02-10 16:04:50.627,11558,11559,11559,4
2020-02-10 16:04:55.784,11559,11560,11559,2
2020-02-10 16:04:57.468,11558,11559,11559,1
2020-02-10 16:05:00.263,11558,11559,11558,2
2020-02-10 16:05:00.263,11558,11559,11558,6
2020-02-10 16:05:00.990,11557,11558,11557,1
2020-02-10 16:05:01.609,11557,11558,11557,2
2020-02-10 16:05:02.929,11556,11557,11557,1
2020-02-10 16:05:04.981,11557,11558,11558,1
2020-02-10 16:05:05.806,11557,11559,11557,2
2020-02-10 16:05:15.938,11558,11559,11559,1
2020-02-10 16:05:17.138,11559,11560,11559,2
2020-02-10 16:05:19.218,11559,11560,11560,1
2020-02-10 16:05:19.433,11560,11561,11561,1
2020-02-10 16:05:20.267,11560,11561,11560,1
2020-02-10 16:05:20.363,11560,11561,11561,1
2020-02-10 16:05:21.929,11560,11561,11560,1
2020-02-10 16:05:23.767,11560,11561,11561,3
2020-02-10 16:05:24.713,11560,11561,11560,2
2020-02-10 16:05:27.796,11560,11561,11561,1
2020-02-10 16:05:27.984,11560,11561,11561,2
2020-02-10 16:05:28.118,11561,11562,11562,1
2020-02-10 16:05:28.786,11561,11562,11561,1
2020-02-10 16:05:29.291,11561,11562,11562,3
2020-02-10 16:05:29.398,11561,11562,11562,1
2020-02-10 16:05:29.540,11561,11562,11562,1
2020-02-10 16:05:30.234,11561,11563,11561,5
2020-02-10 16:05:44.609,11560,11561,11561,3
2020-02-10 16:05:45.900,11560,11562,11560,1
2020-02-10 16:05:58.006,11559,11561,11559,1
2020-02-10 16:06:05.285,11559,11561,11561,1
2020-02-10 16:06:12.295,11560,11561,11561,1
2020-02-10 16:06:12.296,11560,11561,11561,1
2020-02-10 16:06:12.457,11560,11562,11561,1
2020-02-10 16:06:12.469,11560,11562,11561,1
2020-02-10 16:06:21.518,11561,11562,11562,4
2020-02-10 16:06:22.499,11562,11563,11563,3
2020-02-10 16:06:22.523,11562,11563,11563,1
2020-02-10 16:06:22.569,11562,11563,11563,4
2020-02-10 16:06:22.609,11562,11563,11563,1
2020-02-10 16:06:24.180,11563,11564,11564,5
2020-02-10 16:06:24.280,11564,11565,11565,2
2020-02-10 16:06:24.317,11564,11565,11565,1
2020-02-10 16:06:24.444,11564,11565,11565,1
2020-02-10 16:06:28.935,11564,11565,11565,1
2020-02-10 16:06:29.046,11564,11565,11565,1
2020-02-10 16:06:30.924,11564,11565,11564,7
2020-02-10 16:06:33.899,11563,11564,11564,1
2020-02-10 16:06:34.267,11563,11564,11563,1
2020-02-10 16:06:35.391,11563,11564,11564,1
2020-02-10 16:06:38.999,11563,11564,11564,1
2020-02-10 16:06:42.976,11563,11564,11564,2
2020-02-10 16:06:43.507,11564,11565,11564,1
2020-02-10 16:06:55.525,11563,11564,11563,12
2020-02-10 16:06:55.525,11563,11564,11563,1
2020-02-10 16:06:57.289,11562,11563,11562,1
2020-02-10 16:06:58.352,11561,11563,11561,1
2020-02-10 16:06:59.090,11561,11562,11561,2
2020-02-10 16:06:59.116,11560,11562,11561,4
2020-02-10 16:06:59.116,11560,11562,11562,1
2020-02-10 16:07:02.132,11561,11562,11562,2
2020-02-10 16:07:10.497,11562,11563,11563,1
2020-02-10 16:07:18.685,11562,11563,11563,1
2020-02-10 16:07:24.694,11562,11563,11562,1
2020-02-10 16:07:26.154,11562,11563,11562,6
2020-02-10 16:07:29.821,11561,11562,11562,1
2020-02-10 16:07:30.248,11561,11562,11562,1
2020-02-10 16:07:31.998,11561,11562,11561,2
2020-02-10 16:07:37.373,11560,11562,11562,1
2020-02-10 16:07:40.793,11560,11561,11561,2
2020-02-10 16:07:40.859,11560,11561,11561,1
2020-02-10 16:07:43.007,11561,11562,11561,1
2020-02-10 16:07:45.361,11561,11562,11561,1
2020-02-10 16:07:46.440,11560,11561,11560,1
2020-02-10 16:07:54.716,11561,11562,11561,2
2020-02-10 16:07:54.716,11561,11562,11560,3
2020-02-10 16:08:00.574,11560,11561,11560,1
2020-02-10 16:08:01.664,11560,11561,11560,1
2020-02-10 16:08:07.531,11560,11561,11560,1
2020-02-10 16:08:09.596,11560,11561,11561,1
2020-02-10 16:08:16.281,11561,11562,11562,1
2020-02-10 16:08:21.407,11562,11564,11564,1
2020-02-10 16:08:24.724,11562,11563,11562,2
2020-02-10 16:08:28.668,11561,11562,11562,1
2020-02-10 16:08:45.182,11561,11562,11561,1
2020-02-10 16:08:49.991,11561,11562,11561,3
2020-02-10 16:08:52.624,11560,11561,11561,1
2020-02-10 16:09:00.237,11560,11561,11560,7
2020-02-10 16:09:00.237,11560,11561,11560,2
2020-02-10 16:09:00.378,11559,11560,11559,4
2020-02-10 16:09:00.383,11559,11560,11559,1
2020-02-10 16:09:02.788,11559,11560,11559,6
2020-02-10 16:09:02.789,11559,11560,11559,4
2020-02-10 16:09:02.859,11559,11560,11559,3
2020-02-10 16:09:25.245,11559,11560,11559,7
2020-02-10 16:09:28.858,11559,11560,11559,10
2020-02-10 16:09:35.032,11558,11559,11559,1
2020-02-10 16:09:38.349,11558,11559,11559,2
2020-02-10 16:09:39.435,11559,11560,11559,1
2020-02-10 16:09:44.841,11559,11560,11560,3
2020-02-10 16:09:46.755,11559,11561,11559,1
2020-02-10 16:09:58.581,11560,11561,11560,2
2020-02-10 16:10:09.569,11559,11560,11559,2
2020-02-10 16:10:20.245,11558,11559,11559,1
2020-02-10 16:10:22.877,11558,11559,11559,3
2020-02-10 16:10:23.220,11559,11560,11559,1
2020-02-10 16:10:33.278,11559,11560,11559,4
2020-02-10 16:10:50.323,11558,11559,11559,6
2020-02-10 16:10:57.870,11558,11559,11559,1
2020-02-10 16:11:20.190,11559,11560,11559,1
2020-02-10 16:11:22.841,11559,11560,11559,2
2020-02-10 16:11:23.552,11558,11560,11558,7
2020-02-10 16:11:26.071,11558,11559,11558,1
2020-02-10 16:11:26.276,11558,11559,11558,7
2020-02-10 16:11:36.751,11557,11558,11558,1
2020-02-10 16:11:38.828,11557,11558,11558,1
2020-02-10 16:11:39.032,11557,11558,11557,1
2020-02-10 16:11:41.115,11557,11558,11557,1
2020-02-10 16:11:47.274,11557,11558,11557,1
2020-02-10 16:12:05.450,11557,11558,11557,1
2020-02-10 16:12:06.242,11557,11558,11557,1
2020-02-10 16:12:20.320,11557,11558,11557,1
2020-02-10 16:12:22.244,11557,11558,11558,1
2020-02-10 16:12:28.069,11557,11558,11558,1
2020-02-10 16:12:28.069,11557,11558,11559,1
2020-02-10 16:12:31.705,11557,11558,11558,1
2020-02-10 16:12:34.682,11557,11558,11557,5
2020-02-10 16:12:35.792,11556,11557,11556,3
2020-02-10 16:12:41.840,11555,11556,11555,1
2020-02-10 16:12:42.111,11555,11556,11556,5
2020-02-10 16:12:47.751,11555,11556,11556,2
2020-02-10 16:13:03.704,11556,11557,11557,5
2020-02-10 16:13:10.298,11557,11558,11558,8
2020-02-10 16:13:10.359,11557,11558,11558,2
2020-02-10 16:13:10.674,11558,11559,11559,1
2020-02-10 16:13:12.801,11559,11560,11560,1
2020-02-10 16:13:14.578,11559,11560,11560,1
2020-02-10 16:13:14.578,11559,11560,11560,1
2020-02-10 16:13:16.339,11559,11561,11559,2
2020-02-10 16:13:26.669,11559,11560,11560,1
2020-02-10 16:13:35.271,11560,11561,11561,1
2020-02-10 16:13:35.271,11560,11561,11561,4
2020-02-10 16:13:47.733,11560,11561,11560,5
2020-02-10 16:13:49.510,11558,11560,11558,2
2020-02-10 16:13:49.519,11558,11560,11558,4
2020-02-10 16:14:01.521,11559,11560,11560,1
2020-02-10 16:14:01.521,11559,11560,11560,7
2020-02-10 16:14:02.888,11560,11561,11560,1
2020-02-10 16:14:05.802,11560,11561,11560,2
2020-02-10 16:14:07.758,11559,11561,11561,2
2020-02-10 16:14:10.916,11559,11561,11559,1
2020-02-10 16:14:25.410,11559,11561,11561,2
2020-02-10 16:14:27.463,11559,11561,11559,12
2020-02-10 16:14:51.941,11560,11561,11560,1
2020-02-10 16:14:54.628,11560,11561,11560,1
2020-02-10 16:14:56.740,11560,11561,11561,1
2020-02-10 16:15:02.749,11560,11561,11561,1
2020-02-10 16:15:09.885,11560,11561,11561,1
2020-02-10 16:15:13.992,11560,11561,11560,3
2020-02-10 16:15:24.774,11559,11560,11560,1
2020-02-10 16:16:08.484,11559,11560,11559,7
2020-02-10 16:16:08.485,11559,11560,11559,2
2020-02-10 16:16:10.446,11558,11559,11558,4
2020-02-10 16:16:15.985,11557,11558,11557,2
2020-02-10 16:16:15.985,11557,11558,11557,2
2020-02-10 16:16:16.234,11556,11557,11556,4
2020-02-10 16:16:16.401,11555,11556,11555,9
2020-02-10 16:16:16.402,11555,11556,11555,12
2020-02-10 16:16:16.610,11554,11555,11554,23
2020-02-10 16:16:16.661,11554,11555,11554,1
2020-02-10 16:16:16.877,11553,11554,11554,2
2020-02-10 16:16:16.879,11553,11554,11554,1
2020-02-10 16:16:22.773,11555,11556,11556,1
2020-02-10 16:16:23.026,11555,11557,11556,1
2020-02-10 16:16:25.735,11556,11557,11556,1
2020-02-10 16:16:32.356,11556,11557,11556,3
2020-02-10 16:16:35.593,11555,11557,11556,1
2020-02-10 16:16:39.446,11556,11557,11556,1
2020-02-10 16:16:40.277,11556,11557,11557,2
2020-02-10 16:16:59.170,11557,11558,11557,5
2020-02-10 16:17:00.747,11556,11557,11556,2
2020-02-10 16:17:00.825,11556,11557,11557,8
2020-02-10 16:17:00.965,11556,11558,11556,1
2020-02-10 16:17:01.082,11556,11558,11558,1
2020-02-10 16:17:01.119,11556,11558,11558,1
2020-02-10 16:17:01.152,11556,11558,11556,1
2020-02-10 16:17:01.279,11556,11558,11556,2
2020-02-10 16:17:03.707,11556,11557,11557,1
2020-02-10 16:17:04.098,11556,11558,11556,2
2020-02-10 16:17:06.109,11556,11557,11557,1
2020-02-10 16:17:07.507,11556,11558,11556,2
2020-02-10 16:17:12.594,11557,11558,11558,3
2020-02-10 16:17:15.113,11557,11558,11558,1
2020-02-10 16:17:20.616,11557,11558,11557,1
2020-02-10 16:17:27.349,11557,11558,11558,1
2020-02-10 16:17:38.087,11556,11558,11558,1
2020-02-10 16:17:49.340,11557,11558,11557,1
2020-02-10 16:17:50.718,11556,11557,11557,1
2020-02-10 16:17:56.630,11556,11557,11556,1
2020-02-10 16:18:03.696,11555,11556,11556,1
2020-02-10 16:18:06.113,11556,11557,11556,1
2020-02-10 16:18:12.302,11556,11557,11557,11
2020-02-10 16:18:12.832,11557,11558,11558,1
2020-02-10 16:18:15.023,11558,11559,11559,2
2020-02-10 16:18:15.024,11558,11559,11559,1
2020-02-10 16:18:15.109,11558,11559,11559,1
2020-02-10 16:18:24.210,11558,11559,11559,1
2020-02-10 16:18:24.356,11558,11559,11559,1
2020-02-10 16:18:45.609,11559,11560,11559,2
2020-02-10 16:18:50.040,11558,11559,11558,3
2020-02-10 16:19:07.996,11556,11557,11556,2
2020-02-10 16:19:07.996,11556,11557,11556,3
2020-02-10 16:19:09.563,11555,11556,11555,2
2020-02-10 16:19:09.996,11555,11556,11555,16
2020-02-10 16:19:10.956,11554,11555,11554,1
2020-02-10 16:19:10.956,11554,11555,11554,9
2020-02-10 16:19:10.956,11554,11555,11554,1
2020-02-10 16:19:10.956,11554,11555,11554,2
2020-02-10 16:19:10.956,11554,11555,11554,3
2020-02-10 16:19:10.956,11554,11555,11554,1
2020-02-10 16:19:11.024,11553,11554,11553,1
2020-02-10 16:19:11.031,11553,11554,11553,5
2020-02-10 16:19:13.619,11552,11553,11553,1
2020-02-10 16:19:15.196,11553,11554,11554,2
2020-02-10 16:19:18.489,11553,11554,11553,12
2020-02-10 16:19:19.547,11553,11554,11553,1
2020-02-10 16:19:27.670,11552,11553,11552,2
2020-02-10 16:19:31.798,11552,11553,11552,1
2020-02-10 16:19:32.803,11552,11553,11553,1
2020-02-10 16:19:33.149,11552,11553,11552,8
2020-02-10 16:19:34.943,11552,11553,11552,1
2020-02-10 16:19:36.241,11551,11552,11552,1
2020-02-10 16:19:38.622,11551,11552,11551,4
2020-02-10 16:19:38.783,11551,11552,11552,1
2020-02-10 16:19:38.940,11551,11553,11551,1
2020-02-10 16:19:39.136,11551,11552,11551,2
2020-02-10 16:19:41.825,11551,11552,11552,1
2020-02-10 16:19:42.521,11552,11553,11552,1
2020-02-10 16:19:45.435,11551,11552,11551,1
2020-02-10 16:19:48.609,11551,11552,11552,2
2020-02-10 16:19:55.034,11552,11554,11552,1
2020-02-10 16:19:57.909,11552,11554,11554,1
2020-02-10 16:19:58.300,11552,11554,11552,1
2020-02-10 16:20:02.257,11552,11553,11553,1
2020-02-10 16:20:04.256,11553,11554,11553,5
2020-02-10 16:20:05.246,11553,11554,11553,1
2020-02-10 16:20:07.665,11553,11554,11554,1
2020-02-10 16:20:07.924,11553,11554,11554,3
2020-02-10 16:20:14.893,11553,11554,11554,1
2020-02-10 16:20:16.268,11552,11554,11552,1
2020-02-10 16:20:16.360,11553,11554,11553,1
2020-02-10 16:20:23.984,11553,11554,11554,1
2020-02-10 16:20:26.071,11554,11555,11554,1
2020-02-10 16:20:32.756,11554,11555,11554,1
2020-02-10 16:20:38.859,11553,11554,11554,1
2020-02-10 16:20:40.877,11553,11554,11553,3
2020-02-10 16:20:47.778,11553,11554,11553,1
2020-02-10 16:20:56.610,11553,11554,11553,1
2020-02-10 16:20:58.734,11553,11554,11553,1
2020-02-10 16:20:58.734,11553,11554,11553,6
2020-02-10 16:21:01.597,11552,11553,11553,1
2020-02-10 16:21:01.964,11553,11554,11553,1
2020-02-10 16:21:02.220,11552,11554,11554,2
2020-02-10 16:21:03.248,11552,11553,11553,1
2020-02-10 16:21:04.368,11553,11554,11553,1
2020-02-10 16:21:04.874,11553,11554,11553,1
2020-02-10 16:21:05.037,11553,11554,11553,1
2020-02-10 16:21:08.079,11553,11554,11553,1
2020-02-10 16:21:08.165,11553,11554,11553,1
2020-02-10 16:21:08.298,11553,11554,11553,1
2020-02-10 16:21:09.623,11553,11554,11553,1
2020-02-10 16:21:11.472,11553,11554,11553,1
2020-02-10 16:21:13.365,11553,11554,11553,1
2020-02-10 16:21:13.508,11553,11554,11553,1
2020-02-10 16:21:14.253,11553,11554,11553,1
2020-02-10 16:21:14.402,11553,11554,11554,7
2020-02-10 16:21:15.754,11554,11555,11554,1
2020-02-10 16:21:23.371,11554,11555,11554,4
2020-02-10 16:21:26.572,11554,11555,11555,2
2020-02-10 16:21:26.682,11555,11556,11556,2
2020-02-10 16:21:26.806,11555,11556,11556,2
2020-02-10 16:21:29.528,11554,11555,11554,6
2020-02-10 16:21:32.504,11554,11555,11554,1
2020-02-10 16:21:43.727,11554,11555,11554,1
2020-02-10 16:22:04.994,11554,11555,11554,2
2020-02-10 16:22:08.853,11554,11555,11554,4
2020-02-10 16:22:17.337,11553,11554,11554,1
2020-02-10 16:22:19.275,11553,11554,11553,2
2020-02-10 16:22:19.276,11553,11554,11553,1
2020-02-10 16:22:19.295,11553,11554,11553,2
2020-02-10 16:22:19.296,11553,11554,11553,3
2020-02-10 16:22:19.296,11553,11554,11553,1
2020-02-10 16:22:19.297,11553,11554,11553,1
2020-02-10 16:22:19.364,11552,11553,11552,1
2020-02-10 16:22:19.366,11552,11553,11552,1
2020-02-10 16:22:19.484,11552,11553,11552,1
2020-02-10 16:22:19.484,11552,11553,11552,7
2020-02-10 16:22:24.785,11552,11553,11552,2
2020-02-10 16:22:25.802,11552,11553,11553,1
2020-02-10 16:22:26.995,11552,11553,11553,1
2020-02-10 16:22:28.147,11552,11553,11553,1
2020-02-10 16:22:31.564,11552,11553,11553,1
2020-02-10 16:22:31.567,11552,11553,11553,1
2020-02-10 16:22:36.457,11553,11554,11553,1
2020-02-10 16:22:42.187,11552,11553,11553,3
2020-02-10 16:22:42.197,11552,11553,11553,1
2020-02-10 16:22:42.197,11552,11553,11554,6
2020-02-10 16:22:46.647,11552,11553,11552,2
2020-02-10 16:22:47.905,11552,11553,11552,5
2020-02-10 16:22:50.609,11552,11553,11552,10
2020-02-10 16:22:52.358,11551,11552,11551,2
2020-02-10 16:22:52.980,11551,11552,11551,2
2020-02-10 16:22:52.981,11551,11552,11551,1
2020-02-10 16:22:52.983,11551,11552,11551,1
2020-02-10 16:22:52.984,11551,11552,11551,3
2020-02-10 16:22:52.984,11551,11552,11551,7
2020-02-10 16:22:53.193,11550,11551,11550,1
2020-02-10 16:22:53.203,11550,11551,11550,5
2020-02-10 16:22:53.297,11550,11551,11550,1
2020-02-10 16:22:53.437,11550,11551,11550,1
2020-02-10 16:22:53.437,11550,11551,11550,4
2020-02-10 16:22:53.438,11550,11551,11550,2
2020-02-10 16:22:53.438,11550,11551,11550,1
2020-02-10 16:22:53.438,11550,11551,11550,1
2020-02-10 16:22:53.439,11550,11551,11550,1
2020-02-10 16:22:53.439,11550,11551,11550,1
2020-02-10 16:22:53.439,11550,11551,11550,1
2020-02-10 16:22:53.439,11550,11551,11550,3
2020-02-10 16:22:53.439,11550,11551,11550,1
2020-02-10 16:22:53.439,11550,11551,11550,3
2020-02-10 16:22:53.485,11550,11551,11550,6
2020-02-10 16:22:53.485,11550,11551,11550,4
2020-02-10 16:22:53.485,11550,11551,11550,5
2020-02-10 16:22:53.485,11550,11551,11550,5
2020-02-10 16:22:53.485,11550,11551,11550,1
2020-02-10 16:22:53.693,11549,11551,11549,1
2020-02-10 16:22:53.856,11549,11550,11549,1
2020-02-10 16:22:53.894,11549,11550,11549,1
2020-02-10 16:22:53.946,11549,11550,11549,1
2020-02-10 16:22:54.009,11549,11550,11549,1
2020-02-10 16:22:54.067,11549,11550,11549,1
2020-02-10 16:22:54.280,11549,11550,11549,2
2020-02-10 16:22:54.288,11549,11550,11549,6
2020-02-10 16:22:54.535,11548,11550,11548,2
2020-02-10 16:22:54.611,11548,11549,11548,1
2020-02-10 16:22:54.705,11548,11549,11548,1
2020-02-10 16:22:54.720,11548,11549,11548,2
2020-02-10 16:22:54.961,11548,11549,11548,1
2020-02-10 16:22:56.138,11548,11549,11548,12
2020-02-10 16:22:57.093,11547,11548,11547,2
2020-02-10 16:22:57.140,11547,11548,11548,3
2020-02-10 16:22:57.246,11547,11548,11547,2
2020-02-10 16:22:57.320,11547,11548,11547,1
2020-02-10 16:22:57.332,11547,11548,11547,2
2020-02-10 16:22:57.567,11547,11548,11547,2
2020-02-10 16:22:57.905,11547,11548,11548,1
2020-02-10 16:22:58.139,11547,11548,11547,1
2020-02-10 16:23:00.292,11547,11548,11547,1
2020-02-10 16:23:00.302,11547,11548,11548,1
2020-02-10 16:23:00.789,11547,11548,11547,1
2020-02-10 16:23:02.626,11547,11548,11547,1
2020-02-10 16:23:04.074,11547,11548,11548,1
2020-02-10 16:23:11.038,11548,11549,11548,1
2020-02-10 16:23:11.102,11548,11549,11548,3
2020-02-10 16:23:14.121,11548,11549,11549,1
2020-02-10 16:23:15.262,11548,11549,11548,1
2020-02-10 16:23:15.368,11548,11549,11549,1
2020-02-10 16:23:15.830,11548,11549,11549,4
2020-02-10 16:23:17.110,11549,11550,11549,1
2020-02-10 16:23:18.486,11549,11550,11549,1
2020-02-10 16:23:18.871,11548,11549,11549,1
2020-02-10 16:23:19.527,11548,11549,11548,10
2020-02-10 16:23:20.131,11547,11548,11548,1
2020-02-10 16:23:20.858,11547,11548,11547,20
2020-02-10 16:23:21.053,11547,11548,11547,1
2020-02-10 16:23:21.234,11547,11548,11547,4
2020-02-10 16:23:21.245,11547,11548,11547,4
2020-02-10 16:23:21.247,11547,11548,11547,8
2020-02-10 16:23:21.534,11546,11548,11546,1
2020-02-10 16:23:21.607,11546,11548,11548,2
2020-02-10 16:23:21.643,11546,11548,11546,1
2020-02-10 16:23:21.699,11546,11548,11546,1
2020-02-10 16:23:24.758,11546,11548,11546,1
2020-02-10 16:23:24.895,11546,11548,11546,1
2020-02-10 16:23:25.163,11546,11548,11546,1
2020-02-10 16:23:25.310,11546,11548,11546,1
2020-02-10 16:23:26.849,11546,11547,11546,1
2020-02-10 16:23:27.846,11546,11547,11547,1
2020-02-10 16:23:28.659,11547,11548,11547,1
2020-02-10 16:23:30.585,11547,11549,11548,4
2020-02-10 16:23:30.585,11547,11549,11549,1
2020-02-10 16:23:30.811,11547,11549,11547,1
2020-02-10 16:23:30.954,11547,11548,11547,1
2020-02-10 16:23:33.553,11547,11548,11547,1
2020-02-10 16:23:36.630,11547,11548,11548,1
2020-02-10 16:23:38.677,11547,11548,11547,1
2020-02-10 16:23:38.913,11547,11548,11548,1
2020-02-10 16:23:39.515,11547,11548,11548,3
2020-02-10 16:23:39.952,11547,11548,11547,1
2020-02-10 16:23:42.592,11547,11548,11547,1
2020-02-10 16:23:44.397,11547,11549,11547,1
2020-02-10 16:23:51.443,11547,11548,11547,1
2020-02-10 16:23:52.271,11547,11548,11547,4
2020-02-10 16:23:53.648,11546,11547,11547,1
2020-02-10 16:23:57.682,11546,11547,11546,1
2020-02-10 16:23:57.683,11546,11547,11546,1
2020-02-10 16:23:57.683,11546,11547,11546,2
2020-02-10 16:23:57.683,11546,11547,11546,2
2020-02-10 16:23:57.683,11546,11547,11546,3
2020-02-10 16:23:57.683,11546,11547,11546,1
2020-02-10 16:23:57.738,11545,11546,11545,1
2020-02-10 16:23:57.742,11545,11546,11545,1
2020-02-10 16:23:57.917,11545,11546,11545,1
2020-02-10 16:23:57.917,11545,11546,11545,2
2020-02-10 16:23:58.055,11545,11546,11545,20
2020-02-10 16:23:58.210,11544,11546,11544,3
2020-02-10 16:23:58.249,11544,11545,11544,1
2020-02-10 16:23:58.330,11544,11545,11545,1
2020-02-10 16:23:58.360,11544,11545,11545,1
2020-02-10 16:23:58.720,11544,11545,11544,2
2020-02-10 16:24:00.374,11544,11545,11544,20
2020-02-10 16:24:00.455,11544,11545,11543,1
2020-02-10 16:24:00.544,11543,11545,11543,2
2020-02-10 16:24:00.547,11543,11545,11545,1
2020-02-10 16:24:00.861,11543,11545,11543,1
2020-02-10 16:24:01.353,11543,11544,11543,8
2020-02-10 16:24:01.359,11543,11544,11543,1
2020-02-10 16:24:01.360,11543,11544,11543,3
2020-02-10 16:24:01.402,11543,11544,11543,2
2020-02-10 16:24:01.428,11543,11544,11543,1
2020-02-10 16:24:01.787,11543,11544,11543,3
2020-02-10 16:24:01.787,11543,11544,11542,2
2020-02-10 16:24:01.947,11542,11544,11542,1
2020-02-10 16:24:02.366,11542,11543,11542,1
2020-02-10 16:24:02.937,11542,11543,11543,1
2020-02-10 16:24:03.226,11542,11543,11543,1
2020-02-10 16:24:04.096,11542,11543,11543,1
2020-02-10 16:24:04.650,11543,11544,11544,1
2020-02-10 16:24:04.741,11543,11544,11544,2
2020-02-10 16:24:04.742,11543,11544,11544,1
2020-02-10 16:24:04.758,11543,11544,11544,1
2020-02-10 16:24:04.758,11543,11544,11544,3
2020-02-10 16:24:05.096,11543,11545,11543,6
2020-02-10 16:24:06.265,11543,11544,11543,1
2020-02-10 16:24:06.661,11543,11544,11543,1
2020-02-10 16:24:07.451,11543,11544,11544,1
2020-02-10 16:24:07.522,11543,11544,11543,3
2020-02-10 16:24:07.624,11543,11544,11543,1
2020-02-10 16:24:08.365,11543,11544,11543,1
2020-02-10 16:24:08.526,11543,11544,11544,1
2020-02-10 16:24:09.239,11543,11544,11543,1
2020-02-10 16:24:10.014,11542,11543,11543,1
2020-02-10 16:24:10.337,11542,11543,11543,1
2020-02-10 16:24:10.780,11542,11544,11542,1
2020-02-10 16:24:10.981,11542,11544,11542,13
2020-02-10 16:24:10.985,11542,11544,11543,1
2020-02-10 16:24:11.645,11542,11543,11542,1
2020-02-10 16:24:11.901,11542,11543,11542,1
2020-02-10 16:24:13.232,11542,11543,11542,1
2020-02-10 16:24:14.425,11542,11543,11542,13
2020-02-10 16:24:15.836,11541,11542,11541,15
2020-02-10 16:24:15.885,11541,11542,11542,2
2020-02-10 16:24:15.899,11541,11542,11541,1
2020-02-10 16:24:16.077,11541,11542,11541,1
2020-02-10 16:24:16.152,11541,11542,11542,1
2020-02-10 16:24:16.435,11541,11543,11541,1
2020-02-10 16:24:16.907,11541,11543,11541,1
2020-02-10 16:24:17.507,11541,11542,11541,1
2020-02-10 16:24:17.547,11541,11542,11541,4
2020-02-10 16:24:17.547,11541,11542,11540,9
2020-02-10 16:24:17.646,11540,11542,11540,2
2020-02-10 16:24:17.654,11540,11542,11540,1
2020-02-10 16:24:17.659,11540,11542,11540,1
2020-02-10 16:24:17.822,11540,11542,11540,1
2020-02-10 16:24:17.868,11540,11541,11540,2
2020-02-10 16:24:17.929,11540,11541,11540,1
2020-02-10 16:24:18.111,11540,11541,11540,1
2020-02-10 16:24:18.629,11540,11541,11541,1
2020-02-10 16:24:18.805,11540,11541,11540,4
2020-02-10 16:24:18.805,11540,11541,11539,1
2020-02-10 16:24:19.010,11540,11541,11540,1
2020-02-10 16:24:19.061,11540,11541,11539,1
2020-02-10 16:24:19.066,11540,11541,11539,1
2020-02-10 16:24:19.329,11539,11540,11539,1
2020-02-10 16:24:19.535,11539,11540,11540,3
2020-02-10 16:24:20.274,11539,11541,11539,1
2020-02-10 16:24:21.021,11539,11541,11541,1
2020-02-10 16:24:21.245,11540,11541,11540,3
2020-02-10 16:24:21.261,11540,11541,11539,1
2020-02-10 16:24:22.478,11540,11541,11540,5
2020-02-10 16:24:22.489,11540,11541,11540,1
2020-02-10 16:24:22.489,11540,11541,11539,3
2020-02-10 16:24:23.559,11540,11541,11540,1
2020-02-10 16:24:23.827,11540,11541,11540,1
2020-02-10 16:24:24.537,11540,11541,11540,1
2020-02-10 16:24:24.766,11540,11541,11540,2
2020-02-10 16:24:24.904,11540,11541,11540,1
2020-02-10 16:24:25.099,11540,11541,11540,10
2020-02-10 16:24:25.099,11540,11541,11539,20
2020-02-10 16:24:25.536,11539,11540,11539,1
2020-02-10 16:24:26.002,11539,11540,11539,1
2020-02-10 16:24:26.112,11539,11540,11539,3
2020-02-10 16:24:27.584,11538,11540,11538,3
2020-02-10 16:24:27.653,11538,11540,11538,1
2020-02-10 16:24:27.736,11538,11540,11538,1
2020-02-10 16:24:27.738,11538,11540,11540,1
2020-02-10 16:24:30.420,11539,11540,11539,1
2020-02-10 16:24:31.386,11538,11539,11538,1
2020-02-10 16:24:31.597,11538,11539,11538,1
2020-02-10 16:24:32.100,11538,11539,11539,1
2020-02-10 16:24:33.674,11539,11540,11539,1
2020-02-10 16:24:34.463,11539,11540,11539,1
2020-02-10 16:24:34.556,11539,11540,11540,2
2020-02-10 16:24:34.642,11539,11540,11539,6
2020-02-10 16:24:34.951,11539,11540,11539,1
