2019-05-16 15:00:00.092,10497,10498,10498,64
2019-05-16 15:00:00.134,10497,10498,10498,4
2019-05-16 15:00:00.283,10497,10498,10498,2
2019-05-16 15:00:00.291,10497,10498,10498,4
2019-05-16 15:00:00.311,10497,10498,10498,1
2019-05-16 15:00:00.532,10498,10499,10499,2
2019-05-16 15:00:00.681,10498,10499,10498,1
2019-05-16 15:00:00.715,10498,10499,10499,1
2019-05-16 15:00:00.944,10498,10499,10499,2
2019-05-16 15:00:00.956,10498,10499,10499,1
2019-05-16 15:00:00.990,10498,10499,10498,5
2019-05-16 15:00:01.063,10498,10499,10498,1
2019-05-16 15:00:01.275,10498,10499,10499,6
2019-05-16 15:00:01.305,10498,10499,10499,9
2019-05-16 15:00:01.753,10499,10500,10499,2
2019-05-16 15:00:01.962,10499,10500,10500,1
2019-05-16 15:00:01.975,10499,10500,10500,1
2019-05-16 15:00:02.003,10499,10500,10499,1
2019-05-16 15:00:02.011,10499,10500,10499,1
2019-05-16 15:00:02.074,10499,10500,10499,1
2019-05-16 15:00:02.093,10499,10500,10498,1
2019-05-16 15:00:02.116,10499,10500,10498,1
2019-05-16 15:00:02.134,10499,10500,10498,1
2019-05-16 15:00:02.378,10498,10499,10498,3
2019-05-16 15:00:02.400,10497,10498,10497,8
2019-05-16 15:00:02.400,10497,10498,10497,2
2019-05-16 15:00:02.401,10497,10498,10497,1
2019-05-16 15:00:02.525,10496,10497,10496,1
2019-05-16 15:00:02.660,10496,10497,10496,1
2019-05-16 15:00:02.748,10496,10497,10496,1
2019-05-16 15:00:04.082,10496,10497,10497,1
2019-05-16 15:00:04.087,10496,10497,10497,1
2019-05-16 15:00:04.241,10496,10498,10497,3
2019-05-16 15:00:05.180,10498,10499,10499,2
2019-05-16 15:00:06.153,10498,10500,10500,2
2019-05-16 15:00:06.741,10498,10499,10499,2
2019-05-16 15:00:08.666,10499,10500,10500,1
2019-05-16 15:00:08.992,10499,10500,10499,2
2019-05-16 15:00:09.502,10499,10500,10499,1
2019-05-16 15:00:10.994,10499,10500,10500,1
2019-05-16 15:00:11.179,10499,10500,10500,15
2019-05-16 15:00:11.530,10500,10501,10501,2
2019-05-16 15:00:11.536,10500,10501,10501,2
2019-05-16 15:00:11.941,10501,10502,10501,11
2019-05-16 15:00:12.276,10501,10502,10501,1
2019-05-16 15:00:12.607,10501,10502,10502,2
2019-05-16 15:00:12.631,10501,10502,10501,2
2019-05-16 15:00:12.632,10501,10502,10502,5
2019-05-16 15:00:13.247,10501,10502,10502,3
2019-05-16 15:00:13.247,10501,10502,10502,1
2019-05-16 15:00:13.275,10502,10503,10502,1
2019-05-16 15:00:13.401,10501,10503,10501,1
2019-05-16 15:00:14.617,10501,10502,10501,2
2019-05-16 15:00:14.986,10501,10502,10502,4
2019-05-16 15:00:15.263,10501,10502,10502,2
2019-05-16 15:00:15.480,10501,10502,10502,2
2019-05-16 15:00:16.253,10501,10502,10501,1
2019-05-16 15:00:18.164,10500,10501,10501,1
2019-05-16 15:00:18.580,10500,10501,10501,1
2019-05-16 15:00:18.973,10501,10502,10501,3
2019-05-16 15:00:18.976,10501,10502,10501,2
2019-05-16 15:00:19.260,10501,10502,10502,1
2019-05-16 15:00:22.181,10501,10502,10502,2
2019-05-16 15:00:22.318,10501,10502,10502,4
2019-05-16 15:00:22.650,10502,10503,10503,1
2019-05-16 15:00:22.807,10502,10503,10502,2
2019-05-16 15:00:22.999,10502,10503,10502,1
2019-05-16 15:00:23.066,10502,10503,10503,1
2019-05-16 15:00:23.118,10502,10503,10502,1
2019-05-16 15:00:23.227,10502,10503,10503,1
2019-05-16 15:00:23.230,10502,10503,10502,1
2019-05-16 15:00:24.131,10502,10503,10502,2
2019-05-16 15:00:24.672,10502,10503,10502,1
2019-05-16 15:00:28.038,10502,10503,10502,1
2019-05-16 15:00:28.304,10502,10503,10503,8
2019-05-16 15:00:28.976,10503,10504,10503,1
2019-05-16 15:00:29.844,10503,10504,10503,1
2019-05-16 15:00:30.250,10503,10504,10504,2
2019-05-16 15:00:30.871,10503,10504,10504,1
2019-05-16 15:00:31.459,10503,10504,10503,2
2019-05-16 15:00:31.696,10503,10504,10503,1
2019-05-16 15:00:31.774,10503,10504,10503,2
2019-05-16 15:00:32.317,10502,10503,10503,1
2019-05-16 15:00:32.662,10502,10503,10503,1
2019-05-16 15:00:33.274,10502,10503,10503,2
2019-05-16 15:00:33.575,10502,10504,10504,1
2019-05-16 15:00:33.736,10503,10504,10503,1
2019-05-16 15:00:36.658,10503,10504,10503,1
2019-05-16 15:00:36.754,10503,10504,10503,5
2019-05-16 15:00:38.357,10503,10504,10504,2
2019-05-16 15:00:38.420,10503,10504,10503,2
2019-05-16 15:00:38.439,10503,10504,10503,1
2019-05-16 15:00:38.880,10502,10503,10503,1
2019-05-16 15:00:39.067,10502,10503,10503,1
2019-05-16 15:00:39.756,10503,10504,10503,1
2019-05-16 15:00:40.876,10502,10503,10503,1
2019-05-16 15:00:40.876,10502,10503,10504,9
2019-05-16 15:00:41.305,10503,10504,10503,1
2019-05-16 15:00:41.509,10503,10504,10504,1
2019-05-16 15:00:41.740,10503,10504,10502,1
2019-05-16 15:00:44.182,10503,10504,10504,5
2019-05-16 15:00:44.360,10503,10504,10504,3
2019-05-16 15:00:44.388,10503,10504,10503,1
2019-05-16 15:00:45.327,10503,10504,10503,1
2019-05-16 15:00:45.686,10503,10504,10504,2
2019-05-16 15:00:45.825,10503,10504,10504,2
2019-05-16 15:00:45.933,10503,10504,10504,2
2019-05-16 15:00:46.074,10503,10504,10503,1
2019-05-16 15:00:46.423,10503,10504,10504,1
2019-05-16 15:00:47.121,10504,10505,10504,1
2019-05-16 15:00:47.121,10504,10505,10503,2
2019-05-16 15:00:49.578,10504,10505,10504,1
2019-05-16 15:00:49.949,10504,10505,10505,4
2019-05-16 15:00:52.239,10504,10505,10504,1
2019-05-16 15:00:53.366,10504,10505,10504,1
2019-05-16 15:00:53.590,10504,10505,10504,1
2019-05-16 15:00:54.960,10504,10505,10505,1
2019-05-16 15:00:55.184,10504,10505,10504,1
2019-05-16 15:00:56.876,10503,10504,10504,1
2019-05-16 15:00:56.901,10503,10504,10504,1
2019-05-16 15:00:57.539,10503,10504,10504,1
2019-05-16 15:00:58.072,10503,10504,10503,1
2019-05-16 15:00:59.447,10503,10504,10504,1
2019-05-16 15:01:00.006,10503,10504,10504,5
2019-05-16 15:01:02.681,10504,10505,10504,1
2019-05-16 15:01:02.820,10504,10505,10505,1
2019-05-16 15:01:02.940,10504,10505,10505,1
2019-05-16 15:01:02.940,10504,10505,10505,1
2019-05-16 15:01:02.991,10504,10505,10505,1
2019-05-16 15:01:06.871,10504,10505,10504,1
2019-05-16 15:01:08.446,10504,10505,10505,2
2019-05-16 15:01:11.397,10504,10505,10505,1
2019-05-16 15:01:11.666,10504,10505,10505,1
2019-05-16 15:01:12.993,10504,10505,10505,1
2019-05-16 15:01:13.739,10504,10505,10505,1
2019-05-16 15:01:13.981,10504,10505,10505,1
2019-05-16 15:01:14.343,10504,10505,10504,3
2019-05-16 15:01:17.128,10504,10505,10505,10
2019-05-16 15:01:17.301,10504,10505,10505,26
2019-05-16 15:01:17.524,10505,10506,10506,3
2019-05-16 15:01:17.525,10505,10506,10506,5
2019-05-16 15:01:17.525,10505,10506,10506,9
2019-05-16 15:01:17.659,10506,10507,10506,1
2019-05-16 15:01:17.690,10506,10507,10507,1
2019-05-16 15:01:17.775,10506,10507,10507,5
2019-05-16 15:01:17.825,10506,10507,10508,1
2019-05-16 15:01:17.931,10507,10508,10508,4
2019-05-16 15:01:18.020,10507,10508,10508,1
2019-05-16 15:01:18.048,10507,10508,10508,1
2019-05-16 15:01:18.078,10507,10508,10507,4
2019-05-16 15:01:18.200,10507,10508,10508,2
2019-05-16 15:01:18.226,10507,10508,10507,2
2019-05-16 15:01:18.238,10507,10508,10508,1
2019-05-16 15:01:18.275,10507,10508,10508,1
2019-05-16 15:01:18.400,10507,10508,10508,1
2019-05-16 15:01:18.524,10507,10508,10508,1
2019-05-16 15:01:18.525,10507,10508,10508,1
2019-05-16 15:01:22.292,10507,10508,10507,2
2019-05-16 15:01:23.331,10507,10508,10507,3
2019-05-16 15:01:25.370,10506,10507,10507,1
2019-05-16 15:01:25.870,10506,10507,10507,4
2019-05-16 15:01:27.545,10506,10507,10507,1
2019-05-16 15:01:27.661,10506,10507,10507,1
2019-05-16 15:01:28.284,10506,10507,10506,1
2019-05-16 15:01:31.091,10506,10507,10507,3
2019-05-16 15:01:31.736,10506,10507,10507,1
2019-05-16 15:01:31.756,10506,10507,10506,1
2019-05-16 15:01:32.510,10506,10507,10507,1
2019-05-16 15:01:33.450,10506,10507,10506,2
2019-05-16 15:01:33.450,10506,10507,10506,1
2019-05-16 15:01:33.451,10506,10507,10506,1
2019-05-16 15:01:33.465,10506,10507,10506,4
2019-05-16 15:01:33.650,10505,10506,10505,4
2019-05-16 15:01:33.767,10505,10506,10505,1
2019-05-16 15:01:33.775,10505,10506,10505,3
2019-05-16 15:01:34.022,10504,10505,10504,1
2019-05-16 15:01:34.025,10504,10505,10504,2
2019-05-16 15:01:34.150,10504,10505,10504,3
2019-05-16 15:01:34.167,10504,10505,10504,1
2019-05-16 15:01:34.179,10504,10505,10504,1
2019-05-16 15:01:34.179,10504,10505,10504,1
2019-05-16 15:01:34.288,10504,10505,10505,1
2019-05-16 15:01:34.813,10504,10505,10504,2
2019-05-16 15:01:34.823,10504,10505,10504,1
2019-05-16 15:01:36.010,10503,10504,10504,2
2019-05-16 15:01:36.010,10503,10504,10504,1
2019-05-16 15:01:36.059,10504,10505,10504,1
2019-05-16 15:01:37.722,10504,10505,10505,1
2019-05-16 15:01:38.621,10504,10505,10504,1
2019-05-16 15:01:39.442,10504,10505,10504,1
2019-05-16 15:01:43.704,10504,10505,10505,2
2019-05-16 15:01:43.995,10504,10506,10506,1
2019-05-16 15:01:49.280,10505,10506,10506,1
2019-05-16 15:01:49.843,10505,10506,10506,1
2019-05-16 15:01:49.881,10505,10506,10506,1
2019-05-16 15:01:49.973,10505,10506,10505,2
2019-05-16 15:01:51.828,10505,10506,10506,1
2019-05-16 15:01:52.989,10506,10507,10507,3
2019-05-16 15:01:53.125,10506,10507,10507,1
2019-05-16 15:01:53.321,10506,10507,10507,1
2019-05-16 15:01:53.457,10506,10507,10506,2
2019-05-16 15:01:53.972,10506,10507,10506,3
2019-05-16 15:01:53.972,10506,10507,10505,35
2019-05-16 15:01:54.080,10504,10505,10505,12
2019-05-16 15:01:56.306,10506,10507,10507,1
2019-05-16 15:01:57.461,10506,10507,10506,1
2019-05-16 15:01:58.165,10506,10507,10506,1
2019-05-16 15:01:59.102,10506,10507,10506,1
2019-05-16 15:02:00.462,10505,10506,10506,2
2019-05-16 15:02:00.995,10505,10506,10506,1
2019-05-16 15:02:01.074,10505,10506,10506,1
2019-05-16 15:02:02.102,10505,10506,10505,4
2019-05-16 15:02:02.898,10505,10506,10506,9
2019-05-16 15:02:03.216,10506,10507,10506,1
2019-05-16 15:02:03.376,10506,10507,10506,1
2019-05-16 15:02:03.597,10505,10506,10505,1
2019-05-16 15:02:05.696,10505,10506,10506,1
2019-05-16 15:02:06.425,10506,10507,10507,1
2019-05-16 15:02:06.700,10506,10507,10506,1
2019-05-16 15:02:09.162,10505,10506,10506,1
2019-05-16 15:02:10.342,10505,10506,10506,2
2019-05-16 15:02:10.720,10505,10506,10506,2
2019-05-16 15:02:11.927,10505,10506,10506,4
2019-05-16 15:02:12.348,10505,10506,10506,2
2019-05-16 15:02:12.367,10505,10506,10506,4
2019-05-16 15:02:14.939,10506,10507,10506,1
2019-05-16 15:02:19.132,10506,10507,10506,1
2019-05-16 15:02:20.639,10506,10507,10506,1
2019-05-16 15:02:20.904,10506,10507,10506,11
2019-05-16 15:02:21.024,10505,10506,10506,5
2019-05-16 15:02:21.103,10505,10506,10506,11
2019-05-16 15:02:21.350,10506,10507,10507,3
2019-05-16 15:02:21.350,10506,10507,10507,1
2019-05-16 15:02:22.360,10506,10507,10507,10
2019-05-16 15:02:23.118,10506,10507,10507,1
2019-05-16 15:02:23.118,10506,10507,10508,1
2019-05-16 15:02:23.179,10506,10508,10506,3
2019-05-16 15:02:25.196,10506,10507,10507,1
2019-05-16 15:02:26.442,10506,10507,10506,1
2019-05-16 15:02:28.792,10506,10507,10506,5
2019-05-16 15:02:31.567,10506,10507,10506,1
2019-05-16 15:02:31.567,10506,10507,10506,1
2019-05-16 15:02:31.567,10506,10507,10506,1
2019-05-16 15:02:31.567,10506,10507,10506,1
2019-05-16 15:02:32.110,10505,10506,10506,1
2019-05-16 15:02:32.447,10505,10506,10506,5
2019-05-16 15:02:33.395,10505,10506,10505,37
2019-05-16 15:02:33.395,10505,10506,10504,45
2019-05-16 15:02:35.599,10503,10504,10504,4
2019-05-16 15:02:37.896,10503,10504,10504,1
2019-05-16 15:02:38.086,10503,10504,10503,1
2019-05-16 15:02:38.520,10503,10504,10503,4
2019-05-16 15:02:38.556,10503,10504,10504,17
2019-05-16 15:02:40.063,10505,10506,10505,15
2019-05-16 15:02:40.150,10505,10506,10505,4
2019-05-16 15:02:45.710,10504,10505,10505,3
2019-05-16 15:02:45.925,10505,10506,10505,1
2019-05-16 15:02:47.210,10505,10506,10505,1
2019-05-16 15:02:47.367,10505,10506,10505,2
2019-05-16 15:02:50.567,10505,10506,10506,1
2019-05-16 15:02:52.734,10505,10506,10505,2
2019-05-16 15:02:54.912,10505,10506,10505,5
2019-05-16 15:02:54.918,10505,10506,10505,1
2019-05-16 15:02:54.992,10505,10506,10505,1
2019-05-16 15:02:55.553,10505,10506,10505,3
2019-05-16 15:02:55.792,10505,10506,10506,1
2019-05-16 15:02:57.951,10505,10506,10505,1
2019-05-16 15:03:01.297,10505,10506,10506,2
2019-05-16 15:03:02.294,10505,10506,10505,5
2019-05-16 15:03:02.510,10505,10506,10505,2
2019-05-16 15:03:02.908,10504,10505,10504,1
2019-05-16 15:03:03.471,10504,10505,10504,2
2019-05-16 15:03:04.437,10504,10505,10505,1
2019-05-16 15:03:05.664,10504,10505,10505,3
2019-05-16 15:03:09.305,10504,10505,10504,1
2019-05-16 15:03:12.801,10504,10505,10505,1
2019-05-16 15:03:13.365,10504,10505,10504,1
2019-05-16 15:03:19.724,10504,10505,10504,2
2019-05-16 15:03:20.387,10504,10505,10505,15
2019-05-16 15:03:24.008,10504,10505,10504,2
2019-05-16 15:03:25.771,10504,10505,10504,1
2019-05-16 15:03:25.771,10504,10505,10504,3
2019-05-16 15:03:28.089,10504,10505,10504,8
2019-05-16 15:03:28.089,10504,10505,10504,4
2019-05-16 15:03:28.089,10504,10505,10504,4
2019-05-16 15:03:31.731,10503,10504,10504,2
2019-05-16 15:03:31.735,10503,10504,10503,10
2019-05-16 15:03:31.885,10503,10504,10503,2
2019-05-16 15:03:33.820,10503,10504,10503,2
2019-05-16 15:03:34.197,10502,10504,10503,1
2019-05-16 15:03:40.107,10503,10504,10503,1
2019-05-16 15:03:41.810,10503,10504,10503,1
2019-05-16 15:03:42.263,10503,10504,10503,1
2019-05-16 15:03:42.263,10503,10504,10502,19
2019-05-16 15:03:42.355,10502,10504,10502,1
2019-05-16 15:03:48.700,10502,10503,10502,1
2019-05-16 15:03:48.964,10502,10503,10502,1
2019-05-16 15:03:50.033,10502,10504,10502,1
2019-05-16 15:03:54.741,10502,10504,10502,1
2019-05-16 15:03:55.851,10503,10504,10503,1
2019-05-16 15:03:57.417,10502,10503,10502,1
2019-05-16 15:03:57.475,10502,10503,10502,1
2019-05-16 15:04:00.524,10502,10503,10503,1
2019-05-16 15:04:04.314,10503,10504,10504,1
2019-05-16 15:04:09.396,10503,10504,10504,1
2019-05-16 15:04:10.481,10503,10504,10504,5
2019-05-16 15:04:12.077,10503,10504,10503,1
2019-05-16 15:04:15.133,10503,10504,10503,1
2019-05-16 15:04:15.722,10503,10504,10504,1
2019-05-16 15:04:16.714,10503,10504,10503,1
2019-05-16 15:04:20.269,10503,10504,10504,1
2019-05-16 15:04:27.102,10503,10504,10503,1
2019-05-16 15:04:27.611,10503,10504,10503,2
2019-05-16 15:04:27.611,10503,10504,10503,7
2019-05-16 15:04:27.870,10502,10503,10503,1
2019-05-16 15:04:39.457,10502,10503,10502,1
2019-05-16 15:04:41.618,10502,10503,10502,3
2019-05-16 15:04:46.498,10502,10503,10502,10
2019-05-16 15:04:46.567,10502,10503,10502,8
2019-05-16 15:04:46.649,10502,10503,10502,1
2019-05-16 15:04:46.649,10502,10503,10502,15
2019-05-16 15:04:47.737,10501,10502,10501,1
2019-05-16 15:04:48.723,10501,10502,10501,1
2019-05-16 15:04:52.476,10501,10502,10501,3
2019-05-16 15:05:01.002,10501,10502,10502,20
2019-05-16 15:05:01.576,10501,10502,10502,3
2019-05-16 15:05:02.530,10502,10503,10502,1
2019-05-16 15:05:02.878,10502,10503,10502,2
2019-05-16 15:05:03.890,10502,10503,10502,1
2019-05-16 15:05:03.892,10502,10503,10502,1
2019-05-16 15:05:03.900,10502,10503,10502,1
2019-05-16 15:05:08.020,10502,10503,10502,1
2019-05-16 15:05:12.345,10502,10503,10502,1
2019-05-16 15:05:14.301,10502,10503,10502,2
2019-05-16 15:05:15.166,10502,10503,10502,6
2019-05-16 15:05:19.588,10502,10503,10502,1
2019-05-16 15:05:19.939,10502,10503,10503,1
2019-05-16 15:05:21.063,10502,10503,10502,1
2019-05-16 15:05:21.372,10502,10503,10502,1
2019-05-16 15:05:23.018,10502,10503,10502,2
2019-05-16 15:05:24.023,10502,10503,10502,1
2019-05-16 15:05:26.475,10502,10503,10502,3
2019-05-16 15:05:29.859,10502,10503,10502,1
2019-05-16 15:05:33.339,10502,10503,10502,1
2019-05-16 15:05:34.321,10502,10503,10502,2
2019-05-16 15:05:40.490,10502,10503,10502,1
2019-05-16 15:05:41.175,10502,10503,10503,2
2019-05-16 15:05:41.767,10502,10503,10502,1
2019-05-16 15:06:05.114,10502,10503,10502,1
2019-05-16 15:06:05.115,10502,10503,10502,1
2019-05-16 15:06:09.540,10502,10503,10502,1
2019-05-16 15:06:10.375,10502,10503,10503,1
2019-05-16 15:06:18.066,10502,10503,10502,4
2019-05-16 15:06:19.039,10502,10503,10503,1
2019-05-16 15:06:22.915,10502,10503,10502,5
2019-05-16 15:06:27.719,10502,10503,10502,1
2019-05-16 15:06:36.894,10502,10503,10502,1
2019-05-16 15:06:37.089,10502,10503,10503,1
2019-05-16 15:06:37.435,10502,10503,10502,1
2019-05-16 15:06:43.382,10502,10503,10502,1
2019-05-16 15:06:44.315,10502,10503,10502,1
2019-05-16 15:06:50.344,10502,10503,10503,1
2019-05-16 15:06:58.585,10502,10503,10503,1
2019-05-16 15:07:01.396,10502,10503,10503,1
2019-05-16 15:07:02.798,10502,10503,10503,1
2019-05-16 15:07:03.955,10502,10503,10503,1
2019-05-16 15:07:04.553,10502,10503,10503,15
2019-05-16 15:07:04.649,10502,10503,10503,1
2019-05-16 15:07:04.649,10502,10503,10503,1
2019-05-16 15:07:04.649,10502,10503,10503,2
2019-05-16 15:07:04.650,10502,10503,10503,2
2019-05-16 15:07:04.650,10502,10503,10503,6
2019-05-16 15:07:05.317,10503,10504,10504,3
2019-05-16 15:07:05.399,10503,10504,10504,1
2019-05-16 15:07:06.365,10503,10504,10503,1
2019-05-16 15:07:07.047,10503,10504,10504,1
2019-05-16 15:07:07.051,10503,10504,10504,2
2019-05-16 15:07:07.052,10503,10504,10504,3
2019-05-16 15:07:07.052,10503,10504,10504,4
2019-05-16 15:07:12.461,10504,10505,10504,1
2019-05-16 15:07:13.512,10504,10505,10504,5
2019-05-16 15:07:14.721,10503,10505,10504,1
2019-05-16 15:07:15.598,10504,10505,10504,1
2019-05-16 15:07:16.178,10503,10504,10504,1
2019-05-16 15:07:16.885,10503,10504,10504,1
2019-05-16 15:07:16.957,10503,10504,10504,1
2019-05-16 15:07:17.907,10503,10504,10504,1
2019-05-16 15:07:19.103,10503,10504,10504,1
2019-05-16 15:07:20.884,10503,10504,10504,6
2019-05-16 15:07:21.628,10503,10504,10504,1
2019-05-16 15:07:21.870,10503,10504,10504,1
2019-05-16 15:07:21.899,10503,10504,10504,1
2019-05-16 15:07:23.889,10504,10505,10504,1
2019-05-16 15:07:24.227,10504,10505,10504,1
2019-05-16 15:07:25.300,10503,10504,10504,1
2019-05-16 15:07:25.351,10503,10504,10503,1
2019-05-16 15:07:30.151,10503,10504,10504,1
2019-05-16 15:07:34.670,10503,10504,10504,1
2019-05-16 15:07:37.030,10503,10504,10504,1
2019-05-16 15:07:37.215,10503,10504,10503,1
2019-05-16 15:07:40.685,10503,10504,10503,2
2019-05-16 15:07:41.835,10503,10504,10504,1
2019-05-16 15:07:46.614,10503,10504,10504,1
2019-05-16 15:07:47.337,10503,10504,10504,1
2019-05-16 15:07:47.384,10503,10504,10504,1
2019-05-16 15:07:49.220,10503,10504,10504,1
2019-05-16 15:07:49.275,10503,10504,10504,1
2019-05-16 15:07:49.369,10503,10504,10504,1
2019-05-16 15:07:49.401,10503,10504,10504,1
2019-05-16 15:07:51.705,10504,10505,10505,2
2019-05-16 15:07:52.188,10504,10505,10505,1
2019-05-16 15:07:55.188,10504,10505,10504,1
2019-05-16 15:07:56.601,10504,10505,10505,3
2019-05-16 15:07:57.723,10504,10505,10504,2
2019-05-16 15:07:58.533,10504,10505,10504,3
2019-05-16 15:08:01.875,10503,10504,10504,1
2019-05-16 15:08:07.814,10503,10504,10504,3
2019-05-16 15:08:08.470,10503,10504,10504,5
2019-05-16 15:08:08.541,10503,10504,10504,1
2019-05-16 15:08:10.909,10503,10505,10503,1
2019-05-16 15:08:12.914,10503,10505,10505,3
2019-05-16 15:08:15.028,10503,10505,10503,1
2019-05-16 15:08:16.472,10504,10505,10504,1
2019-05-16 15:08:23.969,10504,10505,10504,1
2019-05-16 15:08:30.127,10503,10505,10504,1
2019-05-16 15:08:30.275,10503,10505,10504,1
2019-05-16 15:08:31.202,10503,10505,10504,1
2019-05-16 15:08:34.545,10504,10505,10504,1
2019-05-16 15:08:37.098,10504,10505,10504,2
2019-05-16 15:08:37.801,10504,10505,10504,1
2019-05-16 15:08:40.086,10504,10505,10504,1
2019-05-16 15:08:43.010,10504,10505,10504,1
2019-05-16 15:08:50.974,10504,10505,10504,1
2019-05-16 15:08:58.211,10504,10505,10505,1
2019-05-16 15:09:00.514,10504,10505,10504,4
2019-05-16 15:09:00.524,10504,10505,10504,1
2019-05-16 15:09:00.529,10504,10505,10504,1
2019-05-16 15:09:01.337,10503,10504,10504,19
2019-05-16 15:09:02.020,10504,10505,10504,1
2019-05-16 15:09:03.658,10503,10504,10504,1
2019-05-16 15:09:04.341,10503,10504,10504,1
2019-05-16 15:09:06.881,10503,10505,10504,1
2019-05-16 15:09:11.253,10504,10505,10504,2
2019-05-16 15:09:12.014,10504,10505,10505,1
2019-05-16 15:09:13.673,10504,10505,10504,5
2019-05-16 15:09:16.161,10503,10505,10503,28
2019-05-16 15:09:16.622,10503,10504,10503,1
2019-05-16 15:09:22.729,10504,10505,10504,5
2019-05-16 15:09:26.602,10504,10505,10504,1
2019-05-16 15:09:27.290,10504,10505,10504,1
2019-05-16 15:09:30.239,10503,10505,10503,4
2019-05-16 15:09:36.822,10503,10504,10503,7
2019-05-16 15:09:45.653,10503,10504,10503,1
2019-05-16 15:09:46.008,10503,10504,10503,1
2019-05-16 15:09:50.172,10503,10504,10503,1
2019-05-16 15:09:51.945,10503,10504,10503,1
2019-05-16 15:09:52.401,10503,10504,10504,1
2019-05-16 15:09:54.048,10503,10504,10504,3
2019-05-16 15:10:01.782,10503,10504,10504,5
2019-05-16 15:10:03.090,10503,10504,10503,1
2019-05-16 15:10:14.031,10503,10504,10503,1
2019-05-16 15:10:18.971,10503,10504,10503,1
2019-05-16 15:10:19.777,10503,10504,10503,16
2019-05-16 15:10:21.024,10502,10503,10502,24
2019-05-16 15:10:21.025,10502,10503,10502,6
2019-05-16 15:10:21.149,10502,10503,10502,3
2019-05-16 15:10:21.242,10502,10503,10502,1
2019-05-16 15:10:21.290,10501,10502,10501,4
2019-05-16 15:10:21.309,10501,10502,10501,4
2019-05-16 15:10:21.319,10501,10502,10501,4
2019-05-16 15:10:23.359,10501,10502,10502,2
2019-05-16 15:10:29.975,10501,10502,10501,1
2019-05-16 15:10:32.972,10501,10502,10502,2
2019-05-16 15:10:33.876,10501,10502,10502,1
2019-05-16 15:10:42.707,10501,10502,10502,1
2019-05-16 15:10:48.289,10501,10502,10501,1
2019-05-16 15:11:01.327,10501,10502,10501,1
2019-05-16 15:11:02.851,10501,10502,10502,2
2019-05-16 15:11:12.350,10501,10502,10501,5
2019-05-16 15:11:14.935,10501,10502,10501,2
2019-05-16 15:11:21.502,10501,10502,10501,1
2019-05-16 15:11:21.818,10501,10502,10502,2
2019-05-16 15:11:28.927,10501,10502,10501,5
2019-05-16 15:11:29.221,10501,10502,10501,5
2019-05-16 15:11:31.467,10501,10502,10502,1
2019-05-16 15:11:32.486,10501,10502,10501,1
2019-05-16 15:11:32.524,10501,10502,10501,1
2019-05-16 15:11:33.416,10501,10502,10501,1
2019-05-16 15:11:33.416,10501,10502,10500,4
2019-05-16 15:11:33.644,10500,10501,10500,1
2019-05-16 15:11:33.675,10500,10501,10500,2
2019-05-16 15:11:34.110,10500,10501,10500,1
2019-05-16 15:11:39.267,10500,10501,10500,1
2019-05-16 15:11:42.268,10500,10501,10500,1
2019-05-16 15:11:43.812,10500,10501,10501,4
2019-05-16 15:11:48.248,10500,10501,10501,3
2019-05-16 15:11:52.636,10501,10502,10501,1
2019-05-16 15:11:56.979,10501,10502,10502,1
2019-05-16 15:11:57.563,10501,10502,10502,1
2019-05-16 15:12:04.087,10501,10502,10502,2
2019-05-16 15:12:04.343,10501,10502,10502,1
2019-05-16 15:12:04.401,10501,10502,10502,1
2019-05-16 15:12:05.986,10501,10502,10502,1
2019-05-16 15:12:21.485,10502,10503,10502,1
2019-05-16 15:12:24.339,10502,10503,10502,1
2019-05-16 15:12:29.095,10502,10503,10502,1
2019-05-16 15:12:40.411,10502,10503,10503,1
2019-05-16 15:12:57.963,10502,10503,10503,1
2019-05-16 15:12:58.524,10502,10503,10503,7
2019-05-16 15:13:06.095,10503,10504,10503,1
2019-05-16 15:13:31.150,10503,10504,10504,12
2019-05-16 15:13:31.156,10503,10504,10504,5
2019-05-16 15:13:37.219,10504,10505,10504,1
2019-05-16 15:13:39.394,10504,10505,10505,5
2019-05-16 15:13:39.560,10504,10505,10505,5
2019-05-16 15:13:44.716,10504,10505,10505,1
2019-05-16 15:13:45.136,10504,10505,10505,1
2019-05-16 15:13:49.112,10504,10505,10504,1
2019-05-16 15:13:57.267,10504,10505,10505,1
2019-05-16 15:14:03.449,10504,10505,10505,2
2019-05-16 15:14:05.469,10504,10505,10505,1
2019-05-16 15:14:08.617,10504,10505,10505,1
2019-05-16 15:14:08.838,10504,10505,10505,6
2019-05-16 15:14:15.367,10504,10505,10505,1
2019-05-16 15:14:16.013,10504,10505,10505,1
2019-05-16 15:14:21.876,10504,10505,10505,1
2019-05-16 15:14:24.988,10504,10505,10505,10
2019-05-16 15:14:25.024,10504,10505,10505,14
2019-05-16 15:14:26.103,10505,10506,10506,1
2019-05-16 15:14:26.523,10505,10506,10506,1
2019-05-16 15:14:27.417,10505,10506,10505,1
2019-05-16 15:14:28.035,10505,10506,10505,1
2019-05-16 15:14:36.694,10505,10506,10505,1
2019-05-16 15:14:38.074,10505,10506,10505,1
2019-05-16 15:14:38.950,10505,10506,10505,1
2019-05-16 15:14:40.181,10505,10506,10506,11
2019-05-16 15:14:47.535,10505,10506,10505,1
2019-05-16 15:14:49.201,10505,10506,10505,10
2019-05-16 15:14:54.692,10505,10506,10505,2
2019-05-16 15:14:59.466,10505,10506,10505,1
2019-05-16 15:14:59.935,10505,10506,10505,10
2019-05-16 15:15:00.881,10505,10506,10506,10
2019-05-16 15:15:02.742,10505,10506,10505,1
2019-05-16 15:15:02.934,10505,10506,10505,1
2019-05-16 15:15:02.934,10505,10506,10505,1
2019-05-16 15:15:02.934,10505,10506,10505,1
2019-05-16 15:15:02.934,10505,10506,10505,1
2019-05-16 15:15:02.934,10505,10506,10505,1
2019-05-16 15:15:02.934,10505,10506,10505,1
2019-05-16 15:15:02.934,10505,10506,10505,1
2019-05-16 15:15:02.934,10505,10506,10505,8
2019-05-16 15:15:07.855,10504,10505,10505,1
2019-05-16 15:15:08.562,10504,10505,10505,2
2019-05-16 15:15:08.875,10504,10505,10504,1
2019-05-16 15:15:11.076,10504,10505,10504,5
2019-05-16 15:15:13.793,10504,10505,10504,3
2019-05-16 15:15:19.635,10504,10505,10505,1
2019-05-16 15:15:20.601,10504,10505,10504,1
2019-05-16 15:15:20.761,10504,10505,10504,1
2019-05-16 15:15:20.774,10504,10505,10504,1
2019-05-16 15:15:20.774,10504,10505,10504,1
2019-05-16 15:15:21.793,10503,10504,10503,1
2019-05-16 15:15:34.232,10503,10504,10503,5
2019-05-16 15:15:41.274,10503,10504,10504,1
2019-05-16 15:15:42.206,10503,10505,10503,1
2019-05-16 15:15:43.480,10503,10504,10504,1
2019-05-16 15:15:59.731,10503,10504,10504,1
2019-05-16 15:16:09.074,10504,10505,10504,1
2019-05-16 15:16:16.891,10504,10505,10505,1
2019-05-16 15:16:16.891,10504,10505,10505,2
2019-05-16 15:16:16.891,10504,10505,10505,2
2019-05-16 15:16:16.897,10504,10505,10505,3
2019-05-16 15:16:16.899,10504,10505,10505,4
2019-05-16 15:16:16.900,10504,10505,10505,1
2019-05-16 15:16:16.900,10504,10505,10505,2
2019-05-16 15:16:16.900,10504,10505,10505,5
2019-05-16 15:16:16.900,10504,10505,10505,1
2019-05-16 15:16:16.900,10504,10505,10505,1
2019-05-16 15:16:16.900,10504,10505,10505,3
2019-05-16 15:16:17.029,10505,10506,10505,1
2019-05-16 15:16:27.634,10504,10505,10505,1
2019-05-16 15:16:29.691,10504,10505,10504,6
2019-05-16 15:16:33.698,10503,10504,10504,1
2019-05-16 15:16:35.707,10504,10505,10504,2
2019-05-16 15:16:48.752,10503,10504,10504,2
2019-05-16 15:16:52.514,10504,10505,10504,1
2019-05-16 15:17:02.982,10503,10504,10504,6
2019-05-16 15:17:18.305,10503,10504,10504,1
2019-05-16 15:17:27.154,10504,10505,10504,1
2019-05-16 15:17:27.674,10504,10505,10504,2
2019-05-16 15:17:27.674,10504,10505,10504,2
2019-05-16 15:17:27.873,10503,10504,10504,1
2019-05-16 15:17:29.334,10503,10504,10504,2
2019-05-16 15:17:31.700,10504,10505,10504,1
2019-05-16 15:17:31.940,10503,10504,10504,1
2019-05-16 15:17:41.055,10504,10505,10503,1
2019-05-16 15:17:49.169,10504,10505,10505,2
2019-05-16 15:17:50.843,10504,10505,10505,2
2019-05-16 15:17:55.208,10504,10505,10504,1
2019-05-16 15:18:09.793,10504,10505,10504,1
2019-05-16 15:18:13.398,10504,10505,10504,1
2019-05-16 15:18:14.264,10504,10505,10504,1
2019-05-16 15:18:14.524,10504,10505,10504,1
2019-05-16 15:18:14.525,10504,10505,10504,1
2019-05-16 15:18:14.525,10504,10505,10504,1
2019-05-16 15:18:14.525,10504,10505,10504,1
2019-05-16 15:18:14.563,10504,10505,10504,1
2019-05-16 15:18:14.563,10504,10505,10504,1
2019-05-16 15:18:14.823,10503,10504,10504,2
2019-05-16 15:18:15.522,10503,10504,10504,1
2019-05-16 15:18:15.668,10503,10504,10503,2
2019-05-16 15:18:15.668,10503,10504,10503,4
2019-05-16 15:18:15.676,10503,10504,10503,1
2019-05-16 15:18:15.676,10503,10504,10503,4
2019-05-16 15:18:15.677,10503,10504,10503,1
2019-05-16 15:18:15.677,10503,10504,10503,3
2019-05-16 15:18:15.677,10503,10504,10503,1
2019-05-16 15:18:15.677,10503,10504,10503,2
2019-05-16 15:18:15.677,10503,10504,10503,1
2019-05-16 15:18:15.685,10503,10504,10503,2
2019-05-16 15:18:15.687,10503,10504,10503,23
2019-05-16 15:18:17.158,10502,10503,10503,1
2019-05-16 15:18:25.748,10502,10503,10503,2
2019-05-16 15:18:25.748,10502,10503,10504,1
2019-05-16 15:18:26.131,10502,10503,10502,4
2019-05-16 15:18:26.259,10502,10503,10502,1
2019-05-16 15:18:26.847,10502,10503,10502,1
2019-05-16 15:18:27.110,10502,10503,10502,2
2019-05-16 15:18:31.900,10502,10503,10503,1
2019-05-16 15:18:31.900,10502,10503,10503,1
2019-05-16 15:18:31.900,10502,10503,10503,1
2019-05-16 15:18:34.255,10502,10503,10502,1
2019-05-16 15:18:35.040,10502,10503,10502,1
2019-05-16 15:18:35.673,10502,10503,10502,2
2019-05-16 15:18:36.023,10502,10503,10502,2
2019-05-16 15:18:36.641,10502,10503,10502,2
2019-05-16 15:18:37.348,10502,10503,10502,2
2019-05-16 15:18:37.668,10502,10503,10502,1
2019-05-16 15:18:38.531,10502,10503,10502,1
2019-05-16 15:18:47.064,10502,10503,10503,1
2019-05-16 15:18:47.721,10502,10503,10502,1
2019-05-16 15:18:53.029,10502,10503,10502,2
2019-05-16 15:18:59.305,10502,10503,10502,2
2019-05-16 15:18:59.334,10502,10503,10502,1
2019-05-16 15:19:00.761,10502,10503,10503,3
2019-05-16 15:19:00.761,10502,10503,10503,2
2019-05-16 15:19:02.091,10503,10504,10503,11
2019-05-16 15:19:08.745,10503,10504,10504,1
2019-05-16 15:19:10.444,10503,10504,10503,1
2019-05-16 15:19:10.783,10503,10504,10503,1
2019-05-16 15:19:12.057,10503,10504,10503,1
2019-05-16 15:19:20.824,10503,10504,10504,1
2019-05-16 15:19:20.824,10503,10504,10504,1
2019-05-16 15:19:20.824,10503,10504,10504,1
2019-05-16 15:19:21.702,10504,10505,10504,1
2019-05-16 15:19:26.256,10504,10505,10504,1
2019-05-16 15:19:30.881,10504,10505,10504,1
2019-05-16 15:19:46.218,10504,10505,10504,1
2019-05-16 15:19:57.877,10504,10505,10505,6
2019-05-16 15:19:57.877,10504,10505,10505,2
2019-05-16 15:19:57.899,10504,10505,10505,21
2019-05-16 15:19:57.900,10504,10505,10505,1
2019-05-16 15:19:57.900,10504,10505,10505,1
2019-05-16 15:20:02.019,10505,10506,10505,3
2019-05-16 15:20:02.020,10505,10506,10505,1
2019-05-16 15:20:02.020,10505,10506,10505,1
2019-05-16 15:20:02.024,10505,10506,10505,1
2019-05-16 15:20:02.025,10505,10506,10505,1
2019-05-16 15:20:03.914,10504,10506,10504,2
2019-05-16 15:20:09.370,10504,10506,10504,3
2019-05-16 15:20:13.104,10504,10505,10505,1
2019-05-16 15:20:15.945,10505,10506,10505,1
2019-05-16 15:20:16.562,10505,10506,10506,5
2019-05-16 15:20:16.749,10505,10506,10506,5
2019-05-16 15:20:17.417,10505,10506,10505,1
2019-05-16 15:20:21.975,10505,10506,10505,1
2019-05-16 15:20:28.820,10504,10505,10505,2
2019-05-16 15:20:40.199,10504,10505,10505,1
2019-05-16 15:20:42.634,10504,10505,10505,1
2019-05-16 15:20:42.634,10504,10505,10505,2
2019-05-16 15:20:44.054,10505,10506,10505,1
2019-05-16 15:20:44.123,10505,10506,10504,2
2019-05-16 15:20:48.520,10504,10505,10505,1
2019-05-16 15:20:48.611,10504,10505,10505,1
2019-05-16 15:20:48.612,10504,10505,10505,1
2019-05-16 15:20:48.651,10504,10505,10505,2
2019-05-16 15:20:51.283,10505,10506,10505,4
2019-05-16 15:20:52.283,10505,10506,10505,3
2019-05-16 15:20:53.070,10505,10506,10506,1
2019-05-16 15:20:53.361,10505,10506,10506,1
2019-05-16 15:20:54.593,10505,10506,10506,1
2019-05-16 15:21:03.524,10505,10506,10505,2
2019-05-16 15:21:03.649,10505,10506,10505,2
2019-05-16 15:21:04.589,10505,10506,10506,1
2019-05-16 15:21:05.895,10505,10506,10505,1
2019-05-16 15:21:09.156,10505,10506,10505,1
2019-05-16 15:21:15.169,10505,10506,10505,1
2019-05-16 15:21:16.019,10505,10506,10505,3
2019-05-16 15:21:18.802,10505,10506,10506,1
2019-05-16 15:21:29.463,10505,10506,10505,5
2019-05-16 15:21:36.650,10504,10505,10504,1
2019-05-16 15:21:39.337,10504,10505,10505,1
2019-05-16 15:21:43.394,10504,10505,10505,1
2019-05-16 15:21:46.440,10504,10505,10505,1
2019-05-16 15:21:48.940,10505,10506,10505,1
2019-05-16 15:21:59.333,10505,10506,10506,1
2019-05-16 15:22:04.131,10505,10506,10505,10
2019-05-16 15:22:04.562,10505,10506,10505,2
2019-05-16 15:22:04.599,10505,10506,10506,1
2019-05-16 15:22:11.104,10505,10506,10506,1
2019-05-16 15:22:16.063,10505,10506,10505,1
2019-05-16 15:22:16.304,10505,10506,10505,10
2019-05-16 15:22:17.640,10505,10506,10506,2
2019-05-16 15:22:20.966,10505,10506,10506,1
2019-05-16 15:22:24.807,10505,10506,10505,10
2019-05-16 15:22:29.909,10505,10506,10505,2
2019-05-16 15:22:29.911,10505,10506,10505,6
2019-05-16 15:22:29.912,10505,10506,10505,5
2019-05-16 15:22:35.229,10504,10505,10505,1
2019-05-16 15:22:49.301,10504,10505,10504,1
2019-05-16 15:22:55.893,10504,10505,10504,3
2019-05-16 15:23:15.685,10504,10505,10504,1
2019-05-16 15:23:21.886,10504,10505,10505,1
2019-05-16 15:23:24.488,10504,10505,10505,1
2019-05-16 15:23:37.866,10504,10505,10505,1
2019-05-16 15:23:47.062,10504,10505,10504,1
2019-05-16 15:24:01.361,10504,10505,10504,1
2019-05-16 15:24:02.884,10504,10505,10504,1
2019-05-16 15:24:10.045,10504,10505,10504,1
2019-05-16 15:24:11.406,10504,10505,10504,3
2019-05-16 15:24:16.123,10504,10505,10505,2
2019-05-16 15:24:17.636,10504,10505,10505,1
2019-05-16 15:24:17.945,10504,10505,10505,1
2019-05-16 15:24:23.055,10504,10505,10505,1
2019-05-16 15:24:30.696,10504,10505,10504,2
2019-05-16 15:24:30.745,10504,10505,10504,2
2019-05-16 15:24:30.763,10504,10505,10504,4
2019-05-16 15:24:30.774,10504,10505,10504,5
2019-05-16 15:24:30.775,10504,10505,10504,1
2019-05-16 15:24:45.669,10503,10504,10503,1
2019-05-16 15:24:53.401,10503,10504,10503,14
2019-05-16 15:24:58.540,10502,10503,10502,2
2019-05-16 15:25:02.991,10502,10503,10502,3
2019-05-16 15:25:06.517,10502,10503,10502,1
2019-05-16 15:25:08.273,10502,10503,10502,1
2019-05-16 15:25:08.273,10502,10503,10502,1
2019-05-16 15:25:08.273,10502,10503,10502,1
2019-05-16 15:25:08.274,10502,10503,10502,1
2019-05-16 15:25:08.274,10502,10503,10502,1
2019-05-16 15:25:08.274,10502,10503,10502,1
2019-05-16 15:25:08.274,10502,10503,10502,9
2019-05-16 15:25:09.019,10501,10502,10501,23
2019-05-16 15:25:09.020,10501,10502,10501,3
2019-05-16 15:25:11.108,10500,10501,10500,5
2019-05-16 15:25:11.378,10500,10501,10500,5
2019-05-16 15:25:14.621,10500,10501,10500,1
2019-05-16 15:25:19.053,10500,10501,10500,1
2019-05-16 15:25:21.630,10500,10501,10501,15
2019-05-16 15:25:21.672,10500,10501,10500,1
2019-05-16 15:25:24.869,10500,10501,10500,2
2019-05-16 15:25:25.923,10500,10501,10500,3
2019-05-16 15:25:26.083,10500,10501,10500,1
2019-05-16 15:25:27.874,10500,10501,10500,1
2019-05-16 15:25:33.615,10500,10501,10500,1
2019-05-16 15:25:42.891,10500,10501,10500,1
2019-05-16 15:25:45.768,10500,10501,10500,2
2019-05-16 15:25:45.955,10500,10501,10500,1
2019-05-16 15:25:46.237,10500,10501,10500,3
2019-05-16 15:25:46.437,10500,10501,10500,3
2019-05-16 15:25:46.524,10500,10501,10500,1
2019-05-16 15:25:46.577,10500,10501,10500,1
2019-05-16 15:25:47.539,10500,10501,10500,1
2019-05-16 15:25:47.539,10500,10501,10500,1
2019-05-16 15:25:47.541,10500,10501,10500,1
2019-05-16 15:25:48.399,10500,10501,10500,1
2019-05-16 15:25:48.600,10500,10501,10500,1
2019-05-16 15:25:49.707,10500,10501,10500,1
2019-05-16 15:25:50.244,10500,10501,10500,1
2019-05-16 15:25:51.546,10500,10501,10500,1
2019-05-16 15:25:52.761,10500,10501,10500,2
2019-05-16 15:25:54.058,10500,10501,10500,1
2019-05-16 15:25:54.389,10500,10501,10500,1
2019-05-16 15:25:54.469,10500,10501,10500,1
2019-05-16 15:25:54.602,10500,10501,10500,1
2019-05-16 15:25:57.099,10500,10501,10500,1
2019-05-16 15:25:58.675,10500,10501,10500,3
2019-05-16 15:25:58.675,10500,10501,10499,2
2019-05-16 15:26:02.221,10499,10500,10499,6
2019-05-16 15:26:02.221,10499,10500,10499,1
2019-05-16 15:26:02.221,10499,10500,10499,2
2019-05-16 15:26:02.222,10499,10500,10499,5
2019-05-16 15:26:02.316,10499,10500,10499,1
2019-05-16 15:26:03.097,10498,10499,10498,8
2019-05-16 15:26:03.179,10498,10499,10498,1
2019-05-16 15:26:03.179,10498,10499,10498,4
2019-05-16 15:26:03.194,10498,10499,10498,1
2019-05-16 15:26:03.274,10498,10499,10498,1
2019-05-16 15:26:03.292,10498,10499,10499,1
2019-05-16 15:26:03.502,10497,10499,10497,1
2019-05-16 15:26:03.510,10497,10499,10497,1
2019-05-16 15:26:03.682,10497,10499,10499,1
2019-05-16 15:26:03.809,10498,10499,10498,1
2019-05-16 15:26:06.724,10497,10498,10497,1
2019-05-16 15:26:09.240,10497,10498,10497,1
2019-05-16 15:26:10.575,10497,10498,10497,1
2019-05-16 15:26:10.958,10497,10498,10497,1
2019-05-16 15:26:11.761,10497,10498,10497,5
2019-05-16 15:26:12.035,10497,10498,10497,1
2019-05-16 15:26:13.269,10497,10498,10497,1
2019-05-16 15:26:13.334,10497,10498,10497,2
2019-05-16 15:26:14.754,10497,10498,10497,2
2019-05-16 15:26:15.806,10497,10498,10497,1
2019-05-16 15:26:15.806,10497,10498,10497,3
2019-05-16 15:26:15.945,10496,10497,10497,2
2019-05-16 15:26:18.063,10496,10497,10496,1
2019-05-16 15:26:18.133,10496,10497,10496,8
2019-05-16 15:26:18.367,10496,10497,10496,1
2019-05-16 15:26:18.744,10496,10497,10496,1
2019-05-16 15:26:19.470,10496,10497,10496,1
2019-05-16 15:26:22.186,10496,10497,10496,8
2019-05-16 15:26:26.182,10496,10497,10496,1
2019-05-16 15:26:26.247,10496,10497,10496,1
2019-05-16 15:26:26.362,10496,10497,10496,2
2019-05-16 15:26:26.505,10496,10497,10496,1
2019-05-16 15:26:27.276,10496,10497,10496,10
2019-05-16 15:26:30.139,10495,10496,10495,18
2019-05-16 15:26:30.276,10494,10495,10494,2
2019-05-16 15:26:30.322,10494,10495,10494,1
2019-05-16 15:26:30.780,10493,10495,10495,3
2019-05-16 15:26:31.239,10493,10494,10493,2
2019-05-16 15:26:31.320,10493,10494,10493,10
2019-05-16 15:26:32.008,10493,10494,10493,4
2019-05-16 15:26:34.310,10493,10494,10493,1
2019-05-16 15:26:35.786,10493,10494,10493,1
2019-05-16 15:26:36.577,10493,10494,10493,1
2019-05-16 15:26:36.707,10493,10494,10493,1
2019-05-16 15:26:37.149,10493,10494,10494,5
2019-05-16 15:26:37.921,10494,10495,10494,1
2019-05-16 15:26:38.056,10494,10495,10494,1
2019-05-16 15:26:38.171,10494,10495,10494,1
2019-05-16 15:26:38.254,10494,10495,10494,1
2019-05-16 15:26:38.399,10493,10495,10493,1
2019-05-16 15:26:40.341,10494,10495,10494,1
2019-05-16 15:26:41.003,10494,10495,10495,11
2019-05-16 15:26:43.346,10494,10495,10494,8
2019-05-16 15:26:45.646,10494,10495,10494,4
2019-05-16 15:26:46.175,10494,10495,10494,1
2019-05-16 15:26:49.818,10494,10495,10494,1
2019-05-16 15:26:50.183,10494,10495,10494,1
2019-05-16 15:26:51.358,10494,10495,10495,2
2019-05-16 15:26:51.596,10494,10495,10494,8
2019-05-16 15:26:52.810,10494,10495,10494,1
2019-05-16 15:26:56.718,10494,10495,10495,5
2019-05-16 15:26:56.915,10494,10495,10494,1
2019-05-16 15:26:58.089,10494,10495,10494,1
2019-05-16 15:27:00.549,10494,10495,10495,1
2019-05-16 15:27:02.202,10494,10495,10494,2
2019-05-16 15:27:02.910,10494,10495,10494,2
2019-05-16 15:27:05.855,10494,10495,10494,1
2019-05-16 15:27:09.554,10494,10495,10494,1
2019-05-16 15:27:10.516,10494,10495,10494,2
2019-05-16 15:27:10.704,10494,10495,10494,1
2019-05-16 15:27:10.781,10494,10495,10494,1
2019-05-16 15:27:10.800,10494,10495,10494,2
2019-05-16 15:27:13.028,10493,10494,10493,6
2019-05-16 15:27:13.028,10493,10494,10492,1
2019-05-16 15:27:16.706,10492,10493,10493,1
2019-05-16 15:27:16.901,10492,10493,10493,6
2019-05-16 15:27:17.041,10492,10494,10493,1
2019-05-16 15:27:18.888,10493,10494,10493,2
2019-05-16 15:27:19.781,10493,10494,10493,1
2019-05-16 15:27:20.343,10493,10494,10493,1
2019-05-16 15:27:21.933,10493,10494,10494,2
2019-05-16 15:27:22.026,10493,10494,10494,3
2019-05-16 15:27:22.273,10493,10495,10493,1
2019-05-16 15:27:24.424,10493,10494,10493,1
2019-05-16 15:27:25.778,10493,10494,10493,5
2019-05-16 15:27:27.049,10492,10494,10492,2
2019-05-16 15:27:29.371,10493,10494,10493,1
2019-05-16 15:27:32.903,10493,10494,10493,1
2019-05-16 15:27:40.609,10493,10494,10494,5
2019-05-16 15:27:41.148,10494,10495,10494,4
2019-05-16 15:27:41.602,10493,10494,10494,1
2019-05-16 15:27:45.106,10493,10494,10493,2
2019-05-16 15:27:46.397,10493,10494,10494,2
2019-05-16 15:27:48.629,10494,10495,10494,1
2019-05-16 15:27:50.047,10494,10495,10494,2
2019-05-16 15:27:50.048,10494,10495,10494,6
2019-05-16 15:27:51.581,10494,10495,10494,3
2019-05-16 15:27:51.581,10494,10495,10494,1
2019-05-16 15:27:51.581,10494,10495,10494,1
2019-05-16 15:28:02.308,10493,10494,10493,6
2019-05-16 15:28:02.493,10493,10494,10493,1
2019-05-16 15:28:04.651,10492,10493,10493,5
2019-05-16 15:28:05.112,10493,10494,10493,1
2019-05-16 15:28:05.115,10493,10494,10493,1
2019-05-16 15:28:05.222,10492,10493,10493,1
2019-05-16 15:28:07.436,10492,10493,10493,2
2019-05-16 15:28:07.951,10492,10493,10493,7
2019-05-16 15:28:09.914,10492,10494,10492,1
2019-05-16 15:28:11.422,10492,10493,10493,1
2019-05-16 15:28:12.569,10492,10493,10493,2
2019-05-16 15:28:12.667,10492,10493,10492,1
2019-05-16 15:28:13.123,10492,10493,10492,1
2019-05-16 15:28:13.229,10492,10493,10493,1
2019-05-16 15:28:17.634,10492,10493,10492,5
2019-05-16 15:28:18.188,10492,10493,10492,1
2019-05-16 15:28:20.032,10492,10493,10493,1
2019-05-16 15:28:22.885,10492,10493,10492,1
2019-05-16 15:28:23.897,10492,10493,10492,1
2019-05-16 15:28:25.824,10492,10493,10492,3
2019-05-16 15:28:25.900,10491,10492,10492,6
2019-05-16 15:28:25.957,10491,10492,10492,1
2019-05-16 15:28:27.027,10492,10493,10493,1
2019-05-16 15:28:29.635,10492,10493,10492,2
2019-05-16 15:28:29.638,10492,10493,10492,1
2019-05-16 15:28:33.549,10491,10492,10491,1
2019-05-16 15:28:34.310,10491,10492,10491,2
2019-05-16 15:28:34.544,10491,10492,10491,1
2019-05-16 15:28:34.850,10491,10492,10492,1
2019-05-16 15:28:35.328,10491,10492,10492,1
2019-05-16 15:28:36.450,10491,10492,10492,1
2019-05-16 15:28:37.371,10491,10492,10492,1
2019-05-16 15:28:37.990,10491,10492,10491,1
2019-05-16 15:28:42.328,10491,10492,10491,1
2019-05-16 15:28:42.339,10491,10492,10491,13
2019-05-16 15:28:42.339,10491,10492,10491,1
2019-05-16 15:28:42.339,10491,10492,10491,1
2019-05-16 15:28:42.400,10491,10492,10491,1
2019-05-16 15:28:45.867,10490,10492,10492,1
2019-05-16 15:28:46.592,10491,10492,10492,7
2019-05-16 15:28:46.592,10491,10492,10492,1
2019-05-16 15:28:48.340,10491,10492,10491,1
2019-05-16 15:28:53.962,10491,10492,10491,1
2019-05-16 15:28:54.929,10491,10492,10491,2
2019-05-16 15:28:55.366,10491,10492,10491,1
2019-05-16 15:28:55.510,10491,10492,10491,1
2019-05-16 15:28:57.290,10490,10491,10491,1
2019-05-16 15:29:13.194,10490,10491,10491,1
2019-05-16 15:29:14.231,10490,10491,10491,3
2019-05-16 15:29:15.587,10490,10491,10491,3
2019-05-16 15:29:15.666,10490,10491,10491,3
2019-05-16 15:29:23.319,10490,10491,10490,4
2019-05-16 15:29:23.443,10490,10491,10490,2
2019-05-16 15:29:23.554,10490,10491,10491,1
2019-05-16 15:29:28.225,10490,10491,10491,1
2019-05-16 15:29:30.537,10490,10491,10491,2
2019-05-16 15:29:30.538,10490,10491,10491,1
2019-05-16 15:29:30.538,10490,10491,10491,3
2019-05-16 15:29:30.538,10490,10491,10491,2
2019-05-16 15:29:30.538,10490,10491,10491,1
2019-05-16 15:29:41.029,10490,10491,10490,20
2019-05-16 15:29:41.904,10490,10491,10490,10
2019-05-16 15:29:42.145,10490,10491,10490,18
2019-05-16 15:29:42.201,10489,10490,10490,2
2019-05-16 15:29:44.149,10489,10490,10489,1
2019-05-16 15:29:44.406,10489,10490,10490,1
2019-05-16 15:29:44.464,10489,10490,10490,2
2019-05-16 15:29:45.477,10489,10490,10490,1
2019-05-16 15:29:50.571,10489,10490,10490,1
2019-05-16 15:29:51.300,10489,10490,10490,3
2019-05-16 15:29:51.572,10489,10490,10489,1
2019-05-16 15:29:51.747,10489,10490,10489,2
2019-05-16 15:29:51.929,10489,10490,10489,1
2019-05-16 15:29:53.174,10489,10490,10489,1
2019-05-16 15:29:53.763,10489,10490,10490,1
2019-05-16 15:29:54.810,10489,10490,10489,1
2019-05-16 15:29:54.824,10489,10490,10489,20
2019-05-16 15:29:54.899,10489,10490,10489,4
2019-05-16 15:29:54.900,10489,10490,10489,4
2019-05-16 15:29:54.900,10489,10490,10489,13
2019-05-16 15:29:54.900,10489,10490,10489,1
2019-05-16 15:29:54.900,10489,10490,10489,1
2019-05-16 15:29:54.900,10489,10490,10489,2
2019-05-16 15:29:54.900,10489,10490,10489,3
2019-05-16 15:29:57.067,10488,10489,10489,1
2019-05-16 15:29:57.239,10488,10489,10488,2
2019-05-16 15:29:57.319,10488,10489,10488,10
2019-05-16 15:29:57.400,10488,10489,10488,12
2019-05-16 15:29:57.571,10487,10488,10488,1
2019-05-16 15:29:58.552,10487,10488,10487,2
2019-05-16 15:29:58.942,10487,10488,10487,4
2019-05-16 15:29:59.274,10487,10488,10487,2
2019-05-16 15:29:59.325,10487,10488,10487,3
2019-05-16 15:29:59.773,10486,10487,10486,3
2019-05-16 15:29:59.870,10486,10487,10487,1
2019-05-16 15:30:00.102,10486,10487,10486,10
2019-05-16 15:30:00.117,10486,10487,10486,5
2019-05-16 15:30:00.387,10486,10487,10486,6
2019-05-16 15:30:00.399,10486,10487,10486,2
2019-05-16 15:30:00.401,10486,10487,10486,7
2019-05-16 15:30:00.626,10485,10486,10485,1
2019-05-16 15:30:00.823,10485,10486,10486,8
2019-05-16 15:30:00.883,10485,10486,10486,1
2019-05-16 15:30:01.487,10485,10486,10485,1
2019-05-16 15:30:01.699,10485,10486,10485,1
2019-05-16 15:30:01.732,10485,10486,10485,1
2019-05-16 15:30:01.745,10485,10486,10485,1
2019-05-16 15:30:01.881,10485,10486,10486,1
2019-05-16 15:30:01.891,10485,10486,10486,2
2019-05-16 15:30:02.054,10485,10486,10485,5
2019-05-16 15:30:02.197,10485,10486,10485,1
2019-05-16 15:30:02.527,10485,10486,10485,1
2019-05-16 15:30:02.533,10485,10486,10485,3
2019-05-16 15:30:02.623,10485,10486,10486,5
2019-05-16 15:30:02.633,10485,10486,10486,2
2019-05-16 15:30:02.999,10485,10486,10486,1
2019-05-16 15:30:03.800,10485,10486,10485,22
2019-05-16 15:30:03.888,10485,10486,10486,1
2019-05-16 15:30:05.225,10484,10485,10484,5
2019-05-16 15:30:05.420,10483,10484,10483,1
2019-05-16 15:30:05.479,10483,10484,10484,1
2019-05-16 15:30:05.570,10483,10485,10483,1
2019-05-16 15:30:05.600,10483,10485,10483,2
2019-05-16 15:30:05.602,10483,10485,10483,2
2019-05-16 15:30:05.607,10483,10485,10483,2
2019-05-16 15:30:05.660,10483,10484,10483,2
2019-05-16 15:30:05.832,10483,10484,10483,3
2019-05-16 15:30:05.838,10483,10484,10483,1
2019-05-16 15:30:05.895,10483,10484,10483,1
2019-05-16 15:30:05.906,10483,10484,10483,3
2019-05-16 15:30:05.926,10483,10484,10483,1
2019-05-16 15:30:05.934,10483,10484,10483,3
2019-05-16 15:30:05.952,10483,10484,10483,2
2019-05-16 15:30:06.009,10483,10484,10483,2
2019-05-16 15:30:06.023,10483,10484,10483,1
2019-05-16 15:30:06.028,10483,10484,10484,1
2019-05-16 15:30:06.066,10483,10484,10483,1
2019-05-16 15:30:06.143,10483,10484,10482,1
2019-05-16 15:30:06.152,10482,10484,10482,10
2019-05-16 15:30:06.164,10482,10484,10482,1
2019-05-16 15:30:06.164,10482,10484,10482,1
2019-05-16 15:30:06.191,10482,10484,10482,10
2019-05-16 15:30:06.209,10482,10484,10482,1
2019-05-16 15:30:06.217,10482,10484,10482,4
2019-05-16 15:30:06.217,10482,10484,10482,1
2019-05-16 15:30:06.274,10481,10482,10482,1
2019-05-16 15:30:06.275,10481,10482,10482,2
2019-05-16 15:30:06.275,10481,10482,10482,1
2019-05-16 15:30:06.275,10481,10482,10482,3
2019-05-16 15:30:06.275,10481,10482,10482,3
2019-05-16 15:30:06.280,10481,10482,10482,2
2019-05-16 15:30:06.293,10481,10482,10482,3
2019-05-16 15:30:06.358,10481,10482,10481,1
2019-05-16 15:30:06.367,10481,10482,10482,1
2019-05-16 15:30:06.367,10481,10482,10482,1
2019-05-16 15:30:06.490,10482,10483,10482,2
2019-05-16 15:30:06.545,10482,10483,10482,1
2019-05-16 15:30:06.558,10482,10483,10482,1
2019-05-16 15:30:06.659,10481,10483,10481,1
2019-05-16 15:30:06.707,10481,10483,10481,1
2019-05-16 15:30:06.723,10481,10483,10481,1
2019-05-16 15:30:06.760,10481,10483,10481,1
2019-05-16 15:30:06.926,10481,10483,10482,1
2019-05-16 15:30:07.025,10481,10483,10481,1
2019-05-16 15:30:07.028,10481,10483,10481,1
2019-05-16 15:30:07.089,10481,10483,10482,1
2019-05-16 15:30:07.216,10481,10483,10482,1
2019-05-16 15:30:07.246,10481,10483,10482,1
2019-05-16 15:30:07.272,10481,10483,10482,1
2019-05-16 15:30:07.306,10482,10483,10482,1
2019-05-16 15:30:07.311,10482,10483,10482,1
2019-05-16 15:30:07.348,10482,10483,10482,1
2019-05-16 15:30:07.479,10482,10483,10482,1
2019-05-16 15:30:07.513,10482,10483,10482,2
2019-05-16 15:30:07.552,10482,10483,10482,1
2019-05-16 15:30:07.817,10482,10483,10483,1
2019-05-16 15:30:07.900,10482,10484,10483,1
2019-05-16 15:30:09.354,10483,10484,10484,1
2019-05-16 15:30:09.354,10483,10484,10484,1
2019-05-16 15:30:09.355,10483,10484,10484,1
2019-05-16 15:30:09.355,10483,10484,10484,1
2019-05-16 15:30:09.378,10483,10484,10484,3
2019-05-16 15:30:09.378,10483,10484,10484,1
2019-05-16 15:30:09.397,10483,10484,10483,1
2019-05-16 15:30:10.003,10483,10485,10485,1
2019-05-16 15:30:10.197,10483,10485,10485,1
2019-05-16 15:30:10.319,10483,10484,10483,1
2019-05-16 15:30:10.414,10483,10485,10483,5
2019-05-16 15:30:11.877,10483,10484,10483,1
2019-05-16 15:30:12.308,10483,10484,10483,1
2019-05-16 15:30:12.801,10483,10484,10484,1
2019-05-16 15:30:13.577,10483,10484,10483,1
2019-05-16 15:30:15.428,10483,10484,10483,5
2019-05-16 15:30:15.711,10482,10483,10483,1
2019-05-16 15:30:18.421,10482,10483,10483,1
2019-05-16 15:30:18.596,10482,10484,10482,10
2019-05-16 15:30:18.707,10482,10483,10483,1
2019-05-16 15:30:19.270,10482,10483,10483,1
2019-05-16 15:30:20.927,10482,10483,10483,1
2019-05-16 15:30:22.571,10482,10483,10483,12
2019-05-16 15:30:22.691,10482,10484,10483,1
2019-05-16 15:30:22.698,10482,10484,10484,1
2019-05-16 15:30:23.185,10483,10484,10483,1
2019-05-16 15:30:24.272,10483,10484,10484,1
2019-05-16 15:30:24.415,10483,10484,10483,1
2019-05-16 15:30:25.172,10483,10484,10483,1
2019-05-16 15:30:26.053,10483,10484,10483,4
2019-05-16 15:30:26.743,10482,10484,10482,1
2019-05-16 15:30:27.169,10482,10484,10484,1
2019-05-16 15:30:27.435,10483,10484,10483,1
2019-05-16 15:30:27.440,10483,10484,10484,2
2019-05-16 15:30:28.098,10483,10484,10483,1
2019-05-16 15:30:28.440,10483,10484,10483,1
2019-05-16 15:30:29.550,10483,10484,10483,2
2019-05-16 15:30:29.550,10483,10484,10482,1
2019-05-16 15:30:29.932,10482,10483,10483,1
2019-05-16 15:30:31.730,10482,10483,10482,1
2019-05-16 15:30:32.193,10482,10483,10483,1
2019-05-16 15:30:32.262,10482,10483,10482,1
2019-05-16 15:30:33.296,10482,10483,10483,1
2019-05-16 15:30:33.859,10482,10483,10483,5
2019-05-16 15:30:33.954,10482,10483,10483,1
2019-05-16 15:30:35.428,10482,10483,10483,2
2019-05-16 15:30:35.641,10482,10483,10483,5
2019-05-16 15:30:36.647,10482,10483,10483,1
2019-05-16 15:30:36.647,10482,10483,10483,1
2019-05-16 15:30:36.648,10482,10483,10483,5
2019-05-16 15:30:39.271,10483,10484,10483,1
2019-05-16 15:30:39.515,10483,10484,10483,2
2019-05-16 15:30:39.769,10483,10484,10484,1
2019-05-16 15:30:41.010,10483,10484,10484,1
2019-05-16 15:30:41.539,10483,10484,10483,2
2019-05-16 15:30:42.431,10482,10484,10482,3
2019-05-16 15:30:44.963,10483,10484,10483,1
2019-05-16 15:30:46.150,10483,10484,10483,1
2019-05-16 15:30:46.728,10483,10484,10483,1
2019-05-16 15:30:47.982,10483,10484,10483,1
2019-05-16 15:30:48.882,10483,10484,10483,1
2019-05-16 15:30:49.394,10483,10484,10484,6
2019-05-16 15:30:49.654,10484,10485,10484,1
2019-05-16 15:30:50.189,10484,10485,10484,1
2019-05-16 15:30:52.751,10483,10484,10483,1
2019-05-16 15:30:54.447,10483,10484,10484,1
2019-05-16 15:30:59.154,10483,10484,10484,1
2019-05-16 15:30:59.546,10483,10484,10484,1
2019-05-16 15:30:59.922,10483,10484,10484,6
2019-05-16 15:31:00.283,10484,10485,10484,5
2019-05-16 15:31:00.921,10483,10484,10484,1
2019-05-16 15:31:01.011,10483,10484,10483,2
2019-05-16 15:31:01.162,10483,10484,10483,15
2019-05-16 15:31:01.162,10483,10484,10483,1
2019-05-16 15:31:01.162,10483,10484,10483,6
2019-05-16 15:31:01.509,10482,10483,10482,1
2019-05-16 15:31:01.524,10482,10483,10482,11
2019-05-16 15:31:01.649,10482,10483,10482,1
2019-05-16 15:31:02.394,10482,10483,10482,10
2019-05-16 15:31:02.698,10482,10483,10482,1
2019-05-16 15:31:03.722,10481,10482,10482,1
2019-05-16 15:31:04.082,10481,10482,10481,1
2019-05-16 15:31:04.198,10481,10482,10482,2
2019-05-16 15:31:04.606,10481,10482,10481,1
2019-05-16 15:31:05.717,10481,10482,10481,34
2019-05-16 15:31:06.025,10481,10482,10482,1
2019-05-16 15:31:06.141,10481,10482,10481,1
2019-05-16 15:31:06.224,10481,10482,10481,5
2019-05-16 15:31:08.629,10481,10482,10482,2
2019-05-16 15:31:10.287,10481,10482,10481,1
2019-05-16 15:31:10.359,10481,10482,10482,3
2019-05-16 15:31:10.530,10481,10482,10481,1
2019-05-16 15:31:10.539,10481,10482,10481,1
2019-05-16 15:31:13.488,10481,10482,10481,20
2019-05-16 15:31:13.979,10481,10482,10481,2
2019-05-16 15:31:14.025,10480,10481,10481,18
2019-05-16 15:31:14.064,10480,10481,10480,1
2019-05-16 15:31:14.150,10480,10481,10481,1
2019-05-16 15:31:14.166,10480,10481,10481,1
2019-05-16 15:31:14.212,10480,10481,10481,1
2019-05-16 15:31:14.227,10480,10481,10481,1
2019-05-16 15:31:14.232,10480,10481,10480,1
2019-05-16 15:31:14.234,10480,10481,10480,1
2019-05-16 15:31:14.237,10480,10481,10480,1
2019-05-16 15:31:14.238,10480,10481,10480,2
2019-05-16 15:31:14.429,10480,10481,10480,2
2019-05-16 15:31:14.513,10480,10481,10480,1
2019-05-16 15:31:14.590,10480,10481,10481,1
2019-05-16 15:31:14.635,10480,10481,10481,1
2019-05-16 15:31:14.638,10480,10481,10480,1
2019-05-16 15:31:15.848,10480,10481,10481,1
2019-05-16 15:31:15.930,10480,10481,10480,1
2019-05-16 15:31:16.254,10480,10481,10481,2
2019-05-16 15:31:16.485,10481,10482,10482,3
2019-05-16 15:31:16.512,10481,10482,10481,1
2019-05-16 15:31:16.580,10481,10482,10481,1
2019-05-16 15:31:17.544,10481,10482,10482,3
2019-05-16 15:31:18.191,10481,10482,10481,1
2019-05-16 15:31:18.243,10481,10482,10482,1
2019-05-16 15:31:18.248,10481,10482,10481,1
2019-05-16 15:31:19.131,10481,10482,10481,1
2019-05-16 15:31:19.584,10481,10482,10481,28
2019-05-16 15:31:19.584,10481,10482,10480,6
2019-05-16 15:31:19.931,10480,10481,10480,3
2019-05-16 15:31:20.398,10480,10481,10481,5
2019-05-16 15:31:20.406,10480,10481,10480,2
2019-05-16 15:31:20.705,10480,10481,10480,6
2019-05-16 15:31:20.705,10480,10481,10480,3
2019-05-16 15:31:20.705,10480,10481,10480,10
2019-05-16 15:31:20.705,10480,10481,10480,2
2019-05-16 15:31:20.705,10480,10481,10480,1
2019-05-16 15:31:20.705,10480,10481,10480,3
2019-05-16 15:31:20.775,10480,10481,10480,1
2019-05-16 15:31:20.775,10480,10481,10480,1
2019-05-16 15:31:20.775,10480,10481,10480,1
2019-05-16 15:31:20.775,10480,10481,10480,1
2019-05-16 15:31:20.775,10480,10481,10480,2
2019-05-16 15:31:20.775,10480,10481,10480,1
2019-05-16 15:31:20.775,10480,10481,10480,1
2019-05-16 15:31:20.892,10480,10481,10480,2
2019-05-16 15:31:20.899,10480,10481,10480,4
2019-05-16 15:31:21.024,10480,10481,10480,2
2019-05-16 15:31:21.025,10480,10481,10480,2
2019-05-16 15:31:21.025,10480,10481,10480,2
2019-05-16 15:31:21.150,10479,10480,10480,2
2019-05-16 15:31:21.180,10479,10480,10480,1
2019-05-16 15:31:21.649,10479,10480,10480,2
2019-05-16 15:31:23.130,10480,10481,10481,1
2019-05-16 15:31:23.297,10480,10481,10481,4
2019-05-16 15:31:24.725,10480,10481,10481,1
2019-05-16 15:31:24.867,10480,10481,10481,2
2019-05-16 15:31:24.909,10480,10481,10481,1
2019-05-16 15:31:24.921,10480,10481,10480,1
2019-05-16 15:31:26.041,10480,10481,10480,1
2019-05-16 15:31:28.567,10480,10481,10480,1
2019-05-16 15:31:29.038,10480,10481,10481,3
2019-05-16 15:31:30.114,10480,10481,10480,1
2019-05-16 15:31:30.593,10480,10481,10481,1
2019-05-16 15:31:31.297,10480,10481,10481,1
2019-05-16 15:31:31.297,10480,10481,10481,1
2019-05-16 15:31:31.298,10480,10481,10481,1
2019-05-16 15:31:31.298,10480,10481,10481,2
2019-05-16 15:31:31.298,10480,10481,10481,2
2019-05-16 15:31:33.878,10481,10482,10481,1
2019-05-16 15:31:33.910,10480,10481,10481,1
2019-05-16 15:31:33.911,10480,10481,10481,1
2019-05-16 15:31:34.846,10480,10481,10481,1
2019-05-16 15:31:35.131,10480,10481,10480,1
2019-05-16 15:31:37.774,10480,10481,10481,2
2019-05-16 15:31:38.781,10480,10482,10480,1
2019-05-16 15:31:38.985,10480,10482,10480,1
2019-05-16 15:31:43.926,10481,10482,10481,2
2019-05-16 15:31:44.374,10481,10482,10481,1
2019-05-16 15:31:44.374,10481,10482,10480,5
2019-05-16 15:31:45.149,10480,10481,10481,2
2019-05-16 15:31:45.605,10480,10482,10480,1
2019-05-16 15:31:45.649,10480,10482,10481,1
2019-05-16 15:31:45.653,10480,10482,10481,3
2019-05-16 15:31:45.899,10480,10481,10481,1
2019-05-16 15:31:46.162,10480,10482,10480,1
2019-05-16 15:31:46.524,10480,10481,10481,2
2019-05-16 15:31:47.230,10480,10482,10481,1
2019-05-16 15:31:47.230,10480,10482,10480,3
2019-05-16 15:31:48.383,10480,10482,10480,1
2019-05-16 15:31:48.875,10480,10482,10480,1
2019-05-16 15:31:49.406,10481,10482,10481,1
2019-05-16 15:31:50.105,10481,10482,10481,1
2019-05-16 15:31:50.274,10480,10481,10481,1
2019-05-16 15:31:50.401,10480,10481,10481,1
2019-05-16 15:31:50.653,10480,10482,10480,2
2019-05-16 15:31:51.828,10481,10482,10481,1
2019-05-16 15:31:52.312,10481,10482,10482,2
2019-05-16 15:31:52.312,10481,10482,10482,1
2019-05-16 15:31:52.704,10482,10483,10482,1
2019-05-16 15:31:52.900,10482,10483,10482,5
2019-05-16 15:31:52.949,10482,10483,10481,1
2019-05-16 15:31:55.700,10481,10483,10483,1
2019-05-16 15:31:59.076,10482,10483,10483,1
2019-05-16 15:31:59.331,10482,10483,10483,1
2019-05-16 15:31:59.399,10482,10483,10483,3
2019-05-16 15:31:59.399,10482,10483,10483,1
2019-05-16 15:31:59.403,10482,10483,10483,1
2019-05-16 15:31:59.524,10482,10483,10483,1
2019-05-16 15:31:59.524,10482,10483,10483,2
2019-05-16 15:32:00.869,10482,10483,10482,2
2019-05-16 15:32:00.960,10482,10483,10482,1
2019-05-16 15:32:01.174,10482,10483,10482,1
2019-05-16 15:32:01.174,10482,10483,10481,6
2019-05-16 15:32:02.423,10481,10483,10483,1
2019-05-16 15:32:03.011,10481,10483,10483,1
2019-05-16 15:32:04.845,10481,10483,10483,4
2019-05-16 15:32:05.844,10482,10483,10482,1
2019-05-16 15:32:06.752,10482,10483,10483,4
2019-05-16 15:32:06.752,10482,10483,10483,1
2019-05-16 15:32:07.360,10482,10484,10482,3
2019-05-16 15:32:10.059,10482,10483,10483,1
2019-05-16 15:32:13.018,10482,10483,10482,2
2019-05-16 15:32:14.149,10482,10483,10483,2
2019-05-16 15:32:14.327,10482,10484,10483,1
2019-05-16 15:32:15.432,10483,10484,10483,1
2019-05-16 15:32:15.525,10482,10483,10483,1
2019-05-16 15:32:24.347,10483,10484,10483,3
2019-05-16 15:32:27.000,10483,10484,10483,4
2019-05-16 15:32:27.866,10483,10484,10484,2
2019-05-16 15:32:28.429,10483,10484,10483,1
2019-05-16 15:32:35.908,10482,10483,10483,1
2019-05-16 15:32:39.135,10482,10483,10483,1
2019-05-16 15:32:39.321,10482,10483,10483,1
2019-05-16 15:32:40.283,10482,10483,10483,2
2019-05-16 15:32:40.284,10482,10483,10483,6
2019-05-16 15:32:40.284,10482,10483,10483,1
2019-05-16 15:32:40.284,10482,10483,10483,2
2019-05-16 15:32:40.285,10482,10483,10483,5
2019-05-16 15:32:40.286,10482,10483,10483,4
2019-05-16 15:32:40.289,10482,10483,10483,8
2019-05-16 15:32:41.278,10483,10484,10484,19
2019-05-16 15:32:41.278,10483,10484,10484,1
2019-05-16 15:32:42.088,10484,10485,10484,1
2019-05-16 15:32:46.749,10484,10485,10485,1
2019-05-16 15:32:46.818,10484,10485,10485,1
2019-05-16 15:32:49.388,10484,10485,10485,3
2019-05-16 15:32:51.591,10484,10485,10484,1
2019-05-16 15:32:52.311,10484,10485,10484,2
2019-05-16 15:32:52.311,10484,10485,10483,3
2019-05-16 15:32:52.744,10483,10485,10483,2
2019-05-16 15:32:53.422,10483,10484,10484,1
2019-05-16 15:32:55.651,10483,10484,10483,1
2019-05-16 15:32:56.763,10483,10484,10483,1
2019-05-16 15:32:57.310,10483,10484,10484,2
2019-05-16 15:32:59.045,10483,10484,10483,4
2019-05-16 15:33:01.164,10483,10484,10483,2
2019-05-16 15:33:01.166,10483,10484,10483,3
2019-05-16 15:33:01.166,10483,10484,10483,2
2019-05-16 15:33:03.032,10482,10483,10483,1
2019-05-16 15:33:08.895,10482,10483,10483,1
2019-05-16 15:33:12.221,10482,10483,10483,1
2019-05-16 15:33:15.264,10482,10483,10483,1
2019-05-16 15:33:16.545,10482,10483,10482,1
2019-05-16 15:33:18.719,10482,10483,10483,2
2019-05-16 15:33:20.452,10482,10483,10482,1
2019-05-16 15:33:21.866,10482,10483,10482,1
2019-05-16 15:33:28.679,10482,10483,10482,1
2019-05-16 15:33:29.703,10482,10483,10482,4
2019-05-16 15:33:30.871,10482,10483,10482,1
2019-05-16 15:33:31.148,10482,10483,10482,2
2019-05-16 15:33:31.149,10482,10483,10482,8
2019-05-16 15:33:32.105,10481,10482,10481,2
2019-05-16 15:33:32.105,10481,10482,10481,1
2019-05-16 15:33:32.106,10481,10482,10481,1
2019-05-16 15:33:32.150,10481,10482,10481,12
2019-05-16 15:33:32.274,10481,10482,10481,1
2019-05-16 15:33:32.275,10481,10482,10481,1
2019-05-16 15:33:32.275,10481,10482,10481,3
2019-05-16 15:33:32.275,10481,10482,10481,1
2019-05-16 15:33:32.275,10481,10482,10481,4
2019-05-16 15:33:32.275,10481,10482,10481,1
2019-05-16 15:33:32.275,10481,10482,10481,1
2019-05-16 15:33:32.275,10481,10482,10481,2
2019-05-16 15:33:32.275,10481,10482,10481,5
2019-05-16 15:33:32.465,10480,10481,10481,1
2019-05-16 15:33:33.147,10480,10481,10481,5
2019-05-16 15:33:35.203,10481,10482,10481,1
2019-05-16 15:33:37.788,10481,10482,10481,1
2019-05-16 15:33:37.960,10481,10482,10481,1
2019-05-16 15:33:38.178,10481,10482,10482,1
2019-05-16 15:33:39.348,10481,10482,10481,2
2019-05-16 15:33:41.468,10481,10482,10482,3
2019-05-16 15:33:42.265,10481,10482,10481,1
2019-05-16 15:33:42.810,10481,10482,10481,2
2019-05-16 15:33:42.957,10481,10482,10482,1
2019-05-16 15:33:47.634,10481,10482,10481,2
2019-05-16 15:33:52.357,10481,10482,10482,1
2019-05-16 15:33:52.782,10481,10482,10481,3
2019-05-16 15:33:53.441,10481,10482,10481,2
2019-05-16 15:33:53.441,10481,10482,10481,3
2019-05-16 15:33:54.630,10480,10481,10481,1
2019-05-16 15:33:56.158,10480,10481,10480,1
2019-05-16 15:33:56.175,10480,10481,10481,1
2019-05-16 15:33:58.684,10480,10481,10481,1
2019-05-16 15:33:59.151,10480,10481,10480,36
2019-05-16 15:33:59.971,10479,10480,10480,1
2019-05-16 15:34:00.215,10479,10480,10479,5
2019-05-16 15:34:00.274,10479,10480,10479,1
2019-05-16 15:34:00.275,10479,10480,10479,2
2019-05-16 15:34:00.592,10478,10479,10478,1
2019-05-16 15:34:00.652,10478,10479,10478,5
2019-05-16 15:34:00.657,10478,10479,10478,1
2019-05-16 15:34:00.686,10478,10479,10478,1
2019-05-16 15:34:00.688,10478,10479,10478,1
2019-05-16 15:34:00.703,10478,10479,10479,1
2019-05-16 15:34:01.667,10478,10479,10479,1
2019-05-16 15:34:01.956,10478,10479,10478,4
2019-05-16 15:34:02.886,10477,10479,10477,1
2019-05-16 15:34:02.994,10477,10479,10479,1
2019-05-16 15:34:03.166,10477,10479,10479,1
2019-05-16 15:34:03.251,10477,10479,10478,1
2019-05-16 15:34:04.755,10478,10479,10479,1
2019-05-16 15:34:04.756,10478,10479,10479,3
2019-05-16 15:34:04.756,10478,10479,10479,8
2019-05-16 15:34:04.760,10478,10479,10479,2
2019-05-16 15:34:04.775,10478,10479,10479,1
2019-05-16 15:34:06.592,10479,10480,10479,2
2019-05-16 15:34:06.847,10478,10480,10478,4
2019-05-16 15:34:07.181,10478,10480,10478,2
2019-05-16 15:34:07.276,10478,10479,10479,1
2019-05-16 15:34:07.542,10478,10479,10479,1
2019-05-16 15:34:07.611,10478,10479,10479,10
2019-05-16 15:34:08.681,10478,10479,10478,1
2019-05-16 15:34:09.489,10478,10479,10479,1
2019-05-16 15:34:09.735,10478,10479,10478,1
2019-05-16 15:34:10.349,10478,10479,10478,1
2019-05-16 15:34:10.602,10477,10479,10477,2
2019-05-16 15:34:10.851,10477,10478,10478,1
2019-05-16 15:34:11.347,10477,10478,10477,1
2019-05-16 15:34:12.448,10477,10478,10477,1
2019-05-16 15:34:12.690,10477,10478,10478,1
2019-05-16 15:34:12.712,10477,10478,10477,1
2019-05-16 15:34:13.019,10477,10478,10478,1
2019-05-16 15:34:13.054,10477,10478,10477,1
2019-05-16 15:34:13.250,10477,10478,10477,1
2019-05-16 15:34:13.771,10477,10478,10477,1
2019-05-16 15:34:13.784,10477,10478,10477,4
2019-05-16 15:34:14.663,10477,10478,10477,1
2019-05-16 15:34:15.329,10477,10478,10477,1
2019-05-16 15:34:15.376,10477,10478,10478,4
2019-05-16 15:34:15.388,10477,10478,10477,1
2019-05-16 15:34:17.040,10477,10478,10477,1
2019-05-16 15:34:17.286,10477,10478,10477,1
2019-05-16 15:34:17.323,10477,10478,10477,1
2019-05-16 15:34:18.806,10477,10478,10478,1
2019-05-16 15:34:18.946,10477,10478,10477,1
2019-05-16 15:34:19.010,10477,10478,10477,15
2019-05-16 15:34:20.163,10477,10478,10477,1
2019-05-16 15:34:20.259,10477,10478,10477,1
2019-05-16 15:34:20.851,10477,10478,10478,2
2019-05-16 15:34:20.969,10477,10478,10478,3
2019-05-16 15:34:21.194,10478,10479,10478,1
2019-05-16 15:34:22.837,10478,10479,10478,1
2019-05-16 15:34:22.905,10478,10479,10478,5
2019-05-16 15:34:24.151,10478,10479,10479,4
2019-05-16 15:34:25.261,10478,10480,10478,4
2019-05-16 15:34:26.400,10478,10480,10478,1
2019-05-16 15:34:27.675,10478,10479,10478,1
2019-05-16 15:34:28.101,10477,10478,10478,1
2019-05-16 15:34:28.225,10477,10479,10478,1
2019-05-16 15:34:28.284,10477,10479,10479,3
2019-05-16 15:34:28.420,10477,10479,10478,1
2019-05-16 15:34:30.767,10477,10478,10478,2
2019-05-16 15:34:32.098,10478,10479,10478,1
2019-05-16 15:34:33.197,10477,10479,10478,1
2019-05-16 15:34:34.546,10477,10479,10477,3
2019-05-16 15:34:36.755,10477,10478,10477,1
2019-05-16 15:34:37.834,10477,10478,10477,2
2019-05-16 15:34:38.638,10477,10478,10477,1
2019-05-16 15:34:39.515,10477,10478,10477,2
2019-05-16 15:34:41.790,10477,10478,10477,2
2019-05-16 15:34:41.790,10477,10478,10477,6
2019-05-16 15:34:42.828,10476,10477,10476,2
2019-05-16 15:34:42.940,10476,10477,10476,1
2019-05-16 15:34:42.945,10476,10477,10476,1
2019-05-16 15:34:42.953,10476,10477,10476,2
2019-05-16 15:34:44.835,10476,10477,10477,1
2019-05-16 15:34:44.978,10476,10477,10477,2
2019-05-16 15:34:46.321,10476,10477,10477,1
2019-05-16 15:34:47.672,10476,10477,10476,2
2019-05-16 15:34:48.543,10476,10477,10476,1
2019-05-16 15:34:51.288,10476,10477,10476,1
2019-05-16 15:34:52.510,10476,10477,10476,4
2019-05-16 15:34:53.276,10476,10477,10477,24
2019-05-16 15:34:54.161,10477,10478,10477,1
2019-05-16 15:34:58.118,10477,10478,10477,1
2019-05-16 15:34:58.771,10477,10478,10477,2
2019-05-16 15:34:58.792,10477,10478,10477,1
2019-05-16 15:34:59.184,10477,10478,10478,12
2019-05-16 15:34:59.368,10477,10479,10478,1
2019-05-16 15:34:59.810,10478,10479,10478,1
2019-05-16 15:35:01.371,10478,10479,10478,1
2019-05-16 15:35:02.404,10478,10479,10478,1
2019-05-16 15:35:02.900,10477,10478,10478,1
2019-05-16 15:35:03.731,10477,10478,10478,1
2019-05-16 15:35:03.776,10477,10479,10479,1
2019-05-16 15:35:03.978,10478,10479,10479,1
2019-05-16 15:35:04.827,10478,10479,10478,2
2019-05-16 15:35:05.313,10478,10479,10478,1
2019-05-16 15:35:05.558,10478,10479,10478,1
2019-05-16 15:35:05.691,10478,10479,10479,5
2019-05-16 15:35:07.524,10478,10479,10479,1
2019-05-16 15:35:09.102,10479,10480,10480,1
2019-05-16 15:35:10.724,10479,10480,10480,1
2019-05-16 15:35:10.737,10479,10480,10479,1
2019-05-16 15:35:11.243,10479,10480,10480,1
2019-05-16 15:35:12.436,10479,10480,10479,1
2019-05-16 15:35:15.679,10479,10480,10479,1
2019-05-16 15:35:16.573,10479,10480,10479,1
2019-05-16 15:35:17.231,10479,10480,10480,1
2019-05-16 15:35:18.515,10479,10480,10480,1
2019-05-16 15:35:20.397,10479,10480,10480,1
2019-05-16 15:35:21.309,10479,10480,10479,1
2019-05-16 15:35:23.177,10479,10480,10480,5
2019-05-16 15:35:24.571,10479,10480,10479,2
2019-05-16 15:35:26.024,10479,10480,10480,10
2019-05-16 15:35:26.370,10480,10481,10480,1
2019-05-16 15:35:28.164,10480,10481,10481,1
2019-05-16 15:35:29.160,10480,10481,10480,1
2019-05-16 15:35:31.162,10480,10481,10481,1
2019-05-16 15:35:38.634,10480,10481,10481,1
2019-05-16 15:35:41.265,10480,10481,10480,10
2019-05-16 15:35:42.818,10480,10481,10480,1
2019-05-16 15:35:43.066,10480,10481,10481,1
2019-05-16 15:35:43.531,10480,10481,10481,1
2019-05-16 15:35:45.018,10480,10481,10480,2
2019-05-16 15:35:45.018,10480,10481,10479,1
2019-05-16 15:35:49.583,10480,10481,10481,1
2019-05-16 15:35:49.967,10480,10481,10481,1
2019-05-16 15:35:51.678,10480,10481,10481,1
2019-05-16 15:35:52.290,10480,10481,10481,1
2019-05-16 15:35:52.448,10480,10481,10481,7
2019-05-16 15:35:52.989,10481,10482,10481,1
2019-05-16 15:35:59.183,10481,10482,10481,1
2019-05-16 15:35:59.655,10481,10482,10481,1
2019-05-16 15:36:00.109,10481,10482,10481,5
2019-05-16 15:36:00.109,10481,10482,10480,5
2019-05-16 15:36:00.329,10480,10481,10480,1
2019-05-16 15:36:00.460,10480,10481,10481,3
2019-05-16 15:36:03.835,10480,10481,10480,1
2019-05-16 15:36:08.843,10480,10481,10480,1
2019-05-16 15:36:09.145,10480,10481,10480,6
2019-05-16 15:36:09.585,10480,10481,10480,2
2019-05-16 15:36:10.678,10480,10481,10481,1
2019-05-16 15:36:11.997,10480,10481,10481,2
2019-05-16 15:36:15.841,10480,10481,10481,1
2019-05-16 15:36:19.848,10480,10481,10481,1
2019-05-16 15:36:21.207,10480,10481,10481,2
2019-05-16 15:36:23.092,10480,10481,10480,2
2019-05-16 15:36:30.898,10480,10481,10481,1
2019-05-16 15:36:31.060,10480,10481,10481,1
2019-05-16 15:36:34.546,10481,10482,10482,1
2019-05-16 15:36:35.590,10481,10482,10481,1
2019-05-16 15:36:36.872,10481,10482,10481,1
2019-05-16 15:36:38.549,10481,10482,10482,1
2019-05-16 15:36:38.608,10481,10482,10482,2
2019-05-16 15:36:40.280,10481,10483,10481,2
2019-05-16 15:36:45.458,10481,10482,10482,1
2019-05-16 15:36:45.856,10482,10483,10483,1
2019-05-16 15:36:51.149,10482,10483,10482,1
2019-05-16 15:36:56.135,10482,10483,10483,1
2019-05-16 15:36:56.149,10482,10483,10483,10
2019-05-16 15:36:56.274,10482,10483,10483,11
2019-05-16 15:36:57.417,10483,10484,10484,1
2019-05-16 15:36:57.894,10483,10484,10483,1
2019-05-16 15:36:58.282,10483,10484,10483,5
2019-05-16 15:36:58.652,10483,10484,10484,1
2019-05-16 15:36:59.325,10483,10484,10484,1
2019-05-16 15:36:59.836,10483,10484,10484,1
2019-05-16 15:36:59.941,10483,10484,10484,1
2019-05-16 15:37:00.666,10483,10484,10484,1
2019-05-16 15:37:00.781,10483,10484,10483,1
2019-05-16 15:37:02.732,10482,10483,10483,1
2019-05-16 15:37:03.597,10482,10484,10484,1
2019-05-16 15:37:04.359,10482,10484,10484,3
2019-05-16 15:37:06.519,10483,10484,10484,1
2019-05-16 15:37:08.291,10483,10484,10484,1
2019-05-16 15:37:09.829,10483,10484,10484,1
2019-05-16 15:37:13.431,10483,10484,10483,3
2019-05-16 15:37:13.431,10483,10484,10482,1
2019-05-16 15:37:29.275,10483,10484,10484,1
2019-05-16 15:37:29.926,10483,10484,10484,1
2019-05-16 15:37:29.926,10483,10484,10484,2
2019-05-16 15:37:29.926,10483,10484,10484,1
2019-05-16 15:37:29.927,10483,10484,10484,1
2019-05-16 15:37:29.927,10483,10484,10484,3
2019-05-16 15:37:29.927,10483,10484,10484,5
2019-05-16 15:37:29.928,10483,10484,10484,1
2019-05-16 15:37:29.928,10483,10484,10484,5
2019-05-16 15:37:31.608,10484,10485,10485,1
2019-05-16 15:37:31.857,10484,10485,10485,1
2019-05-16 15:37:31.913,10484,10485,10484,10
2019-05-16 15:37:43.183,10483,10484,10484,2
2019-05-16 15:37:43.188,10483,10484,10484,5
2019-05-16 15:37:43.779,10483,10484,10484,2
2019-05-16 15:37:44.243,10483,10484,10484,1
2019-05-16 15:37:46.103,10483,10484,10484,1
2019-05-16 15:37:46.681,10483,10484,10484,2
2019-05-16 15:37:50.279,10483,10484,10483,1
2019-05-16 15:37:50.283,10483,10484,10483,5
2019-05-16 15:37:50.284,10483,10484,10483,1
2019-05-16 15:37:50.285,10483,10484,10483,1
2019-05-16 15:37:50.285,10483,10484,10483,1
2019-05-16 15:37:51.323,10483,10484,10484,2
2019-05-16 15:37:51.549,10483,10484,10483,1
2019-05-16 15:37:58.422,10483,10484,10483,1
2019-05-16 15:38:04.509,10483,10484,10484,1
2019-05-16 15:38:08.840,10483,10484,10484,1
2019-05-16 15:38:10.105,10483,10484,10484,1
2019-05-16 15:38:12.014,10483,10484,10483,2
2019-05-16 15:38:12.753,10483,10484,10484,2
2019-05-16 15:38:13.970,10483,10484,10483,1
2019-05-16 15:38:18.173,10483,10484,10483,1
2019-05-16 15:38:19.711,10483,10484,10484,3
2019-05-16 15:38:22.609,10483,10484,10483,1
2019-05-16 15:38:29.635,10483,10484,10484,3
2019-05-16 15:38:31.151,10483,10484,10484,1
2019-05-16 15:38:31.151,10483,10484,10484,2
2019-05-16 15:38:31.151,10483,10484,10484,3
2019-05-16 15:38:31.189,10483,10484,10484,1
2019-05-16 15:38:31.190,10483,10484,10484,2
2019-05-16 15:38:31.190,10483,10484,10484,2
2019-05-16 15:38:31.212,10483,10484,10484,2
2019-05-16 15:38:39.742,10484,10485,10484,1
2019-05-16 15:38:39.742,10484,10485,10484,1
2019-05-16 15:38:40.140,10483,10484,10485,1
2019-05-16 15:38:44.488,10484,10485,10484,1
2019-05-16 15:38:46.707,10483,10484,10484,1
2019-05-16 15:38:52.404,10484,10485,10484,5
2019-05-16 15:38:53.804,10484,10485,10485,3
2019-05-16 15:38:54.899,10484,10485,10484,1
2019-05-16 15:38:56.548,10484,10485,10485,34
2019-05-16 15:39:00.389,10485,10486,10486,13
2019-05-16 15:39:00.402,10486,10487,10486,3
2019-05-16 15:39:00.424,10486,10487,10487,1
2019-05-16 15:39:00.654,10485,10486,10486,1
2019-05-16 15:39:03.718,10485,10486,10486,1
2019-05-16 15:39:03.884,10485,10486,10486,1
2019-05-16 15:39:04.230,10486,10487,10487,3
2019-05-16 15:39:04.747,10486,10487,10486,1
2019-05-16 15:39:05.823,10485,10486,10486,4
2019-05-16 15:39:06.008,10485,10486,10486,4
2019-05-16 15:39:06.608,10485,10486,10486,1
2019-05-16 15:39:06.608,10485,10486,10486,1
2019-05-16 15:39:07.261,10486,10487,10487,1
2019-05-16 15:39:07.301,10486,10487,10486,2
2019-05-16 15:39:11.037,10486,10487,10487,1
2019-05-16 15:39:11.037,10486,10487,10487,2
2019-05-16 15:39:11.037,10486,10487,10487,1
2019-05-16 15:39:11.037,10486,10487,10487,1
2019-05-16 15:39:11.152,10486,10487,10487,5
2019-05-16 15:39:13.437,10487,10488,10488,1
2019-05-16 15:39:13.879,10487,10488,10488,1
2019-05-16 15:39:15.669,10487,10488,10487,10
2019-05-16 15:39:15.829,10487,10488,10488,1
2019-05-16 15:39:16.065,10487,10488,10488,1
2019-05-16 15:39:16.491,10487,10488,10488,2
2019-05-16 15:39:16.847,10487,10488,10488,5
2019-05-16 15:39:17.368,10487,10488,10488,2
2019-05-16 15:39:17.720,10487,10488,10488,1
2019-05-16 15:39:19.464,10487,10488,10488,1
2019-05-16 15:39:20.360,10487,10488,10488,1
2019-05-16 15:39:21.670,10487,10488,10488,1
2019-05-16 15:39:22.233,10487,10488,10488,1
2019-05-16 15:39:23.052,10487,10488,10488,1
2019-05-16 15:39:24.417,10487,10488,10487,1
2019-05-16 15:39:24.526,10487,10488,10487,22
2019-05-16 15:39:25.024,10486,10487,10486,1
2019-05-16 15:39:25.030,10486,10487,10486,1
2019-05-16 15:39:25.101,10486,10487,10486,1
2019-05-16 15:39:27.407,10485,10486,10486,1
2019-05-16 15:39:27.407,10485,10486,10487,4
2019-05-16 15:39:38.381,10486,10487,10486,3
2019-05-16 15:39:38.524,10486,10487,10486,3
2019-05-16 15:39:38.821,10485,10486,10486,1
2019-05-16 15:39:39.440,10485,10486,10486,1
2019-05-16 15:39:40.738,10485,10486,10486,5
2019-05-16 15:39:41.498,10485,10487,10485,1
2019-05-16 15:39:42.345,10485,10486,10485,1
2019-05-16 15:39:42.510,10485,10486,10485,1
2019-05-16 15:39:42.627,10485,10486,10485,1
2019-05-16 15:39:42.953,10485,10486,10485,1
2019-05-16 15:39:43.061,10485,10486,10485,1
2019-05-16 15:39:43.165,10485,10486,10485,1
2019-05-16 15:39:45.436,10485,10486,10485,1
2019-05-16 15:39:45.535,10485,10486,10485,1
2019-05-16 15:39:46.285,10485,10486,10486,2
2019-05-16 15:39:48.539,10485,10486,10485,1
2019-05-16 15:39:49.422,10485,10486,10486,1
2019-05-16 15:39:49.719,10485,10486,10485,1
2019-05-16 15:39:50.615,10485,10486,10485,1
2019-05-16 15:39:50.717,10485,10486,10485,1
2019-05-16 15:39:50.778,10485,10486,10485,2
2019-05-16 15:39:51.272,10485,10486,10485,1
2019-05-16 15:39:51.292,10485,10486,10485,1
2019-05-16 15:39:51.311,10485,10486,10485,1
2019-05-16 15:39:51.311,10485,10486,10485,1
2019-05-16 15:39:51.311,10485,10486,10485,1
2019-05-16 15:39:51.314,10485,10486,10485,3
2019-05-16 15:39:51.431,10484,10485,10484,1
2019-05-16 15:39:51.538,10484,10485,10484,1
2019-05-16 15:39:54.081,10484,10485,10485,1
2019-05-16 15:39:57.610,10484,10485,10485,1
2019-05-16 15:39:57.747,10484,10486,10484,1
2019-05-16 15:39:58.749,10484,10485,10485,1
2019-05-16 15:40:05.738,10484,10485,10484,1
2019-05-16 15:40:06.550,10484,10485,10485,1
2019-05-16 15:40:13.337,10484,10486,10486,1
2019-05-16 15:40:14.827,10485,10486,10485,2
2019-05-16 15:40:17.543,10485,10486,10486,1
2019-05-16 15:40:17.644,10485,10486,10485,1
2019-05-16 15:40:17.644,10485,10486,10484,1
2019-05-16 15:40:22.872,10485,10486,10485,1
2019-05-16 15:40:24.100,10484,10485,10485,3
2019-05-16 15:40:38.438,10485,10486,10486,1
2019-05-16 15:40:41.590,10485,10486,10486,10
2019-05-16 15:40:43.810,10485,10486,10486,1
2019-05-16 15:40:44.926,10485,10486,10486,4
2019-05-16 15:40:44.926,10485,10486,10487,1
2019-05-16 15:40:47.078,10486,10487,10486,1
2019-05-16 15:40:55.007,10486,10487,10486,1
2019-05-16 15:40:56.612,10485,10486,10486,1
2019-05-16 15:40:59.676,10485,10486,10486,1
2019-05-16 15:41:00.687,10485,10486,10486,1
2019-05-16 15:41:03.253,10485,10486,10486,1
2019-05-16 15:41:15.390,10485,10486,10485,9
2019-05-16 15:41:15.457,10484,10485,10485,1
2019-05-16 15:41:19.403,10484,10485,10484,1
2019-05-16 15:41:19.725,10484,10485,10485,1
2019-05-16 15:41:20.383,10484,10485,10484,1
2019-05-16 15:41:21.687,10484,10485,10485,1
2019-05-16 15:41:22.485,10484,10485,10485,1
2019-05-16 15:41:28.734,10484,10485,10485,1
2019-05-16 15:41:34.828,10484,10485,10484,16
2019-05-16 15:41:34.900,10484,10485,10484,10
2019-05-16 15:41:35.024,10484,10485,10484,2
2019-05-16 15:41:36.748,10483,10484,10484,1
2019-05-16 15:41:46.787,10483,10484,10484,1
2019-05-16 15:42:01.162,10483,10484,10483,12
2019-05-16 15:42:01.178,10483,10484,10482,5
2019-05-16 15:42:01.586,10482,10483,10482,2
2019-05-16 15:42:02.607,10482,10483,10483,1
2019-05-16 15:42:03.358,10482,10483,10482,1
2019-05-16 15:42:03.385,10482,10483,10482,1
2019-05-16 15:42:03.450,10482,10483,10482,1
2019-05-16 15:42:05.274,10482,10483,10482,7
2019-05-16 15:42:05.322,10482,10483,10481,1
2019-05-16 15:42:05.882,10482,10483,10482,1
2019-05-16 15:42:06.419,10482,10483,10482,2
2019-05-16 15:42:07.332,10482,10483,10482,1
2019-05-16 15:42:08.254,10482,10483,10482,2
2019-05-16 15:42:10.025,10482,10483,10483,5
2019-05-16 15:42:12.593,10482,10484,10482,1
2019-05-16 15:42:14.097,10482,10483,10483,1
2019-05-16 15:42:17.019,10482,10483,10483,1
2019-05-16 15:42:17.199,10483,10484,10483,1
2019-05-16 15:42:20.366,10482,10483,10483,1
2019-05-16 15:42:20.705,10482,10483,10483,1
2019-05-16 15:42:27.962,10483,10484,10483,5
2019-05-16 15:42:35.369,10482,10484,10482,2
2019-05-16 15:42:45.749,10482,10483,10483,1
2019-05-16 15:42:51.918,10482,10483,10482,1
2019-05-16 15:42:54.542,10482,10483,10482,5
2019-05-16 15:42:55.298,10482,10483,10483,1
2019-05-16 15:43:00.271,10482,10483,10483,1
2019-05-16 15:43:00.823,10482,10483,10483,2
2019-05-16 15:43:00.823,10482,10483,10483,2
2019-05-16 15:43:00.823,10482,10483,10483,3
2019-05-16 15:43:00.921,10483,10484,10483,1
2019-05-16 15:43:01.509,10483,10484,10484,1
2019-05-16 15:43:03.557,10483,10484,10483,1
2019-05-16 15:43:06.659,10483,10484,10483,1
2019-05-16 15:43:07.059,10483,10484,10483,1
2019-05-16 15:43:07.431,10483,10484,10484,2
2019-05-16 15:43:08.371,10483,10484,10483,1
2019-05-16 15:43:09.831,10482,10483,10483,1
2019-05-16 15:43:18.810,10483,10484,10483,1
2019-05-16 15:43:21.464,10483,10484,10483,1
2019-05-16 15:43:22.042,10482,10483,10483,2
2019-05-16 15:43:30.627,10483,10484,10483,2
2019-05-16 15:43:35.226,10483,10484,10483,2
2019-05-16 15:43:35.226,10483,10484,10483,4
2019-05-16 15:43:35.293,10482,10483,10482,4
2019-05-16 15:43:35.294,10482,10483,10482,10
2019-05-16 15:43:36.880,10482,10483,10482,18
2019-05-16 15:43:36.880,10482,10483,10482,4
2019-05-16 15:43:36.880,10482,10483,10482,1
2019-05-16 15:43:36.880,10482,10483,10482,3
2019-05-16 15:43:38.867,10481,10482,10482,4
2019-05-16 15:43:38.899,10481,10482,10482,1
2019-05-16 15:43:38.910,10481,10482,10482,1
2019-05-16 15:43:41.981,10481,10482,10481,1
2019-05-16 15:43:42.828,10481,10482,10481,2
2019-05-16 15:43:42.829,10481,10482,10481,3
2019-05-16 15:43:42.829,10481,10482,10481,4
2019-05-16 15:43:43.661,10480,10481,10481,1
2019-05-16 15:43:44.746,10480,10482,10482,1
2019-05-16 15:43:45.419,10481,10482,10481,3
2019-05-16 15:43:45.419,10481,10482,10480,2
2019-05-16 15:43:47.399,10480,10481,10481,1
2019-05-16 15:43:47.774,10480,10481,10481,1
2019-05-16 15:43:50.375,10481,10482,10481,1
2019-05-16 15:43:51.569,10480,10481,10480,1
2019-05-16 15:43:52.604,10480,10481,10481,3
2019-05-16 15:43:53.524,10480,10481,10481,1
2019-05-16 15:43:54.763,10481,10482,10481,1
2019-05-16 15:43:57.655,10480,10481,10481,1
2019-05-16 15:43:59.170,10480,10481,10480,5
2019-05-16 15:43:59.491,10480,10481,10481,3
2019-05-16 15:44:01.452,10480,10481,10481,2
2019-05-16 15:44:03.738,10481,10482,10481,1
2019-05-16 15:44:06.143,10480,10481,10481,2
2019-05-16 15:44:06.149,10480,10481,10481,2
2019-05-16 15:44:06.681,10481,10482,10481,1
2019-05-16 15:44:09.139,10481,10482,10482,3
2019-05-16 15:44:19.322,10482,10483,10482,1
2019-05-16 15:44:21.274,10481,10482,10482,1
2019-05-16 15:44:21.354,10481,10482,10482,1
2019-05-16 15:44:21.354,10481,10482,10482,1
2019-05-16 15:44:23.085,10482,10483,10482,1
2019-05-16 15:44:41.789,10482,10483,10482,1
2019-05-16 15:44:47.265,10482,10483,10482,1
2019-05-16 15:44:50.645,10482,10483,10482,1
2019-05-16 15:44:54.111,10482,10483,10482,1
2019-05-16 15:44:59.403,10482,10483,10482,3
2019-05-16 15:45:06.017,10481,10482,10482,1
2019-05-16 15:45:07.734,10482,10483,10482,1
2019-05-16 15:45:08.318,10481,10482,10482,2
2019-05-16 15:45:09.931,10481,10482,10482,10
2019-05-16 15:45:19.030,10481,10482,10482,1
2019-05-16 15:45:19.030,10481,10482,10482,1
2019-05-16 15:45:19.030,10481,10482,10482,2
2019-05-16 15:45:19.030,10481,10482,10482,1
2019-05-16 15:45:19.073,10481,10482,10482,5
2019-05-16 15:45:25.057,10482,10483,10482,2
2019-05-16 15:45:26.847,10482,10483,10482,1
2019-05-16 15:45:29.605,10482,10483,10483,1
2019-05-16 15:45:33.530,10482,10483,10482,1
2019-05-16 15:45:36.029,10482,10483,10483,9
2019-05-16 15:45:36.560,10483,10484,10484,2
2019-05-16 15:45:36.560,10483,10484,10484,10
2019-05-16 15:45:36.561,10483,10484,10484,7
2019-05-16 15:45:36.561,10483,10484,10484,2
2019-05-16 15:45:36.563,10483,10484,10484,1
2019-05-16 15:45:36.580,10483,10484,10484,2
2019-05-16 15:45:36.620,10483,10484,10483,1
2019-05-16 15:45:36.620,10483,10484,10484,2
2019-05-16 15:45:36.636,10483,10484,10484,2
2019-05-16 15:45:36.649,10483,10484,10484,4
2019-05-16 15:45:38.396,10484,10485,10483,1
2019-05-16 15:45:41.248,10483,10484,10483,1
2019-05-16 15:45:44.120,10484,10485,10484,1
2019-05-16 15:45:47.037,10484,10485,10485,1
2019-05-16 15:45:52.569,10484,10485,10485,1
2019-05-16 15:45:53.309,10484,10485,10485,1
2019-05-16 15:45:53.931,10484,10485,10485,1
2019-05-16 15:46:00.859,10484,10485,10485,1
2019-05-16 15:46:01.600,10484,10485,10485,1
2019-05-16 15:46:01.649,10484,10485,10485,1
2019-05-16 15:46:02.206,10484,10485,10485,1
2019-05-16 15:46:02.995,10484,10485,10485,1
2019-05-16 15:46:03.400,10484,10485,10485,1
2019-05-16 15:46:04.756,10484,10485,10484,2
2019-05-16 15:46:08.348,10484,10485,10484,1
2019-05-16 15:46:08.598,10483,10485,10485,1
2019-05-16 15:46:15.609,10483,10484,10484,1
2019-05-16 15:46:20.917,10484,10485,10484,1
2019-05-16 15:46:21.024,10484,10485,10484,3
2019-05-16 15:46:21.689,10483,10484,10484,1
2019-05-16 15:46:40.941,10483,10484,10484,1
2019-05-16 15:46:41.153,10483,10484,10483,1
2019-05-16 15:46:49.232,10484,10485,10484,1
2019-05-16 15:46:49.327,10483,10484,10484,1
2019-05-16 15:46:53.692,10483,10484,10484,1
2019-05-16 15:46:53.886,10483,10484,10484,1
2019-05-16 15:46:54.917,10483,10484,10484,1
2019-05-16 15:46:57.318,10484,10485,10484,1
2019-05-16 15:47:11.031,10484,10485,10484,1
2019-05-16 15:47:15.447,10484,10485,10485,1
2019-05-16 15:47:24.283,10484,10485,10485,2
2019-05-16 15:47:26.168,10484,10485,10485,4
2019-05-16 15:47:26.274,10484,10485,10485,7
2019-05-16 15:47:37.948,10485,10486,10485,1
2019-05-16 15:47:43.698,10485,10486,10486,1
2019-05-16 15:47:44.719,10485,10486,10486,1
2019-05-16 15:47:45.668,10485,10486,10486,1
2019-05-16 15:47:46.875,10485,10486,10486,4
2019-05-16 15:47:47.544,10486,10487,10486,1
2019-05-16 15:47:51.913,10486,10487,10486,1
2019-05-16 15:47:52.213,10486,10487,10486,1
2019-05-16 15:47:55.102,10486,10487,10486,1
2019-05-16 15:47:57.094,10486,10487,10487,1
2019-05-16 15:47:57.288,10486,10487,10487,1
2019-05-16 15:47:57.698,10486,10487,10487,1
2019-05-16 15:48:00.538,10486,10487,10486,1
2019-05-16 15:48:01.631,10486,10487,10487,1
2019-05-16 15:48:04.373,10486,10487,10486,1
2019-05-16 15:48:04.767,10486,10487,10486,1
2019-05-16 15:48:09.641,10486,10487,10487,1
2019-05-16 15:48:10.676,10486,10487,10486,1
2019-05-16 15:48:22.675,10486,10487,10486,1
2019-05-16 15:48:22.681,10486,10487,10487,1
2019-05-16 15:48:25.503,10486,10487,10486,5
2019-05-16 15:48:25.505,10486,10487,10486,1
2019-05-16 15:48:25.524,10486,10487,10486,24
2019-05-16 15:48:26.094,10485,10486,10486,2
2019-05-16 15:48:27.670,10485,10486,10486,2
2019-05-16 15:48:36.863,10485,10486,10485,1
2019-05-16 15:48:49.477,10485,10486,10485,4
2019-05-16 15:48:49.478,10485,10486,10485,10
2019-05-16 15:48:50.812,10484,10485,10485,2
2019-05-16 15:49:13.362,10484,10485,10485,1
2019-05-16 15:49:18.747,10484,10485,10485,1
2019-05-16 15:49:18.747,10484,10485,10485,4
2019-05-16 15:49:18.747,10484,10485,10485,1
2019-05-16 15:49:18.748,10484,10485,10485,1
2019-05-16 15:49:18.900,10485,10486,10486,5
2019-05-16 15:49:21.116,10485,10486,10486,2
2019-05-16 15:49:21.116,10485,10486,10486,3
2019-05-16 15:49:22.891,10485,10487,10485,1
2019-05-16 15:49:24.197,10485,10487,10485,1
2019-05-16 15:49:28.778,10485,10487,10485,1
2019-05-16 15:49:32.856,10485,10487,10485,1
2019-05-16 15:49:32.974,10485,10487,10485,2
2019-05-16 15:49:38.890,10485,10486,10486,1
2019-05-16 15:49:42.557,10486,10487,10486,1
2019-05-16 15:49:44.034,10485,10486,10486,1
2019-05-16 15:49:55.494,10486,10487,10486,1
2019-05-16 15:50:11.802,10486,10487,10487,5
2019-05-16 15:50:16.407,10486,10487,10486,1
2019-05-16 15:50:16.701,10486,10487,10486,5
2019-05-16 15:50:16.702,10486,10487,10486,5
2019-05-16 15:50:16.825,10485,10487,10486,1
2019-05-16 15:50:23.197,10486,10487,10486,3
2019-05-16 15:50:23.248,10486,10487,10487,1
2019-05-16 15:50:24.355,10485,10486,10486,1
2019-05-16 15:50:26.668,10486,10487,10487,5
2019-05-16 15:50:37.498,10486,10487,10487,1
2019-05-16 15:50:41.149,10486,10487,10487,17
2019-05-16 15:50:41.812,10487,10488,10488,3
2019-05-16 15:50:41.812,10487,10488,10488,1
2019-05-16 15:50:41.941,10487,10488,10488,1
2019-05-16 15:50:42.084,10487,10488,10488,1
2019-05-16 15:50:42.475,10487,10488,10488,1
2019-05-16 15:50:46.646,10487,10488,10488,1
2019-05-16 15:50:46.794,10487,10488,10488,2
2019-05-16 15:50:46.929,10487,10488,10488,1
2019-05-16 15:50:50.077,10487,10488,10488,1
2019-05-16 15:50:50.149,10487,10488,10488,4
2019-05-16 15:50:50.196,10487,10488,10488,1
2019-05-16 15:50:50.199,10487,10488,10488,6
2019-05-16 15:50:54.137,10488,10489,10489,14
2019-05-16 15:50:54.208,10488,10489,10489,2
2019-05-16 15:50:54.430,10488,10489,10489,1
2019-05-16 15:50:56.868,10488,10489,10489,1
2019-05-16 15:50:58.295,10488,10489,10489,1
2019-05-16 15:50:58.900,10488,10489,10489,2
2019-05-16 15:51:00.208,10488,10489,10489,1
2019-05-16 15:51:01.332,10488,10489,10489,1
2019-05-16 15:51:01.722,10488,10489,10489,2
2019-05-16 15:51:01.766,10488,10489,10488,1
2019-05-16 15:51:02.219,10488,10489,10489,1
2019-05-16 15:51:05.446,10488,10489,10489,1
2019-05-16 15:51:06.059,10488,10489,10489,1
2019-05-16 15:51:06.978,10488,10489,10489,1
2019-05-16 15:51:07.388,10488,10489,10489,1
2019-05-16 15:51:07.390,10488,10489,10489,4
2019-05-16 15:51:07.390,10488,10489,10489,1
2019-05-16 15:51:07.390,10488,10489,10489,4
2019-05-16 15:51:07.390,10488,10489,10489,2
2019-05-16 15:51:07.390,10488,10489,10489,1
2019-05-16 15:51:08.015,10489,10490,10490,1
2019-05-16 15:51:08.026,10489,10490,10490,7
2019-05-16 15:51:08.054,10489,10490,10490,10
2019-05-16 15:51:08.062,10489,10490,10490,13
2019-05-16 15:51:08.063,10489,10490,10490,2
2019-05-16 15:51:08.105,10489,10490,10489,1
2019-05-16 15:51:08.149,10489,10490,10490,7
2019-05-16 15:51:08.150,10489,10490,10490,1
2019-05-16 15:51:10.179,10490,10491,10490,4
2019-05-16 15:51:10.179,10490,10491,10490,6
2019-05-16 15:51:10.180,10490,10491,10490,1
2019-05-16 15:51:10.404,10490,10491,10490,4
2019-05-16 15:51:10.524,10490,10491,10490,1
2019-05-16 15:51:10.557,10490,10491,10490,1
2019-05-16 15:51:13.133,10489,10490,10490,5
2019-05-16 15:51:13.332,10489,10490,10490,4
2019-05-16 15:51:13.332,10489,10490,10491,1
2019-05-16 15:51:13.527,10490,10491,10490,1
2019-05-16 15:51:17.528,10489,10490,10490,1
2019-05-16 15:51:19.233,10489,10490,10490,1
2019-05-16 15:51:19.351,10489,10490,10489,1
2019-05-16 15:51:19.972,10489,10490,10490,1
2019-05-16 15:51:20.155,10489,10490,10490,1
2019-05-16 15:51:20.155,10489,10490,10490,1
2019-05-16 15:51:23.478,10490,10491,10490,2
2019-05-16 15:51:28.169,10490,10491,10491,1
2019-05-16 15:51:28.274,10490,10491,10491,5
2019-05-16 15:51:28.399,10490,10491,10491,1
2019-05-16 15:51:28.400,10490,10491,10491,1
2019-05-16 15:51:30.469,10491,10492,10492,16
2019-05-16 15:51:30.550,10491,10492,10492,1
2019-05-16 15:51:30.553,10491,10492,10492,1
2019-05-16 15:51:31.260,10492,10493,10492,1
2019-05-16 15:51:34.697,10491,10492,10491,1
2019-05-16 15:51:37.729,10491,10492,10492,1
2019-05-16 15:51:37.772,10491,10492,10492,1
2019-05-16 15:51:38.411,10491,10492,10492,1
2019-05-16 15:51:39.801,10491,10492,10492,2
2019-05-16 15:51:40.481,10491,10492,10492,2
2019-05-16 15:51:41.808,10491,10492,10492,1
2019-05-16 15:51:42.670,10491,10492,10492,14
2019-05-16 15:51:42.690,10491,10492,10493,1
2019-05-16 15:51:42.754,10491,10492,10492,1
2019-05-16 15:51:43.053,10492,10493,10493,1
2019-05-16 15:51:43.970,10492,10493,10493,2
2019-05-16 15:51:45.789,10492,10493,10492,2
2019-05-16 15:51:45.789,10492,10493,10492,1
2019-05-16 15:51:45.791,10492,10493,10492,5
2019-05-16 15:51:45.791,10492,10493,10492,1
2019-05-16 15:51:45.791,10492,10493,10492,1
2019-05-16 15:51:45.791,10492,10493,10492,1
2019-05-16 15:51:46.950,10491,10492,10492,11
2019-05-16 15:51:46.950,10491,10492,10493,11
2019-05-16 15:51:47.812,10492,10493,10493,2
2019-05-16 15:51:49.569,10492,10493,10492,1
2019-05-16 15:51:54.218,10492,10493,10493,3
2019-05-16 15:51:57.382,10492,10493,10493,1
2019-05-16 15:51:57.744,10492,10493,10492,1
2019-05-16 15:51:58.061,10492,10493,10493,3
2019-05-16 15:51:58.827,10492,10493,10493,2
2019-05-16 15:51:59.477,10492,10493,10493,1
2019-05-16 15:52:00.933,10493,10494,10493,1
2019-05-16 15:52:01.106,10493,10494,10493,1
2019-05-16 15:52:01.537,10493,10494,10494,1
2019-05-16 15:52:01.697,10493,10494,10494,4
2019-05-16 15:52:01.958,10493,10494,10493,1
2019-05-16 15:52:03.118,10493,10494,10494,5
2019-05-16 15:52:03.118,10493,10494,10494,1
2019-05-16 15:52:03.118,10493,10494,10494,4
2019-05-16 15:52:04.014,10493,10494,10494,1
2019-05-16 15:52:05.470,10494,10495,10494,1
2019-05-16 15:52:05.564,10494,10495,10495,5
2019-05-16 15:52:05.772,10494,10495,10495,2
2019-05-16 15:52:06.243,10494,10495,10495,1
2019-05-16 15:52:06.586,10494,10495,10494,1
2019-05-16 15:52:06.824,10494,10495,10495,1
2019-05-16 15:52:07.423,10494,10495,10495,1
2019-05-16 15:52:07.731,10494,10495,10494,1
2019-05-16 15:52:07.828,10494,10495,10495,1
2019-05-16 15:52:08.215,10494,10495,10494,1
2019-05-16 15:52:08.862,10494,10495,10495,20
2019-05-16 15:52:12.465,10495,10496,10496,1
2019-05-16 15:52:12.565,10495,10496,10496,4
2019-05-16 15:52:12.572,10495,10496,10496,2
2019-05-16 15:52:12.810,10495,10496,10495,1
2019-05-16 15:52:12.854,10495,10496,10496,1
2019-05-16 15:52:13.090,10495,10496,10496,1
2019-05-16 15:52:13.272,10495,10496,10496,1
2019-05-16 15:52:13.474,10495,10496,10496,1
2019-05-16 15:52:16.497,10495,10496,10496,4
2019-05-16 15:52:18.276,10495,10496,10496,1
2019-05-16 15:52:18.744,10495,10496,10496,2
2019-05-16 15:52:18.776,10495,10496,10496,5
2019-05-16 15:52:18.900,10496,10497,10496,5
2019-05-16 15:52:18.919,10496,10497,10496,2
2019-05-16 15:52:19.024,10496,10497,10496,1
2019-05-16 15:52:19.291,10495,10496,10495,2
2019-05-16 15:52:19.841,10495,10496,10496,10
2019-05-16 15:52:20.451,10495,10496,10496,1
2019-05-16 15:52:21.149,10496,10497,10496,4
2019-05-16 15:52:22.949,10495,10496,10496,1
2019-05-16 15:52:23.154,10495,10496,10496,1
2019-05-16 15:52:23.671,10495,10496,10496,1
2019-05-16 15:52:24.934,10495,10496,10496,2
2019-05-16 15:52:24.935,10495,10496,10496,1
2019-05-16 15:52:25.453,10495,10496,10495,3
2019-05-16 15:52:25.479,10495,10496,10496,1
2019-05-16 15:52:27.314,10495,10496,10496,3
2019-05-16 15:52:30.354,10495,10496,10496,2
2019-05-16 15:52:31.307,10495,10496,10496,1
2019-05-16 15:52:32.065,10495,10496,10496,1
2019-05-16 15:52:32.225,10495,10496,10496,1
2019-05-16 15:52:34.198,10495,10496,10495,1
2019-05-16 15:52:35.104,10495,10496,10495,5
2019-05-16 15:52:36.581,10494,10495,10495,1
2019-05-16 15:52:36.939,10494,10495,10495,3
2019-05-16 15:52:40.296,10494,10495,10495,1
2019-05-16 15:52:42.000,10494,10495,10495,2
2019-05-16 15:52:42.575,10494,10495,10495,1
2019-05-16 15:52:48.844,10495,10496,10496,1
2019-05-16 15:52:53.510,10495,10496,10496,2
2019-05-16 15:52:58.752,10495,10496,10496,1
2019-05-16 15:52:58.969,10495,10496,10496,1
2019-05-16 15:52:59.593,10495,10496,10496,1
2019-05-16 15:52:59.937,10495,10496,10496,1
2019-05-16 15:52:59.989,10495,10496,10496,4
2019-05-16 15:53:00.488,10495,10496,10495,5
2019-05-16 15:53:00.489,10495,10496,10495,1
2019-05-16 15:53:00.489,10495,10496,10495,5
2019-05-16 15:53:00.628,10494,10495,10494,2
2019-05-16 15:53:00.628,10494,10495,10494,4
2019-05-16 15:53:00.628,10494,10495,10494,3
2019-05-16 15:53:00.628,10494,10495,10494,1
2019-05-16 15:53:00.649,10494,10495,10494,23
2019-05-16 15:53:00.702,10494,10495,10494,10
2019-05-16 15:53:00.971,10493,10494,10494,1
2019-05-16 15:53:01.129,10493,10494,10494,1
2019-05-16 15:53:01.587,10494,10495,10495,1
2019-05-16 15:53:01.595,10494,10495,10495,1
2019-05-16 15:53:01.931,10494,10495,10495,1
2019-05-16 15:53:02.350,10494,10495,10495,2
2019-05-16 15:53:02.603,10494,10496,10495,1
2019-05-16 15:53:02.603,10494,10496,10496,1
2019-05-16 15:53:07.338,10494,10495,10495,1
2019-05-16 15:53:12.461,10494,10495,10495,1
2019-05-16 15:53:12.461,10494,10495,10496,9
2019-05-16 15:53:15.304,10495,10496,10496,2
2019-05-16 15:53:16.004,10495,10496,10496,4
2019-05-16 15:53:19.660,10495,10496,10496,1
2019-05-16 15:53:21.307,10495,10496,10496,1
2019-05-16 15:53:22.598,10495,10496,10495,1
2019-05-16 15:53:25.639,10495,10496,10495,3
2019-05-16 15:53:25.788,10495,10496,10495,1
2019-05-16 15:53:28.161,10495,10496,10496,6
2019-05-16 15:53:30.601,10495,10496,10496,1
2019-05-16 15:53:31.970,10495,10496,10496,4
2019-05-16 15:53:34.847,10495,10496,10496,1
2019-05-16 15:53:36.282,10495,10496,10496,1
2019-05-16 15:53:37.929,10495,10496,10496,12
2019-05-16 15:53:39.453,10496,10497,10496,3
2019-05-16 15:53:43.623,10496,10497,10497,1
2019-05-16 15:53:43.649,10496,10497,10497,7
2019-05-16 15:53:43.704,10496,10497,10498,4
2019-05-16 15:53:43.808,10496,10498,10498,2
2019-05-16 15:53:43.816,10496,10498,10498,1
2019-05-16 15:53:43.899,10497,10498,10497,1
2019-05-16 15:53:43.967,10497,10498,10497,1
2019-05-16 15:53:44.131,10497,10498,10497,1
2019-05-16 15:53:44.990,10497,10498,10498,1
2019-05-16 15:53:45.843,10497,10498,10498,6
2019-05-16 15:53:46.265,10497,10498,10498,1
2019-05-16 15:53:46.272,10497,10498,10498,1
2019-05-16 15:53:47.440,10497,10498,10497,3
2019-05-16 15:53:47.972,10497,10498,10498,1
2019-05-16 15:53:49.602,10497,10498,10497,1
2019-05-16 15:53:52.914,10497,10498,10498,5
2019-05-16 15:53:53.556,10497,10498,10497,2
2019-05-16 15:53:53.557,10497,10498,10497,2
2019-05-16 15:53:53.754,10497,10498,10497,3
2019-05-16 15:53:53.754,10497,10498,10497,1
2019-05-16 15:53:54.833,10496,10497,10497,1
2019-05-16 15:53:55.465,10496,10497,10497,1
2019-05-16 15:53:55.742,10496,10497,10497,1
2019-05-16 15:53:58.223,10496,10497,10497,1
2019-05-16 15:54:01.933,10496,10497,10497,2
2019-05-16 15:54:02.578,10497,10498,10497,7
2019-05-16 15:54:06.965,10497,10498,10497,1
2019-05-16 15:54:08.149,10496,10497,10497,1
2019-05-16 15:54:08.483,10496,10498,10496,2
2019-05-16 15:54:12.876,10496,10497,10497,1
2019-05-16 15:54:14.978,10496,10497,10496,1
2019-05-16 15:54:17.166,10496,10497,10496,3
2019-05-16 15:54:17.617,10496,10497,10496,1
2019-05-16 15:54:17.951,10496,10497,10496,2
2019-05-16 15:54:17.951,10496,10497,10496,2
2019-05-16 15:54:23.779,10496,10497,10496,1
2019-05-16 15:54:25.180,10495,10497,10497,1
2019-05-16 15:54:25.351,10495,10497,10496,1
2019-05-16 15:54:27.039,10496,10497,10496,1
2019-05-16 15:54:35.682,10496,10497,10496,2
2019-05-16 15:54:35.702,10496,10497,10497,1
2019-05-16 15:54:39.148,10496,10497,10496,1
2019-05-16 15:54:39.192,10496,10497,10497,2
2019-05-16 15:54:40.226,10496,10497,10496,1
2019-05-16 15:54:47.075,10496,10497,10496,1
2019-05-16 15:54:50.149,10496,10497,10496,1
2019-05-16 15:54:51.777,10496,10497,10496,1
2019-05-16 15:54:54.644,10496,10497,10497,2
2019-05-16 15:54:55.593,10496,10497,10497,1
2019-05-16 15:54:56.464,10496,10497,10496,1
2019-05-16 15:55:01.341,10496,10497,10496,2
2019-05-16 15:55:01.360,10496,10497,10496,2
2019-05-16 15:55:06.035,10496,10497,10496,1
2019-05-16 15:55:06.669,10496,10497,10497,3
2019-05-16 15:55:08.497,10496,10497,10496,2
2019-05-16 15:55:09.059,10496,10497,10496,1
2019-05-16 15:55:10.652,10496,10497,10496,5
2019-05-16 15:55:10.950,10495,10496,10496,4
2019-05-16 15:55:14.541,10495,10496,10495,1
2019-05-16 15:55:16.871,10495,10496,10495,1
2019-05-16 15:55:17.950,10495,10496,10495,1
2019-05-16 15:55:17.950,10495,10496,10495,1
2019-05-16 15:55:18.149,10495,10496,10495,15
2019-05-16 15:55:21.399,10494,10495,10494,4
2019-05-16 15:55:22.152,10493,10494,10493,1
2019-05-16 15:55:24.388,10493,10494,10493,2
2019-05-16 15:55:25.427,10493,10494,10493,1
2019-05-16 15:55:25.683,10493,10494,10493,1
2019-05-16 15:55:28.563,10493,10494,10493,1
2019-05-16 15:55:32.486,10493,10494,10493,1
2019-05-16 15:55:32.812,10493,10494,10493,2
2019-05-16 15:55:34.465,10493,10494,10493,1
2019-05-16 15:55:34.760,10493,10494,10493,1
2019-05-16 15:55:35.032,10493,10494,10493,2
2019-05-16 15:55:36.423,10493,10494,10494,1
2019-05-16 15:55:36.536,10493,10494,10494,7
2019-05-16 15:55:44.828,10493,10494,10493,1
2019-05-16 15:55:47.705,10493,10494,10493,2
2019-05-16 15:55:47.705,10493,10494,10492,1
2019-05-16 15:55:48.181,10492,10493,10493,1
2019-05-16 15:55:52.207,10493,10494,10493,2
2019-05-16 15:55:52.207,10493,10494,10492,1
2019-05-16 15:55:52.880,10492,10494,10494,1
2019-05-16 15:55:54.909,10492,10494,10492,1
2019-05-16 15:55:57.668,10493,10494,10493,3
2019-05-16 15:55:58.182,10493,10494,10493,1
2019-05-16 15:55:58.633,10493,10494,10493,1
2019-05-16 15:55:58.769,10493,10494,10494,1
2019-05-16 15:56:05.340,10493,10494,10493,1
2019-05-16 15:56:05.927,10492,10493,10493,1
2019-05-16 15:56:12.899,10492,10493,10493,1
2019-05-16 15:56:16.063,10492,10493,10492,1
2019-05-16 15:56:21.685,10492,10493,10492,1
2019-05-16 15:56:24.174,10492,10493,10493,1
2019-05-16 15:56:25.969,10492,10493,10493,3
2019-05-16 15:56:27.465,10492,10493,10493,1
2019-05-16 15:56:29.347,10492,10493,10493,2
2019-05-16 15:56:49.108,10492,10493,10493,1
2019-05-16 15:56:53.738,10492,10493,10492,1
2019-05-16 15:56:55.952,10492,10493,10493,1
2019-05-16 15:56:59.837,10492,10493,10492,3
2019-05-16 15:57:02.439,10492,10493,10492,1
2019-05-16 15:57:04.399,10492,10493,10493,1
2019-05-16 15:57:04.400,10492,10493,10493,4
2019-05-16 15:57:04.400,10492,10493,10493,5
2019-05-16 15:57:04.524,10492,10493,10493,2
2019-05-16 15:57:04.553,10492,10493,10493,1
2019-05-16 15:57:06.832,10493,10494,10493,5
2019-05-16 15:57:08.894,10493,10494,10493,1
2019-05-16 15:57:10.269,10493,10494,10493,4
2019-05-16 15:57:10.382,10493,10494,10494,1
2019-05-16 15:57:18.766,10493,10494,10493,1
2019-05-16 15:57:18.792,10493,10494,10493,1
2019-05-16 15:57:20.777,10492,10493,10493,1
2019-05-16 15:57:23.950,10492,10493,10493,1
2019-05-16 15:57:26.444,10492,10494,10494,2
2019-05-16 15:57:32.305,10493,10494,10494,1
2019-05-16 15:57:32.601,10493,10494,10493,1
2019-05-16 15:57:50.662,10493,10494,10493,2
2019-05-16 15:57:52.325,10493,10494,10493,1
2019-05-16 15:57:55.672,10493,10494,10493,1
2019-05-16 15:58:03.933,10493,10494,10493,2
2019-05-16 15:58:06.130,10493,10494,10493,1
2019-05-16 15:58:07.197,10493,10494,10493,1
2019-05-16 15:58:09.622,10493,10494,10493,1
2019-05-16 15:58:15.156,10492,10493,10493,2
2019-05-16 15:58:17.491,10492,10493,10493,1
2019-05-16 15:58:20.048,10492,10493,10493,1
2019-05-16 15:58:21.632,10492,10493,10493,1
2019-05-16 15:58:21.632,10492,10493,10493,1
2019-05-16 15:58:21.632,10492,10493,10493,1
2019-05-16 15:58:41.590,10493,10494,10493,1
2019-05-16 15:58:45.524,10493,10494,10493,1
2019-05-16 15:58:52.195,10493,10494,10493,1
2019-05-16 15:58:54.804,10493,10494,10494,1
2019-05-16 15:59:00.041,10493,10494,10494,1
2019-05-16 15:59:02.663,10493,10494,10493,3
2019-05-16 15:59:02.856,10493,10494,10494,1
2019-05-16 15:59:10.240,10493,10494,10493,1
2019-05-16 15:59:12.465,10493,10494,10493,1
2019-05-16 15:59:14.325,10493,10494,10493,1
2019-05-16 15:59:17.435,10493,10494,10493,1
2019-05-16 15:59:18.666,10493,10494,10493,1
2019-05-16 15:59:25.175,10493,10494,10494,1
2019-05-16 15:59:26.370,10493,10494,10494,2
2019-05-16 15:59:26.418,10493,10494,10494,2
2019-05-16 15:59:26.447,10493,10494,10494,3
2019-05-16 15:59:26.447,10493,10494,10494,3
2019-05-16 15:59:26.524,10493,10494,10494,15
2019-05-16 15:59:37.033,10494,10495,10494,1
2019-05-16 15:59:41.267,10494,10495,10494,1
2019-05-16 15:59:48.388,10494,10495,10495,1
2019-05-16 15:59:50.069,10494,10495,10494,1
2019-05-16 15:59:53.029,10494,10495,10495,1
2019-05-16 15:59:55.846,10494,10495,10495,3
2019-05-16 15:59:58.890,10494,10495,10495,3
2019-05-16 16:00:06.702,10494,10495,10495,5
2019-05-16 16:00:07.105,10494,10495,10494,1
2019-05-16 16:00:08.064,10494,10495,10494,2
2019-05-16 16:00:08.064,10494,10495,10494,3
2019-05-16 16:00:08.161,10493,10494,10494,2
2019-05-16 16:00:09.660,10493,10494,10493,1
2019-05-16 16:00:09.660,10493,10494,10493,1
2019-05-16 16:00:09.661,10493,10494,10493,1
2019-05-16 16:00:10.176,10493,10494,10493,1
2019-05-16 16:00:10.177,10493,10494,10493,1
