2020-01-08 15:00:00.081,11807,11808,11808,177
2020-01-08 15:00:00.193,11807,11808,11808,1
2020-01-08 15:00:00.260,11807,11808,11807,1
2020-01-08 15:00:00.315,11807,11808,11807,8
2020-01-08 15:00:00.315,11807,11808,11806,2
2020-01-08 15:00:00.367,11807,11808,11806,3
2020-01-08 15:00:00.403,11807,11808,11806,2
2020-01-08 15:00:00.640,11806,11807,11806,2
2020-01-08 15:00:00.692,11806,11807,11807,1
2020-01-08 15:00:00.714,11806,11807,11806,3
2020-01-08 15:00:00.798,11806,11807,11806,4
2020-01-08 15:00:00.798,11806,11807,11805,1
2020-01-08 15:00:00.863,11806,11807,11805,2
2020-01-08 15:00:00.943,11805,11807,11805,2
2020-01-08 15:00:00.972,11805,11807,11805,2
2020-01-08 15:00:00.985,11805,11807,11805,1
2020-01-08 15:00:00.990,11805,11807,11805,1
2020-01-08 15:00:01.008,11805,11807,11805,1
2020-01-08 15:00:01.020,11805,11807,11805,1
2020-01-08 15:00:01.052,11805,11807,11805,2
2020-01-08 15:00:01.062,11805,11807,11806,2
2020-01-08 15:00:01.062,11805,11807,11807,8
2020-01-08 15:00:01.062,11805,11807,11808,4
2020-01-08 15:00:01.145,11805,11807,11805,6
2020-01-08 15:00:01.238,11804,11808,11804,1
2020-01-08 15:00:01.418,11804,11806,11806,1
2020-01-08 15:00:01.547,11804,11806,11804,1
2020-01-08 15:00:01.671,11805,11806,11806,2
2020-01-08 15:00:01.681,11805,11806,11806,7
2020-01-08 15:00:01.686,11805,11806,11805,1
2020-01-08 15:00:01.724,11805,11806,11805,1
2020-01-08 15:00:01.884,11805,11807,11805,1
2020-01-08 15:00:01.893,11805,11807,11807,1
2020-01-08 15:00:02.000,11805,11807,11806,2
2020-01-08 15:00:02.056,11806,11807,11807,5
2020-01-08 15:00:02.120,11806,11807,11808,1
2020-01-08 15:00:02.124,11806,11807,11806,1
2020-01-08 15:00:02.501,11807,11808,11807,1
2020-01-08 15:00:02.775,11807,11808,11807,1
2020-01-08 15:00:02.779,11807,11808,11807,1
2020-01-08 15:00:02.791,11806,11808,11806,1
2020-01-08 15:00:03.056,11806,11807,11807,1
2020-01-08 15:00:03.165,11806,11807,11807,1
2020-01-08 15:00:03.290,11806,11808,11808,1
2020-01-08 15:00:03.375,11806,11808,11808,2
2020-01-08 15:00:03.930,11807,11808,11808,32
2020-01-08 15:00:04.206,11808,11809,11809,12
2020-01-08 15:00:04.289,11808,11809,11809,3
2020-01-08 15:00:04.310,11808,11809,11809,2
2020-01-08 15:00:05.044,11809,11810,11809,1
2020-01-08 15:00:05.188,11809,11810,11810,14
2020-01-08 15:00:05.404,11809,11810,11810,2
2020-01-08 15:00:05.525,11809,11810,11809,2
2020-01-08 15:00:06.555,11809,11810,11810,6
2020-01-08 15:00:06.749,11809,11811,11810,1
2020-01-08 15:00:07.664,11810,11811,11810,1
2020-01-08 15:00:07.675,11810,11811,11810,1
2020-01-08 15:00:07.684,11810,11811,11810,1
2020-01-08 15:00:08.139,11810,11811,11810,1
2020-01-08 15:00:08.846,11810,11811,11810,1
2020-01-08 15:00:09.218,11810,11811,11810,1
2020-01-08 15:00:09.308,11810,11811,11810,1
2020-01-08 15:00:09.860,11810,11811,11811,2
2020-01-08 15:00:09.960,11810,11811,11810,1
2020-01-08 15:00:10.049,11809,11811,11809,1
2020-01-08 15:00:10.072,11809,11811,11809,1
2020-01-08 15:00:10.421,11810,11811,11810,1
2020-01-08 15:00:10.558,11810,11811,11810,1
2020-01-08 15:00:10.558,11810,11811,11809,11
2020-01-08 15:00:10.569,11810,11811,11811,2
2020-01-08 15:00:11.182,11810,11811,11810,2
2020-01-08 15:00:11.289,11810,11811,11810,1
2020-01-08 15:00:11.499,11809,11811,11810,1
2020-01-08 15:00:12.065,11809,11810,11810,1
2020-01-08 15:00:12.747,11809,11810,11810,2
2020-01-08 15:00:14.503,11809,11810,11810,16
2020-01-08 15:00:14.521,11809,11810,11810,2
2020-01-08 15:00:14.696,11810,11811,11810,1
2020-01-08 15:00:14.883,11810,11811,11810,1
2020-01-08 15:00:14.926,11810,11811,11810,1
2020-01-08 15:00:15.242,11810,11811,11811,1
2020-01-08 15:00:15.442,11810,11811,11810,1
2020-01-08 15:00:15.576,11810,11811,11811,1
2020-01-08 15:00:15.635,11810,11811,11810,7
2020-01-08 15:00:15.835,11810,11811,11810,1
2020-01-08 15:00:15.937,11810,11811,11811,1
2020-01-08 15:00:16.892,11810,11811,11810,10
2020-01-08 15:00:17.140,11810,11811,11810,1
2020-01-08 15:00:18.169,11810,11811,11810,14
2020-01-08 15:00:18.372,11809,11811,11810,1
2020-01-08 15:00:18.477,11809,11810,11810,1
2020-01-08 15:00:18.542,11809,11810,11809,1
2020-01-08 15:00:18.878,11809,11810,11809,1
2020-01-08 15:00:19.160,11809,11810,11810,1
2020-01-08 15:00:19.620,11809,11810,11810,1
2020-01-08 15:00:20.952,11809,11810,11810,5
2020-01-08 15:00:21.160,11809,11810,11810,1
2020-01-08 15:00:21.664,11809,11810,11810,2
2020-01-08 15:00:21.767,11809,11810,11810,9
2020-01-08 15:00:21.841,11810,11811,11810,1
2020-01-08 15:00:22.429,11809,11810,11810,1
2020-01-08 15:00:22.495,11809,11810,11809,1
2020-01-08 15:00:23.080,11810,11811,11810,1
2020-01-08 15:00:23.260,11809,11811,11811,1
2020-01-08 15:00:23.630,11810,11811,11810,1
2020-01-08 15:00:24.551,11810,11811,11810,1
2020-01-08 15:00:24.962,11810,11811,11810,1
2020-01-08 15:00:25.028,11810,11811,11811,1
2020-01-08 15:00:26.078,11810,11811,11810,1
2020-01-08 15:00:26.682,11810,11811,11810,2
2020-01-08 15:00:26.870,11810,11811,11810,1
2020-01-08 15:00:28.154,11810,11811,11811,1
2020-01-08 15:00:29.340,11810,11811,11810,1
2020-01-08 15:00:30.258,11810,11811,11811,1
2020-01-08 15:00:30.289,11810,11811,11810,2
2020-01-08 15:00:30.330,11810,11811,11810,1
2020-01-08 15:00:30.372,11810,11811,11810,1
2020-01-08 15:00:30.414,11810,11811,11810,3
2020-01-08 15:00:30.415,11810,11811,11810,1
2020-01-08 15:00:31.087,11809,11810,11810,1
2020-01-08 15:00:31.208,11809,11810,11810,1
2020-01-08 15:00:31.798,11809,11810,11810,1
2020-01-08 15:00:32.365,11809,11810,11810,1
2020-01-08 15:00:32.439,11809,11810,11810,3
2020-01-08 15:00:34.844,11809,11810,11809,2
2020-01-08 15:00:35.322,11809,11810,11810,4
2020-01-08 15:00:35.323,11809,11810,11809,13
2020-01-08 15:00:35.681,11808,11809,11808,4
2020-01-08 15:00:37.273,11808,11809,11808,1
2020-01-08 15:00:37.273,11808,11809,11807,1
2020-01-08 15:00:37.540,11807,11809,11808,5
2020-01-08 15:00:39.019,11807,11808,11808,1
2020-01-08 15:00:39.132,11807,11808,11807,1
2020-01-08 15:00:40.799,11807,11808,11807,2
2020-01-08 15:00:40.799,11807,11808,11806,3
2020-01-08 15:00:41.398,11807,11808,11807,1
2020-01-08 15:00:41.431,11806,11807,11807,1
2020-01-08 15:00:41.781,11806,11808,11806,1
2020-01-08 15:00:43.692,11807,11808,11807,1
2020-01-08 15:00:43.892,11806,11808,11808,4
2020-01-08 15:00:45.457,11807,11808,11807,1
2020-01-08 15:00:45.555,11807,11808,11807,1
2020-01-08 15:00:45.717,11806,11807,11807,4
2020-01-08 15:00:45.873,11806,11807,11807,1
2020-01-08 15:00:45.925,11806,11807,11807,1
2020-01-08 15:00:47.863,11807,11808,11807,1
2020-01-08 15:00:47.965,11807,11808,11807,1
2020-01-08 15:00:48.056,11806,11807,11807,4
2020-01-08 15:00:48.079,11806,11807,11808,1
2020-01-08 15:00:48.345,11806,11808,11806,1
2020-01-08 15:00:48.518,11806,11808,11806,12
2020-01-08 15:00:48.555,11805,11806,11806,3
2020-01-08 15:00:49.099,11805,11806,11806,1
2020-01-08 15:00:49.309,11805,11806,11806,4
2020-01-08 15:00:49.414,11806,11807,11806,1
2020-01-08 15:00:49.622,11805,11806,11806,1
2020-01-08 15:00:50.772,11805,11807,11807,1
2020-01-08 15:00:52.481,11806,11807,11806,1
2020-01-08 15:00:52.699,11805,11807,11805,1
2020-01-08 15:00:52.884,11805,11807,11805,1
2020-01-08 15:00:53.603,11805,11807,11806,1
2020-01-08 15:00:54.109,11806,11807,11807,1
2020-01-08 15:00:54.710,11806,11807,11806,2
2020-01-08 15:00:57.756,11806,11807,11806,1
2020-01-08 15:00:58.185,11806,11807,11807,1
2020-01-08 15:01:00.187,11806,11807,11806,1
2020-01-08 15:01:00.381,11806,11807,11806,2
2020-01-08 15:01:00.381,11806,11807,11806,2
2020-01-08 15:01:00.915,11805,11806,11805,1
2020-01-08 15:01:01.183,11804,11806,11806,1
2020-01-08 15:01:01.991,11805,11806,11806,1
2020-01-08 15:01:02.313,11805,11806,11806,3
2020-01-08 15:01:05.594,11805,11806,11806,2
2020-01-08 15:01:06.890,11805,11806,11805,2
2020-01-08 15:01:07.013,11805,11806,11806,1
2020-01-08 15:01:07.200,11805,11806,11805,1
2020-01-08 15:01:07.806,11804,11806,11804,1
2020-01-08 15:01:07.905,11804,11806,11806,1
2020-01-08 15:01:08.180,11804,11805,11805,1
2020-01-08 15:01:09.697,11804,11805,11805,1
2020-01-08 15:01:10.161,11804,11805,11805,4
2020-01-08 15:01:13.081,11804,11805,11805,1
2020-01-08 15:01:13.181,11804,11805,11805,2
2020-01-08 15:01:13.312,11804,11806,11805,1
2020-01-08 15:01:13.683,11805,11806,11805,1
2020-01-08 15:01:14.623,11804,11805,11804,1
2020-01-08 15:01:15.405,11804,11805,11805,1
2020-01-08 15:01:16.059,11804,11805,11805,1
2020-01-08 15:01:16.963,11804,11805,11805,1
2020-01-08 15:01:18.404,11804,11805,11804,1
2020-01-08 15:01:19.695,11804,11805,11805,1
2020-01-08 15:01:20.598,11804,11805,11804,1
2020-01-08 15:01:20.654,11804,11805,11804,1
2020-01-08 15:01:21.940,11804,11805,11804,2
2020-01-08 15:01:23.310,11804,11805,11804,2
2020-01-08 15:01:23.504,11804,11805,11804,2
2020-01-08 15:01:23.974,11804,11805,11805,2
2020-01-08 15:01:24.229,11804,11805,11804,1
2020-01-08 15:01:24.472,11804,11805,11804,1
2020-01-08 15:01:26.644,11804,11805,11804,4
2020-01-08 15:01:27.132,11804,11805,11805,1
2020-01-08 15:01:28.599,11804,11805,11804,1
2020-01-08 15:01:29.149,11804,11805,11804,1
2020-01-08 15:01:29.416,11804,11805,11804,1
2020-01-08 15:01:31.773,11804,11805,11805,15
2020-01-08 15:01:32.993,11805,11806,11805,1
2020-01-08 15:01:33.654,11805,11806,11805,2
2020-01-08 15:01:33.990,11805,11806,11805,1
2020-01-08 15:01:34.690,11805,11806,11805,1
2020-01-08 15:01:35.458,11805,11806,11805,1
2020-01-08 15:01:36.003,11805,11806,11805,8
2020-01-08 15:01:36.781,11804,11805,11805,3
2020-01-08 15:01:37.151,11805,11806,11805,1
2020-01-08 15:01:38.199,11805,11806,11805,2
2020-01-08 15:01:38.403,11805,11806,11805,1
2020-01-08 15:01:41.754,11805,11806,11805,1
2020-01-08 15:01:42.490,11805,11806,11805,1
2020-01-08 15:01:43.780,11805,11806,11806,3
2020-01-08 15:01:44.065,11805,11806,11805,1
2020-01-08 15:01:44.512,11805,11806,11805,1
2020-01-08 15:01:45.365,11805,11806,11805,1
2020-01-08 15:01:46.415,11805,11806,11806,6
2020-01-08 15:01:46.540,11805,11806,11806,12
2020-01-08 15:01:46.540,11805,11806,11806,1
2020-01-08 15:01:46.914,11806,11807,11806,5
2020-01-08 15:01:47.040,11806,11807,11806,3
2020-01-08 15:01:48.122,11805,11807,11807,12
2020-01-08 15:01:49.463,11805,11807,11807,1
2020-01-08 15:01:49.928,11805,11807,11807,1
2020-01-08 15:01:51.909,11806,11807,11807,1
2020-01-08 15:01:56.272,11806,11807,11806,4
2020-01-08 15:01:56.292,11806,11807,11807,1
2020-01-08 15:01:56.301,11806,11807,11807,1
2020-01-08 15:01:58.500,11806,11807,11807,5
2020-01-08 15:01:58.622,11806,11807,11806,2
2020-01-08 15:02:00.924,11806,11807,11806,2
2020-01-08 15:02:01.039,11806,11807,11807,7
2020-01-08 15:02:01.039,11806,11807,11808,43
2020-01-08 15:02:01.414,11807,11808,11807,2
2020-01-08 15:02:07.244,11807,11808,11807,1
2020-01-08 15:02:10.177,11807,11808,11807,1
2020-01-08 15:02:11.189,11807,11808,11807,2
2020-01-08 15:02:13.694,11807,11808,11808,4
2020-01-08 15:02:14.919,11807,11808,11808,1
2020-01-08 15:02:17.826,11807,11808,11808,1
2020-01-08 15:02:17.918,11807,11808,11808,1
2020-01-08 15:02:17.995,11807,11808,11808,1
2020-01-08 15:02:19.086,11807,11808,11808,1
2020-01-08 15:02:20.422,11807,11808,11808,1
2020-01-08 15:02:20.435,11807,11808,11808,1
2020-01-08 15:02:20.687,11807,11808,11808,5
2020-01-08 15:02:20.861,11807,11808,11808,1
2020-01-08 15:02:21.095,11807,11808,11807,5
2020-01-08 15:02:21.142,11807,11808,11808,1
2020-01-08 15:02:22.978,11807,11808,11808,1
2020-01-08 15:02:23.602,11807,11808,11808,1
2020-01-08 15:02:24.006,11807,11808,11808,10
2020-01-08 15:02:24.837,11807,11808,11808,3
2020-01-08 15:02:25.369,11808,11809,11809,1
2020-01-08 15:02:25.515,11808,11809,11809,3
2020-01-08 15:02:26.431,11808,11809,11809,5
2020-01-08 15:02:26.556,11808,11809,11809,19
2020-01-08 15:02:26.872,11809,11810,11809,1
2020-01-08 15:02:27.694,11809,11810,11810,27
2020-01-08 15:02:27.873,11810,11811,11810,1
2020-01-08 15:02:28.149,11810,11811,11810,5
2020-01-08 15:02:28.356,11810,11811,11810,1
2020-01-08 15:02:28.714,11810,11811,11811,5
2020-01-08 15:02:29.033,11810,11811,11810,1
2020-01-08 15:02:29.113,11810,11811,11810,1
2020-01-08 15:02:30.808,11810,11811,11811,1
2020-01-08 15:02:31.058,11810,11811,11811,5
2020-01-08 15:02:32.022,11810,11811,11811,2
2020-01-08 15:02:32.048,11810,11811,11811,1
2020-01-08 15:02:32.846,11810,11811,11811,1
2020-01-08 15:02:33.130,11810,11811,11811,1
2020-01-08 15:02:33.213,11810,11811,11810,1
2020-01-08 15:02:33.384,11810,11811,11810,15
2020-01-08 15:02:33.582,11810,11811,11811,2
2020-01-08 15:02:33.672,11810,11811,11810,1
2020-01-08 15:02:34.264,11809,11810,11810,5
2020-01-08 15:02:35.366,11809,11811,11809,1
2020-01-08 15:02:35.446,11809,11811,11811,1
2020-01-08 15:02:36.123,11809,11810,11810,2
2020-01-08 15:02:36.294,11809,11810,11810,1
2020-01-08 15:02:37.814,11809,11810,11810,1
2020-01-08 15:02:38.234,11809,11810,11810,3
2020-01-08 15:02:38.617,11810,11811,11811,1
2020-01-08 15:02:39.065,11810,11811,11810,1
2020-01-08 15:02:42.014,11810,11811,11810,2
2020-01-08 15:02:42.527,11810,11811,11810,2
2020-01-08 15:02:44.199,11810,11811,11811,2
2020-01-08 15:02:44.414,11810,11811,11811,4
2020-01-08 15:02:44.430,11810,11811,11811,22
2020-01-08 15:02:46.141,11811,11812,11811,1
2020-01-08 15:02:46.412,11811,11812,11811,2
2020-01-08 15:02:46.570,11811,11812,11812,5
2020-01-08 15:02:47.016,11811,11812,11812,1
2020-01-08 15:02:47.642,11811,11812,11812,1
2020-01-08 15:02:47.936,11811,11812,11812,1
2020-01-08 15:02:48.315,11811,11812,11812,9
2020-01-08 15:02:48.315,11811,11812,11812,3
2020-01-08 15:02:48.572,11812,11813,11812,2
2020-01-08 15:02:48.793,11812,11813,11812,1
2020-01-08 15:02:48.915,11812,11813,11813,3
2020-01-08 15:02:49.039,11812,11813,11813,7
2020-01-08 15:02:49.085,11812,11813,11813,1
2020-01-08 15:02:49.164,11812,11813,11813,3
2020-01-08 15:02:49.165,11812,11813,11813,3
2020-01-08 15:02:49.165,11812,11813,11813,2
2020-01-08 15:02:49.627,11813,11814,11814,1
2020-01-08 15:02:49.886,11813,11814,11814,1
2020-01-08 15:02:49.916,11813,11814,11814,1
2020-01-08 15:02:49.921,11813,11814,11814,1
2020-01-08 15:02:50.010,11813,11814,11814,1
2020-01-08 15:02:50.047,11813,11814,11814,1
2020-01-08 15:02:50.102,11813,11814,11814,1
2020-01-08 15:02:50.125,11813,11814,11814,1
2020-01-08 15:02:50.182,11813,11814,11814,1
2020-01-08 15:02:51.139,11813,11814,11814,1
2020-01-08 15:02:52.819,11813,11814,11813,1
2020-01-08 15:02:53.830,11813,11814,11814,1
2020-01-08 15:02:54.303,11813,11814,11814,2
2020-01-08 15:02:54.768,11813,11814,11814,15
2020-01-08 15:02:55.221,11813,11815,11815,1
2020-01-08 15:02:55.319,11813,11815,11815,2
2020-01-08 15:02:55.323,11813,11815,11815,1
2020-01-08 15:02:55.399,11813,11815,11815,1
2020-01-08 15:02:55.679,11813,11814,11814,1
2020-01-08 15:02:55.802,11813,11814,11814,1
2020-01-08 15:02:55.932,11813,11814,11814,2
2020-01-08 15:02:55.996,11813,11814,11814,1
2020-01-08 15:02:55.996,11813,11814,11815,5
2020-01-08 15:02:56.600,11813,11814,11814,2
2020-01-08 15:02:56.600,11813,11814,11815,1
2020-01-08 15:02:57.210,11814,11815,11815,1
2020-01-08 15:02:57.453,11814,11815,11815,1
2020-01-08 15:02:57.518,11814,11815,11814,4
2020-01-08 15:02:57.609,11814,11815,11814,1
2020-01-08 15:02:57.917,11814,11815,11814,1
2020-01-08 15:02:58.925,11814,11815,11815,10
2020-01-08 15:02:59.170,11814,11816,11816,10
2020-01-08 15:02:59.604,11814,11816,11814,1
2020-01-08 15:02:59.818,11814,11816,11814,4
2020-01-08 15:02:59.969,11814,11816,11816,1
2020-01-08 15:03:00.642,11815,11816,11815,1
2020-01-08 15:03:01.117,11815,11816,11816,1
2020-01-08 15:03:01.354,11815,11816,11815,4
2020-01-08 15:03:01.396,11815,11816,11816,11
2020-01-08 15:03:01.414,11816,11817,11816,2
2020-01-08 15:03:01.742,11815,11816,11816,1
2020-01-08 15:03:01.971,11815,11816,11815,1
2020-01-08 15:03:02.128,11815,11816,11816,5
2020-01-08 15:03:02.241,11815,11816,11815,8
2020-01-08 15:03:02.319,11815,11816,11816,2
2020-01-08 15:03:03.196,11815,11816,11815,4
2020-01-08 15:03:03.306,11815,11816,11815,1
2020-01-08 15:03:03.665,11814,11815,11815,5
2020-01-08 15:03:03.676,11814,11815,11815,1
2020-01-08 15:03:03.875,11814,11815,11815,1
2020-01-08 15:03:04.009,11814,11815,11814,1
2020-01-08 15:03:06.913,11814,11815,11815,1
2020-01-08 15:03:08.734,11814,11815,11814,1
2020-01-08 15:03:08.927,11814,11815,11815,2
2020-01-08 15:03:09.530,11814,11815,11814,1
2020-01-08 15:03:09.873,11814,11815,11815,1
2020-01-08 15:03:10.154,11814,11815,11814,3
2020-01-08 15:03:10.588,11814,11815,11815,15
2020-01-08 15:03:11.440,11814,11815,11815,1
2020-01-08 15:03:11.871,11814,11815,11815,1
2020-01-08 15:03:11.946,11814,11815,11814,5
2020-01-08 15:03:12.055,11814,11815,11814,6
2020-01-08 15:03:12.068,11814,11815,11815,1
2020-01-08 15:03:12.525,11813,11814,11814,1
2020-01-08 15:03:12.554,11813,11814,11813,1
2020-01-08 15:03:12.774,11813,11814,11813,12
2020-01-08 15:03:12.792,11812,11814,11814,1
2020-01-08 15:03:12.932,11813,11814,11813,1
2020-01-08 15:03:12.988,11813,11814,11814,2
2020-01-08 15:03:13.108,11812,11814,11814,1
2020-01-08 15:03:13.313,11813,11814,11813,1
2020-01-08 15:03:13.676,11812,11814,11813,1
2020-01-08 15:03:14.859,11813,11814,11813,1
2020-01-08 15:03:14.859,11813,11814,11812,3
2020-01-08 15:03:16.063,11813,11814,11814,1
2020-01-08 15:03:16.265,11813,11814,11813,1
2020-01-08 15:03:18.437,11813,11814,11814,1
2020-01-08 15:03:20.801,11813,11814,11813,1
2020-01-08 15:03:21.223,11813,11814,11813,1
2020-01-08 15:03:21.495,11813,11814,11813,1
2020-01-08 15:03:21.811,11812,11813,11813,1
2020-01-08 15:03:23.107,11812,11813,11813,1
2020-01-08 15:03:23.781,11812,11813,11813,2
2020-01-08 15:03:24.610,11812,11813,11813,3
2020-01-08 15:03:24.610,11812,11813,11814,7
2020-01-08 15:03:29.426,11813,11814,11813,2
2020-01-08 15:03:30.391,11813,11814,11813,5
2020-01-08 15:03:31.706,11813,11814,11814,2
2020-01-08 15:03:32.061,11813,11814,11813,1
2020-01-08 15:03:32.533,11813,11814,11813,2
2020-01-08 15:03:33.266,11813,11814,11814,1
2020-01-08 15:03:35.154,11813,11814,11814,1
2020-01-08 15:03:38.571,11813,11814,11814,1
2020-01-08 15:03:44.411,11813,11814,11814,1
2020-01-08 15:03:48.603,11813,11814,11813,1
2020-01-08 15:03:48.681,11813,11814,11813,1
2020-01-08 15:03:50.681,11813,11814,11813,1
2020-01-08 15:03:52.680,11813,11814,11813,10
2020-01-08 15:03:52.760,11813,11814,11813,1
2020-01-08 15:03:52.789,11813,11814,11813,16
2020-01-08 15:03:57.082,11812,11813,11813,1
2020-01-08 15:03:59.039,11812,11813,11812,7
2020-01-08 15:03:59.055,11812,11813,11812,11
2020-01-08 15:03:59.081,11812,11813,11812,2
2020-01-08 15:03:59.106,11812,11813,11812,2
2020-01-08 15:03:59.131,11812,11813,11812,2
2020-01-08 15:03:59.499,11811,11812,11812,1
2020-01-08 15:04:00.567,11811,11813,11811,4
2020-01-08 15:04:01.665,11812,11813,11812,5
2020-01-08 15:04:01.898,11812,11813,11812,1
2020-01-08 15:04:04.482,11812,11813,11812,1
2020-01-08 15:04:05.271,11812,11813,11813,1
2020-01-08 15:04:05.971,11812,11813,11812,3
2020-01-08 15:04:08.396,11812,11813,11812,1
2020-01-08 15:04:09.040,11812,11813,11812,5
2020-01-08 15:04:14.704,11812,11813,11812,2
2020-01-08 15:04:15.059,11812,11813,11813,5
2020-01-08 15:04:15.059,11812,11813,11813,5
2020-01-08 15:04:15.059,11812,11813,11813,5
2020-01-08 15:04:15.059,11812,11813,11813,5
2020-01-08 15:04:15.059,11812,11813,11813,5
2020-01-08 15:04:15.166,11813,11814,11814,25
2020-01-08 15:04:15.166,11813,11814,11814,4
2020-01-08 15:04:15.166,11813,11814,11814,3
2020-01-08 15:04:15.432,11814,11815,11815,20
2020-01-08 15:04:15.819,11815,11816,11815,1
2020-01-08 15:04:16.511,11815,11816,11815,1
2020-01-08 15:04:17.784,11815,11816,11815,1
2020-01-08 15:04:20.434,11815,11816,11816,11
2020-01-08 15:04:22.529,11816,11817,11816,3
2020-01-08 15:04:24.156,11816,11817,11817,11
2020-01-08 15:04:24.205,11816,11817,11817,7
2020-01-08 15:04:24.205,11816,11817,11818,2
2020-01-08 15:04:24.265,11816,11817,11818,2
2020-01-08 15:04:24.275,11816,11817,11818,2
2020-01-08 15:04:24.284,11816,11817,11818,2
2020-01-08 15:04:24.889,11817,11818,11817,1
2020-01-08 15:04:25.177,11817,11818,11818,4
2020-01-08 15:04:25.178,11817,11818,11818,1
2020-01-08 15:04:25.911,11818,11819,11819,1
2020-01-08 15:04:25.970,11818,11819,11819,1
2020-01-08 15:04:25.974,11818,11819,11819,18
2020-01-08 15:04:26.276,11819,11820,11820,1
2020-01-08 15:04:26.409,11819,11820,11820,16
2020-01-08 15:04:26.578,11819,11820,11820,3
2020-01-08 15:04:26.672,11820,11821,11821,2
2020-01-08 15:04:26.673,11820,11821,11821,8
2020-01-08 15:04:26.673,11820,11821,11821,1
2020-01-08 15:04:26.673,11820,11821,11821,1
2020-01-08 15:04:26.673,11820,11821,11821,3
2020-01-08 15:04:26.673,11820,11821,11821,3
2020-01-08 15:04:26.674,11820,11821,11821,1
2020-01-08 15:04:26.796,11821,11822,11822,5
2020-01-08 15:04:26.805,11821,11822,11822,4
2020-01-08 15:04:26.878,11821,11822,11822,5
2020-01-08 15:04:26.915,11821,11823,11822,3
2020-01-08 15:04:27.374,11822,11823,11823,2
2020-01-08 15:04:27.575,11822,11823,11823,5
2020-01-08 15:04:27.791,11822,11823,11823,2
2020-01-08 15:04:27.927,11823,11824,11823,1
2020-01-08 15:04:28.250,11823,11824,11823,2
2020-01-08 15:04:28.289,11823,11824,11823,1
2020-01-08 15:04:28.331,11823,11824,11823,1
2020-01-08 15:04:28.414,11823,11824,11823,1
2020-01-08 15:04:28.416,11823,11824,11823,4
2020-01-08 15:04:28.418,11823,11824,11823,2
2020-01-08 15:04:28.782,11822,11823,11823,1
2020-01-08 15:04:29.058,11822,11823,11823,1
2020-01-08 15:04:30.508,11822,11823,11823,12
2020-01-08 15:04:31.066,11822,11823,11823,2
2020-01-08 15:04:31.789,11822,11823,11822,5
2020-01-08 15:04:32.088,11821,11822,11822,1
2020-01-08 15:04:32.133,11821,11822,11822,1
2020-01-08 15:04:32.291,11821,11822,11822,1
2020-01-08 15:04:32.601,11821,11822,11822,3
2020-01-08 15:04:32.601,11821,11822,11823,2
2020-01-08 15:04:33.390,11821,11823,11823,1
2020-01-08 15:04:33.394,11821,11823,11823,1
2020-01-08 15:04:33.488,11822,11823,11823,4
2020-01-08 15:04:33.488,11822,11823,11823,1
2020-01-08 15:04:34.046,11823,11824,11823,1
2020-01-08 15:04:34.140,11823,11824,11824,1
2020-01-08 15:04:34.431,11823,11824,11824,2
2020-01-08 15:04:34.431,11823,11824,11823,1
2020-01-08 15:04:34.846,11823,11824,11824,1
2020-01-08 15:04:35.217,11823,11824,11824,3
2020-01-08 15:04:35.843,11823,11824,11824,1
2020-01-08 15:04:36.559,11823,11824,11824,3
2020-01-08 15:04:37.584,11823,11824,11824,17
2020-01-08 15:04:37.584,11823,11824,11824,2
2020-01-08 15:04:37.772,11824,11825,11824,1
2020-01-08 15:04:37.934,11824,11825,11824,1
2020-01-08 15:04:38.490,11824,11825,11825,1
2020-01-08 15:04:38.551,11824,11825,11825,2
2020-01-08 15:04:40.664,11824,11825,11824,11
2020-01-08 15:04:40.665,11824,11825,11824,2
2020-01-08 15:04:40.665,11824,11825,11825,1
2020-01-08 15:04:40.789,11824,11825,11824,3
2020-01-08 15:04:40.789,11824,11825,11824,3
2020-01-08 15:04:40.789,11824,11825,11824,1
2020-01-08 15:04:40.790,11824,11825,11824,1
2020-01-08 15:04:40.875,11824,11825,11823,3
2020-01-08 15:04:40.915,11823,11825,11824,1
2020-01-08 15:04:41.458,11823,11824,11824,1
2020-01-08 15:04:41.548,11823,11824,11823,2
2020-01-08 15:04:41.580,11823,11824,11823,1
2020-01-08 15:04:42.078,11822,11824,11824,1
2020-01-08 15:04:42.478,11822,11823,11822,1
2020-01-08 15:04:42.617,11822,11823,11822,1
2020-01-08 15:04:43.389,11822,11823,11823,1
2020-01-08 15:04:46.417,11822,11823,11822,1
2020-01-08 15:04:46.580,11822,11823,11822,7
2020-01-08 15:04:47.129,11821,11822,11822,1
2020-01-08 15:04:47.416,11821,11822,11822,1
2020-01-08 15:04:47.747,11821,11822,11822,1
2020-01-08 15:04:48.300,11821,11822,11821,1
2020-01-08 15:04:48.395,11821,11822,11821,1
2020-01-08 15:04:48.450,11821,11822,11821,1
2020-01-08 15:04:48.904,11821,11822,11822,1
2020-01-08 15:04:49.465,11821,11822,11821,1
2020-01-08 15:04:50.371,11821,11822,11822,1
2020-01-08 15:04:50.503,11821,11822,11821,1
2020-01-08 15:04:51.009,11821,11823,11821,2
2020-01-08 15:04:52.088,11822,11823,11822,1
2020-01-08 15:04:52.593,11821,11822,11822,1
2020-01-08 15:04:52.875,11821,11823,11822,1
2020-01-08 15:04:53.592,11821,11822,11822,4
2020-01-08 15:04:53.672,11821,11822,11822,1
2020-01-08 15:04:53.867,11821,11822,11822,3
2020-01-08 15:04:53.899,11821,11822,11822,1
2020-01-08 15:04:54.759,11821,11822,11822,2
2020-01-08 15:04:55.409,11821,11822,11822,2
2020-01-08 15:04:55.409,11821,11822,11823,1
2020-01-08 15:04:56.244,11822,11823,11822,2
2020-01-08 15:04:56.797,11821,11822,11821,5
2020-01-08 15:04:56.887,11821,11822,11821,2
2020-01-08 15:04:56.887,11821,11822,11821,1
2020-01-08 15:04:57.090,11820,11821,11820,7
2020-01-08 15:04:57.202,11819,11821,11819,1
2020-01-08 15:04:57.364,11819,11820,11820,1
2020-01-08 15:04:57.714,11819,11820,11820,1
2020-01-08 15:04:58.193,11820,11821,11820,1
2020-01-08 15:04:58.449,11819,11821,11821,3
2020-01-08 15:04:58.533,11819,11821,11821,4
2020-01-08 15:04:59.411,11819,11820,11820,4
2020-01-08 15:04:59.412,11819,11820,11820,1
2020-01-08 15:04:59.824,11819,11820,11820,2
2020-01-08 15:04:59.838,11819,11820,11821,10
2020-01-08 15:05:00.066,11819,11821,11819,8
2020-01-08 15:05:02.186,11819,11820,11820,3
2020-01-08 15:05:02.443,11819,11820,11820,3
2020-01-08 15:05:02.485,11819,11820,11820,1
2020-01-08 15:05:02.579,11819,11820,11821,1
2020-01-08 15:05:02.738,11819,11821,11821,1
2020-01-08 15:05:02.812,11819,11821,11821,1
2020-01-08 15:05:02.991,11819,11820,11820,1
2020-01-08 15:05:03.488,11820,11821,11820,1
2020-01-08 15:05:04.389,11820,11821,11820,1
2020-01-08 15:05:07.086,11820,11821,11821,1
2020-01-08 15:05:07.147,11820,11821,11821,1
2020-01-08 15:05:08.274,11821,11822,11821,1
2020-01-08 15:05:09.376,11821,11822,11821,1
2020-01-08 15:05:09.377,11821,11822,11821,3
2020-01-08 15:05:09.377,11821,11822,11821,1
2020-01-08 15:05:09.774,11820,11822,11821,1
2020-01-08 15:05:09.774,11820,11822,11822,2
2020-01-08 15:05:09.874,11820,11822,11820,1
2020-01-08 15:05:09.948,11821,11822,11822,3
2020-01-08 15:05:10.840,11821,11822,11822,3
2020-01-08 15:05:11.997,11822,11823,11822,5
2020-01-08 15:05:12.217,11821,11823,11821,2
2020-01-08 15:05:12.655,11821,11822,11821,1
2020-01-08 15:05:12.864,11821,11822,11821,1
2020-01-08 15:05:13.540,11820,11821,11820,5
2020-01-08 15:05:14.108,11819,11821,11821,1
2020-01-08 15:05:15.082,11819,11820,11820,1
2020-01-08 15:05:15.273,11819,11820,11820,1
2020-01-08 15:05:15.319,11819,11820,11820,1
2020-01-08 15:05:15.370,11819,11820,11820,2
2020-01-08 15:05:15.370,11819,11820,11821,1
2020-01-08 15:05:18.189,11819,11820,11819,5
2020-01-08 15:05:18.363,11818,11819,11819,1
2020-01-08 15:05:21.594,11818,11819,11819,1
2020-01-08 15:05:21.596,11818,11819,11819,1
2020-01-08 15:05:21.596,11818,11819,11819,1
2020-01-08 15:05:21.596,11818,11819,11819,1
2020-01-08 15:05:21.596,11818,11819,11819,1
2020-01-08 15:05:22.503,11819,11820,11820,4
2020-01-08 15:05:22.665,11819,11820,11820,1
2020-01-08 15:05:26.115,11820,11821,11820,1
2020-01-08 15:05:26.336,11820,11821,11821,5
2020-01-08 15:05:26.414,11820,11821,11821,2
2020-01-08 15:05:27.457,11820,11821,11821,5
2020-01-08 15:05:28.784,11820,11821,11821,5
2020-01-08 15:05:28.924,11820,11821,11821,1
2020-01-08 15:05:29.688,11820,11821,11821,1
2020-01-08 15:05:29.698,11820,11821,11821,1
2020-01-08 15:05:30.431,11821,11822,11822,1
2020-01-08 15:05:33.698,11821,11822,11822,1
2020-01-08 15:05:35.452,11821,11822,11821,2
2020-01-08 15:05:36.251,11821,11822,11821,1
2020-01-08 15:05:40.787,11821,11822,11822,1
2020-01-08 15:05:41.577,11821,11822,11822,2
2020-01-08 15:05:43.212,11821,11822,11822,5
2020-01-08 15:05:46.307,11821,11822,11822,1
2020-01-08 15:05:48.720,11821,11822,11822,1
2020-01-08 15:05:52.645,11821,11822,11822,1
2020-01-08 15:05:54.626,11821,11822,11822,1
2020-01-08 15:05:55.594,11821,11822,11822,5
2020-01-08 15:05:59.711,11821,11822,11821,12
2020-01-08 15:06:00.075,11820,11821,11820,1
2020-01-08 15:06:01.695,11820,11821,11821,2
2020-01-08 15:06:02.019,11820,11822,11821,1
2020-01-08 15:06:02.019,11820,11822,11822,4
2020-01-08 15:06:03.578,11820,11821,11821,1
2020-01-08 15:06:06.617,11820,11821,11821,1
2020-01-08 15:06:10.834,11820,11821,11821,1
2020-01-08 15:06:11.116,11820,11821,11821,1
2020-01-08 15:06:14.726,11820,11821,11821,5
2020-01-08 15:06:15.259,11820,11821,11821,1
2020-01-08 15:06:15.663,11820,11821,11821,1
2020-01-08 15:06:16.606,11820,11821,11820,1
2020-01-08 15:06:16.689,11820,11821,11821,1
2020-01-08 15:06:17.627,11820,11821,11821,2
2020-01-08 15:06:17.627,11820,11821,11822,3
2020-01-08 15:06:18.486,11821,11822,11821,1
2020-01-08 15:06:20.314,11821,11822,11821,2
2020-01-08 15:06:20.566,11821,11822,11822,2
2020-01-08 15:06:23.857,11821,11822,11821,3
2020-01-08 15:06:27.184,11821,11822,11821,1
2020-01-08 15:06:28.308,11821,11822,11822,1
2020-01-08 15:06:28.414,11821,11822,11822,12
2020-01-08 15:06:28.414,11821,11822,11822,4
2020-01-08 15:06:28.414,11821,11822,11822,6
2020-01-08 15:06:28.464,11821,11822,11821,2
2020-01-08 15:06:28.539,11821,11822,11822,3
2020-01-08 15:06:28.780,11822,11823,11822,1
2020-01-08 15:06:29.676,11821,11823,11821,2
2020-01-08 15:06:30.277,11821,11822,11822,1
2020-01-08 15:06:30.745,11822,11823,11823,12
2020-01-08 15:06:30.791,11822,11823,11823,10
2020-01-08 15:06:31.052,11823,11824,11823,1
2020-01-08 15:06:31.176,11823,11824,11823,2
2020-01-08 15:06:31.201,11823,11824,11823,3
2020-01-08 15:06:31.229,11823,11824,11823,1
2020-01-08 15:06:32.754,11823,11824,11823,1
2020-01-08 15:06:34.341,11823,11824,11824,1
2020-01-08 15:06:34.341,11823,11824,11824,1
2020-01-08 15:06:34.568,11823,11824,11823,3
2020-01-08 15:06:34.881,11823,11824,11824,1
2020-01-08 15:06:34.881,11823,11824,11824,1
2020-01-08 15:06:34.882,11823,11824,11824,2
2020-01-08 15:06:34.882,11823,11824,11824,1
2020-01-08 15:06:34.882,11823,11824,11824,1
2020-01-08 15:06:34.940,11824,11825,11824,1
2020-01-08 15:06:35.105,11824,11825,11825,10
2020-01-08 15:06:35.350,11824,11825,11825,4
2020-01-08 15:06:35.388,11824,11825,11825,3
2020-01-08 15:06:35.730,11824,11825,11825,5
2020-01-08 15:06:35.753,11824,11825,11824,1
2020-01-08 15:06:35.920,11824,11825,11824,1
2020-01-08 15:06:39.530,11824,11825,11824,1
2020-01-08 15:06:42.716,11824,11825,11825,1
2020-01-08 15:06:43.208,11824,11825,11824,1
2020-01-08 15:06:43.344,11824,11825,11825,3
2020-01-08 15:06:46.128,11824,11825,11824,1
2020-01-08 15:06:47.513,11824,11825,11824,1
2020-01-08 15:06:47.581,11824,11825,11824,1
2020-01-08 15:06:48.455,11824,11825,11825,1
2020-01-08 15:06:48.645,11824,11825,11825,1
2020-01-08 15:06:49.657,11824,11825,11825,5
2020-01-08 15:06:50.395,11824,11825,11825,1
2020-01-08 15:06:51.143,11824,11825,11825,2
2020-01-08 15:06:54.553,11824,11825,11824,2
2020-01-08 15:06:55.368,11824,11825,11824,1
2020-01-08 15:06:56.251,11824,11825,11825,2
2020-01-08 15:07:00.364,11824,11825,11825,1
2020-01-08 15:07:00.406,11824,11825,11825,1
2020-01-08 15:07:00.687,11824,11825,11825,5
2020-01-08 15:07:00.990,11824,11825,11825,3
2020-01-08 15:07:01.004,11824,11825,11825,3
2020-01-08 15:07:01.004,11824,11825,11825,2
2020-01-08 15:07:01.004,11824,11825,11825,3
2020-01-08 15:07:01.004,11824,11825,11825,3
2020-01-08 15:07:01.004,11824,11825,11825,1
2020-01-08 15:07:01.005,11824,11825,11825,2
2020-01-08 15:07:01.215,11825,11826,11826,10
2020-01-08 15:07:01.215,11825,11826,11827,24
2020-01-08 15:07:01.264,11825,11826,11825,1
2020-01-08 15:07:01.306,11825,11827,11827,1
2020-01-08 15:07:01.419,11826,11827,11828,1
2020-01-08 15:07:01.479,11826,11827,11828,33
2020-01-08 15:07:01.479,11826,11827,11829,1
2020-01-08 15:07:01.540,11827,11828,11828,3
2020-01-08 15:07:01.698,11827,11828,11828,2
2020-01-08 15:07:01.921,11827,11828,11828,2
2020-01-08 15:07:01.940,11827,11828,11828,3
2020-01-08 15:07:02.088,11827,11828,11828,2
2020-01-08 15:07:02.112,11827,11828,11828,1
2020-01-08 15:07:02.112,11827,11828,11829,2
2020-01-08 15:07:02.226,11827,11829,11828,1
2020-01-08 15:07:02.364,11827,11829,11829,1
2020-01-08 15:07:03.334,11828,11829,11828,1
2020-01-08 15:07:03.524,11828,11829,11829,3
2020-01-08 15:07:03.945,11828,11829,11829,3
2020-01-08 15:07:04.478,11828,11829,11829,2
2020-01-08 15:07:04.872,11828,11829,11829,2
2020-01-08 15:07:05.685,11828,11829,11829,1
2020-01-08 15:07:07.475,11828,11829,11829,1
2020-01-08 15:07:07.781,11828,11829,11829,9
2020-01-08 15:07:08.028,11828,11829,11829,1
2020-01-08 15:07:08.351,11828,11829,11828,1
2020-01-08 15:07:08.557,11828,11829,11829,2
2020-01-08 15:07:08.735,11828,11829,11829,2
2020-01-08 15:07:08.875,11828,11829,11829,1
2020-01-08 15:07:09.873,11828,11829,11828,2
2020-01-08 15:07:09.974,11827,11829,11829,6
2020-01-08 15:07:10.187,11828,11829,11828,2
2020-01-08 15:07:10.604,11828,11829,11828,3
2020-01-08 15:07:10.629,11828,11829,11827,6
2020-01-08 15:07:10.676,11827,11828,11828,5
2020-01-08 15:07:11.558,11827,11828,11827,2
2020-01-08 15:07:11.594,11827,11828,11828,1
2020-01-08 15:07:12.330,11827,11828,11828,2
2020-01-08 15:07:12.859,11827,11828,11828,5
2020-01-08 15:07:12.973,11827,11828,11828,9
2020-01-08 15:07:14.035,11827,11828,11828,1
2020-01-08 15:07:14.271,11827,11828,11828,1
2020-01-08 15:07:14.821,11827,11828,11828,7
2020-01-08 15:07:14.902,11827,11828,11828,1
2020-01-08 15:07:15.792,11827,11828,11828,1
2020-01-08 15:07:16.002,11827,11828,11828,2
2020-01-08 15:07:16.014,11827,11828,11828,1
2020-01-08 15:07:16.540,11827,11828,11827,13
2020-01-08 15:07:17.183,11826,11827,11827,3
2020-01-08 15:07:17.248,11826,11827,11827,5
2020-01-08 15:07:17.535,11826,11827,11827,1
2020-01-08 15:07:18.701,11827,11828,11828,1
2020-01-08 15:07:18.766,11827,11828,11828,10
2020-01-08 15:07:21.542,11827,11828,11827,7
2020-01-08 15:07:22.219,11826,11828,11828,1
2020-01-08 15:07:23.553,11826,11828,11828,1
2020-01-08 15:07:24.184,11826,11828,11828,2
2020-01-08 15:07:25.211,11826,11828,11828,2
2020-01-08 15:07:25.542,11826,11828,11828,1
2020-01-08 15:07:29.820,11827,11828,11827,2
2020-01-08 15:07:31.691,11827,11828,11828,4
2020-01-08 15:07:32.293,11827,11828,11827,1
2020-01-08 15:07:33.066,11827,11828,11828,1
2020-01-08 15:07:36.241,11827,11828,11828,1
2020-01-08 15:07:37.210,11827,11828,11828,1
2020-01-08 15:07:37.562,11827,11828,11828,1
2020-01-08 15:07:37.770,11827,11828,11828,2
2020-01-08 15:07:37.937,11827,11828,11827,5
2020-01-08 15:07:37.969,11827,11828,11828,1
2020-01-08 15:07:40.853,11827,11828,11828,2
2020-01-08 15:07:42.082,11827,11828,11827,2
2020-01-08 15:07:42.945,11827,11828,11828,2
2020-01-08 15:07:45.630,11827,11828,11827,1
2020-01-08 15:07:46.078,11827,11828,11828,2
2020-01-08 15:07:46.450,11827,11828,11828,2
2020-01-08 15:07:46.864,11827,11828,11827,5
2020-01-08 15:07:47.177,11827,11828,11828,6
2020-01-08 15:07:47.637,11827,11828,11828,1
2020-01-08 15:07:47.671,11827,11828,11828,1
2020-01-08 15:07:49.691,11827,11828,11827,1
2020-01-08 15:07:51.680,11827,11828,11828,1
2020-01-08 15:07:53.272,11827,11828,11827,1
2020-01-08 15:07:55.162,11827,11828,11827,2
2020-01-08 15:07:56.042,11827,11828,11827,1
2020-01-08 15:07:56.887,11827,11828,11827,2
2020-01-08 15:07:59.407,11827,11828,11827,15
2020-01-08 15:08:00.978,11827,11828,11827,5
2020-01-08 15:08:01.410,11827,11828,11827,3
2020-01-08 15:08:02.807,11826,11827,11827,3
2020-01-08 15:08:03.651,11826,11827,11826,1
2020-01-08 15:08:04.181,11826,11827,11827,1
2020-01-08 15:08:05.588,11826,11827,11827,1
2020-01-08 15:08:05.796,11826,11827,11827,4
2020-01-08 15:08:06.904,11826,11827,11826,1
2020-01-08 15:08:07.013,11826,11827,11826,2
2020-01-08 15:08:08.510,11826,11827,11827,1
2020-01-08 15:08:09.228,11826,11827,11827,5
2020-01-08 15:08:09.899,11826,11827,11826,1
2020-01-08 15:08:11.290,11826,11827,11826,14
2020-01-08 15:08:11.789,11825,11826,11825,12
2020-01-08 15:08:11.914,11825,11826,11825,12
2020-01-08 15:08:12.039,11825,11826,11825,6
2020-01-08 15:08:12.040,11825,11826,11825,22
2020-01-08 15:08:12.165,11825,11826,11825,3
2020-01-08 15:08:12.165,11825,11826,11825,1
2020-01-08 15:08:12.165,11825,11826,11825,7
2020-01-08 15:08:12.165,11825,11826,11825,3
2020-01-08 15:08:12.165,11825,11826,11825,5
2020-01-08 15:08:12.165,11825,11826,11825,3
2020-01-08 15:08:12.206,11825,11826,11825,1
2020-01-08 15:08:12.208,11825,11826,11825,1
2020-01-08 15:08:12.290,11825,11826,11825,2
2020-01-08 15:08:12.290,11825,11826,11825,1
2020-01-08 15:08:12.290,11825,11826,11825,6
2020-01-08 15:08:12.290,11825,11826,11825,2
2020-01-08 15:08:12.290,11825,11826,11825,4
2020-01-08 15:08:12.290,11825,11826,11825,1
2020-01-08 15:08:12.290,11825,11826,11825,1
2020-01-08 15:08:12.290,11825,11826,11825,1
2020-01-08 15:08:12.522,11824,11825,11825,2
2020-01-08 15:08:16.108,11824,11825,11824,1
2020-01-08 15:08:16.454,11824,11825,11824,1
2020-01-08 15:08:16.535,11824,11825,11825,1
2020-01-08 15:08:17.497,11824,11825,11824,8
2020-01-08 15:08:17.609,11823,11825,11824,1
2020-01-08 15:08:23.962,11823,11824,11824,1
2020-01-08 15:08:24.908,11824,11825,11824,1
2020-01-08 15:08:27.607,11824,11825,11824,1
2020-01-08 15:08:29.657,11824,11825,11824,1
2020-01-08 15:08:29.795,11824,11825,11824,1
2020-01-08 15:08:30.022,11824,11825,11825,1
2020-01-08 15:08:30.843,11824,11825,11824,1
2020-01-08 15:08:34.455,11824,11825,11824,5
2020-01-08 15:08:37.621,11824,11825,11824,10
2020-01-08 15:08:37.637,11824,11825,11823,10
2020-01-08 15:08:37.637,11824,11825,11823,2
2020-01-08 15:08:37.664,11823,11824,11823,32
2020-01-08 15:08:37.790,11822,11823,11822,4
2020-01-08 15:08:37.852,11822,11823,11823,8
2020-01-08 15:08:38.228,11822,11823,11823,1
2020-01-08 15:08:38.828,11822,11823,11823,5
2020-01-08 15:08:38.943,11822,11823,11822,1
2020-01-08 15:08:39.497,11822,11823,11822,1
2020-01-08 15:08:40.547,11822,11823,11822,1
2020-01-08 15:08:41.665,11822,11823,11823,4
2020-01-08 15:08:41.815,11823,11824,11823,3
2020-01-08 15:08:42.928,11823,11824,11823,2
2020-01-08 15:08:42.935,11823,11824,11823,1
2020-01-08 15:08:45.932,11823,11824,11823,1
2020-01-08 15:08:46.677,11823,11824,11823,2
2020-01-08 15:08:48.164,11823,11824,11824,2
2020-01-08 15:08:48.304,11823,11825,11824,1
2020-01-08 15:08:48.305,11823,11825,11824,1
2020-01-08 15:08:48.681,11824,11825,11824,2
2020-01-08 15:08:48.681,11824,11825,11823,3
2020-01-08 15:08:53.177,11823,11824,11823,1
2020-01-08 15:08:54.754,11823,11824,11823,1
2020-01-08 15:08:55.348,11823,11824,11823,1
2020-01-08 15:08:55.833,11823,11824,11823,1
2020-01-08 15:08:59.288,11823,11824,11823,1
2020-01-08 15:09:04.006,11823,11824,11823,1
2020-01-08 15:09:07.623,11823,11824,11823,1
2020-01-08 15:09:08.595,11823,11824,11823,1
2020-01-08 15:09:09.117,11823,11824,11823,4
2020-01-08 15:09:09.479,11823,11824,11823,1
2020-01-08 15:09:12.201,11823,11824,11824,1
2020-01-08 15:09:13.300,11823,11824,11823,1
2020-01-08 15:09:13.332,11823,11824,11824,11
2020-01-08 15:09:13.414,11823,11824,11824,1
2020-01-08 15:09:16.784,11823,11824,11823,1
2020-01-08 15:09:20.956,11823,11824,11823,2
2020-01-08 15:09:21.378,11823,11824,11824,1
2020-01-08 15:09:22.539,11823,11824,11823,4
2020-01-08 15:09:22.664,11823,11824,11823,9
2020-01-08 15:09:23.222,11822,11823,11823,1
2020-01-08 15:09:25.876,11822,11823,11823,1
2020-01-08 15:09:28.078,11822,11823,11822,1
2020-01-08 15:09:32.289,11822,11823,11823,2
2020-01-08 15:09:32.897,11822,11824,11822,3
2020-01-08 15:09:34.321,11822,11824,11822,3
2020-01-08 15:09:36.683,11823,11824,11824,1
2020-01-08 15:09:38.475,11823,11824,11823,1
2020-01-08 15:09:41.273,11823,11824,11823,2
2020-01-08 15:09:47.340,11822,11823,11822,1
2020-01-08 15:09:49.189,11822,11823,11823,10
2020-01-08 15:09:53.403,11823,11824,11823,2
2020-01-08 15:09:55.039,11822,11823,11823,1
2020-01-08 15:09:57.039,11823,11824,11824,20
2020-01-08 15:09:57.040,11823,11824,11824,1
2020-01-08 15:09:57.165,11823,11824,11824,1
2020-01-08 15:09:57.189,11823,11824,11824,1
2020-01-08 15:09:57.289,11823,11824,11824,4
2020-01-08 15:09:57.290,11823,11824,11824,2
2020-01-08 15:09:57.290,11823,11824,11824,5
2020-01-08 15:09:58.090,11824,11825,11824,2
2020-01-08 15:10:00.174,11823,11825,11825,2
2020-01-08 15:10:04.847,11824,11825,11824,1
2020-01-08 15:10:04.932,11823,11824,11823,1
2020-01-08 15:10:05.414,11823,11824,11823,1
2020-01-08 15:10:06.679,11822,11823,11823,1
2020-01-08 15:10:07.280,11822,11823,11823,1
2020-01-08 15:10:07.428,11822,11823,11822,1
2020-01-08 15:10:11.246,11822,11823,11823,1
2020-01-08 15:10:11.247,11822,11823,11823,1
2020-01-08 15:10:11.427,11823,11824,11823,1
2020-01-08 15:10:12.325,11823,11824,11823,2
2020-01-08 15:10:22.032,11823,11824,11823,4
2020-01-08 15:10:23.233,11823,11824,11823,1
2020-01-08 15:10:25.306,11823,11824,11823,1
2020-01-08 15:10:25.319,11823,11824,11823,1
2020-01-08 15:10:28.954,11823,11824,11823,1
2020-01-08 15:10:31.047,11823,11824,11823,1
2020-01-08 15:10:33.243,11822,11823,11823,1
2020-01-08 15:10:36.450,11822,11823,11823,7
2020-01-08 15:10:38.486,11823,11824,11823,1
2020-01-08 15:10:44.014,11823,11824,11823,1
2020-01-08 15:10:52.619,11823,11824,11823,1
2020-01-08 15:10:56.533,11823,11824,11823,1
2020-01-08 15:10:58.543,11823,11824,11823,2
2020-01-08 15:11:07.039,11823,11824,11824,4
2020-01-08 15:11:07.061,11823,11824,11824,6
2020-01-08 15:11:07.816,11824,11825,11824,1
2020-01-08 15:11:08.103,11824,11825,11824,3
2020-01-08 15:11:15.301,11823,11825,11823,1
2020-01-08 15:11:16.931,11823,11825,11823,1
2020-01-08 15:11:21.017,11823,11824,11823,3
2020-01-08 15:11:21.018,11823,11824,11823,2
2020-01-08 15:11:21.018,11823,11824,11823,7
2020-01-08 15:11:21.058,11822,11823,11822,1
2020-01-08 15:11:25.420,11822,11823,11822,1
2020-01-08 15:11:29.244,11822,11823,11823,1
2020-01-08 15:11:29.843,11822,11823,11822,1
2020-01-08 15:11:34.314,11822,11823,11823,1
2020-01-08 15:11:36.774,11822,11823,11822,3
2020-01-08 15:11:42.164,11822,11823,11822,17
2020-01-08 15:11:42.289,11822,11823,11822,3
2020-01-08 15:11:42.290,11822,11823,11822,3
2020-01-08 15:11:43.414,11821,11822,11821,9
2020-01-08 15:11:43.414,11821,11822,11821,4
2020-01-08 15:11:43.457,11821,11822,11821,2
2020-01-08 15:11:43.539,11821,11822,11821,4
2020-01-08 15:11:43.540,11821,11822,11821,7
2020-01-08 15:11:43.540,11821,11822,11821,1
2020-01-08 15:11:43.540,11821,11822,11821,1
2020-01-08 15:11:44.164,11820,11821,11820,4
2020-01-08 15:11:45.189,11820,11821,11820,1
2020-01-08 15:11:45.682,11820,11821,11820,5
2020-01-08 15:11:45.953,11820,11821,11820,2
2020-01-08 15:11:45.953,11820,11821,11819,3
2020-01-08 15:11:46.141,11819,11820,11819,1
2020-01-08 15:11:46.142,11819,11820,11819,1
2020-01-08 15:11:46.473,11819,11820,11820,5
2020-01-08 15:11:46.643,11819,11820,11819,5
2020-01-08 15:11:46.823,11819,11820,11819,1
2020-01-08 15:11:46.823,11819,11820,11818,4
2020-01-08 15:11:46.950,11818,11820,11818,2
2020-01-08 15:11:46.977,11818,11820,11818,5
2020-01-08 15:11:47.062,11818,11820,11818,6
2020-01-08 15:11:47.929,11818,11819,11819,1
2020-01-08 15:11:48.003,11818,11819,11818,5
2020-01-08 15:11:48.203,11818,11819,11818,1
2020-01-08 15:11:48.203,11818,11819,11817,4
2020-01-08 15:11:49.041,11817,11818,11818,1
2020-01-08 15:11:50.051,11818,11819,11818,5
2020-01-08 15:11:50.596,11817,11819,11819,1
2020-01-08 15:11:50.717,11817,11819,11817,1
2020-01-08 15:11:53.518,11817,11818,11818,1
2020-01-08 15:11:53.791,11817,11818,11818,1
2020-01-08 15:11:55.290,11818,11819,11819,6
2020-01-08 15:11:55.583,11818,11820,11818,1
2020-01-08 15:11:55.693,11818,11820,11818,1
2020-01-08 15:11:57.737,11819,11820,11819,1
2020-01-08 15:12:00.291,11819,11820,11820,3
2020-01-08 15:12:01.209,11820,11821,11820,1
2020-01-08 15:12:01.228,11820,11821,11820,1
2020-01-08 15:12:05.790,11820,11821,11821,1
2020-01-08 15:12:05.849,11820,11821,11820,1
2020-01-08 15:12:05.973,11820,11822,11821,1
2020-01-08 15:12:06.046,11820,11821,11821,1
2020-01-08 15:12:06.046,11820,11821,11820,1
2020-01-08 15:12:07.687,11820,11822,11820,1
2020-01-08 15:12:12.972,11819,11821,11821,1
2020-01-08 15:12:15.175,11820,11821,11820,1
2020-01-08 15:12:16.052,11820,11821,11820,1
2020-01-08 15:12:22.082,11820,11821,11820,1
2020-01-08 15:12:24.581,11820,11821,11820,1
2020-01-08 15:12:25.156,11820,11821,11820,2
2020-01-08 15:12:25.156,11820,11821,11819,2
2020-01-08 15:12:26.184,11819,11820,11820,1
2020-01-08 15:12:26.372,11819,11820,11820,1
2020-01-08 15:12:31.485,11819,11820,11819,1
2020-01-08 15:12:32.526,11819,11820,11819,1
2020-01-08 15:12:33.586,11818,11819,11819,2
2020-01-08 15:12:33.840,11818,11820,11819,1
2020-01-08 15:12:35.288,11818,11819,11818,3
2020-01-08 15:12:35.638,11818,11819,11818,3
2020-01-08 15:12:40.794,11818,11819,11818,2
2020-01-08 15:12:42.839,11818,11819,11819,1
2020-01-08 15:12:43.410,11818,11819,11818,1
2020-01-08 15:12:44.004,11818,11819,11818,1
2020-01-08 15:12:44.250,11818,11819,11818,2
2020-01-08 15:12:45.784,11818,11819,11818,1
2020-01-08 15:12:47.563,11818,11819,11818,1
2020-01-08 15:12:53.879,11818,11819,11818,1
2020-01-08 15:12:57.302,11818,11819,11818,1
2020-01-08 15:12:58.418,11818,11819,11818,5
2020-01-08 15:12:58.458,11818,11819,11818,1
2020-01-08 15:13:00.996,11818,11819,11818,1
2020-01-08 15:13:00.996,11818,11819,11818,1
2020-01-08 15:13:05.833,11817,11818,11818,1
2020-01-08 15:13:16.132,11818,11819,11819,5
2020-01-08 15:13:16.751,11818,11819,11819,3
2020-01-08 15:13:16.790,11818,11819,11819,17
2020-01-08 15:13:17.000,11818,11820,11819,1
2020-01-08 15:13:20.192,11819,11820,11819,1
2020-01-08 15:13:20.549,11819,11820,11820,1
2020-01-08 15:13:28.582,11819,11820,11820,7
2020-01-08 15:13:28.826,11820,11821,11820,2
2020-01-08 15:13:29.175,11820,11821,11820,1
2020-01-08 15:13:33.658,11820,11821,11820,1
2020-01-08 15:13:33.851,11820,11821,11820,1
2020-01-08 15:13:35.665,11820,11821,11821,6
2020-01-08 15:13:40.664,11821,11822,11821,1
2020-01-08 15:13:41.956,11821,11822,11821,1
2020-01-08 15:13:43.053,11820,11821,11821,1
2020-01-08 15:13:49.362,11820,11821,11821,1
2020-01-08 15:13:52.270,11820,11821,11821,1
2020-01-08 15:13:52.575,11820,11821,11821,2
2020-01-08 15:13:58.596,11821,11822,11822,19
2020-01-08 15:13:58.665,11821,11822,11822,2
2020-01-08 15:13:58.789,11821,11822,11822,2
2020-01-08 15:13:58.815,11821,11822,11822,2
2020-01-08 15:13:59.064,11821,11822,11822,2
2020-01-08 15:14:02.164,11822,11823,11822,3
2020-01-08 15:14:03.269,11821,11822,11822,5
2020-01-08 15:14:04.900,11821,11823,11823,1
2020-01-08 15:14:09.852,11822,11823,11823,15
2020-01-08 15:14:09.940,11822,11823,11823,12
2020-01-08 15:14:12.307,11822,11823,11823,1
2020-01-08 15:14:14.778,11822,11823,11823,1
2020-01-08 15:14:21.241,11822,11823,11823,1
2020-01-08 15:14:25.305,11822,11823,11823,8
2020-01-08 15:14:25.452,11822,11823,11823,4
2020-01-08 15:14:27.070,11822,11823,11822,3
2020-01-08 15:14:27.315,11822,11823,11823,5
2020-01-08 15:14:28.010,11822,11823,11823,1
2020-01-08 15:14:29.769,11822,11823,11823,1
2020-01-08 15:14:30.942,11822,11823,11823,3
2020-01-08 15:14:30.944,11822,11823,11823,4
2020-01-08 15:14:30.946,11822,11823,11823,3
2020-01-08 15:14:31.064,11822,11823,11823,1
2020-01-08 15:14:38.169,11822,11823,11822,1
2020-01-08 15:14:46.560,11822,11823,11822,7
2020-01-08 15:14:46.948,11821,11822,11821,1
2020-01-08 15:14:53.831,11821,11822,11821,1
2020-01-08 15:14:55.286,11821,11822,11821,2
2020-01-08 15:14:57.287,11821,11822,11821,1
2020-01-08 15:14:58.839,11821,11822,11821,1
2020-01-08 15:15:03.514,11820,11821,11821,1
2020-01-08 15:15:03.605,11820,11821,11821,1
2020-01-08 15:15:03.685,11820,11821,11821,1
2020-01-08 15:15:03.878,11820,11821,11820,1
2020-01-08 15:15:05.407,11820,11821,11821,1
2020-01-08 15:15:14.336,11820,11821,11821,1
2020-01-08 15:15:14.516,11820,11821,11821,1
2020-01-08 15:15:19.165,11820,11821,11820,1
2020-01-08 15:15:22.124,11820,11821,11820,1
2020-01-08 15:15:23.425,11820,11821,11820,1
2020-01-08 15:15:26.992,11820,11821,11820,5
2020-01-08 15:15:27.607,11820,11821,11820,1
2020-01-08 15:15:27.807,11820,11821,11820,3
2020-01-08 15:15:30.594,11820,11821,11821,1
2020-01-08 15:15:30.935,11820,11821,11820,1
2020-01-08 15:15:31.039,11820,11821,11820,4
2020-01-08 15:15:31.087,11820,11821,11820,2
2020-01-08 15:15:31.165,11819,11820,11820,4
2020-01-08 15:15:31.414,11819,11820,11820,1
2020-01-08 15:15:33.567,11819,11820,11820,2
2020-01-08 15:15:34.790,11819,11820,11819,10
2020-01-08 15:15:43.850,11818,11819,11818,1
2020-01-08 15:15:44.767,11818,11819,11819,3
2020-01-08 15:15:47.976,11818,11819,11819,1
2020-01-08 15:15:48.332,11818,11819,11819,1
2020-01-08 15:15:53.332,11819,11820,11820,1
2020-01-08 15:15:53.539,11819,11820,11820,1
2020-01-08 15:15:59.503,11820,11821,11820,5
2020-01-08 15:16:04.949,11820,11821,11820,1
2020-01-08 15:16:05.652,11820,11821,11821,2
2020-01-08 15:16:06.524,11820,11821,11820,1
2020-01-08 15:16:08.239,11820,11821,11820,3
2020-01-08 15:16:09.397,11820,11821,11821,2
2020-01-08 15:16:12.495,11820,11821,11821,16
2020-01-08 15:16:13.665,11821,11822,11822,1
2020-01-08 15:16:13.860,11821,11823,11822,1
2020-01-08 15:16:22.709,11821,11822,11822,1
2020-01-08 15:16:24.744,11821,11822,11822,1
2020-01-08 15:16:29.402,11821,11822,11822,1
2020-01-08 15:16:33.472,11821,11822,11822,1
2020-01-08 15:16:37.595,11821,11822,11822,5
2020-01-08 15:16:52.025,11821,11822,11821,1
2020-01-08 15:16:52.040,11821,11822,11821,1
2020-01-08 15:16:52.461,11820,11822,11822,2
2020-01-08 15:16:59.995,11820,11822,11822,1
2020-01-08 15:17:04.522,11821,11822,11821,1
2020-01-08 15:17:05.758,11820,11822,11820,12
2020-01-08 15:17:06.478,11819,11821,11821,1
2020-01-08 15:17:09.551,11820,11821,11820,1
2020-01-08 15:17:09.551,11820,11821,11819,4
2020-01-08 15:17:13.529,11819,11820,11820,1
2020-01-08 15:17:15.622,11819,11820,11820,10
2020-01-08 15:17:22.275,11820,11821,11820,1
2020-01-08 15:17:22.849,11820,11821,11820,1
2020-01-08 15:17:26.633,11820,11821,11820,1
2020-01-08 15:17:30.141,11820,11821,11820,1
2020-01-08 15:17:33.164,11819,11820,11820,3
2020-01-08 15:17:39.988,11820,11821,11820,1
2020-01-08 15:17:42.456,11820,11821,11820,1
2020-01-08 15:17:54.137,11819,11820,11820,1
2020-01-08 15:17:55.290,11819,11820,11819,11
2020-01-08 15:17:55.315,11819,11820,11819,2
2020-01-08 15:17:55.341,11819,11820,11819,2
2020-01-08 15:17:55.366,11819,11820,11819,2
2020-01-08 15:18:00.273,11818,11819,11819,1
2020-01-08 15:18:04.375,11819,11820,11819,4
2020-01-08 15:18:14.044,11818,11819,11819,1
2020-01-08 15:18:21.708,11818,11819,11819,1
2020-01-08 15:18:41.254,11818,11819,11819,3
2020-01-08 15:18:43.859,11818,11819,11819,1
2020-01-08 15:18:50.385,11818,11819,11819,2
2020-01-08 15:18:50.385,11818,11819,11819,1
2020-01-08 15:18:50.385,11818,11819,11819,2
2020-01-08 15:18:50.385,11818,11819,11819,1
2020-01-08 15:18:50.385,11818,11819,11819,1
2020-01-08 15:18:50.385,11818,11819,11819,2
2020-01-08 15:18:50.385,11818,11819,11819,2
2020-01-08 15:18:50.385,11818,11819,11819,1
2020-01-08 15:18:50.385,11818,11819,11819,1
2020-01-08 15:18:50.634,11819,11820,11819,1
2020-01-08 15:18:50.975,11819,11820,11819,1
2020-01-08 15:18:56.782,11819,11820,11819,2
2020-01-08 15:19:02.992,11819,11820,11819,1
2020-01-08 15:19:03.334,11819,11820,11819,3
2020-01-08 15:19:05.896,11819,11820,11819,5
2020-01-08 15:19:09.425,11819,11820,11819,1
2020-01-08 15:19:15.544,11819,11820,11819,4
2020-01-08 15:19:17.190,11819,11820,11820,15
2020-01-08 15:19:17.290,11819,11820,11820,9
2020-01-08 15:19:17.441,11820,11821,11820,1
2020-01-08 15:19:18.208,11820,11821,11820,1
2020-01-08 15:19:29.056,11820,11821,11820,1
2020-01-08 15:19:30.154,11820,11821,11820,2
2020-01-08 15:19:37.068,11819,11820,11820,1
2020-01-08 15:19:55.491,11819,11820,11819,1
2020-01-08 15:20:02.118,11819,11820,11819,1
2020-01-08 15:20:02.519,11819,11820,11820,1
2020-01-08 15:20:05.229,11819,11820,11819,1
2020-01-08 15:20:23.678,11819,11820,11819,1
2020-01-08 15:20:27.282,11819,11820,11819,4
2020-01-08 15:20:31.209,11819,11820,11819,1
2020-01-08 15:20:31.536,11819,11820,11819,1
2020-01-08 15:20:33.608,11818,11819,11819,1
2020-01-08 15:20:33.642,11818,11819,11819,2
2020-01-08 15:20:38.414,11818,11820,11818,1
2020-01-08 15:20:51.415,11819,11820,11820,12
2020-01-08 15:20:51.664,11819,11820,11820,3
2020-01-08 15:20:51.664,11819,11820,11820,2
2020-01-08 15:20:51.789,11819,11820,11820,1
2020-01-08 15:20:51.789,11819,11820,11820,1
2020-01-08 15:20:51.789,11819,11820,11820,4
2020-01-08 15:20:51.789,11819,11820,11820,4
2020-01-08 15:20:51.790,11819,11820,11820,1
2020-01-08 15:20:51.914,11819,11820,11820,3
2020-01-08 15:20:51.915,11819,11820,11820,3
2020-01-08 15:20:51.915,11819,11820,11820,3
2020-01-08 15:20:51.916,11819,11820,11820,6
2020-01-08 15:20:53.106,11820,11821,11820,1
2020-01-08 15:20:56.020,11820,11821,11820,1
2020-01-08 15:20:57.792,11820,11821,11820,1
2020-01-08 15:21:00.838,11820,11821,11821,1
2020-01-08 15:21:04.814,11820,11821,11820,7
2020-01-08 15:21:11.825,11820,11821,11820,1
2020-01-08 15:21:13.288,11820,11821,11820,2
2020-01-08 15:21:15.552,11820,11821,11820,1
2020-01-08 15:21:23.267,11820,11821,11820,4
2020-01-08 15:21:28.195,11819,11820,11820,1
2020-01-08 15:21:30.460,11819,11820,11820,1
2020-01-08 15:21:31.526,11819,11820,11820,1
2020-01-08 15:21:31.643,11819,11820,11820,1
2020-01-08 15:21:31.907,11819,11820,11820,1
2020-01-08 15:21:32.428,11819,11820,11820,1
2020-01-08 15:21:32.428,11819,11820,11821,1
2020-01-08 15:21:36.536,11819,11820,11820,2
2020-01-08 15:21:36.536,11819,11820,11821,1
2020-01-08 15:21:53.299,11819,11821,11821,1
2020-01-08 15:21:53.515,11819,11821,11821,3
2020-01-08 15:21:56.033,11819,11820,11820,1
2020-01-08 15:21:56.081,11819,11820,11820,2
2020-01-08 15:21:58.364,11819,11820,11820,5
2020-01-08 15:22:13.491,11820,11821,11821,1
2020-01-08 15:22:29.642,11820,11821,11821,1
2020-01-08 15:22:32.363,11820,11821,11820,1
2020-01-08 15:22:37.874,11820,11821,11820,1
2020-01-08 15:22:44.508,11820,11821,11820,1
2020-01-08 15:22:49.477,11820,11821,11820,5
2020-01-08 15:22:51.538,11819,11820,11820,1
2020-01-08 15:22:51.641,11819,11820,11820,5
2020-01-08 15:22:53.454,11819,11820,11820,1
2020-01-08 15:22:58.346,11819,11820,11820,1
2020-01-08 15:23:02.760,11819,11820,11819,15
2020-01-08 15:23:07.131,11819,11820,11820,1
2020-01-08 15:23:15.302,11818,11819,11819,1
2020-01-08 15:23:15.302,11818,11819,11819,2
2020-01-08 15:23:28.201,11819,11820,11820,1
2020-01-08 15:23:28.730,11819,11820,11819,1
2020-01-08 15:23:30.451,11819,11820,11819,1
2020-01-08 15:23:32.416,11819,11820,11820,15
2020-01-08 15:23:36.371,11820,11821,11820,1
2020-01-08 15:23:45.650,11820,11821,11820,1
2020-01-08 15:23:47.887,11820,11821,11820,5
2020-01-08 15:23:48.905,11820,11821,11820,2
2020-01-08 15:23:50.451,11819,11820,11820,1
2020-01-08 15:23:58.722,11819,11820,11819,3
2020-01-08 15:24:00.203,11818,11819,11818,1
2020-01-08 15:24:01.414,11818,11819,11818,14
2020-01-08 15:24:01.539,11818,11819,11818,8
2020-01-08 15:24:01.540,11818,11819,11818,2
2020-01-08 15:24:02.677,11817,11818,11817,2
2020-01-08 15:24:07.263,11817,11818,11818,1
2020-01-08 15:24:07.454,11817,11818,11818,3
2020-01-08 15:24:09.988,11818,11819,11819,1
2020-01-08 15:24:19.768,11818,11819,11818,1
2020-01-08 15:24:20.203,11818,11819,11818,1
2020-01-08 15:24:23.270,11818,11819,11818,1
2020-01-08 15:24:28.991,11817,11818,11818,4
2020-01-08 15:24:31.246,11818,11819,11818,1
2020-01-08 15:24:43.105,11818,11819,11818,2
2020-01-08 15:24:51.207,11817,11818,11818,1
2020-01-08 15:24:51.552,11817,11818,11818,1
2020-01-08 15:24:59.967,11818,11819,11818,1
2020-01-08 15:25:00.521,11817,11819,11817,5
2020-01-08 15:25:01.149,11817,11819,11818,2
2020-01-08 15:25:04.513,11818,11819,11818,1
2020-01-08 15:25:16.982,11818,11819,11818,5
2020-01-08 15:25:21.441,11818,11819,11818,1
2020-01-08 15:25:25.224,11818,11819,11818,1
2020-01-08 15:25:32.007,11818,11819,11819,5
2020-01-08 15:25:33.623,11818,11819,11818,1
2020-01-08 15:25:47.856,11818,11819,11819,5
2020-01-08 15:25:49.596,11818,11819,11818,1
2020-01-08 15:25:50.600,11817,11819,11819,5
2020-01-08 15:25:54.074,11818,11819,11819,1
2020-01-08 15:26:04.255,11819,11820,11820,5
2020-01-08 15:26:06.177,11819,11820,11819,6
2020-01-08 15:26:08.394,11819,11820,11819,3
2020-01-08 15:26:22.439,11819,11820,11819,1
2020-01-08 15:26:23.295,11819,11820,11819,2
2020-01-08 15:26:23.296,11819,11820,11819,1
2020-01-08 15:26:23.297,11819,11820,11819,2
2020-01-08 15:26:23.414,11819,11820,11819,2
2020-01-08 15:26:38.523,11818,11819,11819,1
2020-01-08 15:26:38.982,11818,11819,11819,1
2020-01-08 15:26:40.547,11818,11820,11820,1
2020-01-08 15:26:40.770,11818,11820,11820,1
2020-01-08 15:26:50.089,11818,11819,11819,5
2020-01-08 15:26:53.283,11818,11819,11818,1
2020-01-08 15:27:06.539,11818,11819,11819,1
2020-01-08 15:27:11.045,11819,11820,11819,1
2020-01-08 15:27:11.507,11819,11820,11819,3
2020-01-08 15:27:16.937,11818,11819,11818,2
2020-01-08 15:27:18.951,11818,11819,11818,5
2020-01-08 15:27:19.039,11818,11819,11818,8
2020-01-08 15:27:19.039,11818,11819,11818,4
2020-01-08 15:27:19.039,11818,11819,11818,1
2020-01-08 15:27:19.164,11818,11819,11818,1
2020-01-08 15:27:24.441,11817,11818,11818,7
2020-01-08 15:27:36.268,11817,11818,11817,2
2020-01-08 15:27:41.461,11817,11818,11817,2
2020-01-08 15:27:42.466,11817,11818,11817,1
2020-01-08 15:27:44.558,11817,11818,11817,1
2020-01-08 15:27:58.103,11817,11818,11817,1
2020-01-08 15:27:58.321,11817,11818,11817,1
2020-01-08 15:28:08.904,11817,11818,11817,1
2020-01-08 15:28:09.760,11817,11818,11817,1
2020-01-08 15:28:09.875,11817,11818,11817,1
2020-01-08 15:28:18.137,11817,11818,11817,1
2020-01-08 15:28:19.581,11817,11818,11817,5
2020-01-08 15:28:22.769,11817,11818,11817,1
2020-01-08 15:28:28.058,11817,11818,11817,1
2020-01-08 15:28:29.891,11817,11818,11817,1
2020-01-08 15:28:32.327,11817,11818,11817,2
2020-01-08 15:28:39.693,11817,11818,11817,3
2020-01-08 15:28:47.248,11817,11818,11817,12
2020-01-08 15:28:49.339,11817,11818,11817,1
2020-01-08 15:28:53.766,11817,11818,11817,1
2020-01-08 15:29:01.123,11817,11818,11817,1
2020-01-08 15:29:02.479,11817,11818,11817,1
2020-01-08 15:29:03.389,11817,11818,11817,1
2020-01-08 15:29:06.935,11817,11818,11817,1
2020-01-08 15:29:11.315,11816,11817,11817,1
2020-01-08 15:29:12.613,11816,11817,11816,4
2020-01-08 15:29:12.760,11816,11817,11816,1
2020-01-08 15:29:24.914,11816,11817,11817,2
2020-01-08 15:29:34.691,11817,11818,11817,1
2020-01-08 15:29:34.787,11817,11818,11817,1
2020-01-08 15:29:35.705,11817,11818,11817,2
2020-01-08 15:29:39.486,11816,11817,11816,1
2020-01-08 15:29:50.604,11816,11817,11817,1
2020-01-08 15:29:50.664,11816,11817,11817,1
2020-01-08 15:29:53.196,11816,11817,11816,1
2020-01-08 15:30:01.124,11816,11817,11817,1
2020-01-08 15:30:01.126,11816,11817,11817,1
2020-01-08 15:30:01.453,11816,11817,11816,1
2020-01-08 15:30:01.559,11816,11817,11816,5
2020-01-08 15:30:01.985,11816,11817,11816,1
2020-01-08 15:30:04.100,11816,11817,11816,1
2020-01-08 15:30:08.862,11816,11817,11816,2
2020-01-08 15:30:13.759,11816,11817,11816,1
2020-01-08 15:30:14.661,11816,11817,11817,2
2020-01-08 15:30:14.662,11816,11817,11817,8
2020-01-08 15:30:15.955,11817,11818,11818,4
2020-01-08 15:30:16.041,11817,11818,11818,21
2020-01-08 15:30:16.120,11817,11818,11817,1
2020-01-08 15:30:16.734,11818,11819,11819,16
2020-01-08 15:30:16.741,11818,11819,11819,4
2020-01-08 15:30:16.741,11818,11819,11819,4
2020-01-08 15:30:16.741,11818,11819,11819,4
2020-01-08 15:30:16.749,11818,11819,11819,3
2020-01-08 15:30:16.821,11819,11820,11819,1
2020-01-08 15:30:16.914,11819,11820,11820,2
2020-01-08 15:30:16.914,11819,11820,11820,20
2020-01-08 15:30:16.914,11819,11820,11820,4
2020-01-08 15:30:17.040,11819,11820,11820,4
2020-01-08 15:30:17.040,11819,11820,11820,3
2020-01-08 15:30:18.289,11820,11821,11821,4
2020-01-08 15:30:18.414,11820,11821,11821,2
2020-01-08 15:30:18.414,11820,11821,11821,2
2020-01-08 15:30:18.415,11820,11821,11821,2
2020-01-08 15:30:18.497,11820,11821,11820,1
2020-01-08 15:30:20.143,11821,11822,11822,9
2020-01-08 15:30:20.290,11822,11823,11823,2
2020-01-08 15:30:20.484,11822,11823,11823,1
2020-01-08 15:30:22.323,11822,11823,11823,1
2020-01-08 15:30:23.168,11822,11823,11823,3
2020-01-08 15:30:23.169,11822,11823,11823,3
2020-01-08 15:30:23.290,11823,11824,11824,43
2020-01-08 15:30:23.323,11823,11824,11825,4
2020-01-08 15:30:23.324,11823,11824,11825,1
2020-01-08 15:30:23.324,11823,11824,11825,2
2020-01-08 15:30:23.324,11823,11824,11825,2
2020-01-08 15:30:23.415,11824,11825,11825,4
2020-01-08 15:30:23.416,11824,11825,11825,8
2020-01-08 15:30:23.584,11825,11826,11826,1
2020-01-08 15:30:23.747,11825,11826,11826,1
2020-01-08 15:30:23.790,11825,11826,11826,8
2020-01-08 15:30:23.970,11825,11827,11827,1
2020-01-08 15:30:24.079,11826,11827,11827,2
2020-01-08 15:30:24.100,11826,11827,11827,2
2020-01-08 15:30:24.120,11826,11827,11827,1
2020-01-08 15:30:24.289,11826,11827,11827,5
2020-01-08 15:30:24.376,11826,11827,11827,1
2020-01-08 15:30:24.920,11827,11828,11827,3
2020-01-08 15:30:26.286,11826,11828,11826,5
2020-01-08 15:30:26.888,11826,11827,11827,1
2020-01-08 15:30:28.159,11827,11828,11828,1
2020-01-08 15:30:28.471,11827,11828,11828,1
2020-01-08 15:30:28.621,11827,11828,11827,1
2020-01-08 15:30:29.483,11827,11828,11827,1
2020-01-08 15:30:29.556,11827,11828,11828,2
2020-01-08 15:30:30.286,11827,11828,11827,1
2020-01-08 15:30:30.339,11826,11827,11827,3
2020-01-08 15:30:30.501,11826,11827,11827,1
2020-01-08 15:30:30.529,11826,11827,11827,3
2020-01-08 15:30:31.500,11826,11827,11827,1
2020-01-08 15:30:31.835,11825,11827,11827,2
2020-01-08 15:30:31.914,11825,11827,11826,1
2020-01-08 15:30:33.734,11826,11827,11826,2
2020-01-08 15:30:34.245,11825,11826,11826,1
2020-01-08 15:30:34.333,11825,11826,11826,2
2020-01-08 15:30:35.730,11825,11826,11826,1
2020-01-08 15:30:36.904,11825,11826,11826,1
2020-01-08 15:30:37.777,11825,11826,11826,8
2020-01-08 15:30:40.572,11825,11826,11825,1
2020-01-08 15:30:40.664,11825,11826,11825,1
2020-01-08 15:30:41.465,11824,11826,11826,1
2020-01-08 15:30:42.157,11824,11825,11825,2
2020-01-08 15:30:42.541,11824,11825,11825,1
2020-01-08 15:30:42.789,11824,11825,11824,2
2020-01-08 15:30:42.790,11824,11825,11824,4
2020-01-08 15:30:43.977,11823,11825,11823,3
2020-01-08 15:30:43.977,11823,11825,11823,16
2020-01-08 15:30:43.977,11823,11825,11823,1
2020-01-08 15:30:43.978,11823,11825,11823,4
2020-01-08 15:30:44.028,11823,11825,11823,1
2020-01-08 15:30:44.029,11823,11825,11823,5
2020-01-08 15:30:44.040,11823,11824,11823,9
2020-01-08 15:30:44.065,11823,11824,11823,2
2020-01-08 15:30:44.294,11822,11823,11823,4
2020-01-08 15:30:44.560,11822,11823,11823,1
2020-01-08 15:30:47.920,11822,11823,11823,1
2020-01-08 15:30:50.536,11822,11823,11822,1
2020-01-08 15:30:51.352,11822,11823,11823,1
2020-01-08 15:30:51.494,11822,11823,11823,1
2020-01-08 15:30:54.827,11823,11824,11824,1
2020-01-08 15:31:00.169,11823,11824,11823,2
2020-01-08 15:31:01.810,11823,11824,11824,2
2020-01-08 15:31:01.930,11824,11825,11824,2
2020-01-08 15:31:01.930,11824,11825,11824,1
2020-01-08 15:31:01.930,11824,11825,11824,1
2020-01-08 15:31:02.048,11823,11825,11823,2
2020-01-08 15:31:02.048,11823,11825,11823,5
2020-01-08 15:31:02.050,11823,11825,11823,5
2020-01-08 15:31:02.050,11823,11825,11823,1
2020-01-08 15:31:02.051,11823,11825,11823,1
2020-01-08 15:31:02.051,11823,11825,11823,5
2020-01-08 15:31:02.051,11823,11825,11822,5
2020-01-08 15:31:02.052,11823,11825,11822,8
2020-01-08 15:31:02.052,11823,11825,11822,5
2020-01-08 15:31:02.052,11823,11825,11822,1
2020-01-08 15:31:02.052,11823,11825,11822,5
2020-01-08 15:31:02.053,11823,11825,11822,5
2020-01-08 15:31:02.065,11823,11825,11822,2
2020-01-08 15:31:02.065,11823,11825,11822,1
2020-01-08 15:31:02.065,11823,11825,11822,5
2020-01-08 15:31:02.066,11823,11825,11822,5
2020-01-08 15:31:02.066,11823,11825,11821,5
2020-01-08 15:31:02.066,11823,11825,11821,17
2020-01-08 15:31:02.113,11823,11825,11822,3
2020-01-08 15:31:02.701,11821,11822,11821,2
2020-01-08 15:31:02.791,11821,11822,11821,4
2020-01-08 15:31:03.747,11821,11822,11822,1
2020-01-08 15:31:04.009,11821,11822,11822,1
2020-01-08 15:31:04.560,11821,11822,11821,1
2020-01-08 15:31:05.560,11821,11822,11822,1
2020-01-08 15:31:08.249,11821,11822,11822,5
2020-01-08 15:31:08.580,11821,11823,11823,1
2020-01-08 15:31:11.616,11822,11823,11823,1
2020-01-08 15:31:12.748,11822,11823,11822,2
2020-01-08 15:31:13.306,11822,11823,11823,1
2020-01-08 15:31:14.335,11822,11823,11823,1
2020-01-08 15:31:15.221,11822,11823,11823,3
2020-01-08 15:31:15.291,11822,11823,11823,2
2020-01-08 15:31:15.415,11822,11823,11823,2
2020-01-08 15:31:16.910,11822,11823,11823,3
2020-01-08 15:31:17.767,11823,11824,11823,1
2020-01-08 15:31:18.415,11823,11824,11824,3
2020-01-08 15:31:22.086,11823,11824,11824,1
2020-01-08 15:31:23.088,11824,11825,11825,2
2020-01-08 15:31:23.222,11824,11825,11824,1
2020-01-08 15:31:28.845,11824,11825,11825,3
2020-01-08 15:31:30.113,11824,11826,11826,1
2020-01-08 15:31:31.159,11825,11826,11826,1
2020-01-08 15:31:32.807,11825,11826,11825,1
2020-01-08 15:31:32.914,11825,11826,11825,1
2020-01-08 15:31:33.006,11825,11826,11825,1
2020-01-08 15:31:33.508,11824,11826,11826,1
2020-01-08 15:31:33.998,11825,11826,11825,1
2020-01-08 15:31:35.036,11825,11826,11826,1
2020-01-08 15:31:35.602,11825,11826,11826,1
2020-01-08 15:31:37.041,11825,11826,11826,1
2020-01-08 15:31:37.258,11825,11826,11826,1
2020-01-08 15:31:39.355,11825,11826,11826,6
2020-01-08 15:31:39.355,11825,11826,11827,31
2020-01-08 15:31:39.786,11826,11827,11826,5
2020-01-08 15:31:41.429,11826,11827,11827,1
2020-01-08 15:31:42.312,11826,11827,11827,1
2020-01-08 15:31:42.312,11826,11827,11828,32
2020-01-08 15:31:42.503,11827,11828,11827,1
2020-01-08 15:31:42.508,11827,11828,11828,1
2020-01-08 15:31:43.314,11827,11828,11828,1
2020-01-08 15:31:46.039,11827,11828,11827,1
2020-01-08 15:31:47.082,11826,11827,11827,1
2020-01-08 15:31:47.578,11826,11827,11827,1
2020-01-08 15:31:49.820,11826,11827,11827,1
2020-01-08 15:31:51.086,11826,11827,11827,2
2020-01-08 15:31:52.271,11826,11827,11827,2
2020-01-08 15:31:52.824,11826,11827,11827,1
2020-01-08 15:31:53.467,11826,11827,11827,1
2020-01-08 15:31:53.680,11826,11827,11827,1
2020-01-08 15:31:53.994,11826,11827,11827,3
2020-01-08 15:31:54.853,11826,11827,11827,2
2020-01-08 15:31:55.285,11826,11827,11827,1
2020-01-08 15:31:56.970,11826,11827,11826,6
2020-01-08 15:31:58.987,11825,11826,11826,1
2020-01-08 15:32:01.162,11825,11826,11825,3
2020-01-08 15:32:05.299,11825,11826,11826,1
2020-01-08 15:32:07.547,11825,11826,11826,1
2020-01-08 15:32:08.909,11825,11826,11826,1
2020-01-08 15:32:09.275,11825,11826,11826,1
2020-01-08 15:32:09.840,11825,11826,11826,2
2020-01-08 15:32:10.105,11825,11826,11826,3
2020-01-08 15:32:11.233,11825,11826,11826,1
2020-01-08 15:32:11.678,11825,11826,11825,9
2020-01-08 15:32:13.249,11824,11825,11824,2
2020-01-08 15:32:13.257,11824,11825,11824,2
2020-01-08 15:32:13.900,11823,11825,11825,1
2020-01-08 15:32:15.398,11823,11825,11825,1
2020-01-08 15:32:23.181,11823,11824,11823,9
2020-01-08 15:32:23.229,11823,11824,11823,2
2020-01-08 15:32:23.540,11822,11823,11822,8
2020-01-08 15:32:47.415,11822,11823,11823,2
2020-01-08 15:32:49.734,11823,11824,11823,1
2020-01-08 15:32:51.439,11823,11824,11824,1
2020-01-08 15:32:56.533,11824,11825,11824,1
2020-01-08 15:32:56.592,11823,11825,11823,2
2020-01-08 15:32:56.760,11823,11825,11823,1
2020-01-08 15:33:01.495,11823,11824,11823,1
2020-01-08 15:33:16.468,11823,11824,11824,2
2020-01-08 15:33:23.263,11823,11824,11824,1
2020-01-08 15:33:24.342,11823,11824,11823,4
2020-01-08 15:33:24.415,11823,11824,11823,4
2020-01-08 15:33:29.502,11822,11823,11823,1
2020-01-08 15:33:34.943,11822,11823,11823,1
2020-01-08 15:33:40.865,11822,11823,11823,2
2020-01-08 15:33:50.437,11823,11824,11823,3
2020-01-08 15:33:58.533,11823,11824,11823,1
2020-01-08 15:34:02.797,11823,11824,11823,1
2020-01-08 15:34:06.058,11823,11824,11823,1
2020-01-08 15:34:06.947,11823,11824,11823,1
2020-01-08 15:34:10.050,11823,11824,11823,1
2020-01-08 15:34:21.731,11823,11824,11823,5
2020-01-08 15:34:22.263,11823,11824,11823,1
2020-01-08 15:34:22.263,11823,11824,11823,1
2020-01-08 15:34:22.266,11823,11824,11823,2
2020-01-08 15:34:27.226,11822,11823,11823,5
2020-01-08 15:34:28.428,11822,11823,11823,1
2020-01-08 15:34:54.273,11822,11823,11822,1
2020-01-08 15:35:01.093,11822,11823,11823,1
2020-01-08 15:35:01.763,11822,11823,11822,2
2020-01-08 15:35:01.825,11822,11823,11822,1
2020-01-08 15:35:02.014,11822,11823,11822,2
2020-01-08 15:35:02.530,11822,11823,11822,2
2020-01-08 15:35:03.946,11822,11823,11823,3
2020-01-08 15:35:03.946,11822,11823,11823,1
2020-01-08 15:35:04.492,11823,11824,11823,1
2020-01-08 15:35:04.534,11823,11824,11823,1
2020-01-08 15:35:09.920,11823,11824,11823,2
2020-01-08 15:35:14.782,11823,11824,11824,2
2020-01-08 15:35:14.782,11823,11824,11824,1
2020-01-08 15:35:14.782,11823,11824,11824,11
2020-01-08 15:35:16.518,11824,11825,11824,1
2020-01-08 15:35:17.000,11824,11825,11824,2
2020-01-08 15:35:17.453,11824,11825,11824,5
2020-01-08 15:35:20.117,11824,11825,11825,4
2020-01-08 15:35:21.058,11824,11825,11825,1
2020-01-08 15:35:21.431,11824,11825,11825,1
2020-01-08 15:35:22.202,11824,11825,11824,1
2020-01-08 15:35:22.738,11824,11825,11824,4
2020-01-08 15:35:23.613,11823,11824,11824,1
2020-01-08 15:35:24.505,11823,11824,11824,1
2020-01-08 15:35:26.033,11823,11824,11824,2
2020-01-08 15:35:27.890,11823,11824,11824,2
2020-01-08 15:35:33.403,11823,11824,11823,1
2020-01-08 15:35:35.091,11823,11824,11824,1
2020-01-08 15:35:36.486,11823,11824,11824,1
2020-01-08 15:35:36.539,11823,11824,11824,1
2020-01-08 15:35:46.164,11824,11825,11824,2
2020-01-08 15:35:48.591,11823,11824,11823,1
2020-01-08 15:35:49.366,11823,11824,11824,1
2020-01-08 15:35:54.061,11823,11824,11824,1
2020-01-08 15:35:59.124,11823,11824,11824,3
2020-01-08 15:36:01.278,11824,11825,11824,1
2020-01-08 15:36:01.348,11823,11824,11824,1
2020-01-08 15:36:03.616,11824,11825,11824,1
2020-01-08 15:36:03.876,11823,11824,11824,1
2020-01-08 15:36:08.957,11823,11824,11824,1
2020-01-08 15:36:17.928,11824,11825,11824,1
2020-01-08 15:36:19.123,11824,11825,11824,3
2020-01-08 15:36:25.733,11823,11824,11824,1
2020-01-08 15:36:29.358,11823,11824,11824,2
2020-01-08 15:36:45.678,11823,11824,11824,1
2020-01-08 15:36:46.363,11823,11824,11823,18
2020-01-08 15:36:46.673,11822,11823,11823,1
2020-01-08 15:36:51.541,11822,11823,11823,2
2020-01-08 15:37:00.217,11822,11823,11822,1
2020-01-08 15:37:01.175,11822,11823,11823,1
2020-01-08 15:37:02.620,11822,11823,11823,1
2020-01-08 15:37:07.256,11822,11823,11823,5
2020-01-08 15:37:09.841,11822,11823,11823,1
2020-01-08 15:37:11.917,11822,11823,11823,1
2020-01-08 15:37:17.403,11822,11823,11823,5
2020-01-08 15:37:20.095,11822,11823,11823,1
2020-01-08 15:37:25.906,11822,11823,11823,1
2020-01-08 15:37:36.542,11822,11823,11823,1
2020-01-08 15:37:46.294,11822,11823,11823,6
2020-01-08 15:37:47.314,11822,11823,11823,1
2020-01-08 15:37:50.738,11822,11823,11823,1
2020-01-08 15:38:00.008,11822,11823,11823,2
2020-01-08 15:38:02.314,11822,11823,11823,1
2020-01-08 15:38:15.271,11822,11823,11823,1
2020-01-08 15:38:34.029,11822,11823,11823,1
2020-01-08 15:38:38.969,11822,11823,11823,1
2020-01-08 15:38:43.934,11822,11823,11823,5
2020-01-08 15:38:49.258,11823,11824,11823,2
2020-01-08 15:38:56.285,11822,11823,11822,6
2020-01-08 15:38:56.289,11822,11823,11822,11
2020-01-08 15:39:12.586,11821,11822,11822,3
2020-01-08 15:39:23.411,11821,11822,11822,1
2020-01-08 15:39:37.975,11822,11823,11822,2
2020-01-08 15:39:43.894,11821,11822,11822,1
2020-01-08 15:40:01.657,11822,11823,11823,7
2020-01-08 15:40:01.658,11822,11823,11823,2
2020-01-08 15:40:01.658,11822,11823,11823,12
2020-01-08 15:40:01.658,11822,11823,11823,1
2020-01-08 15:40:01.659,11822,11823,11823,3
2020-01-08 15:40:02.202,11823,11824,11823,1
2020-01-08 15:40:06.015,11823,11824,11824,9
2020-01-08 15:40:06.039,11823,11824,11824,6
2020-01-08 15:40:10.685,11824,11825,11825,2
2020-01-08 15:40:10.685,11824,11825,11825,1
2020-01-08 15:40:10.908,11825,11826,11825,1
2020-01-08 15:40:18.702,11824,11826,11825,1
2020-01-08 15:40:22.638,11823,11824,11824,1
2020-01-08 15:40:33.943,11822,11824,11824,1
2020-01-08 15:40:35.009,11822,11824,11824,2
2020-01-08 15:40:37.784,11822,11823,11822,8
2020-01-08 15:40:48.914,11821,11822,11821,3
2020-01-08 15:40:49.039,11821,11822,11821,4
2020-01-08 15:40:51.600,11820,11821,11821,1
2020-01-08 15:41:02.206,11821,11822,11821,1
2020-01-08 15:41:08.419,11820,11821,11820,5
2020-01-08 15:41:08.819,11820,11821,11820,1
2020-01-08 15:41:08.916,11820,11821,11820,12
2020-01-08 15:41:09.040,11820,11821,11820,4
2020-01-08 15:41:16.476,11819,11820,11819,1
2020-01-08 15:41:21.475,11819,11820,11819,6
2020-01-08 15:41:24.261,11819,11820,11819,1
2020-01-08 15:41:30.406,11819,11820,11819,1
2020-01-08 15:41:34.369,11819,11820,11819,1
2020-01-08 15:41:42.936,11819,11820,11820,1
2020-01-08 15:41:46.302,11819,11820,11819,1
2020-01-08 15:41:52.107,11819,11820,11820,5
2020-01-08 15:42:10.013,11820,11822,11820,2
2020-01-08 15:42:14.203,11820,11821,11820,3
2020-01-08 15:42:24.964,11820,11821,11821,1
2020-01-08 15:42:42.032,11820,11821,11820,1
2020-01-08 15:42:51.746,11820,11821,11820,2
2020-01-08 15:43:02.414,11820,11821,11821,7
2020-01-08 15:43:02.414,11820,11821,11821,1
2020-01-08 15:43:06.841,11821,11822,11822,1
2020-01-08 15:43:10.990,11821,11822,11822,1
2020-01-08 15:43:24.498,11822,11823,11822,2
2020-01-08 15:43:31.397,11820,11821,11821,1
2020-01-08 15:43:31.414,11821,11822,11821,1
2020-01-08 15:43:31.415,11821,11822,11821,1
2020-01-08 15:43:39.481,11820,11821,11821,1
2020-01-08 15:43:51.522,11820,11821,11820,12
2020-01-08 15:43:58.687,11820,11821,11820,2
2020-01-08 15:44:13.804,11820,11821,11821,2
2020-01-08 15:44:14.595,11820,11821,11820,1
2020-01-08 15:44:18.139,11820,11821,11820,1
2020-01-08 15:44:18.951,11820,11821,11821,2
2020-01-08 15:44:46.913,11820,11821,11820,1
2020-01-08 15:44:47.472,11820,11821,11821,4
2020-01-08 15:44:51.218,11820,11821,11821,1
2020-01-08 15:44:53.377,11820,11821,11820,1
2020-01-08 15:44:55.445,11820,11821,11821,1
2020-01-08 15:45:13.129,11820,11821,11821,4
2020-01-08 15:45:14.491,11820,11822,11822,1
2020-01-08 15:45:14.559,11820,11822,11822,1
2020-01-08 15:45:14.708,11820,11822,11822,1
2020-01-08 15:45:14.781,11820,11822,11822,1
2020-01-08 15:45:14.827,11820,11822,11822,1
2020-01-08 15:45:14.921,11821,11822,11822,1
2020-01-08 15:45:14.986,11821,11822,11822,2
2020-01-08 15:45:15.023,11821,11822,11822,1
2020-01-08 15:45:15.157,11821,11822,11822,2
2020-01-08 15:45:15.166,11821,11822,11822,2
2020-01-08 15:45:15.191,11821,11822,11821,1
2020-01-08 15:45:16.040,11821,11822,11822,2
2020-01-08 15:45:17.289,11821,11822,11821,1
2020-01-08 15:45:17.314,11821,11822,11820,1
2020-01-08 15:45:17.327,11821,11822,11820,4
2020-01-08 15:45:22.082,11820,11821,11821,1
2020-01-08 15:45:25.964,11820,11821,11821,1
2020-01-08 15:45:27.824,11820,11821,11821,1
2020-01-08 15:45:28.241,11820,11821,11821,1
2020-01-08 15:46:26.011,11820,11821,11821,1
2020-01-08 15:46:30.937,11820,11821,11821,1
2020-01-08 15:46:31.453,11820,11821,11821,1
2020-01-08 15:46:48.190,11820,11821,11821,1
2020-01-08 15:47:02.568,11820,11821,11821,1
2020-01-08 15:47:11.160,11820,11821,11821,5
2020-01-08 15:47:11.165,11821,11822,11821,5
2020-01-08 15:47:17.153,11821,11822,11821,1
2020-01-08 15:48:03.587,11820,11821,11820,1
2020-01-08 15:48:14.385,11820,11821,11821,5
2020-01-08 15:48:14.547,11820,11821,11820,1
2020-01-08 15:48:34.039,11820,11821,11821,3
2020-01-08 15:48:35.952,11821,11822,11821,1
2020-01-08 15:48:46.815,11821,11822,11822,1
2020-01-08 15:49:30.306,11821,11822,11822,1
2020-01-08 15:49:43.532,11821,11822,11822,6
2020-01-08 15:49:43.532,11821,11822,11822,13
2020-01-08 15:49:45.833,11822,11823,11823,1
2020-01-08 15:49:47.840,11822,11823,11823,1
2020-01-08 15:49:49.846,11822,11823,11823,1
2020-01-08 15:50:00.665,11822,11823,11823,10
2020-01-08 15:50:00.668,11822,11823,11823,1
2020-01-08 15:50:01.290,11823,11824,11824,2
2020-01-08 15:50:01.293,11823,11824,11824,2
2020-01-08 15:50:07.063,11823,11824,11824,1
2020-01-08 15:50:07.361,11823,11824,11824,3
2020-01-08 15:50:07.547,11823,11824,11824,1
2020-01-08 15:50:07.547,11823,11824,11825,2
2020-01-08 15:50:12.201,11823,11824,11823,2
2020-01-08 15:50:45.031,11823,11824,11823,1
2020-01-08 15:51:08.109,11823,11824,11823,7
2020-01-08 15:51:08.383,11822,11823,11822,2
2020-01-08 15:51:29.419,11822,11823,11822,1
2020-01-08 15:51:31.073,11822,11823,11822,1
2020-01-08 15:51:41.698,11822,11823,11822,1
2020-01-08 15:51:47.400,11822,11823,11822,2
2020-01-08 15:51:47.630,11822,11823,11823,4
2020-01-08 15:51:47.630,11822,11823,11823,1
2020-01-08 15:51:51.329,11823,11824,11824,1
2020-01-08 15:52:03.084,11823,11824,11823,2
2020-01-08 15:52:08.947,11823,11824,11823,1
2020-01-08 15:52:13.820,11823,11824,11823,2
2020-01-08 15:52:22.462,11823,11824,11823,1
2020-01-08 15:52:22.790,11823,11824,11824,19
2020-01-08 15:52:26.227,11824,11825,11824,3
2020-01-08 15:52:26.975,11824,11825,11825,1
2020-01-08 15:52:28.982,11824,11825,11825,1
2020-01-08 15:52:31.361,11823,11825,11825,1
2020-01-08 15:52:32.022,11823,11825,11825,15
2020-01-08 15:52:32.805,11823,11825,11823,1
2020-01-08 15:52:32.994,11823,11825,11824,1
2020-01-08 15:52:35.002,11823,11824,11824,1
2020-01-08 15:52:38.540,11824,11825,11824,1
2020-01-08 15:52:44.673,11824,11825,11824,1
2020-01-08 15:52:55.979,11824,11825,11824,1
2020-01-08 15:52:58.415,11824,11825,11825,2
2020-01-08 15:52:59.499,11824,11825,11825,1
2020-01-08 15:53:01.421,11824,11825,11825,12
2020-01-08 15:53:01.539,11824,11825,11825,8
2020-01-08 15:53:05.818,11825,11826,11826,2
2020-01-08 15:53:06.311,11825,11826,11825,1
2020-01-08 15:53:06.825,11825,11826,11826,12
2020-01-08 15:53:09.495,11825,11826,11826,1
2020-01-08 15:53:12.610,11825,11826,11826,1
2020-01-08 15:53:14.192,11825,11826,11826,2
2020-01-08 15:53:21.897,11825,11826,11826,1
2020-01-08 15:53:24.760,11825,11826,11826,1
2020-01-08 15:53:26.435,11825,11826,11826,1
2020-01-08 15:53:30.409,11825,11826,11826,1
2020-01-08 15:53:33.188,11825,11826,11826,1
2020-01-08 15:53:37.054,11825,11826,11826,1
2020-01-08 15:53:38.558,11825,11826,11825,1
2020-01-08 15:53:54.427,11825,11826,11825,12
2020-01-08 15:53:58.166,11824,11825,11825,2
2020-01-08 15:54:01.425,11824,11825,11825,1
2020-01-08 15:54:02.334,11824,11825,11824,2
2020-01-08 15:54:02.441,11824,11825,11824,2
2020-01-08 15:54:02.539,11824,11825,11824,5
2020-01-08 15:54:02.589,11824,11825,11823,2
2020-01-08 15:54:02.733,11823,11824,11824,1
2020-01-08 15:54:14.637,11824,11825,11825,1
2020-01-08 15:54:14.972,11824,11825,11824,1
2020-01-08 15:54:37.081,11823,11824,11823,11
2020-01-08 15:54:46.133,11822,11823,11823,1
2020-01-08 15:54:46.837,11822,11823,11822,6
2020-01-08 15:54:51.016,11822,11823,11822,1
2020-01-08 15:54:56.546,11821,11822,11822,1
2020-01-08 15:55:03.299,11821,11822,11822,1
2020-01-08 15:55:09.756,11823,11824,11823,1
2020-01-08 15:55:10.362,11823,11824,11823,4
2020-01-08 15:55:20.373,11822,11823,11822,2
2020-01-08 15:55:24.604,11822,11823,11822,1
2020-01-08 15:55:28.355,11821,11823,11821,1
2020-01-08 15:55:36.124,11822,11823,11822,1
2020-01-08 15:55:49.132,11821,11822,11822,2
2020-01-08 15:55:49.171,11821,11822,11822,1
2020-01-08 15:55:51.559,11821,11822,11822,5
2020-01-08 15:55:54.512,11821,11822,11822,1
2020-01-08 15:56:30.819,11821,11822,11822,10
2020-01-08 15:56:30.819,11821,11822,11823,5
2020-01-08 15:56:31.034,11821,11822,11823,4
2020-01-08 15:56:32.247,11821,11823,11823,6
2020-01-08 15:56:59.894,11822,11823,11823,4
2020-01-08 15:57:01.620,11823,11824,11823,2
2020-01-08 15:57:04.285,11823,11824,11823,10
2020-01-08 15:57:04.295,11823,11824,11823,1
2020-01-08 15:57:04.989,11823,11824,11823,1
2020-01-08 15:57:15.766,11823,11824,11823,1
2020-01-08 15:57:25.596,11823,11824,11824,3
2020-01-08 15:57:33.360,11823,11824,11823,2
2020-01-08 15:57:33.360,11823,11824,11823,2
2020-01-08 15:57:39.602,11822,11823,11823,1
2020-01-08 15:57:51.696,11822,11823,11823,1
2020-01-08 15:57:53.474,11822,11823,11822,1
2020-01-08 15:57:57.059,11822,11823,11823,1
2020-01-08 15:57:59.067,11822,11823,11823,1
2020-01-08 15:58:02.271,11822,11823,11822,3
2020-01-08 15:58:02.289,11822,11823,11822,2
2020-01-08 15:58:02.414,11822,11823,11822,5
2020-01-08 15:58:02.414,11822,11823,11822,1
2020-01-08 15:58:02.539,11822,11823,11822,6
2020-01-08 15:58:04.620,11821,11823,11823,3
2020-01-08 15:58:20.691,11821,11822,11822,3
2020-01-08 15:58:50.052,11822,11823,11823,1
2020-01-08 15:58:52.059,11822,11823,11823,1
2020-01-08 15:58:54.066,11822,11823,11823,1
2020-01-08 15:58:54.873,11822,11823,11823,1
2020-01-08 15:58:56.072,11822,11823,11823,1
2020-01-08 15:59:02.176,11822,11823,11822,4
2020-01-08 15:59:10.382,11822,11823,11822,7
2020-01-08 15:59:22.270,11821,11822,11822,1
2020-01-08 15:59:31.999,11822,11823,11822,1
2020-01-08 15:59:36.202,11822,11823,11823,12
2020-01-08 15:59:36.202,11822,11823,11823,2
2020-01-08 15:59:36.202,11822,11823,11823,6
2020-01-08 15:59:36.289,11822,11823,11823,1
2020-01-08 15:59:36.289,11822,11823,11823,4
2020-01-08 15:59:36.289,11822,11823,11823,31
2020-01-08 15:59:36.415,11823,11824,11824,3
2020-01-08 15:59:36.664,11823,11824,11824,1
2020-01-08 15:59:37.069,11824,11825,11824,1
2020-01-08 15:59:40.691,11823,11825,11823,1
2020-01-08 15:59:49.925,11822,11824,11824,2
2020-01-08 15:59:56.491,11823,11824,11823,1
2020-01-08 15:59:56.664,11823,11824,11823,1
2020-01-08 15:59:57.164,11823,11824,11823,1
2020-01-08 15:59:59.789,11823,11824,11823,1
2020-01-08 16:00:15.621,11822,11823,11822,4
2020-01-08 16:00:16.143,11821,11822,11823,1
2020-01-08 16:00:16.174,11821,11823,11823,1
2020-01-08 16:00:22.231,11822,11823,11823,1
2020-01-08 16:00:22.290,11822,11823,11822,1
2020-01-08 16:00:28.256,11822,11823,11823,1
2020-01-08 16:00:30.325,11823,11824,11824,3
2020-01-08 16:00:40.361,11823,11824,11823,1
2020-01-08 16:00:50.081,11822,11823,11823,1
2020-01-08 16:00:59.732,11823,11824,11823,2
2020-01-08 16:01:02.253,11822,11823,11822,5
2020-01-08 16:01:02.915,11822,11823,11822,7
2020-01-08 16:01:04.139,11821,11822,11822,5
2020-01-08 16:01:05.346,11821,11822,11822,2
2020-01-08 16:01:29.816,11821,11822,11821,23
2020-01-08 16:01:30.887,11820,11821,11821,1
2020-01-08 16:01:31.560,11820,11821,11820,2
2020-01-08 16:01:31.585,11820,11821,11820,1
2020-01-08 16:01:31.664,11820,11821,11820,8
2020-01-08 16:01:31.664,11820,11821,11820,4
2020-01-08 16:01:31.664,11820,11821,11820,3
2020-01-08 16:01:31.790,11820,11821,11820,2
2020-01-08 16:01:31.790,11820,11821,11820,2
2020-01-08 16:01:39.834,11819,11820,11820,1
2020-01-08 16:01:43.040,11819,11820,11819,3
2020-01-08 16:01:43.053,11819,11820,11819,1
2020-01-08 16:01:43.957,11818,11819,11818,10
2020-01-08 16:01:44.284,11817,11818,11817,1
2020-01-08 16:01:44.370,11817,11818,11817,1
2020-01-08 16:01:44.507,11817,11818,11817,1
2020-01-08 16:01:44.507,11817,11818,11817,1
2020-01-08 16:01:44.507,11817,11818,11817,1
2020-01-08 16:01:44.790,11817,11818,11817,3
2020-01-08 16:01:44.944,11817,11818,11817,2
2020-01-08 16:01:45.013,11817,11818,11817,2
2020-01-08 16:01:45.040,11817,11818,11817,2
2020-01-08 16:01:49.460,11816,11817,11816,3
2020-01-08 16:01:49.624,11816,11817,11816,1
2020-01-08 16:01:49.837,11816,11817,11816,1
2020-01-08 16:01:49.872,11816,11817,11816,1
2020-01-08 16:01:51.807,11816,11817,11816,1
2020-01-08 16:01:52.158,11816,11817,11816,6
2020-01-08 16:01:53.123,11816,11817,11816,1
2020-01-08 16:01:53.986,11816,11817,11817,1
2020-01-08 16:01:54.021,11816,11817,11816,1
2020-01-08 16:01:55.083,11816,11817,11816,1
2020-01-08 16:01:56.461,11816,11817,11816,1
2020-01-08 16:01:56.793,11816,11817,11816,1
2020-01-08 16:01:59.057,11816,11817,11816,1
2020-01-08 16:01:59.170,11816,11817,11817,1
2020-01-08 16:01:59.429,11816,11817,11816,1
2020-01-08 16:02:03.090,11816,11817,11816,1
2020-01-08 16:02:06.234,11816,11817,11816,1
2020-01-08 16:02:08.409,11816,11817,11817,1
2020-01-08 16:02:14.656,11817,11818,11817,1
2020-01-08 16:02:20.223,11817,11818,11817,1
2020-01-08 16:02:22.211,11817,11818,11817,1
2020-01-08 16:02:28.676,11816,11817,11816,1
2020-01-08 16:02:29.586,11816,11817,11817,1
2020-01-08 16:02:34.316,11816,11817,11817,1
2020-01-08 16:02:34.316,11816,11817,11818,2
2020-01-08 16:02:35.237,11817,11818,11817,1
2020-01-08 16:02:38.738,11817,11818,11818,1
2020-01-08 16:02:38.738,11817,11818,11818,7
2020-01-08 16:02:38.738,11817,11818,11818,3
2020-01-08 16:02:38.738,11817,11818,11818,1
2020-01-08 16:02:38.790,11818,11819,11819,2
2020-01-08 16:02:38.791,11818,11819,11819,4
2020-01-08 16:02:38.793,11818,11819,11819,3
2020-01-08 16:02:38.793,11818,11819,11819,3
2020-01-08 16:02:38.794,11818,11819,11819,3
2020-01-08 16:02:38.794,11818,11819,11819,3
2020-01-08 16:02:38.794,11818,11819,11819,3
2020-01-08 16:02:38.794,11818,11819,11819,1
2020-01-08 16:02:40.590,11819,11820,11820,2
2020-01-08 16:02:40.590,11819,11820,11820,1
2020-01-08 16:02:42.164,11820,11821,11820,1
2020-01-08 16:02:44.742,11819,11821,11819,1
2020-01-08 16:02:46.797,11820,11821,11820,1
2020-01-08 16:02:47.239,11820,11821,11820,3
2020-01-08 16:02:54.025,11819,11820,11820,1
2020-01-08 16:03:09.665,11818,11819,11818,12
2020-01-08 16:03:11.477,11817,11818,11818,5
2020-01-08 16:03:11.477,11817,11818,11818,5
2020-01-08 16:03:11.477,11817,11818,11818,2
2020-01-08 16:03:16.674,11817,11818,11817,6
2020-01-08 16:03:16.781,11817,11818,11816,3
2020-01-08 16:03:17.072,11816,11817,11816,1
2020-01-08 16:03:17.165,11816,11817,11816,3
2020-01-08 16:03:17.270,11816,11817,11817,1
2020-01-08 16:03:22.741,11816,11817,11817,5
2020-01-08 16:03:26.736,11817,11818,11818,1
2020-01-08 16:03:31.620,11819,11820,11820,2
2020-01-08 16:03:31.620,11819,11820,11820,1
2020-01-08 16:03:31.791,11820,11821,11820,1
2020-01-08 16:03:32.078,11820,11821,11821,5
2020-01-08 16:03:34.410,11820,11821,11821,1
2020-01-08 16:03:35.281,11820,11821,11821,2
2020-01-08 16:03:35.730,11821,11822,11821,2
2020-01-08 16:03:36.666,11821,11822,11822,4
2020-01-08 16:03:36.995,11822,11823,11822,1
2020-01-08 16:03:37.145,11822,11823,11823,1
2020-01-08 16:03:37.146,11822,11823,11823,1
2020-01-08 16:03:37.242,11822,11823,11823,1
2020-01-08 16:03:37.289,11822,11823,11823,2
2020-01-08 16:03:37.290,11822,11823,11823,2
2020-01-08 16:03:37.411,11822,11823,11823,1
2020-01-08 16:03:37.905,11823,11824,11823,1
2020-01-08 16:03:38.109,11823,11824,11824,4
2020-01-08 16:03:38.110,11823,11824,11824,8
2020-01-08 16:03:38.110,11823,11824,11824,2
2020-01-08 16:03:38.179,11824,11825,11825,18
2020-01-08 16:03:38.232,11824,11825,11824,1
2020-01-08 16:03:38.542,11825,11826,11826,9
2020-01-08 16:03:38.805,11825,11826,11826,1
2020-01-08 16:03:39.049,11825,11826,11826,2
2020-01-08 16:03:39.105,11825,11826,11826,2
2020-01-08 16:03:39.120,11825,11826,11826,4
2020-01-08 16:03:39.164,11825,11826,11826,1
2020-01-08 16:03:39.164,11825,11826,11826,1
2020-01-08 16:03:39.172,11825,11826,11825,1
2020-01-08 16:03:39.269,11825,11826,11826,6
2020-01-08 16:03:39.269,11825,11826,11826,1
2020-01-08 16:03:39.289,11825,11826,11826,3
2020-01-08 16:03:39.289,11825,11826,11826,2
2020-01-08 16:03:39.415,11826,11827,11827,13
2020-01-08 16:03:39.415,11826,11827,11827,3
2020-01-08 16:03:39.415,11826,11827,11827,11
2020-01-08 16:03:39.415,11826,11827,11827,2
2020-01-08 16:03:39.540,11827,11828,11828,11
2020-01-08 16:03:39.668,11828,11829,11828,2
2020-01-08 16:03:39.669,11828,11829,11828,2
2020-01-08 16:03:39.670,11828,11829,11828,2
2020-01-08 16:03:39.672,11828,11829,11828,1
2020-01-08 16:03:39.880,11828,11829,11828,1
2020-01-08 16:03:39.914,11828,11829,11829,11
2020-01-08 16:03:40.082,11828,11829,11829,5
2020-01-08 16:03:40.083,11828,11829,11829,5
2020-01-08 16:03:40.094,11828,11829,11829,1
2020-01-08 16:03:40.129,11828,11829,11829,1
2020-01-08 16:03:40.164,11828,11829,11829,3
2020-01-08 16:03:40.195,11828,11829,11828,5
2020-01-08 16:03:40.195,11828,11829,11828,5
2020-01-08 16:03:40.609,11829,11830,11830,2
2020-01-08 16:03:40.709,11829,11830,11830,10
2020-01-08 16:03:40.712,11829,11830,11830,1
2020-01-08 16:03:40.734,11829,11830,11830,5
2020-01-08 16:03:40.790,11829,11830,11830,17
2020-01-08 16:03:40.816,11829,11830,11830,2
2020-01-08 16:03:40.841,11829,11830,11830,2
2020-01-08 16:03:40.866,11829,11830,11830,2
2020-01-08 16:03:40.874,11829,11830,11831,1
2020-01-08 16:03:40.891,11829,11830,11830,2
2020-01-08 16:03:40.952,11830,11831,11831,1
2020-01-08 16:03:40.983,11830,11831,11831,1
2020-01-08 16:03:40.994,11830,11831,11831,1
2020-01-08 16:03:41.003,11830,11831,11831,6
2020-01-08 16:03:41.003,11830,11831,11832,4
2020-01-08 16:03:41.067,11830,11832,11831,1
2020-01-08 16:03:41.068,11830,11832,11831,1
2020-01-08 16:03:41.069,11830,11832,11831,1
2020-01-08 16:03:41.086,11830,11832,11832,10
2020-01-08 16:03:41.181,11831,11832,11832,1
2020-01-08 16:03:41.194,11831,11832,11831,5
2020-01-08 16:03:41.384,11831,11833,11832,4
2020-01-08 16:03:41.412,11831,11833,11832,1
2020-01-08 16:03:41.558,11831,11833,11832,1
2020-01-08 16:03:41.645,11831,11833,11832,1
2020-01-08 16:03:41.665,11831,11832,11832,1
2020-01-08 16:03:41.778,11831,11832,11833,1
2020-01-08 16:03:41.813,11832,11833,11833,1
2020-01-08 16:03:41.944,11832,11833,11833,1
2020-01-08 16:03:41.951,11832,11833,11833,5
2020-01-08 16:03:42.092,11832,11833,11833,3
2020-01-08 16:03:42.693,11832,11833,11833,1
2020-01-08 16:03:42.763,11832,11833,11833,14
2020-01-08 16:03:42.790,11832,11834,11833,3
2020-01-08 16:03:42.792,11832,11834,11833,1
2020-01-08 16:03:42.914,11833,11834,11833,4
2020-01-08 16:03:43.539,11832,11833,11832,3
2020-01-08 16:03:43.664,11832,11833,11832,1
2020-01-08 16:03:43.789,11832,11833,11832,1
2020-01-08 16:03:43.834,11832,11833,11832,1
2020-01-08 16:03:43.915,11831,11832,11831,12
2020-01-08 16:03:44.164,11830,11831,11831,1
2020-01-08 16:03:44.494,11830,11831,11831,5
2020-01-08 16:03:45.596,11830,11831,11831,7
2020-01-08 16:03:45.791,11831,11832,11832,1
2020-01-08 16:03:45.842,11831,11832,11832,1
2020-01-08 16:03:46.289,11831,11832,11832,7
2020-01-08 16:03:46.289,11831,11832,11832,1
2020-01-08 16:03:46.700,11832,11833,11833,1
2020-01-08 16:03:46.847,11832,11833,11832,1
2020-01-08 16:03:46.956,11832,11833,11832,2
2020-01-08 16:03:46.956,11832,11833,11832,3
2020-01-08 16:03:47.324,11831,11832,11832,2
2020-01-08 16:03:47.735,11831,11832,11831,7
2020-01-08 16:03:47.736,11831,11832,11831,1
2020-01-08 16:03:49.663,11831,11832,11832,2
2020-01-08 16:03:49.939,11831,11832,11832,1
2020-01-08 16:03:50.664,11831,11832,11831,2
2020-01-08 16:03:50.665,11831,11832,11831,4
2020-01-08 16:03:52.686,11830,11831,11831,1
2020-01-08 16:03:53.221,11830,11831,11831,1
2020-01-08 16:03:53.361,11830,11831,11830,2
2020-01-08 16:03:53.361,11830,11831,11830,1
2020-01-08 16:03:53.361,11830,11831,11830,1
2020-01-08 16:03:53.361,11830,11831,11830,1
2020-01-08 16:03:53.361,11830,11831,11830,1
2020-01-08 16:03:53.361,11830,11831,11830,10
2020-01-08 16:03:53.724,11829,11830,11830,1
2020-01-08 16:03:55.730,11828,11829,11829,1
2020-01-08 16:03:58.266,11829,11830,11829,1
2020-01-08 16:04:00.417,11829,11830,11829,4
2020-01-08 16:04:00.418,11829,11830,11829,1
2020-01-08 16:04:00.418,11829,11830,11829,1
2020-01-08 16:04:01.171,11828,11829,11828,4
2020-01-08 16:04:01.455,11828,11829,11829,1
2020-01-08 16:04:03.585,11826,11828,11826,3
2020-01-08 16:04:04.217,11826,11827,11827,1
2020-01-08 16:04:04.407,11826,11827,11827,1
2020-01-08 16:04:05.779,11825,11827,11827,1
2020-01-08 16:04:10.562,11826,11827,11827,1
2020-01-08 16:04:12.349,11826,11827,11826,3
2020-01-08 16:04:13.965,11825,11827,11827,1
2020-01-08 16:04:15.029,11825,11826,11826,1
2020-01-08 16:04:20.086,11826,11827,11826,1
2020-01-08 16:04:23.991,11826,11827,11827,1
2020-01-08 16:04:24.293,11826,11827,11827,1
2020-01-08 16:04:24.433,11826,11827,11826,1
2020-01-08 16:04:25.998,11826,11827,11827,1
2020-01-08 16:04:27.574,11826,11827,11827,1
2020-01-08 16:04:29.672,11826,11827,11827,2
2020-01-08 16:04:32.295,11827,11828,11827,2
2020-01-08 16:04:33.895,11826,11827,11827,1
2020-01-08 16:04:36.904,11827,11828,11828,4
2020-01-08 16:04:40.036,11828,11829,11829,1
2020-01-08 16:04:40.411,11828,11829,11828,1
2020-01-08 16:04:40.639,11827,11829,11828,2
2020-01-08 16:04:41.565,11827,11828,11828,1
2020-01-08 16:04:43.055,11827,11828,11827,2
2020-01-08 16:04:43.056,11827,11828,11827,2
2020-01-08 16:04:48.430,11826,11827,11826,1
2020-01-08 16:04:48.769,11826,11827,11826,1
2020-01-08 16:04:51.824,11825,11826,11826,1
2020-01-08 16:04:58.087,11826,11827,11827,1
2020-01-08 16:04:58.925,11826,11827,11827,1
2020-01-08 16:04:59.368,11825,11827,11827,1
2020-01-08 16:05:00.093,11825,11827,11827,1
2020-01-08 16:05:01.182,11826,11827,11827,1
2020-01-08 16:05:01.374,11826,11827,11827,1
2020-01-08 16:05:01.394,11826,11827,11826,1
2020-01-08 16:05:02.008,11825,11826,11826,1
2020-01-08 16:05:02.644,11825,11826,11826,1
2020-01-08 16:05:02.654,11825,11826,11825,2
2020-01-08 16:05:06.110,11824,11825,11825,1
2020-01-08 16:05:06.924,11824,11825,11825,1
2020-01-08 16:05:08.227,11824,11825,11825,1
2020-01-08 16:05:12.396,11824,11825,11825,2
2020-01-08 16:05:12.844,11825,11826,11825,1
2020-01-08 16:05:16.140,11826,11827,11827,1
2020-01-08 16:05:17.591,11825,11827,11827,1
2020-01-08 16:05:18.147,11826,11827,11826,1
2020-01-08 16:05:19.824,11825,11826,11825,2
2020-01-08 16:05:19.854,11825,11826,11825,1
2020-01-08 16:05:28.230,11824,11825,11825,1
2020-01-08 16:05:36.591,11824,11825,11824,2
2020-01-08 16:05:36.592,11824,11825,11824,4
2020-01-08 16:05:36.592,11824,11825,11824,2
2020-01-08 16:05:36.592,11824,11825,11824,8
2020-01-08 16:05:36.592,11824,11825,11824,2
2020-01-08 16:05:36.592,11824,11825,11824,2
2020-01-08 16:05:38.113,11823,11824,11823,11
2020-01-08 16:05:39.638,11822,11823,11823,4
2020-01-08 16:05:39.664,11822,11823,11823,2
2020-01-08 16:05:40.053,11823,11824,11824,2
2020-01-08 16:05:54.162,11824,11825,11825,3
2020-01-08 16:05:54.213,11824,11825,11825,1
2020-01-08 16:05:54.345,11824,11825,11825,3
2020-01-08 16:05:57.478,11824,11825,11825,1
2020-01-08 16:05:57.849,11824,11825,11825,8
2020-01-08 16:05:57.849,11824,11825,11825,5
2020-01-08 16:05:57.849,11824,11825,11825,3
2020-01-08 16:05:58.727,11825,11826,11826,1
2020-01-08 16:06:04.069,11825,11826,11826,1
2020-01-08 16:06:07.664,11825,11826,11826,1
2020-01-08 16:06:11.577,11826,11827,11827,1
2020-01-08 16:06:14.318,11826,11827,11827,1
2020-01-08 16:06:17.994,11825,11826,11825,1
2020-01-08 16:06:17.994,11825,11826,11825,6
2020-01-08 16:06:17.995,11825,11826,11825,8
2020-01-08 16:06:19.297,11824,11825,11824,2
2020-01-08 16:06:34.110,11824,11825,11825,1
2020-01-08 16:06:34.164,11824,11825,11825,4
2020-01-08 16:06:53.785,11824,11825,11825,1
2020-01-08 16:06:54.532,11825,11826,11825,1
2020-01-08 16:06:57.541,11825,11826,11825,5
2020-01-08 16:07:01.787,11824,11825,11824,1
2020-01-08 16:07:01.787,11824,11825,11824,6
2020-01-08 16:07:01.787,11824,11825,11824,2
2020-01-08 16:07:01.787,11824,11825,11824,2
2020-01-08 16:07:09.790,11823,11824,11823,8
2020-01-08 16:07:10.926,11822,11823,11822,10
2020-01-08 16:07:10.988,11822,11823,11822,1
2020-01-08 16:07:12.055,11821,11822,11821,14
2020-01-08 16:07:12.165,11820,11821,11821,2
2020-01-08 16:07:12.165,11820,11821,11821,3
2020-01-08 16:07:16.922,11821,11822,11821,5
2020-01-08 16:07:19.438,11820,11822,11820,8
2020-01-08 16:07:19.990,11820,11821,11820,1
2020-01-08 16:07:21.576,11819,11820,11820,2
2020-01-08 16:07:21.576,11819,11820,11820,1
2020-01-08 16:07:26.322,11819,11820,11819,1
2020-01-08 16:07:26.514,11819,11820,11819,1
2020-01-08 16:07:29.541,11819,11820,11820,1
2020-01-08 16:07:30.164,11819,11820,11820,3
2020-01-08 16:07:30.289,11819,11820,11820,1
2020-01-08 16:07:33.949,11820,11821,11821,2
2020-01-08 16:07:33.949,11820,11821,11822,3
2020-01-08 16:07:36.553,11821,11822,11822,1
2020-01-08 16:07:41.707,11821,11822,11822,1
2020-01-08 16:07:57.743,11822,11823,11822,1
2020-01-08 16:07:59.666,11822,11823,11822,1
2020-01-08 16:08:02.457,11821,11822,11821,1
2020-01-08 16:08:04.409,11821,11822,11822,2
2020-01-08 16:08:08.735,11820,11822,11821,1
2020-01-08 16:08:16.633,11822,11823,11822,1
2020-01-08 16:08:23.472,11822,11823,11822,1
2020-01-08 16:08:25.173,11822,11823,11822,2
2020-01-08 16:08:33.050,11822,11823,11823,5
2020-01-08 16:08:33.164,11822,11823,11823,1
2020-01-08 16:08:50.918,11823,11824,11823,1
2020-01-08 16:08:51.039,11823,11824,11823,1
2020-01-08 16:09:06.611,11822,11823,11822,2
2020-01-08 16:09:18.411,11822,11823,11822,9
2020-01-08 16:09:25.890,11822,11823,11823,2
2020-01-08 16:09:25.890,11822,11823,11823,1
2020-01-08 16:09:26.458,11823,11824,11823,1
2020-01-08 16:09:35.580,11823,11824,11824,3
2020-01-08 16:09:35.790,11824,11825,11825,5
2020-01-08 16:09:37.313,11824,11826,11824,3
2020-01-08 16:09:39.167,11824,11825,11825,2
2020-01-08 16:09:47.473,11824,11825,11825,1
2020-01-08 16:09:49.164,11824,11825,11824,2
2020-01-08 16:09:49.164,11824,11825,11824,1
2020-01-08 16:09:55.961,11823,11824,11823,1
2020-01-08 16:10:00.327,11823,11824,11823,2
2020-01-08 16:10:00.327,11823,11824,11823,5
2020-01-08 16:10:05.539,11823,11824,11824,3
2020-01-08 16:10:06.749,11823,11824,11823,1
2020-01-08 16:10:09.899,11823,11824,11824,1
2020-01-08 16:10:11.907,11824,11825,11825,1
2020-01-08 16:10:14.916,11824,11825,11825,1
2020-01-08 16:10:15.040,11824,11825,11825,2
2020-01-08 16:10:19.348,11825,11826,11825,2
2020-01-08 16:10:19.348,11825,11826,11825,1
2020-01-08 16:10:23.690,11824,11825,11824,4
2020-01-08 16:10:23.733,11824,11825,11825,1
2020-01-08 16:10:29.960,11824,11825,11825,1
2020-01-08 16:10:52.958,11824,11825,11824,1
2020-01-08 16:10:57.512,11823,11824,11823,1
2020-01-08 16:11:02.040,11822,11823,11822,20
2020-01-08 16:11:08.512,11821,11823,11823,1
2020-01-08 16:11:25.285,11821,11823,11823,1
2020-01-08 16:11:25.374,11822,11823,11823,1
2020-01-08 16:11:26.880,11822,11823,11823,1
2020-01-08 16:11:29.470,11822,11823,11823,1
2020-01-08 16:11:30.102,11822,11823,11823,2
2020-01-08 16:11:31.665,11822,11823,11822,1
2020-01-08 16:11:35.919,11821,11822,11821,1
2020-01-08 16:11:39.772,11821,11822,11822,1
2020-01-08 16:11:41.791,11821,11822,11822,1
2020-01-08 16:11:42.181,11822,11823,11823,1
2020-01-08 16:11:45.353,11822,11823,11822,1
2020-01-08 16:11:46.424,11822,11823,11822,1
2020-01-08 16:11:58.778,11821,11822,11822,10
2020-01-08 16:12:00.459,11821,11822,11821,14
2020-01-08 16:12:01.069,11820,11821,11821,10
2020-01-08 16:12:02.000,11820,11821,11820,1
2020-01-08 16:12:16.414,11820,11821,11821,1
2020-01-08 16:12:26.556,11821,11822,11822,1
2020-01-08 16:12:26.697,11821,11823,11821,1
2020-01-08 16:12:43.492,11822,11823,11822,1
2020-01-08 16:12:44.197,11822,11823,11822,2
2020-01-08 16:12:51.878,11822,11823,11822,2
2020-01-08 16:13:09.831,11822,11823,11822,3
2020-01-08 16:13:09.831,11822,11823,11822,5
2020-01-08 16:13:12.222,11821,11822,11821,14
2020-01-08 16:13:12.222,11821,11822,11821,7
2020-01-08 16:13:12.475,11820,11821,11820,1
2020-01-08 16:13:12.475,11820,11821,11820,9
2020-01-08 16:13:12.476,11820,11821,11820,2
2020-01-08 16:13:12.476,11820,11821,11820,11
2020-01-08 16:13:12.476,11820,11821,11820,2
2020-01-08 16:13:12.539,11820,11821,11820,8
2020-01-08 16:13:12.983,11819,11820,11819,1
2020-01-08 16:13:12.983,11819,11820,11819,4
2020-01-08 16:13:12.984,11819,11820,11819,1
2020-01-08 16:13:13.042,11818,11819,11819,1
2020-01-08 16:13:13.672,11818,11819,11818,11
2020-01-08 16:13:13.685,11818,11819,11818,5
2020-01-08 16:13:13.685,11818,11819,11818,2
2020-01-08 16:13:14.180,11817,11818,11817,1
2020-01-08 16:13:14.299,11817,11818,11817,1
2020-01-08 16:13:14.564,11817,11818,11817,1
2020-01-08 16:13:14.564,11817,11818,11817,4
2020-01-08 16:13:14.602,11817,11818,11817,2
2020-01-08 16:13:14.610,11817,11818,11817,3
2020-01-08 16:13:14.665,11816,11818,11817,1
2020-01-08 16:13:14.671,11816,11818,11817,1
2020-01-08 16:13:14.672,11816,11818,11817,2
2020-01-08 16:13:14.673,11816,11818,11817,1
2020-01-08 16:13:14.674,11816,11818,11817,1
2020-01-08 16:13:14.789,11817,11818,11817,3
2020-01-08 16:13:14.832,11817,11818,11817,1
2020-01-08 16:13:16.490,11816,11818,11817,1
2020-01-08 16:13:20.743,11816,11817,11817,1
2020-01-08 16:13:20.744,11816,11817,11817,3
2020-01-08 16:13:20.744,11816,11817,11817,2
2020-01-08 16:13:21.182,11817,11818,11817,3
2020-01-08 16:13:21.611,11817,11818,11817,1
2020-01-08 16:13:21.916,11817,11818,11818,1
2020-01-08 16:13:23.611,11818,11820,11818,1
2020-01-08 16:13:25.445,11818,11819,11819,1
2020-01-08 16:13:27.427,11818,11819,11819,1
2020-01-08 16:13:28.941,11819,11820,11819,1
2020-01-08 16:13:31.900,11819,11820,11819,5
2020-01-08 16:13:36.519,11819,11820,11820,1
2020-01-08 16:13:37.101,11819,11820,11820,3
2020-01-08 16:13:37.266,11819,11820,11819,2
2020-01-08 16:13:45.019,11819,11820,11819,2
2020-01-08 16:13:46.858,11819,11820,11819,1
2020-01-08 16:14:02.815,11819,11821,11819,1
2020-01-08 16:14:06.000,11819,11820,11819,2
2020-01-08 16:14:15.225,11820,11821,11820,1
2020-01-08 16:14:19.745,11820,11821,11820,1
2020-01-08 16:14:23.797,11820,11821,11820,1
2020-01-08 16:14:28.698,11820,11821,11820,1
2020-01-08 16:14:29.098,11820,11821,11820,1
2020-01-08 16:14:33.334,11820,11821,11820,2
2020-01-08 16:14:40.211,11820,11821,11820,1
2020-01-08 16:14:43.627,11820,11821,11820,1
2020-01-08 16:14:46.620,11819,11820,11819,2
2020-01-08 16:14:54.689,11819,11820,11820,2
2020-01-08 16:14:55.031,11819,11820,11820,1
2020-01-08 16:14:56.871,11819,11820,11820,1
2020-01-08 16:14:58.932,11819,11820,11819,10
2020-01-08 16:15:11.866,11819,11820,11820,1
2020-01-08 16:15:20.641,11819,11820,11820,1
2020-01-08 16:15:27.577,11819,11820,11819,1
