2020-01-16,15:00:00.024000,12065,12066,12066,206
2020-01-16,15:00:00.031000,12066,12067,12067,4
2020-01-16,15:00:00.170000,12066,12067,12067,1
2020-01-16,15:00:00.206000,12066,12067,12066,1
2020-01-16,15:00:00.338000,12065,12067,12067,2
2020-01-16,15:00:00.341000,12065,12067,12067,1
2020-01-16,15:00:00.576000,12065,12067,12067,1
2020-01-16,15:00:00.582000,12065,12067,12067,3
2020-01-16,15:00:00.582000,12065,12067,12068,1
2020-01-16,15:00:00.633000,12066,12068,12068,1
2020-01-16,15:00:00.636000,12066,12068,12068,1
2020-01-16,15:00:00.637000,12066,12068,12068,1
2020-01-16,15:00:00.638000,12066,12068,12068,1
2020-01-16,15:00:00.640000,12066,12068,12068,1
2020-01-16,15:00:00.641000,12066,12068,12068,1
2020-01-16,15:00:00.642000,12066,12068,12068,1
2020-01-16,15:00:00.642000,12066,12068,12068,1
2020-01-16,15:00:00.643000,12066,12068,12068,1
2020-01-16,15:00:00.643000,12066,12068,12068,1
2020-01-16,15:00:00.643000,12066,12068,12068,1
2020-01-16,15:00:00.737000,12066,12068,12066,2
2020-01-16,15:00:00.786000,12066,12068,12068,1
2020-01-16,15:00:00.839000,12066,12068,12068,1
2020-01-16,15:00:00.898000,12066,12067,12067,2
2020-01-16,15:00:00.900000,12066,12067,12067,1
2020-01-16,15:00:01.245000,12066,12067,12067,1
2020-01-16,15:00:01.245000,12066,12067,12068,1
2020-01-16,15:00:01.269000,12066,12068,12068,1
2020-01-16,15:00:01.287000,12066,12068,12068,3
2020-01-16,15:00:01.330000,12066,12068,12068,1
2020-01-16,15:00:01.362000,12066,12068,12068,2
2020-01-16,15:00:01.369000,12066,12068,12066,2
2020-01-16,15:00:01.549000,12066,12068,12068,2
2020-01-16,15:00:01.554000,12066,12068,12068,9
2020-01-16,15:00:01.554000,12066,12068,12069,16
2020-01-16,15:00:01.562000,12066,12068,12067,1
2020-01-16,15:00:01.704000,12067,12069,12069,2
2020-01-16,15:00:01.961000,12067,12068,12067,1
2020-01-16,15:00:02.218000,12067,12068,12068,1
2020-01-16,15:00:02.261000,12067,12068,12068,3
2020-01-16,15:00:02.263000,12067,12068,12068,2
2020-01-16,15:00:02.382000,12067,12069,12069,3
2020-01-16,15:00:02.686000,12067,12068,12068,1
2020-01-16,15:00:02.836000,12067,12068,12068,1
2020-01-16,15:00:02.843000,12067,12068,12069,3
2020-01-16,15:00:03,12068,12069,12068,2
2020-01-16,15:00:03.131000,12067,12068,12068,1
2020-01-16,15:00:03.145000,12067,12068,12068,1
2020-01-16,15:00:03.190000,12067,12068,12067,1
2020-01-16,15:00:03.219000,12067,12068,12069,1
2020-01-16,15:00:03.856000,12067,12068,12068,5
2020-01-16,15:00:04.007000,12067,12068,12068,1
2020-01-16,15:00:04.007000,12067,12068,12069,1
2020-01-16,15:00:04.027000,12067,12068,12067,1
2020-01-16,15:00:04.147000,12067,12069,12067,1
2020-01-16,15:00:04.178000,12067,12069,12069,1
2020-01-16,15:00:04.381000,12067,12068,12068,1
2020-01-16,15:00:04.401000,12067,12068,12069,1
2020-01-16,15:00:04.594000,12067,12069,12068,1
2020-01-16,15:00:04.616000,12067,12069,12067,2
2020-01-16,15:00:04.647000,12067,12068,12067,2
2020-01-16,15:00:04.686000,12067,12068,12069,1
2020-01-16,15:00:04.762000,12067,12068,12068,5
2020-01-16,15:00:04.781000,12067,12068,12068,1
2020-01-16,15:00:04.960000,12067,12069,12067,2
2020-01-16,15:00:04.998000,12067,12069,12067,1
2020-01-16,15:00:05.023000,12067,12069,12067,1
2020-01-16,15:00:05.040000,12067,12069,12066,1
2020-01-16,15:00:05.078000,12067,12069,12068,1
2020-01-16,15:00:05.159000,12066,12068,12067,1
2020-01-16,15:00:05.250000,12067,12068,12067,1
2020-01-16,15:00:05.392000,12066,12067,12067,1
2020-01-16,15:00:05.414000,12066,12067,12066,1
2020-01-16,15:00:05.481000,12066,12067,12068,1
2020-01-16,15:00:05.506000,12066,12068,12068,1
2020-01-16,15:00:05.519000,12066,12068,12068,3
2020-01-16,15:00:06.238000,12066,12068,12068,2
2020-01-16,15:00:06.269000,12066,12068,12066,1
2020-01-16,15:00:06.486000,12066,12067,12066,1
2020-01-16,15:00:06.486000,12066,12067,12066,5
2020-01-16,15:00:06.704000,12066,12067,12066,1
2020-01-16,15:00:06.754000,12066,12067,12066,1
2020-01-16,15:00:06.934000,12066,12067,12066,1
2020-01-16,15:00:07.117000,12066,12067,12066,1
2020-01-16,15:00:07.195000,12066,12067,12067,5
2020-01-16,15:00:07.209000,12066,12067,12066,1
2020-01-16,15:00:07.313000,12065,12067,12066,1
2020-01-16,15:00:07.388000,12065,12067,12065,1
2020-01-16,15:00:07.561000,12065,12067,12065,1
2020-01-16,15:00:07.637000,12065,12067,12067,4
2020-01-16,15:00:07.835000,12065,12067,12065,1
2020-01-16,15:00:08.374000,12065,12067,12065,1
2020-01-16,15:00:08.402000,12065,12067,12065,4
2020-01-16,15:00:08.485000,12065,12067,12067,30
2020-01-16,15:00:08.505000,12065,12067,12067,3
2020-01-16,15:00:08.624000,12065,12066,12066,1
2020-01-16,15:00:08.869000,12065,12067,12067,3
2020-01-16,15:00:09.173000,12066,12067,12066,1
2020-01-16,15:00:09.249000,12066,12067,12066,1
2020-01-16,15:00:09.984000,12065,12067,12065,1
2020-01-16,15:00:10.117000,12065,12067,12065,1
2020-01-16,15:00:10.566000,12065,12066,12066,1
2020-01-16,15:00:10.566000,12065,12066,12067,2
2020-01-16,15:00:10.681000,12065,12067,12065,1
2020-01-16,15:00:10.874000,12065,12066,12065,4
2020-01-16,15:00:11.089000,12065,12066,12066,1
2020-01-16,15:00:11.119000,12065,12066,12066,1
2020-01-16,15:00:11.227000,12065,12066,12066,1
2020-01-16,15:00:11.310000,12065,12066,12066,1
2020-01-16,15:00:11.337000,12065,12066,12066,1
2020-01-16,15:00:11.780000,12065,12066,12065,1
2020-01-16,15:00:11.931000,12065,12066,12066,2
2020-01-16,15:00:12.991000,12065,12066,12066,1
2020-01-16,15:00:15.255000,12065,12066,12065,2
2020-01-16,15:00:15.716000,12065,12066,12066,1
2020-01-16,15:00:15.790000,12065,12066,12066,1
2020-01-16,15:00:15.845000,12065,12066,12066,2
2020-01-16,15:00:15.999000,12065,12066,12065,4
2020-01-16,15:00:16.003000,12065,12066,12065,1
2020-01-16,15:00:16.193000,12065,12066,12066,6
2020-01-16,15:00:16.513000,12065,12066,12065,1
2020-01-16,15:00:16.651000,12065,12066,12065,1
2020-01-16,15:00:17.390000,12065,12066,12065,2
2020-01-16,15:00:17.483000,12065,12066,12065,1
2020-01-16,15:00:17.749000,12065,12066,12066,2
2020-01-16,15:00:17.766000,12065,12066,12066,2
2020-01-16,15:00:17.779000,12065,12066,12066,2
2020-01-16,15:00:17.878000,12065,12066,12066,1
2020-01-16,15:00:17.897000,12065,12066,12066,2
2020-01-16,15:00:18.161000,12065,12066,12066,2
2020-01-16,15:00:19.233000,12065,12066,12066,1
2020-01-16,15:00:19.918000,12065,12066,12066,5
2020-01-16,15:00:20.021000,12065,12066,12065,1
2020-01-16,15:00:20.109000,12065,12066,12065,1
2020-01-16,15:00:20.326000,12065,12066,12065,1
2020-01-16,15:00:21.913000,12065,12066,12065,1
2020-01-16,15:00:22.250000,12064,12065,12065,1
2020-01-16,15:00:22.291000,12064,12065,12066,2
2020-01-16,15:00:23.515000,12065,12066,12066,1
2020-01-16,15:00:24.265000,12065,12066,12065,1
2020-01-16,15:00:24.375000,12065,12066,12066,4
2020-01-16,15:00:26.211000,12065,12066,12066,5
2020-01-16,15:00:26.631000,12065,12066,12066,5
2020-01-16,15:00:26.824000,12065,12066,12066,2
2020-01-16,15:00:27.052000,12065,12066,12066,1
2020-01-16,15:00:27.293000,12065,12066,12065,1
2020-01-16,15:00:27.480000,12065,12066,12065,1
2020-01-16,15:00:27.993000,12065,12066,12065,1
2020-01-16,15:00:28.866000,12065,12066,12066,1
2020-01-16,15:00:29.204000,12065,12066,12066,1
2020-01-16,15:00:30.170000,12065,12066,12065,1
2020-01-16,15:00:31.303000,12065,12066,12065,10
2020-01-16,15:00:31.374000,12065,12066,12065,2
2020-01-16,15:00:31.374000,12065,12066,12065,1
2020-01-16,15:00:31.375000,12065,12066,12065,1
2020-01-16,15:00:31.495000,12065,12066,12065,4
2020-01-16,15:00:32.123000,12064,12065,12065,1
2020-01-16,15:00:33.069000,12064,12065,12065,2
2020-01-16,15:00:33.114000,12064,12065,12065,1
2020-01-16,15:00:33.114000,12064,12065,12066,5
2020-01-16,15:00:33.172000,12064,12066,12064,2
2020-01-16,15:00:33.624000,12065,12066,12065,2
2020-01-16,15:00:33.824000,12065,12066,12065,1
2020-01-16,15:00:34.272000,12064,12066,12066,3
2020-01-16,15:00:34.720000,12064,12065,12064,2
2020-01-16,15:00:35.321000,12064,12065,12065,1
2020-01-16,15:00:36.345000,12064,12065,12065,2
2020-01-16,15:00:36.639000,12064,12065,12065,2
2020-01-16,15:00:36.724000,12064,12065,12065,1
2020-01-16,15:00:36.855000,12064,12065,12065,2
2020-01-16,15:00:37.089000,12064,12065,12065,2
2020-01-16,15:00:37.322000,12064,12065,12065,2
2020-01-16,15:00:37.558000,12064,12065,12065,2
2020-01-16,15:00:37.827000,12064,12066,12066,2
2020-01-16,15:00:37.875000,12065,12066,12065,3
2020-01-16,15:00:37.983000,12065,12066,12065,1
2020-01-16,15:00:39.421000,12064,12065,12065,3
2020-01-16,15:00:39.491000,12064,12065,12065,1
2020-01-16,15:00:39.678000,12065,12066,12065,1
2020-01-16,15:00:40.429000,12065,12066,12065,1
2020-01-16,15:00:41.051000,12065,12066,12065,2
2020-01-16,15:00:41.576000,12065,12066,12065,1
2020-01-16,15:00:42.557000,12065,12066,12065,5
2020-01-16,15:00:42.624000,12065,12066,12065,1
2020-01-16,15:00:44.249000,12065,12066,12065,1
2020-01-16,15:00:44.373000,12065,12066,12065,1
2020-01-16,15:00:44.374000,12065,12066,12065,1
2020-01-16,15:00:44.374000,12065,12066,12065,2
2020-01-16,15:00:45.620000,12064,12065,12065,1
2020-01-16,15:00:48.334000,12064,12065,12064,10
2020-01-16,15:00:48.500000,12064,12065,12064,1
2020-01-16,15:00:48.624000,12064,12065,12064,4
2020-01-16,15:00:48.625000,12064,12065,12064,1
2020-01-16,15:00:48.630000,12064,12065,12064,1
2020-01-16,15:00:48.749000,12064,12065,12064,2
2020-01-16,15:00:49.459000,12064,12065,12064,1
2020-01-16,15:00:50.202000,12064,12065,12065,1
2020-01-16,15:00:50.368000,12064,12065,12064,7
2020-01-16,15:00:50.391000,12064,12065,12065,1
2020-01-16,15:00:50.408000,12064,12065,12064,1
2020-01-16,15:00:50.804000,12064,12065,12064,1
2020-01-16,15:00:51.458000,12064,12065,12064,8
2020-01-16,15:00:52.142000,12063,12064,12063,5
2020-01-16,15:00:53.058000,12063,12064,12063,1
2020-01-16,15:00:53.865000,12063,12064,12064,1
2020-01-16,15:00:53.870000,12063,12064,12063,2
2020-01-16,15:00:54.509000,12063,12064,12064,1
2020-01-16,15:00:54.534000,12063,12064,12063,1
2020-01-16,15:00:55.282000,12063,12064,12064,3
2020-01-16,15:00:55.872000,12063,12064,12063,1
2020-01-16,15:00:56.832000,12063,12064,12064,1
2020-01-16,15:00:57.289000,12063,12064,12063,1
2020-01-16,15:00:57.508000,12063,12064,12063,1
2020-01-16,15:00:58.612000,12063,12064,12063,1
2020-01-16,15:00:59.213000,12063,12064,12063,1
2020-01-16,15:00:59.844000,12063,12064,12063,4
2020-01-16,15:00:59.991000,12063,12064,12064,1
2020-01-16,15:01:00.036000,12063,12064,12064,2
2020-01-16,15:01:00.237000,12063,12064,12064,1
2020-01-16,15:01:00.925000,12063,12064,12064,8
2020-01-16,15:01:00.925000,12063,12064,12065,2
2020-01-16,15:01:02.321000,12064,12065,12065,2
2020-01-16,15:01:03.029000,12064,12065,12065,5
2020-01-16,15:01:03.132000,12064,12065,12065,1
2020-01-16,15:01:03.133000,12064,12065,12065,2
2020-01-16,15:01:03.139000,12064,12065,12065,2
2020-01-16,15:01:03.140000,12064,12065,12065,2
2020-01-16,15:01:03.141000,12064,12065,12065,1
2020-01-16,15:01:03.142000,12064,12065,12065,1
2020-01-16,15:01:03.142000,12064,12065,12065,2
2020-01-16,15:01:03.142000,12064,12065,12065,2
2020-01-16,15:01:03.143000,12064,12065,12066,2
2020-01-16,15:01:03.143000,12064,12065,12066,2
2020-01-16,15:01:03.143000,12064,12065,12066,2
2020-01-16,15:01:03.144000,12064,12065,12066,4
2020-01-16,15:01:03.144000,12064,12065,12066,2
2020-01-16,15:01:03.144000,12064,12065,12066,7
2020-01-16,15:01:03.145000,12064,12065,12066,2
2020-01-16,15:01:03.250000,12065,12066,12066,1
2020-01-16,15:01:03.250000,12065,12066,12066,1
2020-01-16,15:01:03.603000,12065,12066,12065,1
2020-01-16,15:01:04.143000,12065,12066,12066,1
2020-01-16,15:01:04.531000,12066,12067,12066,1
2020-01-16,15:01:05.364000,12066,12067,12067,3
2020-01-16,15:01:05.523000,12066,12067,12067,2
2020-01-16,15:01:05.763000,12066,12067,12067,2
2020-01-16,15:01:06.600000,12066,12067,12067,2
2020-01-16,15:01:08.130000,12066,12067,12066,12
2020-01-16,15:01:08.130000,12066,12067,12065,4
2020-01-16,15:01:08.583000,12065,12067,12067,1
2020-01-16,15:01:08.645000,12065,12067,12067,2
2020-01-16,15:01:10.166000,12065,12067,12067,5
2020-01-16,15:01:10.401000,12066,12067,12067,2
2020-01-16,15:01:11.165000,12066,12067,12066,1
2020-01-16,15:01:11.902000,12066,12067,12067,3
2020-01-16,15:01:11.902000,12066,12067,12068,7
2020-01-16,15:01:13.621000,12066,12067,12067,2
2020-01-16,15:01:15.442000,12067,12068,12068,10
2020-01-16,15:01:15.705000,12067,12068,12068,5
2020-01-16,15:01:17.208000,12067,12068,12067,5
2020-01-16,15:01:17.459000,12067,12068,12067,1
2020-01-16,15:01:17.971000,12067,12068,12067,1
2020-01-16,15:01:18.439000,12067,12068,12067,1
2020-01-16,15:01:20.679000,12067,12068,12068,5
2020-01-16,15:01:20.910000,12067,12068,12067,5
2020-01-16,15:01:20.980000,12067,12068,12068,1
2020-01-16,15:01:21.814000,12067,12068,12067,5
2020-01-16,15:01:22.656000,12067,12068,12068,2
2020-01-16,15:01:23.591000,12067,12068,12068,11
2020-01-16,15:01:24.423000,12068,12069,12068,3
2020-01-16,15:01:24.839000,12068,12069,12068,2
2020-01-16,15:01:26.732000,12068,12069,12068,1
2020-01-16,15:01:27.431000,12068,12069,12068,20
2020-01-16,15:01:27.432000,12068,12069,12068,1
2020-01-16,15:01:27.604000,12067,12068,12068,1
2020-01-16,15:01:27.646000,12067,12068,12068,1
2020-01-16,15:01:29.444000,12067,12068,12068,5
2020-01-16,15:01:30.243000,12067,12068,12067,1
2020-01-16,15:01:30.794000,12067,12068,12067,1
2020-01-16,15:01:31.366000,12067,12068,12068,10
2020-01-16,15:01:32.545000,12067,12068,12067,1
2020-01-16,15:01:32.781000,12067,12068,12067,3
2020-01-16,15:01:34.302000,12067,12068,12067,5
2020-01-16,15:01:35.699000,12066,12067,12066,2
2020-01-16,15:01:36.020000,12066,12067,12066,3
2020-01-16,15:01:36.734000,12066,12067,12067,6
2020-01-16,15:01:39.338000,12066,12067,12067,1
2020-01-16,15:01:43.550000,12066,12067,12066,1
2020-01-16,15:01:44.862000,12066,12067,12067,1
2020-01-16,15:01:44.905000,12066,12067,12067,10
2020-01-16,15:01:45.613000,12066,12067,12067,5
2020-01-16,15:01:45.912000,12067,12068,12067,1
2020-01-16,15:01:47.189000,12067,12068,12067,1
2020-01-16,15:01:48.072000,12067,12068,12067,1
2020-01-16,15:01:52.440000,12067,12068,12067,1
2020-01-16,15:01:52.453000,12067,12068,12067,1
2020-01-16,15:01:52.900000,12067,12068,12067,6
2020-01-16,15:01:53.130000,12066,12068,12068,4
2020-01-16,15:01:53.942000,12067,12068,12068,6
2020-01-16,15:01:56.829000,12067,12068,12067,1
2020-01-16,15:01:57.735000,12067,12068,12068,1
2020-01-16,15:01:57.919000,12067,12068,12068,5
2020-01-16,15:01:58.015000,12067,12068,12068,10
2020-01-16,15:01:58.124000,12067,12068,12068,12
2020-01-16,15:01:58.125000,12067,12068,12068,1
2020-01-16,15:01:59.120000,12068,12069,12068,2
2020-01-16,15:01:59.857000,12068,12069,12069,4
2020-01-16,15:01:59.858000,12068,12069,12069,12
2020-01-16,15:01:59.860000,12068,12069,12069,1
2020-01-16,15:01:59.939000,12068,12069,12068,1
2020-01-16,15:02:00.149000,12068,12069,12069,2
2020-01-16,15:02:00.234000,12068,12069,12069,2
2020-01-16,15:02:00.403000,12068,12069,12069,4
2020-01-16,15:02:00.432000,12068,12069,12069,2
2020-01-16,15:02:03.216000,12068,12069,12068,4
2020-01-16,15:02:04.445000,12068,12069,12069,5
2020-01-16,15:02:04.729000,12068,12069,12069,1
2020-01-16,15:02:04.741000,12068,12069,12068,2
2020-01-16,15:02:04.969000,12068,12069,12069,1
2020-01-16,15:02:05.902000,12068,12069,12068,1
2020-01-16,15:02:08.717000,12068,12069,12068,1
2020-01-16,15:02:08.922000,12068,12069,12069,1
2020-01-16,15:02:09.887000,12068,12069,12068,1
2020-01-16,15:02:10.126000,12068,12069,12069,5
2020-01-16,15:02:11.841000,12068,12069,12069,1
2020-01-16,15:02:13.193000,12068,12069,12069,1
2020-01-16,15:02:13.802000,12068,12069,12069,5
2020-01-16,15:02:14.849000,12068,12069,12069,40
2020-01-16,15:02:15.015000,12069,12070,12070,3
2020-01-16,15:02:15.505000,12069,12070,12070,1
2020-01-16,15:02:15.891000,12069,12070,12069,1
2020-01-16,15:02:16.352000,12069,12070,12070,1
2020-01-16,15:02:16.802000,12069,12070,12070,1
2020-01-16,15:02:19.156000,12069,12070,12070,4
2020-01-16,15:02:21.705000,12069,12070,12070,2
2020-01-16,15:02:22.023000,12069,12070,12070,2
2020-01-16,15:02:22.692000,12069,12070,12070,5
2020-01-16,15:02:23.318000,12069,12070,12070,2
2020-01-16,15:02:23.420000,12069,12070,12070,2
2020-01-16,15:02:23.812000,12069,12070,12069,1
2020-01-16,15:02:24.266000,12069,12070,12070,1
2020-01-16,15:02:26.488000,12069,12070,12070,1
2020-01-16,15:02:26.846000,12069,12070,12070,15
2020-01-16,15:02:27.480000,12069,12070,12070,1
2020-01-16,15:02:27.608000,12069,12070,12070,5
2020-01-16,15:02:27.640000,12069,12070,12070,14
2020-01-16,15:02:28.236000,12069,12070,12070,1
2020-01-16,15:02:28.779000,12069,12070,12070,1
2020-01-16,15:02:30.502000,12069,12070,12070,5
2020-01-16,15:02:30.834000,12069,12070,12069,1
2020-01-16,15:02:31.101000,12069,12070,12069,1
2020-01-16,15:02:31.828000,12069,12070,12070,1
2020-01-16,15:02:32.396000,12069,12070,12069,2
2020-01-16,15:02:32.479000,12069,12070,12069,4
2020-01-16,15:02:33.983000,12069,12070,12070,1
2020-01-16,15:02:34.967000,12069,12070,12070,5
2020-01-16,15:02:35.101000,12069,12070,12070,5
2020-01-16,15:02:36.769000,12069,12070,12069,3
2020-01-16,15:02:37.537000,12069,12070,12070,4
2020-01-16,15:02:40.068000,12069,12070,12069,3
2020-01-16,15:02:40.387000,12069,12070,12070,1
2020-01-16,15:02:41.773000,12069,12070,12070,1
2020-01-16,15:02:43.541000,12069,12070,12069,1
2020-01-16,15:02:43.941000,12069,12070,12069,5
2020-01-16,15:02:44.092000,12069,12070,12070,1
2020-01-16,15:02:44.536000,12069,12070,12070,1
2020-01-16,15:02:47.982000,12069,12070,12069,3
2020-01-16,15:02:48.757000,12069,12070,12070,1
2020-01-16,15:02:48.869000,12069,12070,12069,1
2020-01-16,15:02:48.869000,12069,12070,12069,3
2020-01-16,15:02:48.869000,12069,12070,12069,3
2020-01-16,15:02:49.272000,12068,12069,12069,2
2020-01-16,15:02:51.841000,12068,12069,12069,1
2020-01-16,15:02:53.541000,12068,12069,12068,1
2020-01-16,15:02:56.455000,12068,12069,12069,3
2020-01-16,15:02:59.383000,12068,12069,12069,10
2020-01-16,15:02:59.448000,12068,12069,12070,1
2020-01-16,15:03:00.633000,12068,12069,12069,5
2020-01-16,15:03:01.825000,12068,12069,12069,4
2020-01-16,15:03:01.915000,12069,12070,12069,1
2020-01-16,15:03:02.912000,12068,12069,12069,1
2020-01-16,15:03:03.301000,12068,12069,12068,1
2020-01-16,15:03:03.607000,12068,12069,12069,1
2020-01-16,15:03:05.965000,12068,12069,12069,2
2020-01-16,15:03:07.298000,12068,12069,12069,1
2020-01-16,15:03:09.750000,12068,12069,12069,1
2020-01-16,15:03:10.336000,12068,12069,12069,5
2020-01-16,15:03:10.535000,12068,12069,12069,1
2020-01-16,15:03:12.015000,12068,12069,12069,5
2020-01-16,15:03:12.935000,12068,12069,12069,1
2020-01-16,15:03:13.274000,12068,12069,12069,2
2020-01-16,15:03:14.134000,12068,12069,12069,1
2020-01-16,15:03:16.530000,12068,12069,12069,5
2020-01-16,15:03:20.028000,12068,12069,12069,6
2020-01-16,15:03:20.028000,12068,12069,12070,4
2020-01-16,15:03:20.293000,12069,12070,12069,1
2020-01-16,15:03:21.141000,12069,12070,12069,1
2020-01-16,15:03:22.310000,12068,12070,12070,2
2020-01-16,15:03:22.667000,12069,12070,12069,1
2020-01-16,15:03:27.016000,12069,12070,12069,5
2020-01-16,15:03:28.896000,12068,12069,12069,1
2020-01-16,15:03:29.128000,12069,12070,12069,1
2020-01-16,15:03:29.766000,12068,12069,12069,4
2020-01-16,15:03:30.875000,12069,12070,12069,1
2020-01-16,15:03:31.592000,12068,12069,12068,1
2020-01-16,15:03:31.900000,12068,12069,12069,5
2020-01-16,15:03:33.549000,12068,12069,12069,1
2020-01-16,15:03:34.275000,12068,12069,12068,1
2020-01-16,15:03:41.889000,12068,12069,12068,26
2020-01-16,15:03:42.389000,12067,12068,12067,2
2020-01-16,15:03:42.557000,12067,12068,12068,1
2020-01-16,15:03:43.675000,12067,12068,12068,1
2020-01-16,15:03:47.175000,12067,12068,12068,2
2020-01-16,15:03:48.862000,12067,12068,12067,3
2020-01-16,15:03:48.933000,12067,12068,12068,1
2020-01-16,15:03:50.344000,12067,12068,12068,1
2020-01-16,15:03:52.339000,12067,12068,12067,1
2020-01-16,15:03:52.431000,12067,12068,12068,3
2020-01-16,15:03:52.949000,12067,12068,12068,1
2020-01-16,15:03:56.010000,12067,12068,12068,15
2020-01-16,15:03:58.375000,12067,12068,12067,2
2020-01-16,15:04:00.092000,12067,12068,12068,2
2020-01-16,15:04:00.100000,12067,12068,12068,1
2020-01-16,15:04:00.124000,12067,12068,12068,3
2020-01-16,15:04:00.129000,12067,12068,12068,2
2020-01-16,15:04:00.129000,12067,12068,12069,1
2020-01-16,15:04:00.139000,12067,12068,12069,1
2020-01-16,15:04:00.141000,12067,12068,12069,1
2020-01-16,15:04:00.143000,12067,12068,12069,1
2020-01-16,15:04:00.147000,12067,12068,12069,1
2020-01-16,15:04:00.156000,12067,12068,12068,1
2020-01-16,15:04:00.161000,12067,12068,12069,1
2020-01-16,15:04:00.171000,12067,12068,12069,2
2020-01-16,15:04:00.273000,12067,12068,12067,1
2020-01-16,15:04:00.287000,12067,12068,12069,2
2020-01-16,15:04:02.268000,12067,12068,12068,1
2020-01-16,15:04:03.675000,12067,12068,12068,1
2020-01-16,15:04:03.925000,12067,12068,12068,1
2020-01-16,15:04:04.016000,12068,12069,12068,4
2020-01-16,15:04:04.535000,12068,12069,12068,1
2020-01-16,15:04:05.037000,12067,12068,12068,1
2020-01-16,15:04:09.170000,12068,12069,12068,1
2020-01-16,15:04:09.375000,12068,12069,12069,1
2020-01-16,15:04:10.062000,12068,12069,12068,1
2020-01-16,15:04:11.018000,12068,12069,12068,1
2020-01-16,15:04:13.328000,12067,12068,12068,2
2020-01-16,15:04:16.259000,12067,12068,12068,2
2020-01-16,15:04:16.345000,12067,12068,12068,1
2020-01-16,15:04:16.877000,12067,12068,12067,1
2020-01-16,15:04:17.957000,12067,12068,12068,1
2020-01-16,15:04:22.078000,12067,12068,12067,5
2020-01-16,15:04:25.899000,12067,12068,12067,2
2020-01-16,15:04:28.197000,12067,12068,12067,1
2020-01-16,15:04:28.250000,12067,12068,12067,1
2020-01-16,15:04:28.390000,12067,12068,12067,3
2020-01-16,15:04:28.855000,12066,12067,12067,1
2020-01-16,15:04:30.398000,12067,12068,12067,1
2020-01-16,15:04:31.537000,12067,12068,12067,1
2020-01-16,15:04:31.893000,12066,12067,12067,2
2020-01-16,15:04:36.441000,12066,12067,12067,1
2020-01-16,15:04:37.699000,12066,12067,12067,2
2020-01-16,15:04:38.181000,12066,12067,12067,1
2020-01-16,15:04:39.498000,12067,12068,12067,1
2020-01-16,15:04:42.162000,12067,12068,12067,1
2020-01-16,15:04:42.330000,12066,12067,12067,1
2020-01-16,15:04:42.623000,12066,12067,12067,2
2020-01-16,15:04:42.903000,12066,12067,12067,1
2020-01-16,15:04:45.751000,12066,12067,12067,3
2020-01-16,15:04:46.993000,12066,12067,12067,2
2020-01-16,15:04:47.234000,12067,12068,12067,1
2020-01-16,15:04:50.483000,12067,12068,12067,1
2020-01-16,15:04:50.695000,12067,12068,12067,1
2020-01-16,15:04:52.653000,12067,12068,12067,1
2020-01-16,15:04:55.773000,12067,12068,12067,2
2020-01-16,15:04:55.874000,12067,12068,12067,2
2020-01-16,15:04:56.019000,12066,12068,12067,1
2020-01-16,15:05:03.835000,12066,12067,12067,3
2020-01-16,15:05:04.972000,12066,12067,12067,1
2020-01-16,15:05:05.509000,12066,12067,12067,1
2020-01-16,15:05:10.060000,12066,12067,12067,4
2020-01-16,15:05:11.790000,12066,12067,12067,3
2020-01-16,15:05:15.660000,12066,12067,12067,2
2020-01-16,15:05:15.980000,12066,12067,12067,1
2020-01-16,15:05:19.654000,12066,12067,12067,1
2020-01-16,15:05:24.258000,12066,12067,12066,13
2020-01-16,15:05:25.014000,12065,12066,12066,1
2020-01-16,15:05:26.747000,12065,12066,12065,20
2020-01-16,15:05:27.534000,12065,12066,12065,1
2020-01-16,15:05:30.343000,12065,12066,12065,7
2020-01-16,15:05:30.628000,12064,12066,12064,1
2020-01-16,15:05:31.224000,12064,12066,12064,1
2020-01-16,15:05:33.974000,12064,12065,12065,1
2020-01-16,15:05:34.584000,12064,12065,12064,5
2020-01-16,15:05:35.393000,12064,12065,12064,10
2020-01-16,15:05:35.409000,12064,12065,12064,5
2020-01-16,15:05:35.409000,12064,12065,12063,5
2020-01-16,15:05:35.500000,12064,12065,12064,2
2020-01-16,15:05:35.546000,12064,12065,12063,10
2020-01-16,15:05:35.903000,12063,12064,12063,10
2020-01-16,15:05:36.663000,12063,12064,12063,3
2020-01-16,15:05:36.781000,12063,12064,12063,1
2020-01-16,15:05:37.477000,12063,12064,12064,5
2020-01-16,15:05:38.013000,12063,12064,12064,1
2020-01-16,15:05:38.635000,12063,12064,12064,1
2020-01-16,15:05:38.875000,12063,12064,12064,1
2020-01-16,15:05:39.053000,12063,12064,12064,1
2020-01-16,15:05:39.059000,12063,12064,12063,20
2020-01-16,15:05:39.104000,12063,12064,12063,2
2020-01-16,15:05:39.124000,12062,12063,12063,2
2020-01-16,15:05:43.148000,12062,12063,12062,4
2020-01-16,15:05:43.306000,12062,12063,12062,5
2020-01-16,15:05:43.374000,12062,12063,12062,4
2020-01-16,15:05:43.379000,12062,12063,12062,4
2020-01-16,15:05:43.499000,12062,12063,12062,3
2020-01-16,15:05:43.624000,12062,12063,12062,2
2020-01-16,15:05:43.886000,12062,12063,12062,1
2020-01-16,15:05:44.125000,12061,12062,12062,1
2020-01-16,15:05:44.131000,12061,12062,12061,1
2020-01-16,15:05:44.191000,12061,12062,12061,5
2020-01-16,15:05:44.321000,12061,12062,12061,1
2020-01-16,15:05:44.711000,12061,12062,12061,1
2020-01-16,15:05:45.279000,12061,12062,12061,1
2020-01-16,15:05:45.682000,12061,12062,12061,1
2020-01-16,15:05:45.702000,12061,12062,12061,2
2020-01-16,15:05:45.903000,12061,12062,12061,1
2020-01-16,15:05:46.143000,12061,12062,12061,1
2020-01-16,15:05:46.272000,12061,12062,12061,1
2020-01-16,15:05:46.683000,12061,12062,12061,1
2020-01-16,15:05:46.780000,12060,12062,12061,1
2020-01-16,15:05:46.933000,12060,12062,12061,1
2020-01-16,15:05:46.933000,12060,12062,12060,4
2020-01-16,15:05:46.980000,12060,12062,12061,1
2020-01-16,15:05:47.040000,12060,12062,12060,3
2020-01-16,15:05:47.046000,12060,12062,12060,1
2020-01-16,15:05:47.218000,12060,12062,12060,5
2020-01-16,15:05:47.698000,12060,12061,12061,1
2020-01-16,15:05:47.854000,12060,12061,12060,2
2020-01-16,15:05:48.164000,12060,12061,12060,2
2020-01-16,15:05:48.248000,12060,12061,12061,1
2020-01-16,15:05:48.279000,12060,12061,12060,1
2020-01-16,15:05:49.538000,12060,12061,12061,1
2020-01-16,15:05:49.616000,12060,12061,12060,3
2020-01-16,15:05:49.625000,12059,12060,12060,1
2020-01-16,15:05:49.625000,12059,12060,12060,1
2020-01-16,15:05:51.117000,12060,12061,12060,2
2020-01-16,15:05:51.243000,12060,12061,12060,1
2020-01-16,15:05:51.588000,12060,12061,12060,3
2020-01-16,15:05:52.253000,12060,12061,12060,1
2020-01-16,15:05:53.431000,12060,12061,12061,1
2020-01-16,15:05:55.995000,12060,12061,12060,1
2020-01-16,15:05:56.288000,12060,12061,12060,1
2020-01-16,15:05:56.676000,12060,12061,12060,1
2020-01-16,15:05:59.251000,12059,12060,12060,2
2020-01-16,15:05:59.901000,12060,12061,12060,1
2020-01-16,15:06:00.088000,12060,12061,12061,1
2020-01-16,15:06:00.263000,12060,12061,12061,1
2020-01-16,15:06:00.418000,12060,12061,12061,1
2020-01-16,15:06:00.432000,12060,12061,12061,2
2020-01-16,15:06:02.392000,12060,12061,12060,1
2020-01-16,15:06:05.375000,12060,12061,12061,20
2020-01-16,15:06:05.630000,12061,12062,12061,1
2020-01-16,15:06:06.100000,12061,12062,12061,1
2020-01-16,15:06:06.275000,12061,12062,12062,2
2020-01-16,15:06:07.167000,12061,12063,12063,1
2020-01-16,15:06:08.173000,12061,12063,12063,1
2020-01-16,15:06:10.542000,12062,12063,12063,3
2020-01-16,15:06:10.967000,12062,12063,12063,1
2020-01-16,15:06:11.010000,12062,12063,12063,4
2020-01-16,15:06:11.026000,12062,12063,12063,3
2020-01-16,15:06:12.446000,12063,12064,12063,1
2020-01-16,15:06:15.045000,12063,12064,12064,3
2020-01-16,15:06:15.522000,12063,12064,12064,1
2020-01-16,15:06:17.706000,12063,12064,12063,1
2020-01-16,15:06:18.441000,12063,12064,12064,1
2020-01-16,15:06:21.707000,12063,12064,12063,1
2020-01-16,15:06:21.899000,12063,12064,12063,1
2020-01-16,15:06:23.360000,12063,12064,12064,4
2020-01-16,15:06:23.878000,12063,12064,12064,3
2020-01-16,15:06:24.427000,12063,12064,12064,2
2020-01-16,15:06:24.499000,12064,12065,12064,1
2020-01-16,15:06:24.866000,12064,12065,12064,2
2020-01-16,15:06:25.087000,12064,12065,12065,1
2020-01-16,15:06:26.968000,12064,12065,12064,1
2020-01-16,15:06:28.464000,12064,12065,12064,7
2020-01-16,15:06:28.464000,12064,12065,12064,1
2020-01-16,15:06:28.464000,12064,12065,12064,2
2020-01-16,15:06:28.787000,12064,12065,12064,3
2020-01-16,15:06:28.787000,12064,12065,12063,4
2020-01-16,15:06:30.895000,12063,12064,12064,1
2020-01-16,15:06:32.137000,12064,12065,12064,1
2020-01-16,15:06:33.730000,12064,12065,12064,1
2020-01-16,15:06:35.052000,12064,12065,12064,6
2020-01-16,15:06:35.052000,12064,12065,12063,19
2020-01-16,15:06:40.659000,12063,12064,12063,1
2020-01-16,15:06:41.802000,12063,12064,12063,1
2020-01-16,15:06:46.049000,12063,12064,12063,10
2020-01-16,15:06:46.049000,12063,12064,12062,5
2020-01-16,15:06:46.092000,12063,12064,12063,1
2020-01-16,15:06:47.428000,12062,12063,12063,1
2020-01-16,15:06:50.126000,12062,12063,12063,1
2020-01-16,15:06:50.426000,12062,12063,12063,1
2020-01-16,15:06:54.211000,12062,12063,12062,1
2020-01-16,15:06:57.830000,12062,12063,12063,1
2020-01-16,15:06:58.237000,12062,12063,12063,1
2020-01-16,15:07:00.351000,12062,12063,12062,8
2020-01-16,15:07:00.351000,12062,12063,12061,7
2020-01-16,15:07:00.408000,12061,12062,12062,1
2020-01-16,15:07:00.672000,12061,12062,12061,9
2020-01-16,15:07:00.672000,12061,12062,12060,16
2020-01-16,15:07:00.935000,12060,12061,12060,15
2020-01-16,15:07:00.935000,12060,12061,12059,10
2020-01-16,15:07:01.142000,12059,12060,12060,1
2020-01-16,15:07:01.576000,12059,12060,12059,2
2020-01-16,15:07:03.388000,12058,12059,12059,1
2020-01-16,15:07:09.033000,12058,12059,12059,1
2020-01-16,15:07:09.474000,12058,12059,12058,4
2020-01-16,15:07:10.668000,12058,12059,12059,1
2020-01-16,15:07:11.655000,12058,12059,12059,2
2020-01-16,15:07:12.042000,12058,12059,12059,2
2020-01-16,15:07:12.841000,12058,12059,12058,5
2020-01-16,15:07:13.713000,12058,12059,12058,1
2020-01-16,15:07:14.682000,12058,12059,12058,1
2020-01-16,15:07:15.075000,12058,12059,12058,1
2020-01-16,15:07:16.617000,12058,12059,12058,1
2020-01-16,15:07:16.899000,12058,12059,12058,2
2020-01-16,15:07:17.546000,12058,12059,12058,1
2020-01-16,15:07:17.588000,12058,12059,12058,3
2020-01-16,15:07:18.350000,12058,12059,12058,1
2020-01-16,15:07:18.751000,12057,12058,12058,1
2020-01-16,15:07:21.217000,12058,12059,12059,4
2020-01-16,15:07:21.897000,12058,12059,12059,6
2020-01-16,15:07:24.117000,12059,12060,12059,1
2020-01-16,15:07:25.597000,12059,12060,12059,3
2020-01-16,15:07:25.646000,12059,12060,12059,1
2020-01-16,15:07:26.539000,12059,12060,12059,1
2020-01-16,15:07:26.539000,12059,12060,12058,1
2020-01-16,15:07:27.147000,12058,12059,12059,7
2020-01-16,15:07:28.823000,12058,12059,12059,1
2020-01-16,15:07:29.509000,12058,12059,12059,3
2020-01-16,15:07:30.659000,12058,12059,12058,7
2020-01-16,15:07:32.453000,12058,12059,12058,1
2020-01-16,15:07:33.246000,12057,12059,12057,1
2020-01-16,15:07:33.269000,12057,12059,12057,1
2020-01-16,15:07:35.054000,12057,12058,12057,36
2020-01-16,15:07:36.826000,12056,12058,12058,1
2020-01-16,15:07:39.638000,12056,12058,12056,25
2020-01-16,15:07:39.876000,12055,12056,12056,1
2020-01-16,15:07:40,12055,12057,12055,1
2020-01-16,15:07:40.442000,12056,12057,12056,1
2020-01-16,15:07:41.160000,12056,12057,12056,1
2020-01-16,15:07:42.111000,12056,12057,12057,1
2020-01-16,15:07:44.791000,12056,12057,12056,1
2020-01-16,15:07:45.500000,12055,12056,12056,1
2020-01-16,15:07:45.909000,12055,12057,12055,2
2020-01-16,15:07:45.939000,12055,12057,12057,1
2020-01-16,15:07:47.515000,12055,12057,12057,1
2020-01-16,15:07:50.701000,12055,12057,12057,4
2020-01-16,15:07:52.526000,12056,12057,12056,1
2020-01-16,15:07:52.626000,12055,12056,12056,3
2020-01-16,15:07:53.127000,12056,12057,12056,1
2020-01-16,15:07:53.695000,12055,12056,12056,1
2020-01-16,15:07:56.341000,12055,12056,12056,1
2020-01-16,15:07:59.223000,12055,12056,12055,1
2020-01-16,15:08:02.048000,12055,12056,12055,1
2020-01-16,15:08:02.461000,12055,12056,12055,1
2020-01-16,15:08:02.570000,12055,12056,12056,1
2020-01-16,15:08:03.237000,12055,12056,12055,1
2020-01-16,15:08:03.630000,12055,12056,12055,5
2020-01-16,15:08:04.775000,12055,12056,12055,1
2020-01-16,15:08:05.556000,12055,12056,12056,1
2020-01-16,15:08:06.126000,12055,12056,12055,1
2020-01-16,15:08:10.122000,12055,12056,12055,1
2020-01-16,15:08:10.922000,12055,12056,12056,3
2020-01-16,15:08:11.186000,12055,12056,12055,4
2020-01-16,15:08:11.289000,12055,12056,12055,1
2020-01-16,15:08:13.124000,12055,12056,12055,2
2020-01-16,15:08:13.249000,12055,12056,12055,1
2020-01-16,15:08:13.774000,12055,12056,12055,1
2020-01-16,15:08:14.198000,12055,12056,12055,1
2020-01-16,15:08:15.048000,12055,12056,12056,2
2020-01-16,15:08:15.055000,12055,12056,12055,1
2020-01-16,15:08:17.481000,12055,12056,12055,2
2020-01-16,15:08:20.817000,12055,12056,12055,2
2020-01-16,15:08:20.832000,12055,12056,12055,2
2020-01-16,15:08:21.161000,12055,12056,12055,1
2020-01-16,15:08:22.764000,12055,12056,12055,1
2020-01-16,15:08:28.018000,12055,12056,12055,1
2020-01-16,15:08:33.020000,12055,12056,12055,2
2020-01-16,15:08:36.536000,12055,12056,12056,4
2020-01-16,15:08:40.710000,12055,12056,12056,1
2020-01-16,15:08:42.068000,12055,12056,12056,5
2020-01-16,15:08:42.124000,12055,12056,12056,9
2020-01-16,15:08:43.932000,12056,12057,12056,3
2020-01-16,15:08:50.162000,12056,12057,12057,1
2020-01-16,15:08:53.442000,12056,12057,12057,1
2020-01-16,15:08:54.239000,12056,12057,12057,1
2020-01-16,15:09:01.051000,12056,12057,12057,1
2020-01-16,15:09:02.375000,12056,12057,12057,5
2020-01-16,15:09:03.073000,12057,12058,12057,1
2020-01-16,15:09:06.105000,12057,12058,12057,3
2020-01-16,15:09:10.410000,12057,12058,12058,1
2020-01-16,15:09:10.459000,12057,12058,12057,1
2020-01-16,15:09:11.847000,12057,12058,12058,1
2020-01-16,15:09:13.641000,12057,12058,12058,2
2020-01-16,15:09:15.642000,12057,12058,12058,5
2020-01-16,15:09:19.024000,12057,12058,12058,1
2020-01-16,15:09:19.674000,12057,12058,12058,2
2020-01-16,15:09:21.523000,12058,12059,12059,1
2020-01-16,15:09:23.884000,12058,12059,12059,1
2020-01-16,15:09:27.655000,12058,12059,12059,1
2020-01-16,15:09:28.816000,12058,12059,12059,1
2020-01-16,15:09:33.661000,12058,12059,12059,1
2020-01-16,15:09:48.741000,12058,12059,12058,10
2020-01-16,15:09:50.128000,12057,12058,12057,1
2020-01-16,15:09:57.069000,12057,12058,12057,1
2020-01-16,15:10:03.006000,12057,12058,12058,1
2020-01-16,15:10:04.412000,12057,12058,12058,3
2020-01-16,15:10:08.335000,12057,12058,12058,3
2020-01-16,15:10:09.932000,12057,12058,12057,1
2020-01-16,15:10:14.572000,12057,12058,12057,20
2020-01-16,15:10:15.914000,12056,12057,12056,1
2020-01-16,15:10:18.622000,12056,12057,12056,2
2020-01-16,15:10:22.066000,12056,12057,12056,1
2020-01-16,15:10:23.737000,12056,12057,12056,40
2020-01-16,15:10:23.749000,12056,12057,12056,3
2020-01-16,15:10:23.749000,12056,12057,12056,6
2020-01-16,15:10:23.750000,12056,12057,12056,11
2020-01-16,15:10:25.484000,12055,12056,12056,1
2020-01-16,15:10:27.690000,12055,12056,12056,1
2020-01-16,15:10:28.896000,12055,12056,12056,1
2020-01-16,15:10:31.448000,12055,12056,12055,1
2020-01-16,15:10:33.475000,12055,12056,12056,1
2020-01-16,15:10:38.052000,12055,12056,12056,1
2020-01-16,15:10:38.125000,12055,12056,12056,2
2020-01-16,15:10:39.313000,12056,12057,12056,1
2020-01-16,15:10:39.375000,12055,12056,12056,1
2020-01-16,15:10:42.186000,12055,12056,12056,1
2020-01-16,15:10:42.331000,12055,12056,12056,1
2020-01-16,15:10:42.388000,12055,12056,12056,1
2020-01-16,15:10:43.280000,12055,12056,12056,1
2020-01-16,15:10:43.667000,12055,12056,12056,3
2020-01-16,15:10:44.697000,12056,12057,12056,2
2020-01-16,15:10:44.750000,12055,12056,12056,1
2020-01-16,15:10:46.665000,12056,12057,12056,1
2020-01-16,15:10:56.997000,12056,12057,12056,1
2020-01-16,15:10:58.796000,12056,12057,12056,2
2020-01-16,15:11:01.328000,12056,12057,12056,1
2020-01-16,15:11:01.373000,12056,12057,12056,3
2020-01-16,15:11:01.841000,12056,12057,12056,1
2020-01-16,15:11:02.103000,12056,12057,12057,3
2020-01-16,15:11:03.735000,12056,12057,12056,1
2020-01-16,15:11:04.448000,12056,12057,12056,1
2020-01-16,15:11:05.459000,12055,12056,12055,1
2020-01-16,15:11:06.372000,12055,12056,12055,1
2020-01-16,15:11:07.015000,12055,12056,12056,1
2020-01-16,15:11:08.758000,12055,12056,12056,1
2020-01-16,15:11:08.758000,12055,12056,12057,4
2020-01-16,15:11:08.765000,12055,12056,12057,2
2020-01-16,15:11:10.885000,12055,12056,12056,1
2020-01-16,15:11:18.229000,12055,12056,12056,1
2020-01-16,15:11:21.246000,12056,12057,12056,7
2020-01-16,15:11:22.364000,12055,12056,12055,5
2020-01-16,15:11:24.388000,12055,12056,12056,1
2020-01-16,15:11:24.454000,12055,12056,12055,1
2020-01-16,15:11:25.255000,12055,12056,12056,1
2020-01-16,15:11:26.713000,12055,12056,12055,5
2020-01-16,15:11:28.231000,12055,12056,12055,10
2020-01-16,15:11:29.003000,12055,12056,12056,1
2020-01-16,15:11:29.737000,12055,12056,12055,5
2020-01-16,15:11:30.689000,12055,12056,12056,1
2020-01-16,15:11:31.067000,12055,12056,12055,2
2020-01-16,15:11:36.742000,12055,12056,12055,1
2020-01-16,15:11:37.550000,12055,12056,12055,1
2020-01-16,15:11:39.656000,12055,12056,12056,24
2020-01-16,15:11:40.513000,12056,12057,12056,1
2020-01-16,15:11:48.594000,12056,12057,12056,1
2020-01-16,15:11:51.930000,12056,12057,12056,3
2020-01-16,15:11:51.930000,12056,12057,12055,5
2020-01-16,15:11:52.021000,12055,12057,12055,5
2020-01-16,15:11:52.978000,12055,12056,12056,1
2020-01-16,15:11:59.475000,12055,12056,12056,25
2020-01-16,15:11:59.499000,12055,12056,12056,1
2020-01-16,15:11:59.499000,12055,12056,12056,1
2020-01-16,15:11:59.500000,12055,12056,12056,2
2020-01-16,15:12:17.434000,12055,12056,12056,1
2020-01-16,15:12:18.224000,12055,12056,12056,1
2020-01-16,15:12:18.754000,12055,12056,12056,1
2020-01-16,15:12:19.392000,12055,12056,12056,1
2020-01-16,15:12:20.746000,12055,12056,12056,10
2020-01-16,15:12:20.797000,12056,12057,12056,1
2020-01-16,15:12:23.999000,12056,12057,12057,2
2020-01-16,15:12:24.042000,12056,12057,12057,1
2020-01-16,15:12:24.124000,12056,12057,12057,7
2020-01-16,15:12:24.124000,12056,12057,12057,5
2020-01-16,15:12:31.267000,12057,12058,12058,2
2020-01-16,15:12:35.284000,12057,12058,12058,5
2020-01-16,15:12:35.890000,12057,12058,12058,1
2020-01-16,15:12:38.799000,12057,12058,12058,1
2020-01-16,15:12:44.907000,12057,12058,12058,1
2020-01-16,15:12:54.059000,12057,12058,12057,3
2020-01-16,15:13:02.174000,12057,12058,12057,1
2020-01-16,15:13:02.886000,12057,12058,12058,3
2020-01-16,15:13:05.375000,12057,12058,12058,5
2020-01-16,15:13:08.293000,12057,12058,12058,1
2020-01-16,15:13:11.289000,12057,12058,12058,2
2020-01-16,15:13:12.182000,12057,12058,12058,1
2020-01-16,15:13:14.031000,12057,12058,12058,1
2020-01-16,15:13:32.594000,12057,12058,12057,1
2020-01-16,15:13:33.502000,12057,12058,12058,1
2020-01-16,15:13:34.913000,12057,12058,12057,2
2020-01-16,15:13:40.205000,12057,12058,12057,1
2020-01-16,15:13:43.913000,12057,12058,12057,1
2020-01-16,15:13:45.839000,12057,12058,12057,1
2020-01-16,15:14:04.734000,12057,12058,12057,1
2020-01-16,15:14:06.392000,12057,12058,12057,9
2020-01-16,15:14:11.407000,12056,12057,12057,14
2020-01-16,15:14:13.180000,12056,12057,12057,1
2020-01-16,15:14:14.196000,12056,12057,12057,5
2020-01-16,15:14:16.713000,12056,12057,12057,1
2020-01-16,15:14:22.028000,12056,12057,12056,1
2020-01-16,15:14:26.932000,12056,12057,12057,1
2020-01-16,15:14:32.832000,12056,12057,12057,13
2020-01-16,15:14:32.876000,12057,12058,12057,12
2020-01-16,15:14:33.898000,12056,12057,12056,15
2020-01-16,15:14:36.305000,12055,12056,12056,1
2020-01-16,15:14:36.336000,12055,12056,12055,1
2020-01-16,15:14:39.444000,12055,12056,12055,1
2020-01-16,15:14:39.992000,12055,12056,12055,1
2020-01-16,15:14:40.100000,12055,12056,12055,14
2020-01-16,15:14:41.918000,12054,12055,12054,1
2020-01-16,15:14:42.031000,12054,12055,12054,1
2020-01-16,15:14:42.032000,12054,12055,12054,1
2020-01-16,15:14:42.206000,12054,12055,12054,1
2020-01-16,15:14:42.726000,12054,12055,12055,5
2020-01-16,15:14:44.224000,12054,12055,12055,1
2020-01-16,15:14:44.832000,12054,12055,12055,1
2020-01-16,15:14:47.359000,12054,12055,12055,1
2020-01-16,15:14:47.521000,12054,12055,12055,1
2020-01-16,15:14:52.144000,12054,12055,12055,1
2020-01-16,15:14:55.445000,12054,12055,12054,15
2020-01-16,15:14:57.564000,12053,12054,12053,2
2020-01-16,15:14:57.698000,12053,12054,12053,1
2020-01-16,15:14:58.056000,12053,12054,12053,1
2020-01-16,15:14:59.112000,12053,12054,12053,5
2020-01-16,15:14:59.368000,12053,12054,12053,1
2020-01-16,15:15:00.160000,12053,12054,12053,1
2020-01-16,15:15:00.223000,12053,12054,12053,2
2020-01-16,15:15:00.636000,12053,12054,12053,1
2020-01-16,15:15:01.166000,12053,12054,12053,2
2020-01-16,15:15:02.224000,12053,12054,12054,5
2020-01-16,15:15:02.442000,12053,12054,12053,5
2020-01-16,15:15:04.637000,12052,12053,12052,1
2020-01-16,15:15:04.860000,12052,12053,12052,3
2020-01-16,15:15:05.376000,12052,12053,12052,1
2020-01-16,15:15:05.485000,12052,12053,12053,1
2020-01-16,15:15:06.287000,12052,12053,12052,2
2020-01-16,15:15:07.214000,12052,12053,12052,5
2020-01-16,15:15:07.345000,12052,12053,12052,5
2020-01-16,15:15:07.582000,12052,12053,12052,6
2020-01-16,15:15:07.582000,12052,12053,12051,3
2020-01-16,15:15:07.669000,12051,12052,12051,3
2020-01-16,15:15:07.672000,12051,12052,12051,1
2020-01-16,15:15:08.967000,12051,12052,12051,2
2020-01-16,15:15:10.158000,12051,12052,12051,2
2020-01-16,15:15:10.612000,12051,12052,12051,1
2020-01-16,15:15:11.430000,12051,12052,12051,1
2020-01-16,15:15:12.076000,12051,12052,12051,2
2020-01-16,15:15:13.979000,12051,12052,12051,1
2020-01-16,15:15:14.379000,12051,12052,12051,2
2020-01-16,15:15:14.596000,12051,12052,12051,1
2020-01-16,15:15:14.603000,12051,12052,12051,1
2020-01-16,15:15:15.139000,12051,12052,12051,1
2020-01-16,15:15:15.168000,12051,12052,12051,3
2020-01-16,15:15:15.294000,12051,12052,12051,1
2020-01-16,15:15:16.958000,12051,12052,12051,1
2020-01-16,15:15:17.251000,12051,12052,12051,1
2020-01-16,15:15:17.802000,12051,12052,12051,1
2020-01-16,15:15:18.149000,12051,12052,12051,1
2020-01-16,15:15:18.259000,12051,12052,12051,1
2020-01-16,15:15:18.415000,12051,12052,12051,2
2020-01-16,15:15:18.902000,12051,12052,12051,1
2020-01-16,15:15:18.913000,12051,12052,12051,1
2020-01-16,15:15:19.808000,12051,12052,12051,1
2020-01-16,15:15:22.524000,12051,12052,12051,3
2020-01-16,15:15:22.985000,12051,12052,12051,2
2020-01-16,15:15:23.865000,12051,12052,12051,1
2020-01-16,15:15:25.326000,12051,12052,12051,1
2020-01-16,15:15:26.842000,12051,12052,12052,5
2020-01-16,15:15:26.875000,12051,12052,12052,5
2020-01-16,15:15:26.897000,12051,12052,12052,1
2020-01-16,15:15:26.917000,12051,12052,12052,2
2020-01-16,15:15:26.999000,12051,12052,12052,6
2020-01-16,15:15:28.664000,12052,12053,12052,12
2020-01-16,15:15:28.664000,12052,12053,12051,8
2020-01-16,15:15:28.750000,12051,12052,12052,1
2020-01-16,15:15:30.651000,12052,12053,12053,5
2020-01-16,15:15:30.849000,12052,12054,12052,1
2020-01-16,15:15:31.112000,12053,12054,12053,1
2020-01-16,15:15:34.967000,12053,12054,12053,4
2020-01-16,15:15:41.250000,12053,12054,12054,12
2020-01-16,15:15:42.847000,12054,12055,12054,1
2020-01-16,15:15:48.788000,12054,12055,12054,1
2020-01-16,15:15:49.763000,12054,12055,12054,1
2020-01-16,15:15:51.179000,12054,12055,12054,1
2020-01-16,15:15:51.746000,12054,12055,12054,1
2020-01-16,15:15:54.034000,12053,12054,12054,1
2020-01-16,15:15:58.766000,12053,12054,12054,1
2020-01-16,15:16:00.022000,12053,12054,12054,1
2020-01-16,15:16:01.539000,12054,12055,12054,2
2020-01-16,15:16:02.960000,12054,12055,12054,1
2020-01-16,15:16:08.795000,12054,12055,12054,2
2020-01-16,15:16:12.202000,12054,12055,12054,1
2020-01-16,15:16:12.369000,12054,12055,12054,1
2020-01-16,15:16:12.597000,12053,12055,12053,1
2020-01-16,15:16:22.065000,12053,12054,12053,1
2020-01-16,15:16:27.750000,12053,12054,12053,1
2020-01-16,15:16:28.036000,12053,12054,12053,1
2020-01-16,15:16:32.249000,12053,12054,12053,3
2020-01-16,15:16:32.375000,12052,12054,12053,1
2020-01-16,15:16:35.312000,12052,12053,12052,1
2020-01-16,15:16:36.396000,12052,12053,12052,1
2020-01-16,15:16:39.691000,12052,12053,12052,1
2020-01-16,15:16:42.466000,12052,12053,12053,8
2020-01-16,15:16:46.110000,12052,12053,12053,1
2020-01-16,15:16:49.753000,12052,12053,12053,1
2020-01-16,15:16:50.403000,12052,12053,12052,1
2020-01-16,15:16:51.350000,12052,12053,12052,1
2020-01-16,15:16:53.686000,12052,12053,12052,2
2020-01-16,15:16:59.750000,12052,12053,12052,2
2020-01-16,15:17:01.749000,12052,12053,12052,10
2020-01-16,15:17:01.749000,12052,12053,12052,4
2020-01-16,15:17:01.915000,12051,12053,12052,1
2020-01-16,15:17:05.527000,12051,12052,12051,1
2020-01-16,15:17:06.248000,12051,12052,12051,1
2020-01-16,15:17:07.201000,12051,12052,12051,1
2020-01-16,15:17:08.819000,12051,12052,12051,2
2020-01-16,15:17:09.063000,12051,12052,12051,1
2020-01-16,15:17:09.676000,12051,12052,12051,2
2020-01-16,15:17:10.603000,12051,12052,12051,1
2020-01-16,15:17:15.645000,12050,12051,12051,1
2020-01-16,15:17:16.694000,12050,12051,12050,10
2020-01-16,15:17:16.813000,12050,12051,12050,1
2020-01-16,15:17:18.599000,12050,12051,12051,5
2020-01-16,15:17:19.328000,12050,12051,12051,1
2020-01-16,15:17:22.779000,12050,12051,12051,2
2020-01-16,15:17:22.907000,12050,12051,12050,10
2020-01-16,15:17:24.132000,12050,12051,12050,2
2020-01-16,15:17:24.499000,12050,12051,12050,1
2020-01-16,15:17:28.164000,12050,12051,12050,2
2020-01-16,15:17:30.844000,12050,12051,12050,1
2020-01-16,15:17:37.136000,12050,12051,12050,1
2020-01-16,15:17:37.947000,12050,12051,12050,1
2020-01-16,15:17:38.750000,12050,12051,12050,1
2020-01-16,15:17:43.358000,12050,12051,12051,4
2020-01-16,15:17:44.186000,12050,12051,12051,6
2020-01-16,15:17:44.249000,12050,12051,12051,2
2020-01-16,15:17:44.428000,12051,12052,12051,1
2020-01-16,15:17:50.157000,12051,12052,12051,1
2020-01-16,15:17:52.977000,12051,12052,12051,1
2020-01-16,15:17:53.278000,12051,12052,12052,5
2020-01-16,15:18:00.084000,12052,12053,12053,1
2020-01-16,15:18:00.414000,12052,12053,12053,1
2020-01-16,15:18:00.418000,12052,12053,12053,2
2020-01-16,15:18:00.895000,12052,12053,12053,1
2020-01-16,15:18:04.094000,12052,12053,12053,5
2020-01-16,15:18:04.961000,12052,12053,12053,1
2020-01-16,15:18:06.293000,12052,12053,12053,3
2020-01-16,15:18:09.932000,12053,12054,12054,2
2020-01-16,15:18:10.004000,12053,12054,12053,1
2020-01-16,15:18:17.220000,12053,12054,12053,2
2020-01-16,15:18:18.792000,12053,12054,12054,2
2020-01-16,15:18:19.074000,12053,12054,12054,2
2020-01-16,15:18:30.120000,12054,12055,12054,1
2020-01-16,15:18:31.302000,12054,12055,12055,5
2020-01-16,15:18:31.864000,12054,12055,12055,8
2020-01-16,15:18:31.990000,12054,12055,12054,1
2020-01-16,15:18:36.703000,12054,12055,12054,1
2020-01-16,15:18:40.682000,12054,12055,12055,1
2020-01-16,15:18:43.900000,12054,12055,12054,1
2020-01-16,15:18:57.547000,12054,12055,12055,1
2020-01-16,15:19:00.498000,12054,12055,12055,1
2020-01-16,15:19:00.656000,12054,12055,12055,5
2020-01-16,15:19:01.145000,12054,12055,12055,2
2020-01-16,15:19:01.745000,12054,12055,12055,1
2020-01-16,15:19:02.326000,12054,12055,12055,1
2020-01-16,15:19:02.621000,12054,12055,12055,2
2020-01-16,15:19:04.293000,12054,12055,12055,2
2020-01-16,15:19:04.755000,12054,12055,12055,1
2020-01-16,15:19:06.079000,12054,12055,12055,1
2020-01-16,15:19:06.680000,12054,12055,12055,1
2020-01-16,15:19:12.004000,12054,12055,12055,1
2020-01-16,15:19:21.586000,12054,12055,12054,1
2020-01-16,15:19:22.195000,12054,12055,12055,1
2020-01-16,15:19:28.922000,12054,12055,12055,4
2020-01-16,15:19:46.835000,12054,12055,12054,13
2020-01-16,15:20:11.499000,12053,12054,12054,1
2020-01-16,15:20:16.720000,12053,12054,12054,1
2020-01-16,15:20:16.881000,12053,12054,12053,1
2020-01-16,15:20:20.623000,12053,12054,12054,1
2020-01-16,15:20:20.623000,12053,12054,12054,1
2020-01-16,15:20:20.623000,12053,12054,12054,1
2020-01-16,15:20:20.623000,12053,12054,12054,1
2020-01-16,15:20:20.624000,12053,12054,12054,2
2020-01-16,15:20:20.625000,12053,12054,12054,11
2020-01-16,15:20:21.011000,12054,12055,12054,1
2020-01-16,15:20:24.407000,12054,12055,12055,1
2020-01-16,15:20:31.624000,12054,12055,12055,8
2020-01-16,15:20:31.749000,12054,12055,12055,6
2020-01-16,15:20:32.523000,12055,12056,12056,2
2020-01-16,15:20:32.926000,12055,12056,12056,1
2020-01-16,15:20:34.486000,12056,12057,12057,2
2020-01-16,15:20:34.548000,12056,12057,12056,1
2020-01-16,15:20:34.910000,12056,12057,12057,1
2020-01-16,15:20:34.977000,12056,12057,12057,1
2020-01-16,15:20:35.094000,12056,12057,12057,2
2020-01-16,15:20:35.128000,12056,12057,12057,1
2020-01-16,15:20:35.270000,12056,12057,12057,1
2020-01-16,15:20:35.375000,12056,12057,12057,1
2020-01-16,15:20:35.375000,12056,12057,12057,4
2020-01-16,15:20:38.626000,12057,12058,12058,9
2020-01-16,15:20:39.162000,12057,12059,12059,2
2020-01-16,15:20:39.626000,12058,12059,12058,2
2020-01-16,15:20:39.638000,12058,12059,12059,1
2020-01-16,15:20:39.811000,12058,12059,12058,1
2020-01-16,15:20:40.106000,12058,12059,12059,1
2020-01-16,15:20:45.407000,12057,12059,12059,1
2020-01-16,15:20:50.876000,12058,12059,12058,1
2020-01-16,15:20:55.878000,12057,12058,12057,5
2020-01-16,15:20:59.363000,12056,12057,12057,1
2020-01-16,15:21:05.294000,12056,12057,12056,1
2020-01-16,15:21:05.749000,12056,12057,12056,4
2020-01-16,15:21:05.875000,12055,12056,12056,1
2020-01-16,15:21:06.848000,12055,12057,12057,1
2020-01-16,15:21:12.523000,12056,12057,12057,6
2020-01-16,15:21:20.891000,12057,12058,12057,1
2020-01-16,15:21:22.606000,12057,12058,12057,1
2020-01-16,15:21:24.676000,12057,12058,12057,1
2020-01-16,15:21:29.170000,12057,12058,12058,1
2020-01-16,15:21:29.648000,12057,12058,12058,7
2020-01-16,15:21:29.750000,12057,12058,12058,2
2020-01-16,15:21:30.126000,12058,12059,12058,1
2020-01-16,15:21:36,12058,12059,12058,9
2020-01-16,15:21:39.863000,12058,12059,12058,3
2020-01-16,15:21:40.427000,12058,12059,12058,1
2020-01-16,15:21:49.509000,12058,12059,12059,1
2020-01-16,15:21:51.567000,12058,12059,12059,36
2020-01-16,15:21:51.567000,12058,12059,12060,4
2020-01-16,15:21:51.609000,12058,12059,12060,1
2020-01-16,15:21:51.609000,12058,12059,12060,5
2020-01-16,15:21:51.610000,12058,12059,12060,5
2020-01-16,15:21:51.750000,12059,12060,12060,15
2020-01-16,15:21:52.717000,12059,12060,12060,2
2020-01-16,15:21:53.414000,12059,12060,12059,3
2020-01-16,15:21:55.638000,12059,12060,12060,4
2020-01-16,15:21:56.419000,12059,12060,12060,1
2020-01-16,15:21:56.465000,12059,12060,12060,47
2020-01-16,15:21:57.549000,12060,12061,12060,1
2020-01-16,15:21:58.654000,12060,12061,12060,1
2020-01-16,15:21:58.743000,12060,12061,12060,1
2020-01-16,15:22:00.663000,12060,12061,12061,1
2020-01-16,15:22:01.194000,12060,12061,12060,1
2020-01-16,15:22:01.668000,12060,12061,12061,4
2020-01-16,15:22:01.757000,12060,12061,12061,2
2020-01-16,15:22:06.585000,12060,12061,12060,4
2020-01-16,15:22:08.173000,12060,12061,12061,19
2020-01-16,15:22:09.376000,12061,12062,12061,1
2020-01-16,15:22:10.077000,12060,12062,12060,1
2020-01-16,15:22:14.059000,12060,12061,12061,6
2020-01-16,15:22:14.266000,12061,12062,12061,1
2020-01-16,15:22:15.035000,12061,12062,12061,8
2020-01-16,15:22:16.630000,12060,12061,12061,1
2020-01-16,15:22:17.196000,12060,12061,12061,1
2020-01-16,15:22:17.250000,12060,12061,12061,1
2020-01-16,15:22:23.244000,12060,12061,12061,1
2020-01-16,15:22:27.622000,12060,12061,12061,1
2020-01-16,15:22:29.018000,12060,12061,12061,2
2020-01-16,15:22:31.397000,12060,12061,12060,4
2020-01-16,15:22:32.890000,12060,12061,12061,1
2020-01-16,15:22:33.500000,12060,12061,12061,1
2020-01-16,15:22:35.249000,12060,12061,12061,7
2020-01-16,15:22:35.722000,12060,12062,12060,1
2020-01-16,15:22:36.618000,12060,12061,12061,3
2020-01-16,15:22:43.093000,12060,12061,12060,1
2020-01-16,15:22:52.499000,12060,12061,12060,2
2020-01-16,15:22:52.499000,12060,12061,12060,2
2020-01-16,15:22:52.624000,12060,12061,12060,4
2020-01-16,15:22:52.624000,12060,12061,12060,5
2020-01-16,15:22:52.624000,12060,12061,12060,2
2020-01-16,15:22:52.625000,12060,12061,12060,3
2020-01-16,15:22:56.290000,12059,12060,12059,1
2020-01-16,15:22:59.282000,12059,12060,12059,2
2020-01-16,15:23:00.490000,12059,12060,12060,1
2020-01-16,15:23:00.952000,12059,12060,12060,1
2020-01-16,15:23:00.954000,12059,12060,12060,2
2020-01-16,15:23:01.660000,12059,12060,12060,5
2020-01-16,15:23:02.221000,12059,12060,12060,1
2020-01-16,15:23:02.598000,12059,12060,12059,7
2020-01-16,15:23:02.598000,12059,12060,12058,33
2020-01-16,15:23:02.750000,12058,12059,12058,2
2020-01-16,15:23:02.875000,12057,12058,12058,5
2020-01-16,15:23:03.112000,12057,12059,12059,1
2020-01-16,15:23:03.651000,12058,12059,12059,20
2020-01-16,15:23:11.523000,12058,12059,12059,1
2020-01-16,15:23:14.685000,12058,12059,12058,4
2020-01-16,15:23:20.672000,12058,12059,12059,3
2020-01-16,15:23:21.108000,12058,12059,12059,6
2020-01-16,15:23:34.026000,12059,12060,12060,30
2020-01-16,15:23:34.026000,12059,12060,12060,1
2020-01-16,15:23:36.329000,12060,12061,12060,1
2020-01-16,15:23:37.775000,12060,12061,12060,1
2020-01-16,15:23:38.398000,12060,12061,12060,1
2020-01-16,15:23:40.090000,12060,12061,12061,1
2020-01-16,15:23:41.518000,12060,12061,12060,1
2020-01-16,15:23:44.825000,12060,12061,12060,1
2020-01-16,15:23:46.554000,12060,12061,12060,1
2020-01-16,15:23:53.326000,12060,12061,12060,1
2020-01-16,15:24:02.753000,12060,12061,12061,7
2020-01-16,15:24:02.892000,12060,12061,12060,1
2020-01-16,15:24:03.069000,12060,12061,12061,1
2020-01-16,15:24:05.637000,12060,12061,12061,3
2020-01-16,15:24:05.843000,12060,12061,12061,3
2020-01-16,15:24:07.077000,12060,12061,12061,2
2020-01-16,15:24:07.499000,12060,12061,12061,11
2020-01-16,15:24:07.499000,12060,12061,12062,39
2020-01-16,15:24:07.625000,12061,12062,12062,2
2020-01-16,15:24:10.113000,12061,12062,12061,1
2020-01-16,15:24:13.507000,12061,12062,12061,2
2020-01-16,15:24:18.721000,12061,12062,12061,1
2020-01-16,15:24:21.840000,12061,12062,12061,1
2020-01-16,15:24:22.043000,12061,12062,12061,4
2020-01-16,15:24:34.268000,12060,12061,12060,1
2020-01-16,15:24:36.708000,12060,12061,12060,4
2020-01-16,15:24:38.787000,12060,12061,12061,1
2020-01-16,15:24:42.741000,12060,12061,12060,2
2020-01-16,15:24:42.896000,12060,12061,12060,3
2020-01-16,15:24:51.619000,12059,12060,12060,1
2020-01-16,15:24:54.034000,12059,12060,12060,1
2020-01-16,15:24:56.072000,12059,12060,12059,1
2020-01-16,15:25:08.890000,12059,12060,12059,1
2020-01-16,15:25:13.536000,12059,12060,12060,5
2020-01-16,15:25:13.624000,12059,12060,12060,1
2020-01-16,15:25:13.624000,12059,12060,12060,3
2020-01-16,15:25:17.348000,12060,12061,12060,2
2020-01-16,15:25:20.879000,12059,12060,12060,1
2020-01-16,15:25:27.665000,12059,12060,12059,1
2020-01-16,15:25:27.943000,12059,12060,12060,1
2020-01-16,15:25:30.374000,12059,12060,12059,2
2020-01-16,15:25:30.500000,12058,12059,12059,3
2020-01-16,15:25:35.168000,12058,12059,12059,1
2020-01-16,15:25:36.227000,12059,12060,12059,1
2020-01-16,15:25:40.903000,12059,12060,12059,1
2020-01-16,15:25:44.461000,12058,12059,12059,3
2020-01-16,15:25:44.692000,12059,12060,12059,1
2020-01-16,15:25:45.331000,12059,12060,12059,1
2020-01-16,15:25:46.349000,12059,12060,12059,1
2020-01-16,15:25:53.487000,12059,12060,12059,1
2020-01-16,15:26:02.843000,12059,12060,12059,1
2020-01-16,15:26:08.739000,12059,12060,12059,1
2020-01-16,15:26:10.423000,12059,12060,12060,1
2020-01-16,15:26:15.870000,12059,12060,12060,2
2020-01-16,15:26:33.162000,12059,12060,12060,1
2020-01-16,15:26:33.451000,12059,12060,12060,2
2020-01-16,15:26:36.932000,12059,12060,12060,1
2020-01-16,15:26:47.771000,12059,12060,12059,6
2020-01-16,15:26:48.406000,12059,12060,12060,1
2020-01-16,15:26:48.821000,12059,12060,12059,1
2020-01-16,15:26:54.675000,12059,12060,12060,1
2020-01-16,15:26:57.672000,12059,12060,12060,2
2020-01-16,15:27:03.523000,12059,12060,12059,1
2020-01-16,15:27:04.830000,12059,12060,12059,1
2020-01-16,15:27:12.962000,12059,12060,12059,1
2020-01-16,15:27:13.165000,12059,12060,12059,1
2020-01-16,15:27:13.962000,12059,12060,12059,1
2020-01-16,15:27:29.996000,12058,12059,12059,2
2020-01-16,15:27:33.117000,12058,12059,12059,1
2020-01-16,15:27:33.866000,12058,12059,12059,1
2020-01-16,15:27:39.818000,12058,12059,12059,1
2020-01-16,15:27:49.324000,12058,12059,12059,3
2020-01-16,15:28:00.465000,12058,12059,12059,1
2020-01-16,15:28:02.496000,12058,12059,12058,1
2020-01-16,15:28:03.632000,12058,12059,12059,1
2020-01-16,15:28:04.937000,12058,12059,12059,1
2020-01-16,15:28:18.734000,12058,12059,12059,1
2020-01-16,15:28:19.031000,12058,12059,12059,1
2020-01-16,15:28:19.295000,12058,12059,12059,1
2020-01-16,15:28:21.959000,12058,12060,12058,2
2020-01-16,15:28:34.696000,12058,12059,12059,1
2020-01-16,15:28:36.170000,12058,12059,12059,1
2020-01-16,15:28:43.108000,12058,12059,12059,1
2020-01-16,15:28:46.013000,12059,12060,12059,1
2020-01-16,15:28:49.127000,12059,12060,12059,2
2020-01-16,15:28:49.805000,12059,12060,12060,1
2020-01-16,15:28:53.503000,12059,12060,12059,1
2020-01-16,15:29:05.027000,12059,12060,12060,1
2020-01-16,15:29:10.951000,12059,12060,12060,6
2020-01-16,15:29:20.159000,12059,12060,12059,1
2020-01-16,15:29:30.510000,12059,12060,12059,1
2020-01-16,15:29:33.639000,12059,12060,12059,1
2020-01-16,15:29:33.916000,12059,12060,12059,2
2020-01-16,15:29:37.311000,12059,12060,12059,5
2020-01-16,15:29:37.473000,12059,12060,12059,2
2020-01-16,15:29:40.725000,12059,12060,12059,1
2020-01-16,15:29:41.806000,12059,12060,12059,1
2020-01-16,15:29:47.768000,12059,12060,12059,1
2020-01-16,15:29:51.493000,12059,12060,12059,1
2020-01-16,15:29:51.861000,12059,12060,12059,1
2020-01-16,15:29:53.523000,12059,12060,12059,1
2020-01-16,15:30:00.711000,12059,12060,12059,1
2020-01-16,15:30:01.592000,12059,12060,12060,4
2020-01-16,15:30:02.449000,12059,12060,12059,1
2020-01-16,15:30:03.542000,12059,12060,12060,2
2020-01-16,15:30:57.992000,12059,12060,12059,1
2020-01-16,15:30:58.726000,12059,12060,12059,1
2020-01-16,15:31:18.592000,12059,12060,12059,1
2020-01-16,15:31:22.141000,12059,12060,12059,1
2020-01-16,15:31:30.895000,12059,12060,12060,1
2020-01-16,15:31:30.897000,12059,12060,12060,1
2020-01-16,15:31:43.804000,12059,12060,12059,2
2020-01-16,15:31:48.465000,12059,12060,12059,1
2020-01-16,15:31:54.226000,12059,12060,12059,1
2020-01-16,15:32:04.250000,12059,12060,12060,9
2020-01-16,15:32:04.374000,12059,12060,12060,1
2020-01-16,15:32:04.374000,12059,12060,12060,12
2020-01-16,15:32:04.375000,12059,12060,12060,4
2020-01-16,15:32:04.500000,12059,12060,12060,5
2020-01-16,15:32:04.744000,12060,12061,12060,1
2020-01-16,15:32:05.392000,12060,12061,12061,4
2020-01-16,15:32:05.499000,12060,12061,12061,9
2020-01-16,15:32:11.552000,12061,12062,12062,2
2020-01-16,15:32:16.457000,12061,12062,12062,1
2020-01-16,15:32:28.345000,12061,12062,12061,5
2020-01-16,15:32:29.970000,12061,12062,12061,2
2020-01-16,15:32:34.045000,12061,12062,12062,5
2020-01-16,15:32:36.682000,12061,12062,12061,1
2020-01-16,15:32:36.693000,12061,12062,12061,2
2020-01-16,15:32:36.935000,12061,12062,12061,1
2020-01-16,15:32:37.250000,12061,12062,12062,1
2020-01-16,15:32:38.232000,12061,12062,12061,2
2020-01-16,15:32:44.946000,12061,12062,12061,1
2020-01-16,15:32:45.172000,12061,12062,12061,1
2020-01-16,15:32:46.685000,12061,12062,12061,1
2020-01-16,15:32:50.348000,12061,12062,12061,1
2020-01-16,15:33:06.923000,12061,12062,12062,50
2020-01-16,15:33:07,12061,12062,12062,3
2020-01-16,15:33:07,12061,12062,12062,6
2020-01-16,15:33:07,12061,12062,12062,6
2020-01-16,15:33:07,12061,12062,12062,2
2020-01-16,15:33:07.125000,12061,12062,12062,10
2020-01-16,15:33:07.125000,12061,12062,12062,3
2020-01-16,15:33:07.150000,12061,12062,12062,1
2020-01-16,15:33:07.175000,12061,12062,12062,1
2020-01-16,15:33:07.201000,12061,12062,12062,1
2020-01-16,15:33:07.999000,12061,12063,12061,1
2020-01-16,15:33:16.316000,12061,12062,12062,5
2020-01-16,15:33:18.121000,12061,12062,12062,1
2020-01-16,15:33:27.346000,12061,12062,12062,3
2020-01-16,15:33:27.505000,12062,12063,12062,1
2020-01-16,15:33:28.445000,12062,12063,12062,1
2020-01-16,15:33:29.924000,12061,12062,12062,1
2020-01-16,15:33:36.267000,12061,12062,12061,12
2020-01-16,15:33:36.267000,12061,12062,12061,1
2020-01-16,15:33:52.999000,12060,12061,12060,3
2020-01-16,15:33:53,12060,12061,12060,1
2020-01-16,15:33:58.382000,12059,12060,12060,2
2020-01-16,15:34:05.998000,12059,12060,12060,2
2020-01-16,15:34:14.983000,12059,12060,12060,1
2020-01-16,15:34:19.448000,12059,12060,12060,1
2020-01-16,15:34:20.932000,12059,12060,12060,1
2020-01-16,15:34:25.996000,12059,12060,12060,1
2020-01-16,15:34:57.338000,12059,12060,12060,1
2020-01-16,15:35:00.971000,12059,12060,12060,5
2020-01-16,15:35:06.938000,12059,12060,12060,1
2020-01-16,15:35:09.868000,12059,12060,12060,1
2020-01-16,15:35:12.473000,12059,12060,12060,1
2020-01-16,15:35:34.086000,12059,12060,12059,1
2020-01-16,15:36:22.167000,12059,12060,12059,1
2020-01-16,15:36:22.426000,12059,12060,12059,3
2020-01-16,15:36:26.453000,12059,12060,12059,1
2020-01-16,15:36:26.835000,12059,12060,12059,1
2020-01-16,15:36:31.008000,12059,12060,12059,2
2020-01-16,15:37:00.760000,12058,12059,12059,1
2020-01-16,15:37:17.735000,12058,12059,12058,1
2020-01-16,15:37:18.122000,12058,12059,12058,1
2020-01-16,15:37:25.094000,12058,12059,12058,1
2020-01-16,15:37:26.235000,12058,12059,12058,2
2020-01-16,15:37:26.478000,12058,12059,12058,1
2020-01-16,15:37:26.499000,12058,12059,12058,3
2020-01-16,15:37:26.625000,12058,12059,12058,4
2020-01-16,15:37:36.120000,12057,12058,12057,1
2020-01-16,15:37:36.840000,12057,12058,12057,2
2020-01-16,15:37:42.671000,12057,12058,12057,1
2020-01-16,15:37:48.840000,12057,12058,12057,1
2020-01-16,15:37:51.180000,12057,12058,12057,1
2020-01-16,15:37:55.581000,12057,12058,12057,2
2020-01-16,15:37:55.581000,12057,12058,12057,8
2020-01-16,15:37:55.582000,12057,12058,12057,1
2020-01-16,15:37:55.909000,12056,12057,12057,3
2020-01-16,15:37:58.180000,12056,12057,12056,1
2020-01-16,15:37:58.284000,12056,12057,12056,1
2020-01-16,15:37:59.457000,12056,12057,12056,1
2020-01-16,15:38:01.431000,12056,12057,12056,2
2020-01-16,15:38:01.626000,12055,12056,12056,2
2020-01-16,15:38:02.314000,12055,12056,12056,1
2020-01-16,15:38:02.506000,12055,12056,12056,3
2020-01-16,15:38:02.683000,12055,12057,12056,1
2020-01-16,15:38:07.175000,12055,12056,12056,5
2020-01-16,15:38:07.420000,12056,12057,12056,1
2020-01-16,15:38:09.073000,12056,12057,12056,1
2020-01-16,15:38:11.252000,12056,12057,12056,2
2020-01-16,15:38:16.345000,12056,12057,12056,1
2020-01-16,15:38:18.556000,12056,12057,12057,1
2020-01-16,15:38:18.556000,12056,12057,12057,7
2020-01-16,15:38:18.624000,12056,12057,12057,1
2020-01-16,15:38:19.559000,12057,12058,12057,1
2020-01-16,15:38:22.448000,12057,12058,12057,1
2020-01-16,15:38:22.824000,12057,12058,12057,1
2020-01-16,15:38:24.681000,12056,12057,12057,1
2020-01-16,15:38:26.911000,12056,12058,12056,1
2020-01-16,15:38:27.521000,12056,12057,12057,1
2020-01-16,15:38:38.622000,12056,12057,12057,2
2020-01-16,15:38:38.622000,12056,12057,12057,2
2020-01-16,15:38:51.071000,12057,12058,12057,1
2020-01-16,15:38:57.265000,12057,12058,12057,1
2020-01-16,15:39:00.868000,12057,12058,12058,2
2020-01-16,15:39:00.868000,12057,12058,12058,1
2020-01-16,15:39:01.284000,12057,12058,12058,1
2020-01-16,15:39:01.711000,12057,12058,12058,1
2020-01-16,15:39:13.927000,12057,12058,12058,1
2020-01-16,15:39:14.996000,12057,12058,12058,1
2020-01-16,15:39:19.478000,12057,12058,12058,1
2020-01-16,15:39:19.478000,12057,12058,12058,11
2020-01-16,15:39:19.478000,12057,12058,12058,4
2020-01-16,15:39:19.677000,12058,12059,12059,1
2020-01-16,15:39:20.006000,12058,12059,12059,3
2020-01-16,15:39:20.031000,12058,12059,12058,1
2020-01-16,15:39:22.520000,12058,12059,12059,4
2020-01-16,15:39:28.544000,12058,12059,12059,1
2020-01-16,15:39:34.552000,12059,12060,12059,1
2020-01-16,15:39:41.808000,12059,12060,12059,17
2020-01-16,15:39:42.142000,12058,12059,12059,2
2020-01-16,15:39:45.653000,12058,12059,12059,1
2020-01-16,15:39:45.655000,12058,12059,12059,9
2020-01-16,15:39:45.656000,12058,12059,12059,1
2020-01-16,15:39:45.656000,12058,12059,12059,1
2020-01-16,15:40:01.114000,12059,12060,12060,1
2020-01-16,15:40:01.124000,12059,12060,12060,6
2020-01-16,15:40:01.126000,12059,12060,12060,2
2020-01-16,15:40:01.249000,12059,12060,12060,8
2020-01-16,15:40:01.249000,12059,12060,12060,2
2020-01-16,15:40:02.145000,12060,12061,12061,4
2020-01-16,15:40:05.006000,12060,12061,12061,1
2020-01-16,15:40:05.006000,12060,12061,12062,3
2020-01-16,15:40:16.499000,12061,12062,12061,2
2020-01-16,15:40:17.615000,12061,12062,12061,1
2020-01-16,15:40:23.800000,12060,12061,12061,1
2020-01-16,15:40:28,12060,12061,12060,2
2020-01-16,15:40:28,12060,12061,12060,2
2020-01-16,15:40:28,12060,12061,12060,2
2020-01-16,15:40:28.926000,12059,12061,12061,1
2020-01-16,15:40:37.749000,12060,12061,12060,2
2020-01-16,15:40:49.556000,12060,12061,12061,1
2020-01-16,15:40:51.307000,12060,12061,12061,10
2020-01-16,15:40:51.315000,12060,12061,12061,10
2020-01-16,15:40:56.848000,12061,12062,12061,1
2020-01-16,15:40:59.948000,12061,12062,12061,1
2020-01-16,15:41:06.059000,12061,12062,12061,1
2020-01-16,15:41:11.374000,12061,12062,12061,1
2020-01-16,15:41:29.072000,12061,12062,12061,1
2020-01-16,15:41:33.459000,12061,12062,12061,1
2020-01-16,15:41:35.669000,12061,12062,12061,1
2020-01-16,15:41:50.724000,12061,12062,12061,1
2020-01-16,15:41:58.284000,12061,12062,12061,2
2020-01-16,15:42:01.806000,12061,12062,12061,3
2020-01-16,15:42:28.517000,12060,12061,12061,2
2020-01-16,15:42:31.517000,12060,12061,12061,1
2020-01-16,15:42:34.330000,12060,12061,12061,1
2020-01-16,15:42:42.154000,12060,12061,12060,1
2020-01-16,15:42:42.938000,12060,12061,12060,1
2020-01-16,15:43:00.307000,12060,12061,12060,1
2020-01-16,15:43:00.431000,12060,12061,12060,1
2020-01-16,15:43:07.574000,12060,12061,12061,1
2020-01-16,15:43:08.179000,12060,12061,12060,1
2020-01-16,15:43:23.582000,12060,12061,12060,1
2020-01-16,15:43:27.067000,12060,12061,12061,6
2020-01-16,15:43:27.089000,12060,12061,12061,3
2020-01-16,15:43:27.167000,12060,12061,12061,2
2020-01-16,15:43:27.515000,12060,12061,12061,4
2020-01-16,15:43:27.801000,12060,12061,12061,1
2020-01-16,15:43:29.517000,12060,12061,12061,3
2020-01-16,15:43:36.977000,12061,12062,12062,1
2020-01-16,15:43:39.869000,12061,12062,12061,1
2020-01-16,15:43:50.530000,12061,12062,12061,1
2020-01-16,15:44:01.177000,12061,12062,12061,1
2020-01-16,15:44:01.315000,12061,12062,12061,1
2020-01-16,15:44:01.315000,12061,12062,12060,1
2020-01-16,15:44:12.969000,12061,12062,12062,3
2020-01-16,15:44:13.916000,12061,12062,12062,1
2020-01-16,15:44:14.173000,12061,12062,12062,1
2020-01-16,15:44:17.997000,12061,12062,12061,1
2020-01-16,15:44:18.076000,12061,12062,12062,1
2020-01-16,15:44:18.385000,12061,12062,12061,1
2020-01-16,15:44:18.847000,12061,12062,12061,1
2020-01-16,15:44:18.895000,12060,12062,12062,1
2020-01-16,15:44:23.506000,12060,12061,12060,2
2020-01-16,15:44:28.887000,12060,12061,12061,1
2020-01-16,15:44:30.967000,12060,12061,12061,1
2020-01-16,15:44:38.325000,12060,12061,12061,1
2020-01-16,15:44:39.002000,12060,12061,12061,1
2020-01-16,15:44:48.728000,12061,12062,12062,1
2020-01-16,15:44:49.877000,12061,12062,12061,1
2020-01-16,15:44:58.359000,12061,12062,12061,1
2020-01-16,15:44:59.696000,12061,12062,12061,1
2020-01-16,15:44:59.877000,12061,12062,12061,1
2020-01-16,15:45:00.238000,12061,12062,12062,1
2020-01-16,15:45:00.304000,12061,12062,12062,1
2020-01-16,15:45:00.313000,12061,12062,12062,2
2020-01-16,15:45:01.402000,12061,12062,12062,3
2020-01-16,15:45:02.080000,12061,12062,12062,2
2020-01-16,15:45:07.851000,12061,12062,12062,1
2020-01-16,15:45:09.628000,12061,12062,12062,1
2020-01-16,15:45:18.559000,12061,12062,12062,3
2020-01-16,15:45:28.268000,12061,12062,12062,1
2020-01-16,15:45:30.124000,12061,12062,12062,1
2020-01-16,15:45:53.977000,12061,12062,12061,1
2020-01-16,15:46:00.370000,12061,12062,12061,1
2020-01-16,15:46:04.175000,12061,12062,12061,1
2020-01-16,15:46:15.265000,12061,12062,12061,1
2020-01-16,15:46:17.888000,12061,12062,12061,1
2020-01-16,15:46:23.564000,12061,12062,12061,1
2020-01-16,15:46:27.374000,12061,12062,12061,2
2020-01-16,15:46:27.416000,12061,12062,12061,6
2020-01-16,15:46:32.803000,12060,12061,12060,1
2020-01-16,15:46:33.444000,12060,12061,12060,1
2020-01-16,15:46:35.337000,12060,12061,12061,1
2020-01-16,15:46:45.311000,12060,12061,12061,1
2020-01-16,15:46:59.361000,12060,12061,12061,1
2020-01-16,15:46:59.718000,12060,12061,12061,2
2020-01-16,15:47:06.653000,12060,12061,12061,1
2020-01-16,15:47:07.658000,12060,12061,12061,1
2020-01-16,15:47:12.729000,12060,12061,12061,1
2020-01-16,15:47:14.994000,12060,12061,12061,5
2020-01-16,15:47:31.531000,12061,12062,12061,1
2020-01-16,15:47:31.659000,12060,12061,12061,1
2020-01-16,15:47:31.659000,12060,12061,12062,24
2020-01-16,15:47:32.689000,12061,12062,12062,1
2020-01-16,15:47:38.693000,12061,12062,12061,3
2020-01-16,15:47:48.153000,12061,12062,12061,1
2020-01-16,15:47:49.142000,12061,12062,12061,1
2020-01-16,15:47:53.355000,12061,12062,12062,2
2020-01-16,15:48:07.432000,12061,12062,12062,1
2020-01-16,15:48:10.671000,12061,12062,12062,13
2020-01-16,15:48:10.696000,12061,12062,12062,2
2020-01-16,15:48:10.721000,12061,12062,12062,2
2020-01-16,15:48:10.747000,12061,12062,12062,2
2020-01-16,15:48:12.765000,12062,12063,12062,1
2020-01-16,15:48:26.600000,12062,12063,12062,1
2020-01-16,15:48:30.921000,12062,12063,12062,1
2020-01-16,15:48:40.271000,12062,12063,12062,1
2020-01-16,15:48:40.298000,12062,12063,12063,1
2020-01-16,15:48:40.404000,12062,12063,12063,1
2020-01-16,15:48:40.462000,12062,12063,12063,1
2020-01-16,15:48:40.498000,12062,12063,12063,1
2020-01-16,15:48:52.362000,12062,12063,12063,2
2020-01-16,15:48:52.854000,12062,12063,12063,1
2020-01-16,15:48:52.874000,12062,12063,12063,3
2020-01-16,15:48:52.999000,12062,12063,12063,7
2020-01-16,15:48:52.999000,12062,12063,12063,4
2020-01-16,15:48:53.124000,12062,12063,12063,2
2020-01-16,15:48:53.124000,12062,12063,12063,2
2020-01-16,15:48:53.124000,12062,12063,12063,2
2020-01-16,15:48:53.768000,12062,12064,12062,1
2020-01-16,15:48:56.309000,12062,12063,12063,1
2020-01-16,15:49:05.490000,12062,12063,12063,1
2020-01-16,15:49:12.212000,12063,12064,12064,1
2020-01-16,15:49:12.272000,12063,12064,12064,1
2020-01-16,15:49:12.282000,12063,12064,12064,1
2020-01-16,15:49:13.228000,12063,12064,12064,1
2020-01-16,15:49:15.154000,12063,12064,12064,1
2020-01-16,15:49:23.085000,12063,12064,12063,1
2020-01-16,15:49:28.226000,12063,12064,12064,2
2020-01-16,15:49:34.336000,12063,12064,12064,22
2020-01-16,15:49:36.102000,12063,12064,12064,5
2020-01-16,15:49:38.709000,12063,12064,12064,1
2020-01-16,15:49:39.797000,12063,12064,12064,2
2020-01-16,15:49:41.067000,12063,12064,12064,5
2020-01-16,15:49:41.741000,12063,12064,12064,2
2020-01-16,15:49:42.250000,12063,12064,12064,1
2020-01-16,15:49:43.613000,12063,12064,12064,1
2020-01-16,15:49:44.371000,12063,12064,12064,1
2020-01-16,15:49:45.219000,12063,12064,12064,1
2020-01-16,15:49:47.726000,12063,12064,12064,2
2020-01-16,15:49:48.658000,12063,12064,12064,2
2020-01-16,15:49:49.086000,12063,12064,12064,8
2020-01-16,15:49:50.146000,12063,12064,12064,1
2020-01-16,15:49:50.961000,12063,12064,12064,2
2020-01-16,15:49:57.662000,12063,12064,12064,1
2020-01-16,15:49:58.115000,12063,12064,12064,1
2020-01-16,15:50:07.390000,12063,12064,12064,2
2020-01-16,15:50:08.588000,12063,12064,12064,1
2020-01-16,15:50:18.517000,12063,12064,12064,2
2020-01-16,15:50:19.173000,12063,12064,12063,1
2020-01-16,15:50:22.731000,12063,12064,12063,2
2020-01-16,15:50:25.097000,12063,12064,12064,1
2020-01-16,15:50:27.278000,12063,12064,12063,1
2020-01-16,15:50:30.891000,12063,12064,12063,1
2020-01-16,15:50:45.032000,12063,12064,12063,2
2020-01-16,15:50:45.080000,12063,12064,12064,1
2020-01-16,15:51:02.630000,12063,12064,12063,13
2020-01-16,15:51:10.190000,12062,12063,12063,1
2020-01-16,15:51:17.793000,12062,12063,12062,1
2020-01-16,15:51:25.477000,12062,12063,12062,1
2020-01-16,15:51:30.547000,12062,12063,12062,1
2020-01-16,15:51:47.501000,12062,12063,12062,1
2020-01-16,15:51:48.883000,12062,12063,12062,1
2020-01-16,15:52:05.955000,12062,12063,12062,11
2020-01-16,15:52:05.956000,12062,12063,12062,1
2020-01-16,15:52:05.956000,12062,12063,12062,1
2020-01-16,15:52:05.956000,12062,12063,12062,1
2020-01-16,15:52:05.956000,12062,12063,12062,2
2020-01-16,15:52:05.956000,12062,12063,12062,3
2020-01-16,15:52:06.622000,12061,12062,12062,1
2020-01-16,15:52:12.600000,12061,12062,12061,1
2020-01-16,15:52:12.757000,12061,12062,12061,1
2020-01-16,15:52:12.929000,12061,12062,12061,1
2020-01-16,15:52:13.673000,12061,12062,12062,1
2020-01-16,15:52:14.026000,12061,12062,12061,1
2020-01-16,15:52:20.473000,12061,12062,12061,1
2020-01-16,15:52:29.701000,12061,12062,12061,1
2020-01-16,15:52:29.750000,12061,12062,12061,6
2020-01-16,15:52:30.218000,12060,12061,12061,3
2020-01-16,15:52:39.445000,12060,12061,12061,1
2020-01-16,15:52:42.079000,12061,12062,12061,5
2020-01-16,15:52:42.116000,12061,12062,12061,1
2020-01-16,15:52:44.745000,12060,12061,12061,1
2020-01-16,15:52:46.676000,12060,12061,12061,2
2020-01-16,15:53:03.194000,12060,12061,12061,1
2020-01-16,15:53:03.392000,12060,12061,12061,1
2020-01-16,15:53:12.401000,12060,12061,12061,1
2020-01-16,15:53:29.118000,12060,12061,12061,1
2020-01-16,15:53:35.884000,12060,12061,12061,1
2020-01-16,15:53:43.526000,12060,12061,12061,4
2020-01-16,15:53:55.723000,12061,12062,12061,1
2020-01-16,15:54:07.107000,12060,12061,12061,1
2020-01-16,15:54:07.517000,12060,12061,12061,1
2020-01-16,15:54:12.881000,12060,12061,12060,1
2020-01-16,15:54:13.021000,12060,12061,12060,1
2020-01-16,15:54:33.499000,12060,12061,12061,2
2020-01-16,15:54:33.624000,12060,12061,12061,2
2020-01-16,15:54:38.030000,12061,12062,12062,1
2020-01-16,15:55:03.262000,12061,12062,12062,3
2020-01-16,15:55:03.321000,12061,12062,12062,1
2020-01-16,15:55:24.974000,12061,12062,12062,1
2020-01-16,15:55:43.701000,12061,12062,12062,1
2020-01-16,15:55:44.952000,12061,12062,12062,1
2020-01-16,15:56:01.297000,12061,12062,12062,1
2020-01-16,15:56:01.565000,12061,12062,12062,1
2020-01-16,15:56:01.583000,12061,12062,12062,2
2020-01-16,15:56:01.593000,12061,12062,12062,2
2020-01-16,15:56:01.593000,12061,12062,12063,1
2020-01-16,15:56:01.599000,12061,12062,12063,3
2020-01-16,15:56:01.604000,12061,12062,12063,1
2020-01-16,15:56:01.607000,12061,12062,12063,1
2020-01-16,15:56:01.613000,12061,12062,12063,2
2020-01-16,15:56:01.615000,12061,12062,12063,1
2020-01-16,15:56:01.628000,12061,12063,12063,1
2020-01-16,15:56:01.654000,12061,12063,12063,1
2020-01-16,15:56:01.676000,12061,12063,12063,2
2020-01-16,15:56:02.023000,12062,12063,12063,1
2020-01-16,15:56:08.155000,12062,12063,12063,3
2020-01-16,15:56:08.249000,12062,12063,12063,1
2020-01-16,15:56:08.392000,12063,12064,12064,3
2020-01-16,15:56:48.265000,12063,12064,12063,1
2020-01-16,15:57:02.254000,12063,12064,12064,2
2020-01-16,15:57:14.625000,12063,12064,12063,6
2020-01-16,15:57:48.778000,12062,12063,12063,1
2020-01-16,15:57:55.624000,12062,12063,12062,3
2020-01-16,15:57:55.948000,12061,12062,12061,2
2020-01-16,15:57:57.871000,12061,12062,12062,1
2020-01-16,15:58:03.777000,12061,12062,12062,1
2020-01-16,15:58:24.754000,12061,12062,12061,10
2020-01-16,15:58:32.330000,12060,12061,12060,1
2020-01-16,15:58:36.929000,12060,12061,12060,1
2020-01-16,15:58:39.546000,12060,12061,12060,1
2020-01-16,15:59:23.394000,12060,12061,12061,1
2020-01-16,15:59:24.351000,12060,12061,12060,1
2020-01-16,15:59:59.661000,12060,12061,12061,1
2020-01-16,16:00:02.235000,12060,12061,12061,1
2020-01-16,16:00:02.235000,12060,12061,12061,1
2020-01-16,16:00:02.235000,12060,12061,12061,1
2020-01-16,16:00:03.106000,12061,12062,12062,1
2020-01-16,16:00:03.260000,12061,12062,12061,3
2020-01-16,16:00:12.145000,12061,12062,12062,2
2020-01-16,16:00:12.146000,12061,12062,12062,1
2020-01-16,16:00:22.905000,12061,12062,12062,5
2020-01-16,16:00:34.592000,12062,12063,12063,10
2020-01-16,16:00:34.599000,12062,12063,12063,10
2020-01-16,16:00:41.814000,12062,12063,12063,1
2020-01-16,16:00:46.960000,12063,12064,12064,5
2020-01-16,16:00:46.960000,12063,12064,12064,5
2020-01-16,16:00:46.960000,12063,12064,12064,5
2020-01-16,16:00:46.960000,12063,12064,12064,5
2020-01-16,16:00:46.985000,12063,12064,12064,2
2020-01-16,16:00:46.985000,12063,12064,12064,2
2020-01-16,16:00:46.986000,12063,12064,12064,6
2020-01-16,16:00:46.987000,12063,12064,12064,6
2020-01-16,16:00:46.990000,12063,12064,12064,4
2020-01-16,16:00:46.992000,12063,12064,12064,1
2020-01-16,16:00:46.992000,12063,12064,12064,1
2020-01-16,16:00:46.992000,12063,12064,12064,1
2020-01-16,16:00:47.061000,12064,12065,12065,1
2020-01-16,16:00:47.074000,12064,12065,12065,1
2020-01-16,16:00:47.081000,12064,12065,12065,1
2020-01-16,16:00:47.082000,12064,12065,12065,2
2020-01-16,16:00:47.111000,12064,12065,12065,3
2020-01-16,16:00:47.124000,12064,12065,12065,1
2020-01-16,16:00:47.125000,12064,12065,12065,2
2020-01-16,16:00:47.125000,12064,12065,12065,4
2020-01-16,16:00:47.125000,12064,12065,12065,1
2020-01-16,16:00:47.125000,12064,12065,12065,4
2020-01-16,16:00:47.125000,12064,12065,12065,13
2020-01-16,16:00:47.191000,12064,12065,12066,2
2020-01-16,16:00:47.271000,12064,12066,12066,1
2020-01-16,16:00:47.465000,12065,12066,12066,1
2020-01-16,16:00:47.887000,12064,12066,12066,1
2020-01-16,16:00:47.943000,12064,12066,12064,1
2020-01-16,16:00:59.212000,12065,12066,12065,2
2020-01-16,16:00:59.294000,12065,12066,12066,10
2020-01-16,16:00:59.530000,12065,12066,12065,2
2020-01-16,16:01:02.899000,12065,12066,12066,25
2020-01-16,16:01:03.313000,12065,12066,12066,7
2020-01-16,16:01:03.478000,12065,12066,12066,7
2020-01-16,16:01:03.481000,12065,12066,12066,6
2020-01-16,16:01:03.481000,12065,12066,12067,8
2020-01-16,16:01:03.555000,12065,12067,12067,3
2020-01-16,16:01:04.497000,12066,12067,12066,6
2020-01-16,16:01:05.217000,12066,12067,12067,2
2020-01-16,16:01:05.384000,12066,12067,12067,2
2020-01-16,16:01:07.142000,12066,12067,12067,2
2020-01-16,16:01:13.112000,12066,12067,12066,1
2020-01-16,16:01:13.749000,12066,12067,12067,1
2020-01-16,16:01:13.967000,12066,12067,12066,1
2020-01-16,16:01:15.122000,12066,12067,12066,15
2020-01-16,16:01:16.329000,12065,12066,12066,3
2020-01-16,16:01:16.341000,12065,12066,12066,8
2020-01-16,16:01:16.370000,12065,12066,12067,6
2020-01-16,16:01:16.382000,12065,12067,12067,5
2020-01-16,16:01:16.389000,12065,12067,12067,6
2020-01-16,16:01:18.753000,12066,12067,12066,1
2020-01-16,16:01:19.438000,12065,12066,12065,1
2020-01-16,16:01:21.205000,12065,12066,12066,1
2020-01-16,16:01:23.591000,12065,12066,12066,1
2020-01-16,16:01:29.342000,12065,12066,12066,3
2020-01-16,16:01:29.636000,12065,12066,12065,2
2020-01-16,16:01:29.822000,12065,12066,12065,1
2020-01-16,16:01:29.999000,12064,12065,12065,1
2020-01-16,16:01:32.646000,12065,12066,12065,1
2020-01-16,16:01:35.450000,12065,12066,12066,3
2020-01-16,16:01:37.048000,12065,12066,12066,3
2020-01-16,16:01:44.218000,12066,12067,12066,3
2020-01-16,16:01:44.536000,12065,12066,12066,1
2020-01-16,16:01:45.381000,12065,12066,12065,1
2020-01-16,16:01:46.334000,12065,12066,12066,1
2020-01-16,16:01:51.084000,12066,12067,12066,1
2020-01-16,16:01:52.460000,12066,12067,12066,1
2020-01-16,16:01:54.021000,12066,12067,12067,5
2020-01-16,16:01:54.344000,12066,12067,12066,19
2020-01-16,16:01:54.344000,12066,12067,12066,3
2020-01-16,16:01:54.344000,12066,12067,12066,2
2020-01-16,16:01:55.732000,12065,12066,12066,3
2020-01-16,16:01:56.057000,12065,12066,12066,1
2020-01-16,16:02:01.403000,12065,12066,12066,2
2020-01-16,16:02:02.341000,12066,12067,12067,2
2020-01-16,16:02:03.474000,12066,12067,12066,1
2020-01-16,16:02:05.426000,12066,12067,12066,1
2020-01-16,16:02:06.486000,12066,12067,12067,10
2020-01-16,16:02:06.626000,12066,12067,12066,2
2020-01-16,16:02:09.350000,12066,12067,12067,2
2020-01-16,16:02:09.350000,12066,12067,12068,45
2020-01-16,16:02:09.429000,12066,12068,12067,1
2020-01-16,16:02:10.671000,12067,12068,12068,2
2020-01-16,16:02:10.845000,12067,12068,12068,2
2020-01-16,16:02:11.388000,12067,12068,12068,2
2020-01-16,16:02:11.928000,12067,12068,12068,1
2020-01-16,16:02:11.976000,12067,12068,12067,1
2020-01-16,16:02:19.021000,12066,12067,12066,1
2020-01-16,16:02:19.365000,12066,12067,12067,1
2020-01-16,16:02:20.809000,12066,12067,12067,1
2020-01-16,16:02:34.978000,12066,12067,12067,1
2020-01-16,16:02:40.612000,12066,12067,12066,10
2020-01-16,16:02:40.612000,12066,12067,12066,2
2020-01-16,16:02:40.612000,12066,12067,12066,1
2020-01-16,16:02:40.613000,12066,12067,12066,2
2020-01-16,16:02:40.613000,12066,12067,12066,2
2020-01-16,16:02:40.613000,12066,12067,12066,4
2020-01-16,16:02:40.613000,12066,12067,12066,3
2020-01-16,16:02:43.180000,12065,12066,12065,2
2020-01-16,16:02:43.343000,12065,12066,12065,2
2020-01-16,16:02:49.111000,12065,12066,12065,1
2020-01-16,16:02:51.933000,12065,12066,12065,1
2020-01-16,16:02:54.676000,12065,12066,12065,2
2020-01-16,16:02:54.749000,12065,12066,12065,6
2020-01-16,16:02:59.146000,12065,12066,12065,2
2020-01-16,16:03:01.443000,12065,12066,12065,1
2020-01-16,16:03:02.175000,12065,12066,12066,1
2020-01-16,16:03:09.547000,12065,12066,12065,10
2020-01-16,16:03:11.064000,12064,12066,12066,1
2020-01-16,16:03:14.742000,12065,12066,12066,4
2020-01-16,16:03:16.264000,12065,12066,12065,1
2020-01-16,16:03:16.569000,12065,12066,12065,10
2020-01-16,16:03:22.332000,12065,12066,12065,1
2020-01-16,16:03:27.675000,12065,12066,12065,1
2020-01-16,16:03:32.038000,12065,12066,12065,8
2020-01-16,16:03:36.718000,12064,12065,12065,1
2020-01-16,16:03:38.960000,12064,12065,12065,2
2020-01-16,16:03:51.123000,12065,12066,12065,2
2020-01-16,16:03:51.312000,12065,12066,12066,1
2020-01-16,16:03:52.865000,12065,12066,12066,4
2020-01-16,16:03:53.124000,12065,12066,12066,1
2020-01-16,16:03:53.124000,12065,12066,12066,7
2020-01-16,16:04:00.862000,12066,12067,12067,3
2020-01-16,16:04:00.863000,12066,12067,12067,7
2020-01-16,16:04:00.863000,12066,12067,12067,3
2020-01-16,16:04:00.863000,12066,12067,12067,2
2020-01-16,16:04:00.863000,12066,12067,12067,1
2020-01-16,16:04:00.863000,12066,12067,12067,2
2020-01-16,16:04:00.864000,12066,12067,12067,2
2020-01-16,16:04:00.864000,12066,12067,12067,2
2020-01-16,16:04:00.966000,12067,12068,12068,3
2020-01-16,16:04:02.390000,12067,12068,12068,7
2020-01-16,16:04:03.771000,12067,12068,12067,1
2020-01-16,16:04:06.793000,12067,12068,12068,1
2020-01-16,16:04:17.948000,12067,12068,12067,1
2020-01-16,16:04:18,12067,12068,12067,9
2020-01-16,16:04:18.252000,12066,12067,12067,1
2020-01-16,16:04:18.452000,12066,12067,12067,2
2020-01-16,16:04:18.517000,12066,12067,12067,4
2020-01-16,16:04:19.646000,12066,12067,12066,1
2020-01-16,16:04:20.833000,12066,12067,12066,1
2020-01-16,16:04:26.320000,12066,12067,12066,2
2020-01-16,16:04:38.482000,12065,12066,12066,5
2020-01-16,16:04:50.209000,12065,12066,12066,1
2020-01-16,16:04:54.488000,12065,12066,12066,1
2020-01-16,16:05:00.200000,12065,12066,12066,10
2020-01-16,16:05:01.476000,12065,12066,12066,1
2020-01-16,16:05:01.785000,12065,12066,12066,1
2020-01-16,16:05:02.242000,12065,12066,12066,4
2020-01-16,16:05:09.646000,12065,12066,12066,4
2020-01-16,16:05:28.774000,12065,12066,12066,1
2020-01-16,16:05:32.368000,12065,12066,12066,2
2020-01-16,16:05:38.345000,12065,12066,12066,1
2020-01-16,16:05:46.197000,12065,12066,12066,1
2020-01-16,16:05:47.263000,12065,12066,12065,1
2020-01-16,16:05:51.248000,12065,12066,12065,7
2020-01-16,16:05:52.510000,12064,12065,12064,1
2020-01-16,16:05:52.510000,12064,12065,12064,14
2020-01-16,16:06:01.687000,12063,12064,12064,4
2020-01-16,16:06:01.980000,12064,12065,12064,1
2020-01-16,16:06:09.506000,12064,12065,12064,1
2020-01-16,16:06:13.124000,12064,12065,12064,1
2020-01-16,16:06:13.125000,12064,12065,12064,3
2020-01-16,16:06:23.186000,12063,12064,12063,9
2020-01-16,16:06:23.187000,12063,12064,12063,2
2020-01-16,16:06:23.284000,12062,12063,12062,1
2020-01-16,16:06:29.172000,12062,12063,12062,1
2020-01-16,16:06:30.216000,12062,12063,12062,1
2020-01-16,16:06:35.053000,12062,12063,12063,2
2020-01-16,16:06:38.023000,12062,12063,12063,3
2020-01-16,16:06:38.023000,12062,12063,12063,4
2020-01-16,16:07:18.184000,12063,12064,12064,12
2020-01-16,16:07:38.443000,12063,12064,12064,1
2020-01-16,16:07:48.249000,12063,12064,12064,1
2020-01-16,16:08:27.583000,12064,12065,12064,10
2020-01-16,16:08:40.424000,12064,12065,12064,1
2020-01-16,16:08:45.782000,12064,12065,12064,1
2020-01-16,16:08:47.701000,12064,12065,12064,1
2020-01-16,16:08:52.183000,12064,12065,12064,1
2020-01-16,16:08:58.575000,12064,12065,12064,1
2020-01-16,16:09:00.170000,12064,12065,12064,1
2020-01-16,16:09:30.136000,12063,12064,12064,1
2020-01-16,16:09:30.154000,12063,12064,12064,1
2020-01-16,16:10:00.248000,12063,12064,12064,1
2020-01-16,16:10:13.724000,12063,12064,12063,1
2020-01-16,16:10:13.724000,12063,12064,12063,1
2020-01-16,16:10:13.724000,12063,12064,12063,12
2020-01-16,16:10:13.724000,12063,12064,12063,1
2020-01-16,16:10:13.724000,12063,12064,12063,4
2020-01-16,16:10:13.724000,12063,12064,12063,1
2020-01-16,16:10:13.725000,12063,12064,12063,2
2020-01-16,16:10:13.725000,12063,12064,12063,1
2020-01-16,16:10:13.725000,12063,12064,12063,2
2020-01-16,16:10:13.725000,12063,12064,12063,4
2020-01-16,16:10:20.623000,12062,12063,12062,1
2020-01-16,16:10:20.778000,12062,12063,12063,1
2020-01-16,16:10:28.103000,12062,12063,12063,1
2020-01-16,16:10:43.602000,12062,12063,12062,1
2020-01-16,16:11:03.461000,12062,12063,12062,1
2020-01-16,16:11:04.074000,12062,12063,12062,1
2020-01-16,16:11:04.862000,12062,12063,12062,1
2020-01-16,16:11:11.783000,12062,12063,12062,1
2020-01-16,16:11:16.962000,12062,12063,12063,1
2020-01-16,16:11:19.699000,12062,12063,12062,1
2020-01-16,16:11:33.122000,12062,12063,12063,2
2020-01-16,16:11:36.131000,12062,12063,12062,1
2020-01-16,16:11:51.211000,12062,12063,12062,5
2020-01-16,16:11:59.055000,12062,12063,12062,5
2020-01-16,16:11:59.655000,12062,12063,12063,1
2020-01-16,16:12:00.583000,12062,12063,12062,1
2020-01-16,16:12:00.886000,12062,12063,12062,2
2020-01-16,16:12:06.606000,12062,12063,12062,1
2020-01-16,16:12:10.838000,12062,12063,12062,1
2020-01-16,16:12:13.714000,12062,12063,12062,1
2020-01-16,16:12:17.576000,12062,12063,12062,1
2020-01-16,16:12:20.714000,12062,12063,12062,4
2020-01-16,16:12:38.874000,12062,12063,12063,4
2020-01-16,16:12:38.999000,12062,12063,12063,1
2020-01-16,16:12:39,12062,12063,12063,1
2020-01-16,16:12:39,12062,12063,12063,2
2020-01-16,16:12:46.960000,12063,12064,12063,2
2020-01-16,16:13:00.685000,12063,12064,12064,1
2020-01-16,16:13:05.249000,12063,12064,12063,2
2020-01-16,16:13:19.616000,12063,12064,12063,9
2020-01-16,16:13:24.260000,12063,12064,12063,2
2020-01-16,16:13:33.277000,12063,12064,12063,1
2020-01-16,16:13:37.749000,12062,12063,12063,1
2020-01-16,16:13:46.963000,12063,12064,12063,2
2020-01-16,16:13:52.335000,12062,12063,12062,1
2020-01-16,16:13:53.887000,12062,12063,12063,1
2020-01-16,16:14:12.674000,12062,12063,12063,3
2020-01-16,16:14:12.714000,12062,12063,12063,1
2020-01-16,16:14:17.916000,12063,12064,12063,1
2020-01-16,16:14:22.349000,12063,12064,12063,3
2020-01-16,16:14:22.374000,12063,12064,12063,4
2020-01-16,16:14:57.414000,12062,12063,12063,5
2020-01-16,16:15:06.934000,12063,12064,12063,1
2020-01-16,16:15:11.842000,12063,12064,12064,1
2020-01-16,16:15:21.788000,12063,12064,12063,1
2020-01-16,16:15:33.515000,12063,12064,12063,1
2020-01-16,16:15:45.406000,12063,12064,12063,1
2020-01-16,16:15:45.787000,12063,12064,12063,6
2020-01-16,16:16:04.906000,12062,12063,12063,1
2020-01-16,16:16:39.251000,12062,12063,12063,1
2020-01-16,16:17:23.904000,12062,12063,12062,1
2020-01-16,16:17:41.430000,12062,12063,12062,1
2020-01-16,16:17:52.209000,12062,12063,12062,2
2020-01-16,16:17:52.306000,12062,12063,12063,2
2020-01-16,16:18:07.802000,12062,12063,12062,25
2020-01-16,16:18:07.874000,12062,12063,12062,2
2020-01-16,16:18:24.416000,12061,12062,12061,2
2020-01-16,16:19:00.462000,12061,12062,12061,2
2020-01-16,16:19:02.204000,12061,12062,12062,1
2020-01-16,16:19:11.123000,12061,12062,12061,5
2020-01-16,16:19:12.895000,12061,12062,12061,10
2020-01-16,16:19:12.999000,12061,12062,12061,7
2020-01-16,16:19:14.238000,12060,12061,12061,1
2020-01-16,16:19:14.758000,12060,12061,12061,1
2020-01-16,16:19:16.512000,12060,12061,12060,10
2020-01-16,16:19:16.520000,12060,12061,12060,10
2020-01-16,16:19:17.034000,12060,12061,12060,1
2020-01-16,16:19:23.100000,12060,12061,12061,1
2020-01-16,16:19:32.303000,12060,12061,12061,1
2020-01-16,16:19:44.559000,12060,12061,12060,5
2020-01-16,16:19:47.221000,12060,12061,12060,1
2020-01-16,16:19:55.615000,12060,12061,12060,1
2020-01-16,16:19:55.616000,12060,12061,12060,2
2020-01-16,16:19:55.616000,12060,12061,12060,4
2020-01-16,16:19:55.616000,12060,12061,12060,8
2020-01-16,16:19:55.616000,12060,12061,12060,1
2020-01-16,16:19:55.616000,12060,12061,12060,2
2020-01-16,16:19:55.616000,12060,12061,12060,2
2020-01-16,16:19:55.616000,12060,12061,12060,4
2020-01-16,16:19:57.840000,12059,12060,12060,10
2020-01-16,16:19:58.733000,12059,12060,12060,1
2020-01-16,16:20:07.827000,12059,12060,12060,1
2020-01-16,16:20:09.056000,12059,12060,12060,1
2020-01-16,16:20:15.171000,12059,12060,12060,1
2020-01-16,16:20:17.258000,12059,12060,12060,1
2020-01-16,16:20:17.258000,12059,12060,12060,2
2020-01-16,16:20:17.258000,12059,12060,12060,2
2020-01-16,16:20:17.258000,12059,12060,12060,3
2020-01-16,16:20:17.454000,12060,12061,12060,2
2020-01-16,16:20:17.604000,12060,12061,12060,2
2020-01-16,16:20:17.764000,12060,12061,12060,2
2020-01-16,16:20:19.400000,12060,12061,12060,1
2020-01-16,16:20:20.238000,12060,12061,12060,1
2020-01-16,16:20:20.238000,12060,12061,12059,1
2020-01-16,16:20:20.392000,12059,12061,12059,1
2020-01-16,16:20:24.297000,12059,12060,12060,1
2020-01-16,16:20:28.150000,12059,12060,12060,1
2020-01-16,16:20:33.986000,12059,12060,12060,4
2020-01-16,16:20:39.196000,12060,12061,12060,3
2020-01-16,16:20:48.797000,12059,12060,12059,1
2020-01-16,16:20:50.507000,12059,12060,12059,1
2020-01-16,16:20:56.109000,12059,12060,12059,1
2020-01-16,16:20:56.380000,12059,12060,12059,1
2020-01-16,16:21:02.269000,12059,12060,12060,2
2020-01-16,16:21:15.572000,12059,12060,12059,5
2020-01-16,16:21:33.119000,12059,12060,12059,3
2020-01-16,16:21:40.606000,12059,12060,12059,1
2020-01-16,16:21:53.550000,12059,12060,12059,3
2020-01-16,16:21:56.237000,12059,12060,12059,5
2020-01-16,16:21:58.123000,12059,12060,12059,3
2020-01-16,16:21:59.892000,12059,12060,12059,3
2020-01-16,16:22:02.161000,12059,12060,12060,5
2020-01-16,16:22:07.649000,12059,12060,12059,2
2020-01-16,16:22:07.767000,12059,12060,12060,2
2020-01-16,16:22:07.772000,12059,12060,12060,4
2020-01-16,16:22:08.656000,12059,12060,12060,2
2020-01-16,16:22:14.727000,12059,12060,12060,1
2020-01-16,16:22:22.812000,12059,12060,12059,1
2020-01-16,16:22:47.305000,12059,12060,12060,8
2020-01-16,16:22:50.709000,12060,12061,12060,1
2020-01-16,16:22:54.835000,12060,12061,12060,1
2020-01-16,16:22:58.452000,12060,12061,12061,1
2020-01-16,16:23:05.391000,12060,12061,12061,2
2020-01-16,16:23:42.685000,12060,12061,12061,5
2020-01-16,16:23:52.292000,12060,12061,12061,1
2020-01-16,16:23:55.876000,12060,12061,12061,4
2020-01-16,16:23:58.656000,12061,12062,12061,3
2020-01-16,16:24:02.218000,12061,12062,12062,1
2020-01-16,16:24:02.333000,12061,12062,12062,1
2020-01-16,16:24:02.427000,12061,12062,12062,1
2020-01-16,16:24:03.110000,12061,12062,12062,1
2020-01-16,16:24:08.824000,12061,12062,12062,4
2020-01-16,16:24:10.574000,12061,12062,12062,1
2020-01-16,16:24:12.033000,12061,12062,12061,1
2020-01-16,16:24:13.694000,12061,12062,12062,1
2020-01-16,16:24:14.993000,12061,12062,12062,1
2020-01-16,16:24:19.640000,12061,12062,12062,1
2020-01-16,16:24:19.749000,12061,12062,12062,4
2020-01-16,16:24:19.874000,12061,12062,12062,3
2020-01-16,16:24:20.067000,12062,12063,12063,2
2020-01-16,16:24:20.077000,12062,12063,12063,4
2020-01-16,16:25:02.369000,12062,12063,12063,2
2020-01-16,16:25:18.035000,12062,12063,12062,2
2020-01-16,16:25:26.788000,12061,12062,12062,2
2020-01-16,16:25:26.788000,12061,12062,12062,2
2020-01-16,16:25:34.311000,12062,12063,12062,4
2020-01-16,16:26:20.499000,12061,12063,12062,1
2020-01-16,16:27:12.533000,12062,12063,12062,2
2020-01-16,16:27:14.186000,12062,12063,12062,3
2020-01-16,16:27:33.834000,12062,12063,12062,1
2020-01-16,16:27:54.972000,12062,12063,12062,2
2020-01-16,16:27:56.140000,12062,12063,12062,2
2020-01-16,16:28:04.247000,12062,12063,12062,1
2020-01-16,16:28:25.152000,12062,12063,12062,1
2020-01-16,16:28:25.955000,12062,12063,12062,1
2020-01-16,16:28:26.298000,12062,12063,12062,1
2020-01-16,16:28:26.880000,12062,12063,12062,1
2020-01-16,16:28:27.444000,12062,12063,12062,1
2020-01-16,16:28:28.139000,12062,12063,12062,1
2020-01-16,16:28:28.761000,12062,12063,12062,1
2020-01-16,16:28:29.419000,12062,12063,12062,1
2020-01-16,16:28:30.233000,12062,12063,12062,1
2020-01-16,16:28:30.706000,12062,12063,12062,1
2020-01-16,16:28:41.708000,12062,12063,12062,1
2020-01-16,16:28:42.534000,12062,12063,12063,4
2020-01-16,16:28:42.534000,12062,12063,12063,6
2020-01-16,16:28:42.700000,12062,12063,12063,8
2020-01-16,16:28:53.094000,12063,12064,12063,1
2020-01-16,16:28:55.486000,12063,12064,12064,1
2020-01-16,16:29:02.230000,12063,12064,12064,4
2020-01-16,16:29:02.251000,12063,12064,12064,3
2020-01-16,16:29:02.403000,12064,12065,12065,5
2020-01-16,16:29:23.860000,12064,12065,12064,1
2020-01-16,16:29:33.122000,12064,12065,12064,1
2020-01-16,16:29:34.462000,12064,12065,12064,1
2020-01-16,16:29:36.082000,12063,12064,12064,1
2020-01-16,16:29:45.257000,12064,12065,12064,1
2020-01-16,16:29:54.353000,12063,12065,12064,1
2020-01-16,16:30:02.421000,12063,12064,12064,4
2020-01-16,16:30:02.697000,12064,12065,12064,1
2020-01-16,16:30:02.985000,12063,12065,12065,1
2020-01-16,16:30:03.501000,12063,12065,12065,2
2020-01-16,16:30:03.912000,12063,12065,12065,3
2020-01-16,16:30:05.390000,12064,12065,12065,2
2020-01-16,16:30:10.323000,12064,12065,12065,3
2020-01-16,16:30:10.349000,12064,12065,12065,2
2020-01-16,16:30:10.364000,12064,12065,12065,3
2020-01-16,16:30:10.420000,12064,12065,12065,1
2020-01-16,16:30:14.722000,12064,12065,12065,15
2020-01-16,16:30:14.749000,12064,12065,12065,2
2020-01-16,16:30:18.041000,12065,12066,12065,1
2020-01-16,16:30:24.184000,12065,12066,12065,1
2020-01-16,16:30:32.697000,12065,12066,12066,10
2020-01-16,16:30:32.750000,12065,12066,12066,9
2020-01-16,16:30:32.792000,12065,12066,12066,1
2020-01-16,16:30:32.792000,12065,12066,12066,3
2020-01-16,16:30:32.792000,12065,12066,12066,2
2020-01-16,16:30:32.876000,12066,12067,12067,2
2020-01-16,16:30:32.898000,12066,12067,12067,1
2020-01-16,16:30:32.909000,12066,12067,12067,1
2020-01-16,16:30:32.911000,12066,12067,12067,1
2020-01-16,16:30:32.917000,12066,12067,12067,1
2020-01-16,16:30:32.934000,12066,12067,12067,5
2020-01-16,16:30:32.940000,12066,12067,12067,1
2020-01-16,16:30:32.977000,12066,12067,12067,1
2020-01-16,16:30:32.983000,12066,12067,12067,1
2020-01-16,16:30:33,12066,12067,12067,6
2020-01-16,16:30:33,12066,12067,12067,1
2020-01-16,16:30:33.001000,12066,12067,12067,6
2020-01-16,16:30:33.367000,12067,12068,12068,1
2020-01-16,16:30:33.425000,12067,12068,12068,3
2020-01-16,16:30:33.532000,12067,12068,12068,1
2020-01-16,16:30:33.569000,12067,12068,12068,1
2020-01-16,16:30:33.764000,12067,12068,12068,1
2020-01-16,16:30:33.928000,12067,12068,12068,2
2020-01-16,16:30:33.928000,12067,12068,12068,1
2020-01-16,16:30:33.969000,12067,12068,12068,1
2020-01-16,16:30:34.024000,12067,12068,12068,1
2020-01-16,16:30:34.168000,12067,12068,12068,2
2020-01-16,16:30:36.334000,12067,12068,12068,28
2020-01-16,16:30:39.785000,12067,12069,12069,1
2020-01-16,16:30:41.654000,12068,12069,12069,16
2020-01-16,16:30:42.040000,12068,12069,12068,1
2020-01-16,16:30:43.453000,12068,12069,12068,4
2020-01-16,16:30:43.871000,12068,12069,12068,4
2020-01-16,16:30:43.873000,12068,12069,12068,3
2020-01-16,16:30:44.609000,12068,12069,12069,1
2020-01-16,16:30:47.397000,12068,12069,12068,2
2020-01-16,16:30:48.662000,12068,12069,12068,1
2020-01-16,16:30:49.310000,12068,12069,12068,1
2020-01-16,16:30:49.311000,12068,12069,12068,4
2020-01-16,16:30:50.283000,12067,12069,12069,16
2020-01-16,16:30:52.013000,12067,12068,12068,1
2020-01-16,16:30:52.332000,12067,12068,12068,6
2020-01-16,16:30:53.499000,12067,12068,12067,1
2020-01-16,16:30:53.500000,12067,12068,12067,7
2020-01-16,16:31:02.287000,12067,12068,12068,4
2020-01-16,16:31:02.435000,12067,12068,12068,8
2020-01-16,16:31:04.488000,12067,12068,12068,1
2020-01-16,16:31:04.733000,12068,12069,12068,1
2020-01-16,16:31:04.832000,12068,12069,12068,1
2020-01-16,16:31:04.960000,12068,12069,12068,5
2020-01-16,16:31:05.499000,12068,12069,12068,1
2020-01-16,16:31:07.535000,12068,12069,12068,1
2020-01-16,16:31:10.314000,12067,12068,12068,2
2020-01-16,16:31:15.639000,12067,12068,12068,1
2020-01-16,16:31:16.841000,12067,12068,12068,1
2020-01-16,16:31:18.629000,12067,12068,12068,1
2020-01-16,16:31:21.616000,12067,12068,12068,1
2020-01-16,16:31:21.616000,12067,12068,12068,15
2020-01-16,16:31:21.654000,12067,12068,12068,1
2020-01-16,16:31:22.158000,12067,12068,12068,2
2020-01-16,16:31:23.520000,12067,12068,12068,1
2020-01-16,16:31:25.104000,12067,12069,12068,2
2020-01-16,16:31:25.104000,12067,12069,12068,1
2020-01-16,16:31:31.112000,12068,12069,12068,2
2020-01-16,16:31:32.756000,12068,12069,12068,2
2020-01-16,16:31:33.929000,12067,12069,12069,12
2020-01-16,16:31:35.069000,12067,12069,12067,2
2020-01-16,16:31:46.336000,12068,12069,12068,1
2020-01-16,16:31:51.026000,12067,12068,12068,4
2020-01-16,16:31:51.125000,12067,12068,12068,2
2020-01-16,16:32:02.186000,12068,12069,12069,7
2020-01-16,16:32:09.634000,12068,12069,12068,1
2020-01-16,16:32:12.914000,12068,12069,12069,3
2020-01-16,16:32:13,12068,12069,12069,40
2020-01-16,16:32:15.638000,12069,12070,12070,4
2020-01-16,16:32:15.640000,12069,12070,12070,31
2020-01-16,16:32:15.652000,12069,12070,12070,1
2020-01-16,16:32:15.653000,12069,12070,12070,5
2020-01-16,16:32:15.750000,12069,12070,12070,3
2020-01-16,16:32:15.750000,12069,12070,12070,3
2020-01-16,16:32:15.750000,12069,12070,12070,4
2020-01-16,16:32:15.750000,12069,12070,12070,6
2020-01-16,16:32:15.750000,12069,12070,12070,1
2020-01-16,16:32:15.750000,12069,12070,12070,2
2020-01-16,16:32:15.750000,12069,12070,12070,1
2020-01-16,16:32:15.830000,12069,12070,12071,1
2020-01-16,16:32:15.884000,12070,12071,12071,3
2020-01-16,16:32:15.894000,12070,12071,12071,1
2020-01-16,16:32:15.895000,12070,12071,12071,1
2020-01-16,16:32:15.978000,12070,12071,12071,2
2020-01-16,16:32:15.982000,12070,12071,12071,1
2020-01-16,16:32:16.032000,12070,12071,12071,2
2020-01-16,16:32:16.100000,12070,12071,12071,1
2020-01-16,16:32:16.157000,12070,12071,12071,1
2020-01-16,16:32:16.247000,12070,12071,12071,1
2020-01-16,16:32:16.355000,12070,12071,12071,1
2020-01-16,16:32:16.385000,12070,12071,12071,1
2020-01-16,16:32:16.465000,12070,12071,12071,1
2020-01-16,16:32:16.506000,12070,12071,12071,1
2020-01-16,16:32:16.594000,12070,12071,12071,1
2020-01-16,16:32:16.623000,12070,12071,12071,2
2020-01-16,16:32:16.645000,12070,12071,12072,1
2020-01-16,16:32:16.651000,12070,12071,12072,2
2020-01-16,16:32:16.665000,12070,12071,12072,1
2020-01-16,16:32:16.669000,12070,12071,12072,2
2020-01-16,16:32:16.746000,12070,12071,12072,1
2020-01-16,16:32:16.750000,12070,12072,12071,2
2020-01-16,16:32:16.758000,12070,12072,12071,2
2020-01-16,16:32:16.761000,12070,12072,12072,1
2020-01-16,16:32:16.785000,12070,12072,12072,1
2020-01-16,16:32:16.828000,12070,12072,12072,3
2020-01-16,16:32:16.840000,12070,12072,12072,1
2020-01-16,16:32:16.918000,12071,12072,12072,1
2020-01-16,16:32:17.447000,12071,12072,12072,1
2020-01-16,16:32:17.561000,12071,12072,12072,1
2020-01-16,16:32:17.593000,12071,12072,12072,1
2020-01-16,16:32:19.358000,12071,12072,12071,1
2020-01-16,16:32:19.765000,12071,12072,12072,4
2020-01-16,16:32:19.875000,12071,12072,12072,49
2020-01-16,16:32:21.261000,12072,12073,12072,1
2020-01-16,16:32:23.848000,12072,12073,12073,1
2020-01-16,16:32:24.164000,12072,12073,12073,1
2020-01-16,16:32:24.251000,12072,12073,12073,1
2020-01-16,16:32:24.603000,12072,12073,12073,1
2020-01-16,16:32:24.619000,12072,12073,12073,1
2020-01-16,16:32:25.001000,12072,12073,12073,3
2020-01-16,16:32:25.529000,12072,12073,12073,1
2020-01-16,16:32:26.001000,12072,12073,12073,33
2020-01-16,16:32:26.125000,12072,12073,12073,2
2020-01-16,16:32:26.888000,12072,12074,12072,1
2020-01-16,16:32:28.645000,12073,12074,12073,1
2020-01-16,16:32:29.718000,12073,12074,12073,2
2020-01-16,16:32:29.719000,12073,12074,12073,1
2020-01-16,16:32:29.975000,12072,12073,12073,1
2020-01-16,16:32:30.004000,12072,12073,12073,1
2020-01-16,16:32:31.371000,12072,12073,12073,1
2020-01-16,16:32:32.189000,12072,12073,12073,5
2020-01-16,16:32:32.450000,12072,12073,12073,1
2020-01-16,16:32:34.120000,12072,12073,12073,1
2020-01-16,16:32:34.132000,12072,12073,12072,2
2020-01-16,16:32:34.132000,12072,12073,12072,2
2020-01-16,16:32:34.132000,12072,12073,12072,1
2020-01-16,16:32:34.133000,12072,12073,12072,1
2020-01-16,16:32:34.133000,12072,12073,12072,3
