2022-08-03 15:00:00.063,14668,14670,14666,52,-52
2022-08-03 15:00:00.065,14665,14666,14666,2,2
2022-08-03 15:00:00.188,14665,14667,14667,1,1
2022-08-03 15:00:00.211,14665,14667,14668,1,1
2022-08-03 15:00:00.360,14665,14668,14665,2,-2
2022-08-03 15:00:00.493,14664,14668,14665,1,-1
2022-08-03 15:00:00.546,14664,14667,14667,1,1
2022-08-03 15:00:00.895,14667,14668,14667,1,-1
2022-08-03 15:00:00.928,14667,14668,14667,1,-1
2022-08-03 15:00:01.220,14667,14668,14667,2,-2
2022-08-03 15:00:01.228,14667,14668,14666,1,-1
2022-08-03 15:00:01.280,14666,14667,14666,1,-1
2022-08-03 15:00:01.535,14664,14666,14666,1,1
2022-08-03 15:00:01.539,14664,14666,14666,1,1
2022-08-03 15:00:01.560,14664,14666,14666,2,2
2022-08-03 15:00:01.883,14664,14666,14664,1,-1
2022-08-03 15:00:01.982,14664,14666,14666,1,1
2022-08-03 15:00:02.425,14664,14666,14666,2,2
2022-08-03 15:00:02.556,14664,14666,14666,2,2
2022-08-03 15:00:02.663,14664,14666,14666,2,2
2022-08-03 15:00:02.961,14664,14666,14666,1,1
2022-08-03 15:00:03.447,14664,14666,14666,2,2
2022-08-03 15:00:03.592,14665,14667,14664,2,-2
2022-08-03 15:00:05.128,14664,14665,14664,1,-1
2022-08-03 15:00:05.524,14663,14664,14664,1,1
2022-08-03 15:00:05.950,14663,14664,14663,3,-3
2022-08-03 15:00:06.876,14662,14664,14662,4,-4
2022-08-03 15:00:06.876,14662,14664,14662,1,-1
2022-08-03 15:00:06.876,14662,14664,14662,2,-2
2022-08-03 15:00:06.986,14661,14663,14662,1,-1
2022-08-03 15:00:06.986,14661,14663,14663,1,1
2022-08-03 15:00:07.031,14661,14663,14663,1,1
2022-08-03 15:00:07.176,14661,14662,14662,1,1
2022-08-03 15:00:07.351,14661,14662,14661,1,-1
2022-08-03 15:00:07.388,14661,14662,14661,6,-6
2022-08-03 15:00:07.403,14661,14662,14662,1,1
2022-08-03 15:00:08.063,14660,14662,14660,4,-4
2022-08-03 15:00:08.160,14659,14662,14660,3,-3
2022-08-03 15:00:08.216,14659,14662,14661,1,1
2022-08-03 15:00:08.248,14659,14662,14660,1,-1
2022-08-03 15:00:08.593,14660,14661,14660,1,-1
2022-08-03 15:00:08.593,14660,14661,14659,1,-1
2022-08-03 15:00:08.600,14660,14661,14661,4,4
2022-08-03 15:00:09.117,14660,14661,14660,1,-1
2022-08-03 15:00:09.319,14658,14660,14660,4,4
2022-08-03 15:00:09.319,14658,14660,14661,2,2
2022-08-03 15:00:09.667,14660,14661,14661,1,1
2022-08-03 15:00:09.667,14660,14661,14661,4,4
2022-08-03 15:00:09.719,14660,14661,14660,1,-1
2022-08-03 15:00:09.724,14660,14661,14659,1,-1
2022-08-03 15:00:09.737,14660,14661,14659,1,-1
2022-08-03 15:00:10.495,14659,14661,14661,2,2
2022-08-03 15:00:10.688,14659,14661,14661,1,1
2022-08-03 15:00:10.689,14659,14661,14661,8,8
2022-08-03 15:00:10.696,14659,14661,14660,2,2
2022-08-03 15:00:10.712,14659,14661,14659,4,-4
2022-08-03 15:00:11.355,14659,14661,14661,1,1
2022-08-03 15:00:11.428,14659,14661,14661,1,1
2022-08-03 15:00:11.428,14659,14661,14661,3,3
2022-08-03 15:00:11.712,14661,14662,14661,1,-1
2022-08-03 15:00:12.098,14660,14662,14660,1,-1
2022-08-03 15:00:12.132,14660,14662,14662,1,1
2022-08-03 15:00:12.539,14660,14662,14662,3,3
2022-08-03 15:00:12.713,14661,14662,14661,2,-2
2022-08-03 15:00:14.714,14661,14662,14661,1,-1
2022-08-03 15:00:14.767,14661,14662,14661,1,-1
2022-08-03 15:00:15.120,14660,14661,14660,1,-1
2022-08-03 15:00:15.120,14660,14661,14660,1,-1
2022-08-03 15:00:15.120,14660,14661,14660,1,-1
2022-08-03 15:00:15.320,14659,14661,14661,1,1
2022-08-03 15:00:15.761,14659,14661,14659,3,-3
2022-08-03 15:00:15.836,14659,14661,14661,1,1
2022-08-03 15:00:16.154,14660,14662,14660,1,-1
2022-08-03 15:00:16.419,14660,14661,14661,4,4
2022-08-03 15:00:17.818,14660,14662,14661,1,1
2022-08-03 15:00:17.843,14660,14662,14662,1,1
2022-08-03 15:00:17.843,14660,14662,14662,3,3
2022-08-03 15:00:18.507,14661,14663,14661,1,-1
2022-08-03 15:00:18.944,14661,14663,14663,1,1
2022-08-03 15:00:19.784,14662,14663,14662,1,-1
2022-08-03 15:00:20.189,14662,14663,14662,4,-4
2022-08-03 15:00:20.725,14662,14663,14663,3,3
2022-08-03 15:00:21.320,14662,14664,14664,4,4
2022-08-03 15:00:21.322,14662,14664,14665,1,1
2022-08-03 15:00:21.322,14662,14664,14665,3,3
2022-08-03 15:00:21.376,14662,14664,14666,1,1
2022-08-03 15:00:21.376,14662,14664,14666,1,1
2022-08-03 15:00:22.926,14665,14667,14665,1,-1
2022-08-03 15:00:23.037,14665,14667,14666,5,-5
2022-08-03 15:00:24.015,14665,14667,14666,1,-1
2022-08-03 15:00:24.546,14665,14667,14667,1,1
2022-08-03 15:00:24.546,14665,14667,14667,1,1
2022-08-03 15:00:24.546,14665,14667,14667,1,1
2022-08-03 15:00:24.679,14666,14668,14666,1,-1
2022-08-03 15:00:24.786,14666,14668,14667,1,-1
2022-08-03 15:00:25.817,14666,14668,14668,4,4
2022-08-03 15:00:26.213,14667,14669,14667,1,-1
2022-08-03 15:00:26.565,14667,14669,14667,1,-1
2022-08-03 15:00:27.007,14667,14669,14667,2,-2
2022-08-03 15:00:27.008,14667,14669,14667,7,-7
2022-08-03 15:00:27.231,14666,14668,14666,3,-3
2022-08-03 15:00:27.231,14666,14668,14666,2,-2
2022-08-03 15:00:27.352,14665,14667,14665,1,-1
2022-08-03 15:00:28.502,14664,14666,14666,1,1
2022-08-03 15:00:29.682,14665,14667,14666,1,1
2022-08-03 15:00:30.229,14665,14667,14665,6,-6
2022-08-03 15:00:30.989,14664,14666,14664,1,-1
2022-08-03 15:00:30.990,14664,14666,14664,1,-1
2022-08-03 15:00:31.145,14663,14665,14663,3,-3
2022-08-03 15:00:32.247,14663,14665,14665,1,1
2022-08-03 15:00:33.141,14665,14666,14666,1,1
2022-08-03 15:00:33.417,14665,14667,14665,1,-1
2022-08-03 15:00:37.155,14665,14667,14667,1,1
2022-08-03 15:00:38.860,14666,14668,14666,1,-1
2022-08-03 15:00:39.377,14666,14668,14666,1,-1
2022-08-03 15:00:40.379,14666,14667,14666,4,-4
2022-08-03 15:00:42.598,14665,14667,14667,2,2
2022-08-03 15:00:43.424,14666,14667,14667,1,1
2022-08-03 15:00:46.677,14666,14667,14666,2,-2
2022-08-03 15:00:47.355,14666,14667,14666,1,-1
2022-08-03 15:00:47.355,14666,14667,14666,4,-4
2022-08-03 15:00:47.984,14665,14666,14665,1,-1
2022-08-03 15:00:47.984,14665,14666,14665,3,-3
2022-08-03 15:00:48.512,14664,14665,14664,1,-1
2022-08-03 15:00:48.512,14664,14665,14664,5,-5
2022-08-03 15:00:48.512,14664,14665,14664,3,-3
2022-08-03 15:00:48.512,14664,14665,14664,3,-3
2022-08-03 15:00:50.183,14663,14664,14664,1,1
2022-08-03 15:00:51.114,14663,14665,14665,1,1
2022-08-03 15:00:51.648,14663,14665,14665,1,1
2022-08-03 15:00:51.925,14664,14666,14666,1,1
2022-08-03 15:00:52.048,14664,14666,14664,1,-1
2022-08-03 15:00:52.048,14664,14666,14664,1,-1
2022-08-03 15:00:52.144,14664,14666,14666,1,1
2022-08-03 15:00:52.389,14664,14666,14664,1,-1
2022-08-03 15:00:52.570,14664,14666,14666,1,1
2022-08-03 15:00:52.836,14665,14667,14665,1,-1
2022-08-03 15:00:52.837,14665,14667,14665,1,-1
2022-08-03 15:00:53.101,14665,14667,14665,3,-3
2022-08-03 15:00:53.343,14665,14667,14665,3,-3
2022-08-03 15:00:53.597,14665,14667,14665,1,-1
2022-08-03 15:00:53.965,14665,14667,14665,2,-2
2022-08-03 15:00:55.201,14664,14666,14663,1,-1
2022-08-03 15:00:58.692,14663,14665,14665,1,1
2022-08-03 15:00:59.126,14663,14665,14665,1,1
2022-08-03 15:00:59.183,14663,14665,14665,2,2
2022-08-03 15:00:59.411,14664,14666,14664,1,-1
2022-08-03 15:00:59.411,14664,14666,14664,2,-2
2022-08-03 15:01:00.999,14663,14665,14663,4,-4
2022-08-03 15:01:02.109,14663,14665,14665,1,1
2022-08-03 15:01:02.853,14663,14665,14665,1,1
2022-08-03 15:01:03.507,14664,14665,14664,1,-1
2022-08-03 15:01:03.874,14663,14665,14665,1,1
2022-08-03 15:01:04.141,14664,14666,14664,1,-1
2022-08-03 15:01:04.141,14664,14666,14664,2,-2
2022-08-03 15:01:04.510,14664,14666,14666,1,1
2022-08-03 15:01:04.511,14664,14666,14666,4,4
2022-08-03 15:01:04.571,14665,14667,14665,4,-4
2022-08-03 15:01:04.776,14666,14667,14666,1,-1
2022-08-03 15:01:04.776,14666,14667,14665,1,-1
2022-08-03 15:01:07.124,14665,14667,14667,1,1
2022-08-03 15:01:07.178,14665,14667,14667,1,1
2022-08-03 15:01:07.178,14665,14667,14667,5,5
2022-08-03 15:01:07.179,14665,14667,14667,2,2
2022-08-03 15:01:09.629,14667,14668,14668,1,1
2022-08-03 15:01:09.630,14667,14668,14668,4,4
2022-08-03 15:01:09.630,14667,14668,14668,1,1
2022-08-03 15:01:09.633,14667,14668,14667,1,-1
2022-08-03 15:01:10.184,14667,14669,14669,1,1
2022-08-03 15:01:10.184,14667,14669,14669,1,1
2022-08-03 15:01:11.246,14668,14670,14669,1,1
2022-08-03 15:01:11.411,14667,14669,14667,1,-1
2022-08-03 15:01:13.738,14667,14669,14669,2,2
2022-08-03 15:01:13.930,14668,14670,14670,1,1
2022-08-03 15:01:13.930,14668,14670,14670,2,2
2022-08-03 15:01:13.930,14668,14670,14670,1,1
2022-08-03 15:01:14.183,14669,14671,14671,3,3
2022-08-03 15:01:14.183,14669,14671,14672,2,2
2022-08-03 15:01:14.232,14669,14671,14670,4,4
2022-08-03 15:01:14.683,14669,14671,14671,1,1
2022-08-03 15:01:18.450,14668,14670,14668,1,-1
2022-08-03 15:01:19.836,14667,14668,14668,1,1
2022-08-03 15:01:19.836,14667,14668,14669,4,4
2022-08-03 15:01:21.631,14667,14669,14669,1,1
2022-08-03 15:01:21.943,14667,14669,14669,3,3
2022-08-03 15:01:26.363,14667,14669,14669,7,7
2022-08-03 15:01:26.363,14667,14669,14669,9,9
2022-08-03 15:01:27.442,14668,14670,14670,1,1
2022-08-03 15:01:28.683,14668,14670,14670,1,1
2022-08-03 15:01:31.993,14668,14670,14668,1,-1
2022-08-03 15:01:31.993,14668,14670,14668,1,-1
2022-08-03 15:01:32.310,14667,14668,14668,1,1
2022-08-03 15:01:35.316,14667,14669,14669,1,1
2022-08-03 15:01:35.390,14667,14669,14669,2,2
2022-08-03 15:01:36.320,14669,14670,14669,15,-15
2022-08-03 15:01:38.338,14667,14668,14667,1,-1
2022-08-03 15:01:38.338,14667,14668,14667,1,-1
2022-08-03 15:01:38.338,14667,14668,14667,1,-1
2022-08-03 15:01:38.923,14666,14668,14668,1,1
2022-08-03 15:01:39.344,14666,14668,14668,1,1
2022-08-03 15:01:40.189,14666,14668,14666,1,-1
2022-08-03 15:01:40.189,14666,14668,14666,4,-4
2022-08-03 15:01:40.675,14665,14667,14665,1,-1
2022-08-03 15:01:41.295,14665,14666,14665,2,-2
2022-08-03 15:01:41.316,14665,14666,14665,1,-1
2022-08-03 15:01:41.316,14665,14666,14666,3,3
2022-08-03 15:01:41.317,14665,14666,14666,11,11
2022-08-03 15:01:41.968,14664,14666,14664,1,-1
2022-08-03 15:01:43.936,14665,14667,14665,1,-1
2022-08-03 15:01:46.035,14665,14667,14665,1,-1
2022-08-03 15:01:51.095,14664,14665,14664,3,-3
2022-08-03 15:01:51.332,14663,14664,14663,1,-1
2022-08-03 15:01:51.764,14663,14664,14664,1,1
2022-08-03 15:01:51.850,14663,14664,14664,1,1
2022-08-03 15:01:52.546,14663,14664,14663,11,-11
2022-08-03 15:01:52.651,14662,14664,14662,1,-1
2022-08-03 15:01:53.571,14662,14664,14663,3,-3
2022-08-03 15:01:55.139,14662,14664,14662,1,-1
2022-08-03 15:01:55.276,14662,14664,14662,1,-1
2022-08-03 15:01:56.059,14662,14664,14662,2,-2
2022-08-03 15:01:56.327,14662,14664,14662,1,-1
2022-08-03 15:01:56.821,14662,14664,14662,1,-1
2022-08-03 15:01:57.461,14662,14664,14662,1,-1
2022-08-03 15:01:57.817,14661,14664,14661,3,-3
2022-08-03 15:01:57.822,14661,14664,14661,1,-1
2022-08-03 15:01:58.694,14661,14663,14662,1,-1
2022-08-03 15:01:58.911,14662,14663,14662,1,-1
2022-08-03 15:01:59.429,14661,14662,14662,1,1
2022-08-03 15:02:00.178,14661,14663,14662,1,1
2022-08-03 15:02:00.855,14661,14662,14662,1,1
2022-08-03 15:02:01.716,14661,14663,14661,13,-13
2022-08-03 15:02:01.716,14661,14663,14661,1,-1
2022-08-03 15:02:06.208,14660,14661,14660,42,-42
2022-08-03 15:02:06.209,14660,14661,14659,3,-3
2022-08-03 15:02:06.209,14660,14661,14658,1,-1
2022-08-03 15:02:06.209,14660,14661,14658,1,-1
2022-08-03 15:02:06.262,14660,14661,14658,2,-2
2022-08-03 15:02:06.262,14660,14661,14658,1,-1
2022-08-03 15:02:06.262,14660,14661,14658,4,-4
2022-08-03 15:02:06.390,14657,14659,14657,1,-1
2022-08-03 15:02:06.394,14657,14659,14657,1,-1
2022-08-03 15:02:06.413,14657,14659,14659,1,1
2022-08-03 15:02:07.170,14656,14658,14656,1,-1
2022-08-03 15:02:07.288,14656,14658,14656,1,-1
2022-08-03 15:02:07.907,14656,14657,14656,1,-1
2022-08-03 15:02:08.536,14656,14657,14656,5,-5
2022-08-03 15:02:08.804,14656,14657,14656,2,-2
2022-08-03 15:02:08.804,14656,14657,14656,2,-2
2022-08-03 15:02:09.544,14655,14657,14657,1,1
2022-08-03 15:02:09.842,14656,14657,14656,1,-1
2022-08-03 15:02:10.466,14656,14657,14657,1,1
2022-08-03 15:02:10.739,14657,14659,14657,1,-1
2022-08-03 15:02:11.149,14658,14660,14660,1,1
2022-08-03 15:02:11.342,14658,14660,14659,1,1
2022-08-03 15:02:11.506,14658,14660,14658,1,-1
2022-08-03 15:02:11.594,14658,14660,14660,1,1
2022-08-03 15:02:11.594,14658,14660,14660,1,1
2022-08-03 15:02:11.594,14658,14660,14660,8,8
2022-08-03 15:02:11.594,14658,14660,14660,2,2
2022-08-03 15:02:12.425,14660,14661,14661,1,1
2022-08-03 15:02:13.163,14660,14661,14661,1,1
2022-08-03 15:02:13.163,14660,14661,14661,3,3
2022-08-03 15:02:13.205,14660,14661,14660,1,-1
2022-08-03 15:02:13.266,14661,14662,14661,1,-1
2022-08-03 15:02:13.680,14660,14662,14662,3,3
2022-08-03 15:02:15.159,14662,14664,14664,2,2
2022-08-03 15:02:16.172,14663,14665,14663,4,-4
2022-08-03 15:02:17.331,14662,14664,14662,3,-3
2022-08-03 15:02:18.135,14661,14663,14661,2,-2
2022-08-03 15:02:18.135,14661,14663,14661,2,-2
2022-08-03 15:02:18.136,14661,14663,14661,1,-1
2022-08-03 15:02:20.187,14660,14661,14660,1,-1
2022-08-03 15:02:20.313,14659,14660,14660,1,1
2022-08-03 15:02:20.317,14659,14660,14661,1,1
2022-08-03 15:02:20.676,14660,14661,14661,1,1
2022-08-03 15:02:22.390,14660,14661,14660,1,-1
2022-08-03 15:02:22.391,14660,14661,14660,1,-1
2022-08-03 15:02:22.813,14659,14661,14659,1,-1
2022-08-03 15:02:23.255,14659,14661,14659,1,-1
2022-08-03 15:02:24.352,14658,14660,14660,1,1
2022-08-03 15:02:27.337,14658,14659,14658,4,-4
2022-08-03 15:02:27.337,14658,14659,14658,5,-5
2022-08-03 15:02:27.870,14657,14658,14658,2,2
2022-08-03 15:02:28.190,14657,14659,14657,1,-1
2022-08-03 15:02:29.272,14657,14659,14657,1,-1
2022-08-03 15:02:29.432,14657,14659,14657,1,-1
2022-08-03 15:02:30.981,14657,14659,14657,1,-1
2022-08-03 15:02:31.021,14657,14659,14659,2,2
2022-08-03 15:02:31.333,14658,14659,14659,1,1
2022-08-03 15:02:31.506,14658,14660,14660,2,2
2022-08-03 15:02:31.827,14659,14661,14659,1,-1
2022-08-03 15:02:32.271,14659,14661,14659,3,-3
2022-08-03 15:02:33.175,14659,14661,14661,1,1
2022-08-03 15:02:33.228,14659,14661,14661,1,1
2022-08-03 15:02:33.544,14660,14662,14660,1,-1
2022-08-03 15:02:34.512,14660,14662,14660,1,-1
2022-08-03 15:02:34.824,14660,14662,14662,9,9
2022-08-03 15:02:34.826,14660,14662,14663,2,2
2022-08-03 15:02:35.333,14662,14664,14664,4,4
2022-08-03 15:02:35.388,14664,14665,14665,1,1
2022-08-03 15:02:35.732,14664,14666,14664,2,-2
2022-08-03 15:02:35.860,14664,14666,14666,1,1
2022-08-03 15:02:35.860,14664,14666,14666,2,2
2022-08-03 15:02:35.861,14664,14666,14666,1,1
2022-08-03 15:02:39.477,14665,14666,14665,1,-1
2022-08-03 15:02:39.477,14665,14666,14664,1,-1
2022-08-03 15:02:39.682,14665,14666,14666,1,1
2022-08-03 15:02:39.798,14665,14667,14667,6,6
2022-08-03 15:02:39.799,14665,14667,14667,3,3
2022-08-03 15:02:40.415,14666,14668,14666,2,-2
2022-08-03 15:02:41.470,14665,14667,14665,1,-1
2022-08-03 15:02:41.722,14665,14667,14665,4,-4
2022-08-03 15:02:44.795,14663,14664,14663,1,-1
2022-08-03 15:02:45.752,14662,14664,14664,1,1
2022-08-03 15:02:46.533,14663,14664,14664,1,1
2022-08-03 15:02:47.318,14663,14665,14665,1,1
2022-08-03 15:02:48.725,14663,14665,14663,9,-9
2022-08-03 15:02:48.726,14663,14665,14663,1,-1
2022-08-03 15:02:52.989,14663,14664,14663,1,-1
2022-08-03 15:02:55.566,14661,14662,14661,1,-1
2022-08-03 15:02:55.566,14661,14662,14661,2,-2
2022-08-03 15:02:58.489,14660,14662,14661,1,-1
2022-08-03 15:03:00.119,14660,14661,14660,1,-1
2022-08-03 15:03:00.193,14660,14661,14660,6,-6
2022-08-03 15:03:00.195,14660,14661,14660,2,-2
2022-08-03 15:03:00.720,14659,14660,14659,1,-1
2022-08-03 15:03:00.720,14659,14660,14659,1,-1
2022-08-03 15:03:00.721,14659,14660,14659,3,-3
2022-08-03 15:03:01.163,14658,14660,14658,1,-1
2022-08-03 15:03:01.260,14658,14660,14657,2,-2
2022-08-03 15:03:01.260,14658,14660,14657,10,-10
2022-08-03 15:03:01.421,14656,14657,14657,1,1
2022-08-03 15:03:01.881,14656,14657,14656,1,-1
2022-08-03 15:03:01.881,14656,14657,14656,6,-6
2022-08-03 15:03:01.882,14656,14657,14656,2,-2
2022-08-03 15:03:02.120,14655,14656,14655,3,-3
2022-08-03 15:03:02.134,14655,14656,14655,1,-1
2022-08-03 15:03:02.134,14655,14656,14655,4,-4
2022-08-03 15:03:02.134,14655,14656,14655,5,-5
2022-08-03 15:03:02.134,14655,14656,14655,1,-1
2022-08-03 15:03:02.135,14655,14656,14655,1,-1
2022-08-03 15:03:02.135,14655,14656,14655,7,-7
2022-08-03 15:03:02.390,14654,14655,14655,1,1
2022-08-03 15:03:02.404,14654,14655,14656,1,1
2022-08-03 15:03:02.878,14655,14656,14655,1,-1
2022-08-03 15:03:03.861,14657,14659,14659,2,2
2022-08-03 15:03:04.071,14658,14659,14658,1,-1
2022-08-03 15:03:04.320,14658,14659,14658,1,-1
2022-08-03 15:03:05.513,14658,14659,14659,2,2
2022-08-03 15:03:05.514,14658,14659,14659,1,1
2022-08-03 15:03:06.886,14659,14661,14659,1,-1
2022-08-03 15:03:08.508,14659,14661,14659,7,-7
2022-08-03 15:03:08.508,14659,14661,14658,3,-3
2022-08-03 15:03:18.542,14658,14659,14658,1,-1
2022-08-03 15:03:18.542,14658,14659,14658,1,-1
2022-08-03 15:03:18.542,14658,14659,14658,1,-1
2022-08-03 15:03:18.542,14658,14659,14658,3,-3
2022-08-03 15:03:18.800,14657,14658,14658,1,1
2022-08-03 15:03:19.542,14658,14659,14658,4,-4
2022-08-03 15:03:21.552,14657,14659,14658,1,-1
2022-08-03 15:03:22.045,14658,14660,14658,1,-1
2022-08-03 15:03:22.588,14657,14659,14657,1,-1
2022-08-03 15:03:25.303,14658,14660,14660,3,3
2022-08-03 15:03:25.341,14658,14660,14660,1,1
2022-08-03 15:03:26.020,14660,14661,14661,1,1
2022-08-03 15:03:26.021,14660,14661,14661,3,3
2022-08-03 15:03:26.485,14661,14662,14661,1,-1
2022-08-03 15:03:28.138,14661,14662,14662,1,1
2022-08-03 15:03:28.138,14661,14662,14662,7,7
2022-08-03 15:03:28.138,14661,14662,14662,2,2
2022-08-03 15:03:28.833,14661,14663,14663,1,1
2022-08-03 15:03:29.456,14661,14663,14661,1,-1
2022-08-03 15:03:31.587,14661,14662,14662,1,1
2022-08-03 15:03:34.368,14661,14662,14661,1,-1
2022-08-03 15:03:37.487,14658,14659,14659,1,1
2022-08-03 15:03:38.039,14658,14660,14660,1,1
2022-08-03 15:03:39.305,14658,14660,14660,1,1
2022-08-03 15:03:44.511,14659,14660,14660,1,1
2022-08-03 15:03:45.362,14660,14662,14660,1,-1
2022-08-03 15:03:46.940,14660,14662,14660,5,-5
2022-08-03 15:03:50.739,14660,14661,14660,1,-1
2022-08-03 15:03:50.740,14660,14661,14660,1,-1
2022-08-03 15:03:51.319,14660,14661,14660,1,-1
2022-08-03 15:03:51.349,14660,14661,14661,1,1
2022-08-03 15:03:55.350,14660,14662,14660,5,-5
2022-08-03 15:03:56.678,14660,14661,14660,1,-1
2022-08-03 15:03:57.793,14659,14660,14659,2,-2
2022-08-03 15:04:00.190,14659,14660,14659,1,-1
2022-08-03 15:04:00.267,14658,14660,14658,1,-1
2022-08-03 15:04:00.268,14658,14660,14658,1,-1
2022-08-03 15:04:00.268,14658,14660,14658,1,-1
2022-08-03 15:04:00.268,14658,14660,14658,1,-1
2022-08-03 15:04:00.268,14658,14660,14658,2,-2
2022-08-03 15:04:00.269,14658,14660,14658,3,-3
2022-08-03 15:04:03.953,14658,14660,14658,2,-2
2022-08-03 15:04:04.360,14658,14660,14658,2,-2
2022-08-03 15:04:04.744,14658,14660,14659,1,-1
2022-08-03 15:04:10.145,14659,14661,14659,2,-2
2022-08-03 15:04:11.884,14659,14660,14659,1,-1
2022-08-03 15:04:11.890,14659,14661,14659,1,-1
2022-08-03 15:04:11.891,14659,14661,14659,1,-1
2022-08-03 15:04:11.891,14659,14661,14659,1,-1
2022-08-03 15:04:11.897,14659,14661,14659,1,-1
2022-08-03 15:04:12.280,14658,14660,14658,1,-1
2022-08-03 15:04:12.890,14658,14660,14658,1,-1
2022-08-03 15:04:15.237,14658,14659,14659,1,1
2022-08-03 15:04:20.185,14658,14659,14658,3,-3
2022-08-03 15:04:25.197,14658,14659,14658,1,-1
2022-08-03 15:04:25.197,14658,14659,14658,2,-2
2022-08-03 15:04:25.266,14657,14659,14657,1,-1
2022-08-03 15:04:26.615,14657,14659,14657,2,-2
2022-08-03 15:04:27.040,14657,14659,14657,2,-2
2022-08-03 15:04:27.617,14657,14659,14657,2,-2
2022-08-03 15:04:27.964,14656,14657,14656,4,-4
2022-08-03 15:04:29.522,14656,14657,14656,2,-2
2022-08-03 15:04:29.895,14656,14657,14656,2,-2
2022-08-03 15:04:31.626,14656,14657,14656,2,-2
2022-08-03 15:04:32.853,14656,14657,14656,2,-2
2022-08-03 15:04:34.329,14656,14657,14656,2,-2
2022-08-03 15:04:35.482,14656,14657,14656,2,-2
2022-08-03 15:04:36.636,14656,14657,14656,1,-1
2022-08-03 15:04:36.641,14656,14657,14656,1,-1
2022-08-03 15:04:36.932,14656,14657,14656,1,-1
2022-08-03 15:04:37.744,14656,14657,14656,3,-3
2022-08-03 15:04:37.789,14656,14657,14656,1,-1
2022-08-03 15:04:38.992,14656,14657,14657,1,1
2022-08-03 15:04:39.613,14657,14659,14657,1,-1
2022-08-03 15:04:40.626,14657,14659,14659,4,4
2022-08-03 15:04:41.975,14657,14658,14657,1,-1
2022-08-03 15:04:42.270,14657,14658,14657,1,-1
2022-08-03 15:04:42.270,14657,14658,14656,1,-1
2022-08-03 15:04:42.377,14657,14658,14657,1,-1
2022-08-03 15:04:42.392,14656,14658,14658,1,1
2022-08-03 15:04:43.716,14657,14658,14657,1,-1
2022-08-03 15:04:43.716,14657,14658,14657,1,-1
2022-08-03 15:04:46.841,14657,14658,14658,1,1
2022-08-03 15:04:46.842,14657,14658,14658,2,2
2022-08-03 15:04:48.673,14658,14659,14659,3,3
2022-08-03 15:04:50.046,14659,14660,14659,1,-1
2022-08-03 15:04:54.003,14657,14659,14659,1,1
2022-08-03 15:04:54.213,14657,14659,14659,1,1
2022-08-03 15:04:57.231,14657,14659,14659,1,1
2022-08-03 15:04:57.641,14658,14659,14659,9,9
2022-08-03 15:05:02.164,14658,14660,14660,4,4
2022-08-03 15:05:04.580,14659,14660,14659,2,-2
2022-08-03 15:05:05.169,14659,14660,14660,3,3
2022-08-03 15:05:05.526,14659,14661,14661,1,1
2022-08-03 15:05:05.913,14659,14661,14661,3,3
2022-08-03 15:05:08.285,14660,14662,14662,5,5
2022-08-03 15:05:08.763,14662,14663,14663,1,1
2022-08-03 15:05:08.763,14662,14663,14663,1,1
2022-08-03 15:05:08.763,14662,14663,14663,2,2
2022-08-03 15:05:08.763,14662,14663,14663,1,1
2022-08-03 15:05:09.938,14662,14663,14663,1,1
2022-08-03 15:05:12.432,14662,14663,14663,1,1
2022-08-03 15:05:13.797,14662,14663,14663,1,1
2022-08-03 15:05:14.657,14662,14663,14662,4,-4
2022-08-03 15:05:14.657,14662,14663,14661,4,-4
2022-08-03 15:05:14.659,14662,14663,14662,1,-1
2022-08-03 15:05:16.220,14661,14663,14663,4,4
2022-08-03 15:05:18.270,14661,14663,14663,2,2
2022-08-03 15:05:18.678,14662,14664,14662,1,-1
2022-08-03 15:05:21.890,14663,14664,14664,7,7
2022-08-03 15:05:22.021,14664,14665,14665,5,5
2022-08-03 15:05:22.021,14664,14665,14665,2,2
2022-08-03 15:05:22.066,14664,14665,14664,1,-1
2022-08-03 15:05:22.220,14664,14666,14666,2,2
2022-08-03 15:05:22.884,14664,14666,14664,1,-1
2022-08-03 15:05:25.430,14664,14666,14666,2,2
2022-08-03 15:05:26.013,14664,14666,14664,1,-1
2022-08-03 15:05:27.091,14664,14666,14664,1,-1
2022-08-03 15:05:33.064,14664,14665,14665,1,1
2022-08-03 15:05:34.127,14664,14665,14664,1,-1
2022-08-03 15:05:34.128,14664,14665,14664,1,-1
2022-08-03 15:05:34.128,14664,14665,14664,2,-2
2022-08-03 15:05:34.128,14664,14665,14664,1,-1
2022-08-03 15:05:34.128,14664,14665,14664,2,-2
2022-08-03 15:05:34.206,14663,14664,14664,1,1
2022-08-03 15:05:35.730,14663,14664,14663,2,-2
2022-08-03 15:05:35.961,14662,14663,14663,1,1
2022-08-03 15:05:41.076,14663,14665,14665,1,1
2022-08-03 15:05:42.172,14663,14665,14665,2,2
2022-08-03 15:05:46.042,14663,14665,14665,1,1
2022-08-03 15:05:46.073,14663,14665,14665,1,1
2022-08-03 15:05:46.755,14664,14665,14665,1,1
2022-08-03 15:05:49.862,14663,14665,14664,1,1
2022-08-03 15:05:51.915,14663,14665,14665,1,1
2022-08-03 15:06:00.322,14663,14665,14665,1,1
2022-08-03 15:06:00.593,14663,14665,14665,1,1
2022-08-03 15:06:00.593,14663,14665,14665,1,1
2022-08-03 15:06:00.593,14663,14665,14665,3,3
2022-08-03 15:06:00.687,14664,14666,14664,1,-1
2022-08-03 15:06:04.253,14663,14665,14665,2,2
2022-08-03 15:06:09.791,14665,14666,14665,1,-1
2022-08-03 15:06:14.014,14664,14665,14664,1,-1
2022-08-03 15:06:15.040,14662,14664,14664,1,1
2022-08-03 15:06:16.646,14664,14665,14665,1,1
2022-08-03 15:06:16.798,14664,14666,14664,1,-1
2022-08-03 15:06:25.799,14663,14664,14664,1,1
2022-08-03 15:06:26.821,14664,14665,14664,1,-1
2022-08-03 15:06:27.019,14664,14665,14665,2,2
2022-08-03 15:06:27.019,14664,14665,14665,1,1
2022-08-03 15:06:27.019,14664,14665,14665,1,1
2022-08-03 15:06:27.019,14664,14665,14665,2,2
2022-08-03 15:06:27.019,14664,14665,14665,1,1
2022-08-03 15:06:29.389,14665,14666,14666,10,10
2022-08-03 15:06:29.389,14665,14666,14666,2,2
2022-08-03 15:06:29.389,14665,14666,14666,1,1
2022-08-03 15:06:29.390,14665,14666,14666,1,1
2022-08-03 15:06:29.390,14665,14666,14666,1,1
2022-08-03 15:06:34.230,14665,14667,14665,1,-1
2022-08-03 15:06:34.986,14665,14666,14665,1,-1
2022-08-03 15:06:34.986,14665,14666,14664,3,-3
2022-08-03 15:06:40.459,14664,14665,14664,2,-2
2022-08-03 15:06:40.982,14663,14665,14664,1,-1
2022-08-03 15:06:44.937,14663,14664,14663,1,-1
2022-08-03 15:06:44.937,14663,14664,14663,1,-1
2022-08-03 15:06:44.937,14663,14664,14663,1,-1
2022-08-03 15:06:46.201,14662,14663,14662,2,-2
2022-08-03 15:06:47.114,14661,14663,14663,1,1
2022-08-03 15:06:47.161,14661,14663,14663,1,1
2022-08-03 15:06:48.750,14662,14663,14662,1,-1
2022-08-03 15:06:50.427,14661,14663,14662,1,-1
2022-08-03 15:06:51.579,14661,14663,14661,2,-2
2022-08-03 15:06:51.842,14660,14662,14661,1,-1
2022-08-03 15:06:54.373,14660,14662,14660,1,-1
2022-08-03 15:06:57.646,14661,14662,14661,3,-3
2022-08-03 15:06:57.646,14661,14662,14660,1,-1
2022-08-03 15:06:59.195,14660,14661,14660,1,-1
2022-08-03 15:06:59.728,14660,14661,14660,1,-1
2022-08-03 15:06:59.728,14660,14661,14660,1,-1
2022-08-03 15:06:59.728,14660,14661,14660,7,-7
2022-08-03 15:07:01.576,14660,14661,14661,1,1
2022-08-03 15:07:02.605,14660,14661,14660,2,-2
2022-08-03 15:07:07.798,14660,14661,14660,1,-1
2022-08-03 15:07:08.213,14659,14660,14659,9,-9
2022-08-03 15:07:16.055,14658,14659,14659,1,1
2022-08-03 15:07:20.429,14658,14660,14658,1,-1
2022-08-03 15:07:22.290,14658,14659,14659,1,1
2022-08-03 15:07:25.105,14658,14659,14659,4,4
2022-08-03 15:07:25.105,14658,14659,14660,6,6
2022-08-03 15:07:28.849,14659,14661,14659,1,-1
2022-08-03 15:07:35.977,14659,14660,14660,1,1
2022-08-03 15:07:37.768,14660,14661,14661,3,3
2022-08-03 15:07:39.333,14661,14662,14662,1,1
2022-08-03 15:07:40.187,14661,14662,14661,2,-2
2022-08-03 15:07:40.566,14661,14662,14662,1,1
2022-08-03 15:07:40.566,14661,14662,14663,1,1
2022-08-03 15:07:54.614,14662,14663,14662,1,-1
2022-08-03 15:07:55.782,14662,14663,14662,2,-2
2022-08-03 15:07:55.782,14662,14663,14662,1,-1
2022-08-03 15:07:55.958,14662,14663,14663,1,1
2022-08-03 15:07:56.049,14662,14664,14662,1,-1
2022-08-03 15:07:57.319,14663,14665,14663,1,-1
2022-08-03 15:07:57.432,14663,14665,14665,1,1
2022-08-03 15:07:57.565,14664,14665,14663,1,-1
2022-08-03 15:08:05.778,14664,14665,14665,1,1
2022-08-03 15:08:05.823,14664,14665,14666,6,6
2022-08-03 15:08:08.190,14666,14667,14667,1,1
2022-08-03 15:08:08.190,14666,14667,14667,1,1
2022-08-03 15:08:08.191,14666,14667,14667,3,3
2022-08-03 15:08:08.507,14667,14668,14667,1,-1
2022-08-03 15:08:09.362,14666,14668,14668,1,1
2022-08-03 15:08:14.967,14666,14667,14667,1,1
2022-08-03 15:08:15.173,14667,14668,14668,1,1
2022-08-03 15:08:15.173,14667,14668,14668,1,1
2022-08-03 15:08:15.173,14667,14668,14668,1,1
2022-08-03 15:08:16.047,14668,14669,14668,2,-2
2022-08-03 15:08:16.116,14668,14669,14668,1,-1
2022-08-03 15:08:16.383,14668,14669,14669,8,8
2022-08-03 15:08:16.384,14668,14669,14669,4,4
2022-08-03 15:08:16.384,14668,14669,14669,1,1
2022-08-03 15:08:16.698,14668,14670,14668,1,-1
2022-08-03 15:08:17.395,14669,14670,14669,2,-2
2022-08-03 15:08:17.991,14669,14670,14670,5,5
2022-08-03 15:08:18.064,14669,14670,14669,2,-2
2022-08-03 15:08:18.368,14669,14670,14669,1,-1
2022-08-03 15:08:21.509,14668,14669,14668,1,-1
2022-08-03 15:08:22.415,14667,14668,14668,1,1
2022-08-03 15:08:25.786,14668,14669,14669,2,2
2022-08-03 15:08:25.787,14668,14669,14669,1,1
2022-08-03 15:08:25.788,14668,14669,14669,3,3
2022-08-03 15:08:25.788,14668,14669,14670,4,4
2022-08-03 15:08:25.788,14668,14669,14670,2,2
2022-08-03 15:08:26.327,14669,14671,14669,2,-2
2022-08-03 15:08:27.581,14668,14670,14668,1,-1
2022-08-03 15:08:34.990,14668,14670,14668,1,-1
2022-08-03 15:08:36.205,14668,14670,14670,1,1
2022-08-03 15:08:37.527,14669,14670,14670,5,5
2022-08-03 15:08:37.527,14669,14670,14670,1,1
2022-08-03 15:08:37.527,14669,14670,14670,1,1
2022-08-03 15:08:41.572,14669,14671,14669,1,-1
2022-08-03 15:08:46.321,14669,14670,14669,1,-1
2022-08-03 15:08:47.125,14669,14670,14670,1,1
2022-08-03 15:08:50.450,14668,14670,14668,2,-2
2022-08-03 15:08:53.818,14669,14671,14669,1,-1
2022-08-03 15:08:53.909,14669,14671,14669,1,-1
2022-08-03 15:09:01.536,14669,14670,14670,1,1
2022-08-03 15:09:02.529,14669,14670,14670,2,2
2022-08-03 15:09:09.700,14669,14670,14669,1,-1
2022-08-03 15:09:09.700,14669,14670,14669,1,-1
2022-08-03 15:09:09.700,14669,14670,14669,1,-1
2022-08-03 15:09:09.700,14669,14670,14669,1,-1
2022-08-03 15:09:10.697,14667,14669,14667,1,-1
2022-08-03 15:09:12.568,14667,14669,14667,1,-1
2022-08-03 15:09:21.901,14668,14669,14669,1,1
2022-08-03 15:09:30.943,14668,14669,14668,1,-1
2022-08-03 15:09:31.662,14668,14669,14669,1,1
2022-08-03 15:09:40.806,14669,14670,14670,2,2
2022-08-03 15:09:43.404,14669,14670,14670,1,1
2022-08-03 15:09:44.317,14669,14670,14669,1,-1
2022-08-03 15:09:44.601,14668,14670,14668,1,-1
2022-08-03 15:09:45.124,14668,14669,14669,1,1
2022-08-03 15:09:48.519,14668,14669,14669,1,1
2022-08-03 15:09:50.725,14669,14670,14669,1,-1
2022-08-03 15:09:50.832,14668,14670,14668,1,-1
2022-08-03 15:09:51.016,14668,14670,14668,1,-1
2022-08-03 15:09:51.193,14668,14670,14668,1,-1
2022-08-03 15:09:51.933,14668,14670,14668,1,-1
2022-08-03 15:09:52.034,14668,14670,14668,1,-1
2022-08-03 15:09:52.130,14668,14670,14668,1,-1
2022-08-03 15:09:52.258,14668,14670,14668,1,-1
2022-08-03 15:09:52.394,14667,14669,14667,1,-1
2022-08-03 15:09:52.502,14667,14669,14667,1,-1
2022-08-03 15:09:52.860,14667,14669,14667,1,-1
2022-08-03 15:09:53.510,14668,14670,14669,1,-1
2022-08-03 15:09:53.732,14668,14670,14668,1,-1
2022-08-03 15:09:53.846,14668,14670,14668,1,-1
2022-08-03 15:09:53.957,14668,14670,14668,1,-1
2022-08-03 15:09:57.013,14669,14670,14670,5,5
2022-08-03 15:09:57.769,14669,14670,14669,1,-1
2022-08-03 15:10:00.510,14669,14670,14670,1,1
2022-08-03 15:10:01.005,14669,14670,14670,1,1
2022-08-03 15:10:01.005,14669,14670,14671,1,1
2022-08-03 15:10:01.058,14669,14671,14671,1,1
2022-08-03 15:10:01.586,14669,14671,14671,1,1
2022-08-03 15:10:03.603,14669,14671,14671,2,2
2022-08-03 15:10:10.051,14670,14671,14670,1,-1
2022-08-03 15:10:18.590,14670,14671,14671,1,1
2022-08-03 15:10:20.877,14670,14671,14670,1,-1
2022-08-03 15:10:21.066,14670,14671,14671,1,1
2022-08-03 15:10:30.582,14671,14672,14672,2,2
2022-08-03 15:10:30.665,14671,14672,14672,1,1
2022-08-03 15:10:30.708,14671,14672,14672,2,2
2022-08-03 15:10:30.758,14671,14672,14672,2,2
2022-08-03 15:10:30.858,14671,14672,14672,1,1
2022-08-03 15:10:30.899,14671,14673,14671,1,-1
2022-08-03 15:10:35.641,14672,14673,14672,1,-1
2022-08-03 15:10:38.028,14672,14673,14672,1,-1
2022-08-03 15:10:40.346,14671,14672,14672,3,3
2022-08-03 15:10:47.825,14671,14672,14672,5,5
2022-08-03 15:10:48.830,14672,14673,14672,1,-1
2022-08-03 15:10:50.579,14672,14673,14672,1,-1
2022-08-03 15:10:52.022,14672,14673,14673,1,1
2022-08-03 15:10:52.023,14672,14673,14673,7,7
2022-08-03 15:10:52.023,14672,14673,14673,1,1
2022-08-03 15:10:52.166,14673,14674,14674,1,1
2022-08-03 15:11:01.190,14673,14674,14674,1,1
2022-08-03 15:11:02.628,14673,14674,14674,1,1
2022-08-03 15:11:02.628,14673,14674,14674,3,3
2022-08-03 15:11:02.628,14673,14674,14674,1,1
2022-08-03 15:11:04.197,14674,14675,14674,1,-1
2022-08-03 15:11:06.512,14673,14674,14674,1,1
2022-08-03 15:11:08.141,14674,14675,14674,1,-1
2022-08-03 15:11:09.175,14673,14674,14674,1,1
2022-08-03 15:11:09.897,14673,14674,14674,1,1
2022-08-03 15:11:09.935,14673,14674,14674,1,1
2022-08-03 15:11:10.740,14673,14674,14673,3,-3
2022-08-03 15:11:11.860,14672,14673,14672,1,-1
2022-08-03 15:11:11.860,14672,14673,14672,3,-3
2022-08-03 15:11:14.937,14671,14672,14672,1,1
2022-08-03 15:11:15.437,14671,14672,14672,1,1
2022-08-03 15:11:20.081,14671,14673,14673,5,5
2022-08-03 15:11:21.279,14673,14674,14674,3,3
2022-08-03 15:11:21.279,14673,14674,14674,2,2
2022-08-03 15:11:21.280,14673,14674,14674,1,1
2022-08-03 15:11:21.895,14673,14674,14673,1,-1
2022-08-03 15:11:22.359,14673,14674,14673,5,-5
2022-08-03 15:11:22.609,14672,14673,14673,3,3
2022-08-03 15:11:22.609,14672,14673,14674,2,2
2022-08-03 15:11:25.807,14673,14675,14675,5,5
2022-08-03 15:11:25.929,14673,14675,14675,1,1
2022-08-03 15:11:25.991,14673,14675,14675,1,1
2022-08-03 15:11:26.032,14673,14675,14675,1,1
2022-08-03 15:11:28.440,14673,14674,14674,1,1
2022-08-03 15:11:28.562,14673,14674,14673,1,-1
2022-08-03 15:11:35.124,14674,14675,14674,1,-1
2022-08-03 15:11:44.492,14672,14674,14674,1,1
2022-08-03 15:11:44.971,14673,14674,14674,1,1
2022-08-03 15:11:52.891,14673,14674,14673,2,-2
2022-08-03 15:11:53.767,14672,14674,14672,1,-1
2022-08-03 15:12:02.511,14672,14673,14672,1,-1
2022-08-03 15:12:02.511,14672,14673,14672,1,-1
2022-08-03 15:12:05.746,14672,14673,14672,1,-1
2022-08-03 15:12:14.907,14671,14672,14672,1,1
2022-08-03 15:12:14.907,14671,14672,14672,2,2
2022-08-03 15:12:15.291,14671,14672,14671,3,-3
2022-08-03 15:12:21.374,14670,14672,14670,4,-4
2022-08-03 15:12:21.374,14670,14672,14670,3,-3
2022-08-03 15:12:32.332,14670,14671,14671,1,1
2022-08-03 15:12:38.983,14671,14672,14671,1,-1
2022-08-03 15:12:42.391,14671,14672,14672,1,1
2022-08-03 15:12:45.533,14670,14672,14670,1,-1
2022-08-03 15:12:45.731,14669,14671,14669,1,-1
2022-08-03 15:12:45.922,14669,14671,14669,1,-1
2022-08-03 15:12:46.210,14669,14671,14669,1,-1
2022-08-03 15:12:46.259,14669,14671,14669,1,-1
2022-08-03 15:12:46.420,14669,14671,14669,1,-1
2022-08-03 15:12:46.778,14668,14670,14668,2,-2
2022-08-03 15:12:46.913,14668,14670,14668,1,-1
2022-08-03 15:12:47.002,14668,14670,14670,1,1
2022-08-03 15:12:57.394,14668,14670,14668,5,-5
2022-08-03 15:13:00.431,14668,14670,14668,1,-1
2022-08-03 15:13:00.508,14668,14670,14670,1,1
2022-08-03 15:13:06.861,14668,14670,14668,1,-1
2022-08-03 15:13:10.032,14668,14670,14670,1,1
2022-08-03 15:13:11.564,14668,14670,14668,2,-2
2022-08-03 15:13:13.737,14668,14669,14668,1,-1
2022-08-03 15:13:22.761,14667,14669,14667,2,-2
2022-08-03 15:13:26.110,14668,14669,14669,1,1
2022-08-03 15:13:33.847,14668,14669,14668,1,-1
2022-08-03 15:13:33.848,14668,14669,14668,1,-1
2022-08-03 15:13:45.396,14667,14668,14667,3,-3
2022-08-03 15:13:54.254,14667,14668,14668,5,5
2022-08-03 15:13:54.678,14667,14669,14667,1,-1
2022-08-03 15:13:54.967,14667,14669,14669,1,1
2022-08-03 15:14:05.784,14667,14668,14668,1,1
2022-08-03 15:14:09.576,14667,14668,14667,3,-3
2022-08-03 15:14:14.988,14666,14668,14668,1,1
2022-08-03 15:14:19.482,14666,14668,14668,1,1
2022-08-03 15:14:20.423,14666,14668,14666,2,-2
2022-08-03 15:14:20.423,14666,14668,14666,1,-1
2022-08-03 15:14:20.423,14666,14668,14666,2,-2
2022-08-03 15:14:20.424,14666,14668,14666,1,-1
2022-08-03 15:14:21.549,14665,14666,14665,6,-6
2022-08-03 15:14:24.507,14664,14665,14664,1,-1
2022-08-03 15:14:24.507,14664,14665,14664,3,-3
2022-08-03 15:14:24.779,14663,14665,14663,1,-1
2022-08-03 15:14:25.322,14663,14665,14664,1,-1
2022-08-03 15:14:26.930,14663,14664,14663,2,-2
2022-08-03 15:14:28.341,14663,14664,14663,5,-5
2022-08-03 15:14:32.318,14662,14663,14663,1,1
2022-08-03 15:14:43.044,14662,14663,14663,1,1
2022-08-03 15:14:44.245,14662,14663,14663,1,1
2022-08-03 15:14:45.685,14663,14665,14665,1,1
2022-08-03 15:14:46.096,14663,14665,14663,1,-1
2022-08-03 15:14:48.182,14664,14665,14664,1,-1
2022-08-03 15:14:54.962,14663,14664,14664,1,1
2022-08-03 15:14:56.977,14664,14665,14664,1,-1
2022-08-03 15:15:00.652,14664,14665,14664,1,-1
2022-08-03 15:15:02.699,14663,14664,14663,4,-4
2022-08-03 15:15:02.699,14663,14664,14663,1,-1
2022-08-03 15:15:02.699,14663,14664,14663,2,-2
2022-08-03 15:15:12.508,14662,14663,14662,2,-2
2022-08-03 15:15:13.423,14662,14663,14663,1,1
2022-08-03 15:15:18.384,14662,14663,14663,1,1
2022-08-03 15:15:18.384,14662,14663,14663,2,2
2022-08-03 15:15:18.538,14663,14664,14664,1,1
2022-08-03 15:15:18.539,14663,14664,14664,1,1
2022-08-03 15:15:25.240,14662,14663,14662,2,-2
2022-08-03 15:15:25.971,14662,14663,14662,1,-1
2022-08-03 15:15:25.971,14662,14663,14662,4,-4
2022-08-03 15:15:30.409,14662,14663,14662,1,-1
2022-08-03 15:15:31.613,14662,14663,14663,1,1
2022-08-03 15:15:32.825,14662,14664,14662,1,-1
2022-08-03 15:15:36.393,14663,14664,14664,1,1
2022-08-03 15:15:36.393,14663,14664,14664,3,3
2022-08-03 15:15:45.986,14664,14665,14664,1,-1
2022-08-03 15:15:46.624,14664,14665,14665,4,4
2022-08-03 15:15:46.624,14664,14665,14665,1,1
2022-08-03 15:15:46.624,14664,14665,14665,6,6
2022-08-03 15:15:47.250,14665,14666,14666,5,5
2022-08-03 15:15:51.453,14667,14668,14667,1,-1
2022-08-03 15:15:54.544,14667,14668,14668,2,2
2022-08-03 15:15:54.823,14667,14668,14668,1,1
2022-08-03 15:15:55.044,14667,14668,14668,1,1
2022-08-03 15:15:56.976,14668,14669,14668,1,-1
2022-08-03 15:16:00.227,14668,14669,14669,1,1
2022-08-03 15:16:00.646,14668,14669,14669,1,1
2022-08-03 15:16:02.151,14669,14670,14669,1,-1
2022-08-03 15:16:02.151,14669,14670,14668,1,-1
2022-08-03 15:16:03.108,14669,14670,14669,1,-1
2022-08-03 15:16:09.762,14668,14669,14668,1,-1
2022-08-03 15:16:15.336,14668,14669,14669,3,3
2022-08-03 15:16:21.930,14668,14669,14669,1,1
2022-08-03 15:16:21.993,14668,14669,14669,1,1
2022-08-03 15:16:33.188,14668,14669,14669,1,1
2022-08-03 15:16:33.507,14668,14670,14668,1,-1
2022-08-03 15:16:47.744,14667,14668,14668,1,1
2022-08-03 15:16:55.247,14668,14669,14669,1,1
2022-08-03 15:16:55.248,14668,14669,14669,3,3
2022-08-03 15:16:55.376,14669,14670,14670,2,2
2022-08-03 15:17:05.036,14668,14669,14668,1,-1
2022-08-03 15:17:40.152,14668,14669,14669,7,7
2022-08-03 15:17:40.152,14668,14669,14670,14,14
2022-08-03 15:17:40.154,14668,14669,14670,5,5
2022-08-03 15:17:40.391,14669,14671,14671,1,1
2022-08-03 15:17:40.397,14669,14671,14671,1,1
2022-08-03 15:17:40.409,14669,14671,14671,1,1
2022-08-03 15:17:53.049,14670,14671,14671,1,1
2022-08-03 15:17:53.709,14670,14671,14671,1,1
2022-08-03 15:17:55.475,14670,14671,14671,1,1
2022-08-03 15:17:57.141,14669,14671,14671,1,1
2022-08-03 15:18:04.456,14669,14671,14669,1,-1
2022-08-03 15:18:05.026,14669,14671,14669,2,-2
2022-08-03 15:18:05.188,14669,14671,14669,1,-1
2022-08-03 15:18:05.188,14669,14671,14668,1,-1
2022-08-03 15:18:05.371,14668,14670,14668,2,-2
2022-08-03 15:18:05.391,14668,14670,14668,2,-2
2022-08-03 15:18:23.868,14669,14670,14669,1,-1
2022-08-03 15:18:26.795,14668,14670,14669,5,-5
2022-08-03 15:18:28.180,14668,14670,14669,5,-5
2022-08-03 15:18:29.065,14668,14670,14668,5,-5
2022-08-03 15:18:29.526,14668,14670,14668,5,-5
2022-08-03 15:18:30.674,14668,14670,14668,4,-4
2022-08-03 15:18:30.675,14668,14670,14668,1,-1
2022-08-03 15:18:34.259,14668,14670,14668,4,-4
2022-08-03 15:18:39.015,14668,14669,14669,1,1
2022-08-03 15:18:50.129,14668,14669,14668,1,-1
2022-08-03 15:18:52.631,14668,14669,14668,2,-2
2022-08-03 15:18:53.416,14667,14669,14669,3,3
2022-08-03 15:19:00.688,14668,14670,14670,1,1
2022-08-03 15:19:11.626,14668,14670,14670,1,1
2022-08-03 15:19:14.776,14668,14669,14669,1,1
2022-08-03 15:19:30.084,14668,14669,14669,2,2
2022-08-03 15:19:30.625,14669,14670,14670,5,5
2022-08-03 15:19:39.112,14671,14672,14672,2,2
2022-08-03 15:19:42.290,14671,14672,14671,1,-1
2022-08-03 15:19:45.708,14670,14671,14670,1,-1
2022-08-03 15:19:45.729,14670,14671,14670,1,-1
2022-08-03 15:19:50.272,14669,14670,14670,2,2
2022-08-03 15:19:50.776,14669,14670,14670,1,1
2022-08-03 15:19:55.212,14671,14672,14672,5,5
2022-08-03 15:20:05.124,14671,14672,14672,2,2
2022-08-03 15:20:07.331,14670,14672,14672,1,1
2022-08-03 15:20:07.331,14670,14672,14672,2,2
2022-08-03 15:20:08.825,14670,14672,14672,1,1
2022-08-03 15:20:10.171,14670,14672,14670,5,-5
2022-08-03 15:20:10.830,14671,14672,14672,1,1
2022-08-03 15:20:12.409,14671,14673,14673,5,5
2022-08-03 15:20:13.877,14672,14673,14673,3,3
2022-08-03 15:20:14.197,14672,14674,14674,2,2
2022-08-03 15:20:20.335,14672,14673,14673,1,1
2022-08-03 15:20:22.005,14672,14674,14674,1,1
2022-08-03 15:20:25.963,14672,14673,14673,1,1
2022-08-03 15:20:26.140,14672,14673,14673,1,1
2022-08-03 15:20:26.570,14672,14674,14674,5,5
2022-08-03 15:20:26.984,14672,14674,14674,4,4
2022-08-03 15:20:26.985,14672,14674,14674,1,1
2022-08-03 15:20:28.775,14673,14675,14675,2,2
2022-08-03 15:20:28.914,14673,14675,14675,1,1
2022-08-03 15:20:28.923,14673,14675,14675,4,4
2022-08-03 15:20:29.023,14673,14675,14675,1,1
2022-08-03 15:20:29.948,14673,14675,14675,2,2
2022-08-03 15:20:31.490,14673,14675,14675,1,1
2022-08-03 15:20:32.811,14673,14675,14673,2,-2
2022-08-03 15:20:35.723,14674,14675,14675,2,2
2022-08-03 15:20:36.871,14674,14675,14675,4,4
2022-08-03 15:20:36.871,14674,14675,14675,1,1
2022-08-03 15:20:36.872,14674,14675,14675,2,2
2022-08-03 15:20:36.872,14674,14675,14675,2,2
2022-08-03 15:20:36.872,14674,14675,14675,1,1
2022-08-03 15:20:42.875,14674,14675,14675,1,1
2022-08-03 15:20:43.920,14674,14676,14676,4,4
2022-08-03 15:20:45.032,14675,14676,14676,2,2
2022-08-03 15:20:45.108,14675,14676,14675,1,-1
2022-08-03 15:20:47.526,14674,14675,14675,2,2
2022-08-03 15:20:49.586,14674,14675,14675,1,1
2022-08-03 15:20:50.147,14674,14675,14674,1,-1
2022-08-03 15:21:00.156,14673,14674,14674,1,1
2022-08-03 15:21:00.409,14674,14675,14675,1,1
2022-08-03 15:21:01.059,14674,14675,14674,1,-1
2022-08-03 15:21:01.454,14674,14675,14674,2,-2
2022-08-03 15:21:07.770,14673,14674,14674,1,1
2022-08-03 15:21:07.770,14673,14674,14675,1,1
2022-08-03 15:21:12.409,14673,14675,14675,1,1
2022-08-03 15:21:13.951,14674,14675,14674,1,-1
2022-08-03 15:21:15.200,14672,14674,14672,1,-1
2022-08-03 15:21:20.186,14672,14673,14673,1,1
2022-08-03 15:21:20.195,14672,14673,14673,1,1
2022-08-03 15:21:22.704,14672,14674,14674,1,1
2022-08-03 15:21:22.961,14672,14674,14674,1,1
2022-08-03 15:21:24.628,14672,14674,14674,1,1
2022-08-03 15:21:25.899,14672,14674,14674,1,1
2022-08-03 15:21:26.691,14673,14675,14673,1,-1
2022-08-03 15:21:29.242,14672,14674,14674,1,1
2022-08-03 15:21:31.954,14672,14674,14674,1,1
2022-08-03 15:21:33.215,14672,14674,14674,1,1
2022-08-03 15:21:42.168,14672,14674,14674,1,1
2022-08-03 15:21:43.104,14672,14674,14674,2,2
2022-08-03 15:21:43.370,14672,14674,14673,1,1
2022-08-03 15:21:54.308,14672,14674,14672,3,-3
2022-08-03 15:21:54.571,14671,14673,14673,1,1
2022-08-03 15:21:54.571,14671,14673,14673,2,2
2022-08-03 15:21:54.836,14671,14673,14673,1,1
2022-08-03 15:21:55.233,14671,14673,14673,2,2
2022-08-03 15:21:55.273,14671,14673,14673,3,3
2022-08-03 15:21:55.682,14671,14673,14673,3,3
2022-08-03 15:21:56.094,14671,14673,14673,1,1
2022-08-03 15:21:56.094,14671,14673,14673,2,2
2022-08-03 15:21:56.360,14671,14673,14673,2,2
2022-08-03 15:21:56.369,14671,14673,14673,1,1
2022-08-03 15:21:56.749,14671,14673,14673,2,2
2022-08-03 15:21:58.355,14671,14673,14673,1,1
2022-08-03 15:22:03.154,14672,14673,14673,2,2
2022-08-03 15:22:03.393,14672,14673,14673,2,2
2022-08-03 15:22:04.099,14672,14673,14673,3,3
2022-08-03 15:22:05.044,14673,14674,14674,1,1
2022-08-03 15:22:05.044,14673,14674,14674,2,2
2022-08-03 15:22:07.710,14673,14675,14675,1,1
2022-08-03 15:22:08.646,14673,14675,14675,1,1
2022-08-03 15:22:09.860,14674,14675,14675,2,2
2022-08-03 15:22:16.550,14673,14674,14674,1,1
2022-08-03 15:22:31.433,14674,14675,14675,4,4
2022-08-03 15:22:31.434,14674,14675,14675,4,4
2022-08-03 15:22:32.605,14675,14677,14675,1,-1
2022-08-03 15:22:33.849,14675,14676,14676,1,1
2022-08-03 15:22:33.966,14675,14677,14677,1,1
2022-08-03 15:22:38.824,14674,14676,14676,2,2
2022-08-03 15:22:39.089,14674,14676,14676,1,1
2022-08-03 15:22:39.607,14675,14677,14677,1,1
2022-08-03 15:22:41.091,14675,14676,14676,1,1
2022-08-03 15:22:48.930,14676,14677,14676,1,-1
2022-08-03 15:22:52.126,14675,14676,14676,2,2
2022-08-03 15:22:54.190,14675,14676,14676,1,1
2022-08-03 15:22:55.489,14675,14676,14675,3,-3
2022-08-03 15:23:05.745,14673,14675,14675,1,1
2022-08-03 15:23:08.703,14674,14675,14675,3,3
2022-08-03 15:23:08.705,14674,14675,14676,2,2
2022-08-03 15:23:19.022,14675,14676,14675,1,-1
2022-08-03 15:23:25.316,14675,14676,14675,3,-3
2022-08-03 15:23:28.776,14675,14676,14675,1,-1
2022-08-03 15:23:34.640,14675,14676,14675,1,-1
2022-08-03 15:23:43.409,14675,14676,14676,4,4
2022-08-03 15:23:44.177,14676,14677,14677,2,2
2022-08-03 15:23:44.178,14676,14677,14677,6,6
2022-08-03 15:23:44.178,14676,14677,14677,3,3
2022-08-03 15:23:44.395,14677,14678,14678,2,2
2022-08-03 15:23:44.396,14677,14678,14678,2,2
2022-08-03 15:23:44.406,14677,14678,14678,2,2
2022-08-03 15:23:44.406,14677,14678,14678,6,6
2022-08-03 15:23:44.407,14677,14678,14678,6,6
2022-08-03 15:23:44.407,14677,14678,14678,1,1
2022-08-03 15:23:44.635,14678,14679,14679,1,1
2022-08-03 15:23:44.645,14678,14679,14679,2,2
2022-08-03 15:23:44.654,14678,14679,14679,1,1
2022-08-03 15:23:44.661,14678,14679,14679,1,1
2022-08-03 15:23:44.689,14678,14679,14679,1,1
2022-08-03 15:23:44.689,14678,14679,14679,1,1
2022-08-03 15:23:44.690,14678,14679,14679,1,1
2022-08-03 15:23:44.690,14678,14679,14679,1,1
2022-08-03 15:23:44.702,14678,14679,14679,1,1
2022-08-03 15:23:44.705,14678,14679,14679,1,1
2022-08-03 15:23:44.721,14678,14679,14679,1,1
2022-08-03 15:23:44.754,14678,14679,14679,1,1
2022-08-03 15:23:47.968,14678,14679,14679,1,1
2022-08-03 15:23:48.161,14678,14679,14679,1,1
2022-08-03 15:23:49.868,14678,14679,14678,1,-1
2022-08-03 15:23:49.868,14678,14679,14678,1,-1
2022-08-03 15:23:49.869,14678,14679,14678,1,-1
2022-08-03 15:23:53.350,14677,14679,14679,1,1
2022-08-03 15:23:56.075,14677,14678,14678,2,2
2022-08-03 15:23:57.967,14678,14679,14678,2,-2
2022-08-03 15:23:59.426,14677,14678,14677,1,-1
2022-08-03 15:23:59.426,14677,14678,14677,2,-2
2022-08-03 15:24:04.537,14677,14678,14678,2,2
2022-08-03 15:24:04.733,14677,14678,14678,2,2
2022-08-03 15:24:04.741,14677,14678,14679,2,2
2022-08-03 15:24:04.795,14677,14679,14679,1,1
2022-08-03 15:24:04.830,14677,14679,14679,2,2
2022-08-03 15:24:04.972,14677,14679,14679,1,1
2022-08-03 15:24:07.808,14677,14678,14678,1,1
2022-08-03 15:24:07.893,14677,14679,14677,1,-1
2022-08-03 15:24:11.170,14678,14679,14678,1,-1
2022-08-03 15:24:16.753,14678,14679,14679,1,1
2022-08-03 15:24:18.116,14678,14679,14679,1,1
2022-08-03 15:24:18.937,14678,14679,14678,3,-3
2022-08-03 15:24:20.532,14677,14678,14678,1,1
2022-08-03 15:24:26.853,14677,14678,14677,1,-1
2022-08-03 15:24:31.090,14677,14678,14677,1,-1
2022-08-03 15:24:31.094,14677,14678,14677,2,-2
2022-08-03 15:24:32.539,14677,14678,14677,1,-1
2022-08-03 15:24:34.510,14676,14677,14676,1,-1
2022-08-03 15:24:37.916,14676,14677,14676,2,-2
2022-08-03 15:24:38.239,14675,14676,14676,2,2
2022-08-03 15:24:39.546,14675,14676,14676,1,1
2022-08-03 15:24:39.943,14675,14676,14675,1,-1
2022-08-03 15:24:41.552,14674,14675,14674,1,-1
2022-08-03 15:24:44.651,14674,14676,14674,2,-2
2022-08-03 15:24:49.084,14674,14676,14674,1,-1
2022-08-03 15:24:52.116,14674,14676,14674,1,-1
2022-08-03 15:25:15.284,14673,14674,14673,1,-1
2022-08-03 15:25:15.284,14673,14674,14673,1,-1
2022-08-03 15:25:17.458,14672,14673,14672,1,-1
2022-08-03 15:25:17.458,14672,14673,14672,2,-2
2022-08-03 15:25:21.375,14672,14673,14673,1,1
2022-08-03 15:25:21.376,14672,14673,14673,1,1
2022-08-03 15:25:24.599,14672,14674,14672,1,-1
2022-08-03 15:25:27.733,14672,14673,14672,1,-1
2022-08-03 15:25:32.139,14671,14673,14671,1,-1
2022-08-03 15:25:32.266,14671,14673,14673,1,1
2022-08-03 15:25:36.786,14671,14673,14673,5,5
2022-08-03 15:25:39.104,14673,14674,14674,1,1
2022-08-03 15:25:41.986,14674,14675,14674,1,-1
2022-08-03 15:26:00.857,14672,14673,14673,1,1
2022-08-03 15:26:03.115,14672,14673,14673,1,1
2022-08-03 15:26:23.319,14673,14674,14673,1,-1
2022-08-03 15:26:24.878,14672,14673,14673,2,2
2022-08-03 15:26:34.677,14673,14674,14674,1,1
2022-08-03 15:26:35.272,14673,14674,14674,2,2
2022-08-03 15:26:35.638,14674,14675,14675,1,1
2022-08-03 15:26:35.645,14674,14675,14675,1,1
2022-08-03 15:26:41.430,14674,14675,14675,1,1
2022-08-03 15:26:47.221,14674,14675,14675,1,1
2022-08-03 15:27:06.166,14674,14675,14674,1,-1
2022-08-03 15:27:06.278,14674,14675,14675,1,1
2022-08-03 15:27:07.945,14674,14675,14675,1,1
2022-08-03 15:27:07.954,14674,14675,14675,1,1
2022-08-03 15:27:12.185,14674,14675,14675,1,1
2022-08-03 15:27:12.189,14674,14675,14675,1,1
2022-08-03 15:27:17.419,14675,14676,14675,5,-5
2022-08-03 15:27:21.243,14675,14676,14675,1,-1
2022-08-03 15:27:29.217,14675,14676,14675,1,-1
2022-08-03 15:27:29.217,14675,14676,14675,4,-4
2022-08-03 15:27:53.956,14675,14676,14675,1,-1
2022-08-03 15:27:57.328,14675,14676,14676,2,2
2022-08-03 15:27:57.328,14675,14676,14676,2,2
2022-08-03 15:28:05.196,14676,14677,14676,1,-1
2022-08-03 15:28:12.027,14675,14676,14676,1,1
2022-08-03 15:28:12.027,14675,14676,14676,1,1
2022-08-03 15:28:12.027,14675,14676,14676,1,1
2022-08-03 15:28:40.193,14675,14676,14676,2,2
2022-08-03 15:28:49.566,14675,14676,14675,1,-1
2022-08-03 15:28:49.567,14675,14676,14675,6,-6
2022-08-03 15:29:03.782,14674,14675,14674,4,-4
2022-08-03 15:29:03.782,14674,14675,14674,1,-1
2022-08-03 15:29:03.782,14674,14675,14674,2,-2
2022-08-03 15:29:28.952,14674,14675,14674,2,-2
2022-08-03 15:29:28.952,14674,14675,14674,1,-1
2022-08-03 15:29:28.952,14674,14675,14674,2,-2
2022-08-03 15:29:37.831,14673,14674,14674,1,1
2022-08-03 15:29:38.014,14674,14675,14675,1,1
2022-08-03 15:29:48.854,14674,14675,14675,1,1
2022-08-03 15:29:54.345,14675,14676,14675,3,-3
2022-08-03 15:30:02.764,14674,14675,14675,1,1
2022-08-03 15:30:02.892,14674,14675,14675,1,1
2022-08-03 15:30:02.897,14674,14675,14675,2,2
2022-08-03 15:30:02.897,14674,14675,14676,1,1
2022-08-03 15:30:02.897,14674,14675,14676,1,1
2022-08-03 15:30:02.900,14674,14675,14676,1,1
2022-08-03 15:30:03.247,14674,14676,14674,5,-5
2022-08-03 15:30:03.247,14674,14676,14673,3,-3
2022-08-03 15:30:03.264,14673,14675,14673,8,-8
2022-08-03 15:30:03.284,14673,14675,14673,3,-3
2022-08-03 15:30:03.284,14673,14675,14672,5,-5
2022-08-03 15:30:15.724,14674,14676,14674,1,-1
2022-08-03 15:30:23.280,14674,14675,14674,1,-1
2022-08-03 15:30:23.280,14674,14675,14674,4,-4
2022-08-03 15:30:26.995,14674,14675,14675,1,1
2022-08-03 15:30:27.015,14674,14676,14676,1,1
2022-08-03 15:30:27.016,14674,14676,14676,1,1
2022-08-03 15:30:27.016,14674,14676,14676,1,1
2022-08-03 15:30:27.016,14674,14676,14676,1,1
2022-08-03 15:30:27.146,14675,14676,14676,1,1
2022-08-03 15:30:33.102,14674,14675,14675,1,1
2022-08-03 15:30:33.439,14674,14676,14675,1,1
2022-08-03 15:30:35.714,14675,14676,14676,1,1
2022-08-03 15:30:39.040,14675,14676,14675,1,-1
2022-08-03 15:30:40.109,14675,14676,14676,1,1
2022-08-03 15:30:45.243,14675,14677,14675,1,-1
2022-08-03 15:30:45.582,14675,14677,14675,2,-2
2022-08-03 15:30:51.241,14675,14677,14675,1,-1
2022-08-03 15:30:51.652,14675,14677,14675,1,-1
2022-08-03 15:30:55.105,14675,14677,14675,2,-2
2022-08-03 15:30:57.683,14674,14676,14674,1,-1
2022-08-03 15:30:58.111,14674,14676,14674,1,-1
2022-08-03 15:31:03.975,14673,14674,14674,1,1
2022-08-03 15:31:04.476,14673,14674,14673,1,-1
2022-08-03 15:31:11.140,14673,14674,14674,1,1
2022-08-03 15:31:11.140,14673,14674,14674,2,2
2022-08-03 15:31:16.282,14674,14675,14675,1,1
2022-08-03 15:31:26.228,14674,14675,14674,1,-1
2022-08-03 15:31:53.019,14673,14674,14673,1,-1
2022-08-03 15:31:53.169,14672,14674,14672,1,-1
2022-08-03 15:31:54.120,14672,14673,14672,1,-1
2022-08-03 15:31:54.121,14672,14673,14672,3,-3
2022-08-03 15:31:57.392,14672,14673,14672,1,-1
2022-08-03 15:32:07.379,14671,14672,14672,1,1
2022-08-03 15:32:25.178,14671,14672,14671,1,-1
2022-08-03 15:32:25.179,14671,14672,14671,2,-2
2022-08-03 15:32:32.972,14671,14672,14671,1,-1
2022-08-03 15:32:38.102,14670,14671,14671,1,1
2022-08-03 15:32:41.561,14670,14671,14671,1,1
2022-08-03 15:32:42.097,14670,14672,14670,1,-1
2022-08-03 15:32:42.097,14670,14672,14670,1,-1
2022-08-03 15:32:42.097,14670,14672,14670,3,-3
2022-08-03 15:32:42.298,14668,14670,14668,2,-2
2022-08-03 15:32:42.531,14668,14670,14668,5,-5
2022-08-03 15:32:46.328,14669,14670,14669,1,-1
2022-08-03 15:32:53.122,14668,14670,14670,1,1
2022-08-03 15:32:54.054,14668,14669,14668,1,-1
2022-08-03 15:32:57.875,14668,14669,14669,1,1
2022-08-03 15:32:57.891,14668,14669,14669,1,1
2022-08-03 15:33:00.114,14668,14670,14668,1,-1
2022-08-03 15:33:17.606,14668,14670,14668,1,-1
2022-08-03 15:33:25.251,14668,14669,14668,14,-14
2022-08-03 15:33:25.252,14668,14669,14668,3,-3
2022-08-03 15:33:29.491,14667,14668,14668,2,2
2022-08-03 15:33:34.537,14668,14669,14669,5,5
2022-08-03 15:34:12.228,14668,14669,14669,1,1
2022-08-03 15:34:24.231,14669,14670,14669,1,-1
2022-08-03 15:34:27.940,14669,14670,14669,2,-2
2022-08-03 15:34:30.931,14668,14669,14668,1,-1
2022-08-03 15:34:30.931,14668,14669,14668,4,-4
2022-08-03 15:34:31.195,14667,14668,14667,4,-4
2022-08-03 15:34:34.554,14666,14667,14667,1,1
2022-08-03 15:34:35.359,14666,14668,14668,5,5
2022-08-03 15:34:46.542,14667,14668,14667,1,-1
2022-08-03 15:34:52.751,14666,14667,14666,5,-5
2022-08-03 15:34:56.917,14665,14666,14666,1,1
2022-08-03 15:35:09.817,14666,14667,14666,2,-2
2022-08-03 15:35:12.157,14666,14667,14666,2,-2
2022-08-03 15:35:13.561,14665,14666,14666,1,1
2022-08-03 15:35:16.578,14665,14666,14666,1,1
2022-08-03 15:35:23.636,14665,14666,14665,1,-1
2022-08-03 15:35:27.725,14665,14666,14666,4,4
2022-08-03 15:35:30.150,14666,14667,14666,1,-1
2022-08-03 15:35:39.417,14665,14666,14666,1,1
2022-08-03 15:35:45.184,14667,14668,14667,1,-1
2022-08-03 15:35:48.064,14666,14668,14666,2,-2
2022-08-03 15:35:53.065,14667,14668,14667,2,-2
2022-08-03 15:35:53.126,14667,14668,14667,3,-3
2022-08-03 15:35:53.216,14667,14668,14668,1,1
2022-08-03 15:35:55.183,14667,14669,14667,1,-1
2022-08-03 15:36:03.297,14668,14669,14668,1,-1
2022-08-03 15:36:21.319,14668,14669,14668,1,-1
2022-08-03 15:36:21.320,14668,14669,14668,2,-2
2022-08-03 15:36:23.050,14667,14668,14668,1,1
2022-08-03 15:36:26.294,14667,14668,14667,2,-2
2022-08-03 15:36:26.295,14667,14668,14667,2,-2
2022-08-03 15:36:30.814,14667,14668,14667,2,-2
2022-08-03 15:36:40.429,14666,14667,14667,1,1
2022-08-03 15:36:43.873,14666,14667,14667,2,2
2022-08-03 15:36:45.170,14667,14668,14667,1,-1
2022-08-03 15:36:45.844,14667,14668,14667,1,-1
2022-08-03 15:37:05.984,14667,14669,14667,2,-2
2022-08-03 15:37:43.801,14667,14668,14667,1,-1
2022-08-03 15:37:46.904,14667,14668,14668,4,4
2022-08-03 15:37:49.882,14668,14669,14669,3,3
2022-08-03 15:37:51.967,14668,14669,14669,1,1
2022-08-03 15:37:51.967,14668,14669,14670,1,1
2022-08-03 15:37:52.038,14668,14670,14670,1,1
2022-08-03 15:38:06.781,14668,14670,14670,2,2
2022-08-03 15:38:10.707,14668,14669,14668,1,-1
2022-08-03 15:38:10.707,14668,14669,14668,5,-5
2022-08-03 15:38:10.931,14667,14668,14669,1,1
2022-08-03 15:38:20.552,14667,14668,14668,1,1
2022-08-03 15:38:26.362,14667,14668,14667,1,-1
2022-08-03 15:38:26.363,14667,14668,14667,5,-5
2022-08-03 15:38:26.363,14667,14668,14667,5,-5
2022-08-03 15:38:31.694,14666,14668,14667,1,-1
2022-08-03 15:39:14.098,14668,14669,14668,1,-1
2022-08-03 15:39:29.183,14668,14669,14668,3,-3
2022-08-03 15:39:40.502,14667,14668,14667,5,-5
2022-08-03 15:39:41.957,14666,14667,14667,1,1
2022-08-03 15:39:59.487,14666,14667,14667,1,1
2022-08-03 15:40:03.567,14666,14667,14667,1,1
2022-08-03 15:40:09.230,14667,14668,14667,1,-1
2022-08-03 15:40:12.238,14666,14667,14667,1,1
2022-08-03 15:40:12.528,14666,14667,14667,1,1
2022-08-03 15:40:16.099,14666,14667,14666,4,-4
2022-08-03 15:40:23.292,14665,14666,14665,2,-2
2022-08-03 15:40:23.292,14665,14666,14665,1,-1
2022-08-03 15:40:23.292,14665,14666,14665,3,-3
2022-08-03 15:40:23.292,14665,14666,14665,1,-1
2022-08-03 15:40:27.263,14665,14667,14667,2,2
2022-08-03 15:40:37.111,14665,14666,14665,1,-1
2022-08-03 15:40:40.868,14665,14667,14665,2,-2
2022-08-03 15:40:40.868,14665,14667,14665,2,-2
2022-08-03 15:40:50.511,14664,14666,14664,1,-1
2022-08-03 15:40:58.328,14664,14665,14665,1,1
2022-08-03 15:41:00.174,14665,14666,14666,1,1
2022-08-03 15:41:07.560,14666,14667,14666,1,-1
2022-08-03 15:41:15.494,14665,14667,14665,4,-4
2022-08-03 15:41:15.727,14665,14667,14665,4,-4
2022-08-03 15:41:22.467,14665,14666,14666,2,2
2022-08-03 15:41:32.282,14666,14667,14666,1,-1
2022-08-03 15:41:38.909,14666,14667,14666,1,-1
2022-08-03 15:41:43.270,14665,14666,14665,1,-1
2022-08-03 15:41:58.392,14664,14665,14664,1,-1
2022-08-03 15:41:59.012,14664,14665,14665,4,4
2022-08-03 15:41:59.012,14664,14665,14666,1,1
2022-08-03 15:41:59.708,14665,14666,14665,1,-1
2022-08-03 15:42:09.223,14664,14665,14665,4,4
2022-08-03 15:42:09.223,14664,14665,14665,1,1
2022-08-03 15:42:17.460,14665,14666,14665,1,-1
2022-08-03 15:42:27.170,14665,14666,14665,1,-1
2022-08-03 15:42:30.009,14665,14666,14665,2,-2
2022-08-03 15:42:33.024,14665,14666,14666,3,3
2022-08-03 15:42:39.924,14666,14667,14666,1,-1
2022-08-03 15:42:44.470,14666,14667,14666,1,-1
2022-08-03 15:42:45.139,14665,14666,14665,3,-3
2022-08-03 15:42:46.498,14664,14666,14666,1,1
2022-08-03 15:42:56.775,14665,14666,14665,1,-1
2022-08-03 15:42:56.775,14665,14666,14665,1,-1
2022-08-03 15:43:00.182,14664,14665,14664,1,-1
2022-08-03 15:43:09.808,14664,14665,14665,1,1
2022-08-03 15:43:28.043,14665,14666,14665,1,-1
2022-08-03 15:43:38.500,14664,14666,14664,1,-1
2022-08-03 15:43:47.094,14664,14665,14664,9,-9
2022-08-03 15:43:51.169,14664,14665,14664,1,-1
2022-08-03 15:43:51.435,14664,14665,14664,1,-1
2022-08-03 15:43:57.618,14663,14664,14664,1,1
2022-08-03 15:44:28.345,14663,14665,14665,1,1
2022-08-03 15:44:34.453,14664,14665,14665,3,3
2022-08-03 15:44:35.427,14664,14666,14665,1,1
2022-08-03 15:44:42.152,14665,14666,14665,1,-1
2022-08-03 15:44:42.767,14664,14666,14664,2,-2
2022-08-03 15:45:20.260,14664,14665,14664,2,-2
2022-08-03 15:45:36.932,14665,14666,14665,1,-1
2022-08-03 15:45:39.396,14665,14666,14666,1,1
2022-08-03 15:45:39.396,14665,14666,14666,1,1
2022-08-03 15:45:39.396,14665,14666,14666,1,1
2022-08-03 15:45:40.197,14665,14666,14666,1,1
2022-08-03 15:46:02.988,14665,14666,14666,1,1
2022-08-03 15:46:11.046,14665,14666,14666,1,1
2022-08-03 15:46:48.022,14666,14667,14666,1,-1
2022-08-03 15:46:49.755,14666,14667,14666,1,-1
2022-08-03 15:46:49.755,14666,14667,14666,4,-4
2022-08-03 15:46:49.952,14665,14666,14665,2,-2
2022-08-03 15:46:55.789,14664,14666,14666,1,1
2022-08-03 15:46:59.810,14665,14666,14665,2,-2
2022-08-03 15:46:59.810,14665,14666,14664,3,-3
2022-08-03 15:47:07.545,14664,14666,14666,1,1
2022-08-03 15:47:22.345,14664,14665,14665,1,1
2022-08-03 15:47:31.665,14664,14665,14665,1,1
2022-08-03 15:47:31.665,14664,14665,14666,2,2
2022-08-03 15:47:38.716,14664,14665,14665,1,1
2022-08-03 15:47:40.187,14664,14665,14664,1,-1
2022-08-03 15:47:52.566,14663,14664,14664,1,1
2022-08-03 15:47:52.566,14663,14664,14664,1,1
2022-08-03 15:47:52.566,14663,14664,14664,1,1
2022-08-03 15:47:58.706,14663,14664,14664,2,2
2022-08-03 15:48:03.456,14663,14664,14664,1,1
2022-08-03 15:48:03.457,14663,14664,14664,1,1
2022-08-03 15:48:03.727,14664,14665,14664,2,-2
2022-08-03 15:48:03.727,14664,14665,14664,1,-1
2022-08-03 15:48:06.120,14663,14664,14663,13,-13
2022-08-03 15:48:06.689,14662,14664,14664,1,1
2022-08-03 15:48:08.774,14662,14664,14662,3,-3
2022-08-03 15:48:08.917,14662,14664,14662,1,-1
2022-08-03 15:48:08.917,14662,14664,14662,1,-1
2022-08-03 15:48:14.863,14662,14663,14662,4,-4
2022-08-03 15:48:15.130,14662,14663,14662,4,-4
2022-08-03 15:48:16.800,14662,14663,14662,1,-1
2022-08-03 15:48:19.958,14661,14662,14661,4,-4
2022-08-03 15:48:19.987,14661,14662,14662,1,1
2022-08-03 15:48:20.080,14661,14662,14661,2,-2
2022-08-03 15:48:25.281,14661,14662,14661,2,-2
2022-08-03 15:48:25.550,14661,14662,14661,8,-8
2022-08-03 15:48:40.187,14661,14662,14661,2,-2
2022-08-03 15:48:40.268,14661,14662,14661,2,-2
2022-08-03 15:48:42.852,14661,14662,14661,2,-2
2022-08-03 15:48:43.471,14660,14662,14660,1,-1
2022-08-03 15:48:43.621,14660,14662,14660,1,-1
2022-08-03 15:48:43.949,14660,14662,14660,1,-1
2022-08-03 15:48:49.780,14660,14661,14660,3,-3
2022-08-03 15:48:49.966,14660,14661,14661,1,1
2022-08-03 15:48:58.540,14661,14662,14661,6,-6
2022-08-03 15:49:00.389,14661,14662,14662,1,1
2022-08-03 15:49:00.516,14661,14662,14661,1,-1
2022-08-03 15:49:00.516,14661,14662,14661,1,-1
2022-08-03 15:49:00.517,14661,14662,14661,1,-1
2022-08-03 15:49:00.517,14661,14662,14661,1,-1
2022-08-03 15:49:00.517,14661,14662,14660,2,-2
2022-08-03 15:49:01.932,14661,14662,14661,1,-1
2022-08-03 15:49:07.004,14661,14662,14662,1,1
2022-08-03 15:49:07.004,14661,14662,14662,4,4
2022-08-03 15:49:07.004,14661,14662,14662,2,2
2022-08-03 15:49:16.833,14662,14664,14662,1,-1
2022-08-03 15:49:16.890,14662,14664,14662,1,-1
2022-08-03 15:49:16.891,14662,14664,14662,1,-1
2022-08-03 15:49:16.895,14662,14664,14662,1,-1
2022-08-03 15:49:23.652,14663,14664,14663,1,-1
2022-08-03 15:49:23.652,14663,14664,14662,2,-2
2022-08-03 15:49:36.304,14662,14664,14662,1,-1
2022-08-03 15:49:36.391,14662,14664,14662,1,-1
2022-08-03 15:49:36.391,14662,14664,14662,1,-1
2022-08-03 15:49:52.685,14662,14664,14664,1,1
2022-08-03 15:50:04.011,14662,14664,14664,3,3
2022-08-03 15:50:14.977,14663,14664,14663,2,-2
2022-08-03 15:50:23.343,14663,14664,14664,1,1
2022-08-03 15:50:26.106,14663,14664,14664,4,4
2022-08-03 15:50:33.222,14664,14665,14665,1,1
2022-08-03 15:50:38.336,14665,14666,14666,1,1
2022-08-03 15:50:38.336,14665,14666,14666,1,1
2022-08-03 15:51:03.042,14666,14667,14666,1,-1
2022-08-03 15:51:03.058,14666,14667,14665,3,-3
2022-08-03 15:51:14.027,14664,14665,14665,1,1
2022-08-03 15:51:18.343,14665,14667,14667,1,1
2022-08-03 15:51:24.617,14665,14667,14667,1,1
2022-08-03 15:51:34.052,14666,14667,14667,1,1
2022-08-03 15:51:39.792,14666,14667,14666,1,-1
2022-08-03 15:51:41.806,14667,14668,14667,1,-1
2022-08-03 15:51:43.643,14667,14668,14667,1,-1
2022-08-03 15:52:00.779,14666,14667,14667,3,3
2022-08-03 15:52:05.398,14666,14667,14667,1,1
2022-08-03 15:52:05.398,14666,14667,14667,1,1
2022-08-03 15:52:07.530,14666,14667,14667,1,1
2022-08-03 15:52:07.531,14666,14667,14667,1,1
2022-08-03 15:52:13.277,14666,14667,14667,1,1
2022-08-03 15:52:17.351,14666,14667,14667,1,1
2022-08-03 15:52:19.325,14667,14668,14667,1,-1
2022-08-03 15:52:33.109,14666,14667,14667,1,1
2022-08-03 15:52:35.059,14666,14667,14667,1,1
2022-08-03 15:52:37.182,14666,14667,14667,2,2
2022-08-03 15:52:38.241,14667,14668,14667,1,-1
2022-08-03 15:52:40.129,14667,14668,14667,2,-2
2022-08-03 15:52:47.201,14666,14667,14666,1,-1
2022-08-03 15:52:47.202,14666,14667,14666,1,-1
2022-08-03 15:52:47.202,14666,14667,14666,2,-2
2022-08-03 15:52:47.202,14666,14667,14666,5,-5
2022-08-03 15:52:47.202,14666,14667,14666,2,-2
2022-08-03 15:52:47.202,14666,14667,14666,1,-1
2022-08-03 15:53:12.281,14665,14666,14665,1,-1
2022-08-03 15:53:19.029,14664,14665,14665,1,1
2022-08-03 15:53:47.352,14665,14666,14666,1,1
2022-08-03 15:53:49.545,14665,14668,14665,2,-2
2022-08-03 15:54:02.723,14666,14668,14666,1,-1
2022-08-03 15:54:02.724,14666,14668,14666,2,-2
2022-08-03 15:54:05.666,14666,14667,14666,1,-1
2022-08-03 15:54:07.586,14666,14667,14666,1,-1
2022-08-03 15:54:26.860,14666,14667,14667,4,4
2022-08-03 15:54:42.733,14667,14668,14668,2,2
2022-08-03 15:54:42.814,14667,14668,14668,1,1
2022-08-03 15:54:44.158,14667,14668,14668,1,1
2022-08-03 15:54:50.939,14668,14669,14669,2,2
2022-08-03 15:54:51.225,14668,14669,14668,1,-1
2022-08-03 15:54:51.707,14667,14669,14669,4,4
2022-08-03 15:54:57.519,14668,14669,14668,1,-1
2022-08-03 15:55:01.783,14667,14669,14669,3,3
2022-08-03 15:55:02.654,14667,14669,14669,1,1
2022-08-03 15:55:06.297,14668,14669,14668,1,-1
2022-08-03 15:55:14.569,14668,14669,14668,1,-1
2022-08-03 15:55:21.063,14667,14668,14668,1,1
2022-08-03 15:55:47.580,14667,14668,14668,1,1
2022-08-03 15:56:00.062,14667,14669,14669,1,1
2022-08-03 15:56:30.212,14668,14669,14668,3,-3
2022-08-03 15:56:34.683,14667,14668,14668,1,1
2022-08-03 15:56:36.462,14667,14668,14668,1,1
2022-08-03 15:56:53.878,14667,14668,14668,2,2
2022-08-03 15:56:57.687,14667,14668,14668,1,1
2022-08-03 15:57:01.655,14667,14668,14667,3,-3
2022-08-03 15:57:02.105,14666,14667,14667,1,1
2022-08-03 15:57:02.105,14666,14667,14668,1,1
2022-08-03 15:57:06.984,14666,14667,14666,2,-2
2022-08-03 15:57:20.152,14665,14666,14665,1,-1
2022-08-03 15:57:23.243,14665,14666,14665,4,-4
2022-08-03 15:57:23.243,14665,14666,14665,1,-1
2022-08-03 15:57:23.243,14665,14666,14665,1,-1
2022-08-03 15:57:26.502,14665,14666,14665,1,-1
2022-08-03 15:57:26.502,14665,14666,14665,1,-1
2022-08-03 15:57:27.526,14664,14665,14664,3,-3
2022-08-03 15:57:27.526,14664,14665,14663,1,-1
2022-08-03 15:57:29.927,14663,14665,14663,2,-2
2022-08-03 15:57:32.592,14663,14665,14663,3,-3
2022-08-03 15:57:38.612,14663,14665,14665,5,5
2022-08-03 15:57:39.745,14663,14665,14665,1,1
2022-08-03 15:57:41.926,14663,14665,14663,1,-1
2022-08-03 15:57:44.408,14663,14665,14665,3,3
2022-08-03 15:57:50.847,14665,14666,14665,1,-1
2022-08-03 15:57:59.275,14663,14665,14665,2,2
2022-08-03 15:58:04.811,14663,14665,14663,1,-1
2022-08-03 15:58:05.225,14663,14664,14665,1,1
2022-08-03 15:58:05.238,14663,14664,14663,1,-1
2022-08-03 15:58:05.477,14663,14664,14663,2,-2
2022-08-03 15:58:15.860,14662,14663,14663,1,1
2022-08-03 15:58:18.700,14662,14663,14663,1,1
2022-08-03 15:58:22.777,14663,14664,14663,1,-1
2022-08-03 15:58:42.059,14663,14664,14663,1,-1
2022-08-03 15:58:48.335,14663,14664,14664,9,9
2022-08-03 15:58:50.584,14664,14665,14665,1,1
2022-08-03 15:58:53.783,14665,14666,14665,1,-1
2022-08-03 15:59:01.122,14665,14666,14665,3,-3
2022-08-03 15:59:01.122,14665,14666,14664,9,-9
2022-08-03 15:59:06.437,14665,14666,14665,2,-2
2022-08-03 15:59:14.409,14665,14666,14666,1,1
2022-08-03 15:59:14.746,14665,14666,14666,1,1
2022-08-03 15:59:14.746,14665,14666,14667,1,1
2022-08-03 15:59:29.515,14666,14667,14666,1,-1
2022-08-03 15:59:38.858,14665,14666,14666,1,1
2022-08-03 15:59:41.868,14665,14666,14666,1,1
2022-08-03 15:59:41.869,14665,14666,14666,1,1
2022-08-03 15:59:49.958,14666,14667,14667,1,1
2022-08-03 16:00:00.352,14666,14667,14667,2,2
2022-08-03 16:00:00.352,14666,14667,14667,1,1
2022-08-03 16:00:00.352,14666,14667,14667,1,1
2022-08-03 16:00:00.352,14666,14667,14667,1,1
2022-08-03 16:00:00.676,14666,14668,14666,1,-1
2022-08-03 16:00:01.378,14665,14667,14667,1,1
2022-08-03 16:00:01.793,14664,14666,14666,6,6
2022-08-03 16:00:01.793,14664,14666,14667,2,2
2022-08-03 16:00:02.060,14665,14667,14665,2,-2
2022-08-03 16:00:02.298,14665,14667,14667,1,1
2022-08-03 16:00:02.408,14665,14667,14665,1,-1
2022-08-03 16:00:12.910,14665,14666,14666,1,1
2022-08-03 16:00:13.468,14665,14667,14667,1,1
2022-08-03 16:00:15.451,14666,14667,14667,1,1
2022-08-03 16:00:19.144,14666,14668,14668,4,4
2022-08-03 16:00:27.259,14666,14668,14668,4,4
2022-08-03 16:00:28.787,14667,14669,14667,1,-1
2022-08-03 16:00:32.379,14666,14668,14668,4,4
2022-08-03 16:00:33.488,14667,14668,14668,1,1
2022-08-03 16:00:38.589,14667,14668,14667,1,-1
2022-08-03 16:00:39.736,14666,14668,14668,3,3
2022-08-03 16:00:51.656,14668,14669,14668,1,-1
2022-08-03 16:01:00.177,14668,14669,14669,3,3
2022-08-03 16:01:02.298,14669,14670,14669,1,-1
2022-08-03 16:01:02.642,14669,14670,14669,1,-1
2022-08-03 16:01:10.694,14669,14670,14669,1,-1
2022-08-03 16:01:10.694,14669,14670,14669,1,-1
2022-08-03 16:01:25.201,14669,14670,14670,1,1
2022-08-03 16:01:25.201,14669,14670,14670,5,5
2022-08-03 16:01:27.749,14670,14671,14670,1,-1
2022-08-03 16:01:29.323,14669,14671,14671,1,1
2022-08-03 16:01:32.586,14669,14671,14671,1,1
2022-08-03 16:01:35.118,14669,14671,14671,4,4
2022-08-03 16:01:48.078,14670,14671,14671,2,2
2022-08-03 16:01:48.235,14670,14671,14671,2,2
2022-08-03 16:01:48.665,14670,14671,14671,1,1
2022-08-03 16:01:51.458,14670,14671,14671,1,1
2022-08-03 16:02:13.191,14669,14670,14669,6,-6
2022-08-03 16:02:13.846,14668,14669,14669,2,2
2022-08-03 16:02:13.858,14668,14669,14669,3,3
2022-08-03 16:02:17.483,14667,14669,14669,1,1
2022-08-03 16:02:29.881,14666,14668,14666,1,-1
2022-08-03 16:02:37.637,14666,14667,14667,1,1
2022-08-03 16:02:47.154,14666,14667,14667,1,1
2022-08-03 16:02:52.075,14667,14668,14667,1,-1
2022-08-03 16:02:52.796,14666,14667,14667,1,1
2022-08-03 16:03:00.978,14666,14667,14666,4,-4
2022-08-03 16:03:03.095,14666,14667,14666,1,-1
2022-08-03 16:03:08.013,14666,14667,14667,2,2
2022-08-03 16:03:08.013,14666,14667,14667,2,2
2022-08-03 16:03:54.830,14667,14668,14667,2,-2
2022-08-03 16:04:07.456,14666,14667,14666,4,-4
2022-08-03 16:04:07.457,14666,14667,14666,1,-1
2022-08-03 16:04:37.259,14665,14667,14665,1,-1
2022-08-03 16:04:46.075,14665,14667,14665,2,-2
2022-08-03 16:05:07.958,14664,14666,14666,1,1
2022-08-03 16:05:34.463,14664,14665,14664,5,-5
2022-08-03 16:05:34.845,14663,14665,14665,1,1
2022-08-03 16:05:34.990,14663,14665,14665,1,1
2022-08-03 16:05:43.062,14664,14665,14665,1,1
2022-08-03 16:05:43.837,14664,14665,14664,1,-1
2022-08-03 16:05:43.963,14663,14664,14665,5,5
2022-08-03 16:05:53.290,14664,14665,14664,1,-1
2022-08-03 16:05:53.291,14664,14665,14664,1,-1
2022-08-03 16:05:56.961,14663,14664,14663,4,-4
2022-08-03 16:05:56.962,14663,14664,14663,3,-3
2022-08-03 16:05:57.561,14662,14664,14664,2,2
2022-08-03 16:05:58.644,14662,14664,14662,16,-16
2022-08-03 16:06:02.686,14661,14663,14661,4,-4
2022-08-03 16:06:02.772,14661,14662,14661,1,-1
2022-08-03 16:06:04.777,14661,14662,14661,5,-5
2022-08-03 16:06:04.777,14661,14662,14661,1,-1
2022-08-03 16:06:04.777,14661,14662,14661,4,-4
2022-08-03 16:06:04.777,14661,14662,14661,2,-2
2022-08-03 16:06:09.577,14660,14662,14661,1,-1
2022-08-03 16:06:21.539,14661,14662,14661,1,-1
2022-08-03 16:06:21.540,14661,14662,14661,1,-1
2022-08-03 16:06:22.940,14660,14661,14661,1,1
2022-08-03 16:06:28.034,14661,14663,14661,1,-1
2022-08-03 16:06:29.986,14661,14663,14661,1,-1
2022-08-03 16:06:45.895,14661,14662,14661,1,-1
2022-08-03 16:06:46.821,14660,14661,14661,1,1
2022-08-03 16:06:47.113,14661,14662,14661,1,-1
2022-08-03 16:06:52.414,14661,14662,14661,1,-1
2022-08-03 16:06:53.372,14660,14661,14661,10,10
2022-08-03 16:07:04.703,14661,14662,14662,1,1
2022-08-03 16:07:04.703,14661,14662,14662,1,1
2022-08-03 16:07:04.703,14661,14662,14662,4,4
2022-08-03 16:07:09.318,14662,14663,14663,1,1
2022-08-03 16:07:21.523,14661,14662,14661,1,-1
2022-08-03 16:07:26.312,14661,14662,14661,1,-1
2022-08-03 16:07:36.365,14661,14662,14661,4,-4
2022-08-03 16:07:36.365,14661,14662,14661,1,-1
2022-08-03 16:07:36.365,14661,14662,14661,1,-1
2022-08-03 16:07:44.850,14660,14661,14661,1,1
2022-08-03 16:07:51.679,14660,14661,14660,1,-1
2022-08-03 16:07:54.812,14660,14661,14660,1,-1
2022-08-03 16:07:55.890,14660,14661,14660,1,-1
2022-08-03 16:07:56.961,14660,14661,14660,5,-5
2022-08-03 16:07:57.632,14660,14661,14660,2,-2
2022-08-03 16:07:59.496,14660,14661,14661,1,1
2022-08-03 16:08:09.720,14660,14661,14660,2,-2
2022-08-03 16:08:11.718,14660,14661,14661,1,1
2022-08-03 16:08:19.904,14660,14661,14660,2,-2
2022-08-03 16:08:20.396,14660,14661,14660,16,-16
2022-08-03 16:08:20.397,14660,14661,14660,1,-1
2022-08-03 16:08:20.398,14660,14661,14660,1,-1
2022-08-03 16:08:24.585,14659,14660,14660,1,1
2022-08-03 16:08:26.500,14660,14661,14660,1,-1
2022-08-03 16:08:26.990,14659,14661,14659,2,-2
2022-08-03 16:08:27.159,14659,14661,14659,2,-2
2022-08-03 16:08:41.081,14659,14660,14659,1,-1
2022-08-03 16:08:41.152,14659,14660,14659,1,-1
2022-08-03 16:08:41.152,14659,14660,14659,1,-1
2022-08-03 16:08:41.156,14659,14660,14658,11,-11
2022-08-03 16:08:41.173,14659,14660,14659,8,-8
2022-08-03 16:08:41.174,14659,14660,14659,2,-2
2022-08-03 16:08:41.208,14659,14660,14658,1,-1
2022-08-03 16:08:41.298,14657,14659,14657,1,-1
2022-08-03 16:08:41.448,14657,14659,14657,1,-1
2022-08-03 16:08:41.466,14657,14659,14657,1,-1
2022-08-03 16:08:41.819,14657,14659,14657,1,-1
2022-08-03 16:08:43.049,14657,14659,14659,4,4
2022-08-03 16:08:43.050,14657,14659,14659,5,5
2022-08-03 16:08:47.398,14658,14659,14658,2,-2
2022-08-03 16:08:56.667,14658,14659,14659,9,9
2022-08-03 16:08:57.934,14659,14660,14659,1,-1
2022-08-03 16:09:00.246,14659,14660,14660,1,1
2022-08-03 16:09:00.957,14660,14661,14660,1,-1
2022-08-03 16:09:09.172,14660,14661,14660,1,-1
2022-08-03 16:09:09.266,14660,14661,14660,1,-1
2022-08-03 16:09:11.906,14660,14661,14661,1,1
2022-08-03 16:09:11.907,14660,14661,14661,4,4
2022-08-03 16:09:14.822,14660,14662,14660,2,-2
2022-08-03 16:09:16.640,14660,14662,14660,1,-1
2022-08-03 16:09:28.485,14660,14661,14661,1,1
2022-08-03 16:09:28.485,14660,14661,14661,1,1
2022-08-03 16:09:29.217,14661,14662,14662,2,2
2022-08-03 16:09:59.688,14660,14661,14661,1,1
2022-08-03 16:10:11.379,14661,14662,14662,1,1
2022-08-03 16:10:11.379,14661,14662,14662,1,1
2022-08-03 16:10:21.553,14661,14662,14662,1,1
2022-08-03 16:10:21.554,14661,14662,14662,1,1
2022-08-03 16:10:21.641,14661,14663,14661,1,-1
2022-08-03 16:10:55.535,14660,14661,14661,1,1
2022-08-03 16:10:55.535,14660,14661,14661,1,1
2022-08-03 16:10:55.535,14660,14661,14661,1,1
2022-08-03 16:10:59.068,14662,14663,14663,4,4
2022-08-03 16:10:59.141,14663,14664,14663,1,-1
2022-08-03 16:10:59.145,14663,14664,14662,1,-1
2022-08-03 16:11:03.874,14662,14664,14664,1,1
2022-08-03 16:11:03.960,14662,14664,14662,1,-1
2022-08-03 16:11:14.671,14662,14663,14663,1,1
2022-08-03 16:12:02.982,14663,14664,14663,1,-1
2022-08-03 16:12:02.983,14663,14664,14663,22,-22
2022-08-03 16:12:03.016,14661,14663,14661,1,-1
2022-08-03 16:12:16.128,14661,14663,14661,1,-1
2022-08-03 16:12:26.311,14660,14662,14660,5,-5
2022-08-03 16:12:36.131,14660,14661,14660,3,-3
2022-08-03 16:12:38.585,14660,14661,14660,2,-2
2022-08-03 16:12:42.644,14659,14660,14660,1,1
2022-08-03 16:12:45.110,14659,14660,14659,1,-1
2022-08-03 16:12:45.903,14659,14660,14659,1,-1
2022-08-03 16:12:45.903,14659,14660,14659,1,-1
2022-08-03 16:12:46.287,14658,14660,14660,1,1
2022-08-03 16:12:49.116,14658,14660,14659,3,3
2022-08-03 16:12:49.750,14658,14660,14658,12,-12
2022-08-03 16:12:52.453,14658,14659,14658,11,-11
2022-08-03 16:12:54.382,14658,14659,14658,1,-1
2022-08-03 16:12:54.382,14658,14659,14657,1,-1
2022-08-03 16:12:57.652,14657,14658,14657,1,-1
2022-08-03 16:12:58.656,14657,14658,14657,2,-2
2022-08-03 16:12:58.656,14657,14658,14657,2,-2
2022-08-03 16:12:58.656,14657,14658,14657,17,-17
2022-08-03 16:13:05.872,14657,14658,14657,1,-1
2022-08-03 16:13:07.556,14656,14657,14657,1,1
2022-08-03 16:13:09.863,14656,14657,14657,9,9
2022-08-03 16:13:09.863,14656,14657,14658,1,1
2022-08-03 16:13:14.184,14657,14658,14658,1,1
2022-08-03 16:13:14.184,14657,14658,14658,1,1
2022-08-03 16:13:14.184,14657,14658,14658,1,1
2022-08-03 16:13:22.524,14657,14658,14658,1,1
2022-08-03 16:13:28.272,14657,14658,14658,4,4
2022-08-03 16:13:31.213,14657,14658,14657,2,-2
2022-08-03 16:13:32.249,14657,14658,14658,3,3
2022-08-03 16:13:39.253,14658,14659,14658,3,-3
2022-08-03 16:13:40.696,14657,14658,14658,1,1
2022-08-03 16:13:41.114,14658,14659,14658,2,-2
2022-08-03 16:13:50.664,14658,14659,14658,1,-1
2022-08-03 16:13:51.394,14657,14658,14658,2,2
2022-08-03 16:13:53.483,14657,14659,14657,2,-2
2022-08-03 16:14:04.976,14657,14658,14657,1,-1
2022-08-03 16:14:15.682,14657,14658,14658,1,1
2022-08-03 16:14:15.682,14657,14658,14658,1,1
2022-08-03 16:14:23.460,14658,14659,14659,1,1
2022-08-03 16:14:23.460,14658,14659,14659,5,5
2022-08-03 16:14:46.671,14659,14660,14660,1,1
2022-08-03 16:14:46.671,14659,14660,14660,1,1
2022-08-03 16:14:47.087,14660,14661,14660,1,-1
2022-08-03 16:14:59.178,14660,14661,14660,1,-1
2022-08-03 16:15:10.909,14660,14661,14661,1,1
2022-08-03 16:15:10.909,14660,14661,14661,1,1
2022-08-03 16:15:10.909,14660,14661,14661,1,1
2022-08-03 16:15:10.910,14660,14661,14661,1,1
2022-08-03 16:15:12.686,14661,14663,14661,1,-1
2022-08-03 16:15:12.735,14661,14663,14663,1,1
2022-08-03 16:15:14.124,14661,14662,14661,1,-1
2022-08-03 16:15:20.623,14661,14662,14661,1,-1
2022-08-03 16:15:22.752,14661,14663,14661,1,-1
2022-08-03 16:15:31.476,14662,14663,14663,1,1
2022-08-03 16:15:31.476,14662,14663,14663,2,2
2022-08-03 16:15:35.175,14663,14664,14664,1,1
2022-08-03 16:15:37.247,14663,14665,14665,1,1
2022-08-03 16:15:44.681,14663,14664,14664,1,1
2022-08-03 16:16:10.084,14664,14665,14665,2,2
2022-08-03 16:16:12.278,14664,14665,14664,1,-1
2022-08-03 16:16:12.279,14664,14665,14664,1,-1
2022-08-03 16:16:12.279,14664,14665,14664,1,-1
2022-08-03 16:16:12.391,14663,14665,14665,1,1
2022-08-03 16:16:12.391,14663,14665,14665,1,1
2022-08-03 16:16:22.274,14663,14664,14664,1,1
2022-08-03 16:16:23.590,14663,14664,14664,1,1
2022-08-03 16:16:23.645,14663,14664,14664,1,1
2022-08-03 16:16:23.878,14663,14664,14664,1,1
2022-08-03 16:16:45.870,14663,14664,14663,2,-2
2022-08-03 16:16:46.181,14663,14664,14664,1,1
2022-08-03 16:16:49.424,14663,14664,14664,1,1
2022-08-03 16:16:49.424,14663,14664,14664,4,4
2022-08-03 16:17:18.178,14663,14664,14663,1,-1
2022-08-03 16:17:18.681,14663,14664,14663,3,-3
2022-08-03 16:17:19.730,14663,14664,14663,2,-2
2022-08-03 16:17:19.731,14663,14664,14663,1,-1
2022-08-03 16:17:21.440,14662,14663,14662,1,-1
2022-08-03 16:17:34.700,14661,14663,14661,6,-6
2022-08-03 16:17:34.701,14661,14663,14661,1,-1
2022-08-03 16:17:36.862,14661,14663,14662,1,-1
2022-08-03 16:18:01.345,14662,14663,14663,1,1
2022-08-03 16:18:29.718,14663,14664,14663,1,-1
2022-08-03 16:18:55.488,14663,14664,14663,1,-1
2022-08-03 16:19:12.885,14661,14662,14662,1,1
2022-08-03 16:19:15.614,14661,14662,14662,1,1
2022-08-03 16:19:26.272,14662,14664,14662,1,-1
2022-08-03 16:19:43.279,14662,14664,14662,3,-3
2022-08-03 16:19:43.280,14662,14664,14662,1,-1
2022-08-03 16:19:43.280,14662,14664,14662,1,-1
2022-08-03 16:19:43.280,14662,14664,14662,2,-2
2022-08-03 16:20:00.180,14662,14663,14663,2,2
2022-08-03 16:20:00.592,14662,14665,14663,1,-1
2022-08-03 16:20:01.353,14663,14665,14665,2,2
2022-08-03 16:20:11.410,14663,14665,14665,1,1
2022-08-03 16:20:13.264,14663,14665,14665,1,1
2022-08-03 16:20:20.188,14664,14665,14665,1,1
2022-08-03 16:20:26.346,14664,14665,14665,1,1
2022-08-03 16:20:29.828,14664,14665,14665,2,2
2022-08-03 16:20:37.959,14664,14665,14665,1,1
2022-08-03 16:20:41.193,14664,14665,14665,1,1
2022-08-03 16:20:54.357,14664,14665,14665,1,1
2022-08-03 16:20:54.956,14664,14665,14665,1,1
2022-08-03 16:21:00.191,14664,14665,14665,2,2
2022-08-03 16:21:17.174,14665,14666,14666,1,1
2022-08-03 16:21:17.287,14665,14666,14666,1,1
2022-08-03 16:21:35.927,14665,14666,14665,2,-2
2022-08-03 16:21:41.636,14664,14665,14665,2,2
2022-08-03 16:21:50.634,14664,14665,14665,1,1
2022-08-03 16:21:54.994,14664,14665,14665,1,1
2022-08-03 16:22:00.230,14664,14665,14665,1,1
2022-08-03 16:22:00.747,14665,14666,14666,18,18
2022-08-03 16:22:03.968,14666,14667,14667,1,1
2022-08-03 16:22:12.539,14666,14667,14666,2,-2
2022-08-03 16:22:20.186,14666,14667,14667,1,1
2022-08-03 16:22:20.186,14666,14667,14667,10,10
2022-08-03 16:22:22.610,14667,14668,14668,5,5
2022-08-03 16:22:24.199,14667,14668,14667,1,-1
2022-08-03 16:22:29.558,14665,14667,14667,1,1
2022-08-03 16:22:38.902,14666,14667,14667,1,1
2022-08-03 16:22:50.443,14666,14667,14667,1,1
2022-08-03 16:23:02.769,14667,14668,14667,2,-2
2022-08-03 16:23:09.024,14667,14668,14667,1,-1
2022-08-03 16:23:12.192,14666,14667,14667,1,1
2022-08-03 16:23:24.077,14667,14668,14667,1,-1
2022-08-03 16:23:31.159,14666,14667,14667,1,1
2022-08-03 16:23:40.183,14666,14667,14667,3,3
2022-08-03 16:23:45.479,14666,14667,14667,1,1
2022-08-03 16:23:45.479,14666,14667,14668,3,3
2022-08-03 16:23:51.940,14666,14667,14667,2,2
2022-08-03 16:23:54.014,14666,14667,14667,1,1
2022-08-03 16:23:54.014,14666,14667,14668,4,4
2022-08-03 16:23:56.229,14666,14667,14666,1,-1
2022-08-03 16:24:01.317,14665,14667,14667,1,1
2022-08-03 16:24:19.231,14665,14666,14665,1,-1
2022-08-03 16:24:19.231,14665,14666,14665,1,-1
2022-08-03 16:24:19.231,14665,14666,14665,1,-1
2022-08-03 16:24:26.556,14664,14665,14665,1,1
2022-08-03 16:24:29.260,14664,14665,14664,1,-1
2022-08-03 16:24:30.670,14664,14665,14664,1,-1
2022-08-03 16:24:33.710,14664,14665,14665,1,1
2022-08-03 16:24:33.712,14664,14665,14665,2,2
2022-08-03 16:24:56.209,14666,14667,14667,3,3
2022-08-03 16:24:56.209,14666,14667,14667,1,1
2022-08-03 16:24:56.209,14666,14667,14667,1,1
2022-08-03 16:24:56.210,14666,14667,14667,4,4
2022-08-03 16:25:06.915,14667,14668,14668,3,3
2022-08-03 16:25:09.870,14667,14668,14668,4,4
2022-08-03 16:25:15.173,14667,14668,14668,1,1
2022-08-03 16:25:15.409,14667,14668,14668,1,1
2022-08-03 16:25:15.650,14667,14668,14668,1,1
2022-08-03 16:25:15.650,14667,14668,14669,3,3
2022-08-03 16:25:16.242,14667,14668,14668,1,1
2022-08-03 16:25:17.560,14667,14668,14668,1,1
2022-08-03 16:25:17.723,14667,14668,14668,1,1
2022-08-03 16:25:18.203,14667,14669,14669,1,1
2022-08-03 16:25:18.351,14667,14669,14669,1,1
2022-08-03 16:25:18.473,14667,14669,14669,1,1
2022-08-03 16:25:18.630,14667,14669,14669,1,1
2022-08-03 16:25:19.332,14667,14669,14669,1,1
2022-08-03 16:25:22.103,14667,14668,14668,1,1
2022-08-03 16:25:24.955,14667,14669,14668,1,1
2022-08-03 16:25:30.051,14668,14669,14668,1,-1
2022-08-03 16:25:39.553,14668,14669,14669,1,1
2022-08-03 16:25:55.072,14668,14669,14669,1,1
2022-08-03 16:26:03.466,14668,14669,14669,4,4
2022-08-03 16:26:06.484,14669,14670,14669,1,-1
2022-08-03 16:26:15.042,14669,14670,14669,1,-1
2022-08-03 16:26:27.609,14669,14670,14669,1,-1
2022-08-03 16:26:34.176,14668,14669,14669,1,1
2022-08-03 16:26:39.384,14668,14669,14668,1,-1
2022-08-03 16:26:44.111,14668,14669,14669,1,1
2022-08-03 16:26:58.015,14668,14669,14669,1,1
2022-08-03 16:26:58.016,14668,14669,14669,1,1
2022-08-03 16:26:58.743,14669,14670,14670,1,1
2022-08-03 16:26:58.743,14669,14670,14670,5,5
2022-08-03 16:26:58.743,14669,14670,14670,1,1
2022-08-03 16:26:58.743,14669,14670,14670,2,2
2022-08-03 16:27:00.182,14670,14671,14671,1,1
2022-08-03 16:27:00.362,14670,14671,14671,1,1
2022-08-03 16:27:00.775,14670,14671,14670,1,-1
2022-08-03 16:27:04.409,14669,14671,14670,1,-1
2022-08-03 16:27:12.312,14668,14670,14670,2,2
2022-08-03 16:27:20.186,14668,14669,14669,1,1
2022-08-03 16:27:21.374,14668,14670,14669,1,1
2022-08-03 16:27:40.189,14668,14669,14669,1,1
2022-08-03 16:27:49.615,14669,14670,14670,1,1
2022-08-03 16:27:50.593,14669,14671,14669,1,-1
2022-08-03 16:27:56.691,14669,14670,14670,1,1
2022-08-03 16:28:24.383,14669,14670,14670,1,1
2022-08-03 16:28:32.470,14669,14670,14669,12,-12
2022-08-03 16:28:33.407,14668,14669,14669,1,1
2022-08-03 16:28:59.027,14668,14669,14668,1,-1
2022-08-03 16:29:03.526,14668,14669,14668,4,-4
2022-08-03 16:29:09.108,14667,14668,14668,1,1
2022-08-03 16:29:09.108,14667,14668,14668,1,1
2022-08-03 16:29:09.108,14667,14668,14668,3,3
2022-08-03 16:29:09.108,14667,14668,14668,7,7
2022-08-03 16:29:27.860,14668,14669,14669,1,1
2022-08-03 16:29:28.179,14668,14669,14669,1,1
2022-08-03 16:29:28.180,14668,14669,14669,1,1
2022-08-03 16:29:29.904,14668,14670,14668,1,-1
2022-08-03 16:29:30.403,14668,14669,14669,4,4
2022-08-03 16:29:37.772,14668,14669,14669,1,1
2022-08-03 16:29:57.441,14669,14670,14669,1,-1
2022-08-03 16:30:10.137,14669,14670,14670,7,7
2022-08-03 16:30:10.416,14670,14671,14670,5,-5
2022-08-03 16:30:10.416,14670,14671,14669,3,-3
2022-08-03 16:30:10.852,14669,14671,14670,1,-1
2022-08-03 16:30:11.650,14670,14671,14671,3,3
2022-08-03 16:30:11.650,14670,14671,14671,1,1
2022-08-03 16:30:11.650,14670,14671,14671,1,1
2022-08-03 16:30:11.650,14670,14671,14671,1,1
2022-08-03 16:30:11.650,14670,14671,14671,5,5
2022-08-03 16:30:11.897,14670,14671,14671,1,1
2022-08-03 16:30:11.897,14670,14671,14672,1,1
2022-08-03 16:30:12.057,14670,14671,14671,1,1
2022-08-03 16:30:12.074,14670,14671,14671,1,1
2022-08-03 16:30:12.391,14670,14671,14671,1,1
2022-08-03 16:30:12.475,14670,14671,14672,1,1
2022-08-03 16:30:12.483,14670,14671,14672,1,1
2022-08-03 16:30:12.815,14670,14672,14672,1,1
2022-08-03 16:30:12.863,14670,14672,14672,1,1
2022-08-03 16:30:14.616,14670,14671,14671,1,1
2022-08-03 16:30:17.414,14671,14672,14671,1,-1
2022-08-03 16:30:17.414,14671,14672,14671,1,-1
2022-08-03 16:30:17.414,14671,14672,14671,1,-1
2022-08-03 16:30:17.414,14671,14672,14671,1,-1
2022-08-03 16:30:26.103,14670,14671,14671,1,1
2022-08-03 16:30:41.427,14670,14671,14671,1,1
2022-08-03 16:30:52.314,14671,14672,14671,1,-1
2022-08-03 16:30:59.084,14671,14672,14671,1,-1
2022-08-03 16:31:02.552,14671,14672,14671,1,-1
2022-08-03 16:31:02.910,14671,14672,14672,1,1
2022-08-03 16:31:17.211,14671,14672,14671,1,-1
2022-08-03 16:31:20.222,14671,14672,14671,1,-1
2022-08-03 16:31:20.222,14671,14672,14671,5,-5
2022-08-03 16:31:21.192,14670,14671,14671,2,2
2022-08-03 16:31:30.282,14671,14672,14671,1,-1
2022-08-03 16:31:30.990,14671,14672,14671,1,-1
2022-08-03 16:31:35.647,14671,14672,14671,1,-1
2022-08-03 16:31:47.899,14671,14672,14671,1,-1
2022-08-03 16:31:55.806,14671,14672,14671,1,-1
2022-08-03 16:32:00.448,14670,14672,14671,1,-1
2022-08-03 16:32:03.468,14671,14672,14671,1,-1
2022-08-03 16:32:15.220,14671,14672,14672,1,1
2022-08-03 16:32:16.705,14671,14672,14672,3,3
2022-08-03 16:32:16.705,14671,14672,14672,1,1
2022-08-03 16:32:16.705,14671,14672,14672,1,1
2022-08-03 16:32:16.705,14671,14672,14672,4,4
2022-08-03 16:32:16.705,14671,14672,14672,1,1
2022-08-03 16:32:16.705,14671,14672,14672,1,1
2022-08-03 16:32:16.705,14671,14672,14672,1,1
2022-08-03 16:32:17.588,14671,14672,14672,2,2
2022-08-03 16:32:17.588,14671,14672,14672,1,1
2022-08-03 16:32:20.187,14671,14672,14672,1,1
2022-08-03 16:32:21.242,14671,14672,14672,5,5
2022-08-03 16:32:24.066,14671,14672,14672,2,2
2022-08-03 16:32:24.066,14671,14672,14672,3,3
2022-08-03 16:32:24.067,14671,14672,14672,1,1
2022-08-03 16:32:24.067,14671,14672,14672,1,1
2022-08-03 16:32:24.067,14671,14672,14672,2,2
2022-08-03 16:32:24.067,14671,14672,14672,22,22
2022-08-03 16:32:24.067,14671,14672,14672,2,2
2022-08-03 16:32:24.067,14671,14672,14672,2,2
2022-08-03 16:32:24.067,14671,14672,14672,1,1
2022-08-03 16:32:24.067,14671,14672,14672,3,3
2022-08-03 16:32:24.067,14671,14672,14672,1,1
2022-08-03 16:32:24.067,14671,14672,14672,15,15
2022-08-03 16:32:24.067,14671,14672,14672,1,1
2022-08-03 16:32:24.067,14671,14672,14672,1,1
2022-08-03 16:32:24.067,14671,14672,14672,28,28
2022-08-03 16:32:24.068,14671,14672,14672,1,1
2022-08-03 16:32:24.068,14671,14672,14672,1,1
2022-08-03 16:32:24.068,14671,14672,14672,18,18
2022-08-03 16:32:24.069,14671,14672,14673,3,3
2022-08-03 16:32:24.080,14671,14672,14673,2,2
2022-08-03 16:32:24.080,14671,14672,14673,1,1
2022-08-03 16:32:24.639,14672,14674,14674,2,2
2022-08-03 16:32:25.656,14673,14674,14674,5,5
2022-08-03 16:32:27.728,14673,14674,14674,1,1
2022-08-03 16:32:27.732,14673,14674,14674,1,1
2022-08-03 16:32:32.737,14673,14674,14674,1,1
2022-08-03 16:32:32.738,14673,14674,14674,1,1
2022-08-03 16:32:35.080,14673,14674,14674,1,1
2022-08-03 16:32:36.267,14673,14674,14674,2,2
2022-08-03 16:32:36.322,14673,14674,14674,2,2
2022-08-03 16:32:41.904,14673,14674,14673,2,-2
2022-08-03 16:32:43.306,14672,14674,14674,1,1
2022-08-03 16:32:43.752,14672,14674,14674,2,2
2022-08-03 16:32:45.876,14672,14674,14673,1,1
2022-08-03 16:32:53.374,14673,14674,14674,1,1
2022-08-03 16:32:57.234,14673,14674,14674,1,1
2022-08-03 16:33:02.116,14673,14674,14674,2,2
2022-08-03 16:33:07.824,14674,14675,14675,2,2
2022-08-03 16:33:07.914,14674,14675,14675,4,4
2022-08-03 16:33:16.257,14674,14675,14675,4,4
2022-08-03 16:33:18.268,14674,14675,14674,3,-3
2022-08-03 16:33:22.742,14674,14675,14675,1,1
2022-08-03 16:33:27.190,14674,14675,14675,2,2
2022-08-03 16:33:30.360,14674,14675,14674,1,-1
2022-08-03 16:33:30.360,14674,14675,14674,1,-1
2022-08-03 16:33:40.120,14672,14674,14674,1,1
2022-08-03 16:33:40.437,14672,14674,14674,1,1
2022-08-03 16:33:41.963,14673,14675,14673,1,-1
2022-08-03 16:33:43.161,14674,14675,14674,1,-1
2022-08-03 16:33:44.459,14673,14675,14673,1,-1
2022-08-03 16:33:55.531,14673,14674,14673,2,-2
2022-08-03 16:33:57.059,14673,14674,14673,1,-1
2022-08-03 16:34:04.218,14673,14674,14674,2,2
2022-08-03 16:34:11.353,14673,14674,14673,1,-1
2022-08-03 16:34:13.136,14673,14674,14674,1,1
2022-08-03 16:34:17.615,14673,14674,14674,4,4
2022-08-03 16:34:20.793,14673,14675,14675,1,1
2022-08-03 16:34:34.388,14674,14675,14675,1,1
2022-08-03 16:34:47.083,14674,14675,14674,1,-1
2022-08-03 16:34:49.250,14673,14674,14674,3,3
2022-08-03 16:34:50.769,14673,14674,14674,1,1
2022-08-03 16:34:51.973,14673,14674,14674,1,1
2022-08-03 16:35:04.597,14673,14674,14673,1,-1
2022-08-03 16:35:04.597,14673,14674,14673,5,-5
2022-08-03 16:35:16.712,14672,14673,14673,1,1
2022-08-03 16:35:16.738,14672,14673,14673,1,1
2022-08-03 16:35:41.109,14672,14673,14672,1,-1
2022-08-03 16:35:41.109,14672,14673,14672,6,-6
2022-08-03 16:36:12.630,14671,14672,14671,2,-2
2022-08-03 16:36:14.574,14671,14672,14671,2,-2
2022-08-03 16:36:14.574,14671,14672,14671,1,-1
2022-08-03 16:36:14.575,14671,14672,14671,1,-1
2022-08-03 16:36:20.796,14670,14672,14670,5,-5
2022-08-03 16:36:25.462,14670,14671,14670,1,-1
2022-08-03 16:36:27.137,14669,14670,14670,1,1
2022-08-03 16:36:54.234,14669,14670,14669,1,-1
2022-08-03 16:37:01.566,14669,14670,14669,1,-1
2022-08-03 16:37:04.471,14669,14670,14669,1,-1
2022-08-03 16:37:09.078,14669,14670,14669,1,-1
2022-08-03 16:37:09.812,14669,14670,14669,2,-2
2022-08-03 16:37:22.244,14669,14670,14669,4,-4
2022-08-03 16:38:37.129,14669,14670,14669,3,-3
2022-08-03 16:38:42.168,14669,14670,14669,1,-1
2022-08-03 16:38:47.050,14669,14670,14669,1,-1
2022-08-03 16:38:54.905,14669,14670,14669,2,-2
2022-08-03 16:39:16.820,14668,14669,14669,1,1
2022-08-03 16:39:16.820,14668,14669,14669,2,2
2022-08-03 16:39:33.844,14669,14670,14669,2,-2
2022-08-03 16:40:00.121,14669,14670,14669,1,-1
2022-08-03 16:40:00.481,14669,14670,14669,2,-2
2022-08-03 16:40:15.498,14669,14670,14670,3,3
2022-08-03 16:40:15.978,14669,14670,14670,1,1
2022-08-03 16:40:15.979,14669,14670,14670,1,1
2022-08-03 16:40:15.981,14669,14670,14670,1,1
2022-08-03 16:40:15.982,14669,14670,14670,1,1
2022-08-03 16:40:15.988,14669,14670,14670,1,1
2022-08-03 16:40:15.988,14669,14670,14671,2,2
2022-08-03 16:40:15.994,14669,14670,14671,2,2
2022-08-03 16:40:15.996,14669,14670,14671,1,1
2022-08-03 16:40:27.180,14670,14671,14670,1,-1
2022-08-03 16:40:42.931,14670,14671,14670,1,-1
2022-08-03 16:40:42.931,14670,14671,14670,1,-1
2022-08-03 16:40:42.931,14670,14671,14670,1,-1
2022-08-03 16:40:42.990,14670,14671,14670,1,-1
2022-08-03 16:40:46.823,14670,14671,14670,1,-1
2022-08-03 16:40:53.078,14669,14670,14670,1,1
2022-08-03 16:40:57.421,14670,14671,14670,1,-1
2022-08-03 16:41:04.074,14670,14671,14670,1,-1
2022-08-03 16:41:05.066,14670,14671,14670,2,-2
2022-08-03 16:41:17.093,14670,14671,14670,3,-3
2022-08-03 16:41:17.093,14670,14671,14670,1,-1
2022-08-03 16:41:20.366,14670,14671,14670,1,-1
2022-08-03 16:41:22.447,14670,14671,14671,1,1
2022-08-03 16:42:10.130,14670,14671,14671,1,1
2022-08-03 16:42:12.067,14670,14671,14670,1,-1
2022-08-03 16:42:12.068,14670,14671,14671,1,1
2022-08-03 16:42:29.878,14671,14672,14671,1,-1
2022-08-03 16:42:41.552,14671,14672,14671,1,-1
2022-08-03 16:42:43.844,14671,14672,14671,1,-1
2022-08-03 16:42:45.998,14671,14672,14671,2,-2
2022-08-03 16:42:59.780,14671,14672,14671,12,-12
2022-08-03 16:43:00.370,14670,14671,14671,2,2
2022-08-03 16:43:00.370,14670,14671,14671,1,1
2022-08-03 16:43:03.901,14671,14672,14671,1,-1
2022-08-03 16:43:16.166,14671,14672,14671,6,-6
2022-08-03 16:43:25.634,14670,14671,14670,1,-1
2022-08-03 16:43:31.531,14669,14671,14671,1,1
2022-08-03 16:44:24.513,14669,14670,14669,10,-10
2022-08-03 16:44:24.513,14669,14670,14669,3,-3
2022-08-03 16:44:29.089,14669,14670,14669,1,-1
2022-08-03 16:44:51.105,14669,14670,14669,2,-2
2022-08-03 16:45:03.922,14669,14670,14670,2,2
2022-08-03 16:45:04.162,14669,14670,14670,1,1
2022-08-03 16:45:04.162,14669,14670,14670,1,1
2022-08-03 16:45:04.162,14669,14670,14670,2,2
2022-08-03 16:45:04.162,14669,14670,14670,1,1
2022-08-03 16:45:04.162,14669,14670,14670,4,4
2022-08-03 16:45:04.162,14669,14670,14670,5,5
2022-08-03 16:45:05.544,14670,14671,14671,2,2
2022-08-03 16:45:35.544,14670,14671,14671,1,1
2022-08-03 16:45:54.680,14671,14672,14671,1,-1
2022-08-03 16:45:57.701,14671,14672,14671,1,-1
2022-08-03 16:46:03.499,14671,14672,14671,2,-2
2022-08-03 16:46:03.500,14671,14672,14671,2,-2
2022-08-03 16:46:11.466,14671,14672,14671,1,-1
2022-08-03 16:46:19.225,14670,14671,14671,2,2
2022-08-03 16:46:21.606,14670,14671,14671,2,2
2022-08-03 16:46:32.342,14670,14671,14671,2,2
2022-08-03 16:46:42.183,14670,14671,14671,1,1
2022-08-03 16:47:17.819,14671,14672,14672,1,1
2022-08-03 16:47:36.354,14671,14672,14671,1,-1
2022-08-03 16:47:37.855,14671,14672,14671,1,-1
2022-08-03 16:48:13.543,14671,14672,14671,1,-1
2022-08-03 16:48:15.154,14671,14672,14672,5,5
2022-08-03 16:48:52.258,14671,14672,14671,9,-9
2022-08-03 16:49:02.629,14670,14671,14671,1,1
2022-08-03 16:49:51.759,14670,14671,14670,10,-10
2022-08-03 16:49:56.718,14670,14671,14671,1,1
2022-08-03 16:50:13.595,14670,14671,14671,1,1
2022-08-03 16:50:13.641,14670,14671,14671,1,1
2022-08-03 16:50:32.200,14670,14671,14671,1,1
2022-08-03 16:50:32.200,14670,14671,14672,4,4
2022-08-03 16:50:32.377,14670,14672,14672,2,2
2022-08-03 16:50:39.336,14670,14672,14672,1,1
2022-08-03 16:50:39.567,14670,14672,14672,1,1
2022-08-03 16:50:48.515,14670,14671,14670,3,-3
2022-08-03 16:50:58.479,14669,14670,14669,1,-1
2022-08-03 16:51:01.447,14669,14670,14669,1,-1
2022-08-03 16:51:18.101,14669,14670,14669,1,-1
2022-08-03 16:51:30.246,14668,14669,14669,2,2
2022-08-03 16:51:30.247,14668,14669,14669,1,1
2022-08-03 16:51:30.255,14668,14669,14668,3,-3
2022-08-03 16:51:30.256,14668,14669,14668,9,-9
2022-08-03 16:51:30.256,14668,14669,14668,3,-3
2022-08-03 16:51:43.114,14667,14668,14668,1,1
2022-08-03 16:52:12.306,14667,14668,14668,1,1
2022-08-03 16:52:12.789,14667,14669,14669,1,1
2022-08-03 16:52:42.446,14668,14669,14668,2,-2
2022-08-03 16:52:52.188,14668,14669,14668,2,-2
2022-08-03 16:52:59.338,14668,14669,14668,1,-1
2022-08-03 16:53:17.561,14667,14668,14668,1,1
2022-08-03 16:53:22.304,14667,14668,14667,2,-2
2022-08-03 16:53:22.619,14667,14668,14667,1,-1
2022-08-03 16:53:27.950,14667,14668,14667,1,-1
2022-08-03 16:53:28.019,14666,14668,14666,1,-1
2022-08-03 16:53:56.575,14667,14668,14668,5,5
2022-08-03 16:54:05.140,14667,14669,14669,2,2
2022-08-03 16:54:06.305,14668,14669,14669,1,1
2022-08-03 16:54:06.439,14669,14670,14670,2,2
2022-08-03 16:54:06.440,14669,14670,14670,3,3
2022-08-03 16:54:19.092,14669,14670,14670,2,2
2022-08-03 16:54:38.137,14670,14671,14671,2,2
2022-08-03 16:54:43.781,14671,14672,14671,2,-2
2022-08-03 16:54:54.914,14671,14672,14672,7,7
2022-08-03 16:55:00.582,14672,14673,14672,1,-1
2022-08-03 16:55:00.582,14672,14673,14672,1,-1
2022-08-03 16:55:00.970,14671,14673,14673,5,5
2022-08-03 16:55:00.970,14671,14673,14673,1,1
2022-08-03 16:55:21.585,14672,14673,14672,1,-1
2022-08-03 16:55:21.585,14672,14673,14672,4,-4
2022-08-03 16:55:28.929,14672,14673,14672,1,-1
2022-08-03 16:55:40.224,14672,14673,14672,1,-1
2022-08-03 16:55:40.225,14672,14673,14672,1,-1
2022-08-03 16:56:12.382,14671,14672,14672,1,1
2022-08-03 16:56:12.382,14671,14672,14672,1,1
2022-08-03 16:56:12.437,14672,14673,14672,1,-1
2022-08-03 16:56:19.248,14672,14673,14672,1,-1
2022-08-03 16:56:24.925,14672,14673,14673,8,8
2022-08-03 16:56:24.926,14672,14673,14673,10,10
2022-08-03 16:56:25.504,14673,14674,14674,1,1
2022-08-03 16:56:25.716,14673,14674,14674,2,2
2022-08-03 16:56:28.231,14673,14674,14674,3,3
2022-08-03 16:56:28.232,14673,14674,14674,14,14
2022-08-03 16:56:28.232,14673,14674,14674,2,2
2022-08-03 16:56:29.497,14674,14675,14675,3,3
2022-08-03 16:56:29.498,14674,14675,14675,1,1
2022-08-03 16:56:29.498,14674,14675,14675,1,1
2022-08-03 16:56:29.498,14674,14675,14675,1,1
2022-08-03 16:56:29.498,14674,14675,14675,1,1
2022-08-03 16:56:29.498,14674,14675,14675,1,1
2022-08-03 16:56:29.498,14674,14675,14675,1,1
2022-08-03 16:56:29.498,14674,14675,14675,2,2
2022-08-03 16:56:29.498,14674,14675,14675,2,2
2022-08-03 16:56:29.498,14674,14675,14675,9,9
2022-08-03 16:56:29.498,14674,14675,14675,2,2
2022-08-03 16:56:32.029,14675,14676,14675,1,-1
2022-08-03 16:56:32.029,14675,14676,14675,1,-1
2022-08-03 16:56:32.181,14674,14675,14675,3,3
2022-08-03 16:56:34.029,14674,14675,14675,1,1
2022-08-03 16:56:38.798,14674,14675,14674,1,-1
2022-08-03 16:56:38.798,14674,14675,14674,1,-1
2022-08-03 16:56:39.791,14672,14674,14674,1,1
2022-08-03 16:56:52.613,14672,14674,14674,2,2
2022-08-03 16:57:09.042,14672,14674,14674,1,1
2022-08-03 16:57:17.596,14672,14673,14673,1,1
2022-08-03 16:57:22.300,14672,14674,14674,2,2
2022-08-03 16:57:32.037,14673,14674,14673,1,-1
2022-08-03 16:57:33.476,14673,14674,14674,2,2
2022-08-03 16:57:38.269,14673,14674,14673,1,-1
2022-08-03 16:58:05.288,14672,14673,14672,11,-11
2022-08-03 16:58:05.478,14671,14673,14671,1,-1
2022-08-03 16:58:35.013,14671,14672,14671,1,-1
2022-08-03 16:58:35.022,14671,14672,14671,1,-1
2022-08-03 16:58:35.022,14671,14672,14671,3,-3
2022-08-03 16:58:37.286,14671,14672,14671,1,-1
2022-08-03 16:59:01.467,14670,14672,14672,1,1
2022-08-03 16:59:08.675,14671,14672,14672,3,3
2022-08-03 16:59:21.692,14672,14673,14672,2,-2
2022-08-03 16:59:22.444,14671,14672,14671,3,-3
2022-08-03 16:59:24.293,14671,14672,14671,1,-1
2022-08-03 16:59:28.162,14670,14671,14670,2,-2
2022-08-03 16:59:28.294,14670,14671,14670,1,-1
2022-08-03 16:59:28.484,14670,14671,14670,1,-1
2022-08-03 16:59:28.485,14670,14671,14670,1,-1
2022-08-03 16:59:30.298,14669,14671,14669,1,-1
2022-08-03 16:59:30.354,14669,14671,14671,1,1
2022-08-03 16:59:35.611,14669,14670,14669,2,-2
2022-08-03 16:59:38.863,14668,14670,14668,1,-1
2022-08-03 16:59:39.769,14668,14670,14670,1,1
2022-08-03 16:59:52.452,14669,14670,14669,1,-1
2022-08-03 17:00:02.994,14668,14669,14668,2,-2
2022-08-03 17:00:03.265,14668,14669,14668,2,-2
2022-08-03 17:00:15.012,14667,14668,14667,4,-4
2022-08-03 17:00:15.012,14667,14668,14666,9,-9
2022-08-03 17:00:15.188,14666,14668,14666,2,-2
2022-08-03 17:00:18.092,14666,14667,14667,1,1
2022-08-03 17:00:28.468,14666,14667,14666,2,-2
2022-08-03 17:00:28.888,14666,14667,14666,2,-2
2022-08-03 17:00:29.312,14666,14667,14666,2,-2
2022-08-03 17:00:30.235,14666,14667,14666,2,-2
2022-08-03 17:00:31.297,14665,14666,14666,1,1
2022-08-03 17:00:32.705,14665,14666,14666,1,1
2022-08-03 17:00:33.548,14665,14667,14665,1,-1
2022-08-03 17:00:35.065,14666,14667,14666,1,-1
2022-08-03 17:00:39.129,14666,14667,14666,1,-1
2022-08-03 17:00:39.881,14666,14667,14667,1,1
2022-08-03 17:00:40.898,14666,14667,14667,1,1
2022-08-03 17:00:51.454,14667,14668,14667,1,-1
2022-08-03 17:00:51.454,14667,14668,14667,1,-1
2022-08-03 17:00:55.610,14666,14668,14668,1,1
2022-08-03 17:01:08.390,14666,14668,14668,8,8
2022-08-03 17:01:48.997,14666,14667,14667,1,1
2022-08-03 17:01:53.512,14666,14667,14667,1,1
2022-08-03 17:01:53.512,14666,14667,14667,1,1
2022-08-03 17:01:53.512,14666,14667,14667,1,1
2022-08-03 17:01:53.513,14666,14667,14667,1,1
2022-08-03 17:01:53.513,14666,14667,14667,1,1
2022-08-03 17:01:55.899,14667,14668,14667,1,-1
2022-08-03 17:01:57.728,14667,14668,14667,1,-1
2022-08-03 17:02:14.973,14667,14668,14668,1,1
2022-08-03 17:02:14.973,14667,14668,14668,1,1
2022-08-03 17:02:37.709,14669,14670,14670,2,2
2022-08-03 17:03:12.149,14669,14670,14670,1,1
2022-08-03 17:03:28.381,14669,14671,14671,2,2
2022-08-03 17:03:28.560,14669,14671,14671,4,4
2022-08-03 17:03:28.560,14669,14671,14672,1,1
2022-08-03 17:03:32.553,14671,14672,14672,1,1
2022-08-03 17:03:32.553,14671,14672,14672,1,1
2022-08-03 17:03:32.839,14672,14673,14673,1,1
2022-08-03 17:03:37.556,14672,14673,14673,1,1
2022-08-03 17:03:38.068,14672,14673,14673,1,1
2022-08-03 17:03:39.216,14672,14673,14672,1,-1
2022-08-03 17:03:40.287,14672,14673,14672,1,-1
2022-08-03 17:03:40.287,14672,14673,14672,1,-1
2022-08-03 17:03:40.287,14672,14673,14672,1,-1
2022-08-03 17:03:40.287,14672,14673,14672,1,-1
2022-08-03 17:03:40.287,14672,14673,14672,1,-1
2022-08-03 17:04:01.995,14670,14672,14672,1,1
2022-08-03 17:04:02.017,14670,14672,14672,1,1
2022-08-03 17:04:02.048,14670,14672,14672,1,1
2022-08-03 17:04:02.048,14670,14672,14672,1,1
2022-08-03 17:04:02.048,14670,14672,14672,1,1
2022-08-03 17:04:02.048,14670,14672,14673,1,1
2022-08-03 17:04:20.793,14671,14672,14672,1,1
2022-08-03 17:04:47.405,14672,14673,14673,4,4
2022-08-03 17:04:47.405,14672,14673,14673,1,1
2022-08-03 17:04:47.516,14673,14674,14674,1,1
2022-08-03 17:04:48.888,14673,14674,14674,3,3
2022-08-03 17:04:49.016,14673,14675,14675,1,1
2022-08-03 17:04:49.306,14673,14675,14675,8,8
2022-08-03 17:04:49.818,14674,14675,14675,1,1
2022-08-03 17:04:55.285,14674,14675,14674,1,-1
2022-08-03 17:04:55.285,14674,14675,14674,1,-1
2022-08-03 17:04:58.728,14674,14675,14674,2,-2
2022-08-03 17:05:00.625,14673,14674,14674,1,1
2022-08-03 17:05:00.641,14673,14674,14674,1,1
2022-08-03 17:05:00.929,14673,14675,14675,2,2
2022-08-03 17:05:01.088,14673,14675,14675,1,1
2022-08-03 17:05:03.854,14673,14674,14674,1,1
2022-08-03 17:05:35.523,14673,14674,14673,7,-7
2022-08-03 17:05:50.304,14672,14673,14672,1,-1
2022-08-03 17:05:50.852,14671,14673,14671,1,-1
2022-08-03 17:05:55.776,14672,14673,14673,2,2
2022-08-03 17:05:55.776,14672,14673,14674,3,3
2022-08-03 17:06:07.155,14672,14674,14674,9,9
2022-08-03 17:06:08.206,14673,14675,14673,1,-1
2022-08-03 17:06:21.430,14674,14675,14674,1,-1
2022-08-03 17:06:25.934,14674,14675,14675,1,1
2022-08-03 17:06:25.934,14674,14675,14675,6,6
2022-08-03 17:06:26.442,14675,14676,14676,1,1
2022-08-03 17:06:26.442,14675,14676,14676,1,1
2022-08-03 17:06:26.442,14675,14676,14676,2,2
2022-08-03 17:06:26.442,14675,14676,14676,1,1
