2019-05-30 15:00:00.021,10372,10373,10373,56,56
2019-05-30 15:00:00.022,10372,10373,10372,8,-8
2019-05-30 15:00:00.022,10372,10373,10372,1,-1
2019-05-30 15:00:00.076,10372,10373,10373,1,1
2019-05-30 15:00:00.462,10372,10373,10372,1,-1
2019-05-30 15:00:00.559,10372,10373,10373,1,1
2019-05-30 15:00:00.648,10372,10373,10373,1,1
2019-05-30 15:00:00.804,10372,10373,10373,2,2
2019-05-30 15:00:00.917,10372,10373,10373,2,2
2019-05-30 15:00:00.962,10372,10373,10373,5,5
2019-05-30 15:00:00.983,10372,10373,10374,1,1
2019-05-30 15:00:01.221,10373,10374,10374,5,5
2019-05-30 15:00:01.332,10373,10374,10374,1,1
2019-05-30 15:00:01.332,10373,10374,10374,2,2
2019-05-30 15:00:01.592,10373,10374,10374,2,2
2019-05-30 15:00:01.755,10373,10374,10373,1,-1
2019-05-30 15:00:01.856,10373,10374,10374,2,2
2019-05-30 15:00:02.915,10373,10374,10374,12,12
2019-05-30 15:00:02.915,10373,10374,10375,8,8
2019-05-30 15:00:03.238,10374,10375,10374,1,-1
2019-05-30 15:00:03.360,10374,10375,10375,1,1
2019-05-30 15:00:04.087,10374,10375,10374,10,-10
2019-05-30 15:00:04.324,10374,10375,10374,1,-1
2019-05-30 15:00:04.449,10374,10375,10374,8,-8
2019-05-30 15:00:05.702,10373,10374,10374,2,2
2019-05-30 15:00:05.776,10373,10374,10373,1,-1
2019-05-30 15:00:05.908,10373,10374,10373,2,-2
2019-05-30 15:00:05.949,10373,10374,10373,1,-1
2019-05-30 15:00:07.064,10372,10373,10372,22,-22
2019-05-30 15:00:07.064,10372,10373,10371,13,-13
2019-05-30 15:00:07.199,10371,10372,10371,2,-2
2019-05-30 15:00:07.200,10371,10372,10371,2,-2
2019-05-30 15:00:07.324,10371,10372,10371,4,-4
2019-05-30 15:00:07.416,10371,10372,10371,2,-2
2019-05-30 15:00:07.699,10370,10371,10371,2,2
2019-05-30 15:00:07.742,10370,10371,10372,1,1
2019-05-30 15:00:07.824,10370,10372,10371,4,-4
2019-05-30 15:00:07.949,10370,10371,10371,4,4
2019-05-30 15:00:08.599,10370,10371,10371,2,2
2019-05-30 15:00:08.604,10370,10371,10372,1,1
2019-05-30 15:00:08.817,10370,10372,10371,4,-4
2019-05-30 15:00:10.544,10370,10372,10372,2,2
2019-05-30 15:00:14.882,10371,10372,10371,1,-1
2019-05-30 15:00:15.188,10370,10371,10371,1,1
2019-05-30 15:00:16.018,10370,10372,10372,5,5
2019-05-30 15:00:17.552,10371,10372,10371,1,-1
2019-05-30 15:00:19.285,10371,10372,10371,1,-1
2019-05-30 15:00:19.908,10371,10372,10371,6,-6
2019-05-30 15:00:20.138,10370,10371,10371,1,1
2019-05-30 15:00:20.967,10370,10371,10371,1,1
2019-05-30 15:00:21.852,10371,10372,10371,1,-1
2019-05-30 15:00:22.919,10370,10371,10371,1,1
2019-05-30 15:00:23.323,10370,10372,10372,2,2
2019-05-30 15:00:24.464,10371,10372,10371,1,-1
2019-05-30 15:00:25.390,10371,10372,10371,1,-1
2019-05-30 15:00:27.485,10370,10371,10370,1,-1
2019-05-30 15:00:27.691,10370,10371,10370,1,-1
2019-05-30 15:00:27.857,10370,10371,10370,1,-1
2019-05-30 15:00:28.055,10370,10371,10370,1,-1
2019-05-30 15:00:28.970,10370,10371,10370,1,-1
2019-05-30 15:00:29.128,10370,10371,10370,1,-1
2019-05-30 15:00:29.864,10370,10371,10370,1,-1
2019-05-30 15:00:30.197,10370,10371,10370,1,-1
2019-05-30 15:00:30.358,10370,10371,10370,1,-1
2019-05-30 15:00:30.521,10370,10371,10370,1,-1
2019-05-30 15:00:30.573,10370,10371,10370,1,-1
2019-05-30 15:00:30.688,10370,10371,10370,1,-1
2019-05-30 15:00:30.741,10370,10371,10371,1,1
2019-05-30 15:00:30.861,10370,10371,10370,1,-1
2019-05-30 15:00:32.038,10370,10371,10370,2,-2
2019-05-30 15:00:32.991,10370,10371,10371,1,1
2019-05-30 15:00:33.172,10370,10371,10371,1,1
2019-05-30 15:00:35.341,10370,10371,10371,1,1
2019-05-30 15:00:35.824,10370,10371,10371,2,2
2019-05-30 15:00:35.824,10370,10371,10371,3,3
2019-05-30 15:00:39.484,10371,10372,10371,1,-1
2019-05-30 15:00:41.867,10371,10372,10372,1,1
2019-05-30 15:00:49.159,10371,10372,10372,2,2
2019-05-30 15:00:49.851,10371,10372,10372,8,8
2019-05-30 15:00:49.851,10371,10372,10372,1,1
2019-05-30 15:00:49.852,10371,10372,10372,1,1
2019-05-30 15:00:50.184,10372,10373,10372,1,-1
2019-05-30 15:00:53.519,10372,10373,10372,1,-1
2019-05-30 15:00:53.621,10372,10373,10373,20,20
2019-05-30 15:00:54.806,10373,10374,10373,1,-1
2019-05-30 15:00:58.271,10373,10374,10374,1,1
2019-05-30 15:00:58.272,10373,10374,10374,1,1
2019-05-30 15:00:58.276,10373,10374,10374,1,1
2019-05-30 15:00:58.660,10373,10374,10374,1,1
2019-05-30 15:00:58.661,10373,10374,10374,1,1
2019-05-30 15:00:58.661,10373,10374,10374,2,2
2019-05-30 15:00:58.661,10373,10374,10374,5,5
2019-05-30 15:00:58.661,10373,10374,10374,3,3
2019-05-30 15:00:58.662,10373,10374,10374,2,2
2019-05-30 15:00:58.663,10373,10374,10374,2,2
2019-05-30 15:00:58.665,10373,10374,10374,2,2
2019-05-30 15:00:59.917,10373,10375,10374,1,-1
2019-05-30 15:00:59.945,10373,10375,10373,1,-1
2019-05-30 15:01:00.113,10373,10375,10375,1,1
2019-05-30 15:01:01.525,10374,10375,10374,1,-1
2019-05-30 15:01:01.819,10374,10375,10375,1,1
2019-05-30 15:01:02.414,10374,10375,10374,2,-2
2019-05-30 15:01:02.768,10373,10374,10374,2,2
2019-05-30 15:01:04.502,10373,10374,10374,2,2
2019-05-30 15:01:05.894,10373,10374,10374,1,1
2019-05-30 15:01:07.652,10373,10374,10373,1,-1
2019-05-30 15:01:15.077,10373,10374,10373,1,-1
2019-05-30 15:01:16.754,10373,10374,10374,1,1
2019-05-30 15:01:25.235,10373,10374,10374,1,1
2019-05-30 15:01:25.925,10373,10374,10374,2,2
2019-05-30 15:01:28.927,10373,10374,10373,1,-1
2019-05-30 15:01:30.276,10373,10374,10374,2,2
2019-05-30 15:01:31.455,10373,10374,10374,1,1
2019-05-30 15:01:32.625,10373,10374,10374,1,1
2019-05-30 15:01:36.285,10373,10374,10374,1,1
2019-05-30 15:01:36.713,10373,10374,10373,2,-2
2019-05-30 15:01:36.718,10373,10374,10373,4,-4
2019-05-30 15:01:39.816,10373,10374,10374,1,1
2019-05-30 15:01:40.053,10373,10374,10374,1,1
2019-05-30 15:01:41.832,10373,10374,10374,1,1
2019-05-30 15:01:47.521,10373,10374,10374,1,1
2019-05-30 15:01:48.498,10373,10374,10374,1,1
2019-05-30 15:01:51.557,10373,10374,10374,16,16
2019-05-30 15:01:51.558,10373,10374,10374,2,2
2019-05-30 15:01:51.558,10373,10374,10374,2,2
2019-05-30 15:01:51.768,10373,10375,10374,1,-1
2019-05-30 15:01:52.379,10373,10374,10374,1,1
2019-05-30 15:01:56.030,10373,10374,10374,1,1
2019-05-30 15:02:00.472,10374,10375,10374,1,-1
2019-05-30 15:02:02.583,10374,10375,10374,1,-1
2019-05-30 15:02:02.583,10374,10375,10374,2,-2
2019-05-30 15:02:03.599,10373,10374,10374,2,2
2019-05-30 15:02:04.277,10374,10375,10374,1,-1
2019-05-30 15:02:06.042,10373,10374,10374,3,3
2019-05-30 15:02:08.153,10373,10374,10374,6,6
2019-05-30 15:02:11.534,10373,10374,10373,1,-1
2019-05-30 15:02:22.791,10373,10374,10374,1,1
2019-05-30 15:02:29.610,10373,10374,10373,1,-1
2019-05-30 15:02:32.829,10373,10374,10374,1,1
2019-05-30 15:02:38.568,10373,10374,10374,2,2
2019-05-30 15:02:39.115,10373,10374,10374,1,1
2019-05-30 15:02:44.481,10373,10374,10374,1,1
2019-05-30 15:02:44.622,10373,10374,10374,1,1
2019-05-30 15:02:48.028,10373,10374,10373,1,-1
2019-05-30 15:02:49.635,10373,10374,10373,1,-1
2019-05-30 15:02:49.660,10373,10374,10373,1,-1
2019-05-30 15:02:53.460,10373,10374,10373,1,-1
2019-05-30 15:02:53.676,10373,10374,10374,1,1
2019-05-30 15:02:55.000,10373,10374,10373,1,-1
2019-05-30 15:02:56.101,10373,10374,10373,4,-4
2019-05-30 15:02:58.070,10373,10374,10373,2,-2
2019-05-30 15:03:05.578,10373,10374,10373,10,-10
2019-05-30 15:03:15.340,10373,10374,10373,2,-2
2019-05-30 15:03:19.361,10373,10374,10374,27,27
2019-05-30 15:03:19.972,10374,10375,10375,1,1
2019-05-30 15:03:20.525,10374,10375,10374,3,-3
2019-05-30 15:03:22.073,10374,10375,10374,16,-16
2019-05-30 15:03:24.926,10374,10375,10374,1,-1
2019-05-30 15:03:28.589,10374,10375,10374,11,-11
2019-05-30 15:03:28.592,10374,10375,10374,4,-4
2019-05-30 15:03:30.235,10373,10374,10374,1,1
2019-05-30 15:03:31.054,10373,10374,10374,14,14
2019-05-30 15:03:34.183,10374,10375,10374,1,-1
2019-05-30 15:03:39.423,10374,10375,10374,4,-4
2019-05-30 15:03:40.199,10374,10375,10375,1,1
2019-05-30 15:03:40.352,10374,10375,10375,58,58
2019-05-30 15:03:40.449,10374,10375,10375,5,5
2019-05-30 15:03:54.523,10375,10376,10375,1,-1
2019-05-30 15:03:56.966,10375,10376,10376,1,1
2019-05-30 15:03:57.103,10375,10376,10376,1,1
2019-05-30 15:04:00.487,10375,10376,10376,1,1
2019-05-30 15:04:02.705,10375,10376,10376,1,1
2019-05-30 15:04:03.375,10375,10376,10376,2,2
2019-05-30 15:04:03.449,10375,10376,10376,9,9
2019-05-30 15:04:04.852,10376,10377,10377,11,11
2019-05-30 15:04:05.448,10376,10377,10376,1,-1
2019-05-30 15:04:05.555,10376,10377,10377,3,3
2019-05-30 15:04:05.574,10377,10378,10377,1,-1
2019-05-30 15:04:06.058,10377,10378,10378,11,11
2019-05-30 15:04:06.393,10377,10378,10377,1,-1
2019-05-30 15:04:06.512,10377,10378,10377,1,-1
2019-05-30 15:04:09.574,10377,10378,10377,1,-1
2019-05-30 15:04:11.497,10376,10377,10377,1,1
2019-05-30 15:04:13.552,10376,10377,10376,1,-1
2019-05-30 15:04:13.640,10376,10377,10377,1,1
2019-05-30 15:04:14.814,10376,10377,10377,2,2
2019-05-30 15:04:15.016,10376,10377,10377,1,1
2019-05-30 15:04:15.479,10376,10377,10377,1,1
2019-05-30 15:04:16.150,10376,10377,10377,1,1
2019-05-30 15:04:18.885,10376,10377,10377,1,1
2019-05-30 15:04:19.344,10376,10377,10377,1,1
2019-05-30 15:04:19.637,10376,10377,10376,1,-1
2019-05-30 15:04:20.581,10376,10377,10377,1,1
2019-05-30 15:04:20.804,10376,10377,10377,1,1
2019-05-30 15:04:28.320,10376,10377,10376,1,-1
2019-05-30 15:04:29.376,10376,10377,10377,1,1
2019-05-30 15:04:32.879,10376,10377,10376,1,-1
2019-05-30 15:04:34.298,10376,10377,10377,3,3
2019-05-30 15:04:34.484,10376,10377,10376,1,-1
2019-05-30 15:04:35.850,10376,10377,10377,1,1
2019-05-30 15:04:36.543,10376,10377,10376,1,-1
2019-05-30 15:04:37.432,10376,10377,10377,1,1
2019-05-30 15:04:38.065,10376,10377,10377,1,1
2019-05-30 15:04:39.888,10376,10377,10376,9,-9
2019-05-30 15:04:39.949,10376,10377,10376,14,-14
2019-05-30 15:04:40.347,10375,10376,10376,5,5
2019-05-30 15:04:41.324,10375,10376,10376,4,4
2019-05-30 15:04:41.397,10375,10376,10375,1,-1
2019-05-30 15:04:43.739,10375,10376,10376,1,1
2019-05-30 15:04:44.595,10376,10377,10376,1,-1
2019-05-30 15:04:44.970,10376,10377,10376,1,-1
2019-05-30 15:04:45.978,10375,10376,10376,1,1
2019-05-30 15:04:46.079,10375,10377,10377,16,16
2019-05-30 15:04:46.417,10376,10377,10376,1,-1
2019-05-30 15:04:53.945,10376,10377,10377,1,1
2019-05-30 15:04:55.327,10376,10377,10377,1,1
2019-05-30 15:05:00.926,10376,10377,10376,1,-1
2019-05-30 15:05:00.945,10376,10377,10376,1,-1
2019-05-30 15:05:03.459,10376,10377,10376,1,-1
2019-05-30 15:05:03.964,10376,10377,10377,1,1
2019-05-30 15:05:04.346,10376,10377,10377,1,1
2019-05-30 15:05:04.405,10376,10377,10377,1,1
2019-05-30 15:05:04.409,10376,10377,10377,1,1
2019-05-30 15:05:06.435,10376,10377,10377,1,1
2019-05-30 15:05:09.574,10376,10377,10377,1,1
2019-05-30 15:05:13.593,10376,10377,10377,1,1
2019-05-30 15:05:14.331,10376,10377,10377,1,1
2019-05-30 15:05:16.344,10376,10377,10377,1,1
2019-05-30 15:05:16.522,10376,10377,10377,1,1
2019-05-30 15:05:18.709,10376,10377,10377,1,1
2019-05-30 15:05:22.426,10376,10377,10377,1,1
2019-05-30 15:05:26.575,10376,10377,10377,5,5
2019-05-30 15:05:26.934,10376,10377,10376,1,-1
2019-05-30 15:05:36.149,10376,10377,10377,1,1
2019-05-30 15:05:39.055,10376,10377,10376,1,-1
2019-05-30 15:05:43.543,10376,10377,10376,2,-2
2019-05-30 15:05:44.358,10376,10377,10376,1,-1
2019-05-30 15:05:46.306,10376,10377,10376,4,-4
2019-05-30 15:05:47.972,10375,10376,10375,7,-7
2019-05-30 15:05:50.168,10375,10376,10375,4,-4
2019-05-30 15:05:50.593,10374,10375,10375,1,1
2019-05-30 15:05:53.785,10374,10375,10375,1,1
2019-05-30 15:05:55.472,10374,10375,10375,1,1
2019-05-30 15:05:57.852,10374,10376,10374,28,-28
2019-05-30 15:05:57.852,10374,10376,10373,6,-6
2019-05-30 15:06:03.194,10374,10375,10374,4,4
2019-05-30 15:06:05.291,10374,10375,10375,14,14
2019-05-30 15:06:12.584,10375,10376,10376,3,3
2019-05-30 15:06:18.008,10376,10377,10377,6,6
2019-05-30 15:06:18.074,10376,10377,10377,9,9
2019-05-30 15:06:30.118,10376,10377,10376,4,-4
2019-05-30 15:06:30.557,10375,10376,10376,2,2
2019-05-30 15:06:31.595,10375,10376,10375,1,-1
2019-05-30 15:06:32.700,10375,10376,10376,1,1
2019-05-30 15:06:39.348,10375,10376,10376,1,1
2019-05-30 15:06:46.118,10375,10376,10376,1,1
2019-05-30 15:06:46.375,10375,10376,10376,1,1
2019-05-30 15:06:46.449,10375,10376,10376,1,1
2019-05-30 15:06:46.449,10375,10376,10376,2,2
2019-05-30 15:06:46.461,10375,10376,10376,1,1
2019-05-30 15:06:46.485,10375,10376,10376,1,1
2019-05-30 15:06:47.174,10376,10377,10377,1,1
2019-05-30 15:06:47.199,10376,10377,10377,5,5
2019-05-30 15:06:47.814,10377,10378,10377,1,-1
2019-05-30 15:06:55.197,10376,10377,10377,1,1
2019-05-30 15:06:55.199,10377,10378,10377,1,-1
2019-05-30 15:06:55.839,10376,10378,10376,1,-1
2019-05-30 15:06:57.262,10376,10377,10376,1,-1
2019-05-30 15:07:27.837,10376,10377,10377,1,1
2019-05-30 15:07:35.311,10376,10377,10377,1,1
2019-05-30 15:07:37.270,10376,10377,10377,1,1
2019-05-30 15:07:38.558,10376,10377,10377,1,1
2019-05-30 15:07:38.931,10376,10377,10377,1,1
2019-05-30 15:07:39.271,10376,10377,10377,1,1
2019-05-30 15:07:40.805,10376,10377,10377,1,1
2019-05-30 15:07:41.215,10376,10377,10377,1,1
2019-05-30 15:07:43.179,10376,10377,10377,1,1
2019-05-30 15:07:44.120,10376,10377,10377,1,1
2019-05-30 15:07:51.615,10376,10377,10377,3,3
2019-05-30 15:07:54.140,10376,10377,10377,2,2
2019-05-30 15:07:55.177,10376,10377,10377,1,1
2019-05-30 15:07:56.972,10376,10377,10377,1,1
2019-05-30 15:08:00.757,10376,10377,10377,1,1
2019-05-30 15:08:04.274,10377,10378,10378,2,2
2019-05-30 15:08:06.782,10377,10378,10378,1,1
2019-05-30 15:08:09.004,10377,10378,10377,1,-1
2019-05-30 15:08:09.199,10377,10378,10378,1,1
2019-05-30 15:08:15.317,10377,10378,10378,1,1
2019-05-30 15:08:16.997,10377,10378,10377,1,-1
2019-05-30 15:08:28.465,10377,10378,10378,1,1
2019-05-30 15:08:34.807,10377,10378,10378,2,2
2019-05-30 15:08:34.820,10377,10378,10378,2,2
2019-05-30 15:08:34.824,10377,10378,10378,5,5
2019-05-30 15:08:34.824,10377,10378,10378,10,10
2019-05-30 15:08:34.824,10377,10378,10378,4,4
2019-05-30 15:08:35.233,10378,10379,10379,1,1
2019-05-30 15:08:35.339,10378,10379,10378,1,-1
2019-05-30 15:08:40.493,10378,10379,10379,1,1
2019-05-30 15:08:44.983,10378,10379,10378,1,-1
2019-05-30 15:08:45.718,10378,10379,10378,1,-1
2019-05-30 15:08:47.265,10378,10379,10378,2,-2
2019-05-30 15:08:48.460,10378,10379,10379,1,1
2019-05-30 15:08:52.052,10378,10379,10378,1,-1
2019-05-30 15:08:52.282,10378,10379,10378,1,-1
2019-05-30 15:08:52.536,10378,10379,10379,1,1
2019-05-30 15:08:54.017,10378,10379,10378,1,-1
2019-05-30 15:08:54.922,10378,10379,10378,1,-1
2019-05-30 15:08:55.941,10378,10379,10379,5,5
2019-05-30 15:08:56.103,10378,10379,10379,5,5
2019-05-30 15:08:58.919,10378,10379,10379,1,1
2019-05-30 15:09:01.997,10378,10379,10379,2,2
2019-05-30 15:09:02.967,10378,10379,10379,1,1
2019-05-30 15:09:05.671,10378,10379,10379,1,1
2019-05-30 15:09:05.671,10378,10379,10379,1,1
2019-05-30 15:09:05.672,10378,10379,10379,5,5
2019-05-30 15:09:05.695,10378,10379,10379,1,1
2019-05-30 15:09:05.695,10378,10379,10379,1,1
2019-05-30 15:09:05.695,10378,10379,10379,1,1
2019-05-30 15:09:05.695,10378,10379,10379,2,2
2019-05-30 15:09:05.699,10378,10379,10379,4,4
2019-05-30 15:09:05.828,10378,10379,10379,4,4
2019-05-30 15:09:07.121,10378,10379,10379,1,1
2019-05-30 15:09:08.435,10378,10379,10379,1,1
2019-05-30 15:09:09.961,10378,10379,10379,1,1
2019-05-30 15:09:14.362,10378,10379,10379,1,1
2019-05-30 15:09:15.480,10378,10379,10379,10,10
2019-05-30 15:09:16.152,10378,10379,10379,1,1
2019-05-30 15:09:17.606,10378,10379,10379,1,1
2019-05-30 15:09:18.200,10378,10379,10379,1,1
2019-05-30 15:09:20.681,10378,10379,10379,8,8
2019-05-30 15:09:20.771,10378,10379,10379,1,1
2019-05-30 15:09:25.113,10378,10379,10378,1,-1
2019-05-30 15:09:25.899,10378,10379,10379,1,1
2019-05-30 15:09:25.994,10378,10379,10378,18,-18
2019-05-30 15:09:27.217,10377,10378,10377,1,-1
2019-05-30 15:09:30.932,10377,10378,10377,1,-1
2019-05-30 15:09:31.880,10377,10378,10377,1,-1
2019-05-30 15:09:31.949,10377,10378,10377,4,-4
2019-05-30 15:09:32.058,10377,10378,10376,1,-1
2019-05-30 15:09:34.924,10376,10377,10377,1,1
2019-05-30 15:09:38.522,10377,10378,10377,1,-1
2019-05-30 15:10:05.306,10376,10377,10377,4,4
2019-05-30 15:10:06.408,10376,10377,10376,1,-1
2019-05-30 15:10:15.105,10376,10377,10376,1,-1
2019-05-30 15:10:15.138,10376,10377,10376,5,-5
2019-05-30 15:10:15.138,10376,10377,10376,5,-5
2019-05-30 15:10:15.139,10376,10377,10376,4,-4
2019-05-30 15:10:15.179,10376,10377,10376,1,-1
2019-05-30 15:10:15.179,10376,10377,10376,3,-3
2019-05-30 15:10:15.181,10376,10377,10376,2,-2
2019-05-30 15:10:15.199,10376,10377,10376,10,-10
2019-05-30 15:10:15.199,10376,10377,10376,1,-1
2019-05-30 15:10:15.199,10376,10377,10376,2,-2
2019-05-30 15:10:15.371,10375,10376,10375,2,-2
2019-05-30 15:10:15.449,10375,10376,10375,2,-2
2019-05-30 15:10:21.531,10375,10376,10375,1,-1
2019-05-30 15:10:23.231,10375,10376,10375,1,-1
2019-05-30 15:10:24.669,10375,10376,10375,1,-1
2019-05-30 15:10:26.247,10375,10376,10375,5,-5
2019-05-30 15:10:26.315,10375,10376,10375,1,-1
2019-05-30 15:10:27.582,10375,10376,10376,1,1
2019-05-30 15:10:27.882,10375,10376,10375,1,-1
2019-05-30 15:10:36.005,10375,10376,10375,3,-3
2019-05-30 15:10:38.461,10375,10376,10375,1,-1
2019-05-30 15:10:47.486,10375,10376,10375,1,-1
2019-05-30 15:10:51.013,10375,10376,10375,1,-1
2019-05-30 15:11:04.427,10374,10375,10375,1,1
2019-05-30 15:11:35.821,10374,10375,10375,1,1
2019-05-30 15:11:44.853,10374,10375,10374,1,-1
2019-05-30 15:11:53.089,10374,10375,10374,1,-1
2019-05-30 15:11:55.584,10374,10375,10374,1,-1
2019-05-30 15:11:56.232,10374,10375,10374,1,-1
2019-05-30 15:11:57.289,10374,10375,10374,1,-1
2019-05-30 15:11:57.685,10374,10375,10374,1,-1
2019-05-30 15:11:58.619,10374,10375,10374,1,-1
2019-05-30 15:12:00.248,10374,10375,10374,1,-1
2019-05-30 15:12:00.326,10374,10375,10374,7,-7
2019-05-30 15:12:01.000,10373,10374,10373,1,-1
2019-05-30 15:12:06.154,10373,10374,10373,1,-1
2019-05-30 15:12:07.814,10373,10374,10373,3,-3
2019-05-30 15:12:11.255,10373,10374,10373,1,-1
2019-05-30 15:12:15.735,10373,10374,10373,1,-1
2019-05-30 15:12:25.605,10373,10374,10373,1,-1
2019-05-30 15:12:28.606,10373,10374,10373,1,-1
2019-05-30 15:12:29.074,10373,10374,10373,1,-1
2019-05-30 15:12:50.476,10373,10374,10373,1,-1
2019-05-30 15:12:58.527,10373,10374,10373,5,-5
2019-05-30 15:13:04.185,10373,10374,10373,2,-2
2019-05-30 15:13:32.136,10373,10374,10374,1,1
2019-05-30 15:13:38.510,10373,10374,10374,10,10
2019-05-30 15:13:38.574,10373,10374,10374,6,6
2019-05-30 15:13:38.746,10373,10375,10374,1,-1
2019-05-30 15:13:39.589,10373,10374,10374,1,1
2019-05-30 15:13:43.477,10373,10374,10374,1,1
2019-05-30 15:13:44.482,10373,10374,10374,2,2
2019-05-30 15:13:52.999,10373,10374,10374,1,1
2019-05-30 15:13:54.870,10373,10374,10374,1,1
2019-05-30 15:13:57.913,10373,10374,10374,1,1
2019-05-30 15:13:59.138,10373,10374,10374,1,1
2019-05-30 15:14:05.052,10373,10374,10373,1,-1
2019-05-30 15:14:26.605,10373,10374,10374,1,1
2019-05-30 15:14:30.779,10373,10374,10374,1,1
2019-05-30 15:14:32.233,10373,10374,10373,1,-1
2019-05-30 15:14:35.525,10373,10374,10373,1,-1
2019-05-30 15:14:40.653,10373,10374,10374,5,5
2019-05-30 15:14:46.527,10373,10374,10374,1,1
2019-05-30 15:15:01.970,10373,10374,10374,1,1
2019-05-30 15:15:02.873,10373,10374,10374,1,1
2019-05-30 15:15:02.907,10373,10374,10375,1,1
2019-05-30 15:15:15.714,10374,10375,10375,1,1
2019-05-30 15:15:18.417,10374,10375,10374,5,-5
2019-05-30 15:15:23.207,10373,10374,10374,1,1
2019-05-30 15:15:23.517,10373,10374,10373,1,-1
2019-05-30 15:15:25.829,10373,10374,10374,1,1
2019-05-30 15:15:32.403,10373,10374,10374,5,5
2019-05-30 15:15:41.166,10373,10374,10373,1,-1
2019-05-30 15:15:46.303,10373,10374,10374,3,3
2019-05-30 15:15:46.306,10373,10374,10374,7,7
2019-05-30 15:15:48.687,10374,10375,10374,1,-1
2019-05-30 15:15:57.006,10374,10375,10374,2,-2
2019-05-30 15:16:00.568,10374,10375,10374,1,-1
2019-05-30 15:16:06.582,10374,10375,10374,1,-1
2019-05-30 15:16:07.419,10374,10375,10374,1,-1
2019-05-30 15:16:17.348,10374,10375,10375,15,15
2019-05-30 15:16:33.950,10375,10376,10375,1,-1
2019-05-30 15:16:39.078,10375,10376,10375,4,-4
2019-05-30 15:16:45.722,10375,10376,10375,2,-2
2019-05-30 15:17:00.798,10375,10376,10375,1,-1
2019-05-30 15:17:39.008,10375,10376,10375,1,-1
2019-05-30 15:17:40.025,10375,10376,10375,1,-1
2019-05-30 15:17:48.194,10375,10376,10375,1,-1
2019-05-30 15:17:52.651,10375,10376,10375,1,-1
2019-05-30 15:17:57.081,10374,10375,10375,1,1
2019-05-30 15:18:04.581,10374,10375,10375,1,1
2019-05-30 15:18:07.436,10374,10375,10375,3,3
2019-05-30 15:18:08.317,10374,10375,10375,1,1
2019-05-30 15:18:15.132,10375,10376,10375,1,-1
2019-05-30 15:18:19.946,10375,10376,10375,1,-1
2019-05-30 15:18:26.277,10375,10376,10376,1,1
2019-05-30 15:18:29.215,10375,10376,10375,2,-2
2019-05-30 15:18:41.220,10375,10376,10376,1,1
2019-05-30 15:18:50.272,10375,10376,10375,2,-2
2019-05-30 15:18:52.963,10375,10376,10375,1,-1
2019-05-30 15:19:24.902,10374,10375,10375,1,1
2019-05-30 15:19:25.074,10374,10375,10375,1,1
2019-05-30 15:19:32.324,10374,10375,10375,1,1
2019-05-30 15:19:32.449,10374,10375,10375,1,1
2019-05-30 15:19:36.285,10374,10375,10375,1,1
2019-05-30 15:19:37.536,10374,10375,10374,3,-3
2019-05-30 15:19:56.453,10374,10375,10374,3,-3
2019-05-30 15:20:04.161,10374,10375,10374,1,-1
2019-05-30 15:20:21.078,10374,10375,10375,1,1
2019-05-30 15:20:29.679,10374,10375,10374,5,-5
2019-05-30 15:20:30.877,10374,10375,10374,2,-2
2019-05-30 15:20:31.622,10373,10374,10373,1,-1
2019-05-30 15:20:44.104,10373,10374,10374,1,1
2019-05-30 15:21:02.133,10373,10374,10374,1,1
2019-05-30 15:21:24.608,10373,10374,10373,6,-6
2019-05-30 15:21:28.720,10373,10374,10373,2,-2
2019-05-30 15:21:32.174,10373,10374,10374,1,1
2019-05-30 15:21:44.809,10373,10374,10373,4,-4
2019-05-30 15:21:44.824,10373,10374,10373,18,-18
2019-05-30 15:21:45.076,10372,10373,10372,18,-18
2019-05-30 15:21:45.199,10372,10373,10372,2,-2
2019-05-30 15:21:45.358,10371,10373,10371,1,-1
2019-05-30 15:21:45.712,10371,10372,10371,1,-1
2019-05-30 15:21:51.792,10371,10373,10371,1,-1
2019-05-30 15:21:54.700,10372,10373,10372,1,1
2019-05-30 15:21:54.700,10372,10373,10371,3,-3
2019-05-30 15:21:56.715,10371,10372,10372,1,1
2019-05-30 15:21:57.661,10371,10373,10373,1,1
2019-05-30 15:21:57.778,10371,10373,10371,1,-1
2019-05-30 15:21:58.602,10371,10373,10373,1,1
2019-05-30 15:21:59.615,10371,10373,10373,1,1
2019-05-30 15:22:03.967,10371,10372,10372,1,1
2019-05-30 15:22:04.074,10372,10373,10372,1,-1
2019-05-30 15:22:12.090,10372,10373,10372,1,-1
2019-05-30 15:22:28.047,10372,10373,10372,1,-1
2019-05-30 15:22:28.889,10372,10373,10372,1,-1
2019-05-30 15:22:33.702,10372,10373,10373,9,9
2019-05-30 15:23:15.057,10373,10374,10373,2,-2
2019-05-30 15:23:19.491,10373,10374,10373,2,-2
2019-05-30 15:23:23.282,10373,10374,10373,1,-1
2019-05-30 15:23:44.449,10373,10374,10374,6,6
2019-05-30 15:23:50.369,10374,10375,10374,1,-1
2019-05-30 15:23:53.621,10374,10375,10375,2,2
2019-05-30 15:23:53.697,10374,10375,10375,9,9
2019-05-30 15:23:53.699,10374,10375,10375,19,19
2019-05-30 15:23:53.699,10374,10375,10375,3,3
2019-05-30 15:23:53.699,10374,10375,10375,2,2
2019-05-30 15:23:53.699,10374,10375,10375,1,1
2019-05-30 15:23:54.383,10375,10376,10376,1,1
2019-05-30 15:23:54.384,10375,10376,10376,2,2
2019-05-30 15:23:54.425,10375,10376,10376,2,2
2019-05-30 15:23:54.425,10375,10376,10376,7,7
2019-05-30 15:23:54.824,10376,10377,10377,1,1
2019-05-30 15:23:54.965,10376,10377,10377,11,11
2019-05-30 15:23:56.066,10377,10378,10377,1,-1
2019-05-30 15:23:56.066,10377,10378,10377,1,-1
2019-05-30 15:23:56.088,10377,10378,10377,1,-1
2019-05-30 15:23:56.089,10377,10378,10377,2,-2
2019-05-30 15:23:59.967,10377,10378,10377,2,-2
2019-05-30 15:24:00.480,10376,10377,10376,2,-2
2019-05-30 15:24:10.689,10375,10376,10376,1,1
2019-05-30 15:24:11.808,10375,10376,10376,1,1
2019-05-30 15:24:13.472,10375,10376,10376,1,1
2019-05-30 15:24:13.824,10375,10376,10375,2,-2
2019-05-30 15:24:15.469,10374,10375,10375,3,3
2019-05-30 15:24:15.715,10374,10375,10375,1,1
2019-05-30 15:24:16.639,10374,10375,10375,1,1
2019-05-30 15:24:22.418,10374,10375,10375,1,1
2019-05-30 15:24:22.890,10375,10376,10376,1,1
2019-05-30 15:24:22.893,10375,10376,10376,1,1
2019-05-30 15:24:24.190,10375,10376,10376,1,1
2019-05-30 15:24:42.198,10375,10376,10376,1,1
2019-05-30 15:24:43.001,10375,10376,10376,2,2
2019-05-30 15:25:14.019,10375,10376,10376,2,2
2019-05-30 15:25:24.507,10375,10376,10375,1,-1
2019-05-30 15:25:24.507,10375,10376,10375,7,-7
2019-05-30 15:25:26.556,10374,10375,10374,4,-4
2019-05-30 15:25:29.345,10373,10375,10375,16,16
2019-05-30 15:25:40.820,10374,10375,10374,1,-1
2019-05-30 15:25:46.117,10373,10374,10374,1,1
2019-05-30 15:25:58.711,10373,10374,10374,1,1
2019-05-30 15:26:19.410,10373,10374,10374,2,2
2019-05-30 15:26:33.478,10373,10374,10374,1,1
2019-05-30 15:26:39.053,10373,10374,10374,1,1
2019-05-30 15:26:40.544,10374,10375,10375,1,1
2019-05-30 15:26:55.755,10374,10375,10375,1,1
2019-05-30 15:27:06.158,10374,10375,10375,2,2
2019-05-30 15:27:09.574,10374,10375,10375,1,1
2019-05-30 15:27:14.270,10374,10375,10375,1,1
2019-05-30 15:27:14.896,10374,10375,10375,1,1
2019-05-30 15:27:15.617,10374,10375,10375,1,1
2019-05-30 15:27:16.649,10374,10375,10375,1,1
2019-05-30 15:27:17.277,10374,10375,10375,1,1
2019-05-30 15:27:21.853,10374,10375,10375,2,2
2019-05-30 15:27:23.017,10375,10376,10375,3,-3
2019-05-30 15:27:45.002,10375,10376,10375,1,-1
2019-05-30 15:27:46.402,10375,10376,10376,10,10
2019-05-30 15:27:47.589,10375,10376,10376,1,1
2019-05-30 15:27:47.592,10375,10376,10376,2,2
2019-05-30 15:27:47.699,10376,10377,10376,7,-7
2019-05-30 15:27:56.166,10375,10376,10376,7,7
2019-05-30 15:27:56.199,10376,10377,10376,3,-3
2019-05-30 15:28:11.028,10376,10377,10376,1,-1
2019-05-30 15:28:13.767,10376,10377,10376,5,-5
2019-05-30 15:28:38.874,10375,10376,10376,2,2
2019-05-30 15:28:53.493,10376,10377,10376,2,-2
2019-05-30 15:28:54.690,10376,10377,10376,1,-1
2019-05-30 15:28:54.690,10376,10377,10376,2,-2
2019-05-30 15:28:54.690,10376,10377,10376,2,-2
2019-05-30 15:29:02.588,10375,10376,10376,1,1
2019-05-30 15:29:09.400,10375,10376,10376,4,4
2019-05-30 15:29:32.920,10375,10376,10375,1,-1
2019-05-30 15:30:02.417,10375,10376,10376,8,8
2019-05-30 15:30:02.444,10375,10376,10376,1,1
2019-05-30 15:30:02.449,10375,10376,10376,7,7
2019-05-30 15:30:02.659,10376,10377,10377,2,2
2019-05-30 15:30:02.742,10376,10377,10377,1,1
2019-05-30 15:30:02.879,10376,10377,10377,1,1
2019-05-30 15:30:02.879,10376,10377,10377,2,2
2019-05-30 15:30:03.026,10376,10377,10377,1,1
2019-05-30 15:30:03.333,10376,10377,10377,1,1
2019-05-30 15:30:03.369,10376,10377,10377,1,1
2019-05-30 15:30:03.383,10376,10377,10377,1,1
2019-05-30 15:30:03.413,10376,10377,10377,1,1
2019-05-30 15:30:03.415,10376,10377,10377,1,1
2019-05-30 15:30:03.432,10376,10377,10377,1,1
2019-05-30 15:30:03.627,10376,10377,10377,3,3
2019-05-30 15:30:03.627,10376,10377,10377,2,2
2019-05-30 15:30:03.628,10376,10377,10377,1,1
2019-05-30 15:30:03.628,10376,10377,10377,2,2
2019-05-30 15:30:03.679,10376,10377,10378,1,1
2019-05-30 15:30:03.767,10377,10378,10378,1,1
2019-05-30 15:30:03.777,10377,10378,10378,1,1
2019-05-30 15:30:04.200,10377,10378,10378,1,1
2019-05-30 15:30:04.399,10377,10378,10378,1,1
2019-05-30 15:30:04.431,10377,10378,10378,1,1
2019-05-30 15:30:04.500,10377,10378,10378,2,2
2019-05-30 15:30:05.357,10377,10378,10378,1,1
2019-05-30 15:30:07.376,10377,10378,10377,2,-2
2019-05-30 15:30:07.376,10377,10378,10376,1,-1
2019-05-30 15:30:11.142,10377,10378,10377,1,1
2019-05-30 15:30:17.138,10377,10378,10377,3,-3
2019-05-30 15:30:20.876,10377,10378,10377,1,-1
2019-05-30 15:30:20.963,10377,10378,10377,4,-4
2019-05-30 15:30:22.432,10376,10377,10377,1,1
2019-05-30 15:30:24.657,10376,10377,10377,1,1
2019-05-30 15:30:26.205,10376,10377,10377,1,1
2019-05-30 15:30:28.246,10376,10377,10377,2,2
2019-05-30 15:30:46.111,10376,10377,10377,2,2
2019-05-30 15:30:46.554,10376,10377,10377,2,2
2019-05-30 15:30:47.704,10376,10377,10377,1,1
2019-05-30 15:30:47.824,10377,10378,10377,1,-1
2019-05-30 15:30:51.199,10376,10377,10376,5,-5
2019-05-30 15:31:01.574,10375,10376,10375,13,-13
2019-05-30 15:31:01.699,10375,10376,10375,3,-3
2019-05-30 15:31:11.169,10374,10376,10376,1,1
2019-05-30 15:31:30.283,10374,10375,10375,1,1
2019-05-30 15:31:30.387,10374,10376,10376,2,2
2019-05-30 15:31:31.524,10374,10375,10375,2,2
2019-05-30 15:31:32.177,10374,10375,10375,1,1
2019-05-30 15:31:33.199,10374,10375,10375,1,1
2019-05-30 15:31:34.027,10374,10375,10375,1,1
2019-05-30 15:31:36.193,10374,10375,10374,1,-1
2019-05-30 15:31:37.999,10374,10375,10374,1,-1
2019-05-30 15:31:45.225,10374,10375,10375,1,1
2019-05-30 15:31:52.806,10374,10375,10375,2,2
2019-05-30 15:32:00.203,10374,10375,10375,1,1
2019-05-30 15:32:01.961,10375,10376,10375,1,-1
2019-05-30 15:32:03.961,10375,10376,10376,1,1
2019-05-30 15:32:04.074,10375,10376,10376,1,1
2019-05-30 15:32:05.554,10375,10376,10376,7,7
2019-05-30 15:32:05.574,10375,10376,10376,2,2
2019-05-30 15:32:05.574,10375,10376,10376,3,3
2019-05-30 15:32:27.302,10376,10377,10376,1,-1
2019-05-30 15:32:33.487,10376,10377,10376,2,-2
2019-05-30 15:32:44.938,10375,10376,10376,1,1
2019-05-30 15:32:59.175,10375,10376,10376,1,1
2019-05-30 15:33:15.267,10375,10376,10376,2,2
2019-05-30 15:33:17.787,10375,10376,10376,1,1
2019-05-30 15:33:31.806,10375,10376,10376,3,3
2019-05-30 15:33:33.165,10376,10377,10377,2,2
2019-05-30 15:33:44.829,10376,10377,10377,1,1
2019-05-30 15:34:30.452,10376,10377,10377,10,10
2019-05-30 15:34:30.574,10376,10377,10377,1,1
2019-05-30 15:34:32.116,10376,10377,10377,1,1
2019-05-30 15:34:32.612,10376,10378,10378,1,1
2019-05-30 15:34:34.573,10376,10378,10376,1,-1
2019-05-30 15:34:36.007,10376,10377,10377,1,1
2019-05-30 15:34:38.826,10376,10377,10377,1,1
2019-05-30 15:35:01.773,10376,10377,10377,2,2
2019-05-30 15:35:25.569,10376,10377,10377,1,1
2019-05-30 15:35:25.571,10376,10377,10377,4,4
2019-05-30 15:35:26.780,10377,10378,10378,3,3
2019-05-30 15:35:26.784,10377,10378,10378,2,2
2019-05-30 15:35:26.785,10377,10378,10378,5,5
2019-05-30 15:35:26.820,10377,10378,10378,2,2
2019-05-30 15:35:26.824,10377,10378,10378,6,6
2019-05-30 15:35:26.824,10377,10378,10378,1,1
2019-05-30 15:35:26.824,10377,10378,10378,1,1
2019-05-30 15:35:26.824,10377,10378,10378,8,8
2019-05-30 15:35:26.824,10377,10378,10378,1,1
2019-05-30 15:35:26.824,10377,10378,10378,3,3
2019-05-30 15:35:26.824,10377,10378,10378,4,4
2019-05-30 15:35:30.914,10378,10379,10379,1,1
2019-05-30 15:35:30.968,10378,10379,10379,1,1
2019-05-30 15:35:30.978,10378,10379,10379,1,1
2019-05-30 15:35:38.057,10378,10379,10379,1,1
2019-05-30 15:35:51.775,10378,10379,10378,7,-7
2019-05-30 15:35:56.933,10378,10379,10378,5,-5
2019-05-30 15:36:00.449,10378,10379,10379,4,4
2019-05-30 15:36:00.449,10378,10379,10379,6,6
2019-05-30 15:36:00.449,10378,10379,10379,6,6
2019-05-30 15:36:00.449,10378,10379,10379,4,4
2019-05-30 15:36:00.449,10378,10379,10379,2,2
2019-05-30 15:36:00.450,10378,10379,10379,3,3
2019-05-30 15:36:00.712,10379,10380,10380,2,2
2019-05-30 15:36:00.875,10379,10380,10380,5,5
2019-05-30 15:36:00.905,10379,10380,10380,1,1
2019-05-30 15:36:00.996,10379,10380,10380,1,1
2019-05-30 15:36:01.815,10379,10380,10379,1,-1
2019-05-30 15:36:05.993,10379,10380,10380,1,1
2019-05-30 15:36:09.853,10379,10380,10380,5,5
2019-05-30 15:36:11.352,10379,10380,10379,3,-3
2019-05-30 15:36:11.538,10379,10380,10380,1,1
2019-05-30 15:36:22.826,10379,10380,10379,1,-1
2019-05-30 15:36:29.692,10379,10380,10379,3,-3
2019-05-30 15:36:29.724,10379,10380,10379,4,-4
2019-05-30 15:36:29.727,10379,10380,10379,1,-1
2019-05-30 15:36:29.727,10379,10380,10379,2,-2
2019-05-30 15:36:29.728,10379,10380,10379,2,-2
2019-05-30 15:36:29.728,10379,10380,10379,3,-3
2019-05-30 15:36:35.224,10378,10379,10378,1,-1
2019-05-30 15:36:44.445,10378,10379,10378,1,-1
2019-05-30 15:36:49.703,10378,10379,10378,1,-1
2019-05-30 15:36:50.201,10378,10379,10378,3,-3
2019-05-30 15:36:55.816,10378,10379,10378,2,-2
2019-05-30 15:36:57.021,10378,10379,10378,1,-1
2019-05-30 15:36:58.270,10378,10379,10378,1,-1
2019-05-30 15:37:00.663,10378,10379,10378,3,-3
2019-05-30 15:37:00.699,10378,10379,10378,7,-7
2019-05-30 15:37:16.998,10378,10379,10378,1,-1
2019-05-30 15:37:18.102,10378,10379,10378,2,-2
2019-05-30 15:37:23.641,10378,10379,10378,2,-2
2019-05-30 15:37:27.120,10378,10379,10378,1,-1
2019-05-30 15:37:37.577,10378,10379,10378,1,-1
2019-05-30 15:37:39.531,10377,10378,10378,1,1
2019-05-30 15:37:39.807,10377,10378,10378,1,1
2019-05-30 15:37:42.900,10377,10378,10378,4,4
2019-05-30 15:37:46.573,10378,10379,10378,5,-5
2019-05-30 15:38:07.041,10378,10379,10378,4,-4
2019-05-30 15:38:08.144,10378,10379,10378,2,-2
2019-05-30 15:38:09.429,10378,10379,10378,1,-1
2019-05-30 15:38:20.178,10377,10378,10378,1,1
2019-05-30 15:38:23.631,10377,10378,10378,1,1
2019-05-30 15:38:24.738,10377,10378,10378,1,1
2019-05-30 15:38:24.738,10377,10378,10378,1,1
2019-05-30 15:38:30.611,10377,10378,10378,1,1
2019-05-30 15:38:43.986,10377,10378,10378,1,1
2019-05-30 15:39:04.802,10377,10378,10378,1,1
2019-05-30 15:39:45.424,10377,10378,10378,1,1
2019-05-30 15:40:05.800,10377,10378,10378,20,20
2019-05-30 15:40:05.834,10377,10379,10379,2,2
2019-05-30 15:40:12.223,10378,10379,10379,1,1
2019-05-30 15:40:19.166,10378,10379,10379,1,1
2019-05-30 15:40:19.947,10378,10379,10379,6,6
2019-05-30 15:40:27.709,10378,10379,10379,2,2
2019-05-30 15:40:28.631,10378,10379,10379,2,2
2019-05-30 15:40:28.650,10378,10379,10379,2,2
2019-05-30 15:40:28.656,10378,10379,10379,1,1
2019-05-30 15:40:28.656,10378,10379,10379,2,2
2019-05-30 15:40:28.656,10378,10379,10379,3,3
2019-05-30 15:40:29.216,10379,10380,10379,3,-3
2019-05-30 15:40:30.759,10379,10380,10379,1,-1
2019-05-30 15:40:30.760,10379,10380,10379,2,-2
2019-05-30 15:40:30.760,10379,10380,10379,1,-1
2019-05-30 15:40:30.760,10379,10380,10379,1,-1
2019-05-30 15:40:31.371,10378,10379,10378,2,-2
2019-05-30 15:40:32.284,10378,10379,10379,3,3
2019-05-30 15:40:33.084,10378,10379,10379,1,1
2019-05-30 15:40:34.540,10378,10379,10379,2,2
2019-05-30 15:40:36.141,10378,10379,10379,1,1
2019-05-30 15:40:38.060,10378,10379,10379,1,1
2019-05-30 15:40:38.143,10378,10379,10379,1,1
2019-05-30 15:40:42.659,10378,10379,10378,8,-8
2019-05-30 15:40:43.091,10377,10378,10378,1,1
2019-05-30 15:40:53.779,10377,10378,10378,6,6
2019-05-30 15:40:57.529,10377,10378,10378,1,1
2019-05-30 15:41:41.476,10377,10378,10378,1,1
2019-05-30 15:41:45.748,10377,10378,10378,1,1
2019-05-30 15:41:53.034,10377,10378,10378,3,3
2019-05-30 15:41:56.996,10377,10378,10378,1,1
2019-05-30 15:41:58.119,10377,10378,10378,2,2
2019-05-30 15:42:22.849,10377,10378,10377,1,-1
2019-05-30 15:42:22.849,10377,10378,10377,1,-1
2019-05-30 15:42:22.949,10377,10378,10377,21,-21
2019-05-30 15:42:43.606,10376,10377,10376,2,-2
2019-05-30 15:42:44.000,10376,10377,10377,1,1
2019-05-30 15:42:44.018,10376,10377,10377,1,1
2019-05-30 15:42:54.099,10376,10377,10376,15,-15
2019-05-30 15:43:02.980,10376,10377,10376,1,-1
2019-05-30 15:43:24.025,10376,10377,10376,1,-1
2019-05-30 15:43:27.529,10376,10377,10376,1,-1
2019-05-30 15:43:37.547,10376,10377,10377,1,1
2019-05-30 15:43:37.935,10376,10377,10376,1,-1
2019-05-30 15:43:37.949,10376,10377,10376,2,-2
2019-05-30 15:43:55.022,10375,10376,10376,3,3
2019-05-30 15:43:56.137,10375,10376,10376,1,1
2019-05-30 15:43:56.633,10375,10376,10375,7,-7
2019-05-30 15:44:20.193,10375,10376,10376,1,1
2019-05-30 15:44:22.076,10375,10376,10376,1,1
2019-05-30 15:44:25.327,10375,10376,10376,3,3
2019-05-30 15:44:28.300,10375,10376,10376,1,1
2019-05-30 15:44:31.031,10375,10376,10376,3,3
2019-05-30 15:44:39.622,10375,10376,10376,2,2
2019-05-30 15:44:42.414,10375,10376,10375,1,-1
2019-05-30 15:44:51.992,10375,10376,10375,1,-1
2019-05-30 15:45:10.214,10375,10376,10375,1,-1
2019-05-30 15:45:14.771,10375,10376,10375,1,-1
2019-05-30 15:45:21.831,10375,10376,10375,1,-1
2019-05-30 15:45:41.714,10375,10376,10375,1,-1
2019-05-30 15:45:43.099,10375,10376,10376,3,3
2019-05-30 15:45:46.434,10375,10376,10376,1,1
2019-05-30 15:45:51.095,10375,10376,10376,1,1
2019-05-30 15:45:51.354,10375,10376,10376,3,3
2019-05-30 15:46:12.203,10375,10376,10376,1,1
2019-05-30 15:46:13.709,10376,10377,10377,1,1
2019-05-30 15:46:32.731,10376,10377,10377,2,2
2019-05-30 15:47:28.415,10376,10377,10377,1,1
2019-05-30 15:47:28.816,10376,10377,10377,1,1
2019-05-30 15:47:34.236,10376,10377,10377,1,1
2019-05-30 15:48:10.107,10376,10377,10376,1,-1
2019-05-30 15:48:11.096,10376,10377,10376,1,-1
2019-05-30 15:48:18.223,10376,10377,10376,1,-1
2019-05-30 15:48:20.978,10376,10377,10376,1,-1
2019-05-30 15:48:21.074,10376,10377,10376,1,-1
2019-05-30 15:48:23.095,10376,10377,10376,1,-1
2019-05-30 15:48:28.602,10376,10377,10376,1,-1
2019-05-30 15:48:46.735,10376,10377,10376,2,-2
2019-05-30 15:49:17.091,10376,10377,10376,1,-1
2019-05-30 15:49:36.952,10376,10377,10376,1,-1
2019-05-30 15:49:56.050,10376,10377,10377,1,1
2019-05-30 15:50:29.796,10376,10377,10376,1,-1
2019-05-30 15:50:50.528,10376,10377,10376,1,-1
2019-05-30 15:51:10.571,10376,10377,10376,2,-2
2019-05-30 15:51:11.736,10376,10377,10376,1,-1
2019-05-30 15:51:30.648,10376,10377,10377,8,8
2019-05-30 15:51:53.983,10377,10378,10377,3,-3
2019-05-30 15:52:34.323,10376,10377,10376,2,-2
2019-05-30 15:52:46.290,10376,10377,10377,1,1
2019-05-30 15:53:32.647,10376,10377,10377,1,1
2019-05-30 15:53:33.009,10376,10377,10376,1,-1
2019-05-30 15:53:41.236,10376,10377,10377,2,2
2019-05-30 15:53:46.959,10377,10378,10377,1,-1
2019-05-30 15:54:02.507,10376,10377,10377,1,1
2019-05-30 15:54:02.949,10377,10378,10377,1,-1
2019-05-30 15:54:02.949,10377,10378,10377,1,-1
2019-05-30 15:54:43.761,10377,10378,10377,1,-1
2019-05-30 15:55:05.588,10376,10377,10377,2,2
2019-05-30 15:55:14.844,10376,10377,10376,2,-2
2019-05-30 15:55:14.844,10376,10377,10376,8,-8
2019-05-30 15:55:30.778,10376,10377,10376,1,-1
2019-05-30 15:55:45.028,10376,10377,10376,2,-2
2019-05-30 15:55:54.932,10376,10377,10376,3,-3
2019-05-30 15:56:12.866,10376,10377,10376,1,-1
2019-05-30 15:56:13.016,10376,10377,10376,1,-1
2019-05-30 15:56:13.019,10376,10377,10376,1,-1
2019-05-30 15:56:32.093,10376,10377,10376,2,-2
2019-05-30 15:56:32.093,10376,10377,10376,1,-1
2019-05-30 15:56:32.970,10375,10376,10376,1,1
2019-05-30 15:56:43.712,10375,10376,10376,1,1
2019-05-30 15:56:48.121,10375,10376,10376,2,2
2019-05-30 15:57:01.279,10376,10377,10376,1,-1
2019-05-30 15:57:10.829,10376,10377,10377,1,1
2019-05-30 15:57:14.086,10376,10377,10377,2,2
2019-05-30 15:57:19.814,10376,10377,10377,1,1
2019-05-30 15:57:25.443,10376,10377,10376,4,-4
2019-05-30 15:57:44.357,10376,10377,10376,1,-1
2019-05-30 15:57:52.574,10376,10377,10377,1,1
2019-05-30 15:57:52.699,10376,10377,10377,1,1
2019-05-30 15:58:22.025,10377,10378,10377,1,-1
2019-05-30 15:58:33.754,10377,10378,10377,4,-4
2019-05-30 15:58:34.609,10377,10378,10377,1,-1
2019-05-30 15:58:39.680,10376,10377,10377,3,3
2019-05-30 15:59:06.977,10376,10377,10377,1,1
2019-05-30 15:59:10.079,10376,10377,10377,1,1
2019-05-30 15:59:21.197,10376,10377,10377,1,1
2019-05-30 15:59:58.539,10376,10377,10377,1,1
2019-05-30 16:00:03.021,10376,10377,10376,2,-2
2019-05-30 16:00:03.074,10376,10377,10376,11,-11
2019-05-30 16:00:03.510,10375,10376,10376,4,4
2019-05-30 16:00:03.511,10375,10376,10376,4,4
2019-05-30 16:00:03.511,10375,10376,10376,4,4
2019-05-30 16:00:03.676,10375,10376,10376,4,4
2019-05-30 16:00:03.676,10375,10376,10377,1,1
2019-05-30 16:00:03.709,10375,10377,10377,4,4
2019-05-30 16:00:03.842,10375,10377,10377,1,1
2019-05-30 16:00:03.855,10375,10377,10377,2,2
2019-05-30 16:00:03.856,10375,10377,10377,1,1
2019-05-30 16:00:03.856,10375,10377,10377,1,1
2019-05-30 16:00:03.857,10375,10377,10377,1,1
2019-05-30 16:00:03.904,10375,10377,10377,1,1
2019-05-30 16:00:03.938,10375,10377,10377,1,1
2019-05-30 16:00:03.953,10375,10377,10377,3,3
2019-05-30 16:00:03.954,10375,10377,10377,1,1
2019-05-30 16:00:03.960,10375,10377,10377,2,2
2019-05-30 16:00:03.961,10375,10377,10377,2,2
2019-05-30 16:00:03.964,10375,10377,10377,2,2
2019-05-30 16:00:03.984,10375,10377,10377,1,1
2019-05-30 16:00:03.986,10375,10377,10377,2,2
2019-05-30 16:00:16.584,10376,10377,10376,1,-1
2019-05-30 16:00:16.892,10375,10376,10376,2,2
2019-05-30 16:00:24.698,10375,10376,10376,3,3
2019-05-30 16:00:24.699,10376,10377,10376,1,-1
2019-05-30 16:00:24.699,10376,10377,10376,1,-1
2019-05-30 16:00:56.067,10375,10376,10376,5,5
2019-05-30 16:01:02.813,10375,10376,10375,10,-10
2019-05-30 16:01:07.085,10375,10376,10375,1,-1
2019-05-30 16:01:07.314,10375,10376,10375,1,-1
2019-05-30 16:01:10.439,10375,10376,10375,2,-2
2019-05-30 16:01:37.072,10375,10376,10375,19,-19
2019-05-30 16:01:59.352,10374,10375,10374,1,-1
2019-05-30 16:02:06.513,10374,10375,10374,3,-3
2019-05-30 16:02:15.397,10374,10375,10375,1,1
2019-05-30 16:02:16.743,10374,10375,10374,1,-1
2019-05-30 16:02:17.581,10374,10375,10374,1,-1
2019-05-30 16:02:19.759,10374,10375,10374,2,-2
2019-05-30 16:02:19.759,10374,10375,10374,5,-5
2019-05-30 16:02:19.759,10374,10375,10374,1,-1
2019-05-30 16:02:25.304,10373,10374,10374,2,2
2019-05-30 16:02:25.593,10374,10375,10374,1,-1
2019-05-30 16:02:27.295,10374,10375,10374,2,-2
2019-05-30 16:02:38.103,10374,10375,10374,5,-5
2019-05-30 16:02:53.065,10373,10374,10373,1,-1
2019-05-30 16:02:53.245,10373,10374,10373,1,-1
2019-05-30 16:02:53.343,10373,10374,10373,1,-1
2019-05-30 16:02:53.475,10373,10374,10374,1,1
2019-05-30 16:03:20.993,10373,10374,10374,2,2
2019-05-30 16:03:27.820,10373,10374,10374,1,1
2019-05-30 16:03:27.951,10373,10374,10374,1,1
2019-05-30 16:03:30.437,10373,10374,10374,1,1
2019-05-30 16:03:30.633,10373,10374,10374,1,1
2019-05-30 16:03:49.307,10373,10374,10374,1,1
2019-05-30 16:03:58.522,10373,10374,10373,20,-20
2019-05-30 16:04:04.020,10373,10374,10373,4,-4
2019-05-30 16:04:05.651,10372,10373,10373,2,2
2019-05-30 16:04:11.803,10373,10374,10373,1,-1
2019-05-30 16:04:14.186,10373,10374,10373,1,-1
2019-05-30 16:04:14.276,10372,10373,10373,1,1
2019-05-30 16:04:14.510,10373,10374,10373,1,-1
2019-05-30 16:04:14.601,10372,10373,10373,1,1
2019-05-30 16:04:14.836,10373,10374,10373,1,-1
2019-05-30 16:04:14.949,10372,10373,10373,1,1
2019-05-30 16:04:15.523,10373,10374,10373,1,-1
2019-05-30 16:04:22.096,10373,10374,10373,2,-2
2019-05-30 16:04:22.149,10373,10374,10373,1,-1
2019-05-30 16:04:32.469,10373,10374,10373,2,-2
2019-05-30 16:04:38.269,10373,10374,10373,1,-1
2019-05-30 16:04:56.881,10372,10373,10372,1,-1
2019-05-30 16:05:02.203,10372,10373,10372,1,-1
2019-05-30 16:05:02.240,10372,10373,10372,2,-2
2019-05-30 16:05:16.795,10372,10373,10372,2,-2
2019-05-30 16:05:41.331,10372,10373,10373,1,1
2019-05-30 16:05:53.059,10372,10373,10372,1,-1
2019-05-30 16:05:55.493,10372,10373,10373,5,5
2019-05-30 16:06:23.953,10372,10373,10372,11,-11
2019-05-30 16:06:26.431,10372,10373,10372,4,-4
2019-05-30 16:06:29.266,10372,10373,10372,3,-3
2019-05-30 16:06:38.810,10372,10373,10372,3,-3
2019-05-30 16:06:43.164,10372,10373,10372,1,-1
2019-05-30 16:06:43.497,10372,10373,10372,5,-5
2019-05-30 16:06:43.574,10372,10373,10372,2,-2
2019-05-30 16:06:43.574,10372,10373,10372,1,-1
2019-05-30 16:06:43.699,10372,10373,10372,1,-1
2019-05-30 16:06:43.699,10372,10373,10372,1,-1
2019-05-30 16:06:45.712,10371,10372,10372,1,1
2019-05-30 16:06:53.160,10371,10372,10372,1,1
2019-05-30 16:07:01.756,10371,10372,10372,5,5
2019-05-30 16:07:02.458,10372,10373,10372,2,-2
2019-05-30 16:07:02.480,10372,10373,10372,1,-1
2019-05-30 16:07:16.375,10371,10372,10372,1,1
2019-05-30 16:07:17.984,10371,10372,10372,1,1
2019-05-30 16:07:23.677,10371,10372,10372,1,1
2019-05-30 16:07:27.085,10371,10372,10372,1,1
2019-05-30 16:07:30.898,10371,10372,10371,2,-2
2019-05-30 16:07:31.278,10371,10372,10371,1,-1
2019-05-30 16:07:39.994,10371,10372,10371,1,-1
2019-05-30 16:07:41.457,10371,10372,10371,1,-1
2019-05-30 16:08:00.176,10371,10372,10372,1,1
2019-05-30 16:08:00.633,10371,10372,10372,2,2
2019-05-30 16:08:00.633,10371,10372,10372,4,4
2019-05-30 16:08:00.699,10372,10373,10372,12,-12
2019-05-30 16:08:02.566,10371,10372,10371,1,-1
2019-05-30 16:08:08.004,10371,10372,10371,5,-5
2019-05-30 16:08:34.433,10371,10372,10372,1,1
2019-05-30 16:08:37.202,10372,10373,10372,1,-1
2019-05-30 16:08:40.210,10372,10373,10373,4,4
2019-05-30 16:08:50.992,10372,10373,10373,1,1
2019-05-30 16:08:55.311,10372,10373,10372,10,-10
2019-05-30 16:08:56.341,10372,10373,10372,1,-1
2019-05-30 16:08:56.819,10371,10372,10372,1,1
2019-05-30 16:08:56.949,10371,10372,10372,2,2
2019-05-30 16:08:56.949,10371,10372,10372,6,6
2019-05-30 16:09:11.119,10372,10373,10372,7,-7
2019-05-30 16:09:11.699,10371,10372,10372,2,2
2019-05-30 16:09:11.699,10371,10372,10372,1,1
2019-05-30 16:09:30.003,10371,10372,10371,1,-1
2019-05-30 16:09:30.383,10371,10372,10371,2,-2
2019-05-30 16:09:57.298,10371,10372,10372,1,1
2019-05-30 16:10:02.790,10371,10372,10371,4,-4
2019-05-30 16:10:05.527,10371,10372,10371,12,-12
2019-05-30 16:10:55.799,10371,10372,10371,1,-1
2019-05-30 16:11:22.928,10371,10372,10371,1,-1
2019-05-30 16:11:36.773,10371,10372,10372,1,1
2019-05-30 16:11:37.573,10371,10372,10372,1,1
2019-05-30 16:11:54.146,10371,10372,10372,1,1
2019-05-30 16:12:20.562,10371,10372,10372,1,1
2019-05-30 16:12:35.868,10371,10372,10372,1,1
2019-05-30 16:13:13.074,10371,10372,10372,1,1
2019-05-30 16:13:19.435,10371,10372,10372,1,1
2019-05-30 16:13:30.205,10371,10372,10372,1,1
2019-05-30 16:13:33.607,10371,10372,10372,1,1
2019-05-30 16:13:35.325,10371,10372,10372,1,1
2019-05-30 16:13:44.950,10371,10372,10372,11,11
2019-05-30 16:13:45.074,10371,10372,10372,8,8
2019-05-30 16:14:04.540,10372,10373,10372,1,-1
2019-05-30 16:14:36.758,10372,10373,10372,3,-3
2019-05-30 16:15:09.721,10372,10373,10373,1,1
2019-05-30 16:15:11.972,10372,10373,10373,5,5
2019-05-30 16:15:12.074,10372,10373,10373,1,1
2019-05-30 16:15:12.074,10372,10373,10373,2,2
2019-05-30 16:15:12.074,10372,10373,10373,9,9
2019-05-30 16:15:23.219,10373,10374,10374,1,1
2019-05-30 16:15:27.527,10373,10374,10374,1,1
2019-05-30 16:15:33.167,10373,10374,10374,2,2
2019-05-30 16:15:35.794,10373,10374,10373,1,-1
2019-05-30 16:15:46.898,10373,10374,10374,1,1
2019-05-30 16:16:13.125,10373,10374,10374,1,1
2019-05-30 16:16:21.603,10373,10374,10373,1,-1
2019-05-30 16:16:32.833,10373,10374,10373,1,-1
2019-05-30 16:16:33.871,10373,10374,10373,3,-3
2019-05-30 16:16:35.613,10373,10374,10373,1,-1
2019-05-30 16:16:40.384,10373,10374,10373,1,-1
2019-05-30 16:16:42.424,10372,10373,10372,2,-2
2019-05-30 16:16:42.697,10372,10373,10372,6,-6
2019-05-30 16:16:42.699,10372,10373,10372,1,-1
2019-05-30 16:16:49.611,10371,10372,10372,1,1
2019-05-30 16:16:50.987,10371,10372,10371,2,-2
2019-05-30 16:17:27.824,10371,10372,10371,19,-19
2019-05-30 16:17:27.824,10371,10372,10371,4,-4
2019-05-30 16:17:27.949,10371,10372,10371,6,-6
2019-05-30 16:17:27.949,10371,10372,10371,9,-9
2019-05-30 16:17:27.949,10371,10372,10371,2,-2
2019-05-30 16:17:27.949,10371,10372,10371,1,-1
2019-05-30 16:17:28.137,10370,10371,10370,1,-1
2019-05-30 16:17:28.240,10370,10371,10370,1,-1
2019-05-30 16:17:28.249,10370,10371,10370,1,-1
2019-05-30 16:17:28.347,10370,10371,10370,1,-1
2019-05-30 16:17:28.669,10370,10371,10370,1,-1
2019-05-30 16:17:28.689,10370,10371,10370,1,-1
2019-05-30 16:17:28.696,10370,10371,10370,1,-1
2019-05-30 16:17:41.181,10370,10371,10370,1,-1
2019-05-30 16:17:47.275,10370,10371,10370,1,-1
2019-05-30 16:17:49.790,10370,10371,10370,1,-1
2019-05-30 16:17:52.543,10370,10371,10370,1,-1
2019-05-30 16:18:15.185,10370,10371,10370,1,-1
2019-05-30 16:19:04.324,10370,10371,10371,7,7
2019-05-30 16:19:05.763,10371,10372,10371,1,-1
2019-05-30 16:20:16.350,10371,10372,10371,1,-1
2019-05-30 16:20:23.070,10371,10372,10371,1,-1
2019-05-30 16:20:40.689,10371,10372,10371,1,-1
2019-05-30 16:20:57.314,10371,10372,10371,2,-2
2019-05-30 16:20:57.511,10371,10372,10371,2,-2
2019-05-30 16:20:58.807,10371,10372,10371,1,-1
2019-05-30 16:21:21.124,10371,10372,10371,4,-4
2019-05-30 16:21:25.724,10371,10372,10371,1,-1
2019-05-30 16:21:34.744,10371,10372,10371,4,-4
2019-05-30 16:22:10.252,10370,10371,10371,1,1
2019-05-30 16:22:10.818,10370,10371,10371,2,2
2019-05-30 16:22:12.118,10370,10371,10371,1,1
2019-05-30 16:22:12.911,10370,10371,10371,1,1
2019-05-30 16:22:12.911,10370,10371,10371,1,1
2019-05-30 16:22:34.352,10370,10371,10371,1,1
2019-05-30 16:22:42.775,10370,10371,10370,1,-1
2019-05-30 16:22:43.304,10370,10371,10370,1,-1
2019-05-30 16:22:46.739,10370,10371,10370,2,-2
2019-05-30 16:23:13.999,10370,10371,10371,5,5
2019-05-30 16:23:15.556,10370,10371,10371,1,1
2019-05-30 16:23:20.175,10370,10371,10371,1,1
2019-05-30 16:23:20.175,10370,10371,10371,1,1
2019-05-30 16:23:20.199,10370,10371,10371,1,1
2019-05-30 16:23:20.199,10370,10371,10371,1,1
2019-05-30 16:23:20.324,10370,10371,10371,1,1
2019-05-30 16:23:20.885,10370,10371,10370,1,-1
2019-05-30 16:23:25.490,10370,10371,10371,2,2
2019-05-30 16:23:40.538,10370,10371,10371,4,4
2019-05-30 16:23:56.273,10370,10371,10371,2,2
2019-05-30 16:23:59.102,10370,10371,10371,2,2
2019-05-30 16:23:59.102,10370,10371,10371,1,1
2019-05-30 16:23:59.102,10370,10371,10371,2,2
2019-05-30 16:24:06.540,10371,10372,10371,1,-1
2019-05-30 16:24:07.280,10370,10371,10371,1,1
2019-05-30 16:24:26.148,10371,10372,10371,2,-2
2019-05-30 16:24:36.823,10371,10372,10371,3,-3
2019-05-30 16:25:06.884,10371,10372,10371,5,-5
2019-05-30 16:25:08.367,10370,10371,10371,1,1
2019-05-30 16:25:12.044,10370,10371,10371,1,1
2019-05-30 16:25:12.324,10370,10371,10371,1,1
2019-05-30 16:25:12.939,10370,10372,10371,1,-1
2019-05-30 16:25:12.939,10370,10372,10370,1,-1
2019-05-30 16:25:14.433,10371,10372,10371,2,2
2019-05-30 16:25:19.238,10370,10371,10371,1,1
2019-05-30 16:25:29.327,10370,10371,10371,1,1
2019-05-30 16:25:30.248,10370,10371,10371,1,1
2019-05-30 16:25:35.770,10370,10371,10371,5,5
2019-05-30 16:25:46.592,10371,10372,10371,2,-2
2019-05-30 16:25:52.109,10371,10372,10371,1,-1
2019-05-30 16:25:52.737,10371,10372,10371,4,-4
2019-05-30 16:25:56.469,10371,10372,10371,1,-1
2019-05-30 16:25:58.013,10371,10372,10371,1,-1
2019-05-30 16:26:05.783,10371,10372,10371,1,-1
2019-05-30 16:26:14.690,10371,10372,10371,1,-1
2019-05-30 16:26:58.601,10371,10372,10371,1,-1
2019-05-30 16:26:58.918,10371,10372,10371,1,-1
2019-05-30 16:26:59.333,10371,10372,10371,1,-1
2019-05-30 16:26:59.638,10371,10372,10371,1,-1
2019-05-30 16:27:04.321,10371,10372,10371,1,-1
2019-05-30 16:27:12.094,10371,10372,10371,1,-1
2019-05-30 16:27:17.551,10371,10372,10371,4,-4
2019-05-30 16:27:42.207,10371,10372,10372,1,1
2019-05-30 16:27:42.285,10371,10372,10372,1,1
2019-05-30 16:27:42.324,10371,10372,10372,1,1
2019-05-30 16:27:42.324,10371,10372,10372,4,4
2019-05-30 16:27:42.324,10371,10372,10372,4,4
2019-05-30 16:27:42.324,10371,10372,10372,2,2
2019-05-30 16:27:42.326,10371,10372,10372,3,3
2019-05-30 16:27:42.449,10371,10372,10372,2,2
2019-05-30 16:27:42.449,10371,10372,10372,4,4
2019-05-30 16:27:42.574,10372,10373,10372,1,-1
2019-05-30 16:28:21.456,10372,10373,10372,1,-1
2019-05-30 16:28:53.878,10372,10373,10372,1,-1
2019-05-30 16:29:21.422,10372,10373,10372,1,-1
2019-05-30 16:29:23.699,10372,10373,10373,10,10
2019-05-30 16:29:26.951,10373,10374,10374,2,2
2019-05-30 16:29:26.999,10373,10374,10372,1,-1
2019-05-30 16:29:43.673,10372,10374,10372,1,-1
2019-05-30 16:29:45.106,10372,10374,10372,1,-1
2019-05-30 16:29:52.642,10372,10374,10372,1,-1
2019-05-30 16:29:59.061,10373,10374,10373,1,1
2019-05-30 16:29:59.370,10372,10374,10372,1,-1
2019-05-30 16:30:26.593,10373,10374,10373,1,1
2019-05-30 16:30:27.779,10373,10374,10373,1,-1
2019-05-30 16:30:27.875,10373,10374,10374,1,1
2019-05-30 16:30:27.924,10373,10374,10373,1,-1
2019-05-30 16:30:31.240,10373,10374,10374,1,1
2019-05-30 16:30:31.586,10373,10374,10373,1,-1
2019-05-30 16:30:35.728,10373,10374,10373,2,-2
2019-05-30 16:30:42.393,10373,10374,10373,1,-1
2019-05-30 16:30:52.476,10373,10374,10374,1,1
2019-05-30 16:31:00.375,10373,10374,10373,1,-1
2019-05-30 16:31:14.664,10373,10374,10374,1,1
2019-05-30 16:31:43.311,10373,10374,10374,1,1
2019-05-30 16:31:46.594,10373,10374,10374,1,1
2019-05-30 16:31:49.956,10373,10374,10374,1,1
2019-05-30 16:31:57.915,10373,10374,10374,1,1
2019-05-30 16:31:58.109,10373,10374,10374,1,1
2019-05-30 16:32:11.202,10373,10374,10374,5,5
2019-05-30 16:32:15.420,10373,10374,10374,1,1
2019-05-30 16:32:15.458,10374,10375,10374,2,-2
2019-05-30 16:32:31.171,10373,10374,10374,1,1
2019-05-30 16:32:55.624,10373,10374,10374,1,1
2019-05-30 16:33:07.592,10374,10375,10375,1,1
2019-05-30 16:33:07.738,10374,10375,10375,1,1
2019-05-30 16:33:07.882,10374,10375,10375,1,1
2019-05-30 16:33:28.929,10374,10375,10374,1,-1
2019-05-30 16:33:28.949,10374,10375,10374,1,-1
2019-05-30 16:33:29.337,10374,10375,10374,1,-1
2019-05-30 16:33:40.610,10373,10374,10374,1,1
2019-05-30 16:33:47.180,10373,10374,10373,1,-1
2019-05-30 16:34:09.370,10373,10374,10373,5,-5
2019-05-30 16:34:49.335,10373,10374,10373,1,-1
2019-05-30 16:35:03.666,10373,10374,10373,1,-1
2019-05-30 16:35:07.031,10373,10374,10373,1,-1
2019-05-30 16:35:51.980,10373,10374,10373,4,-4
2019-05-30 16:35:52.286,10372,10373,10373,1,1
2019-05-30 16:36:07.747,10372,10373,10372,1,-1
2019-05-30 16:36:15.393,10372,10373,10372,2,-2
2019-05-30 16:36:15.393,10372,10373,10372,2,-2
2019-05-30 16:36:15.393,10372,10373,10372,1,-1
2019-05-30 16:36:15.393,10372,10373,10372,11,-11
2019-05-30 16:36:28.186,10371,10372,10371,1,-1
2019-05-30 16:37:43.845,10371,10372,10371,1,-1
2019-05-30 16:37:51.145,10371,10372,10372,1,1
2019-05-30 16:38:12.573,10371,10372,10372,6,6
2019-05-30 16:38:18.021,10371,10372,10371,1,-1
2019-05-30 16:38:23.334,10371,10372,10372,1,1
2019-05-30 16:39:04.610,10371,10372,10372,2,2
2019-05-30 16:39:05.982,10371,10372,10372,1,1
2019-05-30 16:40:39.468,10371,10372,10372,1,1
2019-05-30 16:40:53.828,10371,10372,10372,1,1
2019-05-30 16:40:59.913,10371,10372,10372,1,1
2019-05-30 16:41:00.135,10371,10372,10372,1,1
2019-05-30 16:41:02.796,10371,10372,10372,7,7
2019-05-30 16:41:02.796,10371,10372,10372,5,5
2019-05-30 16:41:03.396,10372,10373,10372,1,-1
2019-05-30 16:41:15.199,10372,10373,10372,1,-1
2019-05-30 16:41:19.927,10372,10373,10372,6,-6
2019-05-30 16:41:47.714,10372,10373,10372,1,-1
2019-05-30 16:42:43.441,10371,10372,10372,1,1
2019-05-30 16:43:02.455,10371,10372,10371,1,-1
2019-05-30 16:43:12.368,10371,10372,10372,1,1
2019-05-30 16:43:16.532,10371,10372,10372,2,2
2019-05-30 16:43:52.163,10371,10372,10371,1,-1
2019-05-30 16:43:52.230,10371,10372,10371,1,-1
2019-05-30 16:43:56.699,10371,10372,10371,3,-3
2019-05-30 16:43:56.763,10371,10372,10371,1,-1
2019-05-30 16:43:56.824,10371,10372,10371,17,-17
2019-05-30 16:43:56.824,10371,10372,10371,4,-4
2019-05-30 16:43:56.949,10371,10372,10371,9,-9
2019-05-30 16:44:06.180,10370,10371,10371,1,1
2019-05-30 16:44:33.203,10370,10371,10371,2,2
2019-05-30 16:45:34.623,10370,10371,10371,5,5
2019-05-30 16:45:34.650,10370,10371,10371,1,1
2019-05-30 16:45:34.650,10370,10371,10371,2,2
2019-05-30 16:45:35.424,10371,10372,10371,1,-1
2019-05-30 16:45:41.574,10371,10372,10371,1,-1
2019-05-30 16:45:45.154,10371,10372,10371,1,-1
2019-05-30 16:45:56.030,10371,10372,10371,1,-1
2019-05-30 16:45:56.115,10371,10372,10371,1,-1
2019-05-30 16:45:57.338,10370,10371,10371,2,2
2019-05-30 16:46:03.247,10370,10371,10371,1,1
2019-05-30 16:46:10.324,10371,10372,10371,1,-1
2019-05-30 16:47:22.535,10371,10372,10371,1,-1
2019-05-30 16:48:00.173,10371,10372,10372,1,1
2019-05-30 16:48:00.231,10371,10372,10372,1,1
2019-05-30 16:48:43.267,10371,10372,10371,1,-1
2019-05-30 16:48:43.606,10371,10372,10371,1,-1
2019-05-30 16:48:43.699,10371,10372,10371,8,-8
2019-05-30 16:48:43.824,10371,10372,10371,2,-2
2019-05-30 16:48:43.824,10371,10372,10371,1,-1
2019-05-30 16:49:18.434,10370,10371,10370,1,-1
2019-05-30 16:49:18.599,10370,10371,10370,1,-1
2019-05-30 16:49:18.876,10370,10371,10370,2,-2
2019-05-30 16:49:28.578,10370,10371,10371,1,1
2019-05-30 16:49:51.777,10370,10371,10371,1,1
2019-05-30 16:50:05.961,10370,10371,10370,21,-21
2019-05-30 16:50:09.216,10370,10371,10370,10,-10
2019-05-30 16:50:11.618,10370,10371,10370,11,-11
2019-05-30 16:50:15.419,10370,10371,10370,1,-1
2019-05-30 16:50:22.402,10370,10371,10370,1,-1
2019-05-30 16:50:27.911,10370,10371,10370,11,-11
2019-05-30 16:50:30.293,10370,10371,10370,2,-2
2019-05-30 16:50:33.775,10370,10371,10370,20,-20
2019-05-30 16:50:33.949,10370,10371,10370,1,-1
2019-05-30 16:50:37.864,10370,10371,10370,1,-1
2019-05-30 16:50:39.355,10370,10371,10370,1,-1
2019-05-30 16:50:39.399,10370,10371,10370,1,-1
2019-05-30 16:50:47.444,10369,10370,10369,1,-1
2019-05-30 16:50:47.474,10369,10370,10369,1,-1
2019-05-30 16:50:58.091,10369,10370,10369,1,-1
2019-05-30 16:50:58.607,10369,10370,10369,2,-2
2019-05-30 16:51:00.258,10369,10370,10369,1,-1
2019-05-30 16:51:00.849,10369,10370,10369,8,-8
2019-05-30 16:51:03.122,10368,10369,10369,3,3
2019-05-30 16:51:08.969,10368,10369,10369,4,4
2019-05-30 16:51:16.522,10369,10370,10369,7,-7
2019-05-30 16:51:18.713,10368,10369,10369,1,1
2019-05-30 16:51:20.729,10368,10369,10369,1,1
2019-05-30 16:51:21.046,10368,10369,10369,1,1
2019-05-30 16:51:23.542,10368,10369,10369,1,1
2019-05-30 16:51:32.739,10369,10370,10369,1,-1
2019-05-30 16:52:08.003,10369,10370,10369,2,-2
2019-05-30 16:52:37.938,10369,10370,10369,1,-1
2019-05-30 16:52:42.341,10369,10370,10369,10,-10
2019-05-30 16:52:42.341,10369,10370,10369,8,-8
2019-05-30 16:52:42.449,10369,10370,10369,1,-1
2019-05-30 16:52:43.503,10369,10370,10369,1,-1
2019-05-30 16:52:48.240,10369,10370,10370,1,1
2019-05-30 16:52:48.757,10369,10370,10369,3,-3
2019-05-30 16:52:48.951,10368,10370,10369,1,-1
2019-05-30 16:52:53.100,10368,10369,10369,2,2
2019-05-30 16:52:53.601,10368,10369,10369,1,1
2019-05-30 16:52:53.601,10368,10369,10370,1,1
2019-05-30 16:52:58.449,10369,10370,10369,1,-1
2019-05-30 16:52:59.117,10369,10370,10370,1,1
2019-05-30 16:53:00.218,10369,10370,10369,1,-1
2019-05-30 16:53:37.098,10369,10370,10369,11,-11
2019-05-30 16:53:39.396,10369,10370,10369,1,-1
2019-05-30 16:53:41.765,10369,10370,10369,1,-1
2019-05-30 16:53:41.765,10369,10370,10369,1,-1
2019-05-30 16:53:46.393,10369,10370,10369,1,-1
2019-05-30 16:53:46.574,10369,10370,10369,1,-1
2019-05-30 16:53:52.987,10369,10370,10369,1,-1
2019-05-30 16:54:24.590,10369,10370,10369,1,-1
2019-05-30 16:54:30.360,10369,10370,10369,1,-1
2019-05-30 16:54:36.602,10369,10370,10369,1,-1
2019-05-30 16:54:37.472,10369,10370,10370,1,1
2019-05-30 16:55:03.332,10369,10370,10370,1,1
2019-05-30 16:55:06.630,10369,10370,10370,5,5
2019-05-30 16:55:06.699,10369,10370,10370,29,29
2019-05-30 16:55:16.877,10370,10371,10370,1,-1
2019-05-30 16:55:19.628,10370,10371,10371,1,1
2019-05-30 16:55:23.895,10370,10371,10371,1,1
2019-05-30 16:55:28.666,10370,10371,10371,4,4
2019-05-30 16:55:37.938,10370,10371,10371,1,1
2019-05-30 16:55:39.369,10370,10371,10371,1,1
2019-05-30 16:55:47.852,10370,10371,10371,1,1
2019-05-30 16:55:53.783,10370,10371,10371,1,1
2019-05-30 16:55:55.606,10370,10371,10371,3,3
2019-05-30 16:55:55.952,10370,10371,10371,1,1
2019-05-30 16:56:00.791,10370,10371,10370,2,-2
2019-05-30 16:56:00.791,10370,10371,10370,2,-2
2019-05-30 16:56:00.792,10370,10371,10370,4,-4
2019-05-30 16:57:08.062,10370,10371,10370,1,-1
2019-05-30 16:57:11.570,10370,10371,10370,1,-1
2019-05-30 16:57:18.397,10370,10371,10371,1,1
2019-05-30 16:57:19.290,10370,10371,10371,1,1
2019-05-30 16:57:23.856,10370,10371,10371,2,2
2019-05-30 16:57:25.227,10370,10371,10371,1,1
2019-05-30 16:57:27.301,10370,10371,10370,7,-7
2019-05-30 16:57:49.074,10370,10371,10371,1,1
2019-05-30 16:58:04.297,10370,10371,10371,1,1
2019-05-30 16:58:17.724,10370,10372,10372,11,11
2019-05-30 16:58:28.132,10371,10372,10372,1,1
2019-05-30 16:58:31.282,10371,10372,10372,1,1
2019-05-30 16:58:41.726,10371,10372,10371,1,-1
2019-05-30 16:58:48.011,10371,10372,10371,1,-1
2019-05-30 16:58:50.029,10371,10372,10371,1,-1
2019-05-30 16:59:26.419,10370,10371,10371,1,1
2019-05-30 16:59:33.198,10370,10371,10371,1,1
2019-05-30 16:59:38.778,10370,10371,10371,2,2
2019-05-30 16:59:59.049,10371,10372,10371,1,-1
2019-05-30 17:00:01.411,10371,10372,10371,1,-1
2019-05-30 17:00:01.831,10370,10371,10370,1,-1
2019-05-30 17:00:05.037,10370,10371,10370,1,-1
2019-05-30 17:00:28.199,10370,10371,10371,1,1
2019-05-30 17:00:57.822,10371,10372,10371,3,-3
2019-05-30 17:01:46.972,10371,10372,10372,1,1
2019-05-30 17:01:56.613,10371,10372,10372,1,1
2019-05-30 17:01:57.661,10371,10372,10372,7,7
2019-05-30 17:01:57.667,10371,10372,10372,8,8
2019-05-30 17:01:57.668,10371,10372,10372,2,2
2019-05-30 17:01:57.668,10371,10372,10372,6,6
2019-05-30 17:02:11.902,10372,10373,10372,4,-4
2019-05-30 17:02:37.129,10371,10373,10372,1,-1
2019-05-30 17:02:56.703,10371,10372,10372,9,9
2019-05-30 17:03:10.159,10372,10373,10373,21,21
2019-05-30 17:03:19.844,10373,10374,10374,1,1
2019-05-30 17:03:24.918,10373,10374,10374,2,2
2019-05-30 17:03:24.918,10373,10374,10374,1,1
2019-05-30 17:03:24.918,10373,10374,10374,2,2
2019-05-30 17:03:24.918,10373,10374,10374,4,4
2019-05-30 17:03:24.918,10373,10374,10374,2,2
2019-05-30 17:03:24.918,10373,10374,10374,9,9
2019-05-30 17:03:28.109,10374,10375,10375,20,20
2019-05-30 17:03:31.119,10374,10375,10375,14,14
2019-05-30 17:03:34.615,10375,10376,10375,6,-6
2019-05-30 17:03:36.517,10375,10376,10375,1,-1
2019-05-30 17:03:41.531,10374,10375,10375,20,20
2019-05-30 17:03:42.061,10374,10375,10375,10,10
2019-05-30 17:03:42.589,10374,10375,10374,1,-1
2019-05-30 17:03:42.728,10374,10375,10375,1,1
2019-05-30 17:03:43.821,10374,10375,10375,10,10
2019-05-30 17:03:44.878,10374,10375,10375,10,10
2019-05-30 17:03:45.208,10374,10375,10375,10,10
2019-05-30 17:03:45.372,10374,10375,10375,10,10
2019-05-30 17:03:45.540,10374,10375,10375,10,10
2019-05-30 17:03:45.725,10374,10375,10375,10,10
2019-05-30 17:03:46.015,10374,10375,10375,10,10
2019-05-30 17:03:46.074,10374,10375,10375,2,2
2019-05-30 17:03:46.168,10374,10375,10375,2,2
2019-05-30 17:03:50.404,10374,10375,10374,1,-1
2019-05-30 17:03:52.728,10374,10375,10374,18,-18
2019-05-30 17:03:55.108,10374,10375,10375,1,1
2019-05-30 17:03:59.369,10374,10375,10375,1,1
2019-05-30 17:04:09.153,10374,10375,10375,20,20
2019-05-30 17:04:14.278,10374,10375,10374,1,-1
2019-05-30 17:04:18.524,10374,10375,10374,1,-1
2019-05-30 17:04:43.951,10374,10375,10375,2,2
2019-05-30 17:04:49.655,10374,10375,10375,10,10
2019-05-30 17:04:50.810,10374,10375,10375,1,1
2019-05-30 17:04:54.076,10374,10375,10375,1,1
2019-05-30 17:05:00.291,10374,10375,10375,3,3
2019-05-30 17:05:10.824,10374,10375,10375,1,1
2019-05-30 17:05:11.625,10374,10375,10375,11,11
2019-05-30 17:05:13.201,10375,10376,10375,1,-1
2019-05-30 17:05:14.627,10375,10376,10375,4,-4
2019-05-30 17:05:14.953,10375,10376,10375,1,-1
2019-05-30 17:05:17.651,10375,10376,10376,1,1
2019-05-30 17:05:18.334,10375,10376,10376,1,1
2019-05-30 17:05:23.129,10375,10376,10375,1,-1
2019-05-30 17:05:30.406,10375,10376,10375,3,-3
2019-05-30 17:05:33.949,10375,10376,10375,1,-1
2019-05-30 17:05:33.949,10375,10376,10375,1,-1
2019-05-30 17:05:33.953,10375,10376,10375,1,-1
2019-05-30 17:05:33.977,10375,10376,10375,1,-1
2019-05-30 17:05:41.115,10374,10375,10375,1,1
2019-05-30 17:05:42.342,10374,10375,10375,1,1
2019-05-30 17:05:52.290,10374,10375,10375,2,2
2019-05-30 17:06:11.798,10374,10375,10375,1,1
2019-05-30 17:06:17.348,10374,10375,10375,11,11
2019-05-30 17:06:25.953,10374,10375,10375,1,1
2019-05-30 17:06:31.595,10374,10375,10375,11,11
2019-05-30 17:06:33.403,10374,10375,10375,1,1
2019-05-30 17:06:34.177,10374,10375,10375,1,1
2019-05-30 17:06:38.369,10374,10375,10375,1,1
2019-05-30 17:06:43.689,10374,10375,10375,1,1
2019-05-30 17:06:47.634,10375,10376,10375,3,-3
2019-05-30 17:06:48.661,10374,10375,10375,1,1
2019-05-30 17:06:49.402,10374,10376,10375,1,-1
2019-05-30 17:07:11.957,10374,10375,10375,18,18
2019-05-30 17:07:12.095,10375,10376,10375,2,-2
2019-05-30 17:07:25.520,10374,10375,10375,1,1
2019-05-30 17:07:31.957,10374,10375,10375,1,1
2019-05-30 17:07:33.392,10374,10375,10374,1,-1
2019-05-30 17:07:33.538,10374,10375,10374,1,-1
2019-05-30 17:07:33.794,10374,10375,10374,1,-1
2019-05-30 17:07:35.796,10374,10375,10374,1,-1
2019-05-30 17:07:38.492,10374,10375,10374,1,-1
2019-05-30 17:07:49.700,10374,10375,10374,1,-1
2019-05-30 17:08:08.311,10374,10375,10374,6,-6
2019-05-30 17:08:08.324,10374,10375,10374,5,-5
2019-05-30 17:08:13.790,10373,10374,10373,1,-1
2019-05-30 17:08:13.845,10373,10374,10373,2,-2
2019-05-30 17:08:31.385,10373,10374,10374,1,1
2019-05-30 17:08:32.426,10373,10375,10375,1,1
2019-05-30 17:08:44.176,10374,10375,10374,1,-1
2019-05-30 17:08:57.968,10373,10374,10374,1,1
2019-05-30 17:09:03.757,10374,10375,10374,1,-1
2019-05-30 17:09:14.584,10374,10375,10374,1,-1
2019-05-30 17:09:45.191,10373,10374,10374,3,3
2019-05-30 17:10:19.156,10374,10375,10374,1,-1
2019-05-30 17:10:19.523,10374,10375,10375,2,2
2019-05-30 17:10:19.534,10374,10375,10374,1,-1
2019-05-30 17:10:19.704,10374,10375,10375,3,3
2019-05-30 17:10:19.731,10374,10375,10375,2,2
2019-05-30 17:10:19.732,10374,10375,10375,2,2
2019-05-30 17:10:19.732,10374,10375,10375,2,2
2019-05-30 17:10:23.850,10374,10375,10374,1,-1
2019-05-30 17:10:35.941,10374,10375,10374,5,-5
2019-05-30 17:10:41.973,10374,10375,10374,1,-1
2019-05-30 17:10:53.171,10374,10375,10374,1,-1
2019-05-30 17:11:02.678,10373,10374,10374,1,1
2019-05-30 17:11:05.648,10374,10375,10374,2,-2
2019-05-30 17:11:13.112,10373,10374,10374,1,1
2019-05-30 17:11:21.669,10373,10374,10374,1,1
2019-05-30 17:11:23.125,10373,10374,10373,2,-2
2019-05-30 17:11:23.414,10373,10374,10374,1,1
2019-05-30 17:11:58.258,10373,10374,10373,1,-1
2019-05-30 17:12:10.843,10373,10374,10374,1,1
2019-05-30 17:12:22.690,10373,10374,10373,1,-1
2019-05-30 17:12:42.536,10373,10374,10373,6,-6
2019-05-30 17:13:14.064,10373,10374,10373,2,-2
2019-05-30 17:13:14.479,10373,10374,10374,4,4
2019-05-30 17:13:20.652,10373,10374,10374,1,1
2019-05-30 17:13:39.741,10373,10374,10374,2,2
2019-05-30 17:13:39.741,10373,10374,10374,2,2
2019-05-30 17:14:32.595,10373,10374,10374,1,1
2019-05-30 17:14:51.934,10373,10374,10374,1,1
2019-05-30 17:14:55.449,10373,10374,10374,3,3
2019-05-30 17:15:00.305,10373,10374,10374,1,1
2019-05-30 17:15:31.208,10373,10374,10374,1,1
2019-05-30 17:15:47.641,10374,10375,10374,1,-1
2019-05-30 17:15:57.101,10374,10375,10374,3,-3
2019-05-30 17:16:01.755,10374,10375,10375,13,13
2019-05-30 17:16:01.755,10374,10375,10375,1,1
2019-05-30 17:16:01.755,10374,10375,10375,13,13
2019-05-30 17:16:18.772,10375,10376,10375,1,-1
2019-05-30 17:16:30.378,10375,10376,10375,2,-2
2019-05-30 17:16:30.379,10375,10376,10375,1,-1
2019-05-30 17:16:30.379,10375,10376,10375,1,-1
2019-05-30 17:16:30.482,10375,10376,10375,3,-3
2019-05-30 17:16:32.078,10374,10375,10375,1,1
2019-05-30 17:16:33.005,10374,10375,10375,1,1
2019-05-30 17:16:34.142,10374,10375,10375,9,9
2019-05-30 17:16:34.199,10375,10376,10375,1,-1
2019-05-30 17:16:47.514,10374,10375,10375,2,2
2019-05-30 17:16:56.729,10374,10375,10375,2,2
2019-05-30 17:17:31.786,10374,10375,10374,4,-4
2019-05-30 17:17:31.824,10374,10375,10374,6,-6
2019-05-30 17:18:04.949,10373,10374,10373,6,-6
2019-05-30 17:18:05.100,10373,10374,10373,10,-10
2019-05-30 17:18:05.103,10373,10374,10373,10,-10
2019-05-30 17:18:22.508,10373,10374,10373,5,-5
2019-05-30 17:18:42.459,10373,10374,10373,1,-1
2019-05-30 17:19:02.408,10372,10374,10374,1,1
2019-05-30 17:20:52.485,10373,10374,10373,1,-1
2019-05-30 17:20:52.486,10373,10374,10373,1,-1
2019-05-30 17:21:34.727,10373,10374,10374,1,1
2019-05-30 17:21:34.727,10373,10374,10374,1,1
2019-05-30 17:21:34.769,10373,10374,10374,1,1
2019-05-30 17:21:34.807,10373,10374,10374,2,2
2019-05-30 17:21:34.807,10373,10374,10374,1,1
2019-05-30 17:21:43.979,10374,10375,10374,1,-1
2019-05-30 17:22:18.696,10374,10375,10374,2,-2
2019-05-30 17:23:01.362,10373,10374,10374,1,1
2019-05-30 17:23:17.159,10373,10374,10374,1,1
2019-05-30 17:25:18.328,10373,10374,10374,1,1
2019-05-30 17:25:18.397,10373,10374,10374,1,1
2019-05-30 17:25:18.449,10373,10374,10374,1,1
2019-05-30 17:25:18.501,10373,10374,10374,2,2
2019-05-30 17:25:18.501,10373,10374,10374,9,9
2019-05-30 17:27:47.394,10374,10375,10374,1,-1
2019-05-30 17:27:47.394,10374,10375,10374,1,-1
2019-05-30 17:27:47.464,10374,10375,10374,1,-1
2019-05-30 17:27:47.523,10374,10375,10374,1,-1
2019-05-30 17:27:47.574,10374,10375,10374,1,-1
2019-05-30 17:27:47.699,10374,10375,10374,2,-2
2019-05-30 17:28:02.419,10374,10375,10375,1,1
2019-05-30 17:28:02.574,10374,10375,10375,4,4
2019-05-30 17:28:05.694,10374,10375,10374,1,-1
2019-05-30 17:28:19.688,10373,10374,10374,1,1
2019-05-30 17:28:20.206,10373,10374,10374,2,2
2019-05-30 17:28:21.645,10373,10374,10374,1,1
2019-05-30 17:28:22.716,10373,10374,10374,1,1
2019-05-30 17:28:48.211,10373,10374,10374,1,1
2019-05-30 17:28:48.212,10373,10374,10374,4,4
2019-05-30 17:29:05.761,10374,10375,10374,3,-3
2019-05-30 17:29:10.314,10374,10375,10375,2,2
2019-05-30 17:29:20.966,10374,10375,10375,1,1
2019-05-30 17:30:20.068,10374,10375,10374,1,-1
2019-05-30 17:30:20.069,10374,10375,10374,1,-1
2019-05-30 17:30:32.285,10373,10374,10374,1,1
2019-05-30 17:30:39.565,10373,10374,10374,1,1
2019-05-30 17:30:41.517,10373,10374,10374,1,1
2019-05-30 17:31:12.578,10373,10374,10374,1,1
2019-05-30 17:31:24.691,10373,10374,10374,1,1
2019-05-30 17:31:24.692,10373,10374,10374,1,1
2019-05-30 17:31:24.699,10373,10374,10374,1,1
2019-05-30 17:31:24.699,10373,10374,10374,1,1
2019-05-30 17:31:24.699,10373,10374,10374,1,1
2019-05-30 17:31:24.730,10373,10374,10374,1,1
2019-05-30 17:31:24.824,10373,10374,10374,3,3
2019-05-30 17:31:42.346,10374,10375,10374,3,-3
2019-05-30 17:31:52.345,10373,10374,10374,1,1
2019-05-30 17:32:05.991,10373,10374,10374,1,1
2019-05-30 17:32:45.631,10373,10374,10373,2,-2
2019-05-30 17:32:45.699,10373,10374,10373,6,-6
2019-05-30 17:32:55.595,10372,10373,10373,1,1
2019-05-30 17:33:31.515,10372,10373,10373,1,1
2019-05-30 17:33:33.939,10372,10373,10373,1,1
2019-05-30 17:34:05.151,10372,10373,10373,1,1
2019-05-30 17:34:05.199,10372,10373,10373,1,1
2019-05-30 17:34:05.510,10372,10373,10373,1,1
2019-05-30 17:34:14.204,10372,10373,10373,1,1
2019-05-30 17:34:14.434,10372,10373,10373,4,4
2019-05-30 17:34:35.837,10372,10373,10373,1,1
2019-05-30 17:35:09.753,10372,10373,10373,1,1
2019-05-30 17:35:47.217,10372,10373,10373,1,1
2019-05-30 17:36:05.354,10372,10373,10373,1,1
2019-05-30 17:36:20.735,10372,10373,10373,1,1
2019-05-30 17:36:32.709,10373,10374,10373,2,-2
2019-05-30 17:36:56.264,10373,10374,10373,1,-1
2019-05-30 17:37:17.010,10372,10373,10373,1,1
2019-05-30 17:37:33.016,10373,10374,10374,1,1
2019-05-30 17:38:17.946,10373,10374,10374,1,1
2019-05-30 17:38:25.375,10373,10374,10374,4,4
2019-05-30 17:39:35.660,10373,10374,10373,4,-4
2019-05-30 17:40:49.754,10373,10374,10374,1,1
2019-05-30 17:40:52.608,10373,10374,10374,2,2
2019-05-30 17:40:55.213,10373,10374,10374,1,1
2019-05-30 17:40:55.215,10373,10374,10374,1,1
2019-05-30 17:41:24.458,10374,10375,10375,1,1
2019-05-30 17:41:46.933,10374,10375,10374,1,-1
2019-05-30 17:41:46.933,10374,10375,10374,2,-2
2019-05-30 17:41:46.936,10374,10375,10374,1,-1
2019-05-30 17:41:46.936,10374,10375,10374,1,-1
2019-05-30 17:42:31.886,10374,10375,10374,1,-1
2019-05-30 17:42:31.887,10374,10375,10374,1,-1
2019-05-30 17:42:31.887,10374,10375,10374,2,-2
2019-05-30 17:42:31.887,10374,10375,10374,4,-4
2019-05-30 17:42:31.888,10374,10375,10374,3,-3
2019-05-30 17:42:41.437,10373,10374,10374,1,1
2019-05-30 17:42:58.189,10373,10374,10374,2,2
2019-05-30 17:43:05.069,10373,10374,10373,1,-1
2019-05-30 17:43:05.074,10373,10374,10373,1,-1
2019-05-30 17:44:01.979,10373,10374,10373,1,-1
2019-05-30 17:44:01.980,10373,10374,10373,1,-1
2019-05-30 17:44:01.983,10373,10374,10373,4,-4
2019-05-30 17:44:03.191,10372,10373,10372,1,-1
2019-05-30 17:44:03.843,10372,10373,10372,1,-1
2019-05-30 17:44:03.856,10372,10373,10372,1,-1
2019-05-30 17:44:03.873,10372,10373,10372,1,-1
2019-05-30 17:44:03.889,10372,10373,10372,1,-1
2019-05-30 17:44:03.893,10372,10373,10372,1,-1
2019-05-30 17:44:04.883,10372,10373,10372,11,-11
2019-05-30 17:44:17.543,10372,10373,10372,2,-2
2019-05-30 17:44:26.748,10372,10373,10372,11,-11
2019-05-30 17:44:35.255,10372,10373,10372,1,-1
2019-05-30 17:46:13.882,10372,10373,10373,1,1
2019-05-30 17:47:40.213,10373,10374,10373,1,-1
2019-05-30 17:47:42.416,10373,10374,10374,1,1
2019-05-30 17:47:42.487,10373,10374,10374,1,1
2019-05-30 17:47:42.497,10373,10374,10374,1,1
2019-05-30 17:47:42.561,10373,10374,10374,1,1
2019-05-30 17:47:46.949,10373,10374,10374,1,1
2019-05-30 17:47:46.949,10373,10374,10374,2,2
2019-05-30 17:48:12.780,10373,10374,10373,1,-1
2019-05-30 17:48:29.686,10372,10373,10372,1,-1
2019-05-30 17:49:02.789,10372,10373,10373,1,1
2019-05-30 17:49:03.682,10373,10374,10373,1,-1
2019-05-30 17:49:36.294,10372,10373,10373,1,1
2019-05-30 17:49:48.743,10373,10374,10373,1,-1
2019-05-30 17:50:48.894,10372,10373,10372,5,-5
2019-05-30 17:50:48.949,10372,10373,10372,2,-2
2019-05-30 17:50:50.520,10372,10373,10372,1,-1
2019-05-30 17:50:50.804,10372,10373,10372,4,-4
2019-05-30 17:50:50.826,10372,10373,10372,2,-2
2019-05-30 17:50:55.214,10371,10372,10372,1,1
2019-05-30 17:50:55.323,10371,10372,10372,1,1
2019-05-30 17:51:13.033,10371,10372,10372,1,1
2019-05-30 17:51:23.044,10371,10372,10372,1,1
2019-05-30 17:51:37.109,10371,10372,10372,1,1
2019-05-30 17:52:27.836,10371,10372,10372,1,1
2019-05-30 17:52:40.282,10371,10372,10372,2,2
2019-05-30 17:52:43.182,10371,10372,10372,1,1
2019-05-30 17:52:43.651,10371,10372,10372,1,1
2019-05-30 17:52:48.626,10371,10372,10372,2,2
2019-05-30 17:52:56.048,10371,10372,10372,1,1
2019-05-30 17:53:05.355,10371,10372,10372,6,6
2019-05-30 17:53:22.603,10372,10373,10373,1,1
2019-05-30 17:54:19.391,10372,10373,10373,1,1
2019-05-30 17:54:33.148,10372,10373,10373,1,1
2019-05-30 17:54:33.514,10372,10373,10373,1,1
2019-05-30 17:56:02.526,10373,10374,10374,2,2
2019-05-30 17:56:02.898,10373,10374,10373,1,-1
2019-05-30 17:56:33.368,10373,10374,10373,10,-10
2019-05-30 17:57:02.633,10373,10374,10374,2,2
2019-05-30 17:58:02.095,10373,10374,10374,5,5
2019-05-30 17:58:09.417,10373,10374,10374,1,1
2019-05-30 17:58:22.718,10373,10374,10373,3,-3
2019-05-30 17:58:22.720,10373,10374,10373,1,-1
2019-05-30 17:58:22.722,10373,10374,10373,1,-1
2019-05-30 17:58:22.751,10373,10374,10373,1,-1
2019-05-30 17:58:22.781,10373,10374,10373,1,-1
2019-05-30 17:58:22.783,10373,10374,10373,1,-1
2019-05-30 17:58:39.493,10373,10374,10373,2,-2
2019-05-30 17:59:02.874,10372,10373,10373,1,1
2019-05-30 17:59:28.600,10373,10374,10374,2,2
2019-05-30 17:59:28.700,10373,10374,10374,4,4
2019-05-30 17:59:28.824,10373,10374,10374,17,17
2019-05-30 17:59:46.804,10374,10375,10375,1,1
2019-05-30 17:59:47.204,10374,10375,10375,1,1
2019-05-30 18:00:02.969,10374,10375,10375,4,4
2019-05-30 18:00:11.048,10374,10375,10375,5,5
2019-05-30 18:00:29.594,10374,10375,10375,1,1
2019-05-30 18:00:39.567,10374,10375,10375,10,10
2019-05-30 18:00:39.567,10374,10375,10375,2,2
2019-05-30 18:00:39.570,10374,10375,10375,5,5
2019-05-30 18:00:47.628,10375,10376,10375,1,-1
2019-05-30 18:00:49.895,10374,10375,10375,1,1
2019-05-30 18:01:27.310,10374,10375,10375,1,1
2019-05-30 18:02:06.107,10374,10375,10374,7,-7
2019-05-30 18:02:06.391,10374,10375,10374,3,-3
2019-05-30 18:02:27.333,10373,10374,10374,1,1
2019-05-30 18:02:58.796,10374,10375,10375,1,1
2019-05-30 18:03:02.309,10374,10375,10375,3,3
2019-05-30 18:03:19.122,10375,10376,10376,1,1
2019-05-30 18:03:19.966,10375,10376,10375,4,-4
2019-05-30 18:03:33.931,10375,10376,10376,1,1
2019-05-30 18:03:45.576,10375,10376,10376,3,3
2019-05-30 18:04:02.438,10375,10376,10376,4,4
2019-05-30 18:04:06.586,10375,10376,10376,12,12
2019-05-30 18:04:09.112,10375,10376,10376,2,2
2019-05-30 18:04:17.885,10375,10376,10375,1,-1
2019-05-30 18:04:17.929,10375,10376,10375,1,-1
2019-05-30 18:04:27.090,10375,10376,10375,4,-4
2019-05-30 18:05:19.921,10374,10375,10375,1,1
2019-05-30 18:05:40.471,10374,10375,10375,1,1
2019-05-30 18:06:09.341,10374,10375,10375,1,1
2019-05-30 18:06:24.207,10374,10375,10374,2,-2
2019-05-30 18:06:24.324,10373,10375,10374,1,-1
2019-05-30 18:07:05.287,10373,10374,10374,1,1
2019-05-30 18:07:38.099,10373,10374,10373,2,-2
2019-05-30 18:10:00.117,10373,10374,10373,1,-1
2019-05-30 18:10:44.235,10373,10374,10374,1,1
2019-05-30 18:10:57.482,10373,10374,10373,1,-1
2019-05-30 18:10:58.554,10373,10374,10373,2,-2
2019-05-30 18:11:05.911,10372,10373,10373,1,1
2019-05-30 18:11:18.987,10372,10373,10373,1,1
2019-05-30 18:11:39.825,10372,10373,10373,1,1
2019-05-30 18:12:28.869,10372,10373,10373,1,1
2019-05-30 18:12:30.508,10372,10373,10373,1,1
2019-05-30 18:12:45.408,10372,10373,10373,1,1
2019-05-30 18:13:24.993,10373,10374,10373,1,-1
2019-05-30 18:13:45.288,10373,10374,10373,1,-1
2019-05-30 18:13:52.924,10372,10373,10373,1,1
2019-05-30 18:13:53.070,10372,10373,10373,1,1
2019-05-30 18:13:53.210,10372,10373,10373,1,1
2019-05-30 18:14:07.339,10373,10374,10373,3,-3
2019-05-30 18:14:07.340,10373,10374,10373,2,-2
2019-05-30 18:14:29.546,10372,10373,10373,1,1
2019-05-30 18:15:48.847,10373,10374,10374,1,1
2019-05-30 18:15:48.848,10373,10374,10374,1,1
2019-05-30 18:15:48.949,10373,10374,10374,2,2
2019-05-30 18:16:13.177,10373,10374,10374,1,1
2019-05-30 18:16:44.187,10373,10374,10373,1,-1
2019-05-30 18:16:58.122,10373,10374,10373,9,-9
2019-05-30 18:17:05.261,10372,10373,10373,1,1
2019-05-30 18:17:35.611,10372,10373,10373,1,1
2019-05-30 18:18:11.546,10372,10373,10372,3,-3
2019-05-30 18:18:11.909,10372,10373,10372,1,-1
2019-05-30 18:18:12.458,10372,10373,10373,1,1
2019-05-30 18:18:12.460,10372,10373,10373,1,1
2019-05-30 18:18:12.463,10372,10373,10373,1,1
2019-05-30 18:18:12.477,10372,10373,10373,1,1
2019-05-30 18:18:12.491,10372,10373,10373,1,1
2019-05-30 18:18:12.492,10372,10373,10373,1,1
2019-05-30 18:18:12.503,10372,10373,10373,1,1
2019-05-30 18:18:32.988,10372,10373,10372,1,-1
2019-05-30 18:18:47.081,10372,10373,10372,1,-1
2019-05-30 18:19:18.380,10372,10373,10373,3,3
2019-05-30 18:19:26.359,10372,10374,10372,1,-1
2019-05-30 18:19:45.508,10373,10374,10373,1,1
2019-05-30 18:21:08.418,10373,10374,10373,1,-1
2019-05-30 18:21:12.949,10373,10374,10374,1,1
2019-05-30 18:21:12.954,10373,10374,10374,1,1
2019-05-30 18:21:13.074,10373,10374,10374,2,2
2019-05-30 18:21:46.472,10374,10375,10374,1,-1
2019-05-30 18:21:48.824,10374,10375,10375,1,1
2019-05-30 18:21:55.523,10374,10375,10375,1,1
2019-05-30 18:22:01.890,10374,10375,10375,2,2
2019-05-30 18:22:01.892,10374,10375,10375,2,2
2019-05-30 18:22:02.076,10375,10376,10376,4,4
2019-05-30 18:22:04.708,10375,10376,10376,2,2
2019-05-30 18:22:12.976,10375,10376,10375,1,-1
2019-05-30 18:22:20.228,10375,10376,10375,1,-1
2019-05-30 18:22:22.090,10375,10376,10375,11,-11
2019-05-30 18:22:30.748,10374,10375,10375,1,1
2019-05-30 18:22:41.404,10374,10375,10374,6,-6
2019-05-30 18:22:41.404,10374,10375,10373,14,-14
2019-05-30 18:22:52.702,10373,10374,10373,9,-9
2019-05-30 18:22:57.967,10373,10375,10373,7,-7
2019-05-30 18:23:02.356,10373,10375,10373,7,-7
2019-05-30 18:23:05.468,10373,10374,10373,1,-1
2019-05-30 18:23:11.095,10372,10374,10374,1,1
2019-05-30 18:23:48.057,10373,10374,10374,3,3
2019-05-30 18:24:00.897,10374,10375,10375,13,13
2019-05-30 18:24:16.402,10374,10375,10375,2,2
2019-05-30 18:25:09.253,10374,10375,10374,1,-1
2019-05-30 18:25:09.324,10374,10375,10374,1,-1
2019-05-30 18:25:09.332,10374,10375,10374,1,-1
2019-05-30 18:25:09.567,10374,10375,10375,1,1
2019-05-30 18:25:27.228,10374,10375,10375,1,1
2019-05-30 18:25:50.990,10374,10375,10375,1,1
2019-05-30 18:25:51.257,10374,10375,10375,1,1
2019-05-30 18:25:51.505,10374,10375,10375,1,1
2019-05-30 18:25:51.583,10374,10375,10375,1,1
2019-05-30 18:26:17.569,10374,10375,10375,5,5
2019-05-30 18:26:24.236,10374,10375,10375,1,1
2019-05-30 18:26:30.473,10374,10375,10375,1,1
2019-05-30 18:26:43.971,10374,10375,10375,1,1
2019-05-30 18:26:54.663,10374,10375,10375,3,3
2019-05-30 18:26:56.324,10375,10376,10375,2,-2
2019-05-30 18:26:56.348,10375,10376,10375,2,-2
2019-05-30 18:28:27.816,10374,10375,10375,1,1
2019-05-30 18:28:56.172,10374,10375,10375,1,1
2019-05-30 18:29:19.198,10374,10375,10375,1,1
2019-05-30 18:29:32.249,10374,10375,10375,1,1
2019-05-30 18:30:36.079,10374,10375,10375,1,1
2019-05-30 18:30:37.058,10374,10375,10375,1,1
2019-05-30 18:30:52.530,10374,10375,10375,1,1
2019-05-30 18:30:52.574,10374,10375,10375,1,1
2019-05-30 18:30:53.065,10375,10376,10375,1,-1
2019-05-30 18:31:10.714,10375,10376,10376,1,1
2019-05-30 18:31:17.023,10375,10376,10376,1,1
2019-05-30 18:31:46.796,10375,10376,10376,1,1
2019-05-30 18:33:51.132,10375,10376,10376,1,1
2019-05-30 18:34:15.786,10375,10376,10376,12,12
2019-05-30 18:34:21.988,10375,10376,10376,4,4
2019-05-30 18:34:23.236,10375,10376,10376,2,2
2019-05-30 18:35:25.071,10375,10376,10376,1,1
2019-05-30 18:36:27.839,10375,10376,10375,1,-1
2019-05-30 18:37:23.455,10375,10376,10375,2,-2
2019-05-30 18:37:44.878,10375,10376,10375,13,-13
2019-05-30 18:37:44.879,10375,10376,10375,3,-3
2019-05-30 18:37:44.949,10375,10376,10375,3,-3
2019-05-30 18:39:11.410,10374,10375,10374,1,-1
2019-05-30 18:39:11.814,10374,10375,10374,1,-1
2019-05-30 18:39:11.817,10374,10375,10374,1,-1
2019-05-30 18:39:11.824,10374,10375,10374,1,-1
2019-05-30 18:39:11.824,10374,10375,10374,1,-1
2019-05-30 18:39:14.361,10374,10375,10374,1,-1
2019-05-30 18:39:16.900,10373,10374,10374,2,2
2019-05-30 18:39:39.456,10373,10374,10373,7,-7
2019-05-30 18:40:26.550,10373,10374,10373,1,-1
2019-05-30 18:40:27.111,10373,10374,10373,1,-1
2019-05-30 18:40:28.700,10373,10374,10373,1,-1
2019-05-30 18:40:31.827,10373,10374,10373,1,-1
2019-05-30 18:40:36.997,10373,10374,10373,1,-1
2019-05-30 18:40:37.921,10373,10374,10373,1,-1
2019-05-30 18:40:37.921,10373,10374,10373,3,-3
2019-05-30 18:40:51.318,10372,10373,10372,2,-2
2019-05-30 18:41:14.030,10372,10373,10372,4,-4
2019-05-30 18:41:33.943,10372,10373,10372,1,-1
2019-05-30 18:41:36.983,10372,10373,10372,1,-1
2019-05-30 18:41:38.369,10372,10373,10373,1,1
2019-05-30 18:41:39.723,10372,10373,10373,1,1
2019-05-30 18:41:41.550,10372,10373,10372,1,-1
2019-05-30 18:41:45.816,10372,10373,10372,1,-1
2019-05-30 18:42:06.797,10372,10373,10372,2,-2
2019-05-30 18:42:13.951,10372,10373,10372,1,-1
2019-05-30 18:42:36.657,10372,10373,10372,1,-1
2019-05-30 18:42:54.713,10372,10373,10372,1,-1
2019-05-30 18:43:02.875,10372,10373,10372,1,-1
2019-05-30 18:43:19.261,10372,10373,10372,3,-3
2019-05-30 18:43:20.951,10372,10373,10372,4,-4
2019-05-30 18:43:27.324,10372,10373,10372,1,-1
2019-05-30 18:43:36.757,10372,10373,10373,1,1
2019-05-30 18:44:57.076,10372,10373,10372,2,-2
2019-05-30 18:45:01.835,10372,10373,10372,2,-2
2019-05-30 18:45:01.835,10372,10373,10372,9,-9
2019-05-30 18:45:10.529,10371,10372,10371,1,-1
2019-05-30 18:45:10.619,10371,10372,10371,10,-10
2019-05-30 18:45:13.618,10371,10372,10372,1,1
2019-05-30 18:45:17.844,10371,10372,10371,1,-1
2019-05-30 18:45:21.239,10371,10372,10371,3,-3
2019-05-30 18:45:26.105,10371,10372,10372,2,2
2019-05-30 18:45:30.777,10371,10372,10372,2,2
2019-05-30 18:45:53.600,10371,10372,10371,8,-8
2019-05-30 18:45:53.600,10371,10372,10371,11,-11
2019-05-30 18:45:53.601,10371,10372,10371,3,-3
2019-05-30 18:45:55.972,10370,10371,10371,1,1
2019-05-30 18:46:19.440,10370,10371,10371,3,3
2019-05-30 18:46:21.453,10370,10371,10371,1,1
2019-05-30 18:46:24.554,10370,10371,10371,1,1
2019-05-30 18:46:24.576,10370,10372,10370,1,-1
2019-05-30 18:46:24.740,10370,10371,10370,10,-10
2019-05-30 18:46:35.477,10370,10371,10370,1,-1
2019-05-30 18:46:51.304,10370,10371,10371,2,2
2019-05-30 18:46:53.536,10371,10372,10371,2,-2
2019-05-30 18:46:57.622,10371,10372,10371,1,-1
2019-05-30 18:47:27.015,10371,10372,10371,1,-1
2019-05-30 18:47:33.949,10371,10372,10371,1,-1
2019-05-30 18:47:35.200,10370,10371,10371,1,1
2019-05-30 18:47:38.601,10370,10371,10370,1,-1
2019-05-30 18:47:42.373,10370,10371,10370,1,-1
2019-05-30 18:48:00.451,10370,10371,10370,1,-1
2019-05-30 18:48:23.653,10370,10371,10370,2,-2
2019-05-30 18:48:25.244,10370,10371,10371,1,1
2019-05-30 18:48:28.486,10370,10371,10371,1,1
2019-05-30 18:48:47.998,10371,10372,10372,2,2
2019-05-30 18:48:47.998,10371,10372,10372,11,11
2019-05-30 18:48:48.034,10371,10372,10372,1,1
2019-05-30 18:48:50.352,10371,10372,10371,4,-4
2019-05-30 18:49:13.244,10371,10372,10371,2,-2
2019-05-30 18:49:13.244,10371,10372,10371,2,-2
2019-05-30 18:49:13.246,10371,10372,10371,1,-1
2019-05-30 18:49:42.177,10371,10372,10371,1,-1
2019-05-30 18:49:45.947,10371,10372,10371,1,-1
2019-05-30 18:50:01.222,10370,10371,10371,1,1
2019-05-30 18:50:02.012,10370,10371,10371,1,1
2019-05-30 18:50:12.784,10370,10372,10370,2,-2
2019-05-30 18:50:24.925,10370,10371,10371,1,1
2019-05-30 18:50:33.260,10370,10371,10371,1,1
2019-05-30 18:50:40.548,10370,10371,10370,13,-13
2019-05-30 18:50:46.865,10370,10371,10370,13,-13
2019-05-30 18:50:50.559,10370,10371,10370,4,-4
2019-05-30 18:50:53.947,10370,10371,10370,1,-1
2019-05-30 18:51:02.467,10370,10371,10370,4,-4
2019-05-30 18:51:20.064,10370,10371,10370,1,-1
2019-05-30 18:51:26.243,10370,10371,10370,1,-1
2019-05-30 18:51:40.451,10370,10371,10370,1,-1
2019-05-30 18:51:54.281,10370,10371,10371,1,1
2019-05-30 18:52:05.471,10370,10371,10371,1,1
2019-05-30 18:52:19.012,10370,10371,10370,2,-2
2019-05-30 18:52:24.887,10370,10371,10370,1,-1
2019-05-30 18:52:25.350,10370,10371,10370,3,-3
2019-05-30 18:52:25.578,10370,10371,10370,2,-2
2019-05-30 18:52:45.576,10370,10371,10370,1,-1
2019-05-30 18:52:57.022,10370,10371,10370,2,-2
2019-05-30 18:52:57.022,10370,10371,10370,1,-1
2019-05-30 18:52:57.022,10370,10371,10370,5,-5
2019-05-30 18:52:57.022,10370,10371,10370,9,-9
2019-05-30 18:52:57.022,10370,10371,10370,6,-6
2019-05-30 18:53:15.115,10369,10370,10370,1,1
2019-05-30 18:53:22.493,10370,10371,10370,1,-1
2019-05-30 18:53:29.648,10369,10371,10369,10,-10
2019-05-30 18:53:29.650,10369,10371,10369,3,-3
2019-05-30 18:53:29.653,10369,10371,10369,1,-1
2019-05-30 18:53:29.699,10369,10370,10369,11,-11
2019-05-30 18:53:29.754,10369,10370,10369,1,-1
2019-05-30 18:53:29.784,10369,10370,10369,1,-1
2019-05-30 18:53:29.824,10369,10370,10369,7,-7
2019-05-30 18:53:29.826,10369,10370,10369,20,-20
2019-05-30 18:53:29.958,10368,10370,10368,2,-2
2019-05-30 18:53:30.027,10368,10370,10368,2,-2
2019-05-30 18:53:30.086,10368,10369,10368,2,-2
2019-05-30 18:53:30.132,10368,10369,10368,1,-1
2019-05-30 18:53:30.139,10368,10369,10368,1,-1
2019-05-30 18:53:30.148,10368,10369,10368,1,-1
2019-05-30 18:53:30.171,10368,10369,10368,4,-4
2019-05-30 18:53:30.210,10368,10369,10368,1,-1
2019-05-30 18:53:30.224,10368,10369,10368,1,-1
2019-05-30 18:53:30.225,10368,10369,10368,1,-1
2019-05-30 18:53:30.339,10368,10369,10368,2,-2
2019-05-30 18:53:30.381,10368,10369,10368,2,-2
2019-05-30 18:53:30.463,10367,10369,10367,4,-4
2019-05-30 18:53:30.471,10367,10369,10367,4,-4
2019-05-30 18:53:30.521,10367,10369,10367,4,-4
2019-05-30 18:53:30.626,10367,10369,10367,7,-7
2019-05-30 18:53:30.656,10367,10369,10367,1,-1
2019-05-30 18:53:30.670,10367,10369,10367,1,-1
2019-05-30 18:53:30.678,10367,10369,10367,2,-2
2019-05-30 18:53:30.678,10367,10369,10367,1,-1
2019-05-30 18:53:30.681,10367,10369,10367,2,-2
2019-05-30 18:53:30.709,10367,10369,10367,2,-2
2019-05-30 18:53:30.713,10367,10369,10367,1,-1
2019-05-30 18:53:30.718,10367,10369,10367,1,-1
2019-05-30 18:53:30.730,10367,10369,10367,1,-1
2019-05-30 18:53:30.742,10367,10369,10367,2,-2
2019-05-30 18:53:30.743,10367,10369,10367,1,-1
2019-05-30 18:53:30.762,10367,10369,10367,2,-2
2019-05-30 18:53:30.775,10367,10369,10367,2,-2
2019-05-30 18:53:30.822,10367,10369,10367,1,-1
2019-05-30 18:53:30.863,10367,10368,10367,1,-1
2019-05-30 18:53:30.907,10367,10368,10367,1,-1
2019-05-30 18:53:30.992,10367,10368,10367,1,-1
2019-05-30 18:53:31.604,10367,10368,10367,1,-1
2019-05-30 18:53:31.609,10367,10368,10367,1,-1
2019-05-30 18:53:31.923,10367,10368,10367,1,-1
2019-05-30 18:53:32.049,10367,10368,10367,1,-1
2019-05-30 18:53:32.230,10367,10368,10367,1,-1
2019-05-30 18:53:32.731,10367,10368,10367,1,-1
2019-05-30 18:53:32.769,10367,10368,10367,1,-1
2019-05-30 18:53:32.771,10367,10368,10367,1,-1
2019-05-30 18:53:42.435,10367,10368,10368,1,1
2019-05-30 18:53:42.554,10367,10368,10367,1,-1
2019-05-30 18:53:51.818,10367,10368,10368,1,1
2019-05-30 18:53:54.769,10368,10369,10368,1,-1
2019-05-30 18:54:04.291,10368,10369,10369,1,1
2019-05-30 18:54:05.637,10368,10369,10368,1,-1
2019-05-30 18:54:12.878,10368,10369,10369,1,1
2019-05-30 18:54:22.495,10369,10370,10369,1,-1
2019-05-30 18:54:25.695,10369,10370,10369,1,-1
2019-05-30 18:54:26.799,10369,10370,10369,1,-1
2019-05-30 18:54:30.103,10369,10370,10369,4,-4
2019-05-30 18:54:33.383,10368,10369,10369,1,1
2019-05-30 18:54:33.451,10369,10370,10369,1,-1
2019-05-30 18:54:34.755,10368,10369,10369,1,1
2019-05-30 18:54:42.376,10368,10369,10369,1,1
2019-05-30 18:54:49.011,10368,10369,10369,1,1
2019-05-30 18:55:05.498,10368,10369,10369,1,1
2019-05-30 18:55:06.259,10368,10369,10368,1,-1
2019-05-30 18:55:10.284,10368,10369,10368,7,-7
2019-05-30 18:55:18.637,10367,10368,10368,1,1
2019-05-30 18:55:18.637,10367,10368,10369,4,4
2019-05-30 18:55:20.350,10367,10368,10368,1,1
2019-05-30 18:55:27.529,10368,10369,10368,1,-1
2019-05-30 18:55:28.717,10368,10369,10368,1,-1
2019-05-30 18:55:28.824,10368,10369,10368,1,-1
2019-05-30 18:55:40.068,10368,10369,10368,1,-1
2019-05-30 18:55:40.074,10368,10369,10368,1,-1
2019-05-30 18:55:57.876,10367,10368,10368,1,1
2019-05-30 18:56:04.576,10368,10369,10368,1,-1
2019-05-30 18:56:12.136,10368,10369,10369,1,1
2019-05-30 18:56:16.966,10368,10369,10368,1,-1
2019-05-30 18:56:18.949,10367,10368,10368,1,1
2019-05-30 18:56:32.509,10368,10369,10368,5,-5
2019-05-30 18:56:49.327,10368,10369,10368,1,-1
2019-05-30 18:57:04.826,10368,10369,10368,1,-1
2019-05-30 18:57:05.607,10368,10369,10368,2,-2
2019-05-30 18:57:15.796,10368,10369,10368,1,-1
2019-05-30 18:57:16.264,10368,10369,10368,2,-2
2019-05-30 18:57:17.040,10368,10369,10368,2,-2
2019-05-30 18:57:18.028,10368,10369,10368,1,-1
2019-05-30 18:57:18.447,10368,10369,10368,1,-1
2019-05-30 18:57:22.766,10368,10369,10368,1,-1
2019-05-30 18:57:25.420,10368,10369,10368,3,-3
2019-05-30 18:57:43.882,10367,10368,10368,1,1
2019-05-30 18:57:52.959,10367,10368,10367,1,-1
2019-05-30 18:58:01.467,10367,10368,10367,1,-1
2019-05-30 18:58:16.613,10367,10368,10367,2,-2
2019-05-30 18:58:23.206,10367,10368,10367,28,-28
2019-05-30 18:58:32.095,10367,10368,10367,1,-1
2019-05-30 18:58:35.619,10367,10368,10367,1,-1
2019-05-30 18:58:42.216,10367,10368,10367,4,-4
2019-05-30 18:58:48.569,10367,10368,10367,1,-1
2019-05-30 18:58:50.103,10367,10368,10368,2,2
2019-05-30 18:59:04.595,10367,10368,10367,1,-1
2019-05-30 18:59:15.201,10367,10368,10367,1,-1
2019-05-30 18:59:21.962,10367,10368,10367,1,-1
2019-05-30 18:59:31.701,10367,10368,10367,1,-1
2019-05-30 18:59:41.937,10367,10368,10368,19,19
2019-05-30 19:00:11.802,10368,10369,10368,1,-1
2019-05-30 19:00:11.963,10368,10369,10368,1,-1
2019-05-30 19:00:12.095,10368,10369,10368,12,-12
2019-05-30 19:00:12.169,10368,10369,10368,1,-1
2019-05-30 19:00:12.515,10368,10369,10368,5,-5
2019-05-30 19:00:17.469,10368,10369,10368,2,-2
2019-05-30 19:00:21.608,10368,10369,10368,1,-1
2019-05-30 19:00:56.586,10368,10369,10368,1,-1
2019-05-30 19:01:18.728,10368,10369,10369,2,2
2019-05-30 19:01:42.347,10368,10369,10369,2,2
2019-05-30 19:01:53.695,10368,10369,10369,1,1
2019-05-30 19:02:13.705,10368,10369,10368,1,-1
2019-05-30 19:02:25.658,10368,10369,10368,1,-1
2019-05-30 19:03:05.687,10368,10369,10369,1,1
2019-05-30 19:03:08.478,10368,10369,10369,1,1
2019-05-30 19:03:12.615,10368,10369,10369,1,1
2019-05-30 19:03:13.475,10368,10369,10369,1,1
2019-05-30 19:03:35.451,10368,10369,10368,1,-1
2019-05-30 19:03:36.257,10368,10369,10369,1,1
2019-05-30 19:03:48.879,10368,10369,10369,1,1
2019-05-30 19:03:53.714,10368,10369,10369,1,1
2019-05-30 19:04:02.163,10368,10369,10369,2,2
2019-05-30 19:04:12.797,10368,10369,10368,4,-4
2019-05-30 19:04:13.015,10368,10369,10368,1,-1
2019-05-30 19:04:13.681,10368,10369,10369,2,2
2019-05-30 19:04:17.148,10368,10369,10368,1,-1
2019-05-30 19:04:18.913,10368,10369,10368,1,-1
2019-05-30 19:04:20.646,10368,10369,10368,1,-1
2019-05-30 19:04:22.348,10368,10369,10368,1,-1
2019-05-30 19:04:23.960,10368,10369,10368,1,-1
2019-05-30 19:04:25.812,10368,10369,10368,1,-1
2019-05-30 19:04:39.076,10368,10369,10368,1,-1
2019-05-30 19:04:40.654,10368,10369,10369,2,2
2019-05-30 19:04:48.631,10368,10369,10369,3,3
2019-05-30 19:04:57.037,10368,10369,10368,1,-1
2019-05-30 19:04:58.856,10368,10369,10368,1,-1
2019-05-30 19:05:16.221,10368,10369,10368,2,-2
2019-05-30 19:05:16.221,10368,10369,10368,1,-1
2019-05-30 19:05:46.296,10368,10369,10369,1,1
2019-05-30 19:05:47.537,10368,10369,10368,1,-1
2019-05-30 19:05:51.098,10367,10368,10367,2,-2
2019-05-30 19:05:51.452,10367,10368,10367,12,-12
2019-05-30 19:05:51.532,10367,10368,10367,9,-9
2019-05-30 19:05:51.538,10367,10368,10367,1,-1
2019-05-30 19:05:51.538,10367,10368,10366,7,-7
2019-05-30 19:05:51.686,10366,10368,10366,11,-11
2019-05-30 19:05:51.778,10366,10367,10366,2,-2
2019-05-30 19:05:51.790,10366,10367,10366,7,-7
2019-05-30 19:05:51.793,10366,10367,10366,3,-3
2019-05-30 19:05:51.798,10366,10367,10366,3,-3
2019-05-30 19:05:51.799,10366,10367,10366,3,-3
2019-05-30 19:05:51.802,10366,10367,10366,2,-2
2019-05-30 19:05:51.826,10366,10367,10366,2,-2
2019-05-30 19:05:51.826,10366,10367,10366,3,-3
2019-05-30 19:05:51.839,10366,10367,10366,1,-1
2019-05-30 19:05:51.870,10366,10367,10366,5,-5
2019-05-30 19:05:51.930,10366,10367,10366,1,-1
2019-05-30 19:05:51.962,10366,10367,10366,2,-2
2019-05-30 19:05:51.962,10366,10367,10365,6,-6
2019-05-30 19:05:52.039,10366,10367,10366,1,1
2019-05-30 19:05:52.039,10366,10367,10365,1,-1
2019-05-30 19:05:52.039,10366,10367,10365,2,-2
2019-05-30 19:05:52.047,10366,10367,10365,2,-2
2019-05-30 19:05:52.048,10366,10367,10365,3,-3
2019-05-30 19:05:52.048,10366,10367,10365,4,-4
2019-05-30 19:05:52.052,10366,10367,10365,4,-4
2019-05-30 19:05:52.116,10365,10367,10365,43,-43
2019-05-30 19:05:52.116,10365,10367,10364,7,-7
2019-05-30 19:05:52.119,10365,10367,10364,2,-2
2019-05-30 19:05:52.234,10364,10366,10365,2,2
2019-05-30 19:05:52.234,10364,10366,10364,1,-1
2019-05-30 19:05:52.260,10364,10366,10365,2,2
2019-05-30 19:05:52.482,10365,10366,10365,1,-1
2019-05-30 19:05:53.620,10365,10366,10365,2,-2
2019-05-30 19:06:07.074,10365,10366,10365,1,-1
2019-05-30 19:06:07.835,10365,10366,10365,3,-3
2019-05-30 19:06:07.835,10365,10366,10364,1,-1
2019-05-30 19:06:09.754,10365,10366,10365,1,1
2019-05-30 19:06:11.515,10364,10365,10365,1,1
2019-05-30 19:06:30.077,10365,10366,10366,1,1
2019-05-30 19:06:37.212,10365,10366,10366,3,3
2019-05-30 19:06:55.735,10365,10366,10366,3,3
2019-05-30 19:07:00.399,10365,10366,10365,1,-1
2019-05-30 19:07:03.213,10365,10366,10365,3,-3
2019-05-30 19:07:04.707,10365,10366,10365,1,-1
2019-05-30 19:07:23.941,10365,10366,10366,3,3
2019-05-30 19:07:26.215,10365,10366,10366,2,2
2019-05-30 19:07:27.827,10365,10366,10365,1,-1
2019-05-30 19:07:32.705,10365,10366,10365,1,-1
2019-05-30 19:07:43.075,10365,10366,10365,1,-1
2019-05-30 19:07:49.769,10365,10366,10365,1,-1
2019-05-30 19:07:50.696,10365,10366,10365,1,-1
2019-05-30 19:07:50.698,10365,10366,10365,3,-3
2019-05-30 19:07:50.699,10365,10366,10365,1,-1
2019-05-30 19:07:50.699,10365,10366,10365,4,-4
2019-05-30 19:07:50.699,10365,10366,10365,10,-10
2019-05-30 19:07:52.314,10364,10365,10365,1,1
2019-05-30 19:07:55.058,10364,10365,10365,1,1
2019-05-30 19:08:08.990,10364,10365,10365,2,2
2019-05-30 19:08:18.387,10364,10365,10365,3,3
2019-05-30 19:08:28.584,10364,10365,10365,1,1
2019-05-30 19:08:34.713,10364,10365,10365,4,4
2019-05-30 19:08:38.790,10364,10365,10365,1,1
2019-05-30 19:08:41.235,10364,10365,10365,3,3
2019-05-30 19:08:45.817,10364,10365,10364,1,-1
2019-05-30 19:08:50.924,10364,10365,10364,1,-1
2019-05-30 19:08:54.501,10364,10365,10365,2,2
2019-05-30 19:09:08.359,10364,10365,10365,2,2
2019-05-30 19:09:14.949,10365,10366,10365,2,-2
2019-05-30 19:09:14.949,10365,10366,10365,2,-2
2019-05-30 19:09:15.005,10365,10366,10365,2,-2
2019-05-30 19:09:15.206,10364,10365,10364,1,-1
2019-05-30 19:09:16.775,10364,10365,10365,1,1
2019-05-30 19:09:49.557,10364,10365,10364,5,-5
2019-05-30 19:09:49.577,10364,10365,10364,1,-1
2019-05-30 19:09:49.579,10364,10365,10364,1,-1
2019-05-30 19:09:51.718,10364,10365,10365,2,2
2019-05-30 19:10:10.525,10364,10365,10365,2,2
2019-05-30 19:10:23.240,10364,10365,10365,2,2
2019-05-30 19:10:57.315,10364,10365,10365,1,1
2019-05-30 19:11:09.123,10364,10365,10365,1,1
2019-05-30 19:11:12.451,10364,10365,10364,1,-1
2019-05-30 19:11:12.810,10364,10365,10365,1,1
2019-05-30 19:11:13.126,10364,10366,10364,13,-13
2019-05-30 19:11:16.407,10364,10365,10365,2,2
2019-05-30 19:11:18.418,10364,10365,10364,1,-1
2019-05-30 19:11:26.541,10364,10365,10364,1,-1
2019-05-30 19:11:30.287,10364,10365,10364,2,-2
2019-05-30 19:11:36.907,10364,10365,10364,1,-1
2019-05-30 19:11:38.146,10364,10365,10364,1,-1
2019-05-30 19:11:42.362,10364,10365,10364,1,-1
2019-05-30 19:11:42.513,10364,10365,10365,3,3
2019-05-30 19:11:42.513,10364,10365,10365,1,1
2019-05-30 19:11:42.513,10364,10365,10365,3,3
2019-05-30 19:11:44.191,10365,10366,10365,1,-1
2019-05-30 19:11:54.873,10365,10366,10365,4,-4
2019-05-30 19:12:07.204,10365,10366,10366,1,1
2019-05-30 19:12:08.317,10365,10366,10366,1,1
2019-05-30 19:12:08.820,10365,10366,10365,1,-1
2019-05-30 19:12:15.865,10365,10366,10365,2,-2
2019-05-30 19:12:32.574,10365,10366,10366,1,1
2019-05-30 19:12:32.699,10365,10366,10366,1,1
2019-05-30 19:12:32.699,10365,10366,10366,1,1
2019-05-30 19:12:32.824,10365,10366,10366,1,1
2019-05-30 19:12:33.023,10365,10366,10366,1,1
2019-05-30 19:12:37.475,10365,10366,10365,2,-2
2019-05-30 19:12:39.468,10365,10366,10366,5,5
2019-05-30 19:12:40.597,10365,10366,10365,1,-1
2019-05-30 19:12:45.165,10365,10366,10366,4,4
2019-05-30 19:12:57.475,10365,10366,10366,1,1
2019-05-30 19:12:59.470,10365,10366,10366,1,1
2019-05-30 19:13:02.603,10365,10366,10365,1,-1
2019-05-30 19:13:12.885,10365,10366,10365,1,-1
2019-05-30 19:13:18.139,10365,10366,10365,7,-7
2019-05-30 19:13:19.252,10364,10365,10364,2,-2
2019-05-30 19:13:20.233,10364,10365,10364,1,-1
2019-05-30 19:13:20.275,10364,10365,10364,1,-1
2019-05-30 19:13:22.394,10364,10366,10364,2,-2
2019-05-30 19:13:29.216,10364,10365,10365,1,1
2019-05-30 19:13:30.458,10364,10366,10366,1,1
2019-05-30 19:13:57.401,10365,10366,10365,1,-1
2019-05-30 19:13:57.934,10365,10366,10366,5,5
2019-05-30 19:14:03.934,10365,10366,10365,10,-10
2019-05-30 19:14:07.816,10365,10366,10365,3,-3
2019-05-30 19:14:19.201,10365,10366,10365,1,-1
2019-05-30 19:14:40.027,10365,10366,10366,1,1
2019-05-30 19:14:40.092,10365,10367,10366,1,-1
2019-05-30 19:14:41.025,10366,10367,10366,3,-3
2019-05-30 19:15:00.538,10365,10366,10366,5,5
2019-05-30 19:15:02.448,10365,10366,10365,1,-1
2019-05-30 19:15:02.722,10365,10366,10365,1,-1
2019-05-30 19:15:03.006,10365,10366,10365,1,-1
2019-05-30 19:15:03.021,10365,10366,10365,1,-1
2019-05-30 19:15:08.900,10365,10366,10366,1,1
2019-05-30 19:15:10.076,10365,10366,10365,1,-1
2019-05-30 19:15:10.294,10365,10366,10365,2,-2
2019-05-30 19:15:11.092,10365,10366,10366,1,1
2019-05-30 19:15:22.921,10365,10366,10366,1,1
2019-05-30 19:15:31.389,10365,10366,10365,16,-16
2019-05-30 19:15:36.831,10364,10365,10365,1,1
2019-05-30 19:16:12.198,10365,10366,10365,1,-1
2019-05-30 19:16:12.384,10365,10366,10365,1,-1
2019-05-30 19:16:12.451,10365,10366,10365,1,-1
2019-05-30 19:16:20.578,10365,10366,10365,1,-1
2019-05-30 19:16:20.854,10365,10366,10365,1,-1
2019-05-30 19:16:25.570,10365,10366,10365,2,-2
2019-05-30 19:16:30.281,10364,10366,10364,1,-1
2019-05-30 19:16:30.501,10364,10366,10364,2,-2
2019-05-30 19:16:30.540,10364,10366,10364,2,-2
2019-05-30 19:16:30.547,10364,10366,10364,2,-2
2019-05-30 19:16:30.662,10364,10366,10364,2,-2
2019-05-30 19:16:30.679,10364,10366,10364,2,-2
2019-05-30 19:16:30.732,10364,10366,10364,1,-1
2019-05-30 19:16:30.749,10364,10366,10364,1,-1
2019-05-30 19:16:30.750,10364,10366,10364,1,-1
2019-05-30 19:16:30.780,10364,10366,10364,2,-2
2019-05-30 19:16:30.858,10364,10365,10364,2,-2
2019-05-30 19:16:30.900,10364,10365,10364,2,-2
2019-05-30 19:16:30.959,10364,10365,10364,2,-2
2019-05-30 19:16:32.380,10364,10365,10365,1,1
2019-05-30 19:16:38.670,10364,10365,10364,5,-5
2019-05-30 19:16:51.729,10364,10365,10364,2,-2
2019-05-30 19:16:59.056,10364,10365,10365,3,3
2019-05-30 19:16:59.057,10364,10365,10365,1,1
2019-05-30 19:17:23.576,10365,10366,10366,1,1
2019-05-30 19:17:26.678,10366,10367,10366,3,-3
2019-05-30 19:17:29.254,10366,10367,10366,1,-1
2019-05-30 19:17:29.254,10366,10367,10365,1,-1
2019-05-30 19:17:34.462,10365,10367,10367,1,1
2019-05-30 19:18:18.122,10366,10367,10366,2,-2
2019-05-30 19:18:20.017,10366,10367,10367,2,2
2019-05-30 19:18:22.357,10366,10367,10366,1,-1
2019-05-30 19:18:25.668,10366,10367,10366,2,-2
2019-05-30 19:18:42.450,10366,10367,10366,1,-1
2019-05-30 19:18:54.726,10366,10367,10367,5,5
2019-05-30 19:18:58.548,10366,10367,10366,10,-10
2019-05-30 19:19:32.137,10366,10367,10366,3,-3
2019-05-30 19:19:32.138,10366,10367,10366,5,-5
2019-05-30 19:19:32.138,10366,10367,10366,1,-1
