2024-01-30 15:00:00.001,18063,18063,18063,172,0
2024-01-30 15:00:00.001,18064,18064,18064,6,6
2024-01-30 15:00:00.001,18065,18065,18065,4,4
2024-01-30 15:00:00.001,18063,18063,18063,6,-6
2024-01-30 15:00:00.001,18063,18063,18063,2,0
2024-01-30 15:00:00.001,18066,18066,18066,4,4
2024-01-30 15:00:00.001,18063,18063,18063,2,-2
2024-01-30 15:00:00.001,18062,18062,18062,6,-6
2024-01-30 15:00:00.001,18062,18062,18062,2,0
2024-01-30 15:00:00.001,18062,18062,18062,2,0
2024-01-30 15:00:00.001,18062,18062,18062,2,0
2024-01-30 15:00:00.001,18062,18062,18062,2,0
2024-01-30 15:00:00.001,18062,18062,18062,2,0
2024-01-30 15:00:00.001,18062,18062,18062,16,0
2024-01-30 15:00:00.001,18062,18062,18062,2,0
2024-01-30 15:00:00.001,18062,18062,18062,2,0
2024-01-30 15:00:00.001,18062,18062,18062,2,0
2024-01-30 15:00:00.001,18062,18062,18062,2,0
2024-01-30 15:00:00.001,18062,18062,18062,2,0
2024-01-30 15:00:00.001,18062,18062,18062,2,0
2024-01-30 15:00:00.001,18062,18062,18062,2,0
2024-01-30 15:00:00.001,18062,18062,18062,2,0
2024-01-30 15:00:00.001,18062,18062,18062,2,0
2024-01-30 15:00:00.001,18062,18062,18062,2,0
2024-01-30 15:00:00.001,18062,18062,18062,2,0
2024-01-30 15:00:00.001,18062,18062,18062,2,0
2024-01-30 15:00:00.001,18062,18062,18062,2,0
2024-01-30 15:00:00.001,18062,18062,18062,2,0
2024-01-30 15:00:00.001,18061,18061,18061,4,-4
2024-01-30 15:00:00.001,18061,18061,18061,4,0
2024-01-30 15:00:00.001,18061,18061,18061,2,0
2024-01-30 15:00:00.001,18061,18061,18061,2,0
2024-01-30 15:00:00.001,18060,18060,18060,2,-2
2024-01-30 15:00:00.001,18060,18060,18060,2,0
2024-01-30 15:00:00.001,18060,18060,18060,2,0
2024-01-30 15:00:00.001,18060,18060,18060,2,0
2024-01-30 15:00:00.001,18060,18060,18060,2,0
2024-01-30 15:00:00.001,18060,18060,18060,2,0
2024-01-30 15:00:00.001,18060,18060,18060,2,0
2024-01-30 15:00:00.001,18060,18060,18060,4,0
2024-01-30 15:00:00.001,18060,18060,18060,6,0
2024-01-30 15:00:00.001,18060,18060,18060,2,0
2024-01-30 15:00:00.001,18060,18060,18060,2,0
2024-01-30 15:00:00.001,18060,18060,18060,2,0
2024-01-30 15:00:00.001,18060,18060,18060,2,0
2024-01-30 15:00:00.001,18059,18059,18059,2,-2
2024-01-30 15:00:00.001,18059,18059,18059,2,0
2024-01-30 15:00:00.001,18059,18059,18059,2,0
2024-01-30 15:00:00.001,18059,18059,18059,2,0
2024-01-30 15:00:00.001,18059,18059,18059,2,0
2024-01-30 15:00:00.001,18059,18059,18059,2,0
2024-01-30 15:00:00.001,18059,18059,18059,2,0
2024-01-30 15:00:00.001,18059,18059,18059,2,0
2024-01-30 15:00:00.001,18059,18059,18059,2,0
2024-01-30 15:00:00.001,18058,18058,18058,2,-2
2024-01-30 15:00:00.001,18058,18058,18058,2,0
2024-01-30 15:00:00.001,18058,18058,18058,2,0
2024-01-30 15:00:00.001,18058,18058,18058,2,0
2024-01-30 15:00:00.001,18058,18058,18058,4,0
2024-01-30 15:00:00.001,18058,18058,18058,4,0
2024-01-30 15:00:00.001,18062,18062,18062,2,2
2024-01-30 15:00:00.001,18060,18060,18060,2,-2
2024-01-30 15:00:00.001,18059,18059,18059,2,-2
2024-01-30 15:00:00.001,18058,18058,18058,2,-2
2024-01-30 15:00:00.001,18058,18058,18058,2,0
2024-01-30 15:00:00.001,18059,18059,18059,2,2
2024-01-30 15:00:00.001,18061,18061,18061,2,2
2024-01-30 15:00:00.001,18058,18058,18058,2,-2
2024-01-30 15:00:00.001,18058,18058,18058,2,0
2024-01-30 15:00:00.001,18059,18059,18059,2,2
2024-01-30 15:00:00.001,18058,18058,18058,2,-2
2024-01-30 15:00:00.001,18057,18057,18057,4,-4
2024-01-30 15:00:00.001,18057,18057,18057,2,0
2024-01-30 15:00:00.001,18057,18057,18057,2,0
2024-01-30 15:00:00.001,18057,18057,18057,2,0
2024-01-30 15:00:00.001,18057,18057,18057,2,0
2024-01-30 15:00:00.001,18057,18057,18057,2,0
2024-01-30 15:00:00.001,18057,18057,18057,2,0
2024-01-30 15:00:00.001,18057,18057,18057,2,0
2024-01-30 15:00:00.001,18057,18057,18057,2,0
2024-01-30 15:00:00.001,18057,18057,18057,2,0
2024-01-30 15:00:00.001,18057,18057,18057,2,0
2024-01-30 15:00:00.001,18057,18057,18057,2,0
2024-01-30 15:00:00.001,18057,18057,18057,2,0
2024-01-30 15:00:00.001,18056,18056,18056,4,-4
2024-01-30 15:00:00.001,18056,18056,18056,2,0
2024-01-30 15:00:00.001,18056,18056,18056,2,0
2024-01-30 15:00:00.001,18056,18056,18056,2,0
2024-01-30 15:00:00.001,18056,18056,18056,2,0
2024-01-30 15:00:00.001,18056,18056,18056,2,0
2024-01-30 15:00:00.001,18056,18056,18056,2,0
2024-01-30 15:00:00.001,18056,18056,18056,2,0
2024-01-30 15:00:00.001,18055,18055,18055,4,-4
2024-01-30 15:00:00.001,18055,18055,18055,4,0
2024-01-30 15:00:00.001,18056,18056,18056,2,2
2024-01-30 15:00:00.001,18056,18056,18056,2,0
2024-01-30 15:00:00.001,18055,18055,18055,2,-2
2024-01-30 15:00:00.001,18055,18055,18055,2,0
2024-01-30 15:00:00.001,18055,18055,18055,2,0
2024-01-30 15:00:00.001,18055,18055,18055,2,0
2024-01-30 15:00:00.001,18056,18056,18056,2,2
2024-01-30 15:00:00.001,18056,18056,18056,2,0
2024-01-30 15:00:00.001,18055,18055,18055,2,-2
2024-01-30 15:00:00.001,18055,18055,18055,2,0
2024-01-30 15:00:00.001,18057,18057,18057,2,2
2024-01-30 15:00:00.001,18056,18056,18056,2,-2
2024-01-30 15:00:00.001,18056,18056,18056,2,0
2024-01-30 15:00:00.001,18055,18055,18055,2,-2
2024-01-30 15:00:00.001,18055,18055,18055,2,0
2024-01-30 15:00:00.001,18054,18054,18054,2,-2
2024-01-30 15:00:00.001,18054,18054,18054,2,0
2024-01-30 15:00:00.001,18054,18054,18054,2,0
2024-01-30 15:00:00.001,18054,18054,18054,2,0
2024-01-30 15:00:00.001,18054,18054,18054,2,0
2024-01-30 15:00:00.001,18053,18053,18053,2,-2
2024-01-30 15:00:00.001,18054,18054,18054,2,2
2024-01-30 15:00:00.001,18053,18053,18053,2,-2
2024-01-30 15:00:00.001,18053,18053,18053,2,0
2024-01-30 15:00:00.001,18053,18053,18053,2,0
2024-01-30 15:00:00.001,18053,18053,18053,2,0
2024-01-30 15:00:00.001,18053,18053,18053,4,0
2024-01-30 15:00:00.001,18053,18053,18053,2,0
2024-01-30 15:00:00.001,18053,18053,18053,4,0
2024-01-30 15:00:00.001,18053,18053,18053,2,0
2024-01-30 15:00:00.001,18052,18052,18052,2,-2
2024-01-30 15:00:00.001,18052,18052,18052,2,0
2024-01-30 15:00:00.001,18052,18052,18052,4,0
2024-01-30 15:00:00.001,18052,18052,18052,2,0
2024-01-30 15:00:00.001,18052,18052,18052,2,0
2024-01-30 15:00:00.001,18052,18052,18052,2,0
2024-01-30 15:00:00.001,18052,18052,18052,4,0
2024-01-30 15:00:00.001,18052,18052,18052,2,0
2024-01-30 15:00:00.001,18052,18052,18052,4,0
2024-01-30 15:00:00.001,18052,18052,18052,2,0
2024-01-30 15:00:00.001,18052,18052,18052,4,0
2024-01-30 15:00:00.001,18052,18052,18052,2,0
2024-01-30 15:00:00.001,18052,18052,18052,2,0
2024-01-30 15:00:00.001,18052,18052,18052,2,0
2024-01-30 15:00:00.001,18052,18052,18052,2,0
2024-01-30 15:00:00.001,18052,18052,18052,2,0
2024-01-30 15:00:00.001,18052,18052,18052,2,0
2024-01-30 15:00:00.001,18052,18052,18052,2,0
2024-01-30 15:00:00.001,18052,18052,18052,2,0
2024-01-30 15:00:00.001,18052,18052,18052,2,0
2024-01-30 15:00:00.001,18053,18053,18053,2,2
2024-01-30 15:00:00.001,18052,18052,18052,6,-6
2024-01-30 15:00:00.001,18052,18052,18052,2,0
2024-01-30 15:00:00.001,18051,18051,18051,2,-2
2024-01-30 15:00:00.001,18051,18051,18051,2,0
2024-01-30 15:00:00.001,18051,18051,18051,2,0
2024-01-30 15:00:00.001,18051,18051,18051,2,0
2024-01-30 15:00:00.001,18053,18053,18053,2,2
2024-01-30 15:00:00.001,18051,18051,18051,2,-2
2024-01-30 15:00:00.001,18051,18051,18051,2,0
2024-01-30 15:00:00.001,18051,18051,18051,2,0
2024-01-30 15:00:00.001,18051,18051,18051,2,0
2024-01-30 15:00:00.001,18051,18051,18051,2,0
2024-01-30 15:00:01.001,18051,18051,18051,2,0
2024-01-30 15:00:01.001,18051,18051,18051,2,0
2024-01-30 15:00:01.001,18051,18051,18051,2,0
2024-01-30 15:00:01.001,18051,18051,18051,4,0
2024-01-30 15:00:01.001,18051,18051,18051,2,0
2024-01-30 15:00:01.001,18051,18051,18051,2,0
2024-01-30 15:00:01.001,18052,18052,18052,2,2
2024-01-30 15:00:01.001,18053,18053,18053,2,2
2024-01-30 15:00:01.001,18051,18051,18051,2,-2
2024-01-30 15:00:01.001,18053,18053,18053,2,2
2024-01-30 15:00:01.001,18051,18051,18051,2,-2
2024-01-30 15:00:01.001,18051,18051,18051,2,0
2024-01-30 15:00:01.001,18050,18050,18050,2,-2
2024-01-30 15:00:01.001,18050,18050,18050,4,0
2024-01-30 15:00:01.001,18053,18053,18053,2,2
2024-01-30 15:00:01.001,18054,18054,18054,8,8
2024-01-30 15:00:01.001,18050,18050,18050,2,-2
2024-01-30 15:00:01.001,18050,18050,18050,2,0
2024-01-30 15:00:01.001,18050,18050,18050,2,0
2024-01-30 15:00:01.001,18050,18050,18050,4,0
2024-01-30 15:00:01.001,18050,18050,18050,2,0
2024-01-30 15:00:01.001,18050,18050,18050,2,0
2024-01-30 15:00:01.001,18050,18050,18050,2,0
2024-01-30 15:00:01.001,18050,18050,18050,4,0
2024-01-30 15:00:01.001,18054,18054,18054,2,2
2024-01-30 15:00:01.001,18050,18050,18050,2,-2
2024-01-30 15:00:01.001,18050,18050,18050,2,0
2024-01-30 15:00:01.001,18050,18050,18050,2,0
2024-01-30 15:00:01.001,18050,18050,18050,2,0
2024-01-30 15:00:01.001,18050,18050,18050,2,0
2024-01-30 15:00:01.001,18050,18050,18050,2,0
2024-01-30 15:00:01.001,18050,18050,18050,4,0
2024-01-30 15:00:01.001,18050,18050,18050,2,0
2024-01-30 15:00:01.001,18050,18050,18050,2,0
2024-01-30 15:00:01.001,18050,18050,18050,2,0
2024-01-30 15:00:01.001,18050,18050,18050,2,0
2024-01-30 15:00:01.001,18050,18050,18050,2,0
2024-01-30 15:00:01.001,18050,18050,18050,2,0
2024-01-30 15:00:01.001,18050,18050,18050,2,0
2024-01-30 15:00:01.001,18050,18050,18050,2,0
2024-01-30 15:00:01.001,18050,18050,18050,2,0
2024-01-30 15:00:01.001,18050,18050,18050,2,0
2024-01-30 15:00:01.001,18050,18050,18050,6,0
2024-01-30 15:00:01.001,18050,18050,18050,2,0
2024-01-30 15:00:01.001,18050,18050,18050,2,0
2024-01-30 15:00:01.001,18050,18050,18050,2,0
2024-01-30 15:00:01.001,18050,18050,18050,2,0
2024-01-30 15:00:01.001,18050,18050,18050,2,0
2024-01-30 15:00:01.001,18054,18054,18054,4,4
2024-01-30 15:00:01.001,18050,18050,18050,2,-2
2024-01-30 15:00:01.001,18050,18050,18050,2,0
2024-01-30 15:00:01.001,18050,18050,18050,2,0
2024-01-30 15:00:01.001,18050,18050,18050,2,0
2024-01-30 15:00:01.001,18050,18050,18050,2,0
2024-01-30 15:00:01.001,18049,18049,18049,2,-2
2024-01-30 15:00:01.001,18049,18049,18049,2,0
2024-01-30 15:00:01.001,18049,18049,18049,2,0
2024-01-30 15:00:01.001,18050,18050,18050,2,2
2024-01-30 15:00:01.001,18049,18049,18049,2,-2
2024-01-30 15:00:01.001,18049,18049,18049,2,0
2024-01-30 15:00:01.001,18049,18049,18049,2,0
2024-01-30 15:00:01.001,18048,18048,18048,2,-2
2024-01-30 15:00:01.001,18049,18049,18049,2,2
2024-01-30 15:00:01.001,18048,18048,18048,2,-2
2024-01-30 15:00:01.001,18048,18048,18048,2,0
2024-01-30 15:00:01.001,18048,18048,18048,2,0
2024-01-30 15:00:01.001,18048,18048,18048,2,0
2024-01-30 15:00:01.001,18048,18048,18048,2,0
2024-01-30 15:00:01.001,18048,18048,18048,2,0
2024-01-30 15:00:01.001,18051,18051,18051,4,4
2024-01-30 15:00:01.001,18052,18052,18052,4,4
2024-01-30 15:00:01.001,18053,18053,18053,4,4
2024-01-30 15:00:01.001,18054,18054,18054,4,4
2024-01-30 15:00:01.001,18055,18055,18055,2,2
2024-01-30 15:00:01.001,18050,18050,18050,2,-2
2024-01-30 15:00:01.001,18051,18051,18051,2,2
2024-01-30 15:00:01.001,18050,18050,18050,2,-2
2024-01-30 15:00:01.001,18049,18049,18049,2,-2
2024-01-30 15:00:01.001,18049,18049,18049,2,0
2024-01-30 15:00:01.001,18051,18051,18051,2,2
2024-01-30 15:00:01.001,18048,18048,18048,2,-2
2024-01-30 15:00:01.001,18052,18052,18052,2,2
2024-01-30 15:00:01.001,18050,18050,18050,2,-2
2024-01-30 15:00:01.001,18050,18050,18050,2,0
2024-01-30 15:00:01.001,18050,18050,18050,2,0
2024-01-30 15:00:01.001,18049,18049,18049,2,-2
2024-01-30 15:00:01.001,18049,18049,18049,2,0
2024-01-30 15:00:01.001,18048,18048,18048,2,-2
2024-01-30 15:00:01.001,18048,18048,18048,2,0
2024-01-30 15:00:01.001,18047,18047,18047,2,-2
2024-01-30 15:00:01.001,18047,18047,18047,2,0
2024-01-30 15:00:01.001,18047,18047,18047,2,0
2024-01-30 15:00:01.001,18047,18047,18047,2,0
2024-01-30 15:00:01.001,18051,18051,18051,2,2
2024-01-30 15:00:01.001,18048,18048,18048,2,-2
2024-01-30 15:00:01.001,18048,18048,18048,2,0
2024-01-30 15:00:01.001,18047,18047,18047,4,-4
2024-01-30 15:00:01.001,18047,18047,18047,2,0
2024-01-30 15:00:01.001,18050,18050,18050,2,2
2024-01-30 15:00:01.001,18048,18048,18048,2,-2
2024-01-30 15:00:01.001,18048,18048,18048,2,0
2024-01-30 15:00:01.001,18051,18051,18051,4,4
2024-01-30 15:00:01.001,18049,18049,18049,2,-2
2024-01-30 15:00:01.001,18049,18049,18049,2,0
2024-01-30 15:00:01.001,18051,18051,18051,2,2
2024-01-30 15:00:01.001,18052,18052,18052,2,2
2024-01-30 15:00:01.001,18052,18052,18052,2,0
2024-01-30 15:00:01.001,18053,18053,18053,2,2
2024-01-30 15:00:01.001,18051,18051,18051,2,-2
2024-01-30 15:00:01.001,18051,18051,18051,2,0
2024-01-30 15:00:01.001,18053,18053,18053,2,2
2024-01-30 15:00:01.001,18053,18053,18053,2,0
2024-01-30 15:00:01.001,18053,18053,18053,2,0
2024-01-30 15:00:01.001,18054,18054,18054,2,2
2024-01-30 15:00:01.001,18053,18053,18053,2,-2
2024-01-30 15:00:01.001,18053,18053,18053,2,0
2024-01-30 15:00:01.001,18055,18055,18055,6,6
2024-01-30 15:00:01.001,18058,18058,18058,2,2
2024-01-30 15:00:01.001,18057,18057,18057,2,-2
2024-01-30 15:00:02.001,18057,18057,18057,2,0
2024-01-30 15:00:02.001,18057,18057,18057,2,0
2024-01-30 15:00:02.001,18058,18058,18058,2,2
2024-01-30 15:00:02.001,18058,18058,18058,2,0
2024-01-30 15:00:02.001,18058,18058,18058,2,0
2024-01-30 15:00:02.001,18057,18057,18057,2,-2
2024-01-30 15:00:02.001,18057,18057,18057,2,0
2024-01-30 15:00:02.001,18058,18058,18058,2,2
2024-01-30 15:00:02.001,18058,18058,18058,2,0
2024-01-30 15:00:02.001,18057,18057,18057,2,-2
2024-01-30 15:00:02.001,18057,18057,18057,2,0
2024-01-30 15:00:02.001,18058,18058,18058,2,2
2024-01-30 15:00:02.001,18057,18057,18057,2,-2
2024-01-30 15:00:02.001,18058,18058,18058,2,2
2024-01-30 15:00:02.001,18056,18056,18056,2,-2
2024-01-30 15:00:02.001,18058,18058,18058,2,2
2024-01-30 15:00:02.001,18056,18056,18056,2,-2
2024-01-30 15:00:02.001,18056,18056,18056,2,0
2024-01-30 15:00:02.001,18058,18058,18058,4,4
2024-01-30 15:00:02.001,18056,18056,18056,2,-2
2024-01-30 15:00:02.001,18056,18056,18056,2,0
2024-01-30 15:00:02.001,18056,18056,18056,2,0
2024-01-30 15:00:02.001,18059,18059,18059,2,2
2024-01-30 15:00:02.001,18056,18056,18056,2,-2
2024-01-30 15:00:02.001,18058,18058,18058,2,2
2024-01-30 15:00:02.001,18058,18058,18058,2,0
2024-01-30 15:00:02.001,18056,18056,18056,2,-2
2024-01-30 15:00:02.001,18056,18056,18056,2,0
2024-01-30 15:00:02.001,18056,18056,18056,2,0
2024-01-30 15:00:02.001,18055,18055,18055,2,-2
2024-01-30 15:00:02.001,18055,18055,18055,2,0
2024-01-30 15:00:02.001,18055,18055,18055,2,0
2024-01-30 15:00:02.001,18055,18055,18055,2,0
2024-01-30 15:00:02.001,18054,18054,18054,2,-2
2024-01-30 15:00:02.001,18054,18054,18054,2,0
2024-01-30 15:00:02.001,18054,18054,18054,2,0
2024-01-30 15:00:02.001,18054,18054,18054,2,0
2024-01-30 15:00:02.001,18054,18054,18054,2,0
2024-01-30 15:00:02.001,18054,18054,18054,2,0
2024-01-30 15:00:02.001,18053,18053,18053,2,-2
2024-01-30 15:00:02.001,18053,18053,18053,2,0
2024-01-30 15:00:02.001,18053,18053,18053,2,0
2024-01-30 15:00:02.001,18053,18053,18053,2,0
2024-01-30 15:00:02.001,18059,18059,18059,2,2
2024-01-30 15:00:02.001,18053,18053,18053,2,-2
2024-01-30 15:00:02.001,18053,18053,18053,2,0
2024-01-30 15:00:02.001,18052,18052,18052,2,-2
2024-01-30 15:00:02.001,18052,18052,18052,2,0
2024-01-30 15:00:02.001,18052,18052,18052,2,0
2024-01-30 15:00:02.001,18052,18052,18052,2,0
2024-01-30 15:00:02.001,18051,18051,18051,2,-2
2024-01-30 15:00:02.001,18051,18051,18051,2,0
2024-01-30 15:00:02.001,18051,18051,18051,2,0
2024-01-30 15:00:02.001,18051,18051,18051,2,0
2024-01-30 15:00:02.001,18050,18050,18050,2,-2
2024-01-30 15:00:02.001,18057,18057,18057,2,2
2024-01-30 15:00:02.001,18055,18055,18055,2,-2
2024-01-30 15:00:02.001,18056,18056,18056,2,2
2024-01-30 15:00:02.001,18050,18050,18050,2,-2
2024-01-30 15:00:02.001,18055,18055,18055,2,2
2024-01-30 15:00:02.001,18052,18052,18052,2,-2
2024-01-30 15:00:02.001,18052,18052,18052,2,0
2024-01-30 15:00:02.001,18050,18050,18050,2,-2
2024-01-30 15:00:02.001,18054,18054,18054,2,2
2024-01-30 15:00:02.001,18053,18053,18053,2,-2
2024-01-30 15:00:02.001,18054,18054,18054,4,4
2024-01-30 15:00:02.001,18054,18054,18054,2,0
2024-01-30 15:00:02.001,18050,18050,18050,2,-2
2024-01-30 15:00:02.001,18054,18054,18054,2,2
2024-01-30 15:00:02.001,18053,18053,18053,2,-2
2024-01-30 15:00:02.001,18054,18054,18054,2,2
2024-01-30 15:00:02.001,18051,18051,18051,2,-2
2024-01-30 15:00:02.001,18050,18050,18050,2,-2
2024-01-30 15:00:02.001,18050,18050,18050,2,0
2024-01-30 15:00:02.001,18049,18049,18049,2,-2
2024-01-30 15:00:02.001,18053,18053,18053,2,2
2024-01-30 15:00:02.001,18054,18054,18054,2,2
2024-01-30 15:00:02.001,18050,18050,18050,2,-2
2024-01-30 15:00:02.001,18053,18053,18053,2,2
2024-01-30 15:00:02.001,18050,18050,18050,2,-2
2024-01-30 15:00:02.001,18053,18053,18053,2,2
2024-01-30 15:00:02.001,18053,18053,18053,2,0
2024-01-30 15:00:02.001,18054,18054,18054,2,2
2024-01-30 15:00:02.001,18052,18052,18052,2,-2
2024-01-30 15:00:02.001,18054,18054,18054,4,4
2024-01-30 15:00:02.001,18055,18055,18055,2,2
2024-01-30 15:00:02.001,18056,18056,18056,4,4
2024-01-30 15:00:03.001,18056,18056,18056,2,0
2024-01-30 15:00:03.001,18057,18057,18057,2,2
2024-01-30 15:00:03.001,18056,18056,18056,2,-2
2024-01-30 15:00:03.001,18055,18055,18055,2,-2
2024-01-30 15:00:03.001,18055,18055,18055,2,0
2024-01-30 15:00:03.001,18057,18057,18057,2,2
2024-01-30 15:00:03.001,18060,18060,18060,2,2
2024-01-30 15:00:03.001,18057,18057,18057,2,-2
2024-01-30 15:00:03.001,18058,18058,18058,2,2
2024-01-30 15:00:03.001,18057,18057,18057,2,-2
2024-01-30 15:00:03.001,18058,18058,18058,4,4
2024-01-30 15:00:03.001,18059,18059,18059,12,12
2024-01-30 15:00:03.001,18059,18059,18059,2,0
2024-01-30 15:00:03.001,18057,18057,18057,2,-2
2024-01-30 15:00:03.001,18057,18057,18057,2,0
2024-01-30 15:00:03.001,18056,18056,18056,2,-2
2024-01-30 15:00:03.001,18059,18059,18059,2,2
2024-01-30 15:00:03.001,18059,18059,18059,4,0
2024-01-30 15:00:03.001,18059,18059,18059,4,0
2024-01-30 15:00:04.001,18058,18058,18058,2,-2
2024-01-30 15:00:04.001,18058,18058,18058,2,0
2024-01-30 15:00:04.001,18058,18058,18058,2,0
2024-01-30 15:00:04.001,18059,18059,18059,14,14
2024-01-30 15:00:04.001,18058,18058,18058,2,-2
2024-01-30 15:00:04.001,18058,18058,18058,2,0
2024-01-30 15:00:04.001,18058,18058,18058,8,0
2024-01-30 15:00:04.001,18058,18058,18058,2,0
2024-01-30 15:00:04.001,18057,18057,18057,2,-2
2024-01-30 15:00:04.001,18056,18056,18056,2,-2
2024-01-30 15:00:04.001,18055,18055,18055,2,-2
2024-01-30 15:00:04.001,18054,18054,18054,2,-2
2024-01-30 15:00:04.001,18054,18054,18054,2,0
2024-01-30 15:00:04.001,18053,18053,18053,2,-2
2024-01-30 15:00:04.001,18053,18053,18053,2,0
2024-01-30 15:00:04.001,18053,18053,18053,2,0
2024-01-30 15:00:04.001,18053,18053,18053,2,0
2024-01-30 15:00:04.001,18053,18053,18053,2,0
2024-01-30 15:00:04.001,18053,18053,18053,2,0
2024-01-30 15:00:04.001,18052,18052,18052,4,-4
2024-01-30 15:00:04.001,18053,18053,18053,2,2
2024-01-30 15:00:05.001,18052,18052,18052,2,-2
2024-01-30 15:00:05.001,18052,18052,18052,2,0
2024-01-30 15:00:05.001,18053,18053,18053,2,2
2024-01-30 15:00:05.001,18053,18053,18053,2,0
2024-01-30 15:00:05.001,18054,18054,18054,2,2
2024-01-30 15:00:05.001,18055,18055,18055,4,4
2024-01-30 15:00:05.001,18056,18056,18056,4,4
2024-01-30 15:00:05.001,18057,18057,18057,4,4
2024-01-30 15:00:05.001,18058,18058,18058,18,18
2024-01-30 15:00:05.001,18059,18059,18059,2,2
2024-01-30 15:00:05.001,18059,18059,18059,2,0
2024-01-30 15:00:05.001,18058,18058,18058,2,-2
2024-01-30 15:00:05.001,18056,18056,18056,2,-2
2024-01-30 15:00:06.001,18057,18057,18057,2,2
2024-01-30 15:00:07.001,18057,18057,18057,2,0
2024-01-30 15:00:07.001,18056,18056,18056,2,-2
2024-01-30 15:00:07.001,18056,18056,18056,2,0
2024-01-30 15:00:07.001,18056,18056,18056,10,0
2024-01-30 15:00:07.001,18057,18057,18057,18,18
2024-01-30 15:00:07.001,18056,18056,18056,4,-4
2024-01-30 15:00:07.001,18056,18056,18056,2,0
2024-01-30 15:00:08.001,18058,18058,18058,26,26
2024-01-30 15:00:08.001,18059,18059,18059,4,4
2024-01-30 15:00:08.001,18058,18058,18058,2,-2
2024-01-30 15:00:09.001,18060,18060,18060,2,2
2024-01-30 15:00:09.001,18058,18058,18058,2,-2
2024-01-30 15:00:10.001,18060,18060,18060,2,2
2024-01-30 15:00:10.001,18060,18060,18060,12,0
2024-01-30 15:00:12.001,18060,18060,18060,2,0
2024-01-30 15:00:12.001,18058,18058,18058,2,-2
2024-01-30 15:00:12.001,18058,18058,18058,2,0
2024-01-30 15:00:12.001,18058,18058,18058,2,0
2024-01-30 15:00:13.001,18058,18058,18058,2,0
2024-01-30 15:00:13.001,18058,18058,18058,2,0
2024-01-30 15:00:13.001,18059,18059,18059,10,10
2024-01-30 15:00:13.001,18058,18058,18058,2,-2
2024-01-30 15:00:13.001,18058,18058,18058,4,0
2024-01-30 15:00:13.001,18058,18058,18058,4,0
2024-01-30 15:00:13.001,18058,18058,18058,2,0
2024-01-30 15:00:14.001,18058,18058,18058,2,0
2024-01-30 15:00:14.001,18058,18058,18058,2,0
2024-01-30 15:00:14.001,18057,18057,18057,2,-2
2024-01-30 15:00:14.001,18057,18057,18057,2,0
2024-01-30 15:00:15.001,18057,18057,18057,2,0
2024-01-30 15:00:15.001,18056,18056,18056,2,-2
2024-01-30 15:00:16.001,18057,18057,18057,2,2
2024-01-30 15:00:16.001,18056,18056,18056,2,-2
2024-01-30 15:00:16.001,18056,18056,18056,2,0
2024-01-30 15:00:16.001,18056,18056,18056,2,0
2024-01-30 15:00:16.001,18056,18056,18056,2,0
2024-01-30 15:00:16.001,18055,18055,18055,2,-2
2024-01-30 15:00:16.001,18055,18055,18055,2,0
2024-01-30 15:00:16.001,18055,18055,18055,2,0
2024-01-30 15:00:16.001,18055,18055,18055,2,0
2024-01-30 15:00:16.001,18055,18055,18055,2,0
2024-01-30 15:00:16.001,18056,18056,18056,2,2
2024-01-30 15:00:16.001,18056,18056,18056,2,0
2024-01-30 15:00:17.001,18056,18056,18056,2,0
2024-01-30 15:00:18.001,18057,18057,18057,2,2
2024-01-30 15:00:18.001,18055,18055,18055,2,-2
2024-01-30 15:00:18.001,18057,18057,18057,2,2
2024-01-30 15:00:19.001,18057,18057,18057,2,0
2024-01-30 15:00:19.001,18056,18056,18056,4,-4
2024-01-30 15:00:19.001,18056,18056,18056,4,0
2024-01-30 15:00:19.001,18056,18056,18056,4,0
2024-01-30 15:00:19.001,18056,18056,18056,4,0
2024-01-30 15:00:19.001,18055,18055,18055,2,-2
2024-01-30 15:00:19.001,18055,18055,18055,2,0
2024-01-30 15:00:20.001,18056,18056,18056,2,2
2024-01-30 15:00:21.001,18055,18055,18055,2,-2
2024-01-30 15:00:21.001,18055,18055,18055,18,0
2024-01-30 15:00:21.001,18056,18056,18056,10,10
2024-01-30 15:00:24.001,18056,18056,18056,6,0
2024-01-30 15:00:24.001,18055,18055,18055,2,-2
2024-01-30 15:00:24.001,18055,18055,18055,2,0
2024-01-30 15:00:25.001,18055,18055,18055,6,0
2024-01-30 15:00:25.001,18056,18056,18056,2,2
2024-01-30 15:00:25.001,18056,18056,18056,2,0
2024-01-30 15:00:25.001,18055,18055,18055,2,-2
2024-01-30 15:00:26.001,18055,18055,18055,2,0
2024-01-30 15:00:26.001,18055,18055,18055,6,0
2024-01-30 15:00:26.001,18055,18055,18055,10,0
2024-01-30 15:00:26.001,18055,18055,18055,4,0
2024-01-30 15:00:27.001,18055,18055,18055,2,0
2024-01-30 15:00:27.001,18055,18055,18055,2,0
2024-01-30 15:00:29.001,18055,18055,18055,16,0
2024-01-30 15:00:29.001,18055,18055,18055,2,0
2024-01-30 15:00:29.001,18055,18055,18055,2,0
2024-01-30 15:00:29.001,18056,18056,18056,6,6
2024-01-30 15:00:29.001,18056,18056,18056,2,0
2024-01-30 15:00:30.001,18054,18054,18054,2,-2
2024-01-30 15:00:30.001,18054,18054,18054,2,0
2024-01-30 15:00:30.001,18055,18055,18055,2,2
2024-01-30 15:00:30.001,18054,18054,18054,2,-2
2024-01-30 15:00:30.001,18054,18054,18054,4,0
2024-01-30 15:00:30.001,18054,18054,18054,2,0
2024-01-30 15:00:30.001,18054,18054,18054,2,0
2024-01-30 15:00:30.001,18055,18055,18055,2,2
2024-01-30 15:00:30.001,18055,18055,18055,2,0
2024-01-30 15:00:31.001,18055,18055,18055,2,0
2024-01-30 15:00:31.001,18056,18056,18056,2,2
2024-01-30 15:00:31.001,18055,18055,18055,2,-2
2024-01-30 15:00:31.001,18055,18055,18055,4,0
2024-01-30 15:00:31.001,18056,18056,18056,2,2
2024-01-30 15:00:32.001,18055,18055,18055,2,-2
2024-01-30 15:00:33.001,18056,18056,18056,22,22
2024-01-30 15:00:34.001,18056,18056,18056,2,0
2024-01-30 15:00:34.001,18056,18056,18056,2,0
2024-01-30 15:00:34.001,18056,18056,18056,2,0
2024-01-30 15:00:34.001,18055,18055,18055,2,-2
2024-01-30 15:00:34.001,18055,18055,18055,4,0
2024-01-30 15:00:34.001,18055,18055,18055,4,0
2024-01-30 15:00:34.001,18055,18055,18055,4,0
2024-01-30 15:00:34.001,18055,18055,18055,6,0
2024-01-30 15:00:34.001,18055,18055,18055,2,0
2024-01-30 15:00:34.001,18055,18055,18055,2,0
2024-01-30 15:00:34.001,18055,18055,18055,2,0
2024-01-30 15:00:34.001,18055,18055,18055,2,0
2024-01-30 15:00:34.001,18055,18055,18055,4,0
2024-01-30 15:00:35.001,18056,18056,18056,2,2
2024-01-30 15:00:35.001,18056,18056,18056,2,0
2024-01-30 15:00:35.001,18055,18055,18055,2,-2
2024-01-30 15:00:35.001,18055,18055,18055,2,0
2024-01-30 15:00:36.001,18055,18055,18055,2,0
2024-01-30 15:00:36.001,18056,18056,18056,2,2
2024-01-30 15:00:37.001,18056,18056,18056,2,0
2024-01-30 15:00:37.001,18056,18056,18056,2,0
2024-01-30 15:00:38.001,18056,18056,18056,2,0
2024-01-30 15:00:38.001,18056,18056,18056,2,0
2024-01-30 15:00:39.001,18055,18055,18055,2,-2
2024-01-30 15:00:40.001,18055,18055,18055,2,0
2024-01-30 15:00:40.001,18056,18056,18056,2,2
2024-01-30 15:00:40.001,18055,18055,18055,2,-2
2024-01-30 15:00:40.001,18055,18055,18055,4,0
2024-01-30 15:00:40.001,18055,18055,18055,4,0
2024-01-30 15:00:40.001,18055,18055,18055,4,0
2024-01-30 15:00:40.001,18055,18055,18055,2,0
2024-01-30 15:00:40.001,18056,18056,18056,6,6
2024-01-30 15:00:40.001,18056,18056,18056,2,0
2024-01-30 15:00:41.001,18055,18055,18055,4,-4
2024-01-30 15:00:41.001,18055,18055,18055,4,0
2024-01-30 15:00:41.001,18055,18055,18055,4,0
2024-01-30 15:00:41.001,18055,18055,18055,8,0
2024-01-30 15:00:41.001,18055,18055,18055,2,0
2024-01-30 15:00:41.001,18056,18056,18056,2,2
2024-01-30 15:00:41.001,18056,18056,18056,2,0
2024-01-30 15:00:41.001,18056,18056,18056,2,0
2024-01-30 15:00:42.001,18056,18056,18056,2,0
2024-01-30 15:00:43.001,18057,18057,18057,2,2
2024-01-30 15:00:44.001,18057,18057,18057,2,0
2024-01-30 15:00:44.001,18057,18057,18057,10,0
2024-01-30 15:00:44.001,18057,18057,18057,2,0
2024-01-30 15:00:45.001,18058,18058,18058,10,10
2024-01-30 15:00:45.001,18057,18057,18057,2,-2
2024-01-30 15:00:45.001,18057,18057,18057,4,0
2024-01-30 15:00:45.001,18057,18057,18057,4,0
2024-01-30 15:00:45.001,18057,18057,18057,4,0
2024-01-30 15:00:46.001,18057,18057,18057,2,0
2024-01-30 15:00:47.001,18057,18057,18057,4,0
2024-01-30 15:00:48.001,18058,18058,18058,2,2
2024-01-30 15:00:48.001,18058,18058,18058,2,0
2024-01-30 15:00:51.001,18059,18059,18059,4,4
2024-01-30 15:00:54.001,18060,18060,18060,40,40
2024-01-30 15:00:54.001,18059,18059,18059,4,-4
2024-01-30 15:00:54.001,18059,18059,18059,2,0
2024-01-30 15:00:54.001,18059,18059,18059,4,0
2024-01-30 15:00:54.001,18059,18059,18059,4,0
2024-01-30 15:00:54.001,18059,18059,18059,2,0
2024-01-30 15:00:55.001,18060,18060,18060,2,2
2024-01-30 15:00:55.001,18060,18060,18060,2,0
2024-01-30 15:00:57.001,18060,18060,18060,8,0
2024-01-30 15:00:57.001,18060,18060,18060,20,0
2024-01-30 15:00:57.001,18060,18060,18060,2,0
2024-01-30 15:00:57.001,18060,18060,18060,2,0
2024-01-30 15:00:57.001,18060,18060,18060,2,0
2024-01-30 15:00:57.001,18060,18060,18060,8,0
2024-01-30 15:00:57.001,18060,18060,18060,2,0
2024-01-30 15:00:57.001,18060,18060,18060,6,0
2024-01-30 15:00:57.001,18060,18060,18060,2,0
2024-01-30 15:00:57.001,18060,18060,18060,4,0
2024-01-30 15:00:57.001,18060,18060,18060,2,0
2024-01-30 15:00:57.001,18060,18060,18060,2,0
2024-01-30 15:00:57.001,18059,18059,18059,2,-2
2024-01-30 15:00:57.001,18061,18061,18061,2,2
2024-01-30 15:00:58.001,18061,18061,18061,2,0
2024-01-30 15:00:59.001,18061,18061,18061,2,0
2024-01-30 15:00:59.001,18060,18060,18060,2,-2
2024-01-30 15:00:59.001,18060,18060,18060,2,0
2024-01-30 15:00:59.001,18059,18059,18059,4,-4
2024-01-30 15:00:59.001,18059,18059,18059,4,0
2024-01-30 15:01:00.001,18059,18059,18059,4,0
2024-01-30 15:01:00.001,18059,18059,18059,2,0
2024-01-30 15:01:00.001,18059,18059,18059,2,0
2024-01-30 15:01:00.001,18059,18059,18059,2,0
2024-01-30 15:01:00.001,18059,18059,18059,2,0
2024-01-30 15:01:00.001,18059,18059,18059,2,0
2024-01-30 15:01:00.001,18059,18059,18059,14,0
2024-01-30 15:01:00.001,18059,18059,18059,2,0
2024-01-30 15:01:00.001,18059,18059,18059,2,0
2024-01-30 15:01:00.001,18058,18058,18058,2,-2
2024-01-30 15:01:00.001,18058,18058,18058,4,0
2024-01-30 15:01:00.001,18058,18058,18058,2,0
2024-01-30 15:01:00.001,18058,18058,18058,2,0
2024-01-30 15:01:00.001,18058,18058,18058,2,0
2024-01-30 15:01:00.001,18058,18058,18058,4,0
2024-01-30 15:01:00.001,18058,18058,18058,2,0
2024-01-30 15:01:00.001,18058,18058,18058,20,0
2024-01-30 15:01:00.001,18057,18057,18057,20,-20
2024-01-30 15:01:00.001,18056,18056,18056,4,-4
2024-01-30 15:01:00.001,18056,18056,18056,4,0
2024-01-30 15:01:00.001,18056,18056,18056,4,0
2024-01-30 15:01:00.001,18056,18056,18056,4,0
2024-01-30 15:01:00.001,18056,18056,18056,4,0
2024-01-30 15:01:00.001,18056,18056,18056,2,0
2024-01-30 15:01:00.001,18056,18056,18056,2,0
2024-01-30 15:01:00.001,18056,18056,18056,4,0
2024-01-30 15:01:00.001,18056,18056,18056,4,0
2024-01-30 15:01:00.001,18056,18056,18056,2,0
2024-01-30 15:01:00.001,18056,18056,18056,2,0
2024-01-30 15:01:00.001,18056,18056,18056,8,0
2024-01-30 15:01:00.001,18056,18056,18056,2,0
2024-01-30 15:01:00.001,18056,18056,18056,6,0
2024-01-30 15:01:00.001,18056,18056,18056,2,0
2024-01-30 15:01:00.001,18056,18056,18056,6,0
2024-01-30 15:01:00.001,18057,18057,18057,14,14
2024-01-30 15:01:00.001,18057,18057,18057,2,0
2024-01-30 15:01:00.001,18056,18056,18056,2,-2
2024-01-30 15:01:00.001,18055,18055,18055,4,-4
2024-01-30 15:01:00.001,18055,18055,18055,4,0
2024-01-30 15:01:00.001,18055,18055,18055,2,0
2024-01-30 15:01:00.001,18055,18055,18055,2,0
2024-01-30 15:01:00.001,18055,18055,18055,2,0
2024-01-30 15:01:00.001,18055,18055,18055,2,0
2024-01-30 15:01:00.001,18055,18055,18055,4,0
2024-01-30 15:01:00.001,18055,18055,18055,2,0
2024-01-30 15:01:00.001,18055,18055,18055,8,0
2024-01-30 15:01:00.001,18056,18056,18056,10,10
2024-01-30 15:01:00.001,18055,18055,18055,2,-2
2024-01-30 15:01:00.001,18055,18055,18055,2,0
2024-01-30 15:01:00.001,18055,18055,18055,2,0
2024-01-30 15:01:00.001,18055,18055,18055,2,0
2024-01-30 15:01:00.001,18055,18055,18055,2,0
2024-01-30 15:01:00.001,18055,18055,18055,2,0
2024-01-30 15:01:00.001,18055,18055,18055,2,0
2024-01-30 15:01:00.001,18055,18055,18055,2,0
2024-01-30 15:01:00.001,18055,18055,18055,6,0
2024-01-30 15:01:00.001,18055,18055,18055,4,0
2024-01-30 15:01:00.001,18055,18055,18055,6,0
2024-01-30 15:01:00.001,18055,18055,18055,2,0
2024-01-30 15:01:00.001,18055,18055,18055,2,0
2024-01-30 15:01:00.001,18055,18055,18055,2,0
2024-01-30 15:01:00.001,18055,18055,18055,4,0
2024-01-30 15:01:00.001,18055,18055,18055,4,0
2024-01-30 15:01:00.001,18055,18055,18055,2,0
2024-01-30 15:01:00.001,18055,18055,18055,2,0
2024-01-30 15:01:00.001,18055,18055,18055,12,0
2024-01-30 15:01:00.001,18055,18055,18055,2,0
2024-01-30 15:01:00.001,18055,18055,18055,2,0
2024-01-30 15:01:00.001,18057,18057,18057,28,28
2024-01-30 15:01:00.001,18057,18057,18057,2,0
2024-01-30 15:01:01.001,18058,18058,18058,2,2
2024-01-30 15:01:01.001,18058,18058,18058,2,0
2024-01-30 15:01:01.001,18059,18059,18059,4,4
2024-01-30 15:01:01.001,18058,18058,18058,2,-2
2024-01-30 15:01:01.001,18057,18057,18057,2,-2
2024-01-30 15:01:01.001,18057,18057,18057,2,0
2024-01-30 15:01:01.001,18057,18057,18057,2,0
2024-01-30 15:01:01.001,18057,18057,18057,4,0
2024-01-30 15:01:01.001,18057,18057,18057,2,0
2024-01-30 15:01:01.001,18056,18056,18056,2,-2
2024-01-30 15:01:01.001,18056,18056,18056,2,0
2024-01-30 15:01:01.001,18056,18056,18056,2,0
2024-01-30 15:01:01.001,18056,18056,18056,2,0
2024-01-30 15:01:01.001,18056,18056,18056,2,0
2024-01-30 15:01:01.001,18057,18057,18057,4,4
2024-01-30 15:01:01.001,18058,18058,18058,2,2
2024-01-30 15:01:02.001,18058,18058,18058,2,0
2024-01-30 15:01:02.001,18059,18059,18059,2,2
2024-01-30 15:01:04.001,18058,18058,18058,2,-2
2024-01-30 15:01:04.001,18057,18057,18057,2,-2
2024-01-30 15:01:04.001,18057,18057,18057,2,0
2024-01-30 15:01:04.001,18058,18058,18058,2,2
2024-01-30 15:01:06.001,18057,18057,18057,2,-2
2024-01-30 15:01:06.001,18057,18057,18057,2,0
2024-01-30 15:01:10.001,18058,18058,18058,2,2
2024-01-30 15:01:10.001,18057,18057,18057,2,-2
2024-01-30 15:01:10.001,18058,18058,18058,2,2
2024-01-30 15:01:10.001,18058,18058,18058,2,0
2024-01-30 15:01:10.001,18058,18058,18058,2,0
2024-01-30 15:01:10.001,18058,18058,18058,4,0
2024-01-30 15:01:10.001,18057,18057,18057,2,-2
2024-01-30 15:01:10.001,18057,18057,18057,2,0
2024-01-30 15:01:10.001,18057,18057,18057,4,0
2024-01-30 15:01:11.001,18059,18059,18059,4,4
2024-01-30 15:01:11.001,18059,18059,18059,2,0
2024-01-30 15:01:11.001,18059,18059,18059,2,0
2024-01-30 15:01:12.001,18059,18059,18059,2,0
2024-01-30 15:01:12.001,18059,18059,18059,2,0
2024-01-30 15:01:12.001,18059,18059,18059,2,0
2024-01-30 15:01:12.001,18060,18060,18060,2,2
2024-01-30 15:01:14.001,18059,18059,18059,2,-2
2024-01-30 15:01:15.001,18058,18058,18058,16,-16
2024-01-30 15:01:15.001,18060,18060,18060,2,2
2024-01-30 15:01:18.001,18058,18058,18058,2,-2
2024-01-30 15:01:19.001,18060,18060,18060,4,4
2024-01-30 15:01:19.001,18058,18058,18058,2,-2
2024-01-30 15:01:19.001,18058,18058,18058,2,0
2024-01-30 15:01:20.001,18058,18058,18058,2,0
2024-01-30 15:01:20.001,18058,18058,18058,2,0
2024-01-30 15:01:20.001,18058,18058,18058,2,0
2024-01-30 15:01:20.001,18057,18057,18057,2,-2
2024-01-30 15:01:20.001,18059,18059,18059,2,2
2024-01-30 15:01:21.001,18059,18059,18059,4,0
2024-01-30 15:01:21.001,18059,18059,18059,2,0
2024-01-30 15:01:22.001,18059,18059,18059,2,0
2024-01-30 15:01:22.001,18059,18059,18059,6,0
2024-01-30 15:01:25.001,18060,18060,18060,2,2
2024-01-30 15:01:25.001,18060,18060,18060,6,0
2024-01-30 15:01:25.001,18059,18059,18059,2,-2
2024-01-30 15:01:25.001,18059,18059,18059,4,0
2024-01-30 15:01:27.001,18060,18060,18060,2,2
2024-01-30 15:01:29.001,18059,18059,18059,2,-2
2024-01-30 15:01:31.001,18060,18060,18060,2,2
2024-01-30 15:01:32.001,18060,18060,18060,2,0
2024-01-30 15:01:32.001,18059,18059,18059,2,-2
2024-01-30 15:01:32.001,18060,18060,18060,2,2
2024-01-30 15:01:34.001,18060,18060,18060,2,0
2024-01-30 15:01:35.001,18060,18060,18060,2,0
2024-01-30 15:01:35.001,18060,18060,18060,2,0
2024-01-30 15:01:36.001,18061,18061,18061,4,4
2024-01-30 15:01:38.001,18060,18060,18060,2,-2
2024-01-30 15:01:40.001,18060,18060,18060,2,0
2024-01-30 15:01:40.001,18060,18060,18060,2,0
2024-01-30 15:01:40.001,18059,18059,18059,2,-2
2024-01-30 15:01:40.001,18059,18059,18059,2,0
2024-01-30 15:01:40.001,18060,18060,18060,2,2
2024-01-30 15:01:40.001,18059,18059,18059,2,-2
2024-01-30 15:01:40.001,18059,18059,18059,2,0
2024-01-30 15:01:40.001,18059,18059,18059,4,0
2024-01-30 15:01:40.001,18059,18059,18059,2,0
2024-01-30 15:01:40.001,18059,18059,18059,8,0
2024-01-30 15:01:40.001,18059,18059,18059,2,0
2024-01-30 15:01:40.001,18059,18059,18059,2,0
2024-01-30 15:01:40.001,18059,18059,18059,2,0
2024-01-30 15:01:41.001,18059,18059,18059,2,0
2024-01-30 15:01:41.001,18058,18058,18058,2,-2
2024-01-30 15:01:41.001,18058,18058,18058,2,0
2024-01-30 15:01:41.001,18058,18058,18058,2,0
2024-01-30 15:01:41.001,18058,18058,18058,2,0
2024-01-30 15:01:41.001,18058,18058,18058,8,0
2024-01-30 15:01:41.001,18058,18058,18058,2,0
2024-01-30 15:01:41.001,18058,18058,18058,2,0
2024-01-30 15:01:41.001,18058,18058,18058,2,0
2024-01-30 15:01:42.001,18057,18057,18057,16,-16
2024-01-30 15:01:42.001,18057,18057,18057,36,0
2024-01-30 15:01:42.001,18057,18057,18057,2,0
2024-01-30 15:01:42.001,18057,18057,18057,2,0
2024-01-30 15:01:42.001,18057,18057,18057,2,0
2024-01-30 15:01:42.001,18057,18057,18057,2,0
2024-01-30 15:01:42.001,18057,18057,18057,2,0
2024-01-30 15:01:42.001,18057,18057,18057,2,0
2024-01-30 15:01:42.001,18056,18056,18056,2,-2
2024-01-30 15:01:42.001,18057,18057,18057,2,2
2024-01-30 15:01:42.001,18056,18056,18056,2,-2
2024-01-30 15:01:42.001,18056,18056,18056,2,0
2024-01-30 15:01:42.001,18057,18057,18057,2,2
2024-01-30 15:01:43.001,18055,18055,18055,2,-2
2024-01-30 15:01:43.001,18055,18055,18055,2,0
2024-01-30 15:01:43.001,18055,18055,18055,2,0
2024-01-30 15:01:43.001,18055,18055,18055,2,0
2024-01-30 15:01:43.001,18055,18055,18055,2,0
2024-01-30 15:01:43.001,18055,18055,18055,2,0
2024-01-30 15:01:43.001,18055,18055,18055,2,0
2024-01-30 15:01:43.001,18055,18055,18055,2,0
2024-01-30 15:01:43.001,18055,18055,18055,2,0
2024-01-30 15:01:43.001,18055,18055,18055,2,0
2024-01-30 15:01:43.001,18055,18055,18055,2,0
2024-01-30 15:01:44.001,18055,18055,18055,2,0
2024-01-30 15:01:44.001,18055,18055,18055,2,0
2024-01-30 15:01:44.001,18056,18056,18056,2,2
2024-01-30 15:01:44.001,18054,18054,18054,2,-2
2024-01-30 15:01:44.001,18054,18054,18054,2,0
2024-01-30 15:01:48.001,18055,18055,18055,2,2
2024-01-30 15:01:48.001,18056,18056,18056,8,8
2024-01-30 15:01:50.001,18055,18055,18055,2,-2
2024-01-30 15:01:52.001,18055,18055,18055,2,0
2024-01-30 15:01:52.001,18055,18055,18055,2,0
2024-01-30 15:01:52.001,18057,18057,18057,8,8
2024-01-30 15:01:52.001,18056,18056,18056,2,-2
2024-01-30 15:01:53.001,18056,18056,18056,2,0
2024-01-30 15:01:55.001,18057,18057,18057,2,2
2024-01-30 15:01:55.001,18057,18057,18057,2,0
2024-01-30 15:01:55.001,18057,18057,18057,2,0
2024-01-30 15:01:57.001,18057,18057,18057,2,0
2024-01-30 15:01:57.001,18058,18058,18058,2,2
2024-01-30 15:01:59.001,18058,18058,18058,2,0
2024-01-30 15:01:59.001,18056,18056,18056,2,-2
2024-01-30 15:02:00.001,18056,18056,18056,2,0
2024-01-30 15:02:00.001,18056,18056,18056,2,0
2024-01-30 15:02:00.001,18056,18056,18056,2,0
2024-01-30 15:02:00.001,18056,18056,18056,16,0
2024-01-30 15:02:00.001,18056,18056,18056,2,0
2024-01-30 15:02:00.001,18055,18055,18055,2,-2
2024-01-30 15:02:00.001,18055,18055,18055,2,0
2024-01-30 15:02:00.001,18055,18055,18055,4,0
2024-01-30 15:02:01.001,18057,18057,18057,10,10
2024-01-30 15:02:01.001,18057,18057,18057,2,0
2024-01-30 15:02:03.001,18056,18056,18056,2,-2
2024-01-30 15:02:04.001,18058,18058,18058,2,2
2024-01-30 15:02:06.001,18058,18058,18058,4,0
2024-01-30 15:02:06.001,18058,18058,18058,4,0
2024-01-30 15:02:11.001,18059,18059,18059,4,4
2024-01-30 15:02:13.001,18057,18057,18057,2,-2
2024-01-30 15:02:14.001,18059,18059,18059,2,2
2024-01-30 15:02:14.001,18059,18059,18059,2,0
2024-01-30 15:02:18.001,18058,18058,18058,2,-2
2024-01-30 15:02:20.001,18057,18057,18057,2,-2
2024-01-30 15:02:21.001,18058,18058,18058,10,10
2024-01-30 15:02:21.001,18058,18058,18058,6,0
2024-01-30 15:02:23.001,18058,18058,18058,6,0
2024-01-30 15:02:23.001,18058,18058,18058,4,0
2024-01-30 15:02:25.001,18058,18058,18058,2,0
2024-01-30 15:02:25.001,18059,18059,18059,6,6
2024-01-30 15:02:30.001,18058,18058,18058,4,-4
2024-01-30 15:02:30.001,18058,18058,18058,2,0
2024-01-30 15:02:30.001,18058,18058,18058,2,0
2024-01-30 15:02:30.001,18057,18057,18057,2,-2
2024-01-30 15:02:32.001,18057,18057,18057,2,0
2024-01-30 15:02:32.001,18057,18057,18057,4,0
2024-01-30 15:02:32.001,18057,18057,18057,2,0
2024-01-30 15:02:32.001,18057,18057,18057,2,0
2024-01-30 15:02:32.001,18057,18057,18057,2,0
2024-01-30 15:02:32.001,18056,18056,18056,6,-6
2024-01-30 15:02:32.001,18056,18056,18056,2,0
2024-01-30 15:02:32.001,18056,18056,18056,4,0
2024-01-30 15:02:32.001,18056,18056,18056,2,0
2024-01-30 15:02:32.001,18056,18056,18056,4,0
2024-01-30 15:02:32.001,18056,18056,18056,4,0
2024-01-30 15:02:32.001,18056,18056,18056,2,0
2024-01-30 15:02:32.001,18056,18056,18056,2,0
2024-01-30 15:02:32.001,18056,18056,18056,4,0
2024-01-30 15:02:32.001,18056,18056,18056,2,0
2024-01-30 15:02:32.001,18056,18056,18056,6,0
2024-01-30 15:02:32.001,18056,18056,18056,4,0
2024-01-30 15:02:32.001,18056,18056,18056,2,0
2024-01-30 15:02:32.001,18056,18056,18056,2,0
2024-01-30 15:02:32.001,18056,18056,18056,2,0
2024-01-30 15:02:33.001,18056,18056,18056,2,0
2024-01-30 15:02:33.001,18055,18055,18055,2,-2
2024-01-30 15:02:33.001,18055,18055,18055,2,0
2024-01-30 15:02:33.001,18055,18055,18055,2,0
2024-01-30 15:02:33.001,18055,18055,18055,2,0
2024-01-30 15:02:35.001,18056,18056,18056,6,6
2024-01-30 15:02:35.001,18056,18056,18056,4,0
2024-01-30 15:02:35.001,18055,18055,18055,10,-10
2024-01-30 15:02:37.001,18056,18056,18056,2,2
2024-01-30 15:02:37.001,18056,18056,18056,22,0
2024-01-30 15:02:37.001,18056,18056,18056,4,0
2024-01-30 15:02:37.001,18056,18056,18056,24,0
2024-01-30 15:02:37.001,18057,18057,18057,2,2
2024-01-30 15:02:38.001,18058,18058,18058,2,2
2024-01-30 15:02:42.001,18057,18057,18057,8,-8
2024-01-30 15:02:43.001,18058,18058,18058,4,4
2024-01-30 15:02:45.001,18057,18057,18057,2,-2
2024-01-30 15:02:45.001,18057,18057,18057,2,0
2024-01-30 15:02:45.001,18057,18057,18057,4,0
2024-01-30 15:02:45.001,18057,18057,18057,2,0
2024-01-30 15:02:45.001,18056,18056,18056,2,-2
2024-01-30 15:02:51.001,18055,18055,18055,2,-2
2024-01-30 15:02:51.001,18055,18055,18055,6,0
2024-01-30 15:02:51.001,18055,18055,18055,2,0
2024-01-30 15:02:51.001,18055,18055,18055,2,0
2024-01-30 15:02:51.001,18055,18055,18055,6,0
2024-01-30 15:02:51.001,18055,18055,18055,4,0
2024-01-30 15:02:51.001,18055,18055,18055,2,0
2024-01-30 15:02:51.001,18055,18055,18055,2,0
2024-01-30 15:02:54.001,18055,18055,18055,2,0
2024-01-30 15:02:54.001,18056,18056,18056,6,6
2024-01-30 15:02:56.001,18056,18056,18056,2,0
2024-01-30 15:02:56.001,18056,18056,18056,4,0
2024-01-30 15:02:56.001,18055,18055,18055,2,-2
2024-01-30 15:02:56.001,18055,18055,18055,2,0
2024-01-30 15:02:58.001,18056,18056,18056,2,2
2024-01-30 15:02:59.001,18056,18056,18056,2,0
2024-01-30 15:03:00.001,18055,18055,18055,4,-4
2024-01-30 15:03:00.001,18055,18055,18055,2,0
2024-01-30 15:03:00.001,18055,18055,18055,2,0
2024-01-30 15:03:00.001,18055,18055,18055,2,0
2024-01-30 15:03:00.001,18055,18055,18055,2,0
2024-01-30 15:03:00.001,18055,18055,18055,4,0
2024-01-30 15:03:00.001,18055,18055,18055,4,0
2024-01-30 15:03:00.001,18055,18055,18055,4,0
2024-01-30 15:03:00.001,18055,18055,18055,2,0
2024-01-30 15:03:00.001,18055,18055,18055,2,0
2024-01-30 15:03:00.001,18055,18055,18055,2,0
2024-01-30 15:03:00.001,18055,18055,18055,2,0
2024-01-30 15:03:00.001,18055,18055,18055,2,0
2024-01-30 15:03:00.001,18055,18055,18055,2,0
2024-01-30 15:03:00.001,18055,18055,18055,2,0
2024-01-30 15:03:00.001,18055,18055,18055,2,0
2024-01-30 15:03:00.001,18055,18055,18055,2,0
2024-01-30 15:03:00.001,18055,18055,18055,8,0
2024-01-30 15:03:00.001,18055,18055,18055,4,0
2024-01-30 15:03:00.001,18055,18055,18055,4,0
2024-01-30 15:03:00.001,18055,18055,18055,2,0
2024-01-30 15:03:00.001,18056,18056,18056,12,12
2024-01-30 15:03:04.001,18056,18056,18056,2,0
2024-01-30 15:03:06.001,18055,18055,18055,2,-2
2024-01-30 15:03:06.001,18055,18055,18055,2,0
2024-01-30 15:03:10.001,18055,18055,18055,2,0
2024-01-30 15:03:11.001,18055,18055,18055,2,0
2024-01-30 15:03:11.001,18055,18055,18055,2,0
2024-01-30 15:03:11.001,18055,18055,18055,6,0
2024-01-30 15:03:17.001,18055,18055,18055,2,0
2024-01-30 15:03:20.001,18054,18054,18054,2,-2
2024-01-30 15:03:20.001,18054,18054,18054,6,0
2024-01-30 15:03:20.001,18054,18054,18054,2,0
2024-01-30 15:03:20.001,18054,18054,18054,2,0
2024-01-30 15:03:20.001,18054,18054,18054,2,0
2024-01-30 15:03:20.001,18054,18054,18054,2,0
2024-01-30 15:03:21.001,18054,18054,18054,4,0
2024-01-30 15:03:21.001,18054,18054,18054,2,0
2024-01-30 15:03:21.001,18054,18054,18054,2,0
2024-01-30 15:03:24.001,18054,18054,18054,2,0
2024-01-30 15:03:25.001,18055,18055,18055,4,4
2024-01-30 15:03:25.001,18055,18055,18055,12,0
2024-01-30 15:03:25.001,18055,18055,18055,2,0
2024-01-30 15:03:27.001,18055,18055,18055,2,0
2024-01-30 15:03:28.001,18055,18055,18055,2,0
2024-01-30 15:03:28.001,18055,18055,18055,2,0
2024-01-30 15:03:31.001,18055,18055,18055,2,0
2024-01-30 15:03:31.001,18055,18055,18055,2,0
2024-01-30 15:03:34.001,18055,18055,18055,2,0
2024-01-30 15:03:35.001,18056,18056,18056,2,2
2024-01-30 15:03:35.001,18056,18056,18056,2,0
2024-01-30 15:03:35.001,18056,18056,18056,2,0
2024-01-30 15:03:36.001,18056,18056,18056,2,0
2024-01-30 15:03:38.001,18056,18056,18056,2,0
2024-01-30 15:03:40.001,18056,18056,18056,2,0
2024-01-30 15:03:40.001,18056,18056,18056,2,0
2024-01-30 15:03:41.001,18057,18057,18057,2,2
2024-01-30 15:03:43.001,18056,18056,18056,4,-4
2024-01-30 15:03:43.001,18056,18056,18056,2,0
2024-01-30 15:03:44.001,18056,18056,18056,4,0
2024-01-30 15:03:46.001,18056,18056,18056,2,0
2024-01-30 15:03:46.001,18056,18056,18056,2,0
2024-01-30 15:03:46.001,18056,18056,18056,4,0
2024-01-30 15:03:46.001,18056,18056,18056,2,0
2024-01-30 15:03:46.001,18056,18056,18056,4,0
2024-01-30 15:03:49.001,18056,18056,18056,2,0
2024-01-30 15:03:49.001,18056,18056,18056,2,0
2024-01-30 15:03:51.001,18056,18056,18056,2,0
2024-01-30 15:03:53.001,18057,18057,18057,2,2
2024-01-30 15:03:57.001,18057,18057,18057,2,0
2024-01-30 15:03:57.001,18057,18057,18057,6,0
2024-01-30 15:03:57.001,18058,18058,18058,2,2
2024-01-30 15:03:58.001,18057,18057,18057,4,-4
2024-01-30 15:04:00.001,18057,18057,18057,2,0
2024-01-30 15:04:00.001,18057,18057,18057,2,0
2024-01-30 15:04:01.001,18057,18057,18057,12,0
2024-01-30 15:04:05.001,18057,18057,18057,4,0
2024-01-30 15:04:06.001,18057,18057,18057,2,0
2024-01-30 15:04:08.001,18057,18057,18057,2,0
2024-01-30 15:04:13.001,18057,18057,18057,2,0
2024-01-30 15:04:17.001,18057,18057,18057,2,0
2024-01-30 15:04:17.001,18058,18058,18058,8,8
2024-01-30 15:04:17.001,18058,18058,18058,2,0
2024-01-30 15:04:17.001,18057,18057,18057,2,-2
2024-01-30 15:04:23.001,18058,18058,18058,2,2
2024-01-30 15:04:25.001,18059,18059,18059,2,2
2024-01-30 15:04:25.001,18058,18058,18058,2,-2
2024-01-30 15:04:26.001,18059,18059,18059,2,2
2024-01-30 15:04:28.001,18058,18058,18058,2,-2
2024-01-30 15:04:32.001,18058,18058,18058,2,0
2024-01-30 15:04:32.001,18058,18058,18058,2,0
2024-01-30 15:04:34.001,18057,18057,18057,2,-2
2024-01-30 15:04:34.001,18057,18057,18057,2,0
2024-01-30 15:04:35.001,18058,18058,18058,8,8
2024-01-30 15:04:37.001,18058,18058,18058,2,0
2024-01-30 15:04:42.001,18058,18058,18058,10,0
2024-01-30 15:04:42.001,18058,18058,18058,2,0
2024-01-30 15:04:42.001,18058,18058,18058,2,0
2024-01-30 15:04:42.001,18058,18058,18058,2,0
2024-01-30 15:04:45.001,18058,18058,18058,2,0
2024-01-30 15:04:45.001,18058,18058,18058,6,0
2024-01-30 15:04:45.001,18059,18059,18059,4,4
2024-01-30 15:04:56.001,18058,18058,18058,2,-2
2024-01-30 15:04:56.001,18059,18059,18059,10,10
2024-01-30 15:04:58.001,18059,18059,18059,4,0
2024-01-30 15:04:59.001,18059,18059,18059,2,0
2024-01-30 15:04:59.001,18059,18059,18059,2,0
2024-01-30 15:05:00.001,18059,18059,18059,2,0
2024-01-30 15:05:00.001,18059,18059,18059,2,0
2024-01-30 15:05:00.001,18059,18059,18059,4,0
2024-01-30 15:05:00.001,18059,18059,18059,2,0
2024-01-30 15:05:00.001,18059,18059,18059,4,0
2024-01-30 15:05:00.001,18059,18059,18059,2,0
2024-01-30 15:05:00.001,18059,18059,18059,2,0
2024-01-30 15:05:00.001,18058,18058,18058,4,-4
2024-01-30 15:05:00.001,18058,18058,18058,4,0
2024-01-30 15:05:00.001,18058,18058,18058,2,0
2024-01-30 15:05:00.001,18058,18058,18058,4,0
2024-01-30 15:05:00.001,18058,18058,18058,4,0
2024-01-30 15:05:00.001,18058,18058,18058,8,0
2024-01-30 15:05:00.001,18058,18058,18058,2,0
2024-01-30 15:05:01.001,18058,18058,18058,2,0
2024-01-30 15:05:01.001,18058,18058,18058,2,0
2024-01-30 15:05:04.001,18060,18060,18060,2,2
2024-01-30 15:05:04.001,18058,18058,18058,4,-4
2024-01-30 15:05:04.001,18058,18058,18058,4,0
2024-01-30 15:05:04.001,18058,18058,18058,2,0
2024-01-30 15:05:09.001,18058,18058,18058,2,0
2024-01-30 15:05:09.001,18058,18058,18058,2,0
2024-01-30 15:05:09.001,18059,18059,18059,2,2
2024-01-30 15:05:09.001,18060,18060,18060,2,2
2024-01-30 15:05:10.001,18059,18059,18059,2,-2
2024-01-30 15:05:10.001,18058,18058,18058,2,-2
2024-01-30 15:05:10.001,18058,18058,18058,4,0
2024-01-30 15:05:10.001,18058,18058,18058,2,0
2024-01-30 15:05:14.001,18058,18058,18058,2,0
2024-01-30 15:05:16.001,18058,18058,18058,2,0
2024-01-30 15:05:18.001,18058,18058,18058,2,0
2024-01-30 15:05:18.001,18058,18058,18058,4,0
2024-01-30 15:05:19.001,18058,18058,18058,2,0
2024-01-30 15:05:26.001,18058,18058,18058,2,0
2024-01-30 15:05:27.001,18058,18058,18058,2,0
2024-01-30 15:05:28.001,18057,18057,18057,2,-2
2024-01-30 15:05:30.001,18057,18057,18057,2,0
2024-01-30 15:05:42.001,18057,18057,18057,4,0
2024-01-30 15:05:43.001,18058,18058,18058,8,8
2024-01-30 15:05:44.001,18057,18057,18057,2,-2
2024-01-30 15:05:44.001,18058,18058,18058,4,4
2024-01-30 15:05:44.001,18057,18057,18057,28,-28
2024-01-30 15:05:44.001,18057,18057,18057,2,0
2024-01-30 15:05:44.001,18057,18057,18057,2,0
2024-01-30 15:05:44.001,18057,18057,18057,2,0
2024-01-30 15:05:44.001,18057,18057,18057,2,0
2024-01-30 15:05:44.001,18057,18057,18057,2,0
2024-01-30 15:05:44.001,18057,18057,18057,2,0
2024-01-30 15:05:44.001,18057,18057,18057,2,0
2024-01-30 15:05:44.001,18057,18057,18057,2,0
2024-01-30 15:05:44.001,18057,18057,18057,2,0
2024-01-30 15:05:44.001,18057,18057,18057,8,0
2024-01-30 15:05:44.001,18057,18057,18057,2,0
2024-01-30 15:05:44.001,18057,18057,18057,2,0
2024-01-30 15:05:44.001,18056,18056,18056,2,-2
2024-01-30 15:05:44.001,18056,18056,18056,2,0
2024-01-30 15:05:44.001,18056,18056,18056,2,0
2024-01-30 15:05:45.001,18055,18055,18055,2,-2
2024-01-30 15:05:45.001,18055,18055,18055,2,0
2024-01-30 15:05:45.001,18055,18055,18055,2,0
2024-01-30 15:05:45.001,18055,18055,18055,2,0
2024-01-30 15:05:45.001,18055,18055,18055,4,0
2024-01-30 15:05:45.001,18055,18055,18055,2,0
2024-01-30 15:05:45.001,18055,18055,18055,2,0
2024-01-30 15:05:48.001,18055,18055,18055,2,0
2024-01-30 15:05:49.001,18055,18055,18055,2,0
2024-01-30 15:05:51.001,18054,18054,18054,2,-2
2024-01-30 15:05:51.001,18055,18055,18055,2,2
2024-01-30 15:05:54.001,18054,18054,18054,2,-2
2024-01-30 15:05:57.001,18054,18054,18054,2,0
2024-01-30 15:05:57.001,18054,18054,18054,2,0
2024-01-30 15:05:57.001,18054,18054,18054,2,0
2024-01-30 15:05:59.001,18054,18054,18054,6,0
2024-01-30 15:06:00.001,18054,18054,18054,2,0
2024-01-30 15:06:00.001,18054,18054,18054,2,0
2024-01-30 15:06:00.001,18054,18054,18054,2,0
2024-01-30 15:06:03.001,18055,18055,18055,2,2
2024-01-30 15:06:04.001,18054,18054,18054,2,-2
2024-01-30 15:06:04.001,18054,18054,18054,2,0
2024-01-30 15:06:05.001,18055,18055,18055,2,2
2024-01-30 15:06:05.001,18055,18055,18055,10,0
2024-01-30 15:06:05.001,18054,18054,18054,2,-2
2024-01-30 15:06:06.001,18056,18056,18056,8,8
2024-01-30 15:06:18.001,18055,18055,18055,2,-2
2024-01-30 15:06:18.001,18055,18055,18055,2,0
2024-01-30 15:06:20.001,18055,18055,18055,4,0
2024-01-30 15:06:20.001,18055,18055,18055,2,0
2024-01-30 15:06:22.001,18056,18056,18056,8,8
2024-01-30 15:06:26.001,18056,18056,18056,10,0
2024-01-30 15:06:26.001,18056,18056,18056,2,0
2024-01-30 15:06:28.001,18056,18056,18056,2,0
2024-01-30 15:06:30.001,18056,18056,18056,2,0
2024-01-30 15:06:38.001,18055,18055,18055,2,-2
2024-01-30 15:06:40.001,18055,18055,18055,2,0
2024-01-30 15:06:40.001,18055,18055,18055,2,0
2024-01-30 15:06:40.001,18055,18055,18055,2,0
2024-01-30 15:06:40.001,18055,18055,18055,2,0
2024-01-30 15:06:40.001,18055,18055,18055,2,0
2024-01-30 15:06:40.001,18055,18055,18055,2,0
2024-01-30 15:06:40.001,18055,18055,18055,4,0
2024-01-30 15:06:44.001,18054,18054,18054,2,-2
2024-01-30 15:06:44.001,18054,18054,18054,2,0
2024-01-30 15:06:44.001,18055,18055,18055,2,2
2024-01-30 15:06:48.001,18055,18055,18055,6,0
2024-01-30 15:06:49.001,18055,18055,18055,2,0
2024-01-30 15:06:58.001,18054,18054,18054,2,-2
2024-01-30 15:06:59.001,18054,18054,18054,2,0
2024-01-30 15:07:00.001,18054,18054,18054,2,0
2024-01-30 15:07:00.001,18054,18054,18054,2,0
2024-01-30 15:07:00.001,18054,18054,18054,2,0
2024-01-30 15:07:00.001,18054,18054,18054,2,0
2024-01-30 15:07:04.001,18054,18054,18054,2,0
2024-01-30 15:07:06.001,18055,18055,18055,10,10
2024-01-30 15:07:06.001,18055,18055,18055,8,0
2024-01-30 15:07:10.001,18054,18054,18054,2,-2
2024-01-30 15:07:10.001,18054,18054,18054,2,0
2024-01-30 15:07:10.001,18055,18055,18055,6,6
2024-01-30 15:07:10.001,18055,18055,18055,2,0
2024-01-30 15:07:20.001,18054,18054,18054,2,-2
2024-01-30 15:07:20.001,18054,18054,18054,2,0
2024-01-30 15:07:20.001,18055,18055,18055,2,2
2024-01-30 15:07:30.001,18055,18055,18055,2,0
2024-01-30 15:07:34.001,18055,18055,18055,2,0
2024-01-30 15:07:34.001,18055,18055,18055,2,0
2024-01-30 15:07:34.001,18055,18055,18055,8,0
2024-01-30 15:07:34.001,18055,18055,18055,2,0
2024-01-30 15:07:36.001,18055,18055,18055,2,0
2024-01-30 15:07:41.001,18054,18054,18054,2,-2
2024-01-30 15:07:44.001,18054,18054,18054,2,0
2024-01-30 15:07:46.001,18055,18055,18055,2,2
2024-01-30 15:07:48.001,18054,18054,18054,2,-2
2024-01-30 15:07:51.001,18054,18054,18054,2,0
2024-01-30 15:07:53.001,18054,18054,18054,4,0
2024-01-30 15:07:57.001,18054,18054,18054,2,0
2024-01-30 15:07:57.001,18054,18054,18054,2,0
2024-01-30 15:07:57.001,18054,18054,18054,2,0
2024-01-30 15:07:57.001,18054,18054,18054,2,0
2024-01-30 15:07:57.001,18054,18054,18054,2,0
2024-01-30 15:07:57.001,18054,18054,18054,2,0
2024-01-30 15:07:57.001,18054,18054,18054,2,0
2024-01-30 15:07:59.001,18053,18053,18053,2,-2
2024-01-30 15:07:59.001,18053,18053,18053,4,0
2024-01-30 15:07:59.001,18053,18053,18053,2,0
2024-01-30 15:07:59.001,18053,18053,18053,2,0
2024-01-30 15:07:59.001,18053,18053,18053,2,0
2024-01-30 15:07:59.001,18053,18053,18053,2,0
2024-01-30 15:07:59.001,18053,18053,18053,2,0
2024-01-30 15:07:59.001,18053,18053,18053,2,0
2024-01-30 15:07:59.001,18053,18053,18053,16,0
2024-01-30 15:07:59.001,18053,18053,18053,2,0
2024-01-30 15:07:59.001,18053,18053,18053,2,0
2024-01-30 15:07:59.001,18053,18053,18053,2,0
2024-01-30 15:07:59.001,18053,18053,18053,2,0
2024-01-30 15:07:59.001,18052,18052,18052,6,-6
2024-01-30 15:07:59.001,18052,18052,18052,2,0
2024-01-30 15:07:59.001,18052,18052,18052,2,0
2024-01-30 15:07:59.001,18052,18052,18052,2,0
2024-01-30 15:07:59.001,18052,18052,18052,2,0
2024-01-30 15:07:59.001,18052,18052,18052,2,0
2024-01-30 15:07:59.001,18052,18052,18052,2,0
2024-01-30 15:07:59.001,18052,18052,18052,2,0
2024-01-30 15:07:59.001,18052,18052,18052,2,0
2024-01-30 15:07:59.001,18052,18052,18052,2,0
2024-01-30 15:07:59.001,18052,18052,18052,2,0
2024-01-30 15:07:59.001,18052,18052,18052,2,0
2024-01-30 15:07:59.001,18052,18052,18052,2,0
2024-01-30 15:07:59.001,18052,18052,18052,2,0
2024-01-30 15:07:59.001,18052,18052,18052,4,0
2024-01-30 15:07:59.001,18052,18052,18052,2,0
2024-01-30 15:07:59.001,18052,18052,18052,8,0
2024-01-30 15:08:00.001,18054,18054,18054,2,2
2024-01-30 15:08:01.001,18053,18053,18053,2,-2
2024-01-30 15:08:01.001,18053,18053,18053,2,0
2024-01-30 15:08:01.001,18052,18052,18052,2,-2
2024-01-30 15:08:04.001,18053,18053,18053,2,2
2024-01-30 15:08:04.001,18053,18053,18053,2,0
2024-01-30 15:08:07.001,18053,18053,18053,2,0
2024-01-30 15:08:15.001,18052,18052,18052,2,-2
2024-01-30 15:08:16.001,18052,18052,18052,2,0
2024-01-30 15:08:17.001,18053,18053,18053,4,4
2024-01-30 15:08:17.001,18052,18052,18052,2,-2
2024-01-30 15:08:17.001,18052,18052,18052,2,0
2024-01-30 15:08:17.001,18052,18052,18052,2,0
2024-01-30 15:08:17.001,18052,18052,18052,2,0
2024-01-30 15:08:18.001,18052,18052,18052,2,0
2024-01-30 15:08:18.001,18052,18052,18052,2,0
2024-01-30 15:08:18.001,18051,18051,18051,2,-2
2024-01-30 15:08:18.001,18051,18051,18051,4,0
2024-01-30 15:08:19.001,18052,18052,18052,2,2
2024-01-30 15:08:19.001,18053,18053,18053,2,2
2024-01-30 15:08:21.001,18051,18051,18051,2,-2
2024-01-30 15:08:21.001,18051,18051,18051,2,0
2024-01-30 15:08:21.001,18051,18051,18051,2,0
2024-01-30 15:08:21.001,18052,18052,18052,2,2
2024-01-30 15:08:21.001,18052,18052,18052,2,0
2024-01-30 15:08:21.001,18051,18051,18051,2,-2
2024-01-30 15:08:21.001,18051,18051,18051,2,0
2024-01-30 15:08:21.001,18051,18051,18051,2,0
2024-01-30 15:08:24.001,18051,18051,18051,2,0
2024-01-30 15:08:27.001,18051,18051,18051,2,0
2024-01-30 15:08:31.001,18052,18052,18052,2,2
2024-01-30 15:08:31.001,18051,18051,18051,2,-2
2024-01-30 15:08:31.001,18051,18051,18051,2,0
2024-01-30 15:08:31.001,18051,18051,18051,2,0
2024-01-30 15:08:31.001,18051,18051,18051,2,0
2024-01-30 15:08:31.001,18052,18052,18052,2,2
2024-01-30 15:08:31.001,18052,18052,18052,2,0
2024-01-30 15:08:31.001,18052,18052,18052,2,0
2024-01-30 15:08:31.001,18052,18052,18052,2,0
2024-01-30 15:08:31.001,18053,18053,18053,4,4
2024-01-30 15:08:31.001,18053,18053,18053,2,0
2024-01-30 15:08:32.001,18053,18053,18053,2,0
2024-01-30 15:08:33.001,18054,18054,18054,2,2
2024-01-30 15:08:35.001,18053,18053,18053,2,-2
2024-01-30 15:08:35.001,18053,18053,18053,2,0
2024-01-30 15:08:35.001,18053,18053,18053,2,0
2024-01-30 15:08:36.001,18052,18052,18052,2,-2
2024-01-30 15:08:43.001,18052,18052,18052,2,0
2024-01-30 15:08:45.001,18053,18053,18053,4,4
2024-01-30 15:08:48.001,18053,18053,18053,2,0
2024-01-30 15:08:50.001,18054,18054,18054,2,2
2024-01-30 15:08:57.001,18054,18054,18054,2,0
2024-01-30 15:09:00.001,18053,18053,18053,2,-2
2024-01-30 15:09:00.001,18053,18053,18053,2,0
2024-01-30 15:09:00.001,18053,18053,18053,2,0
2024-01-30 15:09:00.001,18054,18054,18054,2,2
2024-01-30 15:09:03.001,18054,18054,18054,2,0
2024-01-30 15:09:03.001,18055,18055,18055,30,30
2024-01-30 15:09:04.001,18054,18054,18054,2,-2
2024-01-30 15:09:07.001,18054,18054,18054,2,0
2024-01-30 15:09:08.001,18053,18053,18053,2,-2
2024-01-30 15:09:08.001,18054,18054,18054,2,2
2024-01-30 15:09:11.001,18054,18054,18054,2,0
2024-01-30 15:09:11.001,18054,18054,18054,2,0
2024-01-30 15:09:17.001,18054,18054,18054,2,0
2024-01-30 15:09:22.001,18054,18054,18054,2,0
2024-01-30 15:09:23.001,18054,18054,18054,2,0
2024-01-30 15:09:23.001,18054,18054,18054,2,0
2024-01-30 15:09:27.001,18053,18053,18053,2,-2
2024-01-30 15:09:27.001,18053,18053,18053,4,0
2024-01-30 15:09:27.001,18053,18053,18053,2,0
2024-01-30 15:09:27.001,18053,18053,18053,2,0
2024-01-30 15:09:27.001,18053,18053,18053,2,0
2024-01-30 15:09:27.001,18053,18053,18053,2,0
2024-01-30 15:09:27.001,18053,18053,18053,2,0
2024-01-30 15:09:27.001,18053,18053,18053,2,0
2024-01-30 15:09:30.001,18054,18054,18054,10,10
2024-01-30 15:09:30.001,18053,18053,18053,4,-4
2024-01-30 15:09:30.001,18053,18053,18053,2,0
2024-01-30 15:09:30.001,18053,18053,18053,2,0
2024-01-30 15:09:36.001,18053,18053,18053,2,0
2024-01-30 15:09:37.001,18053,18053,18053,2,0
2024-01-30 15:09:39.001,18052,18052,18052,2,-2
2024-01-30 15:09:39.001,18054,18054,18054,2,2
2024-01-30 15:09:40.001,18052,18052,18052,2,-2
2024-01-30 15:09:40.001,18054,18054,18054,10,10
2024-01-30 15:09:45.001,18053,18053,18053,2,-2
2024-01-30 15:09:45.001,18052,18052,18052,2,-2
2024-01-30 15:09:45.001,18052,18052,18052,2,0
2024-01-30 15:09:45.001,18052,18052,18052,2,0
2024-01-30 15:09:45.001,18052,18052,18052,4,0
2024-01-30 15:09:45.001,18052,18052,18052,4,0
2024-01-30 15:09:45.001,18052,18052,18052,2,0
2024-01-30 15:09:45.001,18052,18052,18052,2,0
2024-01-30 15:09:45.001,18052,18052,18052,4,0
2024-01-30 15:09:45.001,18052,18052,18052,2,0
2024-01-30 15:09:45.001,18052,18052,18052,4,0
2024-01-30 15:09:45.001,18052,18052,18052,2,0
2024-01-30 15:09:48.001,18052,18052,18052,2,0
2024-01-30 15:09:49.001,18052,18052,18052,2,0
2024-01-30 15:09:49.001,18052,18052,18052,2,0
2024-01-30 15:09:49.001,18052,18052,18052,2,0
2024-01-30 15:09:49.001,18052,18052,18052,2,0
2024-01-30 15:09:49.001,18052,18052,18052,2,0
2024-01-30 15:09:50.001,18053,18053,18053,4,4
2024-01-30 15:09:54.001,18051,18051,18051,2,-2
2024-01-30 15:09:55.001,18051,18051,18051,2,0
2024-01-30 15:09:55.001,18051,18051,18051,2,0
2024-01-30 15:09:55.001,18051,18051,18051,2,0
2024-01-30 15:09:55.001,18051,18051,18051,2,0
2024-01-30 15:09:55.001,18051,18051,18051,2,0
2024-01-30 15:09:55.001,18051,18051,18051,2,0
2024-01-30 15:09:55.001,18051,18051,18051,2,0
2024-01-30 15:09:55.001,18051,18051,18051,2,0
2024-01-30 15:09:55.001,18051,18051,18051,2,0
2024-01-30 15:09:55.001,18051,18051,18051,2,0
2024-01-30 15:09:55.001,18051,18051,18051,2,0
2024-01-30 15:09:55.001,18051,18051,18051,2,0
2024-01-30 15:09:55.001,18051,18051,18051,4,0
2024-01-30 15:09:55.001,18051,18051,18051,4,0
2024-01-30 15:09:58.001,18051,18051,18051,2,0
2024-01-30 15:10:00.001,18051,18051,18051,2,0
2024-01-30 15:10:00.001,18051,18051,18051,2,0
2024-01-30 15:10:00.001,18051,18051,18051,2,0
2024-01-30 15:10:00.001,18051,18051,18051,2,0
2024-01-30 15:10:00.001,18051,18051,18051,2,0
2024-01-30 15:10:00.001,18052,18052,18052,4,4
2024-01-30 15:10:00.001,18053,18053,18053,4,4
2024-01-30 15:10:00.001,18051,18051,18051,2,-2
2024-01-30 15:10:00.001,18052,18052,18052,4,4
2024-01-30 15:10:00.001,18052,18052,18052,2,0
2024-01-30 15:10:05.001,18052,18052,18052,2,0
2024-01-30 15:10:05.001,18051,18051,18051,2,-2
2024-01-30 15:10:05.001,18051,18051,18051,2,0
2024-01-30 15:10:05.001,18051,18051,18051,2,0
2024-01-30 15:10:05.001,18051,18051,18051,2,0
2024-01-30 15:10:05.001,18051,18051,18051,2,0
2024-01-30 15:10:05.001,18051,18051,18051,2,0
2024-01-30 15:10:05.001,18051,18051,18051,2,0
2024-01-30 15:10:05.001,18051,18051,18051,2,0
2024-01-30 15:10:05.001,18051,18051,18051,2,0
2024-01-30 15:10:05.001,18051,18051,18051,2,0
2024-01-30 15:10:05.001,18051,18051,18051,2,0
2024-01-30 15:10:05.001,18051,18051,18051,2,0
2024-01-30 15:10:05.001,18051,18051,18051,2,0
2024-01-30 15:10:08.001,18052,18052,18052,2,2
2024-01-30 15:10:10.001,18052,18052,18052,2,0
2024-01-30 15:10:11.001,18052,18052,18052,2,0
2024-01-30 15:10:11.001,18053,18053,18053,2,2
2024-01-30 15:10:12.001,18052,18052,18052,2,-2
2024-01-30 15:10:19.001,18052,18052,18052,2,0
2024-01-30 15:10:25.001,18051,18051,18051,2,-2
2024-01-30 15:10:26.001,18052,18052,18052,2,2
2024-01-30 15:10:26.001,18051,18051,18051,4,-4
2024-01-30 15:10:26.001,18051,18051,18051,4,0
2024-01-30 15:10:26.001,18051,18051,18051,2,0
2024-01-30 15:10:29.001,18052,18052,18052,2,2
2024-01-30 15:10:30.001,18051,18051,18051,2,-2
2024-01-30 15:10:30.001,18051,18051,18051,2,0
2024-01-30 15:10:32.001,18052,18052,18052,14,14
2024-01-30 15:10:34.001,18052,18052,18052,2,0
2024-01-30 15:10:36.001,18053,18053,18053,4,4
2024-01-30 15:10:37.001,18053,18053,18053,2,0
2024-01-30 15:10:40.001,18053,18053,18053,16,0
2024-01-30 15:10:40.001,18053,18053,18053,2,0
2024-01-30 15:10:47.001,18053,18053,18053,2,0
2024-01-30 15:10:47.001,18053,18053,18053,2,0
2024-01-30 15:10:52.001,18054,18054,18054,2,2
2024-01-30 15:10:57.001,18053,18053,18053,2,-2
2024-01-30 15:10:57.001,18053,18053,18053,2,0
2024-01-30 15:11:00.001,18053,18053,18053,2,0
2024-01-30 15:11:00.001,18053,18053,18053,2,0
2024-01-30 15:11:00.001,18053,18053,18053,2,0
2024-01-30 15:11:02.001,18053,18053,18053,2,0
2024-01-30 15:11:02.001,18053,18053,18053,2,0
2024-01-30 15:11:04.001,18053,18053,18053,2,0
2024-01-30 15:11:04.001,18053,18053,18053,2,0
2024-01-30 15:11:07.001,18053,18053,18053,2,0
2024-01-30 15:11:10.001,18053,18053,18053,2,0
2024-01-30 15:11:14.001,18054,18054,18054,2,2
2024-01-30 15:11:14.001,18054,18054,18054,4,0
2024-01-30 15:11:16.001,18054,18054,18054,2,0
2024-01-30 15:11:21.001,18055,18055,18055,4,4
2024-01-30 15:11:23.001,18055,18055,18055,8,0
2024-01-30 15:11:27.001,18054,18054,18054,2,-2
2024-01-30 15:11:31.001,18054,18054,18054,2,0
2024-01-30 15:11:32.001,18054,18054,18054,2,0
2024-01-30 15:11:33.001,18054,18054,18054,2,0
2024-01-30 15:11:39.001,18054,18054,18054,2,0
2024-01-30 15:11:42.001,18054,18054,18054,2,0
2024-01-30 15:11:43.001,18055,18055,18055,2,2
2024-01-30 15:11:45.001,18055,18055,18055,2,0
2024-01-30 15:11:52.001,18055,18055,18055,22,0
2024-01-30 15:11:54.001,18055,18055,18055,4,0
2024-01-30 15:12:00.001,18054,18054,18054,2,-2
2024-01-30 15:12:00.001,18054,18054,18054,2,0
2024-01-30 15:12:00.001,18054,18054,18054,2,0
2024-01-30 15:12:00.001,18054,18054,18054,2,0
2024-01-30 15:12:00.001,18054,18054,18054,2,0
2024-01-30 15:12:00.001,18054,18054,18054,2,0
2024-01-30 15:12:00.001,18054,18054,18054,2,0
2024-01-30 15:12:00.001,18053,18053,18053,2,-2
2024-01-30 15:12:00.001,18053,18053,18053,4,0
2024-01-30 15:12:00.001,18053,18053,18053,2,0
2024-01-30 15:12:00.001,18053,18053,18053,2,0
2024-01-30 15:12:07.001,18053,18053,18053,2,0
2024-01-30 15:12:07.001,18053,18053,18053,2,0
2024-01-30 15:12:07.001,18053,18053,18053,4,0
2024-01-30 15:12:07.001,18053,18053,18053,2,0
2024-01-30 15:12:07.001,18053,18053,18053,2,0
2024-01-30 15:12:07.001,18053,18053,18053,2,0
2024-01-30 15:12:07.001,18052,18052,18052,2,-2
2024-01-30 15:12:08.001,18053,18053,18053,2,2
2024-01-30 15:12:08.001,18053,18053,18053,2,0
2024-01-30 15:12:08.001,18053,18053,18053,10,0
2024-01-30 15:12:10.001,18052,18052,18052,2,-2
2024-01-30 15:12:13.001,18052,18052,18052,4,0
2024-01-30 15:12:15.001,18052,18052,18052,2,0
2024-01-30 15:12:20.001,18052,18052,18052,2,0
2024-01-30 15:12:20.001,18052,18052,18052,2,0
2024-01-30 15:12:20.001,18052,18052,18052,2,0
2024-01-30 15:12:20.001,18052,18052,18052,2,0
2024-01-30 15:12:20.001,18052,18052,18052,4,0
2024-01-30 15:12:20.001,18052,18052,18052,2,0
2024-01-30 15:12:20.001,18053,18053,18053,2,2
2024-01-30 15:12:21.001,18052,18052,18052,4,-4
2024-01-30 15:12:21.001,18052,18052,18052,2,0
2024-01-30 15:12:21.001,18052,18052,18052,2,0
2024-01-30 15:12:22.001,18052,18052,18052,2,0
2024-01-30 15:12:26.001,18051,18051,18051,2,-2
2024-01-30 15:12:30.001,18051,18051,18051,2,0
2024-01-30 15:12:31.001,18051,18051,18051,2,0
2024-01-30 15:12:31.001,18051,18051,18051,2,0
2024-01-30 15:12:31.001,18051,18051,18051,2,0
2024-01-30 15:12:32.001,18051,18051,18051,2,0
2024-01-30 15:12:32.001,18051,18051,18051,2,0
2024-01-30 15:12:32.001,18051,18051,18051,2,0
2024-01-30 15:12:32.001,18051,18051,18051,2,0
2024-01-30 15:12:34.001,18051,18051,18051,2,0
2024-01-30 15:12:39.001,18050,18050,18050,2,-2
2024-01-30 15:12:39.001,18050,18050,18050,2,0
2024-01-30 15:12:39.001,18050,18050,18050,2,0
2024-01-30 15:12:39.001,18050,18050,18050,4,0
2024-01-30 15:12:39.001,18050,18050,18050,2,0
2024-01-30 15:12:39.001,18050,18050,18050,2,0
2024-01-30 15:12:40.001,18051,18051,18051,10,10
2024-01-30 15:12:41.001,18050,18050,18050,2,-2
2024-01-30 15:12:42.001,18050,18050,18050,2,0
2024-01-30 15:12:47.001,18050,18050,18050,2,0
2024-01-30 15:12:51.001,18051,18051,18051,2,2
2024-01-30 15:12:52.001,18050,18050,18050,2,-2
2024-01-30 15:12:52.001,18050,18050,18050,2,0
2024-01-30 15:12:56.001,18050,18050,18050,2,0
2024-01-30 15:12:57.001,18050,18050,18050,2,0
2024-01-30 15:12:57.001,18051,18051,18051,2,2
2024-01-30 15:13:03.001,18050,18050,18050,8,-8
2024-01-30 15:13:03.001,18051,18051,18051,40,40
2024-01-30 15:13:03.001,18051,18051,18051,2,0
2024-01-30 15:13:03.001,18051,18051,18051,2,0
2024-01-30 15:13:07.001,18052,18052,18052,2,2
2024-01-30 15:13:07.001,18052,18052,18052,2,0
2024-01-30 15:13:10.001,18052,18052,18052,2,0
2024-01-30 15:13:14.001,18052,18052,18052,4,0
2024-01-30 15:13:16.001,18051,18051,18051,2,-2
2024-01-30 15:13:16.001,18051,18051,18051,4,0
2024-01-30 15:13:16.001,18051,18051,18051,2,0
2024-01-30 15:13:16.001,18051,18051,18051,2,0
2024-01-30 15:13:19.001,18052,18052,18052,10,10
2024-01-30 15:13:19.001,18052,18052,18052,2,0
2024-01-30 15:13:19.001,18052,18052,18052,4,0
2024-01-30 15:13:19.001,18052,18052,18052,2,0
2024-01-30 15:13:22.001,18052,18052,18052,2,0
2024-01-30 15:13:22.001,18052,18052,18052,2,0
2024-01-30 15:13:24.001,18052,18052,18052,2,0
2024-01-30 15:13:26.001,18053,18053,18053,2,2
2024-01-30 15:13:26.001,18054,18054,18054,2,2
2024-01-30 15:13:32.001,18053,18053,18053,2,-2
2024-01-30 15:13:45.001,18053,18053,18053,2,0
2024-01-30 15:13:47.001,18054,18054,18054,6,6
2024-01-30 15:13:51.001,18055,18055,18055,2,2
2024-01-30 15:13:51.001,18055,18055,18055,10,0
2024-01-30 15:13:51.001,18056,18056,18056,20,20
2024-01-30 15:13:51.001,18055,18055,18055,2,-2
2024-01-30 15:13:51.001,18055,18055,18055,2,0
2024-01-30 15:13:51.001,18056,18056,18056,2,2
2024-01-30 15:13:51.001,18056,18056,18056,2,0
2024-01-30 15:13:53.001,18056,18056,18056,2,0
2024-01-30 15:13:56.001,18055,18055,18055,2,-2
2024-01-30 15:14:02.001,18055,18055,18055,6,0
2024-01-30 15:14:02.001,18056,18056,18056,8,8
2024-01-30 15:14:08.001,18055,18055,18055,2,-2
2024-01-30 15:14:09.001,18056,18056,18056,2,2
2024-01-30 15:14:09.001,18056,18056,18056,42,0
2024-01-30 15:14:09.001,18057,18057,18057,58,58
2024-01-30 15:14:09.001,18057,18057,18057,2,0
2024-01-30 15:14:10.001,18055,18055,18055,2,-2
2024-01-30 15:14:11.001,18056,18056,18056,2,2
2024-01-30 15:14:13.001,18057,18057,18057,40,40
2024-01-30 15:14:13.001,18058,18058,18058,2,2
2024-01-30 15:14:13.001,18057,18057,18057,2,-2
2024-01-30 15:14:13.001,18056,18056,18056,2,-2
2024-01-30 15:14:18.001,18057,18057,18057,28,28
2024-01-30 15:14:24.001,18055,18055,18055,2,-2
2024-01-30 15:14:24.001,18055,18055,18055,4,0
2024-01-30 15:14:24.001,18055,18055,18055,2,0
2024-01-30 15:14:25.001,18057,18057,18057,2,2
2024-01-30 15:14:29.001,18057,18057,18057,2,0
2024-01-30 15:14:32.001,18055,18055,18055,2,-2
2024-01-30 15:14:37.001,18055,18055,18055,4,0
2024-01-30 15:14:38.001,18055,18055,18055,4,0
2024-01-30 15:14:44.001,18056,18056,18056,2,2
2024-01-30 15:14:45.001,18056,18056,18056,2,0
2024-01-30 15:14:45.001,18056,18056,18056,2,0
2024-01-30 15:14:47.001,18055,18055,18055,2,-2
2024-01-30 15:14:50.001,18055,18055,18055,2,0
2024-01-30 15:14:50.001,18055,18055,18055,2,0
2024-01-30 15:14:51.001,18055,18055,18055,2,0
2024-01-30 15:14:51.001,18055,18055,18055,2,0
2024-01-30 15:14:51.001,18055,18055,18055,2,0
2024-01-30 15:14:51.001,18055,18055,18055,2,0
2024-01-30 15:14:51.001,18055,18055,18055,2,0
2024-01-30 15:14:51.001,18055,18055,18055,2,0
2024-01-30 15:14:51.001,18055,18055,18055,2,0
2024-01-30 15:14:56.001,18055,18055,18055,2,0
2024-01-30 15:14:56.001,18055,18055,18055,2,0
2024-01-30 15:14:56.001,18054,18054,18054,2,-2
2024-01-30 15:14:57.001,18054,18054,18054,2,0
2024-01-30 15:14:58.001,18055,18055,18055,2,2
2024-01-30 15:15:00.001,18054,18054,18054,2,-2
2024-01-30 15:15:00.001,18054,18054,18054,2,0
2024-01-30 15:15:00.001,18055,18055,18055,2,2
2024-01-30 15:15:01.001,18054,18054,18054,2,-2
2024-01-30 15:15:01.001,18054,18054,18054,2,0
2024-01-30 15:15:01.001,18054,18054,18054,2,0
2024-01-30 15:15:01.001,18054,18054,18054,2,0
2024-01-30 15:15:01.001,18054,18054,18054,2,0
2024-01-30 15:15:01.001,18054,18054,18054,2,0
2024-01-30 15:15:01.001,18054,18054,18054,2,0
2024-01-30 15:15:01.001,18054,18054,18054,2,0
2024-01-30 15:15:01.001,18054,18054,18054,2,0
2024-01-30 15:15:01.001,18054,18054,18054,2,0
2024-01-30 15:15:01.001,18054,18054,18054,4,0
2024-01-30 15:15:01.001,18054,18054,18054,4,0
2024-01-30 15:15:01.001,18054,18054,18054,2,0
2024-01-30 15:15:01.001,18053,18053,18053,2,-2
2024-01-30 15:15:01.001,18053,18053,18053,2,0
2024-01-30 15:15:01.001,18053,18053,18053,2,0
2024-01-30 15:15:01.001,18054,18054,18054,2,2
2024-01-30 15:15:04.001,18053,18053,18053,2,-2
2024-01-30 15:15:04.001,18053,18053,18053,8,0
2024-01-30 15:15:04.001,18053,18053,18053,2,0
2024-01-30 15:15:04.001,18053,18053,18053,2,0
2024-01-30 15:15:04.001,18053,18053,18053,2,0
2024-01-30 15:15:04.001,18053,18053,18053,2,0
2024-01-30 15:15:04.001,18053,18053,18053,2,0
2024-01-30 15:15:04.001,18053,18053,18053,2,0
2024-01-30 15:15:04.001,18053,18053,18053,2,0
2024-01-30 15:15:12.001,18053,18053,18053,2,0
2024-01-30 15:15:15.001,18052,18052,18052,2,-2
2024-01-30 15:15:15.001,18052,18052,18052,6,0
2024-01-30 15:15:15.001,18052,18052,18052,2,0
2024-01-30 15:15:15.001,18052,18052,18052,4,0
2024-01-30 15:15:15.001,18052,18052,18052,4,0
2024-01-30 15:15:15.001,18052,18052,18052,2,0
2024-01-30 15:15:18.001,18053,18053,18053,2,2
2024-01-30 15:15:18.001,18053,18053,18053,10,0
2024-01-30 15:15:18.001,18053,18053,18053,4,0
2024-01-30 15:15:18.001,18053,18053,18053,4,0
2024-01-30 15:15:21.001,18053,18053,18053,2,0
2024-01-30 15:15:21.001,18054,18054,18054,4,4
2024-01-30 15:15:31.001,18053,18053,18053,2,-2
2024-01-30 15:15:31.001,18054,18054,18054,2,2
2024-01-30 15:15:36.001,18055,18055,18055,2,2
2024-01-30 15:15:37.001,18053,18053,18053,2,-2
2024-01-30 15:15:40.001,18054,18054,18054,2,2
2024-01-30 15:15:40.001,18054,18054,18054,6,0
2024-01-30 15:15:40.001,18054,18054,18054,2,0
2024-01-30 15:15:41.001,18055,18055,18055,16,16
2024-01-30 15:15:41.001,18055,18055,18055,4,0
2024-01-30 15:15:44.001,18056,18056,18056,12,12
2024-01-30 15:15:48.001,18055,18055,18055,2,-2
2024-01-30 15:15:50.001,18055,18055,18055,10,0
2024-01-30 15:15:51.001,18055,18055,18055,2,0
2024-01-30 15:15:51.001,18054,18054,18054,2,-2
2024-01-30 15:15:53.001,18055,18055,18055,2,2
2024-01-30 15:15:53.001,18054,18054,18054,2,-2
2024-01-30 15:16:02.001,18055,18055,18055,2,2
2024-01-30 15:16:02.001,18055,18055,18055,6,0
2024-01-30 15:16:10.001,18055,18055,18055,2,0
2024-01-30 15:16:10.001,18055,18055,18055,2,0
2024-01-30 15:16:10.001,18055,18055,18055,2,0
2024-01-30 15:16:17.001,18055,18055,18055,4,0
2024-01-30 15:16:21.001,18054,18054,18054,2,-2
2024-01-30 15:16:21.001,18054,18054,18054,2,0
2024-01-30 15:16:21.001,18054,18054,18054,2,0
2024-01-30 15:16:22.001,18054,18054,18054,2,0
2024-01-30 15:16:25.001,18053,18053,18053,2,-2
2024-01-30 15:16:25.001,18053,18053,18053,2,0
2024-01-30 15:16:25.001,18053,18053,18053,2,0
2024-01-30 15:16:26.001,18052,18052,18052,2,-2
2024-01-30 15:16:27.001,18052,18052,18052,2,0
2024-01-30 15:16:28.001,18054,18054,18054,2,2
2024-01-30 15:16:30.001,18054,18054,18054,2,0
2024-01-30 15:16:30.001,18053,18053,18053,2,-2
2024-01-30 15:16:33.001,18054,18054,18054,4,4
2024-01-30 15:16:36.001,18054,18054,18054,2,0
2024-01-30 15:16:36.001,18055,18055,18055,2,2
2024-01-30 15:16:46.001,18055,18055,18055,2,0
2024-01-30 15:17:00.001,18053,18053,18053,4,-4
2024-01-30 15:17:00.001,18053,18053,18053,4,0
2024-01-30 15:17:06.001,18054,18054,18054,2,2
2024-01-30 15:17:07.001,18053,18053,18053,2,-2
2024-01-30 15:17:14.001,18055,18055,18055,2,2
2024-01-30 15:17:14.001,18055,18055,18055,10,0
2024-01-30 15:17:14.001,18055,18055,18055,2,0
2024-01-30 15:17:14.001,18055,18055,18055,4,0
2024-01-30 15:17:14.001,18055,18055,18055,2,0
2024-01-30 15:17:15.001,18055,18055,18055,2,0
2024-01-30 15:17:15.001,18055,18055,18055,2,0
2024-01-30 15:17:16.001,18054,18054,18054,2,-2
2024-01-30 15:17:25.001,18054,18054,18054,2,0
2024-01-30 15:17:31.001,18055,18055,18055,4,4
2024-01-30 15:17:46.001,18055,18055,18055,2,0
2024-01-30 15:17:46.001,18055,18055,18055,4,0
2024-01-30 15:17:46.001,18055,18055,18055,4,0
2024-01-30 15:17:46.001,18055,18055,18055,4,0
2024-01-30 15:17:46.001,18054,18054,18054,2,-2
2024-01-30 15:17:46.001,18054,18054,18054,2,0
2024-01-30 15:17:51.001,18055,18055,18055,2,2
2024-01-30 15:17:51.001,18055,18055,18055,4,0
2024-01-30 15:18:04.001,18055,18055,18055,2,0
2024-01-30 15:18:10.001,18054,18054,18054,2,-2
2024-01-30 15:18:10.001,18055,18055,18055,4,4
2024-01-30 15:18:10.001,18055,18055,18055,4,0
2024-01-30 15:18:10.001,18054,18054,18054,2,-2
2024-01-30 15:18:18.001,18055,18055,18055,6,6
2024-01-30 15:18:29.001,18055,18055,18055,10,0
2024-01-30 15:18:34.001,18055,18055,18055,2,0
2024-01-30 15:18:36.001,18055,18055,18055,4,0
2024-01-30 15:18:36.001,18055,18055,18055,2,0
2024-01-30 15:18:36.001,18055,18055,18055,2,0
2024-01-30 15:18:42.001,18055,18055,18055,2,0
2024-01-30 15:18:47.001,18055,18055,18055,2,0
2024-01-30 15:18:48.001,18056,18056,18056,2,2
2024-01-30 15:18:52.001,18056,18056,18056,8,0
2024-01-30 15:18:57.001,18056,18056,18056,2,0
2024-01-30 15:18:58.001,18056,18056,18056,8,0
2024-01-30 15:18:58.001,18055,18055,18055,2,-2
2024-01-30 15:19:02.001,18055,18055,18055,2,0
2024-01-30 15:19:02.001,18056,18056,18056,8,8
2024-01-30 15:19:04.001,18055,18055,18055,2,-2
2024-01-30 15:19:05.001,18055,18055,18055,2,0
2024-01-30 15:19:05.001,18055,18055,18055,4,0
2024-01-30 15:19:09.001,18055,18055,18055,2,0
2024-01-30 15:19:09.001,18054,18054,18054,2,-2
2024-01-30 15:19:09.001,18054,18054,18054,2,0
2024-01-30 15:19:10.001,18055,18055,18055,2,2
2024-01-30 15:19:11.001,18054,18054,18054,2,-2
2024-01-30 15:19:25.001,18055,18055,18055,2,2
2024-01-30 15:19:25.001,18055,18055,18055,4,0
2024-01-30 15:19:25.001,18055,18055,18055,2,0
2024-01-30 15:19:25.001,18055,18055,18055,6,0
2024-01-30 15:19:27.001,18056,18056,18056,2,2
2024-01-30 15:19:33.001,18056,18056,18056,2,0
2024-01-30 15:19:34.001,18056,18056,18056,4,0
2024-01-30 15:19:34.001,18056,18056,18056,4,0
2024-01-30 15:19:34.001,18056,18056,18056,4,0
2024-01-30 15:19:34.001,18056,18056,18056,2,0
2024-01-30 15:19:51.001,18057,18057,18057,6,6
2024-01-30 15:19:58.001,18057,18057,18057,2,0
2024-01-30 15:20:00.001,18056,18056,18056,2,-2
2024-01-30 15:20:03.001,18057,18057,18057,4,4
2024-01-30 15:20:03.001,18057,18057,18057,2,0
2024-01-30 15:20:03.001,18057,18057,18057,2,0
2024-01-30 15:20:03.001,18057,18057,18057,2,0
2024-01-30 15:20:03.001,18057,18057,18057,10,0
2024-01-30 15:20:12.001,18058,18058,18058,2,2
2024-01-30 15:20:13.001,18058,18058,18058,2,0
2024-01-30 15:20:17.001,18058,18058,18058,2,0
2024-01-30 15:20:20.001,18058,18058,18058,6,0
2024-01-30 15:20:23.001,18058,18058,18058,4,0
2024-01-30 15:20:23.001,18058,18058,18058,2,0
2024-01-30 15:20:23.001,18058,18058,18058,10,0
2024-01-30 15:20:23.001,18058,18058,18058,2,0
2024-01-30 15:20:23.001,18058,18058,18058,4,0
2024-01-30 15:20:23.001,18058,18058,18058,4,0
2024-01-30 15:20:28.001,18059,18059,18059,2,2
2024-01-30 15:20:30.001,18058,18058,18058,2,-2
2024-01-30 15:20:31.001,18059,18059,18059,12,12
2024-01-30 15:20:31.001,18059,18059,18059,4,0
2024-01-30 15:20:31.001,18059,18059,18059,6,0
2024-01-30 15:20:31.001,18059,18059,18059,4,0
2024-01-30 15:20:31.001,18059,18059,18059,2,0
2024-01-30 15:20:31.001,18059,18059,18059,2,0
2024-01-30 15:20:37.001,18059,18059,18059,6,0
2024-01-30 15:20:39.001,18060,18060,18060,2,2
2024-01-30 15:20:39.001,18060,18060,18060,2,0
2024-01-30 15:20:39.001,18060,18060,18060,2,0
2024-01-30 15:20:39.001,18060,18060,18060,2,0
2024-01-30 15:20:39.001,18060,18060,18060,4,0
2024-01-30 15:20:39.001,18060,18060,18060,2,0
2024-01-30 15:20:40.001,18060,18060,18060,8,0
2024-01-30 15:20:41.001,18060,18060,18060,2,0
2024-01-30 15:20:44.001,18060,18060,18060,2,0
2024-01-30 15:20:47.001,18060,18060,18060,2,0
2024-01-30 15:20:47.001,18060,18060,18060,6,0
2024-01-30 15:20:47.001,18061,18061,18061,2,2
2024-01-30 15:20:47.001,18061,18061,18061,4,0
2024-01-30 15:20:47.001,18061,18061,18061,2,0
2024-01-30 15:20:48.001,18061,18061,18061,6,0
2024-01-30 15:20:50.001,18060,18060,18060,2,-2
2024-01-30 15:20:54.001,18060,18060,18060,2,0
2024-01-30 15:20:54.001,18060,18060,18060,2,0
2024-01-30 15:20:57.001,18059,18059,18059,2,-2
2024-01-30 15:20:57.001,18059,18059,18059,2,0
2024-01-30 15:20:57.001,18059,18059,18059,2,0
2024-01-30 15:20:57.001,18059,18059,18059,4,0
2024-01-30 15:20:57.001,18059,18059,18059,4,0
2024-01-30 15:20:57.001,18059,18059,18059,4,0
2024-01-30 15:20:57.001,18058,18058,18058,4,-4
2024-01-30 15:20:57.001,18059,18059,18059,2,2
2024-01-30 15:20:57.001,18058,18058,18058,2,-2
2024-01-30 15:20:57.001,18058,18058,18058,2,0
2024-01-30 15:20:57.001,18058,18058,18058,2,0
2024-01-30 15:20:57.001,18058,18058,18058,4,0
2024-01-30 15:21:02.001,18057,18057,18057,2,-2
2024-01-30 15:21:04.001,18057,18057,18057,2,0
2024-01-30 15:21:04.001,18057,18057,18057,2,0
2024-01-30 15:21:04.001,18057,18057,18057,2,0
2024-01-30 15:21:05.001,18056,18056,18056,4,-4
2024-01-30 15:21:25.001,18056,18056,18056,4,0
2024-01-30 15:21:30.001,18056,18056,18056,2,0
2024-01-30 15:21:34.001,18057,18057,18057,2,2
2024-01-30 15:21:37.001,18057,18057,18057,4,0
2024-01-30 15:21:38.001,18057,18057,18057,4,0
2024-01-30 15:21:42.001,18057,18057,18057,4,0
2024-01-30 15:21:43.001,18056,18056,18056,2,-2
2024-01-30 15:21:44.001,18057,18057,18057,4,4
2024-01-30 15:21:53.001,18057,18057,18057,2,0
2024-01-30 15:22:02.001,18057,18057,18057,2,0
2024-01-30 15:22:04.001,18057,18057,18057,4,0
2024-01-30 15:22:07.001,18057,18057,18057,2,0
2024-01-30 15:22:07.001,18057,18057,18057,10,0
2024-01-30 15:22:07.001,18057,18057,18057,2,0
2024-01-30 15:22:07.001,18057,18057,18057,8,0
2024-01-30 15:22:07.001,18057,18057,18057,4,0
2024-01-30 15:22:10.001,18056,18056,18056,2,-2
2024-01-30 15:22:10.001,18056,18056,18056,2,0
2024-01-30 15:22:12.001,18057,18057,18057,2,2
2024-01-30 15:22:13.001,18058,18058,18058,4,4
2024-01-30 15:22:14.001,18057,18057,18057,2,-2
2024-01-30 15:22:14.001,18059,18059,18059,10,10
2024-01-30 15:22:22.001,18058,18058,18058,2,-2
2024-01-30 15:22:22.001,18057,18057,18057,2,-2
2024-01-30 15:22:23.001,18057,18057,18057,2,0
2024-01-30 15:22:25.001,18058,18058,18058,2,2
2024-01-30 15:22:26.001,18057,18057,18057,4,-4
2024-01-30 15:22:26.001,18057,18057,18057,2,0
2024-01-30 15:22:32.001,18056,18056,18056,2,-2
2024-01-30 15:22:32.001,18056,18056,18056,2,0
2024-01-30 15:22:32.001,18056,18056,18056,2,0
2024-01-30 15:22:32.001,18058,18058,18058,2,2
2024-01-30 15:22:35.001,18058,18058,18058,2,0
2024-01-30 15:22:39.001,18056,18056,18056,2,-2
2024-01-30 15:22:47.001,18058,18058,18058,2,2
2024-01-30 15:22:53.001,18057,18057,18057,2,-2
2024-01-30 15:22:54.001,18058,18058,18058,20,20
2024-01-30 15:22:59.001,18058,18058,18058,2,0
2024-01-30 15:23:01.001,18058,18058,18058,2,0
2024-01-30 15:23:01.001,18058,18058,18058,2,0
2024-01-30 15:23:02.001,18058,18058,18058,2,0
2024-01-30 15:23:10.001,18059,18059,18059,24,24
2024-01-30 15:23:10.001,18058,18058,18058,2,-2
2024-01-30 15:23:21.001,18059,18059,18059,2,2
2024-01-30 15:23:23.001,18059,18059,18059,4,0
2024-01-30 15:23:25.001,18059,18059,18059,2,0
2024-01-30 15:23:27.001,18060,18060,18060,4,4
2024-01-30 15:23:32.001,18060,18060,18060,2,0
2024-01-30 15:23:40.001,18058,18058,18058,2,-2
2024-01-30 15:23:40.001,18059,18059,18059,2,2
2024-01-30 15:23:55.001,18058,18058,18058,2,-2
2024-01-30 15:23:55.001,18058,18058,18058,2,0
2024-01-30 15:23:55.001,18058,18058,18058,6,0
2024-01-30 15:23:57.001,18058,18058,18058,2,0
2024-01-30 15:23:58.001,18058,18058,18058,6,0
2024-01-30 15:24:00.001,18059,18059,18059,2,2
2024-01-30 15:24:17.001,18059,18059,18059,2,0
2024-01-30 15:24:26.001,18059,18059,18059,2,0
2024-01-30 15:24:28.001,18059,18059,18059,2,0
2024-01-30 15:24:29.001,18058,18058,18058,2,-2
2024-01-30 15:24:29.001,18058,18058,18058,2,0
2024-01-30 15:24:29.001,18058,18058,18058,2,0
2024-01-30 15:24:29.001,18058,18058,18058,2,0
2024-01-30 15:24:29.001,18058,18058,18058,2,0
2024-01-30 15:24:29.001,18058,18058,18058,2,0
2024-01-30 15:24:41.001,18058,18058,18058,2,0
2024-01-30 15:24:50.001,18057,18057,18057,2,-2
2024-01-30 15:24:50.001,18057,18057,18057,2,0
2024-01-30 15:25:07.001,18056,18056,18056,2,-2
2024-01-30 15:25:10.001,18056,18056,18056,2,0
2024-01-30 15:25:18.001,18056,18056,18056,4,0
2024-01-30 15:25:18.001,18056,18056,18056,6,0
2024-01-30 15:25:18.001,18056,18056,18056,4,0
2024-01-30 15:25:18.001,18056,18056,18056,16,0
2024-01-30 15:25:18.001,18056,18056,18056,4,0
2024-01-30 15:25:18.001,18056,18056,18056,2,0
2024-01-30 15:25:18.001,18056,18056,18056,6,0
2024-01-30 15:25:18.001,18056,18056,18056,2,0
2024-01-30 15:25:22.001,18056,18056,18056,4,0
2024-01-30 15:25:30.001,18055,18055,18055,2,-2
2024-01-30 15:25:37.001,18055,18055,18055,2,0
2024-01-30 15:25:39.001,18056,18056,18056,2,2
2024-01-30 15:25:39.001,18056,18056,18056,8,0
2024-01-30 15:25:39.001,18056,18056,18056,2,0
2024-01-30 15:25:39.001,18056,18056,18056,4,0
2024-01-30 15:25:39.001,18056,18056,18056,2,0
2024-01-30 15:25:39.001,18055,18055,18055,2,-2
2024-01-30 15:25:39.001,18055,18055,18055,2,0
2024-01-30 15:25:39.001,18055,18055,18055,2,0
2024-01-30 15:25:39.001,18055,18055,18055,4,0
2024-01-30 15:25:39.001,18055,18055,18055,2,0
2024-01-30 15:25:39.001,18055,18055,18055,2,0
2024-01-30 15:25:46.001,18055,18055,18055,2,0
2024-01-30 15:25:47.001,18055,18055,18055,2,0
2024-01-30 15:25:48.001,18055,18055,18055,2,0
2024-01-30 15:25:48.001,18055,18055,18055,2,0
2024-01-30 15:25:52.001,18055,18055,18055,2,0
2024-01-30 15:25:52.001,18055,18055,18055,2,0
2024-01-30 15:25:52.001,18055,18055,18055,2,0
2024-01-30 15:25:54.001,18055,18055,18055,8,0
2024-01-30 15:25:57.001,18055,18055,18055,2,0
2024-01-30 15:25:58.001,18055,18055,18055,6,0
2024-01-30 15:26:02.001,18056,18056,18056,2,2
2024-01-30 15:26:02.001,18056,18056,18056,2,0
2024-01-30 15:26:02.001,18056,18056,18056,2,0
2024-01-30 15:26:02.001,18055,18055,18055,2,-2
2024-01-30 15:26:03.001,18055,18055,18055,2,0
2024-01-30 15:26:09.001,18055,18055,18055,2,0
2024-01-30 15:26:09.001,18055,18055,18055,2,0
2024-01-30 15:26:09.001,18055,18055,18055,2,0
2024-01-30 15:26:09.001,18055,18055,18055,2,0
2024-01-30 15:26:21.001,18056,18056,18056,2,2
2024-01-30 15:26:21.001,18056,18056,18056,2,0
2024-01-30 15:26:32.001,18056,18056,18056,2,0
2024-01-30 15:26:52.001,18056,18056,18056,2,0
2024-01-30 15:27:00.001,18056,18056,18056,2,0
2024-01-30 15:27:03.001,18055,18055,18055,2,-2
2024-01-30 15:27:04.001,18055,18055,18055,2,0
2024-01-30 15:27:04.001,18055,18055,18055,2,0
2024-01-30 15:27:06.001,18055,18055,18055,2,0
2024-01-30 15:27:10.001,18055,18055,18055,2,0
2024-01-30 15:27:11.001,18055,18055,18055,2,0
2024-01-30 15:27:14.001,18054,18054,18054,2,-2
2024-01-30 15:27:26.001,18054,18054,18054,4,0
2024-01-30 15:27:26.001,18054,18054,18054,2,0
2024-01-30 15:27:30.001,18054,18054,18054,2,0
2024-01-30 15:27:31.001,18054,18054,18054,2,0
2024-01-30 15:27:39.001,18054,18054,18054,2,0
2024-01-30 15:27:50.001,18054,18054,18054,6,0
2024-01-30 15:27:50.001,18054,18054,18054,4,0
2024-01-30 15:27:50.001,18054,18054,18054,12,0
2024-01-30 15:27:50.001,18054,18054,18054,2,0
2024-01-30 15:27:50.001,18054,18054,18054,12,0
2024-01-30 15:27:50.001,18054,18054,18054,2,0
2024-01-30 15:27:50.001,18054,18054,18054,2,0
2024-01-30 15:27:54.001,18054,18054,18054,2,0
2024-01-30 15:28:05.001,18054,18054,18054,2,0
2024-01-30 15:28:05.001,18054,18054,18054,4,0
2024-01-30 15:28:05.001,18054,18054,18054,16,0
2024-01-30 15:28:05.001,18054,18054,18054,2,0
2024-01-30 15:28:05.001,18054,18054,18054,2,0
2024-01-30 15:28:10.001,18054,18054,18054,4,0
2024-01-30 15:28:10.001,18054,18054,18054,2,0
2024-01-30 15:28:10.001,18054,18054,18054,2,0
2024-01-30 15:28:17.001,18054,18054,18054,2,0
2024-01-30 15:28:17.001,18054,18054,18054,2,0
2024-01-30 15:28:17.001,18054,18054,18054,2,0
2024-01-30 15:28:17.001,18053,18053,18053,2,-2
2024-01-30 15:28:17.001,18053,18053,18053,2,0
2024-01-30 15:28:17.001,18053,18053,18053,12,0
2024-01-30 15:28:17.001,18053,18053,18053,4,0
2024-01-30 15:28:17.001,18053,18053,18053,2,0
2024-01-30 15:28:17.001,18053,18053,18053,2,0
2024-01-30 15:28:17.001,18053,18053,18053,2,0
2024-01-30 15:28:17.001,18053,18053,18053,2,0
2024-01-30 15:28:17.001,18053,18053,18053,2,0
2024-01-30 15:28:17.001,18053,18053,18053,2,0
2024-01-30 15:28:17.001,18053,18053,18053,4,0
2024-01-30 15:28:17.001,18053,18053,18053,4,0
2024-01-30 15:28:17.001,18054,18054,18054,4,4
2024-01-30 15:28:17.001,18054,18054,18054,4,0
2024-01-30 15:28:18.001,18054,18054,18054,4,0
2024-01-30 15:28:18.001,18054,18054,18054,4,0
2024-01-30 15:28:18.001,18054,18054,18054,2,0
2024-01-30 15:28:19.001,18054,18054,18054,2,0
2024-01-30 15:28:19.001,18053,18053,18053,2,-2
2024-01-30 15:28:19.001,18053,18053,18053,4,0
2024-01-30 15:28:19.001,18053,18053,18053,2,0
2024-01-30 15:28:19.001,18053,18053,18053,4,0
2024-01-30 15:28:19.001,18053,18053,18053,4,0
2024-01-30 15:28:19.001,18053,18053,18053,4,0
2024-01-30 15:28:19.001,18053,18053,18053,2,0
2024-01-30 15:28:19.001,18053,18053,18053,4,0
2024-01-30 15:28:19.001,18053,18053,18053,2,0
2024-01-30 15:28:19.001,18053,18053,18053,2,0
2024-01-30 15:28:19.001,18053,18053,18053,2,0
2024-01-30 15:28:20.001,18053,18053,18053,2,0
2024-01-30 15:28:20.001,18053,18053,18053,2,0
2024-01-30 15:28:20.001,18053,18053,18053,2,0
2024-01-30 15:28:25.001,18053,18053,18053,2,0
2024-01-30 15:28:25.001,18053,18053,18053,2,0
2024-01-30 15:28:25.001,18053,18053,18053,2,0
2024-01-30 15:28:26.001,18053,18053,18053,2,0
2024-01-30 15:28:28.001,18053,18053,18053,2,0
2024-01-30 15:28:28.001,18053,18053,18053,2,0
2024-01-30 15:28:38.001,18053,18053,18053,2,0
2024-01-30 15:28:38.001,18053,18053,18053,2,0
2024-01-30 15:28:40.001,18053,18053,18053,2,0
2024-01-30 15:28:45.001,18054,18054,18054,2,2
2024-01-30 15:28:52.001,18054,18054,18054,4,0
2024-01-30 15:28:52.001,18054,18054,18054,2,0
2024-01-30 15:28:52.001,18053,18053,18053,2,-2
2024-01-30 15:28:52.001,18053,18053,18053,4,0
2024-01-30 15:28:52.001,18053,18053,18053,4,0
2024-01-30 15:28:56.001,18054,18054,18054,2,2
2024-01-30 15:28:56.001,18054,18054,18054,8,0
2024-01-30 15:28:56.001,18054,18054,18054,2,0
2024-01-30 15:28:56.001,18054,18054,18054,10,0
2024-01-30 15:29:00.001,18054,18054,18054,2,0
2024-01-30 15:29:20.001,18054,18054,18054,2,0
2024-01-30 15:29:21.001,18054,18054,18054,4,0
2024-01-30 15:29:21.001,18055,18055,18055,2,2
2024-01-30 15:29:21.001,18055,18055,18055,2,0
2024-01-30 15:29:30.001,18054,18054,18054,2,-2
2024-01-30 15:29:32.001,18054,18054,18054,2,0
2024-01-30 15:29:36.001,18055,18055,18055,6,6
2024-01-30 15:29:39.001,18055,18055,18055,2,0
2024-01-30 15:29:39.001,18055,18055,18055,2,0
2024-01-30 15:29:42.001,18055,18055,18055,2,0
2024-01-30 15:29:42.001,18055,18055,18055,2,0
2024-01-30 15:29:59.001,18055,18055,18055,4,0
2024-01-30 15:29:59.001,18055,18055,18055,2,0
2024-01-30 15:29:59.001,18055,18055,18055,6,0
2024-01-30 15:29:59.001,18055,18055,18055,2,0
2024-01-30 15:29:59.001,18055,18055,18055,2,0
2024-01-30 15:29:59.001,18055,18055,18055,2,0
2024-01-30 15:29:59.001,18055,18055,18055,2,0
2024-01-30 15:29:59.001,18055,18055,18055,2,0
2024-01-30 15:29:59.001,18055,18055,18055,2,0
2024-01-30 15:30:00.001,18055,18055,18055,2,0
2024-01-30 15:30:00.001,18055,18055,18055,4,0
2024-01-30 15:30:00.001,18054,18054,18054,4,-4
2024-01-30 15:30:00.001,18054,18054,18054,2,0
2024-01-30 15:30:00.001,18054,18054,18054,2,0
2024-01-30 15:30:00.001,18054,18054,18054,4,0
2024-01-30 15:30:00.001,18054,18054,18054,2,0
2024-01-30 15:30:00.001,18054,18054,18054,2,0
2024-01-30 15:30:00.001,18054,18054,18054,4,0
2024-01-30 15:30:00.001,18054,18054,18054,2,0
2024-01-30 15:30:00.001,18054,18054,18054,4,0
2024-01-30 15:30:00.001,18054,18054,18054,2,0
2024-01-30 15:30:00.001,18054,18054,18054,2,0
2024-01-30 15:30:00.001,18054,18054,18054,2,0
2024-01-30 15:30:01.001,18054,18054,18054,6,0
2024-01-30 15:30:01.001,18054,18054,18054,4,0
2024-01-30 15:30:01.001,18054,18054,18054,4,0
2024-01-30 15:30:01.001,18054,18054,18054,2,0
2024-01-30 15:30:01.001,18054,18054,18054,4,0
2024-01-30 15:30:27.001,18054,18054,18054,2,0
2024-01-30 15:30:27.001,18054,18054,18054,2,0
2024-01-30 15:30:36.001,18054,18054,18054,2,0
2024-01-30 15:30:36.001,18054,18054,18054,2,0
2024-01-30 15:30:36.001,18054,18054,18054,2,0
2024-01-30 15:30:39.001,18054,18054,18054,2,0
2024-01-30 15:30:53.001,18054,18054,18054,2,0
2024-01-30 15:30:55.001,18054,18054,18054,2,0
2024-01-30 15:30:59.001,18054,18054,18054,10,0
2024-01-30 15:31:01.001,18053,18053,18053,2,-2
2024-01-30 15:31:01.001,18054,18054,18054,8,8
2024-01-30 15:31:09.001,18053,18053,18053,2,-2
2024-01-30 15:31:09.001,18053,18053,18053,2,0
2024-01-30 15:31:09.001,18053,18053,18053,2,0
2024-01-30 15:31:09.001,18053,18053,18053,2,0
2024-01-30 15:31:09.001,18053,18053,18053,2,0
2024-01-30 15:31:15.001,18053,18053,18053,2,0
2024-01-30 15:31:23.001,18053,18053,18053,2,0
2024-01-30 15:31:32.001,18053,18053,18053,4,0
2024-01-30 15:31:32.001,18053,18053,18053,2,0
2024-01-30 15:31:33.001,18053,18053,18053,2,0
2024-01-30 15:31:33.001,18053,18053,18053,4,0
2024-01-30 15:31:33.001,18053,18053,18053,4,0
2024-01-30 15:31:37.001,18053,18053,18053,2,0
2024-01-30 15:31:37.001,18053,18053,18053,4,0
2024-01-30 15:31:37.001,18053,18053,18053,2,0
2024-01-30 15:31:44.001,18053,18053,18053,6,0
2024-01-30 15:31:44.001,18053,18053,18053,2,0
2024-01-30 15:31:44.001,18053,18053,18053,2,0
2024-01-30 15:31:47.001,18053,18053,18053,2,0
2024-01-30 15:31:52.001,18052,18052,18052,4,-4
2024-01-30 15:31:52.001,18052,18052,18052,4,0
2024-01-30 15:31:52.001,18052,18052,18052,2,0
2024-01-30 15:31:52.001,18052,18052,18052,2,0
2024-01-30 15:31:52.001,18052,18052,18052,2,0
2024-01-30 15:31:52.001,18052,18052,18052,2,0
2024-01-30 15:31:52.001,18052,18052,18052,2,0
2024-01-30 15:31:52.001,18052,18052,18052,4,0
2024-01-30 15:31:52.001,18052,18052,18052,4,0
2024-01-30 15:31:52.001,18052,18052,18052,2,0
2024-01-30 15:31:52.001,18052,18052,18052,2,0
2024-01-30 15:31:52.001,18052,18052,18052,2,0
2024-01-30 15:31:52.001,18052,18052,18052,2,0
2024-01-30 15:31:52.001,18052,18052,18052,2,0
2024-01-30 15:31:52.001,18052,18052,18052,2,0
2024-01-30 15:31:52.001,18052,18052,18052,2,0
2024-01-30 15:31:52.001,18052,18052,18052,2,0
2024-01-30 15:31:53.001,18053,18053,18053,4,4
2024-01-30 15:32:04.001,18053,18053,18053,2,0
2024-01-30 15:32:04.001,18052,18052,18052,2,-2
2024-01-30 15:32:04.001,18053,18053,18053,16,16
2024-01-30 15:32:17.001,18053,18053,18053,8,0
2024-01-30 15:32:27.001,18053,18053,18053,4,0
2024-01-30 15:32:29.001,18053,18053,18053,2,0
2024-01-30 15:32:30.001,18053,18053,18053,2,0
2024-01-30 15:32:37.001,18053,18053,18053,2,0
2024-01-30 15:32:42.001,18053,18053,18053,4,0
2024-01-30 15:32:42.001,18053,18053,18053,2,0
2024-01-30 15:32:51.001,18052,18052,18052,2,-2
2024-01-30 15:32:52.001,18053,18053,18053,4,4
2024-01-30 15:32:53.001,18052,18052,18052,4,-4
2024-01-30 15:32:53.001,18052,18052,18052,2,0
2024-01-30 15:33:07.001,18053,18053,18053,2,2
2024-01-30 15:33:13.001,18052,18052,18052,2,-2
2024-01-30 15:33:13.001,18052,18052,18052,2,0
2024-01-30 15:33:13.001,18052,18052,18052,2,0
2024-01-30 15:33:13.001,18052,18052,18052,2,0
2024-01-30 15:33:13.001,18052,18052,18052,2,0
2024-01-30 15:33:13.001,18052,18052,18052,4,0
2024-01-30 15:33:13.001,18052,18052,18052,2,0
2024-01-30 15:33:13.001,18052,18052,18052,2,0
2024-01-30 15:33:13.001,18052,18052,18052,2,0
2024-01-30 15:33:13.001,18052,18052,18052,2,0
2024-01-30 15:33:13.001,18052,18052,18052,2,0
2024-01-30 15:33:17.001,18051,18051,18051,2,-2
2024-01-30 15:33:17.001,18051,18051,18051,4,0
2024-01-30 15:33:17.001,18051,18051,18051,4,0
2024-01-30 15:33:20.001,18051,18051,18051,2,0
2024-01-30 15:33:24.001,18052,18052,18052,2,2
2024-01-30 15:33:24.001,18051,18051,18051,2,-2
2024-01-30 15:33:24.001,18051,18051,18051,2,0
2024-01-30 15:33:26.001,18052,18052,18052,4,4
2024-01-30 15:33:30.001,18051,18051,18051,2,-2
2024-01-30 15:33:30.001,18051,18051,18051,2,0
2024-01-30 15:33:36.001,18052,18052,18052,2,2
2024-01-30 15:33:36.001,18052,18052,18052,2,0
2024-01-30 15:33:36.001,18052,18052,18052,2,0
2024-01-30 15:33:36.001,18051,18051,18051,2,-2
2024-01-30 15:33:39.001,18052,18052,18052,2,2
2024-01-30 15:33:55.001,18052,18052,18052,2,0
2024-01-30 15:33:56.001,18052,18052,18052,2,0
2024-01-30 15:33:56.001,18052,18052,18052,2,0
2024-01-30 15:33:56.001,18052,18052,18052,2,0
2024-01-30 15:33:56.001,18052,18052,18052,2,0
2024-01-30 15:33:58.001,18051,18051,18051,2,-2
2024-01-30 15:34:06.001,18051,18051,18051,2,0
2024-01-30 15:34:06.001,18051,18051,18051,2,0
2024-01-30 15:34:06.001,18051,18051,18051,2,0
2024-01-30 15:34:06.001,18051,18051,18051,4,0
2024-01-30 15:34:06.001,18051,18051,18051,2,0
2024-01-30 15:34:06.001,18051,18051,18051,2,0
2024-01-30 15:34:06.001,18051,18051,18051,2,0
2024-01-30 15:34:06.001,18051,18051,18051,2,0
2024-01-30 15:34:06.001,18051,18051,18051,2,0
2024-01-30 15:34:06.001,18051,18051,18051,4,0
2024-01-30 15:34:06.001,18051,18051,18051,2,0
2024-01-30 15:34:06.001,18051,18051,18051,2,0
2024-01-30 15:34:06.001,18051,18051,18051,2,0
2024-01-30 15:34:06.001,18051,18051,18051,36,0
2024-01-30 15:34:06.001,18051,18051,18051,2,0
2024-01-30 15:34:06.001,18051,18051,18051,14,0
2024-01-30 15:34:06.001,18051,18051,18051,2,0
2024-01-30 15:34:06.001,18051,18051,18051,2,0
2024-01-30 15:34:06.001,18051,18051,18051,2,0
2024-01-30 15:34:06.001,18051,18051,18051,2,0
2024-01-30 15:34:06.001,18051,18051,18051,2,0
2024-01-30 15:34:12.001,18050,18050,18050,94,-94
2024-01-30 15:34:12.001,18050,18050,18050,2,0
2024-01-30 15:34:12.001,18050,18050,18050,2,0
2024-01-30 15:34:12.001,18050,18050,18050,2,0
2024-01-30 15:34:12.001,18050,18050,18050,4,0
2024-01-30 15:34:12.001,18050,18050,18050,2,0
2024-01-30 15:34:12.001,18050,18050,18050,2,0
2024-01-30 15:34:12.001,18050,18050,18050,2,0
2024-01-30 15:34:12.001,18050,18050,18050,2,0
2024-01-30 15:34:12.001,18050,18050,18050,2,0
2024-01-30 15:34:12.001,18050,18050,18050,4,0
2024-01-30 15:34:12.001,18050,18050,18050,2,0
2024-01-30 15:34:12.001,18050,18050,18050,2,0
2024-01-30 15:34:12.001,18050,18050,18050,2,0
2024-01-30 15:34:12.001,18050,18050,18050,2,0
2024-01-30 15:34:12.001,18050,18050,18050,2,0
2024-01-30 15:34:12.001,18050,18050,18050,2,0
2024-01-30 15:34:12.001,18050,18050,18050,2,0
2024-01-30 15:34:12.001,18050,18050,18050,2,0
2024-01-30 15:34:12.001,18050,18050,18050,2,0
2024-01-30 15:34:12.001,18050,18050,18050,2,0
2024-01-30 15:34:12.001,18050,18050,18050,4,0
2024-01-30 15:34:12.001,18050,18050,18050,4,0
2024-01-30 15:34:12.001,18050,18050,18050,2,0
2024-01-30 15:34:12.001,18050,18050,18050,4,0
2024-01-30 15:34:12.001,18050,18050,18050,2,0
2024-01-30 15:34:12.001,18050,18050,18050,6,0
2024-01-30 15:34:12.001,18050,18050,18050,2,0
2024-01-30 15:34:12.001,18050,18050,18050,4,0
2024-01-30 15:34:12.001,18050,18050,18050,2,0
2024-01-30 15:34:12.001,18050,18050,18050,2,0
2024-01-30 15:34:12.001,18050,18050,18050,2,0
2024-01-30 15:34:12.001,18050,18050,18050,2,0
2024-01-30 15:34:12.001,18050,18050,18050,2,0
2024-01-30 15:34:12.001,18050,18050,18050,2,0
2024-01-30 15:34:12.001,18050,18050,18050,2,0
2024-01-30 15:34:12.001,18050,18050,18050,4,0
2024-01-30 15:34:12.001,18050,18050,18050,2,0
2024-01-30 15:34:12.001,18050,18050,18050,2,0
2024-01-30 15:34:12.001,18050,18050,18050,2,0
2024-01-30 15:34:12.001,18050,18050,18050,2,0
2024-01-30 15:34:12.001,18050,18050,18050,2,0
2024-01-30 15:34:12.001,18050,18050,18050,2,0
2024-01-30 15:34:12.001,18050,18050,18050,2,0
2024-01-30 15:34:12.001,18050,18050,18050,2,0
2024-01-30 15:34:12.001,18050,18050,18050,2,0
2024-01-30 15:34:12.001,18050,18050,18050,10,0
2024-01-30 15:34:12.001,18050,18050,18050,2,0
2024-01-30 15:34:12.001,18050,18050,18050,2,0
2024-01-30 15:34:12.001,18050,18050,18050,2,0
2024-01-30 15:34:12.001,18050,18050,18050,2,0
2024-01-30 15:34:12.001,18050,18050,18050,2,0
2024-01-30 15:34:12.001,18050,18050,18050,8,0
2024-01-30 15:34:12.001,18050,18050,18050,2,0
2024-01-30 15:34:12.001,18050,18050,18050,2,0
2024-01-30 15:34:12.001,18050,18050,18050,8,0
2024-01-30 15:34:12.001,18049,18049,18049,6,-6
2024-01-30 15:34:12.001,18049,18049,18049,2,0
2024-01-30 15:34:12.001,18049,18049,18049,2,0
2024-01-30 15:34:12.001,18049,18049,18049,2,0
2024-01-30 15:34:12.001,18049,18049,18049,2,0
2024-01-30 15:34:12.001,18049,18049,18049,2,0
2024-01-30 15:34:12.001,18049,18049,18049,2,0
2024-01-30 15:34:12.001,18049,18049,18049,2,0
2024-01-30 15:34:12.001,18049,18049,18049,2,0
2024-01-30 15:34:12.001,18049,18049,18049,2,0
2024-01-30 15:34:12.001,18049,18049,18049,2,0
2024-01-30 15:34:12.001,18049,18049,18049,6,0
2024-01-30 15:34:12.001,18049,18049,18049,8,0
2024-01-30 15:34:12.001,18048,18048,18048,2,-2
2024-01-30 15:34:12.001,18048,18048,18048,2,0
2024-01-30 15:34:12.001,18049,18049,18049,2,2
2024-01-30 15:34:12.001,18048,18048,18048,4,-4
2024-01-30 15:34:12.001,18048,18048,18048,2,0
2024-01-30 15:34:12.001,18048,18048,18048,2,0
2024-01-30 15:34:12.001,18048,18048,18048,4,0
2024-01-30 15:34:12.001,18049,18049,18049,2,2
2024-01-30 15:34:13.001,18049,18049,18049,2,0
2024-01-30 15:34:16.001,18050,18050,18050,4,4
2024-01-30 15:34:22.001,18049,18049,18049,2,-2
2024-01-30 15:34:22.001,18049,18049,18049,2,0
2024-01-30 15:34:22.001,18049,18049,18049,2,0
2024-01-30 15:34:22.001,18049,18049,18049,2,0
2024-01-30 15:34:22.001,18049,18049,18049,2,0
2024-01-30 15:34:22.001,18049,18049,18049,2,0
2024-01-30 15:34:23.001,18049,18049,18049,6,0
2024-01-30 15:34:27.001,18049,18049,18049,2,0
2024-01-30 15:34:28.001,18049,18049,18049,2,0
2024-01-30 15:34:30.001,18048,18048,18048,2,-2
2024-01-30 15:34:30.001,18049,18049,18049,2,2
2024-01-30 15:34:30.001,18049,18049,18049,2,0
2024-01-30 15:34:31.001,18049,18049,18049,4,0
2024-01-30 15:34:42.001,18049,18049,18049,2,0
2024-01-30 15:34:43.001,18049,18049,18049,2,0
2024-01-30 15:34:59.001,18049,18049,18049,2,0
2024-01-30 15:35:00.001,18049,18049,18049,2,0
2024-01-30 15:35:01.001,18049,18049,18049,2,0
2024-01-30 15:35:01.001,18049,18049,18049,2,0
2024-01-30 15:35:01.001,18049,18049,18049,2,0
2024-01-30 15:35:01.001,18049,18049,18049,2,0
2024-01-30 15:35:04.001,18049,18049,18049,2,0
2024-01-30 15:35:05.001,18049,18049,18049,2,0
2024-01-30 15:35:06.001,18049,18049,18049,2,0
2024-01-30 15:35:09.001,18049,18049,18049,2,0
2024-01-30 15:35:09.001,18049,18049,18049,4,0
2024-01-30 15:35:09.001,18049,18049,18049,2,0
2024-01-30 15:35:09.001,18049,18049,18049,2,0
2024-01-30 15:35:11.001,18049,18049,18049,2,0
2024-01-30 15:35:15.001,18048,18048,18048,2,-2
2024-01-30 15:35:15.001,18048,18048,18048,2,0
2024-01-30 15:35:16.001,18048,18048,18048,2,0
2024-01-30 15:35:18.001,18048,18048,18048,2,0
2024-01-30 15:35:25.001,18048,18048,18048,2,0
2024-01-30 15:35:28.001,18049,18049,18049,2,2
2024-01-30 15:35:30.001,18049,18049,18049,2,0
