2020-12-30 15:00:00.040,14646,14647,14646,92
2020-12-30 15:00:00.041,14646,14647,14646,2
2020-12-30 15:00:00.075,14646,14647,14647,2
2020-12-30 15:00:00.099,14646,14647,14647,2
2020-12-30 15:00:00.111,14646,14647,14646,4
2020-12-30 15:00:00.111,14646,14647,14646,2
2020-12-30 15:00:00.128,14646,14647,14645,1
2020-12-30 15:00:00.135,14645,14647,14647,1
2020-12-30 15:00:00.142,14645,14647,14645,2
2020-12-30 15:00:00.149,14645,14647,14645,1
2020-12-30 15:00:00.181,14645,14647,14646,1
2020-12-30 15:00:00.193,14645,14647,14645,2
2020-12-30 15:00:00.199,14645,14647,14645,1
2020-12-30 15:00:00.199,14645,14647,14644,1
2020-12-30 15:00:00.255,14645,14647,14646,3
2020-12-30 15:00:00.276,14646,14647,14646,1
2020-12-30 15:00:00.280,14646,14647,14647,1
2020-12-30 15:00:00.318,14646,14647,14647,2
2020-12-30 15:00:00.319,14646,14647,14647,1
2020-12-30 15:00:00.322,14646,14647,14647,3
2020-12-30 15:00:00.323,14646,14647,14647,1
2020-12-30 15:00:00.326,14646,14647,14646,1
2020-12-30 15:00:00.328,14646,14647,14647,1
2020-12-30 15:00:00.336,14646,14647,14647,2
2020-12-30 15:00:00.341,14646,14647,14647,3
2020-12-30 15:00:00.342,14646,14647,14647,1
2020-12-30 15:00:00.346,14646,14647,14646,1
2020-12-30 15:00:00.386,14646,14647,14646,11
2020-12-30 15:00:00.406,14646,14647,14647,1
2020-12-30 15:00:00.459,14646,14647,14647,2
2020-12-30 15:00:00.459,14646,14647,14648,1
2020-12-30 15:00:00.540,14646,14648,14648,3
2020-12-30 15:00:00.577,14646,14648,14648,1
2020-12-30 15:00:00.653,14646,14648,14648,1
2020-12-30 15:00:00.765,14646,14648,14646,1
2020-12-30 15:00:00.771,14646,14648,14648,1
2020-12-30 15:00:00.778,14646,14648,14647,1
2020-12-30 15:00:00.780,14646,14648,14647,1
2020-12-30 15:00:00.794,14646,14648,14648,1
2020-12-30 15:00:00.825,14646,14648,14647,1
2020-12-30 15:00:00.862,14646,14648,14648,2
2020-12-30 15:00:00.873,14646,14648,14648,1
2020-12-30 15:00:00.965,14647,14648,14647,1
2020-12-30 15:00:01.029,14647,14648,14648,1
2020-12-30 15:00:01.049,14647,14648,14648,1
2020-12-30 15:00:01.093,14647,14648,14648,1
2020-12-30 15:00:01.095,14647,14648,14648,2
2020-12-30 15:00:01.100,14647,14648,14647,1
2020-12-30 15:00:01.155,14647,14649,14647,1
2020-12-30 15:00:01.196,14647,14649,14649,2
2020-12-30 15:00:01.278,14646,14648,14648,6
2020-12-30 15:00:01.278,14646,14648,14649,1
2020-12-30 15:00:01.373,14646,14648,14649,1
2020-12-30 15:00:01.375,14646,14648,14649,1
2020-12-30 15:00:01.380,14646,14648,14649,1
2020-12-30 15:00:01.420,14647,14649,14649,1
2020-12-30 15:00:01.438,14647,14649,14647,2
2020-12-30 15:00:01.438,14647,14649,14647,1
2020-12-30 15:00:01.457,14647,14649,14649,1
2020-12-30 15:00:01.475,14647,14649,14649,1
2020-12-30 15:00:01.512,14647,14649,14649,1
2020-12-30 15:00:01.518,14647,14649,14647,1
2020-12-30 15:00:01.558,14647,14649,14649,1
2020-12-30 15:00:01.723,14647,14649,14649,1
2020-12-30 15:00:01.883,14647,14649,14647,1
2020-12-30 15:00:02.025,14647,14649,14647,1
2020-12-30 15:00:02.030,14647,14649,14647,1
2020-12-30 15:00:02.032,14647,14649,14647,1
2020-12-30 15:00:02.032,14647,14649,14647,1
2020-12-30 15:00:02.036,14647,14649,14647,1
2020-12-30 15:00:02.047,14647,14649,14647,1
2020-12-30 15:00:02.051,14647,14649,14647,1
2020-12-30 15:00:02.061,14647,14649,14646,1
2020-12-30 15:00:02.129,14647,14649,14646,1
2020-12-30 15:00:02.231,14646,14648,14647,1
2020-12-30 15:00:02.287,14646,14648,14648,2
2020-12-30 15:00:02.293,14646,14648,14648,2
2020-12-30 15:00:02.460,14647,14648,14648,4
2020-12-30 15:00:02.511,14648,14649,14648,4
2020-12-30 15:00:02.511,14648,14649,14647,2
2020-12-30 15:00:02.681,14647,14648,14648,1
2020-12-30 15:00:03.205,14647,14648,14647,1
2020-12-30 15:00:03.285,14646,14647,14646,1
2020-12-30 15:00:03.332,14646,14647,14646,1
2020-12-30 15:00:03.365,14646,14647,14646,1
2020-12-30 15:00:03.492,14646,14647,14646,1
2020-12-30 15:00:03.617,14646,14647,14647,1
2020-12-30 15:00:03.617,14646,14647,14648,3
2020-12-30 15:00:03.642,14647,14648,14648,4
2020-12-30 15:00:03.642,14647,14648,14649,1
2020-12-30 15:00:03.751,14647,14648,14649,1
2020-12-30 15:00:03.771,14647,14649,14649,1
2020-12-30 15:00:03.889,14647,14649,14649,2
2020-12-30 15:00:03.942,14647,14649,14647,1
2020-12-30 15:00:03.992,14647,14649,14647,1
2020-12-30 15:00:04.230,14647,14648,14648,1
2020-12-30 15:00:04.244,14647,14648,14648,1
2020-12-30 15:00:04.244,14647,14648,14649,1
2020-12-30 15:00:04.265,14647,14649,14649,1
2020-12-30 15:00:04.489,14647,14649,14647,1
2020-12-30 15:00:04.851,14647,14648,14648,1
2020-12-30 15:00:04.870,14647,14648,14649,1
2020-12-30 15:00:04.898,14647,14649,14648,1
2020-12-30 15:00:04.938,14647,14649,14647,1
2020-12-30 15:00:05.471,14647,14648,14648,1
2020-12-30 15:00:05.472,14647,14648,14649,1
2020-12-30 15:00:05.472,14647,14648,14649,1
2020-12-30 15:00:05.489,14647,14648,14647,1
2020-12-30 15:00:05.559,14647,14649,14648,1
2020-12-30 15:00:05.605,14647,14649,14647,3
2020-12-30 15:00:05.605,14647,14649,14646,2
2020-12-30 15:00:06.329,14647,14649,14649,2
2020-12-30 15:00:06.332,14647,14649,14649,1
2020-12-30 15:00:06.332,14647,14649,14649,1
2020-12-30 15:00:06.332,14647,14649,14649,1
2020-12-30 15:00:06.332,14647,14649,14649,1
2020-12-30 15:00:06.332,14647,14649,14649,1
2020-12-30 15:00:06.335,14647,14649,14649,1
2020-12-30 15:00:06.339,14647,14649,14649,1
2020-12-30 15:00:06.339,14647,14649,14649,1
2020-12-30 15:00:06.590,14647,14649,14649,2
2020-12-30 15:00:06.801,14647,14649,14647,1
2020-12-30 15:00:06.822,14647,14649,14647,2
2020-12-30 15:00:06.849,14647,14649,14647,2
2020-12-30 15:00:06.849,14647,14649,14646,1
2020-12-30 15:00:07.350,14647,14648,14647,1
2020-12-30 15:00:07.452,14647,14648,14646,5
2020-12-30 15:00:07.751,14647,14648,14647,2
2020-12-30 15:00:07.751,14647,14648,14646,1
2020-12-30 15:00:08.728,14646,14647,14646,2
2020-12-30 15:00:08.756,14646,14647,14646,30
2020-12-30 15:00:08.756,14646,14647,14646,32
2020-12-30 15:00:08.757,14646,14647,14645,1
2020-12-30 15:00:08.757,14646,14647,14645,1
2020-12-30 15:00:09.853,14644,14645,14645,1
2020-12-30 15:00:10.506,14644,14645,14644,1
2020-12-30 15:00:10.631,14643,14644,14643,3
2020-12-30 15:00:10.753,14643,14644,14642,1
2020-12-30 15:00:10.756,14642,14644,14642,3
2020-12-30 15:00:10.802,14642,14644,14642,1
2020-12-30 15:00:10.832,14642,14644,14642,2
2020-12-30 15:00:11.756,14642,14644,14642,1
2020-12-30 15:00:12.460,14642,14644,14644,2
2020-12-30 15:00:12.794,14642,14644,14642,1
2020-12-30 15:00:12.810,14642,14644,14642,1
2020-12-30 15:00:13.109,14642,14643,14642,2
2020-12-30 15:00:13.465,14642,14643,14642,1
2020-12-30 15:00:13.496,14642,14643,14642,1
2020-12-30 15:00:13.791,14641,14643,14641,1
2020-12-30 15:00:14.325,14641,14642,14642,2
2020-12-30 15:00:15.256,14642,14643,14643,1
2020-12-30 15:00:15.512,14642,14643,14643,1
2020-12-30 15:00:15.833,14642,14644,14642,1
2020-12-30 15:00:15.857,14642,14644,14642,1
2020-12-30 15:00:15.872,14642,14644,14642,1
2020-12-30 15:00:15.973,14642,14644,14644,1
2020-12-30 15:00:16.151,14642,14644,14644,1
2020-12-30 15:00:16.922,14642,14644,14644,1
2020-12-30 15:00:17.006,14642,14644,14644,1
2020-12-30 15:00:17.064,14642,14644,14643,1
2020-12-30 15:00:17.719,14643,14645,14645,1
2020-12-30 15:00:18.506,14644,14645,14645,1
2020-12-30 15:00:18.631,14644,14646,14646,9
2020-12-30 15:00:18.756,14644,14646,14646,4
2020-12-30 15:00:18.839,14644,14646,14647,1
2020-12-30 15:00:19.437,14645,14647,14647,1
2020-12-30 15:00:19.765,14645,14647,14647,1
2020-12-30 15:00:20.050,14645,14647,14645,1
2020-12-30 15:00:20.054,14645,14647,14644,2
2020-12-30 15:00:20.325,14645,14646,14645,3
2020-12-30 15:00:21.421,14644,14646,14644,1
2020-12-30 15:00:22.754,14644,14646,14646,1
2020-12-30 15:00:24.810,14644,14646,14644,1
2020-12-30 15:00:27.298,14644,14646,14644,1
2020-12-30 15:00:27.665,14644,14645,14644,5
2020-12-30 15:00:28.347,14644,14645,14644,1
2020-12-30 15:00:29.008,14644,14645,14644,1
2020-12-30 15:00:29.476,14644,14645,14645,1
2020-12-30 15:00:29.593,14644,14645,14644,8
2020-12-30 15:00:29.594,14644,14645,14644,4
2020-12-30 15:00:32.693,14644,14645,14644,1
2020-12-30 15:00:32.892,14644,14645,14644,1
2020-12-30 15:00:33.133,14644,14645,14645,1
2020-12-30 15:00:33.296,14644,14645,14645,2
2020-12-30 15:00:35.244,14644,14645,14644,1
2020-12-30 15:00:35.505,14644,14645,14644,2
2020-12-30 15:00:39.918,14644,14645,14644,2
2020-12-30 15:00:39.956,14644,14645,14645,1
2020-12-30 15:00:42.540,14644,14645,14644,1
2020-12-30 15:00:45.941,14644,14645,14645,1
2020-12-30 15:00:46.038,14644,14645,14645,19
2020-12-30 15:00:46.131,14645,14646,14646,1
2020-12-30 15:00:49.397,14645,14646,14645,1
2020-12-30 15:00:52.456,14644,14645,14645,1
2020-12-30 15:00:52.639,14644,14645,14645,1
2020-12-30 15:00:54.038,14644,14645,14645,2
2020-12-30 15:00:56.551,14644,14645,14645,1
2020-12-30 15:00:56.571,14644,14645,14645,1
2020-12-30 15:00:57.356,14644,14645,14644,5
2020-12-30 15:00:57.393,14644,14645,14644,1
2020-12-30 15:00:57.585,14644,14645,14644,2
2020-12-30 15:00:57.678,14644,14645,14645,1
2020-12-30 15:00:58.559,14644,14645,14645,1
2020-12-30 15:01:00.013,14644,14645,14645,2
2020-12-30 15:01:00.089,14644,14645,14645,2
2020-12-30 15:01:00.092,14644,14645,14645,4
2020-12-30 15:01:00.104,14644,14645,14646,1
2020-12-30 15:01:00.128,14644,14645,14646,1
2020-12-30 15:01:00.139,14644,14646,14644,1
2020-12-30 15:01:00.148,14644,14646,14644,1
2020-12-30 15:01:00.159,14644,14646,14644,1
2020-12-30 15:01:00.161,14644,14646,14646,1
2020-12-30 15:01:00.188,14644,14646,14644,1
2020-12-30 15:01:00.198,14644,14646,14646,1
2020-12-30 15:01:00.242,14644,14646,14646,1
2020-12-30 15:01:00.258,14644,14646,14646,2
2020-12-30 15:01:00.293,14644,14646,14644,1
2020-12-30 15:01:00.881,14644,14645,14645,1
2020-12-30 15:01:01.006,14644,14645,14645,1
2020-12-30 15:01:01.474,14644,14646,14644,1
2020-12-30 15:01:01.691,14644,14646,14644,2
2020-12-30 15:01:01.999,14644,14645,14644,6
2020-12-30 15:01:02.006,14644,14645,14644,7
2020-12-30 15:01:02.506,14643,14644,14643,16
2020-12-30 15:01:02.536,14643,14644,14642,3
2020-12-30 15:01:02.631,14642,14643,14642,7
2020-12-30 15:01:04.408,14642,14643,14642,1
2020-12-30 15:01:05.007,14642,14643,14642,2
2020-12-30 15:01:05.627,14641,14643,14642,1
2020-12-30 15:01:05.718,14641,14643,14643,1
2020-12-30 15:01:06.932,14641,14642,14642,1
2020-12-30 15:01:07.265,14641,14642,14642,1
2020-12-30 15:01:07.382,14641,14643,14641,1
2020-12-30 15:01:09.716,14641,14642,14642,1
2020-12-30 15:01:09.739,14641,14642,14641,2
2020-12-30 15:01:10.032,14641,14642,14641,1
2020-12-30 15:01:10.070,14641,14642,14642,2
2020-12-30 15:01:10.090,14641,14642,14642,2
2020-12-30 15:01:10.416,14642,14643,14643,4
2020-12-30 15:01:10.861,14642,14644,14642,1
2020-12-30 15:01:11.506,14643,14644,14644,4
2020-12-30 15:01:11.756,14643,14645,14645,16
2020-12-30 15:01:11.881,14644,14646,14646,10
2020-12-30 15:01:12.102,14645,14646,14646,1
2020-12-30 15:01:12.213,14645,14646,14645,1
2020-12-30 15:01:13.942,14645,14646,14645,1
2020-12-30 15:01:15.400,14645,14646,14646,1
2020-12-30 15:01:16.153,14645,14646,14645,3
2020-12-30 15:01:16.153,14645,14646,14644,3
2020-12-30 15:01:17.024,14644,14646,14646,1
2020-12-30 15:01:17.132,14644,14645,14644,1
2020-12-30 15:01:21.080,14644,14645,14644,1
2020-12-30 15:01:21.080,14644,14645,14644,1
2020-12-30 15:01:21.245,14643,14645,14645,1
2020-12-30 15:01:22.418,14643,14645,14644,1
2020-12-30 15:01:22.718,14643,14645,14644,1
2020-12-30 15:01:25.403,14643,14645,14643,2
2020-12-30 15:01:25.465,14643,14645,14643,2
2020-12-30 15:01:25.465,14643,14645,14642,4
2020-12-30 15:01:36.205,14643,14644,14644,1
2020-12-30 15:01:37.504,14643,14644,14644,1
2020-12-30 15:01:38.260,14643,14645,14643,6
2020-12-30 15:01:41.290,14644,14645,14645,1
2020-12-30 15:01:41.290,14644,14645,14645,1
2020-12-30 15:01:41.290,14644,14645,14645,1
2020-12-30 15:01:51.337,14644,14645,14644,1
2020-12-30 15:01:51.340,14644,14645,14644,2
2020-12-30 15:01:53.758,14643,14644,14644,1
2020-12-30 15:01:57.592,14644,14645,14645,9
2020-12-30 15:01:59.538,14645,14646,14645,1
2020-12-30 15:02:00.074,14644,14646,14646,1
2020-12-30 15:02:00.095,14644,14646,14646,1
2020-12-30 15:02:00.149,14645,14646,14645,1
2020-12-30 15:02:01.907,14644,14646,14644,1
2020-12-30 15:02:07.241,14645,14646,14645,1
2020-12-30 15:02:07.659,14645,14646,14645,1
2020-12-30 15:02:08.189,14645,14646,14646,1
2020-12-30 15:02:08.856,14645,14646,14645,1
2020-12-30 15:02:10.259,14645,14646,14646,1
2020-12-30 15:02:10.503,14645,14646,14645,2
2020-12-30 15:02:10.694,14645,14646,14645,1
2020-12-30 15:02:13.229,14645,14646,14646,1
2020-12-30 15:02:13.229,14645,14646,14646,1
2020-12-30 15:02:13.229,14645,14646,14646,1
2020-12-30 15:02:13.229,14645,14646,14646,1
2020-12-30 15:02:13.229,14645,14646,14646,1
2020-12-30 15:02:13.229,14645,14646,14646,1
2020-12-30 15:02:13.290,14646,14647,14646,1
2020-12-30 15:02:13.689,14646,14647,14647,2
2020-12-30 15:02:15.869,14646,14647,14647,1
2020-12-30 15:02:16.681,14646,14647,14647,1
2020-12-30 15:02:18.206,14646,14647,14646,1
2020-12-30 15:02:19.036,14646,14647,14647,22
2020-12-30 15:02:19.037,14646,14647,14647,1
2020-12-30 15:02:19.037,14646,14647,14647,1
2020-12-30 15:02:19.436,14647,14648,14647,1
2020-12-30 15:02:19.893,14647,14648,14648,1
2020-12-30 15:02:20.176,14647,14648,14647,1
2020-12-30 15:02:20.236,14647,14648,14647,1
2020-12-30 15:02:21.384,14647,14648,14648,8
2020-12-30 15:02:21.568,14647,14648,14647,4
2020-12-30 15:02:21.568,14647,14648,14646,1
2020-12-30 15:02:21.630,14647,14648,14647,1
2020-12-30 15:02:21.906,14647,14648,14648,1
2020-12-30 15:02:22.359,14647,14648,14647,1
2020-12-30 15:02:22.918,14647,14648,14647,1
2020-12-30 15:02:22.949,14647,14648,14647,1
2020-12-30 15:02:22.950,14647,14648,14647,4
2020-12-30 15:02:23.238,14646,14648,14647,1
2020-12-30 15:02:23.286,14646,14648,14647,1
2020-12-30 15:02:24.464,14647,14648,14647,2
2020-12-30 15:02:25.823,14647,14648,14647,2
2020-12-30 15:02:25.917,14647,14648,14648,1
2020-12-30 15:02:26.046,14647,14648,14647,1
2020-12-30 15:02:26.094,14647,14648,14647,1
2020-12-30 15:02:27.512,14646,14647,14647,1
2020-12-30 15:02:28.063,14646,14647,14647,1
2020-12-30 15:02:28.252,14646,14647,14647,1
2020-12-30 15:02:28.429,14646,14647,14647,1
2020-12-30 15:02:28.791,14646,14647,14646,1
2020-12-30 15:02:28.853,14646,14647,14646,1
2020-12-30 15:02:29.929,14646,14647,14647,8
2020-12-30 15:02:33.899,14647,14648,14647,2
2020-12-30 15:02:36.442,14647,14648,14648,1
2020-12-30 15:02:37.166,14647,14648,14647,3
2020-12-30 15:02:37.166,14647,14648,14646,2
2020-12-30 15:02:37.332,14646,14648,14648,1
2020-12-30 15:02:40.097,14646,14647,14647,1
2020-12-30 15:02:45.078,14647,14648,14648,2
2020-12-30 15:02:45.562,14647,14648,14647,1
2020-12-30 15:02:46.905,14647,14648,14647,5
2020-12-30 15:02:47.568,14647,14648,14647,1
2020-12-30 15:02:47.569,14647,14648,14647,2
2020-12-30 15:02:47.569,14647,14648,14647,2
2020-12-30 15:02:47.808,14646,14647,14647,2
2020-12-30 15:02:47.808,14646,14647,14646,1
2020-12-30 15:02:47.856,14646,14647,14646,1
2020-12-30 15:02:47.929,14646,14647,14646,1
2020-12-30 15:02:47.947,14646,14647,14646,1
2020-12-30 15:02:49.678,14646,14647,14646,1
2020-12-30 15:02:51.938,14646,14647,14646,2
2020-12-30 15:02:51.938,14646,14647,14646,3
2020-12-30 15:02:53.036,14645,14646,14645,1
2020-12-30 15:02:53.634,14645,14646,14646,1
2020-12-30 15:02:54.237,14645,14646,14646,1
2020-12-30 15:02:57.869,14646,14647,14647,1
2020-12-30 15:02:59.835,14646,14647,14647,1
2020-12-30 15:03:00.065,14646,14647,14647,1
2020-12-30 15:03:00.151,14646,14647,14646,1
2020-12-30 15:03:00.322,14646,14647,14646,1
2020-12-30 15:03:00.792,14646,14647,14646,1
2020-12-30 15:03:01.678,14646,14647,14646,1
2020-12-30 15:03:02.288,14646,14647,14646,2
2020-12-30 15:03:02.625,14646,14647,14646,1
2020-12-30 15:03:02.940,14646,14647,14646,1
2020-12-30 15:03:04.657,14646,14647,14646,1
2020-12-30 15:03:06.309,14646,14647,14647,1
2020-12-30 15:03:07.188,14646,14647,14647,1
2020-12-30 15:03:07.869,14646,14647,14646,1
2020-12-30 15:03:11.010,14646,14647,14646,1
2020-12-30 15:03:11.864,14646,14647,14646,1
2020-12-30 15:03:13.176,14646,14647,14647,1
2020-12-30 15:03:21.061,14646,14647,14647,5
2020-12-30 15:03:24.082,14646,14647,14647,2
2020-12-30 15:03:29.424,14646,14647,14647,2
2020-12-30 15:03:29.964,14646,14647,14647,7
2020-12-30 15:03:31.389,14646,14647,14647,1
2020-12-30 15:03:36.363,14646,14647,14647,1
2020-12-30 15:03:37.908,14646,14647,14647,1
2020-12-30 15:03:40.190,14646,14647,14647,1
2020-12-30 15:03:44.678,14646,14647,14647,1
2020-12-30 15:03:49.471,14646,14647,14647,1
2020-12-30 15:03:50.128,14646,14647,14646,2
2020-12-30 15:03:50.271,14646,14647,14646,1
2020-12-30 15:03:53.898,14646,14647,14646,2
2020-12-30 15:03:57.232,14646,14647,14647,1
2020-12-30 15:03:58.018,14646,14647,14647,1
2020-12-30 15:03:58.674,14646,14647,14647,1
2020-12-30 15:03:59.371,14646,14647,14647,1
2020-12-30 15:03:59.373,14646,14647,14647,11
2020-12-30 15:04:01.540,14647,14648,14647,1
2020-12-30 15:04:01.649,14647,14648,14647,1
2020-12-30 15:04:02.001,14647,14648,14648,1
2020-12-30 15:04:03.277,14647,14648,14647,5
2020-12-30 15:04:03.282,14647,14648,14647,1
2020-12-30 15:04:03.776,14647,14648,14648,1
2020-12-30 15:04:03.793,14647,14648,14647,1
2020-12-30 15:04:03.840,14647,14648,14648,1
2020-12-30 15:04:03.853,14647,14648,14647,1
2020-12-30 15:04:03.913,14647,14648,14647,1
2020-12-30 15:04:03.914,14647,14648,14647,1
2020-12-30 15:04:04.897,14647,14648,14647,1
2020-12-30 15:04:05.017,14647,14648,14647,1
2020-12-30 15:04:09.219,14647,14648,14647,2
2020-12-30 15:04:14.076,14647,14648,14648,1
2020-12-30 15:04:17.223,14647,14648,14648,1
2020-12-30 15:04:17.270,14647,14648,14648,13
2020-12-30 15:04:20.248,14647,14648,14648,1
2020-12-30 15:04:21.493,14647,14648,14647,1
2020-12-30 15:04:21.875,14647,14648,14647,1
2020-12-30 15:04:22.131,14647,14648,14648,1
2020-12-30 15:04:23.529,14647,14648,14648,1
2020-12-30 15:04:23.827,14647,14648,14648,1
2020-12-30 15:04:25.926,14647,14648,14648,2
2020-12-30 15:04:27.393,14648,14649,14648,2
2020-12-30 15:04:28.909,14648,14649,14649,5
2020-12-30 15:04:29.235,14648,14649,14649,3
2020-12-30 15:04:29.235,14648,14649,14649,3
2020-12-30 15:04:29.235,14648,14649,14649,5
2020-12-30 15:04:29.235,14648,14649,14649,7
2020-12-30 15:04:29.235,14648,14649,14649,4
2020-12-30 15:04:29.236,14648,14649,14649,2
2020-12-30 15:04:29.245,14648,14649,14650,2
2020-12-30 15:04:29.268,14649,14650,14649,1
2020-12-30 15:04:29.316,14649,14650,14650,1
2020-12-30 15:04:29.320,14649,14650,14650,1
2020-12-30 15:04:29.435,14648,14649,14649,1
2020-12-30 15:04:29.461,14648,14649,14649,1
2020-12-30 15:04:29.468,14648,14649,14648,1
2020-12-30 15:04:29.495,14648,14649,14650,3
2020-12-30 15:04:29.965,14648,14649,14649,1
2020-12-30 15:04:30.411,14648,14649,14649,1
2020-12-30 15:04:30.803,14648,14650,14648,1
2020-12-30 15:04:30.841,14648,14650,14648,1
2020-12-30 15:04:31.599,14647,14649,14649,5
2020-12-30 15:04:31.599,14647,14649,14649,3
2020-12-30 15:04:31.599,14647,14649,14649,2
2020-12-30 15:04:32.175,14648,14649,14649,1
2020-12-30 15:04:36.981,14648,14649,14649,2
2020-12-30 15:04:37.011,14649,14650,14649,1
2020-12-30 15:04:37.558,14649,14650,14649,1
2020-12-30 15:04:37.573,14649,14650,14650,3
2020-12-30 15:04:44.510,14649,14650,14649,1
2020-12-30 15:04:44.510,14649,14650,14649,1
2020-12-30 15:04:44.570,14649,14650,14649,1
2020-12-30 15:04:45.210,14649,14650,14649,5
2020-12-30 15:04:45.211,14649,14650,14649,1
2020-12-30 15:04:46.536,14648,14649,14648,4
2020-12-30 15:04:46.683,14648,14649,14649,3
2020-12-30 15:04:46.894,14648,14649,14649,2
2020-12-30 15:04:48.497,14648,14649,14649,6
2020-12-30 15:04:48.497,14648,14649,14650,4
2020-12-30 15:04:48.792,14648,14649,14649,4
2020-12-30 15:04:57.085,14649,14650,14649,1
2020-12-30 15:04:57.085,14649,14650,14649,1
2020-12-30 15:04:57.085,14649,14650,14649,1
2020-12-30 15:04:57.085,14649,14650,14649,1
2020-12-30 15:04:57.085,14649,14650,14649,7
2020-12-30 15:04:57.159,14648,14649,14649,1
2020-12-30 15:05:00.517,14648,14649,14649,3
2020-12-30 15:05:00.651,14648,14650,14648,1
2020-12-30 15:05:01.239,14648,14649,14649,2
2020-12-30 15:05:01.329,14648,14649,14649,1
2020-12-30 15:05:03.430,14648,14649,14649,1
2020-12-30 15:05:07.560,14648,14649,14649,1
2020-12-30 15:05:11.365,14648,14649,14649,20
2020-12-30 15:05:11.949,14649,14650,14649,1
2020-12-30 15:05:18.395,14649,14650,14649,2
2020-12-30 15:05:20.179,14649,14650,14649,1
2020-12-30 15:05:23.518,14649,14650,14649,1
2020-12-30 15:05:25.381,14649,14650,14649,1
2020-12-30 15:05:25.859,14649,14650,14649,1
2020-12-30 15:05:29.355,14649,14650,14649,1
2020-12-30 15:05:30.396,14649,14650,14649,1
2020-12-30 15:05:31.338,14649,14650,14649,1
2020-12-30 15:05:34.601,14649,14650,14650,5
2020-12-30 15:05:34.728,14649,14650,14650,2
2020-12-30 15:05:34.740,14649,14650,14650,1
2020-12-30 15:05:34.743,14649,14650,14650,1
2020-12-30 15:05:34.754,14649,14650,14650,2
2020-12-30 15:05:34.801,14649,14650,14650,1
2020-12-30 15:05:34.802,14649,14650,14650,3
2020-12-30 15:05:34.802,14649,14650,14650,12
2020-12-30 15:05:34.802,14649,14650,14650,4
2020-12-30 15:05:34.802,14649,14650,14650,2
2020-12-30 15:05:34.802,14649,14650,14650,1
2020-12-30 15:05:34.803,14649,14650,14650,1
2020-12-30 15:05:34.803,14649,14650,14650,1
2020-12-30 15:05:34.803,14649,14650,14650,1
2020-12-30 15:05:34.803,14649,14650,14650,1
2020-12-30 15:05:34.803,14649,14650,14650,2
2020-12-30 15:05:34.809,14649,14650,14651,1
2020-12-30 15:05:34.840,14649,14650,14651,1
2020-12-30 15:05:34.883,14650,14651,14651,1
2020-12-30 15:05:34.985,14650,14651,14651,1
2020-12-30 15:05:34.991,14650,14651,14651,10
2020-12-30 15:05:34.992,14650,14651,14651,1
2020-12-30 15:05:35.088,14650,14651,14650,1
2020-12-30 15:05:35.140,14650,14651,14651,1
2020-12-30 15:05:35.156,14650,14651,14651,1
2020-12-30 15:05:35.237,14650,14651,14651,1
2020-12-30 15:05:35.555,14650,14651,14651,1
2020-12-30 15:05:35.739,14650,14651,14651,1
2020-12-30 15:05:35.915,14650,14651,14651,1
2020-12-30 15:05:35.956,14650,14651,14651,1
2020-12-30 15:05:36.904,14650,14651,14650,1
2020-12-30 15:05:37.080,14650,14651,14651,4
2020-12-30 15:05:37.761,14650,14651,14651,1
2020-12-30 15:05:38.522,14650,14651,14651,22
2020-12-30 15:05:40.903,14651,14652,14651,1
2020-12-30 15:05:41.143,14651,14652,14651,1
2020-12-30 15:05:41.587,14651,14652,14652,1
2020-12-30 15:05:41.903,14651,14652,14652,2
2020-12-30 15:05:42.473,14651,14652,14652,1
2020-12-30 15:05:42.474,14651,14652,14652,11
2020-12-30 15:05:42.474,14651,14652,14652,15
2020-12-30 15:05:42.622,14652,14653,14652,1
2020-12-30 15:05:42.950,14652,14653,14653,1
2020-12-30 15:05:43.090,14652,14653,14653,7
2020-12-30 15:05:44.221,14652,14653,14653,15
2020-12-30 15:05:44.896,14653,14654,14654,1
2020-12-30 15:05:45.222,14653,14654,14653,1
2020-12-30 15:05:45.607,14653,14654,14653,1
2020-12-30 15:05:45.922,14653,14654,14654,1
2020-12-30 15:05:46.156,14653,14654,14653,1
2020-12-30 15:05:46.714,14652,14653,14653,2
2020-12-30 15:05:46.714,14652,14653,14654,2
2020-12-30 15:05:47.082,14653,14654,14653,1
2020-12-30 15:05:47.594,14653,14654,14654,1
2020-12-30 15:05:48.383,14653,14654,14654,1
2020-12-30 15:05:48.759,14653,14654,14654,1
2020-12-30 15:05:48.959,14653,14654,14653,1
2020-12-30 15:05:49.074,14653,14654,14654,1
2020-12-30 15:05:49.143,14653,14654,14654,2
2020-12-30 15:05:49.410,14653,14654,14653,1
2020-12-30 15:05:50.420,14653,14654,14653,1
2020-12-30 15:05:50.569,14652,14654,14654,2
2020-12-30 15:05:50.742,14653,14654,14654,18
2020-12-30 15:05:51.754,14654,14655,14654,2
2020-12-30 15:05:51.909,14654,14655,14655,1
2020-12-30 15:05:52.430,14654,14655,14654,2
2020-12-30 15:05:53.087,14654,14655,14655,3
2020-12-30 15:05:53.433,14654,14655,14655,1
2020-12-30 15:05:53.871,14654,14655,14655,1
2020-12-30 15:05:54.225,14654,14655,14655,1
2020-12-30 15:05:54.999,14654,14655,14655,1
2020-12-30 15:05:55.619,14654,14655,14655,1
2020-12-30 15:05:56.335,14654,14655,14655,10
2020-12-30 15:05:56.336,14654,14655,14655,1
2020-12-30 15:05:56.337,14654,14655,14655,13
2020-12-30 15:05:56.675,14655,14656,14656,2
2020-12-30 15:05:57.151,14655,14656,14655,2
2020-12-30 15:05:57.151,14655,14656,14654,2
2020-12-30 15:05:57.290,14655,14656,14655,1
2020-12-30 15:05:58.224,14655,14656,14655,2
2020-12-30 15:06:00.512,14655,14656,14655,1
2020-12-30 15:06:00.669,14654,14655,14654,1
2020-12-30 15:06:00.909,14654,14655,14655,1
2020-12-30 15:06:01.262,14654,14656,14656,1
2020-12-30 15:06:01.567,14654,14656,14656,1
2020-12-30 15:06:02.089,14654,14656,14654,1
2020-12-30 15:06:02.472,14655,14656,14656,1
2020-12-30 15:06:03.223,14655,14656,14656,1
2020-12-30 15:06:05.239,14655,14656,14656,1
2020-12-30 15:06:05.666,14655,14656,14656,2
2020-12-30 15:06:06.137,14655,14656,14656,1
2020-12-30 15:06:06.556,14655,14656,14655,1
2020-12-30 15:06:07.596,14655,14656,14656,1
2020-12-30 15:06:07.876,14655,14656,14656,2
2020-12-30 15:06:08.908,14655,14656,14655,1
2020-12-30 15:06:10.732,14655,14656,14655,3
2020-12-30 15:06:10.732,14655,14656,14654,2
2020-12-30 15:06:10.798,14654,14655,14655,3
2020-12-30 15:06:11.241,14654,14656,14656,1
2020-12-30 15:06:11.427,14654,14656,14654,3
2020-12-30 15:06:11.836,14655,14656,14656,1
2020-12-30 15:06:12.538,14655,14656,14655,2
2020-12-30 15:06:13.058,14655,14656,14656,2
2020-12-30 15:06:13.567,14655,14656,14656,2
2020-12-30 15:06:13.603,14655,14656,14655,1
2020-12-30 15:06:14.308,14655,14656,14655,1
2020-12-30 15:06:16.961,14655,14656,14655,2
2020-12-30 15:06:19.603,14655,14656,14656,2
2020-12-30 15:06:20.145,14655,14656,14656,1
2020-12-30 15:06:20.870,14655,14656,14656,2
2020-12-30 15:06:23.409,14655,14656,14655,1
2020-12-30 15:06:24.653,14655,14656,14656,1
2020-12-30 15:06:26.197,14655,14656,14656,1
2020-12-30 15:06:30.178,14655,14656,14656,2
2020-12-30 15:06:33.586,14655,14656,14656,1
2020-12-30 15:06:34.487,14655,14656,14656,1
2020-12-30 15:06:38.056,14655,14656,14655,1
2020-12-30 15:06:39.668,14655,14656,14656,1
2020-12-30 15:06:43.461,14655,14656,14656,2
2020-12-30 15:06:43.585,14655,14656,14656,2
2020-12-30 15:06:44.257,14655,14656,14656,2
2020-12-30 15:06:44.669,14655,14656,14656,5
2020-12-30 15:06:45.226,14656,14657,14656,1
2020-12-30 15:06:46.732,14655,14656,14656,3
2020-12-30 15:06:47.042,14655,14656,14656,1
2020-12-30 15:06:48.968,14655,14656,14656,3
2020-12-30 15:06:50.692,14655,14656,14656,1
2020-12-30 15:06:51.799,14655,14657,14655,1
2020-12-30 15:06:55.893,14655,14656,14655,3
2020-12-30 15:06:58.828,14655,14656,14655,1
2020-12-30 15:07:02.664,14655,14656,14655,1
2020-12-30 15:07:02.776,14655,14656,14655,1
2020-12-30 15:07:04.621,14655,14656,14655,1
2020-12-30 15:07:04.789,14655,14656,14655,2
2020-12-30 15:07:05.103,14655,14656,14655,10
2020-12-30 15:07:05.103,14655,14656,14655,1
2020-12-30 15:07:05.104,14655,14656,14655,2
2020-12-30 15:07:06.208,14654,14655,14654,1
2020-12-30 15:07:06.519,14654,14655,14655,1
2020-12-30 15:07:07.252,14654,14655,14655,1
2020-12-30 15:07:08.270,14654,14655,14655,1
2020-12-30 15:07:09.351,14654,14655,14655,2
2020-12-30 15:07:12.600,14654,14655,14655,1
2020-12-30 15:07:13.131,14654,14655,14654,15
2020-12-30 15:07:13.256,14653,14654,14653,2
2020-12-30 15:07:13.564,14652,14654,14652,2
2020-12-30 15:07:13.818,14652,14654,14652,4
2020-12-30 15:07:14.419,14652,14654,14654,1
2020-12-30 15:07:14.585,14652,14654,14652,3
2020-12-30 15:07:14.753,14652,14654,14654,1
2020-12-30 15:07:15.262,14652,14654,14654,3
2020-12-30 15:07:20.733,14652,14653,14652,1
2020-12-30 15:07:20.985,14652,14653,14652,2
2020-12-30 15:07:22.006,14652,14653,14652,1
2020-12-30 15:07:22.756,14652,14653,14652,1
2020-12-30 15:07:22.881,14652,14653,14652,1
2020-12-30 15:07:27.181,14652,14653,14652,1
2020-12-30 15:07:27.695,14651,14653,14652,1
2020-12-30 15:07:29.368,14652,14653,14652,2
2020-12-30 15:07:31.585,14652,14653,14652,1
2020-12-30 15:07:31.631,14652,14653,14652,1
2020-12-30 15:07:31.631,14652,14653,14652,1
2020-12-30 15:07:34.475,14651,14652,14652,1
2020-12-30 15:07:34.615,14651,14652,14652,1
2020-12-30 15:07:35.898,14651,14652,14651,1
2020-12-30 15:07:36.939,14651,14652,14651,1
2020-12-30 15:07:38.170,14651,14652,14652,2
2020-12-30 15:07:42.082,14651,14652,14651,5
2020-12-30 15:07:43.303,14651,14652,14652,1
2020-12-30 15:07:44.881,14651,14652,14652,5
2020-12-30 15:07:45.119,14652,14653,14653,1
2020-12-30 15:07:45.131,14652,14653,14653,4
2020-12-30 15:07:45.347,14652,14654,14654,1
2020-12-30 15:07:45.554,14652,14654,14652,1
2020-12-30 15:07:45.637,14652,14654,14652,1
2020-12-30 15:07:47.058,14652,14654,14652,2
2020-12-30 15:07:56.982,14652,14653,14652,1
2020-12-30 15:07:57.631,14652,14653,14653,2
2020-12-30 15:07:57.959,14652,14654,14652,1
2020-12-30 15:08:01.236,14652,14654,14652,1
2020-12-30 15:08:01.275,14652,14654,14652,1
2020-12-30 15:08:01.443,14652,14654,14652,1
2020-12-30 15:08:01.450,14652,14654,14652,1
2020-12-30 15:08:01.506,14652,14654,14652,1
2020-12-30 15:08:02.028,14652,14654,14652,1
2020-12-30 15:08:03.210,14652,14654,14653,1
2020-12-30 15:08:04.122,14652,14654,14653,1
2020-12-30 15:08:04.131,14652,14653,14653,1
2020-12-30 15:08:05.407,14653,14654,14653,2
2020-12-30 15:08:05.918,14653,14654,14653,1
2020-12-30 15:08:09.631,14653,14654,14654,9
2020-12-30 15:08:09.632,14653,14654,14654,1
2020-12-30 15:08:09.632,14653,14654,14654,1
2020-12-30 15:08:09.632,14653,14654,14654,3
2020-12-30 15:08:17.837,14654,14655,14655,2
2020-12-30 15:08:18.379,14654,14655,14654,2
2020-12-30 15:08:18.379,14654,14655,14653,10
2020-12-30 15:08:19.266,14653,14655,14655,1
2020-12-30 15:08:20.938,14653,14654,14654,1
2020-12-30 15:08:25.679,14654,14655,14654,1
2020-12-30 15:08:25.801,14654,14655,14655,1
2020-12-30 15:08:26.418,14654,14655,14654,1
2020-12-30 15:08:26.990,14654,14655,14654,1
2020-12-30 15:08:27.606,14654,14655,14655,1
2020-12-30 15:08:30.959,14654,14655,14655,10
2020-12-30 15:08:36.431,14654,14655,14655,1
2020-12-30 15:08:36.993,14654,14655,14654,1
2020-12-30 15:08:38.765,14654,14655,14654,1
2020-12-30 15:08:38.892,14654,14655,14654,1
2020-12-30 15:08:39.490,14654,14655,14655,1
2020-12-30 15:08:40.347,14654,14655,14654,1
2020-12-30 15:08:40.956,14654,14655,14654,1
2020-12-30 15:08:42.259,14654,14655,14654,1
2020-12-30 15:08:42.555,14654,14655,14654,1
2020-12-30 15:08:44.219,14654,14655,14654,1
2020-12-30 15:08:44.555,14654,14655,14655,1
2020-12-30 15:08:45.395,14654,14655,14654,1
2020-12-30 15:08:45.520,14654,14655,14654,4
2020-12-30 15:08:45.907,14654,14655,14654,1
2020-12-30 15:08:47.427,14654,14655,14654,1
2020-12-30 15:08:48.316,14654,14655,14654,1
2020-12-30 15:08:49.058,14654,14655,14655,1
2020-12-30 15:08:49.912,14654,14655,14654,1
2020-12-30 15:08:52.371,14654,14655,14654,1
2020-12-30 15:09:01.158,14654,14655,14654,1
2020-12-30 15:09:01.277,14654,14655,14654,1
2020-12-30 15:09:04.399,14654,14655,14654,1
2020-12-30 15:09:09.362,14654,14655,14654,1
2020-12-30 15:09:13.766,14654,14655,14654,1
2020-12-30 15:09:15.578,14654,14655,14655,12
2020-12-30 15:09:17.511,14655,14656,14656,2
2020-12-30 15:09:17.754,14655,14656,14656,1
2020-12-30 15:09:17.755,14655,14656,14656,1
2020-12-30 15:09:17.756,14655,14656,14656,4
2020-12-30 15:09:17.757,14655,14656,14656,3
2020-12-30 15:09:17.758,14655,14656,14656,1
2020-12-30 15:09:17.785,14655,14656,14656,1
2020-12-30 15:09:17.822,14655,14656,14655,1
2020-12-30 15:09:18.011,14655,14656,14656,2
2020-12-30 15:09:19.013,14655,14656,14656,2
2020-12-30 15:09:19.100,14655,14656,14657,2
2020-12-30 15:09:19.217,14655,14657,14655,1
2020-12-30 15:09:19.230,14655,14657,14656,1
2020-12-30 15:09:19.365,14655,14656,14656,1
2020-12-30 15:09:19.447,14655,14656,14656,1
2020-12-30 15:09:19.447,14655,14656,14657,1
2020-12-30 15:09:19.461,14655,14656,14657,1
2020-12-30 15:09:20.013,14655,14657,14657,3
2020-12-30 15:09:20.014,14655,14657,14657,2
2020-12-30 15:09:20.016,14655,14657,14657,4
2020-12-30 15:09:20.950,14655,14657,14656,1
2020-12-30 15:09:22.013,14654,14656,14656,1
2020-12-30 15:09:22.014,14654,14656,14656,1
2020-12-30 15:09:22.154,14654,14656,14655,2
2020-12-30 15:09:25.048,14654,14656,14654,1
2020-12-30 15:09:30.506,14655,14656,14655,4
2020-12-30 15:09:31.270,14654,14655,14654,2
2020-12-30 15:09:32.569,14654,14655,14655,1
2020-12-30 15:09:32.720,14654,14655,14655,3
2020-12-30 15:09:33.687,14655,14656,14656,2
2020-12-30 15:09:40.268,14655,14656,14656,1
2020-12-30 15:09:40.757,14655,14656,14655,1
2020-12-30 15:09:40.926,14655,14656,14655,1
2020-12-30 15:09:42.285,14655,14656,14656,5
2020-12-30 15:09:42.941,14655,14656,14655,1
2020-12-30 15:09:45.500,14655,14656,14656,1
2020-12-30 15:09:48.021,14655,14656,14656,2
2020-12-30 15:09:50.015,14655,14656,14656,1
2020-12-30 15:09:50.240,14655,14656,14656,2
2020-12-30 15:09:50.256,14655,14656,14656,2
2020-12-30 15:09:53.300,14656,14657,14657,1
2020-12-30 15:09:54.236,14656,14657,14657,1
2020-12-30 15:09:55.661,14656,14657,14656,1
2020-12-30 15:10:00.603,14656,14657,14657,1
2020-12-30 15:10:00.649,14656,14657,14656,1
2020-12-30 15:10:00.756,14656,14657,14657,1
2020-12-30 15:10:00.786,14656,14657,14657,1
2020-12-30 15:10:00.966,14656,14657,14656,2
2020-12-30 15:10:01.040,14656,14657,14657,2
2020-12-30 15:10:01.040,14656,14657,14658,3
2020-12-30 15:10:01.211,14656,14657,14657,2
2020-12-30 15:10:01.211,14656,14657,14658,1
2020-12-30 15:10:01.222,14656,14657,14658,1
2020-12-30 15:10:01.314,14656,14658,14656,1
2020-12-30 15:10:01.599,14656,14658,14656,1
2020-12-30 15:10:01.992,14656,14658,14656,1
2020-12-30 15:10:01.995,14656,14658,14656,1
2020-12-30 15:10:05.266,14656,14657,14656,1
2020-12-30 15:10:05.312,14656,14657,14656,2
2020-12-30 15:10:07.724,14656,14657,14656,4
2020-12-30 15:10:07.724,14656,14657,14655,1
2020-12-30 15:10:17.157,14656,14657,14656,4
2020-12-30 15:10:18.665,14655,14656,14656,2
2020-12-30 15:10:20.252,14655,14656,14656,5
2020-12-30 15:10:22.087,14656,14657,14656,1
2020-12-30 15:10:27.372,14656,14657,14656,1
2020-12-30 15:10:31.009,14656,14657,14656,1
2020-12-30 15:10:33.194,14656,14657,14656,4
2020-12-30 15:10:33.724,14655,14656,14656,1
2020-12-30 15:10:43.371,14656,14657,14656,1
2020-12-30 15:10:46.979,14655,14657,14657,1
2020-12-30 15:10:55.881,14655,14656,14655,25
2020-12-30 15:10:57.631,14654,14655,14654,3
2020-12-30 15:10:57.631,14654,14655,14654,10
2020-12-30 15:10:58.235,14653,14655,14655,1
2020-12-30 15:10:59.006,14654,14655,14654,1
2020-12-30 15:11:02.544,14653,14655,14655,1
2020-12-30 15:11:02.650,14653,14655,14653,1
2020-12-30 15:11:03.048,14653,14655,14655,1
2020-12-30 15:11:04.041,14653,14655,14653,2
2020-12-30 15:11:04.475,14653,14655,14653,10
2020-12-30 15:11:06.166,14653,14654,14653,1
2020-12-30 15:11:10.318,14653,14654,14653,1
2020-12-30 15:11:14.158,14653,14654,14653,1
2020-12-30 15:11:16.279,14652,14653,14653,1
2020-12-30 15:11:17.062,14652,14654,14652,4
2020-12-30 15:11:18.599,14652,14654,14652,2
2020-12-30 15:11:18.667,14652,14654,14654,1
2020-12-30 15:11:21.630,14652,14653,14653,1
2020-12-30 15:11:21.887,14652,14653,14653,1
2020-12-30 15:11:25.193,14652,14653,14653,1
2020-12-30 15:11:26.378,14652,14653,14653,5
2020-12-30 15:11:28.894,14652,14653,14652,11
2020-12-30 15:11:37.578,14652,14653,14653,2
2020-12-30 15:11:37.586,14652,14653,14654,2
2020-12-30 15:11:42.582,14652,14654,14652,2
2020-12-30 15:11:47.123,14652,14653,14653,1
2020-12-30 15:11:51.738,14652,14653,14653,1
2020-12-30 15:12:02.289,14653,14654,14653,1
2020-12-30 15:12:02.399,14653,14654,14653,1
2020-12-30 15:12:02.515,14653,14654,14654,2
2020-12-30 15:12:02.515,14653,14654,14654,2
2020-12-30 15:12:02.516,14653,14654,14654,2
2020-12-30 15:12:02.582,14653,14654,14655,3
2020-12-30 15:12:02.587,14653,14654,14655,2
2020-12-30 15:12:02.685,14654,14655,14655,3
2020-12-30 15:12:03.988,14654,14655,14654,1
2020-12-30 15:12:04.623,14654,14655,14655,10
2020-12-30 15:12:04.631,14654,14655,14655,1
2020-12-30 15:12:06.432,14655,14656,14655,1
2020-12-30 15:12:11.906,14653,14655,14653,1
2020-12-30 15:12:15.943,14653,14655,14654,1
2020-12-30 15:12:19.935,14654,14655,14655,1
2020-12-30 15:12:20.827,14654,14655,14654,1
2020-12-30 15:12:22.340,14654,14655,14654,4
2020-12-30 15:12:24.890,14653,14654,14654,1
2020-12-30 15:12:25.556,14653,14654,14654,1
2020-12-30 15:12:27.118,14653,14655,14655,1
2020-12-30 15:12:27.163,14653,14655,14654,1
2020-12-30 15:12:28.854,14653,14654,14654,1
2020-12-30 15:12:34.058,14653,14655,14655,1
2020-12-30 15:12:39.458,14654,14655,14655,1
2020-12-30 15:12:42.035,14654,14655,14655,2
2020-12-30 15:12:53.875,14654,14655,14655,1
2020-12-30 15:12:57.173,14654,14655,14654,1
2020-12-30 15:13:01.589,14654,14655,14655,6
2020-12-30 15:13:01.648,14655,14656,14655,1
2020-12-30 15:13:01.864,14655,14656,14654,1
2020-12-30 15:13:02.181,14654,14656,14654,2
2020-12-30 15:13:03.145,14655,14656,14655,1
2020-12-30 15:13:04.666,14654,14655,14655,1
2020-12-30 15:13:29.087,14654,14655,14655,1
2020-12-30 15:13:31.681,14654,14655,14655,1
2020-12-30 15:13:46.280,14654,14655,14655,1
2020-12-30 15:13:46.454,14654,14655,14655,1
2020-12-30 15:13:49.450,14654,14655,14655,1
2020-12-30 15:13:54.711,14654,14655,14655,1
2020-12-30 15:13:55.608,14654,14655,14655,1
2020-12-30 15:13:56.717,14654,14655,14654,1
2020-12-30 15:14:05.174,14654,14655,14654,2
2020-12-30 15:14:05.274,14654,14655,14654,1
2020-12-30 15:14:05.748,14654,14655,14654,1
2020-12-30 15:14:15.821,14654,14655,14655,1
2020-12-30 15:14:18.673,14654,14655,14654,1
2020-12-30 15:14:24.017,14654,14655,14655,1
2020-12-30 15:14:31.995,14654,14655,14655,5
2020-12-30 15:14:31.996,14654,14655,14655,8
2020-12-30 15:14:31.996,14654,14655,14655,3
2020-12-30 15:14:32.271,14655,14656,14655,2
2020-12-30 15:14:33.709,14654,14656,14654,20
2020-12-30 15:14:42.222,14654,14655,14654,1
2020-12-30 15:14:42.390,14654,14655,14654,2
2020-12-30 15:14:58.811,14653,14654,14654,1
2020-12-30 15:15:06.510,14654,14655,14655,1
2020-12-30 15:15:06.650,14654,14655,14654,1
2020-12-30 15:15:07.179,14654,14655,14654,1
2020-12-30 15:15:07.451,14654,14655,14654,2
2020-12-30 15:15:30.683,14654,14655,14654,1
2020-12-30 15:15:38.380,14654,14655,14655,1
2020-12-30 15:15:41.339,14654,14655,14654,1
2020-12-30 15:15:46.043,14654,14655,14654,1
2020-12-30 15:15:52.432,14654,14655,14654,1
2020-12-30 15:16:06.904,14654,14655,14655,1
2020-12-30 15:16:07.023,14654,14655,14654,1
2020-12-30 15:16:16.016,14654,14655,14655,1
2020-12-30 15:16:22.058,14654,14655,14654,1
2020-12-30 15:16:22.452,14654,14655,14654,1
2020-12-30 15:16:26.182,14654,14655,14654,1
2020-12-30 15:16:27.515,14653,14654,14654,1
2020-12-30 15:16:30.249,14653,14654,14654,1
2020-12-30 15:16:30.783,14653,14654,14654,1
2020-12-30 15:16:31.864,14653,14654,14654,1
2020-12-30 15:16:32.510,14653,14654,14654,1
2020-12-30 15:16:42.200,14654,14655,14655,2
2020-12-30 15:16:54.322,14654,14655,14654,1
2020-12-30 15:17:05.184,14654,14655,14654,1
2020-12-30 15:17:05.273,14654,14655,14654,1
2020-12-30 15:17:10.168,14654,14655,14655,2
2020-12-30 15:17:13.862,14654,14655,14654,10
2020-12-30 15:17:13.862,14654,14655,14653,76
2020-12-30 15:17:13.864,14654,14655,14652,1
2020-12-30 15:17:13.866,14654,14655,14652,15
2020-12-30 15:17:13.900,14651,14652,14651,1
2020-12-30 15:17:13.961,14651,14652,14651,1
2020-12-30 15:17:14.021,14651,14652,14651,1
2020-12-30 15:17:14.021,14651,14652,14651,1
2020-12-30 15:17:14.082,14651,14652,14651,1
2020-12-30 15:17:14.131,14651,14652,14651,1
2020-12-30 15:17:15.467,14651,14652,14652,1
2020-12-30 15:17:16.174,14651,14653,14651,3
2020-12-30 15:17:17.926,14651,14652,14652,1
2020-12-30 15:17:28.441,14651,14652,14652,1
2020-12-30 15:17:29.620,14651,14652,14651,1
2020-12-30 15:17:30.827,14651,14652,14652,3
2020-12-30 15:17:33.781,14651,14652,14652,1
2020-12-30 15:17:37.016,14652,14653,14652,1
2020-12-30 15:17:37.809,14652,14653,14652,14
2020-12-30 15:17:37.809,14652,14653,14651,3
2020-12-30 15:17:45.032,14652,14653,14652,1
2020-12-30 15:17:48.072,14651,14652,14652,1
2020-12-30 15:17:49.702,14652,14653,14652,1
2020-12-30 15:17:52.118,14652,14653,14652,1
2020-12-30 15:18:02.505,14651,14652,14652,1
2020-12-30 15:18:02.522,14651,14652,14651,1
2020-12-30 15:18:02.705,14651,14652,14652,1
2020-12-30 15:18:03.931,14651,14652,14651,1
2020-12-30 15:18:04.867,14651,14652,14652,1
2020-12-30 15:18:07.500,14651,14652,14652,1
2020-12-30 15:18:09.880,14651,14652,14651,2
2020-12-30 15:18:10.188,14651,14652,14652,1
2020-12-30 15:18:17.028,14651,14652,14651,2
2020-12-30 15:18:19.282,14651,14652,14652,3
2020-12-30 15:18:19.668,14651,14652,14651,4
2020-12-30 15:18:20.637,14651,14652,14651,5
2020-12-30 15:18:22.042,14651,14652,14651,2
2020-12-30 15:18:22.348,14651,14652,14651,2
2020-12-30 15:18:22.850,14650,14651,14651,3
2020-12-30 15:18:24.174,14651,14652,14651,3
2020-12-30 15:18:35.332,14650,14651,14651,8
2020-12-30 15:18:35.530,14651,14652,14651,1
2020-12-30 15:18:37.727,14650,14651,14651,1
2020-12-30 15:18:39.008,14650,14652,14650,2
2020-12-30 15:18:39.258,14650,14652,14650,3
2020-12-30 15:18:41.957,14650,14651,14650,1
2020-12-30 15:18:45.001,14650,14651,14650,1
2020-12-30 15:18:46.868,14650,14651,14650,1
2020-12-30 15:18:48.364,14650,14651,14650,1
2020-12-30 15:18:48.934,14650,14651,14650,1
2020-12-30 15:18:51.127,14650,14651,14650,9
2020-12-30 15:18:51.128,14650,14651,14650,1
2020-12-30 15:18:51.130,14650,14651,14650,1
2020-12-30 15:18:51.133,14649,14650,14649,3
2020-12-30 15:18:53.323,14649,14650,14650,2
2020-12-30 15:18:54.629,14650,14651,14650,1
2020-12-30 15:18:54.900,14650,14651,14651,1
2020-12-30 15:18:59.137,14650,14651,14650,1
2020-12-30 15:19:00.303,14650,14651,14651,2
2020-12-30 15:19:00.361,14650,14651,14651,1
2020-12-30 15:19:00.378,14650,14651,14650,1
2020-12-30 15:19:00.400,14650,14651,14650,1
2020-12-30 15:19:02.766,14650,14651,14651,1
2020-12-30 15:19:04.627,14650,14651,14651,1
2020-12-30 15:19:05.693,14651,14652,14651,1
2020-12-30 15:19:05.693,14651,14652,14650,2
2020-12-30 15:19:14.401,14650,14651,14650,2
2020-12-30 15:19:14.911,14650,14651,14651,1
2020-12-30 15:19:18.121,14650,14651,14651,1
2020-12-30 15:19:18.869,14650,14651,14651,1
2020-12-30 15:19:32.900,14650,14651,14651,5
2020-12-30 15:19:33.453,14650,14651,14651,1
2020-12-30 15:19:33.454,14650,14651,14651,1
2020-12-30 15:19:33.454,14650,14651,14651,4
2020-12-30 15:19:33.950,14651,14652,14651,1
2020-12-30 15:19:36.984,14651,14652,14651,5
2020-12-30 15:19:37.572,14651,14652,14651,2
2020-12-30 15:19:42.220,14651,14652,14651,1
2020-12-30 15:19:43.032,14651,14652,14651,1
2020-12-30 15:19:49.420,14651,14652,14651,3
2020-12-30 15:19:56.259,14651,14652,14651,1
2020-12-30 15:19:56.477,14651,14652,14651,1
2020-12-30 15:19:59.929,14651,14652,14651,3
2020-12-30 15:20:03.105,14651,14652,14651,1
2020-12-30 15:20:03.148,14651,14652,14651,1
2020-12-30 15:20:04.090,14650,14652,14652,1
2020-12-30 15:20:11.108,14651,14652,14651,4
2020-12-30 15:20:34.137,14651,14652,14652,10
2020-12-30 15:20:34.138,14651,14652,14652,4
2020-12-30 15:20:34.138,14651,14652,14652,1
2020-12-30 15:20:34.138,14651,14652,14652,2
2020-12-30 15:20:34.394,14652,14653,14652,1
2020-12-30 15:20:35.630,14652,14653,14652,4
2020-12-30 15:20:42.094,14651,14653,14651,1
2020-12-30 15:20:45.499,14652,14653,14653,1
2020-12-30 15:20:45.644,14652,14653,14652,2
2020-12-30 15:20:48.987,14651,14652,14652,1
2020-12-30 15:20:48.987,14651,14652,14652,1
2020-12-30 15:20:49.047,14651,14652,14652,1
2020-12-30 15:20:59.186,14652,14653,14652,2
2020-12-30 15:21:05.145,14652,14653,14653,11
2020-12-30 15:21:05.146,14652,14653,14653,6
2020-12-30 15:21:05.236,14652,14653,14654,1
2020-12-30 15:21:05.491,14653,14654,14654,3
2020-12-30 15:21:05.898,14653,14654,14653,4
2020-12-30 15:21:11.907,14652,14654,14654,1
2020-12-30 15:21:17.171,14653,14654,14654,1
2020-12-30 15:21:17.172,14653,14654,14654,1
2020-12-30 15:21:17.232,14653,14654,14654,1
2020-12-30 15:21:21.960,14653,14654,14653,1
2020-12-30 15:21:22.362,14652,14654,14654,1
2020-12-30 15:21:26.633,14652,14653,14653,1
2020-12-30 15:21:30.317,14652,14653,14653,2
2020-12-30 15:21:38.165,14652,14653,14652,3
2020-12-30 15:22:02.384,14652,14653,14652,1
2020-12-30 15:22:02.403,14652,14653,14652,1
2020-12-30 15:22:16.184,14652,14653,14653,1
2020-12-30 15:22:18.097,14652,14653,14652,2
2020-12-30 15:22:18.098,14652,14653,14652,1
2020-12-30 15:22:26.762,14651,14653,14653,1
2020-12-30 15:22:37.078,14652,14653,14652,1
2020-12-30 15:22:42.549,14652,14653,14652,2
2020-12-30 15:22:47.583,14652,14653,14652,3
2020-12-30 15:22:57.624,14652,14653,14652,2
2020-12-30 15:22:57.955,14652,14653,14652,1
2020-12-30 15:23:01.757,14652,14653,14652,2
2020-12-30 15:23:04.057,14652,14653,14652,1
2020-12-30 15:23:08.560,14652,14653,14652,2
2020-12-30 15:23:09.867,14652,14653,14652,1
2020-12-30 15:23:13.678,14651,14652,14652,1
2020-12-30 15:23:14.182,14651,14652,14652,1
2020-12-30 15:23:15.648,14652,14653,14652,2
2020-12-30 15:23:21.538,14651,14653,14651,1
2020-12-30 15:23:32.759,14652,14653,14652,1
2020-12-30 15:23:35.899,14652,14653,14652,1
2020-12-30 15:23:37.695,14651,14652,14652,1
2020-12-30 15:23:46.955,14651,14652,14652,1
2020-12-30 15:23:53.504,14652,14653,14652,1
2020-12-30 15:23:55.631,14652,14653,14653,16
2020-12-30 15:23:57.240,14653,14654,14653,1
2020-12-30 15:23:57.805,14653,14654,14654,7
2020-12-30 15:23:59.427,14654,14655,14655,1
2020-12-30 15:24:06.768,14654,14655,14655,4
2020-12-30 15:24:09.256,14654,14655,14654,1
2020-12-30 15:24:09.257,14654,14655,14655,1
2020-12-30 15:24:09.534,14654,14655,14655,10
2020-12-30 15:24:15.631,14654,14655,14655,1
2020-12-30 15:24:20.130,14654,14656,14656,1
2020-12-30 15:24:21.881,14654,14655,14655,1
2020-12-30 15:24:22.131,14655,14656,14656,9
2020-12-30 15:24:23.506,14656,14657,14657,3
2020-12-30 15:24:25.276,14656,14657,14657,5
2020-12-30 15:24:31.568,14656,14657,14656,1
2020-12-30 15:24:32.572,14656,14657,14657,1
2020-12-30 15:24:33.140,14656,14657,14657,1
2020-12-30 15:24:34.612,14656,14657,14657,2
2020-12-30 15:24:34.960,14656,14657,14656,5
2020-12-30 15:24:41.555,14656,14657,14657,2
2020-12-30 15:24:43.461,14656,14657,14657,3
2020-12-30 15:24:49.168,14656,14657,14657,2
2020-12-30 15:24:50.248,14656,14657,14656,3
2020-12-30 15:24:50.646,14656,14657,14657,1
2020-12-30 15:24:52.824,14656,14657,14657,1
2020-12-30 15:24:53.473,14656,14657,14656,3
2020-12-30 15:24:54.678,14655,14657,14657,1
2020-12-30 15:24:56.363,14655,14657,14657,1
2020-12-30 15:24:59.508,14655,14656,14656,3
2020-12-30 15:24:59.785,14656,14657,14656,3
2020-12-30 15:25:00.708,14656,14657,14656,1
2020-12-30 15:25:03.381,14656,14657,14656,2
2020-12-30 15:25:09.402,14656,14657,14657,1
2020-12-30 15:25:11.901,14656,14657,14657,2
2020-12-30 15:25:17.761,14656,14657,14656,3
2020-12-30 15:25:19.958,14656,14657,14657,1
2020-12-30 15:25:21.913,14656,14657,14656,3
2020-12-30 15:25:24.111,14656,14657,14657,2
2020-12-30 15:25:28.917,14656,14657,14657,1
2020-12-30 15:25:29.069,14656,14657,14657,1
2020-12-30 15:25:29.786,14656,14657,14657,1
2020-12-30 15:25:30.978,14656,14657,14657,1
2020-12-30 15:25:47.444,14656,14657,14657,7
2020-12-30 15:25:51.654,14656,14657,14657,3
2020-12-30 15:25:51.949,14656,14657,14657,5
2020-12-30 15:25:52.831,14656,14657,14657,2
2020-12-30 15:25:52.926,14657,14658,14658,1
2020-12-30 15:25:53.030,14657,14658,14658,1
2020-12-30 15:25:53.038,14657,14658,14658,1
2020-12-30 15:25:53.041,14657,14658,14658,2
2020-12-30 15:25:53.123,14657,14658,14658,1
2020-12-30 15:25:53.223,14657,14658,14658,1
2020-12-30 15:25:53.223,14657,14658,14658,1
2020-12-30 15:25:53.224,14657,14658,14658,1
2020-12-30 15:25:53.270,14657,14658,14658,1
2020-12-30 15:25:53.280,14657,14658,14658,1
2020-12-30 15:25:53.334,14657,14658,14658,1
2020-12-30 15:25:53.404,14657,14658,14658,2
2020-12-30 15:25:53.476,14657,14658,14658,2
2020-12-30 15:25:53.477,14657,14658,14658,2
2020-12-30 15:25:53.480,14657,14658,14659,1
2020-12-30 15:25:53.501,14657,14658,14659,1
2020-12-30 15:25:53.525,14657,14659,14659,1
2020-12-30 15:25:53.531,14657,14659,14659,1
2020-12-30 15:25:53.548,14657,14659,14659,2
2020-12-30 15:25:53.559,14657,14659,14659,1
2020-12-30 15:25:53.617,14657,14659,14659,8
2020-12-30 15:25:53.668,14658,14659,14659,1
2020-12-30 15:25:53.668,14658,14659,14660,5
2020-12-30 15:25:53.764,14659,14660,14660,11
2020-12-30 15:25:53.771,14659,14660,14660,1
2020-12-30 15:25:53.779,14659,14660,14660,1
2020-12-30 15:25:53.802,14659,14660,14660,1
2020-12-30 15:25:53.828,14659,14660,14660,1
2020-12-30 15:25:53.858,14659,14660,14660,1
2020-12-30 15:25:53.935,14659,14660,14659,3
2020-12-30 15:25:54.021,14659,14660,14660,1
2020-12-30 15:25:54.788,14659,14660,14660,10
2020-12-30 15:25:57.528,14659,14660,14659,3
2020-12-30 15:26:00.018,14659,14660,14659,3
2020-12-30 15:26:01.361,14658,14659,14659,1
2020-12-30 15:26:02.272,14658,14659,14658,1
2020-12-30 15:26:05.751,14658,14659,14659,1
2020-12-30 15:26:06.234,14658,14659,14658,4
2020-12-30 15:26:09.885,14658,14659,14659,6
2020-12-30 15:26:13.396,14658,14659,14659,1
2020-12-30 15:26:14.694,14658,14659,14659,1
2020-12-30 15:26:20.926,14658,14659,14659,5
2020-12-30 15:26:26.412,14658,14660,14660,1
2020-12-30 15:26:26.782,14658,14660,14660,1
2020-12-30 15:26:26.805,14658,14660,14660,1
2020-12-30 15:26:26.988,14658,14660,14660,1
2020-12-30 15:26:27.005,14658,14660,14660,1
2020-12-30 15:26:27.028,14658,14660,14660,1
2020-12-30 15:26:27.056,14658,14660,14660,1
2020-12-30 15:26:27.065,14658,14660,14660,1
2020-12-30 15:26:27.102,14658,14660,14660,1
2020-12-30 15:26:27.335,14659,14660,14660,1
2020-12-30 15:26:30.208,14659,14660,14660,2
2020-12-30 15:26:30.303,14659,14660,14659,1
2020-12-30 15:26:31.605,14659,14660,14660,15
2020-12-30 15:26:34.426,14660,14661,14660,1
2020-12-30 15:26:35.136,14660,14661,14660,1
2020-12-30 15:26:38.064,14660,14661,14661,5
2020-12-30 15:26:38.189,14660,14661,14661,1
2020-12-30 15:26:38.811,14660,14661,14660,1
2020-12-30 15:26:39.087,14660,14661,14661,1
2020-12-30 15:26:39.088,14660,14661,14661,1
2020-12-30 15:26:39.091,14660,14661,14661,1
2020-12-30 15:26:39.218,14660,14661,14661,1
2020-12-30 15:26:39.360,14660,14661,14660,1
2020-12-30 15:26:39.465,14660,14661,14661,1
2020-12-30 15:26:39.920,14660,14661,14661,1
2020-12-30 15:26:41.359,14660,14661,14661,1
2020-12-30 15:26:42.912,14660,14661,14661,1
2020-12-30 15:26:42.920,14660,14661,14660,2
2020-12-30 15:26:43.171,14660,14661,14661,1
2020-12-30 15:26:43.496,14660,14661,14661,2
2020-12-30 15:26:45.427,14660,14661,14660,5
2020-12-30 15:26:46.095,14660,14661,14661,1
2020-12-30 15:26:47.855,14660,14661,14661,1
2020-12-30 15:26:48.032,14660,14661,14661,1
2020-12-30 15:26:48.476,14660,14661,14661,1
2020-12-30 15:26:50.690,14660,14661,14660,4
2020-12-30 15:26:51.495,14659,14661,14661,1
2020-12-30 15:26:51.566,14659,14661,14661,5
2020-12-30 15:26:52.675,14660,14661,14661,1
2020-12-30 15:26:57.736,14660,14661,14661,1
2020-12-30 15:26:57.950,14660,14661,14661,1
2020-12-30 15:26:59.436,14660,14661,14661,1
2020-12-30 15:27:00.530,14660,14661,14661,1
2020-12-30 15:27:01.434,14660,14661,14661,2
2020-12-30 15:27:02.554,14660,14661,14661,2
2020-12-30 15:27:03.076,14661,14662,14661,1
2020-12-30 15:27:03.212,14661,14662,14661,1
2020-12-30 15:27:03.664,14661,14662,14661,1
2020-12-30 15:27:04.188,14661,14662,14661,1
2020-12-30 15:27:06.320,14660,14661,14661,1
2020-12-30 15:27:08.235,14660,14661,14661,1
2020-12-30 15:27:09.066,14660,14661,14661,1
2020-12-30 15:27:10.409,14660,14661,14661,1
2020-12-30 15:27:10.499,14660,14661,14661,1
2020-12-30 15:27:12.852,14660,14661,14661,1
2020-12-30 15:27:13.438,14660,14661,14661,10
2020-12-30 15:27:13.897,14660,14661,14661,4
2020-12-30 15:27:18.085,14661,14662,14661,1
2020-12-30 15:27:21.943,14661,14662,14661,3
2020-12-30 15:27:24.113,14661,14662,14661,3
2020-12-30 15:27:26.950,14661,14662,14661,1
2020-12-30 15:27:29.371,14661,14662,14662,5
2020-12-30 15:27:29.487,14661,14662,14662,1
2020-12-30 15:27:29.626,14661,14662,14661,7
2020-12-30 15:27:29.626,14661,14662,14660,3
2020-12-30 15:27:32.198,14661,14662,14661,3
2020-12-30 15:27:32.507,14660,14661,14661,1
2020-12-30 15:27:39.830,14660,14661,14661,1
2020-12-30 15:27:42.257,14660,14661,14661,1
2020-12-30 15:27:46.919,14660,14661,14661,5
2020-12-30 15:27:46.919,14660,14661,14662,2
2020-12-30 15:27:50.659,14660,14661,14661,2
2020-12-30 15:27:56.906,14660,14661,14661,1
2020-12-30 15:27:58.095,14661,14662,14661,1
2020-12-30 15:28:00.398,14660,14662,14662,1
2020-12-30 15:28:00.652,14660,14662,14662,2
2020-12-30 15:28:00.666,14660,14662,14662,2
2020-12-30 15:28:00.729,14660,14662,14662,2
2020-12-30 15:28:00.777,14661,14662,14662,2
2020-12-30 15:28:00.979,14661,14662,14662,1
2020-12-30 15:28:03.919,14661,14662,14662,1
2020-12-30 15:28:07.394,14661,14662,14662,1
2020-12-30 15:28:13.502,14661,14662,14661,1
2020-12-30 15:28:15.728,14661,14662,14662,2
2020-12-30 15:28:20.006,14661,14662,14661,1
2020-12-30 15:28:21.178,14661,14662,14661,1
2020-12-30 15:28:23.814,14661,14662,14662,2
2020-12-30 15:28:26.633,14661,14662,14662,1
2020-12-30 15:28:29.104,14661,14662,14662,2
2020-12-30 15:28:29.105,14661,14662,14662,1
2020-12-30 15:28:33.131,14661,14662,14662,2
2020-12-30 15:28:34.316,14661,14662,14662,1
2020-12-30 15:28:35.635,14661,14662,14662,1
2020-12-30 15:28:38.122,14661,14662,14662,4
2020-12-30 15:28:40.364,14661,14662,14662,1
2020-12-30 15:28:40.365,14661,14662,14662,2
2020-12-30 15:28:40.946,14662,14663,14662,1
2020-12-30 15:28:42.953,14662,14663,14663,2
2020-12-30 15:28:43.039,14662,14663,14663,1
2020-12-30 15:28:43.075,14662,14663,14663,10
2020-12-30 15:28:43.147,14662,14663,14662,4
2020-12-30 15:28:43.147,14662,14663,14661,2
2020-12-30 15:28:44.237,14662,14663,14663,40
2020-12-30 15:28:44.237,14662,14663,14663,8
2020-12-30 15:28:51.344,14663,14664,14664,2
2020-12-30 15:28:51.381,14663,14664,14663,12
2020-12-30 15:28:51.581,14663,14664,14663,2
2020-12-30 15:28:52.747,14663,14664,14664,1
2020-12-30 15:28:52.757,14663,14664,14663,1
2020-12-30 15:28:52.757,14663,14664,14663,1
2020-12-30 15:28:53.028,14663,14664,14664,1
2020-12-30 15:28:53.258,14663,14664,14663,3
2020-12-30 15:28:54.211,14663,14664,14664,1
2020-12-30 15:28:54.299,14663,14664,14663,1
2020-12-30 15:28:56.048,14663,14664,14663,2
2020-12-30 15:28:56.936,14663,14664,14664,3
2020-12-30 15:28:58.640,14663,14664,14664,2
2020-12-30 15:29:01.545,14663,14664,14664,1
2020-12-30 15:29:01.581,14663,14664,14663,2
2020-12-30 15:29:02.251,14663,14664,14664,1
2020-12-30 15:29:02.374,14663,14664,14663,1
2020-12-30 15:29:04.168,14663,14664,14664,7
2020-12-30 15:29:06.915,14663,14665,14665,2
2020-12-30 15:29:07.066,14663,14665,14665,5
2020-12-30 15:29:07.088,14663,14665,14665,1
2020-12-30 15:29:07.323,14663,14665,14663,2
2020-12-30 15:29:07.526,14663,14665,14665,1
2020-12-30 15:29:09.746,14664,14665,14665,2
2020-12-30 15:29:12.288,14664,14665,14665,2
2020-12-30 15:29:13.013,14664,14665,14664,2
2020-12-30 15:29:14.248,14664,14665,14665,1
2020-12-30 15:29:14.470,14664,14665,14664,2
2020-12-30 15:29:16.103,14664,14665,14664,1
2020-12-30 15:29:16.751,14664,14665,14665,7
2020-12-30 15:29:17.246,14664,14665,14664,1
2020-12-30 15:29:17.630,14664,14665,14665,2
2020-12-30 15:29:18.764,14664,14665,14665,2
2020-12-30 15:29:19.100,14664,14665,14665,1
2020-12-30 15:29:20.537,14664,14665,14665,2
2020-12-30 15:29:23.794,14664,14665,14665,1
2020-12-30 15:29:25.893,14664,14665,14665,1
2020-12-30 15:29:26.058,14664,14665,14664,1
2020-12-30 15:29:26.594,14664,14665,14665,2
2020-12-30 15:29:28.378,14664,14665,14664,5
2020-12-30 15:29:31.327,14664,14665,14665,1
2020-12-30 15:29:31.850,14664,14665,14664,1
2020-12-30 15:29:32.565,14664,14665,14664,1
2020-12-30 15:29:32.850,14664,14665,14665,2
2020-12-30 15:29:37.219,14664,14665,14664,1
2020-12-30 15:29:38.770,14664,14665,14664,1
2020-12-30 15:29:40.005,14664,14665,14664,1
2020-12-30 15:29:41.881,14664,14665,14664,30
2020-12-30 15:29:41.881,14664,14665,14664,1
2020-12-30 15:29:41.881,14664,14665,14664,2
2020-12-30 15:29:41.882,14664,14665,14664,1
2020-12-30 15:29:42.082,14663,14664,14663,1
2020-12-30 15:29:42.632,14663,14664,14663,1
2020-12-30 15:29:44.865,14663,14664,14663,15
2020-12-30 15:29:47.904,14662,14663,14662,1
2020-12-30 15:29:49.033,14661,14662,14661,1
2020-12-30 15:29:54.563,14661,14662,14661,1
2020-12-30 15:29:55.854,14661,14662,14662,1
2020-12-30 15:29:56.112,14661,14662,14662,1
2020-12-30 15:29:59.089,14661,14662,14662,1
2020-12-30 15:29:59.089,14661,14662,14662,1
2020-12-30 15:30:00.958,14662,14663,14662,10
2020-12-30 15:30:01.162,14662,14663,14662,1
2020-12-30 15:30:01.212,14662,14663,14662,1
2020-12-30 15:30:01.259,14662,14663,14663,1
2020-12-30 15:30:01.283,14662,14663,14663,1
2020-12-30 15:30:01.288,14662,14663,14663,1
2020-12-30 15:30:01.302,14662,14663,14663,1
2020-12-30 15:30:01.313,14662,14663,14662,1
2020-12-30 15:30:01.371,14662,14663,14663,1
2020-12-30 15:30:01.375,14662,14663,14663,1
2020-12-30 15:30:01.405,14662,14663,14663,4
2020-12-30 15:30:01.406,14662,14663,14663,10
2020-12-30 15:30:01.506,14663,14664,14664,9
2020-12-30 15:30:01.523,14663,14664,14665,2
2020-12-30 15:30:01.589,14663,14664,14665,1
2020-12-30 15:30:01.657,14663,14665,14664,1
2020-12-30 15:30:01.660,14663,14665,14663,1
2020-12-30 15:30:01.685,14663,14665,14665,1
2020-12-30 15:30:01.707,14663,14665,14663,1
2020-12-30 15:30:01.763,14663,14665,14663,1
2020-12-30 15:30:01.771,14663,14665,14663,1
2020-12-30 15:30:01.776,14663,14665,14663,1
2020-12-30 15:30:01.791,14663,14665,14663,1
2020-12-30 15:30:01.793,14663,14665,14663,2
2020-12-30 15:30:01.801,14663,14665,14663,1
2020-12-30 15:30:01.804,14663,14665,14662,1
2020-12-30 15:30:01.854,14663,14665,14662,2
2020-12-30 15:30:02.159,14662,14664,14664,1
2020-12-30 15:30:02.880,14662,14663,14663,1
2020-12-30 15:30:03.069,14662,14663,14662,1
2020-12-30 15:30:03.156,14662,14663,14663,2
2020-12-30 15:30:08.326,14662,14663,14663,1
2020-12-30 15:30:10.015,14663,14664,14664,3
2020-12-30 15:30:10.016,14663,14664,14664,2
2020-12-30 15:30:18.238,14663,14664,14663,1
2020-12-30 15:30:20.025,14662,14663,14663,1
2020-12-30 15:30:21.142,14662,14663,14663,1
2020-12-30 15:30:21.146,14662,14663,14663,1
2020-12-30 15:30:25.501,14662,14663,14663,1
2020-12-30 15:30:39.580,14663,14664,14664,2
2020-12-30 15:30:39.678,14663,14664,14664,1
2020-12-30 15:30:41.304,14663,14664,14663,1
2020-12-30 15:30:44.275,14663,14664,14663,1
2020-12-30 15:30:51.898,14663,14664,14663,2
2020-12-30 15:30:53.398,14663,14664,14663,1
2020-12-30 15:30:55.081,14663,14664,14664,4
2020-12-30 15:30:57.071,14663,14664,14663,4
2020-12-30 15:30:57.072,14663,14664,14663,3
2020-12-30 15:30:57.881,14662,14663,14663,1
2020-12-30 15:30:59.393,14662,14663,14663,3
2020-12-30 15:31:03.697,14662,14663,14663,1
2020-12-30 15:31:06.147,14662,14663,14663,3
2020-12-30 15:31:07.564,14663,14664,14663,1
2020-12-30 15:31:11.568,14662,14663,14662,1
2020-12-30 15:31:12.269,14662,14663,14662,1
2020-12-30 15:31:12.827,14662,14663,14663,10
2020-12-30 15:31:14.607,14662,14663,14663,3
2020-12-30 15:31:15.115,14662,14663,14663,2
2020-12-30 15:31:21.010,14662,14663,14662,5
2020-12-30 15:31:22.407,14662,14663,14663,1
2020-12-30 15:31:23.506,14662,14663,14662,9
2020-12-30 15:31:23.506,14662,14663,14662,25
2020-12-30 15:31:23.506,14662,14663,14662,2
2020-12-30 15:31:23.506,14662,14663,14662,3
2020-12-30 15:31:24.094,14661,14662,14661,5
2020-12-30 15:31:27.882,14662,14663,14662,1
2020-12-30 15:31:30.750,14661,14663,14663,1
2020-12-30 15:31:34.417,14661,14662,14662,1
2020-12-30 15:31:34.712,14661,14662,14662,1
2020-12-30 15:31:39.097,14662,14663,14662,3
2020-12-30 15:31:41.104,14662,14663,14662,1
2020-12-30 15:31:42.617,14662,14663,14662,2
2020-12-30 15:31:47.512,14662,14663,14662,1
2020-12-30 15:31:53.837,14662,14663,14662,1
2020-12-30 15:31:54.719,14662,14663,14662,1
2020-12-30 15:31:57.723,14662,14663,14663,22
2020-12-30 15:31:59.939,14663,14664,14664,2
2020-12-30 15:32:00.496,14663,14664,14664,2
2020-12-30 15:32:01.157,14663,14664,14664,2
2020-12-30 15:32:02.142,14663,14664,14664,1
2020-12-30 15:32:02.616,14663,14664,14663,1
2020-12-30 15:32:03.382,14663,14664,14664,2
2020-12-30 15:32:04.952,14663,14664,14664,2
2020-12-30 15:32:05.280,14663,14664,14663,2
2020-12-30 15:32:09.108,14663,14664,14663,1
2020-12-30 15:32:10.302,14663,14664,14664,3
2020-12-30 15:32:12.435,14663,14664,14664,1
2020-12-30 15:32:21.155,14663,14664,14664,1
2020-12-30 15:32:22.035,14663,14664,14664,1
2020-12-30 15:32:23.896,14663,14664,14664,2
2020-12-30 15:32:26.741,14663,14664,14664,1
2020-12-30 15:32:28.224,14663,14664,14664,13
2020-12-30 15:32:28.224,14663,14664,14664,2
2020-12-30 15:32:31.526,14664,14665,14664,1
2020-12-30 15:32:32.335,14664,14665,14665,5
2020-12-30 15:32:34.796,14664,14665,14664,1
2020-12-30 15:32:34.880,14664,14665,14664,1
2020-12-30 15:32:40.769,14664,14665,14665,1
2020-12-30 15:32:42.492,14664,14665,14665,13
2020-12-30 15:32:42.880,14664,14665,14664,3
2020-12-30 15:32:52.323,14663,14664,14663,1
2020-12-30 15:32:52.584,14663,14664,14664,1
2020-12-30 15:32:52.697,14663,14664,14664,1
2020-12-30 15:32:54.305,14663,14664,14663,5
2020-12-30 15:32:55.417,14663,14664,14663,1
2020-12-30 15:32:55.822,14663,14664,14664,2
2020-12-30 15:32:56.003,14663,14664,14664,6
2020-12-30 15:32:57.438,14664,14665,14665,1
2020-12-30 15:32:58.813,14664,14665,14664,2
2020-12-30 15:32:59.103,14664,14665,14664,1
2020-12-30 15:33:02.656,14664,14665,14664,2
2020-12-30 15:33:07.372,14664,14665,14665,2
2020-12-30 15:33:07.781,14664,14665,14665,2
2020-12-30 15:33:08.362,14664,14665,14665,2
2020-12-30 15:33:08.716,14664,14665,14665,2
2020-12-30 15:33:10.536,14664,14665,14664,1
2020-12-30 15:33:11.525,14664,14665,14664,2
2020-12-30 15:33:15.583,14664,14665,14664,2
2020-12-30 15:33:17.174,14664,14665,14664,1
2020-12-30 15:33:20.133,14664,14665,14664,8
2020-12-30 15:33:22.367,14664,14665,14664,1
2020-12-30 15:33:22.958,14664,14665,14664,1
2020-12-30 15:33:24.031,14664,14665,14665,12
2020-12-30 15:33:33.073,14664,14665,14665,2
2020-12-30 15:33:36.721,14664,14665,14665,18
2020-12-30 15:33:37.543,14664,14665,14665,1
2020-12-30 15:33:38.283,14664,14665,14665,5
2020-12-30 15:33:38.283,14664,14665,14665,6
2020-12-30 15:33:38.283,14664,14665,14665,4
2020-12-30 15:33:38.284,14664,14665,14665,24
2020-12-30 15:33:38.284,14664,14665,14665,11
2020-12-30 15:33:38.284,14664,14665,14665,7
2020-12-30 15:33:38.284,14664,14665,14665,4
2020-12-30 15:33:38.284,14664,14665,14665,19
2020-12-30 15:33:39.419,14664,14666,14666,15
2020-12-30 15:33:39.602,14665,14666,14666,2
2020-12-30 15:33:39.699,14665,14666,14666,1
2020-12-30 15:33:39.706,14665,14666,14666,1
2020-12-30 15:33:39.770,14665,14666,14665,1
2020-12-30 15:33:39.819,14665,14666,14665,1
2020-12-30 15:33:39.877,14665,14666,14665,1
2020-12-30 15:33:39.928,14665,14666,14665,5
2020-12-30 15:33:40.070,14664,14666,14664,1
2020-12-30 15:33:40.101,14664,14666,14664,1
2020-12-30 15:33:40.131,14664,14666,14666,2
2020-12-30 15:33:40.163,14664,14666,14664,1
2020-12-30 15:33:40.164,14664,14666,14666,4
2020-12-30 15:33:40.170,14664,14666,14664,1
2020-12-30 15:33:40.209,14664,14666,14664,1
2020-12-30 15:33:40.314,14664,14666,14664,1
2020-12-30 15:33:40.319,14664,14666,14666,1
2020-12-30 15:33:40.332,14664,14666,14664,1
2020-12-30 15:33:40.390,14664,14666,14664,1
2020-12-30 15:33:40.728,14664,14666,14664,1
2020-12-30 15:33:41.391,14664,14666,14664,1
2020-12-30 15:33:41.441,14664,14666,14664,1
2020-12-30 15:33:41.493,14664,14666,14664,3
2020-12-30 15:33:41.550,14664,14665,14665,1
2020-12-30 15:33:41.567,14664,14665,14664,1
2020-12-30 15:33:41.567,14664,14665,14664,1
2020-12-30 15:33:41.853,14664,14665,14665,1
2020-12-30 15:33:42.415,14664,14665,14664,1
2020-12-30 15:33:42.521,14663,14665,14663,1
2020-12-30 15:33:42.561,14663,14665,14663,2
2020-12-30 15:33:42.576,14663,14665,14663,1
2020-12-30 15:33:43.380,14663,14665,14665,5
2020-12-30 15:33:44.281,14664,14665,14664,2
2020-12-30 15:33:44.372,14664,14665,14664,1
2020-12-30 15:33:45.724,14664,14665,14665,1
2020-12-30 15:33:46.200,14664,14665,14665,1
2020-12-30 15:33:46.631,14664,14665,14665,1
2020-12-30 15:33:51.841,14664,14666,14666,3
2020-12-30 15:33:51.881,14665,14666,14666,1
2020-12-30 15:33:53.631,14665,14666,14666,1
2020-12-30 15:33:55.006,14666,14667,14667,23
2020-12-30 15:33:55.017,14666,14667,14667,1
2020-12-30 15:33:55.131,14667,14668,14668,4
2020-12-30 15:33:55.268,14667,14668,14668,1
2020-12-30 15:33:55.404,14667,14668,14667,2
2020-12-30 15:33:55.438,14667,14668,14668,4
2020-12-30 15:33:55.570,14667,14668,14667,1
2020-12-30 15:33:55.688,14667,14668,14667,1
2020-12-30 15:33:55.717,14667,14668,14667,1
2020-12-30 15:33:55.783,14666,14668,14666,1
2020-12-30 15:33:55.907,14666,14668,14666,1
2020-12-30 15:33:56.263,14666,14668,14666,1
2020-12-30 15:33:58.375,14665,14667,14666,1
2020-12-30 15:34:02.365,14666,14667,14667,1
2020-12-30 15:34:05.378,14667,14668,14667,3
2020-12-30 15:34:06.280,14667,14668,14667,2
2020-12-30 15:34:06.752,14666,14668,14668,3
2020-12-30 15:34:07.964,14667,14668,14667,2
2020-12-30 15:34:09.389,14667,14668,14668,1
2020-12-30 15:34:09.949,14667,14668,14668,2
2020-12-30 15:34:12.909,14667,14668,14668,1
2020-12-30 15:34:13.064,14667,14668,14668,1
2020-12-30 15:34:13.153,14667,14668,14668,4
2020-12-30 15:34:14.831,14668,14669,14669,17
2020-12-30 15:34:14.831,14668,14669,14669,2
2020-12-30 15:34:14.901,14669,14670,14670,1
2020-12-30 15:34:15.052,14669,14670,14670,1
2020-12-30 15:34:15.255,14669,14670,14670,1
2020-12-30 15:34:15.303,14669,14670,14669,12
2020-12-30 15:34:15.328,14669,14670,14668,1
2020-12-30 15:34:17.978,14668,14669,14669,2
2020-12-30 15:34:18.132,14668,14669,14668,1
2020-12-30 15:34:18.153,14668,14669,14669,2
2020-12-30 15:34:20.215,14668,14669,14669,1
2020-12-30 15:34:20.924,14668,14669,14668,1
2020-12-30 15:34:21.300,14668,14669,14669,1
2020-12-30 15:34:22.201,14668,14669,14669,1
2020-12-30 15:34:22.876,14668,14669,14669,1
2020-12-30 15:34:23.094,14668,14669,14669,4
2020-12-30 15:34:23.176,14668,14670,14670,5
2020-12-30 15:34:24.872,14669,14670,14669,1
2020-12-30 15:34:25.308,14669,14670,14669,2
2020-12-30 15:34:26.322,14669,14670,14670,3
2020-12-30 15:34:26.966,14669,14670,14670,2
2020-12-30 15:34:27.916,14669,14670,14669,1
2020-12-30 15:34:27.971,14669,14670,14670,1
2020-12-30 15:34:28.381,14669,14670,14670,19
2020-12-30 15:34:30.519,14669,14670,14669,1
2020-12-30 15:34:31.526,14669,14670,14670,5
2020-12-30 15:34:32.846,14669,14670,14669,2
2020-12-30 15:34:33.069,14669,14670,14670,2
2020-12-30 15:34:33.237,14669,14670,14670,1
2020-12-30 15:34:33.435,14669,14670,14670,2
2020-12-30 15:34:33.492,14669,14670,14670,13
2020-12-30 15:34:33.493,14669,14670,14670,5
2020-12-30 15:34:33.493,14669,14670,14670,5
2020-12-30 15:34:33.494,14669,14670,14670,3
2020-12-30 15:34:33.582,14670,14671,14671,1
2020-12-30 15:34:33.673,14670,14671,14670,1
2020-12-30 15:34:34.437,14670,14671,14671,3
2020-12-30 15:34:36.565,14670,14671,14670,2
2020-12-30 15:34:36.565,14670,14671,14669,1
2020-12-30 15:34:36.818,14669,14670,14670,1
2020-12-30 15:34:38.541,14669,14670,14670,1
2020-12-30 15:34:39.124,14669,14670,14670,1
2020-12-30 15:34:39.124,14669,14670,14671,1
2020-12-30 15:34:39.786,14669,14671,14669,1
2020-12-30 15:34:40.458,14669,14671,14669,2
2020-12-30 15:34:41.141,14670,14671,14670,2
2020-12-30 15:34:41.609,14670,14671,14670,2
2020-12-30 15:34:44.303,14670,14671,14671,8
2020-12-30 15:34:44.682,14671,14672,14671,1
2020-12-30 15:34:48.412,14671,14672,14671,1
2020-12-30 15:34:48.478,14671,14672,14672,1
2020-12-30 15:34:48.747,14671,14672,14671,1
2020-12-30 15:34:49.163,14671,14672,14671,1
2020-12-30 15:34:49.175,14671,14672,14671,1
2020-12-30 15:34:49.360,14671,14672,14672,1
2020-12-30 15:34:50.018,14671,14672,14671,2
2020-12-30 15:34:51.200,14671,14672,14672,3
2020-12-30 15:34:51.930,14671,14672,14672,1
2020-12-30 15:34:54.067,14671,14672,14672,3
2020-12-30 15:34:54.636,14671,14672,14671,2
2020-12-30 15:34:55.867,14671,14672,14671,1
2020-12-30 15:34:56.597,14671,14672,14671,3
2020-12-30 15:34:56.615,14671,14672,14672,1
2020-12-30 15:34:57.232,14671,14672,14672,1
2020-12-30 15:34:57.753,14671,14672,14671,1
2020-12-30 15:34:58.082,14671,14672,14671,2
2020-12-30 15:34:59.472,14671,14672,14672,7
2020-12-30 15:34:59.640,14671,14672,14672,1
2020-12-30 15:35:00.003,14671,14672,14672,1
2020-12-30 15:35:00.342,14671,14672,14672,1
2020-12-30 15:35:01.405,14671,14673,14673,1
2020-12-30 15:35:02.562,14672,14673,14672,1
2020-12-30 15:35:02.915,14672,14673,14672,1
2020-12-30 15:35:03.240,14672,14673,14673,1
2020-12-30 15:35:05.462,14672,14673,14672,1
2020-12-30 15:35:06.699,14672,14673,14673,1
2020-12-30 15:35:08.160,14672,14673,14672,1
2020-12-30 15:35:08.188,14672,14673,14672,1
2020-12-30 15:35:09.430,14672,14673,14673,4
2020-12-30 15:35:09.991,14672,14673,14673,1
2020-12-30 15:35:11.276,14672,14673,14673,1
2020-12-30 15:35:12.147,14672,14673,14672,2
2020-12-30 15:35:12.667,14672,14673,14673,2
2020-12-30 15:35:14.302,14672,14673,14672,1
2020-12-30 15:35:14.507,14672,14673,14673,1
2020-12-30 15:35:16.536,14672,14673,14672,5
2020-12-30 15:35:16.536,14672,14673,14672,8
2020-12-30 15:35:16.761,14671,14672,14672,1
2020-12-30 15:35:17.835,14671,14672,14671,7
2020-12-30 15:35:17.844,14671,14672,14672,1
2020-12-30 15:35:18.557,14671,14672,14672,1
2020-12-30 15:35:18.670,14671,14672,14672,1
2020-12-30 15:35:19.005,14671,14672,14672,1
2020-12-30 15:35:21.066,14671,14672,14672,1
2020-12-30 15:35:21.318,14671,14672,14671,1
2020-12-30 15:35:21.434,14671,14672,14671,18
2020-12-30 15:35:21.467,14671,14672,14671,1
2020-12-30 15:35:21.702,14670,14671,14670,1
2020-12-30 15:35:21.956,14670,14671,14671,1
2020-12-30 15:35:22.175,14670,14671,14671,1
2020-12-30 15:35:26.793,14670,14671,14671,1
2020-12-30 15:35:27.036,14670,14671,14670,2
2020-12-30 15:35:27.206,14670,14671,14671,10
2020-12-30 15:35:27.206,14670,14671,14671,1
2020-12-30 15:35:27.206,14670,14671,14671,1
2020-12-30 15:35:27.207,14670,14671,14671,4
2020-12-30 15:35:27.231,14670,14671,14670,31
2020-12-30 15:35:27.232,14670,14671,14670,6
2020-12-30 15:35:27.510,14669,14670,14670,6
2020-12-30 15:35:28.669,14670,14671,14670,1
2020-12-30 15:35:33.417,14670,14671,14670,3
2020-12-30 15:35:34.683,14670,14671,14671,1
2020-12-30 15:35:38.212,14670,14671,14670,1
2020-12-30 15:35:38.944,14670,14671,14670,17
2020-12-30 15:35:39.342,14669,14670,14670,4
2020-12-30 15:35:39.755,14669,14671,14671,5
2020-12-30 15:35:41.770,14670,14671,14670,1
2020-12-30 15:35:42.295,14670,14671,14670,1
2020-12-30 15:35:43.075,14670,14671,14670,1
2020-12-30 15:35:44.015,14669,14670,14669,1
2020-12-30 15:35:47.721,14669,14670,14670,1
2020-12-30 15:35:48.247,14669,14670,14670,2
2020-12-30 15:35:48.592,14669,14670,14669,2
2020-12-30 15:35:51.115,14669,14670,14670,2
2020-12-30 15:35:51.203,14669,14670,14669,2
2020-12-30 15:35:53.666,14669,14670,14670,1
2020-12-30 15:35:53.996,14669,14670,14670,1
2020-12-30 15:35:55.845,14669,14670,14669,1
2020-12-30 15:36:04.831,14669,14670,14669,2
2020-12-30 15:36:05.092,14669,14670,14670,1
2020-12-30 15:36:05.132,14669,14670,14669,1
2020-12-30 15:36:05.132,14669,14670,14669,1
2020-12-30 15:36:05.133,14669,14670,14669,1
2020-12-30 15:36:05.133,14669,14670,14669,1
2020-12-30 15:36:05.133,14669,14670,14669,1
2020-12-30 15:36:05.133,14669,14670,14669,1
2020-12-30 15:36:05.134,14669,14670,14669,1
2020-12-30 15:36:05.134,14669,14670,14669,1
2020-12-30 15:36:05.134,14669,14670,14669,1
2020-12-30 15:36:05.134,14669,14670,14669,1
2020-12-30 15:36:05.134,14669,14670,14669,1
2020-12-30 15:36:05.134,14669,14670,14669,1
2020-12-30 15:36:05.134,14669,14670,14669,1
2020-12-30 15:36:05.134,14669,14670,14669,1
2020-12-30 15:36:05.134,14669,14670,14669,2
2020-12-30 15:36:05.134,14669,14670,14669,1
2020-12-30 15:36:05.135,14669,14670,14669,1
2020-12-30 15:36:05.135,14669,14670,14669,1
2020-12-30 15:36:05.135,14669,14670,14669,1
2020-12-30 15:36:05.135,14669,14670,14669,1
2020-12-30 15:36:05.135,14669,14670,14669,2
2020-12-30 15:36:05.135,14669,14670,14668,1
2020-12-30 15:36:05.135,14669,14670,14668,1
2020-12-30 15:36:05.137,14669,14670,14668,1
2020-12-30 15:36:05.138,14669,14670,14668,1
2020-12-30 15:36:05.138,14669,14670,14668,1
2020-12-30 15:36:05.141,14669,14670,14668,1
2020-12-30 15:36:05.152,14669,14670,14669,5
2020-12-30 15:36:05.160,14669,14670,14670,1
2020-12-30 15:36:05.164,14669,14670,14670,1
2020-12-30 15:36:05.175,14669,14670,14670,1
2020-12-30 15:36:05.216,14669,14670,14670,1
2020-12-30 15:36:05.218,14669,14670,14670,1
2020-12-30 15:36:05.225,14669,14670,14670,1
2020-12-30 15:36:05.226,14669,14670,14670,2
2020-12-30 15:36:05.226,14669,14670,14670,3
2020-12-30 15:36:05.237,14669,14670,14671,4
2020-12-30 15:36:05.277,14670,14671,14671,1
2020-12-30 15:36:05.358,14670,14671,14671,3
2020-12-30 15:36:05.361,14670,14671,14671,1
2020-12-30 15:36:05.388,14669,14671,14671,1
2020-12-30 15:36:05.410,14669,14671,14671,6
2020-12-30 15:36:05.494,14669,14671,14672,1
2020-12-30 15:36:05.586,14670,14672,14670,1
2020-12-30 15:36:05.879,14670,14672,14672,1
2020-12-30 15:36:05.954,14670,14672,14670,1
2020-12-30 15:36:05.986,14670,14672,14670,1
2020-12-30 15:36:06.142,14670,14672,14670,1
2020-12-30 15:36:06.190,14670,14672,14670,1
2020-12-30 15:36:06.193,14670,14672,14670,1
2020-12-30 15:36:06.198,14670,14672,14670,1
2020-12-30 15:36:06.204,14670,14672,14670,1
2020-12-30 15:36:07.062,14670,14672,14670,1
2020-12-30 15:36:07.133,14670,14672,14670,1
2020-12-30 15:36:10.255,14670,14671,14670,1
2020-12-30 15:36:11.797,14670,14671,14670,1
2020-12-30 15:36:15.518,14670,14671,14670,1
2020-12-30 15:36:15.939,14670,14671,14671,1
2020-12-30 15:36:20.356,14670,14671,14670,1
2020-12-30 15:36:21.277,14670,14671,14671,1
2020-12-30 15:36:21.384,14670,14671,14670,1
2020-12-30 15:36:22.880,14670,14671,14670,1
2020-12-30 15:36:23.094,14670,14671,14670,4
2020-12-30 15:36:24.888,14670,14671,14670,4
2020-12-30 15:36:24.903,14670,14671,14670,1
2020-12-30 15:36:25.269,14669,14670,14670,1
2020-12-30 15:36:25.269,14669,14670,14671,1
2020-12-30 15:36:25.572,14669,14671,14671,2
2020-12-30 15:36:32.152,14670,14671,14670,1
2020-12-30 15:36:32.152,14670,14671,14669,7
2020-12-30 15:36:36.015,14669,14670,14669,1
2020-12-30 15:36:36.132,14669,14670,14669,1
2020-12-30 15:36:39.274,14669,14670,14669,1
2020-12-30 15:36:39.352,14669,14670,14669,1
2020-12-30 15:36:39.382,14668,14669,14668,1
2020-12-30 15:36:39.473,14668,14669,14669,1
2020-12-30 15:36:40.082,14669,14670,14669,1
2020-12-30 15:36:40.191,14669,14670,14669,1
2020-12-30 15:36:43.804,14668,14669,14669,2
2020-12-30 15:36:44.388,14668,14669,14669,1
2020-12-30 15:36:44.388,14668,14669,14669,3
2020-12-30 15:36:46.888,14669,14670,14669,1
2020-12-30 15:36:48.069,14669,14670,14669,1
2020-12-30 15:36:50.254,14669,14670,14669,1
2020-12-30 15:36:52.117,14669,14670,14670,1
2020-12-30 15:36:52.305,14669,14670,14669,1
2020-12-30 15:36:52.474,14669,14670,14669,1
2020-12-30 15:36:53.776,14669,14670,14669,1
2020-12-30 15:36:54.306,14669,14670,14669,1
2020-12-30 15:36:55.878,14669,14670,14669,1
2020-12-30 15:36:57.649,14668,14670,14670,5
2020-12-30 15:36:58.966,14669,14670,14669,3
2020-12-30 15:37:01.587,14669,14670,14669,3
2020-12-30 15:37:02.934,14668,14670,14668,4
2020-12-30 15:37:03.290,14669,14670,14669,4
2020-12-30 15:37:03.762,14669,14670,14669,1
2020-12-30 15:37:03.762,14669,14670,14668,3
2020-12-30 15:37:04.169,14668,14669,14668,4
2020-12-30 15:37:06.358,14668,14669,14669,1
2020-12-30 15:37:06.411,14668,14670,14670,1
2020-12-30 15:37:08.701,14668,14670,14668,4
2020-12-30 15:37:10.328,14668,14670,14668,4
2020-12-30 15:37:17.057,14669,14670,14669,4
2020-12-30 15:37:19.223,14668,14669,14669,1
2020-12-30 15:37:19.223,14668,14669,14669,1
2020-12-30 15:37:19.223,14668,14669,14669,1
2020-12-30 15:37:23.812,14669,14670,14670,1
2020-12-30 15:37:24.924,14669,14670,14669,2
2020-12-30 15:37:31.947,14669,14670,14670,10
2020-12-30 15:37:35.515,14669,14670,14670,1
2020-12-30 15:37:39.867,14669,14670,14670,1
2020-12-30 15:37:41.196,14669,14670,14670,1
2020-12-30 15:37:42.109,14669,14670,14670,3
2020-12-30 15:37:42.960,14669,14670,14670,5
2020-12-30 15:37:47.062,14669,14670,14670,1
2020-12-30 15:37:47.513,14669,14670,14669,2
2020-12-30 15:37:53.074,14669,14670,14669,17
2020-12-30 15:37:55.117,14669,14670,14670,2
2020-12-30 15:37:55.118,14669,14670,14670,2
2020-12-30 15:37:55.118,14669,14670,14670,2
2020-12-30 15:37:56.552,14670,14671,14670,1
2020-12-30 15:38:00.722,14670,14671,14671,1
2020-12-30 15:38:00.733,14670,14671,14671,4
2020-12-30 15:38:04.529,14670,14672,14672,1
2020-12-30 15:38:04.938,14670,14672,14672,1
2020-12-30 15:38:05.751,14670,14671,14671,1
2020-12-30 15:38:06.047,14671,14672,14671,1
2020-12-30 15:38:09.694,14671,14672,14671,1
2020-12-30 15:38:10.492,14671,14672,14671,1
2020-12-30 15:38:18.608,14671,14672,14672,10
2020-12-30 15:38:19.241,14671,14672,14672,5
2020-12-30 15:38:19.689,14671,14672,14672,9
2020-12-30 15:38:19.690,14671,14672,14672,1
2020-12-30 15:38:19.690,14671,14672,14672,1
2020-12-30 15:38:19.690,14671,14672,14672,1
2020-12-30 15:38:19.690,14671,14672,14672,1
2020-12-30 15:38:19.690,14671,14672,14672,2
2020-12-30 15:38:20.927,14671,14672,14672,6
2020-12-30 15:38:23.183,14672,14673,14672,1
2020-12-30 15:38:25.677,14672,14673,14672,1
2020-12-30 15:38:26.127,14671,14673,14671,1
2020-12-30 15:38:26.407,14671,14672,14672,4
2020-12-30 15:38:26.758,14672,14673,14672,1
2020-12-30 15:38:36.319,14671,14672,14672,1
2020-12-30 15:38:38.757,14671,14672,14671,2
2020-12-30 15:38:38.928,14671,14672,14671,1
2020-12-30 15:38:39.841,14670,14671,14671,1
2020-12-30 15:38:41.037,14671,14672,14671,1
2020-12-30 15:38:43.767,14671,14672,14671,1
2020-12-30 15:38:46.268,14671,14672,14671,1
2020-12-30 15:38:48.656,14671,14672,14671,1
2020-12-30 15:38:50.812,14671,14672,14671,2
2020-12-30 15:38:50.931,14671,14672,14671,1
2020-12-30 15:38:51.644,14671,14672,14671,1
2020-12-30 15:38:56.161,14670,14671,14671,2
2020-12-30 15:39:00.033,14671,14672,14671,1
2020-12-30 15:39:00.033,14671,14672,14670,1
2020-12-30 15:39:01.612,14671,14672,14671,1
2020-12-30 15:39:09.603,14671,14672,14671,1
2020-12-30 15:39:09.603,14671,14672,14671,1
2020-12-30 15:39:09.603,14671,14672,14671,1
2020-12-30 15:39:09.603,14671,14672,14671,1
2020-12-30 15:39:10.601,14670,14671,14670,1
2020-12-30 15:39:12.633,14670,14671,14671,5
2020-12-30 15:39:13.039,14670,14671,14671,1
2020-12-30 15:39:16.711,14670,14671,14671,4
2020-12-30 15:39:19.305,14671,14672,14671,1
2020-12-30 15:39:22.790,14671,14672,14671,1
2020-12-30 15:39:28.801,14671,14672,14671,2
2020-12-30 15:39:31.772,14671,14672,14671,1
2020-12-30 15:39:31.976,14671,14672,14671,15
2020-12-30 15:39:35.582,14670,14671,14671,1
2020-12-30 15:39:38.509,14670,14671,14671,1
2020-12-30 15:39:46.447,14670,14671,14670,2
2020-12-30 15:39:46.447,14670,14671,14670,5
2020-12-30 15:39:46.447,14670,14671,14670,9
2020-12-30 15:39:46.566,14669,14670,14670,2
2020-12-30 15:39:55.301,14669,14670,14670,1
2020-12-30 15:40:00.006,14669,14671,14671,1
2020-12-30 15:40:00.782,14670,14671,14670,7
2020-12-30 15:40:00.782,14670,14671,14670,8
2020-12-30 15:40:04.978,14669,14671,14671,1
2020-12-30 15:40:08.329,14670,14671,14670,1
2020-12-30 15:40:13.706,14669,14670,14670,1
2020-12-30 15:40:19.581,14670,14671,14670,1
2020-12-30 15:40:19.928,14670,14671,14670,3
2020-12-30 15:40:24.914,14670,14671,14671,2
2020-12-30 15:40:25.367,14670,14671,14671,1
2020-12-30 15:40:29.669,14670,14671,14670,1
2020-12-30 15:40:30.682,14670,14671,14671,1
2020-12-30 15:40:37.405,14670,14671,14670,2
2020-12-30 15:40:40.484,14670,14671,14671,4
2020-12-30 15:40:40.484,14670,14671,14671,10
2020-12-30 15:40:41.037,14671,14672,14671,2
2020-12-30 15:40:43.977,14671,14672,14671,1
2020-12-30 15:40:49.251,14670,14671,14671,1
2020-12-30 15:40:52.231,14670,14671,14671,1
2020-12-30 15:40:52.284,14670,14671,14670,5
2020-12-30 15:40:52.698,14670,14671,14671,1
2020-12-30 15:40:55.054,14670,14671,14670,1
2020-12-30 15:41:05.099,14670,14671,14670,5
2020-12-30 15:41:16.967,14670,14671,14670,1
2020-12-30 15:41:19.016,14670,14671,14670,1
2020-12-30 15:41:21.302,14670,14671,14670,1
2020-12-30 15:41:26.897,14670,14671,14670,6
2020-12-30 15:41:28.300,14669,14670,14670,1
2020-12-30 15:41:28.595,14669,14670,14670,1
2020-12-30 15:41:33.830,14669,14670,14670,1
2020-12-30 15:41:34.283,14669,14670,14669,1
2020-12-30 15:41:35.034,14669,14670,14670,1
2020-12-30 15:41:35.546,14669,14670,14670,4
2020-12-30 15:41:35.547,14669,14670,14670,1
2020-12-30 15:41:35.547,14669,14670,14670,1
2020-12-30 15:41:35.547,14669,14670,14670,1
2020-12-30 15:41:35.547,14669,14670,14670,1
2020-12-30 15:41:35.547,14669,14670,14670,1
2020-12-30 15:41:35.846,14670,14671,14670,5
2020-12-30 15:41:41.412,14669,14670,14669,1
2020-12-30 15:41:42.139,14669,14670,14670,1
2020-12-30 15:41:42.191,14669,14670,14670,1
2020-12-30 15:41:45.612,14669,14670,14669,19
2020-12-30 15:41:47.028,14668,14669,14669,1
2020-12-30 15:41:48.134,14668,14669,14669,1
2020-12-30 15:41:55.284,14668,14669,14669,1
2020-12-30 15:41:57.249,14668,14669,14669,1
2020-12-30 15:41:58.494,14668,14669,14668,1
2020-12-30 15:42:01.875,14668,14669,14668,2
2020-12-30 15:42:02.027,14668,14669,14668,1
2020-12-30 15:42:02.038,14668,14669,14669,5
2020-12-30 15:42:04.749,14668,14669,14668,1
2020-12-30 15:42:07.612,14668,14669,14668,4
2020-12-30 15:42:07.916,14668,14669,14668,1
2020-12-30 15:42:09.661,14668,14669,14668,2
2020-12-30 15:42:15.067,14668,14669,14668,1
2020-12-30 15:42:16.116,14668,14669,14668,1
2020-12-30 15:42:17.209,14668,14669,14668,1
2020-12-30 15:42:19.631,14668,14669,14668,1
2020-12-30 15:42:20.769,14668,14669,14668,1
2020-12-30 15:42:21.640,14668,14669,14668,1
2020-12-30 15:42:31.473,14667,14668,14668,1
2020-12-30 15:42:31.693,14667,14668,14667,1
2020-12-30 15:42:34.511,14667,14668,14668,6
2020-12-30 15:42:34.770,14668,14669,14668,1
2020-12-30 15:42:38.464,14668,14669,14668,2
2020-12-30 15:42:38.465,14668,14669,14668,1
2020-12-30 15:42:40.537,14667,14668,14667,2
2020-12-30 15:42:40.686,14667,14668,14668,1
2020-12-30 15:42:40.842,14667,14668,14668,1
2020-12-30 15:42:42.462,14667,14668,14667,1
2020-12-30 15:42:45.969,14667,14668,14667,3
2020-12-30 15:42:46.598,14667,14668,14667,1
2020-12-30 15:42:47.204,14667,14668,14667,1
2020-12-30 15:42:47.963,14667,14668,14667,1
2020-12-30 15:42:51.728,14667,14668,14668,4
2020-12-30 15:42:51.729,14667,14668,14668,2
2020-12-30 15:42:51.729,14667,14668,14668,2
2020-12-30 15:42:51.730,14667,14668,14668,1
2020-12-30 15:42:59.011,14668,14669,14668,1
2020-12-30 15:43:03.564,14667,14668,14668,1
2020-12-30 15:43:05.837,14667,14669,14669,1
2020-12-30 15:43:17.822,14668,14669,14669,1
2020-12-30 15:43:17.822,14668,14669,14669,2
2020-12-30 15:43:17.823,14668,14669,14669,3
2020-12-30 15:43:17.823,14668,14669,14669,1
2020-12-30 15:43:17.823,14668,14669,14669,4
2020-12-30 15:43:17.823,14668,14669,14669,1
2020-12-30 15:43:17.823,14668,14669,14669,1
2020-12-30 15:43:17.823,14668,14669,14669,17
2020-12-30 15:43:19.033,14668,14670,14668,10
2020-12-30 15:43:21.104,14668,14670,14668,3
2020-12-30 15:43:21.884,14667,14669,14669,1
2020-12-30 15:43:22.306,14668,14669,14669,1
2020-12-30 15:43:22.324,14668,14669,14668,1
2020-12-30 15:43:24.827,14668,14669,14669,1
2020-12-30 15:43:34.149,14668,14669,14669,3
2020-12-30 15:43:53.023,14669,14670,14669,1
2020-12-30 15:43:56.570,14669,14670,14670,1
2020-12-30 15:43:59.430,14669,14670,14670,9
2020-12-30 15:43:59.431,14669,14670,14670,1
2020-12-30 15:44:22.557,14669,14670,14669,3
2020-12-30 15:44:22.850,14668,14670,14670,1
2020-12-30 15:44:24.027,14669,14670,14669,1
2020-12-30 15:44:34.446,14669,14670,14669,1
2020-12-30 15:44:34.446,14669,14670,14669,1
2020-12-30 15:44:34.446,14669,14670,14669,1
2020-12-30 15:44:41.325,14668,14669,14668,15
2020-12-30 15:44:41.326,14668,14669,14668,6
2020-12-30 15:44:41.326,14668,14669,14668,4
2020-12-30 15:44:41.326,14668,14669,14668,2
2020-12-30 15:44:41.415,14667,14668,14668,1
2020-12-30 15:44:41.822,14667,14668,14668,1
2020-12-30 15:44:43.634,14667,14668,14667,4
2020-12-30 15:44:48.720,14667,14668,14668,1
2020-12-30 15:44:49.923,14667,14668,14667,1
2020-12-30 15:45:01.998,14667,14668,14667,2
2020-12-30 15:45:02.000,14667,14668,14667,10
2020-12-30 15:45:02.000,14667,14668,14667,2
2020-12-30 15:45:02.000,14667,14668,14667,7
2020-12-30 15:45:02.224,14666,14667,14666,1
2020-12-30 15:45:02.463,14666,14667,14666,1
2020-12-30 15:45:02.463,14666,14667,14666,1
2020-12-30 15:45:03.387,14666,14668,14666,1
2020-12-30 15:45:09.129,14666,14667,14666,1
2020-12-30 15:45:10.531,14666,14667,14666,1
2020-12-30 15:45:17.081,14666,14667,14666,1
2020-12-30 15:45:17.081,14666,14667,14666,6
2020-12-30 15:45:17.081,14666,14667,14666,2
2020-12-30 15:45:17.081,14666,14667,14666,1
2020-12-30 15:45:17.081,14666,14667,14666,4
2020-12-30 15:45:17.081,14666,14667,14666,4
2020-12-30 15:45:17.081,14666,14667,14666,1
2020-12-30 15:45:17.081,14666,14667,14666,6
2020-12-30 15:45:18.374,14665,14666,14666,1
2020-12-30 15:45:19.719,14665,14666,14665,3
2020-12-30 15:45:19.793,14665,14666,14665,1
2020-12-30 15:45:19.920,14665,14666,14666,1
2020-12-30 15:45:20.791,14665,14666,14665,1
2020-12-30 15:45:20.791,14665,14666,14665,11
2020-12-30 15:45:20.791,14665,14666,14665,2
2020-12-30 15:45:20.792,14665,14666,14665,2
2020-12-30 15:45:20.792,14665,14666,14665,8
2020-12-30 15:45:20.792,14665,14666,14665,4
2020-12-30 15:45:20.792,14665,14666,14665,19
2020-12-30 15:45:20.792,14665,14666,14665,1
2020-12-30 15:45:20.792,14665,14666,14665,10
2020-12-30 15:45:20.797,14665,14666,14664,33
2020-12-30 15:45:21.088,14663,14665,14663,2
2020-12-30 15:45:21.356,14663,14665,14665,1
2020-12-30 15:45:23.146,14664,14666,14666,1
2020-12-30 15:45:30.622,14664,14665,14665,1
2020-12-30 15:45:31.526,14664,14665,14665,1
2020-12-30 15:45:31.527,14664,14665,14665,2
2020-12-30 15:45:31.527,14664,14665,14665,1
2020-12-30 15:45:31.527,14664,14665,14665,2
2020-12-30 15:45:31.527,14664,14665,14665,26
2020-12-30 15:45:39.188,14664,14665,14664,2
2020-12-30 15:45:43.765,14664,14665,14665,1
2020-12-30 15:45:47.935,14664,14665,14664,1
2020-12-30 15:45:58.201,14664,14665,14664,3
2020-12-30 15:46:00.393,14664,14665,14664,1
2020-12-30 15:46:01.017,14664,14665,14664,1
2020-12-30 15:46:01.017,14664,14665,14664,4
2020-12-30 15:46:01.018,14664,14665,14664,2
2020-12-30 15:46:01.132,14663,14664,14663,1
2020-12-30 15:46:01.543,14663,14664,14663,1
2020-12-30 15:46:03.290,14663,14665,14663,1
2020-12-30 15:46:03.677,14664,14665,14664,1
2020-12-30 15:46:04.428,14664,14665,14664,1
2020-12-30 15:46:05.791,14664,14665,14664,1
2020-12-30 15:46:07.942,14663,14664,14664,1
2020-12-30 15:46:07.985,14663,14664,14663,5
2020-12-30 15:46:08.024,14663,14664,14664,1
2020-12-30 15:46:08.132,14663,14664,14663,1
2020-12-30 15:46:08.133,14663,14664,14663,1
2020-12-30 15:46:10.204,14663,14664,14664,1
2020-12-30 15:46:12.397,14663,14664,14663,2
2020-12-30 15:46:21.577,14663,14664,14663,1
2020-12-30 15:46:24.169,14663,14664,14663,1
2020-12-30 15:46:24.257,14663,14664,14663,1
2020-12-30 15:46:24.258,14663,14664,14663,1
2020-12-30 15:46:24.595,14663,14664,14663,2
2020-12-30 15:46:25.295,14663,14664,14664,1
2020-12-30 15:46:26.345,14663,14664,14664,1
2020-12-30 15:46:30.002,14663,14664,14664,4
2020-12-30 15:46:30.002,14663,14664,14664,6
2020-12-30 15:46:30.007,14664,14665,14664,1
2020-12-30 15:46:30.432,14664,14665,14664,10
2020-12-30 15:46:31.222,14664,14665,14664,1
2020-12-30 15:46:31.350,14664,14665,14664,1
2020-12-30 15:46:31.949,14664,14665,14664,1
2020-12-30 15:46:32.685,14664,14665,14664,1
2020-12-30 15:46:33.578,14664,14665,14665,1
2020-12-30 15:46:33.637,14664,14665,14665,3
2020-12-30 15:46:35.816,14664,14665,14664,9
2020-12-30 15:46:35.816,14664,14665,14663,1
2020-12-30 15:46:37.367,14663,14665,14665,1
2020-12-30 15:46:37.833,14664,14665,14664,1
2020-12-30 15:46:38.877,14664,14665,14665,3
2020-12-30 15:46:38.882,14664,14665,14664,1
2020-12-30 15:46:44.522,14664,14665,14665,39
2020-12-30 15:46:44.523,14664,14665,14666,4
2020-12-30 15:46:44.527,14664,14665,14666,1
2020-12-30 15:46:44.556,14664,14665,14666,1
2020-12-30 15:46:44.901,14665,14667,14667,4
2020-12-30 15:46:50.516,14665,14667,14665,1
2020-12-30 15:46:57.620,14665,14666,14665,1
2020-12-30 15:46:58.093,14665,14666,14665,1
2020-12-30 15:47:00.224,14665,14666,14666,1
2020-12-30 15:47:05.703,14665,14666,14665,2
2020-12-30 15:47:05.728,14665,14666,14666,1
2020-12-30 15:47:05.766,14665,14666,14666,1
2020-12-30 15:47:06.605,14665,14666,14666,1
2020-12-30 15:47:09.805,14665,14666,14665,9
2020-12-30 15:47:10.462,14664,14665,14665,1
2020-12-30 15:47:12.844,14664,14665,14665,1
2020-12-30 15:47:14.736,14664,14665,14664,3
2020-12-30 15:47:28.831,14664,14665,14664,1
2020-12-30 15:47:29.390,14664,14665,14664,1
2020-12-30 15:47:33.780,14664,14665,14664,1
2020-12-30 15:47:35.308,14664,14665,14664,1
2020-12-30 15:47:37.862,14664,14665,14664,1
2020-12-30 15:47:48.748,14664,14665,14664,5
2020-12-30 15:47:58.291,14664,14665,14664,2
2020-12-30 15:47:59.699,14664,14665,14664,1
2020-12-30 15:48:15.348,14664,14665,14664,1
2020-12-30 15:48:16.782,14664,14665,14665,1
2020-12-30 15:48:17.083,14664,14665,14665,1
2020-12-30 15:48:17.785,14664,14665,14664,5
2020-12-30 15:48:27.867,14663,14664,14664,1
2020-12-30 15:48:28.491,14663,14664,14663,1
2020-12-30 15:48:35.006,14663,14664,14663,3
2020-12-30 15:48:35.007,14663,14664,14663,17
2020-12-30 15:48:35.267,14662,14663,14662,1
2020-12-30 15:48:35.472,14662,14663,14662,2
2020-12-30 15:48:35.588,14662,14663,14662,1
2020-12-30 15:48:35.589,14662,14663,14662,1
2020-12-30 15:48:35.593,14662,14663,14662,1
2020-12-30 15:48:35.594,14662,14663,14662,1
2020-12-30 15:48:35.595,14662,14663,14662,1
2020-12-30 15:48:35.595,14662,14663,14662,1
2020-12-30 15:48:35.600,14662,14663,14662,2
2020-12-30 15:48:35.601,14662,14663,14662,1
2020-12-30 15:48:35.605,14662,14663,14662,1
2020-12-30 15:48:35.607,14662,14663,14662,1
2020-12-30 15:48:35.623,14662,14663,14662,1
2020-12-30 15:48:35.631,14662,14663,14662,3
2020-12-30 15:48:35.634,14662,14663,14661,1
2020-12-30 15:48:35.640,14662,14663,14661,1
2020-12-30 15:48:35.661,14662,14663,14661,1
2020-12-30 15:48:35.940,14661,14662,14661,2
2020-12-30 15:48:38.778,14661,14662,14661,7
2020-12-30 15:48:40.377,14660,14662,14660,1
2020-12-30 15:48:44.410,14661,14662,14661,1
2020-12-30 15:48:44.410,14661,14662,14660,6
2020-12-30 15:48:50.649,14661,14662,14661,5
2020-12-30 15:48:51.703,14660,14661,14660,1
2020-12-30 15:48:54.743,14660,14661,14660,1
2020-12-30 15:48:54.760,14660,14661,14661,1
2020-12-30 15:48:55.089,14660,14661,14660,12
2020-12-30 15:48:55.943,14660,14661,14660,10
2020-12-30 15:48:56.006,14660,14661,14660,3
2020-12-30 15:48:56.617,14659,14661,14659,3
2020-12-30 15:48:56.619,14659,14661,14659,4
2020-12-30 15:48:56.736,14658,14660,14660,1
2020-12-30 15:48:56.808,14658,14660,14658,1
2020-12-30 15:48:56.859,14658,14660,14658,1
2020-12-30 15:48:57.075,14658,14660,14658,1
2020-12-30 15:48:58.445,14658,14659,14659,1
2020-12-30 15:49:01.154,14658,14659,14659,1
2020-12-30 15:49:01.154,14658,14659,14659,1
2020-12-30 15:49:01.155,14658,14659,14659,1
2020-12-30 15:49:01.155,14658,14659,14659,1
2020-12-30 15:49:03.040,14659,14660,14660,1
2020-12-30 15:49:03.145,14659,14660,14660,3
2020-12-30 15:49:03.145,14659,14660,14660,1
2020-12-30 15:49:03.145,14659,14660,14660,3
2020-12-30 15:49:04.858,14659,14660,14660,1
2020-12-30 15:49:05.031,14659,14661,14659,3
2020-12-30 15:49:06.170,14659,14660,14659,1
2020-12-30 15:49:07.989,14659,14660,14659,1
2020-12-30 15:49:10.149,14659,14660,14659,1
2020-12-30 15:49:11.772,14659,14660,14660,1
2020-12-30 15:49:14.809,14659,14660,14659,1
2020-12-30 15:49:15.351,14659,14660,14659,1
2020-12-30 15:49:16.871,14659,14660,14659,1
2020-12-30 15:49:17.045,14659,14660,14659,1
2020-12-30 15:49:17.045,14659,14660,14659,1
2020-12-30 15:49:18.590,14659,14660,14659,1
2020-12-30 15:49:19.273,14658,14659,14659,1
2020-12-30 15:49:19.997,14658,14659,14659,1
2020-12-30 15:49:21.773,14658,14659,14658,1
2020-12-30 15:49:22.373,14658,14659,14659,1
2020-12-30 15:49:24.143,14658,14659,14658,1
2020-12-30 15:49:25.393,14658,14659,14659,1
2020-12-30 15:49:25.491,14658,14659,14658,1
2020-12-30 15:49:35.096,14659,14660,14659,3
2020-12-30 15:49:39.464,14658,14660,14658,1
2020-12-30 15:49:41.871,14658,14659,14659,1
2020-12-30 15:49:42.985,14658,14659,14658,1
2020-12-30 15:49:43.331,14658,14659,14658,3
2020-12-30 15:49:47.628,14658,14659,14658,1
2020-12-30 15:49:47.657,14658,14659,14659,1
2020-12-30 15:49:50.883,14659,14660,14659,1
2020-12-30 15:49:50.883,14659,14660,14658,18
2020-12-30 15:49:51.445,14658,14659,14659,1
2020-12-30 15:49:55.057,14658,14659,14658,1
2020-12-30 15:49:57.414,14658,14659,14659,1
2020-12-30 15:49:57.821,14658,14659,14659,1
2020-12-30 15:49:57.868,14658,14659,14659,1
2020-12-30 15:50:01.078,14659,14660,14660,2
2020-12-30 15:50:01.078,14659,14660,14660,1
2020-12-30 15:50:01.078,14659,14660,14660,2
2020-12-30 15:50:01.078,14659,14660,14660,15
2020-12-30 15:50:02.306,14660,14661,14660,1
2020-12-30 15:50:04.426,14660,14661,14660,5
2020-12-30 15:50:17.923,14660,14661,14660,2
2020-12-30 15:50:27.546,14660,14661,14661,2
2020-12-30 15:50:29.745,14660,14662,14662,1
2020-12-30 15:50:30.201,14661,14662,14662,1
2020-12-30 15:50:32.488,14661,14662,14661,3
2020-12-30 15:50:49.677,14661,14662,14661,1
2020-12-30 15:50:50.369,14661,14662,14662,5
2020-12-30 15:50:53.661,14662,14663,14662,1
2020-12-30 15:51:01.354,14662,14663,14663,2
2020-12-30 15:51:01.355,14662,14663,14663,1
2020-12-30 15:51:01.610,14662,14664,14664,2
2020-12-30 15:51:03.236,14662,14663,14663,1
2020-12-30 15:51:06.070,14663,14664,14663,1
2020-12-30 15:51:07.232,14663,14664,14664,2
2020-12-30 15:51:08.482,14663,14664,14663,1
2020-12-30 15:51:09.390,14663,14664,14664,1
2020-12-30 15:51:16.009,14663,14664,14663,1
2020-12-30 15:51:17.314,14663,14664,14664,1
2020-12-30 15:51:19.121,14663,14664,14663,6
2020-12-30 15:51:19.131,14662,14663,14662,5
2020-12-30 15:51:22.185,14661,14663,14663,1
2020-12-30 15:51:23.099,14661,14663,14663,1
2020-12-30 15:51:23.256,14662,14663,14662,1
2020-12-30 15:51:25.378,14662,14663,14662,1
2020-12-30 15:51:27.756,14661,14663,14661,1
2020-12-30 15:51:30.818,14661,14663,14663,1
2020-12-30 15:51:32.548,14661,14662,14662,1
2020-12-30 15:51:36.131,14661,14662,14661,4
2020-12-30 15:51:36.881,14660,14661,14660,3
2020-12-30 15:51:41.006,14660,14661,14660,1
2020-12-30 15:51:45.702,14660,14661,14660,1
2020-12-30 15:51:50.354,14660,14661,14660,2
2020-12-30 15:51:54.948,14660,14661,14660,2
2020-12-30 15:52:02.367,14660,14661,14660,2
2020-12-30 15:52:08.400,14660,14661,14660,1
2020-12-30 15:52:13.095,14660,14661,14660,1
2020-12-30 15:52:24.013,14660,14661,14661,5
2020-12-30 15:52:33.568,14660,14661,14661,1
2020-12-30 15:52:34.719,14660,14661,14661,1
2020-12-30 15:52:41.728,14661,14662,14661,1
2020-12-30 15:52:43.019,14661,14662,14662,3
2020-12-30 15:52:46.805,14662,14663,14663,2
2020-12-30 15:52:49.445,14662,14664,14664,4
2020-12-30 15:52:59.861,14663,14664,14663,2
2020-12-30 15:53:12.317,14662,14663,14662,3
2020-12-30 15:53:16.365,14662,14663,14662,2
2020-12-30 15:53:24.862,14662,14663,14662,5
2020-12-30 15:53:33.631,14662,14663,14663,3
2020-12-30 15:53:33.632,14662,14663,14663,1
2020-12-30 15:53:46.895,14662,14663,14663,1
2020-12-30 15:54:02.901,14662,14663,14662,1
2020-12-30 15:54:18.009,14662,14663,14663,1
2020-12-30 15:54:18.197,14662,14663,14663,2
2020-12-30 15:54:38.108,14662,14663,14663,2
2020-12-30 15:54:51.231,14663,14664,14663,1
2020-12-30 15:54:51.232,14663,14664,14663,2
2020-12-30 15:54:53.912,14662,14663,14662,1
2020-12-30 15:55:01.262,14662,14663,14662,1
2020-12-30 15:55:01.564,14662,14663,14662,1
2020-12-30 15:55:01.565,14662,14663,14662,10
2020-12-30 15:55:01.850,14661,14662,14662,1
2020-12-30 15:55:02.368,14661,14662,14661,4
2020-12-30 15:55:05.173,14661,14662,14662,4
2020-12-30 15:55:10.250,14661,14662,14661,5
2020-12-30 15:55:18.889,14660,14662,14661,1
2020-12-30 15:55:32.848,14661,14662,14662,1
2020-12-30 15:55:52.295,14661,14662,14661,2
2020-12-30 15:55:55.721,14661,14662,14662,1
2020-12-30 15:56:00.340,14662,14663,14662,1
2020-12-30 15:56:02.094,14662,14663,14662,1
2020-12-30 15:56:02.378,14662,14663,14662,1
2020-12-30 15:56:04.171,14661,14662,14662,1
2020-12-30 15:56:27.118,14662,14663,14662,1
2020-12-30 15:56:35.276,14662,14663,14663,9
2020-12-30 15:56:53.440,14663,14664,14664,1
2020-12-30 15:57:01.141,14663,14664,14664,1
2020-12-30 15:57:01.773,14663,14664,14664,3
2020-12-30 15:57:02.203,14664,14665,14664,1
2020-12-30 15:57:04.615,14664,14665,14665,1
2020-12-30 15:57:28.125,14663,14665,14663,1
2020-12-30 15:57:35.150,14663,14664,14664,1
2020-12-30 15:57:55.151,14663,14664,14664,3
2020-12-30 15:57:55.200,14663,14664,14664,1
2020-12-30 15:57:55.489,14663,14664,14663,1
2020-12-30 15:57:55.534,14663,14664,14663,1
2020-12-30 15:57:57.748,14663,14664,14664,1
2020-12-30 15:58:14.149,14663,14664,14664,3
2020-12-30 15:58:15.004,14664,14665,14664,1
2020-12-30 15:58:19.653,14664,14665,14664,1
2020-12-30 15:58:23.931,14664,14665,14664,1
2020-12-30 15:58:29.163,14663,14665,14665,5
2020-12-30 15:58:41.541,14664,14665,14665,13
2020-12-30 15:58:41.542,14664,14665,14665,23
2020-12-30 15:58:41.542,14664,14665,14665,3
2020-12-30 15:58:41.542,14664,14665,14665,1
2020-12-30 15:58:45.288,14665,14666,14665,1
2020-12-30 15:58:47.102,14664,14665,14665,1
2020-12-30 15:58:49.273,14665,14666,14666,8
2020-12-30 15:58:50.683,14665,14667,14667,1
2020-12-30 15:58:51.873,14665,14667,14667,5
2020-12-30 15:58:54.268,14665,14666,14666,1
2020-12-30 15:58:57.250,14667,14668,14668,1
2020-12-30 15:58:57.297,14667,14668,14667,1
2020-12-30 15:59:01.207,14666,14667,14667,1
2020-12-30 15:59:06.169,14666,14667,14667,4
2020-12-30 15:59:07.368,14666,14667,14667,1
2020-12-30 15:59:10.454,14666,14667,14666,9
2020-12-30 15:59:10.454,14666,14667,14666,1
2020-12-30 15:59:12.174,14665,14666,14665,3
2020-12-30 15:59:12.175,14665,14666,14665,1
2020-12-30 15:59:12.175,14665,14666,14665,2
2020-12-30 15:59:15.774,14664,14665,14665,1
2020-12-30 15:59:21.458,14664,14665,14664,2
2020-12-30 15:59:21.506,14664,14665,14664,5
2020-12-30 15:59:21.631,14663,14664,14663,3
2020-12-30 15:59:39.725,14663,14664,14664,5
2020-12-30 15:59:46.081,14663,14664,14663,2
2020-12-30 15:59:48.908,14663,14664,14664,1
2020-12-30 16:00:01.488,14663,14664,14664,1
2020-12-30 16:00:01.583,14663,14664,14663,7
2020-12-30 16:00:01.944,14662,14663,14663,2
2020-12-30 16:00:01.962,14662,14663,14663,1
2020-12-30 16:00:01.979,14662,14663,14664,1
2020-12-30 16:00:01.985,14662,14663,14664,13
2020-12-30 16:00:01.985,14662,14663,14665,11
2020-12-30 16:00:02.106,14663,14665,14663,1
2020-12-30 16:00:02.352,14663,14664,14664,1
2020-12-30 16:00:02.409,14663,14664,14664,1
2020-12-30 16:00:03.010,14663,14665,14663,1
2020-12-30 16:00:13.542,14663,14664,14663,2
2020-12-30 16:00:16.586,14663,14665,14663,1
2020-12-30 16:00:18.591,14663,14664,14664,1
2020-12-30 16:00:19.544,14664,14665,14664,3
2020-12-30 16:00:19.544,14664,14665,14663,7
2020-12-30 16:00:28.130,14663,14664,14663,11
2020-12-30 16:00:29.131,14662,14663,14662,2
2020-12-30 16:00:29.156,14662,14663,14662,3
2020-12-30 16:00:34.968,14662,14663,14663,1
2020-12-30 16:00:40.868,14662,14663,14662,1
2020-12-30 16:00:42.868,14662,14663,14663,1
2020-12-30 16:00:43.631,14662,14664,14664,8
2020-12-30 16:00:43.632,14662,14664,14664,1
2020-12-30 16:00:43.632,14662,14664,14664,1
2020-12-30 16:00:43.632,14662,14664,14664,2
2020-12-30 16:00:43.632,14662,14664,14664,1
2020-12-30 16:01:06.361,14662,14664,14662,5
2020-12-30 16:01:12.431,14662,14663,14662,1
2020-12-30 16:01:14.379,14662,14663,14663,2
2020-12-30 16:01:18.189,14663,14664,14664,5
2020-12-30 16:01:19.228,14664,14665,14664,1
2020-12-30 16:01:19.662,14664,14665,14664,1
2020-12-30 16:01:30.927,14664,14665,14664,3
2020-12-30 16:01:31.835,14663,14665,14664,1
2020-12-30 16:01:33.178,14664,14665,14664,1
2020-12-30 16:01:45.382,14664,14665,14665,1
2020-12-30 16:01:45.383,14664,14665,14665,1
2020-12-30 16:01:45.383,14664,14665,14665,1
2020-12-30 16:01:45.383,14664,14665,14665,3
2020-12-30 16:01:45.383,14664,14665,14665,1
2020-12-30 16:01:45.383,14664,14665,14665,1
2020-12-30 16:01:54.185,14665,14666,14666,1
2020-12-30 16:02:05.928,14665,14666,14665,1
2020-12-30 16:02:14.339,14664,14665,14665,1
2020-12-30 16:02:17.502,14665,14666,14665,1
2020-12-30 16:02:24.732,14665,14666,14665,1
2020-12-30 16:02:27.603,14665,14666,14665,1
2020-12-30 16:02:27.696,14665,14666,14665,1
2020-12-30 16:02:28.288,14665,14666,14666,2
2020-12-30 16:02:30.191,14665,14666,14666,1
2020-12-30 16:02:41.678,14665,14666,14666,1
2020-12-30 16:02:50.369,14665,14666,14666,1
2020-12-30 16:02:51.853,14665,14666,14666,1
2020-12-30 16:03:00.856,14666,14667,14666,1
2020-12-30 16:03:01.845,14666,14667,14666,1
2020-12-30 16:03:02.862,14666,14667,14666,1
2020-12-30 16:03:05.937,14666,14667,14667,4
2020-12-30 16:03:06.169,14666,14667,14667,1
2020-12-30 16:03:10.051,14666,14667,14667,2
2020-12-30 16:03:21.525,14666,14667,14667,1
2020-12-30 16:03:21.954,14666,14667,14667,7
2020-12-30 16:03:23.310,14666,14667,14667,1
2020-12-30 16:03:25.100,14666,14667,14667,4
2020-12-30 16:03:25.100,14666,14667,14667,15
2020-12-30 16:03:34.367,14667,14668,14668,2
