2020-11-20 15:00:00.000,13735,13737,13733,52
2020-11-20 15:00:00.000,13732,13733,13732,4
2020-11-20 15:00:00.000,13731,13733,13732,4
2020-11-20 15:00:00.000,13731,13733,13731,1
2020-11-20 15:00:00.000,13731,13733,13731,1
2020-11-20 15:00:00.000,13730,13732,13732,4
2020-11-20 15:00:00.000,13730,13732,13733,4
2020-11-20 15:00:00.000,13730,13732,13733,2
2020-11-20 15:00:00.000,13731,13733,13733,1
2020-11-20 15:00:00.000,13731,13733,13733,1
2020-11-20 15:00:00.000,13731,13733,13733,1
2020-11-20 15:00:00.000,13731,13733,13733,1
2020-11-20 15:00:00.000,13731,13733,13734,4
2020-11-20 15:00:00.000,13731,13733,13733,1
2020-11-20 15:00:00.000,13731,13733,13734,1
2020-11-20 15:00:00.000,13731,13733,13732,1
2020-11-20 15:00:00.000,13732,13734,13734,3
2020-11-20 15:00:00.000,13732,13734,13734,1
2020-11-20 15:00:00.000,13732,13734,13735,1
2020-11-20 15:00:00.000,13732,13734,13735,1
2020-11-20 15:00:00.000,13733,13735,13735,2
2020-11-20 15:00:00.000,13733,13735,13735,2
2020-11-20 15:00:00.000,13733,13735,13735,2
2020-11-20 15:00:00.000,13733,13735,13735,5
2020-11-20 15:00:00.000,13733,13735,13736,3
2020-11-20 15:00:00.000,13733,13735,13736,4
2020-11-20 15:00:00.000,13735,13736,13735,1
2020-11-20 15:00:00.000,13735,13736,13735,1
2020-11-20 15:00:01.000,13735,13736,13736,1
2020-11-20 15:00:01.000,13735,13736,13736,2
2020-11-20 15:00:01.000,13735,13736,13734,1
2020-11-20 15:00:01.000,13735,13736,13735,2
2020-11-20 15:00:01.000,13733,13736,13736,1
2020-11-20 15:00:01.000,13733,13736,13736,1
2020-11-20 15:00:01.000,13733,13736,13736,1
2020-11-20 15:00:01.000,13733,13737,13737,3
2020-11-20 15:00:01.000,13733,13737,13737,2
2020-11-20 15:00:01.000,13733,13737,13738,4
2020-11-20 15:00:01.000,13733,13737,13738,4
2020-11-20 15:00:01.000,13733,13737,13738,1
2020-11-20 15:00:01.000,13733,13737,13738,1
2020-11-20 15:00:01.000,13733,13737,13738,1
2020-11-20 15:00:01.000,13733,13737,13738,2
2020-11-20 15:00:01.000,13736,13738,13739,3
2020-11-20 15:00:01.000,13736,13738,13739,2
2020-11-20 15:00:01.000,13736,13738,13739,5
2020-11-20 15:00:01.000,13736,13738,13740,3
2020-11-20 15:00:01.000,13736,13738,13740,3
2020-11-20 15:00:01.000,13736,13738,13740,2
2020-11-20 15:00:01.000,13736,13738,13741,4
2020-11-20 15:00:01.000,13736,13738,13739,2
2020-11-20 15:00:01.000,13736,13738,13742,1
2020-11-20 15:00:01.000,13739,13742,13742,2
2020-11-20 15:00:01.000,13739,13742,13742,2
2020-11-20 15:00:01.000,13739,13742,13742,3
2020-11-20 15:00:01.000,13739,13742,13743,2
2020-11-20 15:00:01.000,13739,13742,13744,3
2020-11-20 15:00:01.000,13743,13744,13744,1
2020-11-20 15:00:01.000,13743,13744,13745,1
2020-11-20 15:00:01.000,13743,13744,13741,5
2020-11-20 15:00:01.000,13743,13744,13742,1
2020-11-20 15:00:01.000,13743,13744,13743,3
2020-11-20 15:00:01.000,13743,13744,13743,1
2020-11-20 15:00:01.000,13743,13744,13744,2
2020-11-20 15:00:01.000,13743,13744,13741,6
2020-11-20 15:00:01.000,13743,13744,13740,2
2020-11-20 15:00:01.000,13740,13742,13742,1
2020-11-20 15:00:01.000,13740,13742,13740,1
2020-11-20 15:00:01.000,13740,13742,13743,2
2020-11-20 15:00:01.000,13740,13742,13743,2
2020-11-20 15:00:02.000,13741,13744,13744,1
2020-11-20 15:00:02.000,13741,13744,13744,1
2020-11-20 15:00:02.000,13741,13744,13743,1
2020-11-20 15:00:02.000,13741,13744,13743,1
2020-11-20 15:00:02.000,13741,13743,13743,1
2020-11-20 15:00:02.000,13741,13743,13744,1
2020-11-20 15:00:02.000,13741,13743,13744,1
2020-11-20 15:00:02.000,13741,13743,13744,1
2020-11-20 15:00:02.000,13741,13743,13744,1
2020-11-20 15:00:02.000,13741,13743,13744,3
2020-11-20 15:00:02.000,13741,13743,13745,5
2020-11-20 15:00:02.000,13741,13743,13745,6
2020-11-20 15:00:02.000,13741,13743,13746,1
2020-11-20 15:00:02.000,13741,13743,13747,3
2020-11-20 15:00:02.000,13741,13743,13747,1
2020-11-20 15:00:02.000,13741,13743,13745,5
2020-11-20 15:00:02.000,13741,13743,13747,1
2020-11-20 15:00:02.000,13741,13743,13744,1
2020-11-20 15:00:02.000,13741,13743,13747,1
2020-11-20 15:00:02.000,13741,13743,13748,1
2020-11-20 15:00:02.000,13741,13743,13748,1
2020-11-20 15:00:02.000,13744,13748,13748,1
2020-11-20 15:00:02.000,13744,13748,13744,1
2020-11-20 15:00:02.000,13744,13748,13743,1
2020-11-20 15:00:02.000,13744,13748,13746,1
2020-11-20 15:00:02.000,13744,13748,13747,1
2020-11-20 15:00:02.000,13744,13748,13747,2
2020-11-20 15:00:02.000,13744,13748,13746,1
2020-11-20 15:00:02.000,13744,13748,13747,2
2020-11-20 15:00:02.000,13744,13748,13748,2
2020-11-20 15:00:02.000,13744,13748,13748,5
2020-11-20 15:00:02.000,13744,13748,13749,2
2020-11-20 15:00:02.000,13744,13748,13743,2
2020-11-20 15:00:02.000,13744,13748,13744,2
2020-11-20 15:00:02.000,13744,13748,13749,1
2020-11-20 15:00:02.000,13744,13748,13749,3
2020-11-20 15:00:02.000,13746,13749,13746,3
2020-11-20 15:00:02.000,13746,13749,13749,1
2020-11-20 15:00:02.000,13746,13749,13748,1
2020-11-20 15:00:02.000,13746,13749,13749,2
2020-11-20 15:00:02.000,13746,13749,13749,2
2020-11-20 15:00:02.000,13746,13749,13749,2
2020-11-20 15:00:02.000,13746,13749,13746,4
2020-11-20 15:00:02.000,13746,13749,13741,2
2020-11-20 15:00:02.000,13746,13749,13742,1
2020-11-20 15:00:02.000,13746,13749,13743,2
2020-11-20 15:00:02.000,13746,13749,13746,2
2020-11-20 15:00:02.000,13746,13749,13740,3
2020-11-20 15:00:02.000,13746,13749,13741,2
2020-11-20 15:00:02.000,13746,13749,13737,4
2020-11-20 15:00:02.000,13746,13749,13738,1
2020-11-20 15:00:02.000,13746,13749,13739,2
2020-11-20 15:00:02.000,13746,13749,13737,3
2020-11-20 15:00:02.000,13746,13749,13747,1
2020-11-20 15:00:02.000,13746,13749,13748,1
2020-11-20 15:00:02.000,13737,13748,13748,2
2020-11-20 15:00:02.000,13737,13748,13749,1
2020-11-20 15:00:02.000,13737,13748,13749,2
2020-11-20 15:00:02.000,13737,13748,13749,1
2020-11-20 15:00:02.000,13737,13748,13749,1
2020-11-20 15:00:02.000,13737,13749,13749,1
2020-11-20 15:00:02.000,13737,13749,13750,1
2020-11-20 15:00:02.000,13737,13749,13738,1
2020-11-20 15:00:02.000,13737,13749,13749,1
2020-11-20 15:00:02.000,13737,13749,13750,3
2020-11-20 15:00:02.000,13738,13750,13746,1
2020-11-20 15:00:02.000,13738,13750,13747,1
2020-11-20 15:00:02.000,13738,13750,13750,1
2020-11-20 15:00:02.000,13738,13750,13750,2
2020-11-20 15:00:02.000,13738,13750,13750,1
2020-11-20 15:00:02.000,13738,13750,13750,1
2020-11-20 15:00:02.000,13738,13750,13750,1
2020-11-20 15:00:02.000,13738,13750,13750,1
2020-11-20 15:00:02.000,13738,13750,13750,1
2020-11-20 15:00:02.000,13738,13750,13746,1
2020-11-20 15:00:02.000,13738,13750,13746,1
2020-11-20 15:00:03.000,13738,13746,13746,1
2020-11-20 15:00:03.000,13738,13746,13746,1
2020-11-20 15:00:03.000,13738,13746,13746,1
2020-11-20 15:00:03.000,13738,13746,13750,1
2020-11-20 15:00:03.000,13738,13746,13748,1
2020-11-20 15:00:03.000,13738,13746,13750,1
2020-11-20 15:00:03.000,13738,13750,13750,1
2020-11-20 15:00:03.000,13738,13750,13750,1
2020-11-20 15:00:03.000,13738,13750,13750,1
2020-11-20 15:00:03.000,13738,13750,13750,1
2020-11-20 15:00:03.000,13739,13750,13750,3
2020-11-20 15:00:03.000,13739,13750,13751,2
2020-11-20 15:00:03.000,13739,13750,13751,1
2020-11-20 15:00:03.000,13739,13750,13751,1
2020-11-20 15:00:03.000,13739,13750,13752,5
2020-11-20 15:00:03.000,13739,13750,13753,2
2020-11-20 15:00:03.000,13741,13754,13754,1
2020-11-20 15:00:03.000,13741,13754,13754,1
2020-11-20 15:00:03.000,13741,13754,13754,2
2020-11-20 15:00:03.000,13741,13754,13754,2
2020-11-20 15:00:03.000,13741,13755,13755,15
2020-11-20 15:00:03.000,13741,13755,13748,5
2020-11-20 15:00:03.000,13741,13755,13755,1
2020-11-20 15:00:03.000,13741,13755,13755,1
2020-11-20 15:00:03.000,13741,13755,13740,1
2020-11-20 15:00:03.000,13741,13755,13741,3
2020-11-20 15:00:03.000,13741,13755,13751,1
2020-11-20 15:00:03.000,13741,13755,13752,1
2020-11-20 15:00:03.000,13741,13755,13753,3
2020-11-20 15:00:03.000,13741,13755,13753,1
2020-11-20 15:00:03.000,13741,13755,13756,4
2020-11-20 15:00:03.000,13741,13756,13756,1
2020-11-20 15:00:03.000,13741,13756,13756,1
2020-11-20 15:00:03.000,13741,13756,13749,1
2020-11-20 15:00:03.000,13741,13756,13753,1
2020-11-20 15:00:03.000,13741,13756,13753,1
2020-11-20 15:00:03.000,13741,13756,13753,1
2020-11-20 15:00:03.000,13741,13756,13753,1
2020-11-20 15:00:03.000,13741,13753,13753,1
2020-11-20 15:00:03.000,13741,13753,13753,1
2020-11-20 15:00:03.000,13741,13753,13740,2
2020-11-20 15:00:03.000,13741,13753,13741,2
2020-11-20 15:00:03.000,13741,13753,13749,1
2020-11-20 15:00:03.000,13741,13753,13756,1
2020-11-20 15:00:03.000,13739,13756,13750,2
2020-11-20 15:00:03.000,13739,13756,13756,2
2020-11-20 15:00:03.000,13739,13756,13739,1
2020-11-20 15:00:04.000,13739,13753,13753,1
2020-11-20 15:00:04.000,13739,13753,13739,1
2020-11-20 15:00:04.000,13739,13752,13753,1
2020-11-20 15:00:04.000,13739,13752,13754,1
2020-11-20 15:00:04.000,13744,13756,13756,1
2020-11-20 15:00:04.000,13744,13756,13757,1
2020-11-20 15:00:04.000,13744,13757,13757,1
2020-11-20 15:00:04.000,13744,13757,13757,3
2020-11-20 15:00:04.000,13744,13757,13757,1
2020-11-20 15:00:04.000,13744,13757,13758,1
2020-11-20 15:00:04.000,13744,13758,13740,1
2020-11-20 15:00:04.000,13744,13758,13743,1
2020-11-20 15:00:04.000,13744,13758,13744,2
2020-11-20 15:00:04.000,13744,13758,13757,1
2020-11-20 15:00:04.000,13744,13758,13758,2
2020-11-20 15:00:04.000,13744,13758,13755,1
2020-11-20 15:00:04.000,13744,13758,13759,1
2020-11-20 15:00:04.000,13744,13758,13760,1
2020-11-20 15:00:04.000,13744,13758,13760,2
2020-11-20 15:00:04.000,13739,13760,13760,1
2020-11-20 15:00:04.000,13739,13760,13739,1
2020-11-20 15:00:04.000,13739,13760,13750,1
2020-11-20 15:00:04.000,13739,13760,13751,1
2020-11-20 15:00:04.000,13739,13751,13751,1
2020-11-20 15:00:05.000,13739,13754,13755,1
2020-11-20 15:00:05.000,13739,13754,13756,1
2020-11-20 15:00:05.000,13739,13754,13759,2
2020-11-20 15:00:05.000,13739,13754,13759,1
2020-11-20 15:00:05.000,13739,13754,13759,1
2020-11-20 15:00:05.000,13739,13754,13759,1
2020-11-20 15:00:05.000,13739,13754,13745,1
2020-11-20 15:00:05.000,13739,13754,13758,1
2020-11-20 15:00:05.000,13745,13759,13759,1
2020-11-20 15:00:05.000,13745,13759,13759,1
2020-11-20 15:00:05.000,13745,13759,13759,1
2020-11-20 15:00:05.000,13745,13759,13759,1
2020-11-20 15:00:05.000,13745,13759,13745,1
2020-11-20 15:00:05.000,13745,13759,13752,1
2020-11-20 15:00:05.000,13745,13753,13753,1
2020-11-20 15:00:05.000,13745,13753,13753,1
2020-11-20 15:00:05.000,13745,13753,13757,1
2020-11-20 15:00:05.000,13745,13753,13757,1
2020-11-20 15:00:05.000,13745,13753,13757,1
2020-11-20 15:00:05.000,13745,13753,13757,1
2020-11-20 15:00:05.000,13745,13753,13759,1
2020-11-20 15:00:05.000,13745,13753,13759,1
2020-11-20 15:00:05.000,13745,13760,13760,1
2020-11-20 15:00:05.000,13745,13760,13760,1
2020-11-20 15:00:05.000,13745,13760,13753,1
2020-11-20 15:00:05.000,13745,13760,13760,3
2020-11-20 15:00:05.000,13745,13760,13761,1
2020-11-20 15:00:05.000,13745,13760,13762,3
2020-11-20 15:00:05.000,13745,13760,13762,1
2020-11-20 15:00:05.000,13745,13760,13763,2
2020-11-20 15:00:05.000,13745,13760,13763,1
2020-11-20 15:00:05.000,13745,13760,13763,1
2020-11-20 15:00:05.000,13745,13763,13763,1
2020-11-20 15:00:05.000,13745,13763,13764,2
2020-11-20 15:00:05.000,13745,13763,13757,1
2020-11-20 15:00:05.000,13745,13763,13764,2
2020-11-20 15:00:05.000,13745,13763,13765,1
2020-11-20 15:00:05.000,13745,13763,13758,1
2020-11-20 15:00:05.000,13747,13758,13758,1
2020-11-20 15:00:05.000,13747,13758,13758,1
2020-11-20 15:00:05.000,13747,13758,13757,1
2020-11-20 15:00:05.000,13747,13758,13757,1
2020-11-20 15:00:05.000,13747,13758,13758,1
2020-11-20 15:00:05.000,13747,13758,13758,1
2020-11-20 15:00:05.000,13747,13754,13754,1
2020-11-20 15:00:05.000,13747,13754,13758,4
2020-11-20 15:00:05.000,13747,13754,13759,1
2020-11-20 15:00:05.000,13747,13754,13747,1
2020-11-20 15:00:05.000,13747,13754,13764,1
2020-11-20 15:00:06.000,13746,13758,13758,1
2020-11-20 15:00:06.000,13746,13758,13758,1
2020-11-20 15:00:06.000,13746,13758,13765,1
2020-11-20 15:00:06.000,13746,13758,13765,3
2020-11-20 15:00:06.000,13746,13758,13765,1
2020-11-20 15:00:06.000,13746,13763,13746,1
2020-11-20 15:00:06.000,13745,13754,13754,1
2020-11-20 15:00:06.000,13745,13754,13754,1
2020-11-20 15:00:06.000,13745,13754,13758,1
2020-11-20 15:00:06.000,13745,13754,13762,1
2020-11-20 15:00:06.000,13745,13762,13758,1
2020-11-20 15:00:06.000,13745,13762,13762,6
2020-11-20 15:00:06.000,13749,13763,13760,1
2020-11-20 15:00:06.000,13749,13763,13751,1
2020-11-20 15:00:06.000,13749,13756,13756,1
2020-11-20 15:00:06.000,13749,13756,13749,5
2020-11-20 15:00:06.000,13749,13756,13756,1
2020-11-20 15:00:07.000,13748,13756,13756,1
2020-11-20 15:00:07.000,13748,13756,13760,1
2020-11-20 15:00:07.000,13748,13760,13760,1
2020-11-20 15:00:07.000,13748,13760,13760,1
2020-11-20 15:00:07.000,13748,13760,13760,1
2020-11-20 15:00:07.000,13748,13760,13761,1
2020-11-20 15:00:07.000,13748,13762,13762,3
2020-11-20 15:00:07.000,13748,13762,13762,1
2020-11-20 15:00:07.000,13748,13760,13756,4
2020-11-20 15:00:07.000,13748,13760,13756,1
2020-11-20 15:00:07.000,13748,13760,13760,4
2020-11-20 15:00:07.000,13748,13762,13762,2
2020-11-20 15:00:07.000,13748,13762,13756,1
2020-11-20 15:00:07.000,13748,13756,13747,1
2020-11-20 15:00:07.000,13748,13756,13748,1
2020-11-20 15:00:07.000,13748,13756,13752,2
2020-11-20 15:00:07.000,13748,13756,13755,1
2020-11-20 15:00:07.000,13748,13756,13756,1
2020-11-20 15:00:07.000,13748,13756,13757,2
2020-11-20 15:00:07.000,13748,13756,13758,4
2020-11-20 15:00:07.000,13748,13756,13759,3
2020-11-20 15:00:07.000,13749,13759,13759,1
2020-11-20 15:00:07.000,13749,13759,13759,1
2020-11-20 15:00:08.000,13749,13759,13759,1
2020-11-20 15:00:08.000,13749,13759,13762,1
2020-11-20 15:00:08.000,13749,13762,13762,1
2020-11-20 15:00:08.000,13749,13760,13760,1
2020-11-20 15:00:08.000,13749,13760,13760,1
2020-11-20 15:00:08.000,13749,13756,13756,1
2020-11-20 15:00:08.000,13749,13756,13760,1
2020-11-20 15:00:08.000,13755,13758,13755,1
2020-11-20 15:00:08.000,13755,13758,13755,1
2020-11-20 15:00:08.000,13755,13758,13755,1
2020-11-20 15:00:08.000,13755,13758,13755,1
2020-11-20 15:00:08.000,13755,13758,13755,1
2020-11-20 15:00:08.000,13755,13758,13756,1
2020-11-20 15:00:08.000,13755,13758,13755,2
2020-11-20 15:00:09.000,13753,13757,13757,1
2020-11-20 15:00:09.000,13753,13757,13752,1
2020-11-20 15:00:09.000,13753,13757,13753,1
2020-11-20 15:00:09.000,13753,13757,13752,1
2020-11-20 15:00:09.000,13752,13757,13757,1
2020-11-20 15:00:09.000,13752,13757,13758,3
2020-11-20 15:00:11.000,13755,13756,13755,1
2020-11-20 15:00:11.000,13754,13756,13754,1
2020-11-20 15:00:11.000,13754,13756,13754,2
2020-11-20 15:00:12.000,13753,13756,13756,1
2020-11-20 15:00:13.000,13752,13754,13752,9
2020-11-20 15:00:13.000,13750,13754,13754,2
2020-11-20 15:00:13.000,13751,13754,13753,1
2020-11-20 15:00:14.000,13751,13753,13753,1
2020-11-20 15:00:14.000,13752,13753,13752,2
2020-11-20 15:00:14.000,13751,13753,13751,1
2020-11-20 15:00:15.000,13750,13751,13750,10
2020-11-20 15:00:15.000,13750,13751,13751,1
2020-11-20 15:00:15.000,13749,13751,13749,1
2020-11-20 15:00:16.000,13748,13751,13751,2
2020-11-20 15:00:16.000,13748,13751,13752,2
2020-11-20 15:00:16.000,13749,13751,13751,1
2020-11-20 15:00:16.000,13749,13751,13751,1
2020-11-20 15:00:16.000,13749,13751,13750,1
2020-11-20 15:00:16.000,13749,13751,13750,1
2020-11-20 15:00:16.000,13749,13751,13749,1
2020-11-20 15:00:17.000,13749,13750,13750,1
2020-11-20 15:00:17.000,13749,13750,13750,2
2020-11-20 15:00:17.000,13749,13750,13749,1
2020-11-20 15:00:17.000,13748,13752,13752,1
2020-11-20 15:00:17.000,13748,13752,13752,1
2020-11-20 15:00:17.000,13748,13752,13752,1
2020-11-20 15:00:17.000,13748,13752,13752,1
2020-11-20 15:00:17.000,13748,13752,13752,1
2020-11-20 15:00:17.000,13748,13752,13752,1
2020-11-20 15:00:17.000,13748,13752,13752,1
2020-11-20 15:00:17.000,13748,13752,13752,1
2020-11-20 15:00:17.000,13748,13752,13753,1
2020-11-20 15:00:17.000,13748,13752,13753,1
2020-11-20 15:00:17.000,13748,13752,13753,1
2020-11-20 15:00:17.000,13748,13752,13753,1
2020-11-20 15:00:17.000,13750,13753,13750,1
2020-11-20 15:00:17.000,13749,13752,13750,2
2020-11-20 15:00:17.000,13749,13752,13746,3
2020-11-20 15:00:17.000,13749,13752,13747,3
2020-11-20 15:00:17.000,13749,13752,13748,7
2020-11-20 15:00:17.000,13749,13752,13749,8
2020-11-20 15:00:17.000,13749,13752,13751,1
2020-11-20 15:00:19.000,13747,13750,13747,5
2020-11-20 15:00:20.000,13747,13750,13749,1
2020-11-20 15:00:20.000,13747,13750,13747,2
2020-11-20 15:00:21.000,13748,13749,13748,1
2020-11-20 15:00:22.000,13748,13749,13748,4
2020-11-20 15:00:22.000,13748,13749,13749,1
2020-11-20 15:00:22.000,13747,13749,13747,2
2020-11-20 15:00:22.000,13747,13749,13747,7
2020-11-20 15:00:22.000,13746,13748,13746,8
2020-11-20 15:00:22.000,13745,13748,13745,1
2020-11-20 15:00:23.000,13745,13746,13745,8
2020-11-20 15:00:25.000,13745,13746,13746,1
2020-11-20 15:00:25.000,13745,13746,13745,2
2020-11-20 15:00:25.000,13744,13745,13744,5
2020-11-20 15:00:25.000,13743,13745,13745,1
2020-11-20 15:00:26.000,13744,13745,13744,1
2020-11-20 15:00:26.000,13743,13745,13743,1
2020-11-20 15:00:27.000,13742,13744,13742,2
2020-11-20 15:00:28.000,13741,13742,13741,4
2020-11-20 15:00:28.000,13741,13742,13741,1
2020-11-20 15:00:28.000,13740,13742,13740,2
2020-11-20 15:00:28.000,13740,13742,13738,1
2020-11-20 15:00:28.000,13740,13742,13739,3
2020-11-20 15:00:28.000,13740,13742,13740,1
2020-11-20 15:00:28.000,13739,13740,13740,1
2020-11-20 15:00:28.000,13739,13741,13739,2
2020-11-20 15:00:29.000,13739,13740,13739,1
2020-11-20 15:00:29.000,13739,13740,13740,1
2020-11-20 15:00:29.000,13738,13740,13738,1
2020-11-20 15:00:29.000,13738,13739,13738,1
2020-11-20 15:00:29.000,13738,13739,13739,1
2020-11-20 15:00:29.000,13738,13740,13740,1
2020-11-20 15:00:31.000,13740,13741,13740,1
2020-11-20 15:00:31.000,13740,13741,13741,2
2020-11-20 15:00:31.000,13740,13741,13742,1
2020-11-20 15:00:32.000,13740,13743,13740,1
2020-11-20 15:00:32.000,13741,13743,13741,1
2020-11-20 15:00:34.000,13742,13743,13742,1
2020-11-20 15:00:34.000,13742,13743,13742,1
2020-11-20 15:00:34.000,13742,13743,13742,1
2020-11-20 15:00:34.000,13742,13743,13742,1
2020-11-20 15:00:34.000,13742,13743,13743,3
2020-11-20 15:00:34.000,13742,13744,13742,1
2020-11-20 15:00:35.000,13742,13744,13742,1
2020-11-20 15:00:35.000,13742,13744,13742,1
2020-11-20 15:00:35.000,13742,13744,13742,1
2020-11-20 15:00:35.000,13742,13744,13744,1
2020-11-20 15:00:35.000,13742,13744,13744,1
2020-11-20 15:00:35.000,13743,13744,13743,1
2020-11-20 15:00:35.000,13743,13744,13743,1
2020-11-20 15:00:35.000,13743,13744,13743,1
2020-11-20 15:00:35.000,13742,13744,13742,1
2020-11-20 15:00:36.000,13742,13744,13742,1
2020-11-20 15:00:36.000,13742,13744,13742,1
2020-11-20 15:00:36.000,13742,13744,13742,1
2020-11-20 15:00:36.000,13742,13744,13744,1
2020-11-20 15:00:36.000,13742,13744,13742,2
2020-11-20 15:00:36.000,13742,13744,13742,1
2020-11-20 15:00:36.000,13743,13744,13744,5
2020-11-20 15:00:36.000,13743,13744,13744,2
2020-11-20 15:00:36.000,13743,13744,13744,11
2020-11-20 15:00:36.000,13743,13744,13744,1
2020-11-20 15:00:37.000,13744,13745,13745,5
2020-11-20 15:00:37.000,13744,13745,13744,1
2020-11-20 15:00:37.000,13744,13746,13744,1
2020-11-20 15:00:37.000,13744,13746,13744,1
2020-11-20 15:00:37.000,13744,13746,13744,1
2020-11-20 15:00:37.000,13743,13745,13743,1
2020-11-20 15:00:38.000,13743,13745,13743,2
2020-11-20 15:00:39.000,13743,13744,13743,1
2020-11-20 15:00:39.000,13743,13744,13744,4
2020-11-20 15:00:39.000,13743,13744,13745,1
2020-11-20 15:00:39.000,13743,13745,13743,1
2020-11-20 15:00:39.000,13743,13744,13743,1
2020-11-20 15:00:39.000,13743,13744,13743,1
2020-11-20 15:00:39.000,13743,13744,13743,1
2020-11-20 15:00:40.000,13743,13744,13743,1
2020-11-20 15:00:40.000,13743,13744,13743,5
2020-11-20 15:00:40.000,13743,13744,13743,1
2020-11-20 15:00:40.000,13743,13744,13742,1
2020-11-20 15:00:40.000,13742,13743,13741,2
2020-11-20 15:00:40.000,13742,13743,13742,3
2020-11-20 15:00:40.000,13741,13743,13741,5
2020-11-20 15:00:40.000,13741,13743,13741,1
2020-11-20 15:00:40.000,13740,13743,13740,5
2020-11-20 15:00:40.000,13740,13741,13740,2
2020-11-20 15:00:41.000,13739,13740,13739,5
2020-11-20 15:00:41.000,13739,13740,13738,2
2020-11-20 15:00:41.000,13739,13740,13739,3
2020-11-20 15:00:41.000,13738,13739,13738,1
2020-11-20 15:00:41.000,13738,13739,13739,2
2020-11-20 15:00:41.000,13738,13739,13739,2
2020-11-20 15:00:41.000,13738,13739,13739,2
2020-11-20 15:00:41.000,13738,13739,13739,2
2020-11-20 15:00:42.000,13739,13740,13740,2
2020-11-20 15:00:42.000,13739,13741,13741,1
2020-11-20 15:00:42.000,13740,13741,13741,1
2020-11-20 15:00:42.000,13740,13741,13741,1
2020-11-20 15:00:43.000,13740,13742,13740,1
2020-11-20 15:00:43.000,13739,13741,13741,1
2020-11-20 15:00:43.000,13739,13741,13741,5
2020-11-20 15:00:44.000,13740,13742,13742,3
2020-11-20 15:00:44.000,13741,13743,13741,1
2020-11-20 15:00:46.000,13741,13742,13741,1
2020-11-20 15:00:46.000,13741,13742,13741,1
2020-11-20 15:00:48.000,13741,13742,13742,1
2020-11-20 15:00:48.000,13741,13742,13742,1
2020-11-20 15:00:48.000,13741,13742,13743,1
2020-11-20 15:00:48.000,13742,13743,13742,1
2020-11-20 15:00:49.000,13742,13743,13741,5
2020-11-20 15:00:49.000,13742,13743,13742,5
2020-11-20 15:00:49.000,13740,13742,13740,1
2020-11-20 15:00:49.000,13740,13742,13739,1
2020-11-20 15:00:49.000,13739,13742,13739,1
2020-11-20 15:00:49.000,13739,13742,13739,1
2020-11-20 15:00:49.000,13739,13742,13739,1
2020-11-20 15:00:49.000,13739,13742,13739,4
2020-11-20 15:00:49.000,13739,13740,13739,1
2020-11-20 15:00:49.000,13739,13740,13740,1
2020-11-20 15:00:50.000,13739,13740,13739,1
2020-11-20 15:00:51.000,13739,13740,13740,1
2020-11-20 15:00:51.000,13739,13740,13740,2
2020-11-20 15:00:51.000,13740,13741,13741,1
2020-11-20 15:00:51.000,13740,13741,13742,7
2020-11-20 15:00:52.000,13741,13742,13741,1
2020-11-20 15:00:53.000,13741,13742,13742,1
2020-11-20 15:00:53.000,13741,13742,13742,1
2020-11-20 15:00:54.000,13741,13743,13741,1
2020-11-20 15:00:56.000,13741,13742,13742,1
2020-11-20 15:00:56.000,13741,13743,13740,2
2020-11-20 15:00:56.000,13741,13743,13741,6
2020-11-20 15:00:57.000,13740,13741,13741,1
2020-11-20 15:00:57.000,13740,13741,13741,1
2020-11-20 15:00:58.000,13740,13741,13741,1
2020-11-20 15:00:58.000,13740,13741,13741,1
2020-11-20 15:00:58.000,13740,13742,13740,1
2020-11-20 15:01:00.000,13741,13742,13742,1
2020-11-20 15:01:00.000,13741,13742,13743,1
2020-11-20 15:01:00.000,13741,13742,13743,2
2020-11-20 15:01:00.000,13741,13742,13744,3
2020-11-20 15:01:00.000,13741,13742,13744,1
2020-11-20 15:01:00.000,13741,13742,13745,2
2020-11-20 15:01:00.000,13741,13742,13744,1
2020-11-20 15:01:00.000,13741,13742,13745,2
2020-11-20 15:01:00.000,13741,13742,13743,1
2020-11-20 15:01:00.000,13741,13742,13744,2
2020-11-20 15:01:00.000,13741,13742,13745,1
2020-11-20 15:01:00.000,13741,13742,13745,1
2020-11-20 15:01:00.000,13743,13745,13745,1
2020-11-20 15:01:00.000,13743,13745,13745,1
2020-11-20 15:01:00.000,13743,13745,13745,1
2020-11-20 15:01:00.000,13743,13745,13745,2
2020-11-20 15:01:00.000,13743,13745,13745,1
2020-11-20 15:01:00.000,13743,13745,13746,2
2020-11-20 15:01:00.000,13743,13745,13746,1
2020-11-20 15:01:00.000,13745,13746,13745,1
2020-11-20 15:01:01.000,13744,13746,13744,1
2020-11-20 15:01:02.000,13744,13746,13744,2
2020-11-20 15:01:02.000,13744,13746,13744,1
2020-11-20 15:01:02.000,13744,13746,13744,3
2020-11-20 15:01:02.000,13744,13746,13744,1
2020-11-20 15:01:02.000,13744,13746,13743,1
2020-11-20 15:01:02.000,13744,13746,13742,1
2020-11-20 15:01:02.000,13744,13746,13742,4
2020-11-20 15:01:02.000,13744,13746,13742,1
2020-11-20 15:01:02.000,13744,13746,13741,1
2020-11-20 15:01:02.000,13744,13746,13741,1
2020-11-20 15:01:02.000,13744,13746,13741,2
2020-11-20 15:01:02.000,13741,13742,13741,1
2020-11-20 15:01:02.000,13741,13742,13741,1
2020-11-20 15:01:02.000,13741,13742,13741,1
2020-11-20 15:01:03.000,13741,13742,13741,1
2020-11-20 15:01:03.000,13741,13742,13741,1
2020-11-20 15:01:03.000,13741,13742,13741,1
2020-11-20 15:01:03.000,13741,13742,13741,4
2020-11-20 15:01:03.000,13740,13741,13740,1
2020-11-20 15:01:03.000,13740,13741,13741,1
2020-11-20 15:01:03.000,13740,13741,13740,1
2020-11-20 15:01:03.000,13740,13741,13741,1
2020-11-20 15:01:04.000,13740,13741,13740,1
2020-11-20 15:01:04.000,13740,13741,13740,1
2020-11-20 15:01:04.000,13740,13741,13740,1
2020-11-20 15:01:04.000,13740,13741,13741,1
2020-11-20 15:01:05.000,13740,13741,13741,3
2020-11-20 15:01:06.000,13740,13741,13741,1
2020-11-20 15:01:07.000,13740,13741,13741,1
2020-11-20 15:01:07.000,13740,13741,13741,2
2020-11-20 15:01:07.000,13741,13742,13742,1
2020-11-20 15:01:08.000,13741,13744,13744,6
2020-11-20 15:01:08.000,13741,13744,13745,1
2020-11-20 15:01:09.000,13742,13744,13744,1
2020-11-20 15:01:09.000,13742,13744,13742,1
2020-11-20 15:01:12.000,13743,13745,13745,1
2020-11-20 15:01:12.000,13743,13745,13745,3
2020-11-20 15:01:12.000,13745,13746,13746,4
2020-11-20 15:01:13.000,13745,13747,13745,1
2020-11-20 15:01:14.000,13745,13747,13746,1
2020-11-20 15:01:16.000,13745,13747,13745,1
2020-11-20 15:01:17.000,13745,13747,13747,1
2020-11-20 15:01:18.000,13745,13747,13745,3
2020-11-20 15:01:19.000,13745,13747,13745,1
2020-11-20 15:01:20.000,13746,13747,13747,1
2020-11-20 15:01:21.000,13746,13747,13746,1
2020-11-20 15:01:21.000,13745,13747,13747,1
2020-11-20 15:01:21.000,13745,13747,13746,1
2020-11-20 15:01:22.000,13745,13747,13745,1
2020-11-20 15:01:22.000,13745,13747,13745,1
2020-11-20 15:01:22.000,13745,13746,13746,1
2020-11-20 15:01:23.000,13745,13746,13746,3
2020-11-20 15:01:24.000,13746,13747,13747,1
2020-11-20 15:01:24.000,13746,13747,13746,2
2020-11-20 15:01:25.000,13745,13746,13745,5
2020-11-20 15:01:25.000,13745,13746,13746,1
2020-11-20 15:01:27.000,13745,13746,13746,1
2020-11-20 15:01:27.000,13745,13746,13745,3
2020-11-20 15:01:28.000,13743,13745,13745,1
2020-11-20 15:01:28.000,13743,13745,13745,1
2020-11-20 15:01:28.000,13743,13746,13743,1
2020-11-20 15:01:32.000,13743,13745,13743,1
2020-11-20 15:01:33.000,13743,13745,13743,1
2020-11-20 15:01:35.000,13743,13745,13744,1
2020-11-20 15:01:38.000,13744,13745,13744,1
2020-11-20 15:01:38.000,13744,13745,13744,1
2020-11-20 15:01:40.000,13744,13745,13743,5
2020-11-20 15:01:40.000,13744,13745,13744,1
2020-11-20 15:01:42.000,13744,13745,13745,7
2020-11-20 15:01:42.000,13744,13745,13746,2
2020-11-20 15:01:49.000,13746,13747,13746,1
2020-11-20 15:01:50.000,13746,13747,13746,1
2020-11-20 15:01:51.000,13745,13747,13745,1
2020-11-20 15:01:55.000,13745,13746,13745,1
2020-11-20 15:01:56.000,13744,13746,13746,1
2020-11-20 15:01:57.000,13744,13746,13744,2
2020-11-20 15:01:58.000,13744,13745,13745,1
2020-11-20 15:02:00.000,13744,13745,13745,1
2020-11-20 15:02:00.000,13744,13746,13746,1
2020-11-20 15:02:00.000,13744,13746,13746,3
2020-11-20 15:02:00.000,13744,13746,13746,2
2020-11-20 15:02:00.000,13744,13746,13746,3
2020-11-20 15:02:00.000,13746,13747,13746,1
2020-11-20 15:02:00.000,13746,13747,13746,1
2020-11-20 15:02:01.000,13746,13747,13747,8
2020-11-20 15:02:01.000,13747,13748,13748,1
2020-11-20 15:02:01.000,13747,13748,13748,1
2020-11-20 15:02:01.000,13747,13748,13748,1
2020-11-20 15:02:01.000,13747,13748,13749,1
2020-11-20 15:02:02.000,13747,13749,13747,1
2020-11-20 15:02:02.000,13747,13749,13748,6
2020-11-20 15:02:02.000,13747,13749,13749,4
2020-11-20 15:02:03.000,13746,13748,13748,1
2020-11-20 15:02:05.000,13748,13749,13748,1
2020-11-20 15:02:06.000,13748,13749,13749,1
2020-11-20 15:02:06.000,13748,13749,13749,2
2020-11-20 15:02:07.000,13749,13750,13750,1
2020-11-20 15:02:07.000,13749,13750,13750,1
2020-11-20 15:02:07.000,13749,13750,13750,1
2020-11-20 15:02:07.000,13749,13750,13750,1
2020-11-20 15:02:07.000,13749,13750,13750,1
2020-11-20 15:02:07.000,13749,13750,13750,16
2020-11-20 15:02:07.000,13749,13750,13750,1
2020-11-20 15:02:07.000,13750,13751,13750,1
2020-11-20 15:02:08.000,13750,13751,13750,1
2020-11-20 15:02:09.000,13749,13750,13749,2
2020-11-20 15:02:10.000,13749,13750,13749,1
2020-11-20 15:02:12.000,13749,13750,13749,1
2020-11-20 15:02:13.000,13749,13750,13750,1
2020-11-20 15:02:13.000,13749,13750,13750,1
2020-11-20 15:02:14.000,13750,13751,13750,1
2020-11-20 15:02:15.000,13750,13751,13750,1
2020-11-20 15:02:15.000,13750,13751,13750,1
2020-11-20 15:02:15.000,13749,13751,13751,1
2020-11-20 15:02:15.000,13749,13751,13749,1
2020-11-20 15:02:16.000,13750,13751,13750,1
2020-11-20 15:02:17.000,13750,13751,13750,1
2020-11-20 15:02:17.000,13749,13750,13750,1
2020-11-20 15:02:17.000,13749,13750,13751,1
2020-11-20 15:02:17.000,13750,13751,13750,1
2020-11-20 15:02:18.000,13750,13751,13750,1
2020-11-20 15:02:19.000,13750,13751,13751,2
2020-11-20 15:02:19.000,13750,13751,13751,11
2020-11-20 15:02:19.000,13751,13752,13752,3
2020-11-20 15:02:19.000,13751,13752,13752,4
2020-11-20 15:02:19.000,13752,13753,13753,1
2020-11-20 15:02:19.000,13752,13753,13753,2
2020-11-20 15:02:19.000,13752,13753,13753,6
2020-11-20 15:02:20.000,13753,13754,13753,1
2020-11-20 15:02:21.000,13752,13754,13754,1
2020-11-20 15:02:21.000,13752,13754,13752,1
2020-11-20 15:02:22.000,13752,13754,13753,1
2020-11-20 15:02:22.000,13752,13753,13752,1
2020-11-20 15:02:22.000,13752,13753,13752,1
2020-11-20 15:02:24.000,13751,13753,13751,1
2020-11-20 15:02:24.000,13751,13753,13753,3
2020-11-20 15:02:25.000,13751,13753,13751,1
2020-11-20 15:02:26.000,13752,13753,13752,1
2020-11-20 15:02:27.000,13750,13752,13752,1
2020-11-20 15:02:27.000,13751,13752,13752,1
2020-11-20 15:02:27.000,13751,13752,13753,1
2020-11-20 15:02:27.000,13751,13753,13753,4
2020-11-20 15:02:27.000,13751,13753,13753,1
2020-11-20 15:02:31.000,13752,13753,13752,3
2020-11-20 15:02:32.000,13752,13753,13753,5
2020-11-20 15:02:34.000,13752,13753,13753,4
2020-11-20 15:02:34.000,13752,13753,13754,4
2020-11-20 15:02:35.000,13752,13754,13752,1
2020-11-20 15:02:36.000,13752,13753,13753,1
2020-11-20 15:02:36.000,13753,13754,13754,8
2020-11-20 15:02:37.000,13754,13755,13754,1
2020-11-20 15:02:37.000,13754,13755,13754,2
2020-11-20 15:02:37.000,13754,13755,13755,1
2020-11-20 15:02:37.000,13754,13755,13754,1
2020-11-20 15:02:37.000,13754,13755,13755,5
2020-11-20 15:02:38.000,13754,13755,13754,1
2020-11-20 15:02:39.000,13754,13755,13755,4
2020-11-20 15:02:41.000,13754,13755,13755,1
2020-11-20 15:02:42.000,13754,13755,13754,1
2020-11-20 15:02:42.000,13754,13755,13755,2
2020-11-20 15:02:43.000,13754,13755,13755,1
2020-11-20 15:02:44.000,13754,13755,13755,1
2020-11-20 15:02:45.000,13754,13755,13755,1
2020-11-20 15:02:46.000,13754,13755,13754,6
2020-11-20 15:02:47.000,13753,13755,13755,7
2020-11-20 15:02:47.000,13753,13754,13754,1
2020-11-20 15:02:47.000,13753,13754,13754,3
2020-11-20 15:02:47.000,13753,13754,13755,2
2020-11-20 15:02:49.000,13753,13755,13755,1
2020-11-20 15:02:52.000,13753,13755,13753,5
2020-11-20 15:02:52.000,13753,13755,13755,1
2020-11-20 15:02:52.000,13753,13755,13755,1
2020-11-20 15:02:55.000,13753,13755,13755,1
2020-11-20 15:02:57.000,13753,13754,13753,1
2020-11-20 15:02:58.000,13752,13753,13752,1
2020-11-20 15:02:58.000,13752,13753,13753,1
2020-11-20 15:02:58.000,13752,13753,13753,2
2020-11-20 15:03:00.000,13752,13754,13754,1
2020-11-20 15:03:00.000,13752,13753,13753,1
2020-11-20 15:03:00.000,13752,13753,13754,1
2020-11-20 15:03:00.000,13752,13753,13754,1
2020-11-20 15:03:00.000,13752,13753,13754,5
2020-11-20 15:03:00.000,13752,13753,13755,5
2020-11-20 15:03:00.000,13753,13755,13755,1
2020-11-20 15:03:00.000,13753,13755,13755,1
2020-11-20 15:03:01.000,13753,13755,13753,1
2020-11-20 15:03:01.000,13753,13755,13755,1
2020-11-20 15:03:01.000,13753,13755,13755,1
2020-11-20 15:03:01.000,13753,13755,13755,1
2020-11-20 15:03:01.000,13753,13755,13755,1
2020-11-20 15:03:01.000,13753,13755,13755,1
2020-11-20 15:03:01.000,13753,13755,13755,1
2020-11-20 15:03:01.000,13753,13755,13755,1
2020-11-20 15:03:01.000,13753,13755,13755,1
2020-11-20 15:03:01.000,13753,13755,13755,1
2020-11-20 15:03:01.000,13753,13755,13755,1
2020-11-20 15:03:01.000,13753,13755,13756,1
2020-11-20 15:03:01.000,13754,13756,13756,1
2020-11-20 15:03:01.000,13754,13756,13756,2
2020-11-20 15:03:02.000,13754,13756,13754,1
2020-11-20 15:03:02.000,13753,13755,13755,1
2020-11-20 15:03:05.000,13753,13755,13755,1
2020-11-20 15:03:06.000,13753,13755,13753,1
2020-11-20 15:03:06.000,13753,13755,13753,1
2020-11-20 15:03:08.000,13754,13755,13755,4
2020-11-20 15:03:08.000,13755,13756,13756,2
2020-11-20 15:03:08.000,13755,13756,13756,2
2020-11-20 15:03:08.000,13755,13756,13756,1
2020-11-20 15:03:08.000,13755,13756,13756,10
2020-11-20 15:03:08.000,13755,13756,13756,3
2020-11-20 15:03:08.000,13755,13756,13755,1
2020-11-20 15:03:08.000,13755,13756,13755,3
2020-11-20 15:03:10.000,13755,13756,13756,1
2020-11-20 15:03:12.000,13755,13757,13755,1
2020-11-20 15:03:12.000,13755,13757,13755,1
2020-11-20 15:03:12.000,13755,13756,13755,1
2020-11-20 15:03:13.000,13754,13756,13754,1
2020-11-20 15:03:13.000,13754,13756,13754,1
2020-11-20 15:03:17.000,13754,13755,13755,1
2020-11-20 15:03:18.000,13754,13755,13755,1
2020-11-20 15:03:19.000,13754,13756,13756,2
2020-11-20 15:03:19.000,13754,13756,13756,2
2020-11-20 15:03:23.000,13754,13755,13755,1
2020-11-20 15:03:24.000,13754,13755,13754,1
2020-11-20 15:03:24.000,13754,13755,13755,1
2020-11-20 15:03:27.000,13754,13755,13754,3
2020-11-20 15:03:27.000,13753,13755,13755,1
2020-11-20 15:03:28.000,13753,13755,13755,1
2020-11-20 15:03:28.000,13753,13755,13755,1
2020-11-20 15:03:28.000,13753,13755,13755,1
2020-11-20 15:03:28.000,13753,13755,13755,1
2020-11-20 15:03:28.000,13753,13755,13755,1
2020-11-20 15:03:28.000,13753,13755,13755,1
2020-11-20 15:03:28.000,13753,13755,13756,1
2020-11-20 15:03:28.000,13753,13755,13756,1
2020-11-20 15:03:28.000,13753,13755,13756,1
2020-11-20 15:03:28.000,13753,13755,13756,1
2020-11-20 15:03:28.000,13753,13755,13756,1
2020-11-20 15:03:28.000,13753,13755,13756,1
2020-11-20 15:03:28.000,13753,13755,13756,1
2020-11-20 15:03:28.000,13753,13755,13756,1
2020-11-20 15:03:28.000,13753,13755,13756,1
2020-11-20 15:03:28.000,13753,13755,13756,1
2020-11-20 15:03:28.000,13753,13755,13757,1
2020-11-20 15:03:28.000,13753,13755,13757,1
2020-11-20 15:03:28.000,13753,13755,13757,1
2020-11-20 15:03:28.000,13755,13757,13757,1
2020-11-20 15:03:29.000,13755,13757,13755,1
2020-11-20 15:03:29.000,13756,13757,13756,1
2020-11-20 15:03:30.000,13756,13757,13756,1
2020-11-20 15:03:31.000,13755,13757,13755,2
2020-11-20 15:03:32.000,13755,13757,13755,1
2020-11-20 15:03:32.000,13755,13757,13755,2
2020-11-20 15:03:32.000,13754,13756,13756,1
2020-11-20 15:03:33.000,13754,13755,13755,1
2020-11-20 15:03:34.000,13754,13756,13756,1
2020-11-20 15:03:37.000,13755,13756,13755,1
2020-11-20 15:03:39.000,13754,13755,13755,1
2020-11-20 15:03:40.000,13754,13756,13756,1
2020-11-20 15:03:40.000,13754,13756,13756,1
2020-11-20 15:03:41.000,13754,13756,13756,1
2020-11-20 15:03:42.000,13754,13756,13756,2
2020-11-20 15:03:43.000,13755,13756,13756,1
2020-11-20 15:03:45.000,13755,13756,13755,1
2020-11-20 15:03:46.000,13754,13755,13754,1
2020-11-20 15:03:46.000,13754,13755,13754,3
2020-11-20 15:03:50.000,13754,13755,13755,2
2020-11-20 15:03:51.000,13754,13755,13755,1
2020-11-20 15:03:52.000,13754,13755,13754,9
2020-11-20 15:03:54.000,13753,13755,13754,1
2020-11-20 15:03:54.000,13753,13755,13755,4
2020-11-20 15:03:54.000,13753,13755,13755,1
2020-11-20 15:03:56.000,13753,13755,13753,2
2020-11-20 15:03:58.000,13753,13754,13754,1
2020-11-20 15:03:58.000,13753,13754,13754,1
2020-11-20 15:03:58.000,13753,13754,13754,3
2020-11-20 15:03:58.000,13754,13755,13755,1
2020-11-20 15:03:59.000,13754,13755,13754,2
2020-11-20 15:03:59.000,13754,13755,13754,2
2020-11-20 15:04:01.000,13754,13755,13754,1
2020-11-20 15:04:02.000,13754,13755,13755,2
2020-11-20 15:04:02.000,13754,13756,13756,1
2020-11-20 15:04:09.000,13754,13756,13754,1
2020-11-20 15:04:09.000,13754,13756,13756,12
2020-11-20 15:04:09.000,13755,13756,13755,1
2020-11-20 15:04:09.000,13755,13756,13755,1
2020-11-20 15:04:09.000,13755,13756,13755,1
2020-11-20 15:04:09.000,13755,13756,13755,1
2020-11-20 15:04:09.000,13755,13756,13755,1
2020-11-20 15:04:13.000,13755,13756,13756,4
2020-11-20 15:04:13.000,13755,13756,13755,1
2020-11-20 15:04:15.000,13755,13756,13754,3
2020-11-20 15:04:15.000,13755,13756,13755,1
2020-11-20 15:04:17.000,13754,13755,13754,1
2020-11-20 15:04:20.000,13754,13755,13754,3
2020-11-20 15:04:21.000,13754,13755,13754,1
2020-11-20 15:04:24.000,13753,13754,13754,1
2020-11-20 15:04:26.000,13753,13754,13753,2
2020-11-20 15:04:26.000,13753,13754,13753,12
2020-11-20 15:04:26.000,13753,13754,13753,3
2020-11-20 15:04:27.000,13752,13753,13752,1
2020-11-20 15:04:31.000,13752,13753,13752,1
2020-11-20 15:04:31.000,13752,13753,13752,1
2020-11-20 15:04:31.000,13752,13753,13752,1
2020-11-20 15:04:32.000,13752,13753,13752,2
2020-11-20 15:04:33.000,13751,13752,13751,1
2020-11-20 15:04:33.000,13751,13752,13751,1
2020-11-20 15:04:33.000,13750,13752,13752,4
2020-11-20 15:04:34.000,13750,13751,13750,1
2020-11-20 15:04:35.000,13750,13751,13750,3
2020-11-20 15:04:35.000,13750,13751,13750,4
2020-11-20 15:04:35.000,13750,13751,13750,2
2020-11-20 15:04:36.000,13750,13751,13751,1
2020-11-20 15:04:37.000,13750,13751,13750,1
2020-11-20 15:04:37.000,13749,13750,13750,1
2020-11-20 15:04:37.000,13749,13750,13750,16
2020-11-20 15:04:40.000,13750,13752,13750,1
2020-11-20 15:04:41.000,13750,13751,13750,1
2020-11-20 15:04:41.000,13750,13751,13750,1
2020-11-20 15:04:42.000,13750,13751,13750,1
2020-11-20 15:04:43.000,13750,13751,13751,1
2020-11-20 15:04:43.000,13750,13751,13752,1
2020-11-20 15:04:45.000,13750,13752,13752,2
2020-11-20 15:04:47.000,13751,13752,13752,4
2020-11-20 15:04:50.000,13751,13752,13751,4
2020-11-20 15:04:52.000,13750,13751,13751,1
2020-11-20 15:04:53.000,13750,13752,13750,3
2020-11-20 15:04:55.000,13750,13752,13750,1
2020-11-20 15:04:56.000,13750,13751,13750,1
2020-11-20 15:04:56.000,13750,13751,13751,1
2020-11-20 15:04:56.000,13750,13751,13750,3
2020-11-20 15:04:58.000,13750,13751,13750,5
2020-11-20 15:04:58.000,13750,13751,13751,1
2020-11-20 15:04:59.000,13750,13751,13750,1
2020-11-20 15:04:59.000,13750,13751,13750,1
2020-11-20 15:04:59.000,13750,13751,13750,2
2020-11-20 15:05:00.000,13750,13751,13751,1
2020-11-20 15:05:00.000,13750,13751,13750,2
2020-11-20 15:05:00.000,13750,13751,13751,1
2020-11-20 15:05:01.000,13750,13751,13750,2
2020-11-20 15:05:01.000,13749,13751,13751,1
2020-11-20 15:05:01.000,13749,13751,13751,1
2020-11-20 15:05:01.000,13749,13751,13749,1
2020-11-20 15:05:01.000,13749,13751,13751,1
2020-11-20 15:05:01.000,13749,13751,13751,1
2020-11-20 15:05:02.000,13749,13751,13749,1
2020-11-20 15:05:04.000,13749,13750,13750,1
2020-11-20 15:05:05.000,13749,13750,13750,1
2020-11-20 15:05:05.000,13749,13750,13750,1
2020-11-20 15:05:06.000,13749,13750,13749,1
2020-11-20 15:05:08.000,13748,13750,13750,1
2020-11-20 15:05:09.000,13748,13749,13749,1
2020-11-20 15:05:12.000,13748,13749,13748,2
2020-11-20 15:05:13.000,13748,13749,13748,3
2020-11-20 15:05:13.000,13748,13749,13748,1
2020-11-20 15:05:14.000,13748,13749,13748,1
2020-11-20 15:05:15.000,13747,13748,13748,1
2020-11-20 15:05:17.000,13747,13748,13747,1
2020-11-20 15:05:17.000,13747,13748,13747,1
2020-11-20 15:05:18.000,13747,13748,13748,1
2020-11-20 15:05:19.000,13747,13748,13748,1
2020-11-20 15:05:19.000,13747,13748,13748,1
2020-11-20 15:05:21.000,13747,13748,13746,18
2020-11-20 15:05:21.000,13747,13748,13747,7
2020-11-20 15:05:21.000,13746,13748,13746,1
2020-11-20 15:05:23.000,13747,13748,13747,1
2020-11-20 15:05:23.000,13746,13748,13746,1
2020-11-20 15:05:24.000,13746,13748,13747,2
2020-11-20 15:05:24.000,13746,13748,13748,1
2020-11-20 15:05:26.000,13747,13748,13747,1
2020-11-20 15:05:26.000,13747,13748,13747,2
2020-11-20 15:05:26.000,13746,13748,13748,7
2020-11-20 15:05:26.000,13746,13748,13749,2
2020-11-20 15:05:26.000,13748,13749,13747,2
2020-11-20 15:05:26.000,13748,13749,13748,1
2020-11-20 15:05:29.000,13747,13749,13747,1
2020-11-20 15:05:32.000,13747,13748,13748,1
2020-11-20 15:05:34.000,13747,13749,13747,1
2020-11-20 15:05:35.000,13747,13749,13748,1
2020-11-20 15:05:37.000,13747,13749,13747,5
2020-11-20 15:05:37.000,13746,13747,13746,1
2020-11-20 15:05:37.000,13746,13747,13747,1
2020-11-20 15:05:41.000,13746,13747,13746,1
2020-11-20 15:05:41.000,13745,13747,13747,1
2020-11-20 15:05:41.000,13745,13747,13747,1
2020-11-20 15:05:43.000,13746,13747,13746,2
2020-11-20 15:05:47.000,13746,13747,13746,1
2020-11-20 15:05:49.000,13746,13747,13746,1
2020-11-20 15:05:50.000,13746,13747,13746,1
2020-11-20 15:05:50.000,13746,13747,13746,1
2020-11-20 15:05:50.000,13745,13746,13746,1
2020-11-20 15:05:52.000,13745,13746,13745,12
2020-11-20 15:05:52.000,13744,13745,13744,2
2020-11-20 15:05:53.000,13744,13746,13744,1
2020-11-20 15:05:54.000,13744,13746,13744,1
2020-11-20 15:05:54.000,13744,13746,13746,1
2020-11-20 15:05:54.000,13744,13746,13744,1
2020-11-20 15:05:55.000,13745,13746,13745,1
2020-11-20 15:05:58.000,13745,13746,13745,1
2020-11-20 15:05:58.000,13745,13746,13745,1
2020-11-20 15:05:58.000,13745,13746,13745,1
2020-11-20 15:05:58.000,13744,13746,13744,1
2020-11-20 15:06:00.000,13744,13746,13746,1
2020-11-20 15:06:00.000,13744,13746,13746,2
2020-11-20 15:06:00.000,13744,13746,13747,1
2020-11-20 15:06:00.000,13744,13746,13747,1
2020-11-20 15:06:00.000,13745,13747,13747,1
2020-11-20 15:06:00.000,13745,13747,13747,1
2020-11-20 15:06:00.000,13745,13747,13745,1
2020-11-20 15:06:02.000,13746,13747,13746,1
2020-11-20 15:06:02.000,13746,13747,13746,2
2020-11-20 15:06:03.000,13746,13747,13747,1
2020-11-20 15:06:03.000,13746,13747,13747,1
2020-11-20 15:06:03.000,13746,13747,13747,1
2020-11-20 15:06:06.000,13746,13747,13747,1
2020-11-20 15:06:06.000,13746,13747,13746,1
2020-11-20 15:06:07.000,13746,13747,13746,6
2020-11-20 15:06:08.000,13745,13746,13746,1
2020-11-20 15:06:10.000,13746,13747,13746,1
2020-11-20 15:06:15.000,13746,13747,13746,1
2020-11-20 15:06:16.000,13746,13747,13747,5
2020-11-20 15:06:17.000,13747,13748,13747,1
2020-11-20 15:06:18.000,13747,13748,13747,1
2020-11-20 15:06:18.000,13747,13748,13747,2
2020-11-20 15:06:19.000,13747,13748,13747,1
2020-11-20 15:06:23.000,13747,13748,13747,1
2020-11-20 15:06:25.000,13747,13748,13747,1
2020-11-20 15:06:25.000,13746,13748,13746,1
2020-11-20 15:06:36.000,13746,13747,13747,1
2020-11-20 15:06:37.000,13746,13748,13746,1
2020-11-20 15:06:38.000,13746,13747,13746,1
2020-11-20 15:06:41.000,13746,13747,13747,1
2020-11-20 15:06:42.000,13746,13747,13746,1
2020-11-20 15:06:45.000,13746,13747,13746,1
2020-11-20 15:06:46.000,13746,13747,13746,2
2020-11-20 15:06:49.000,13746,13747,13746,1
2020-11-20 15:06:50.000,13745,13746,13746,1
2020-11-20 15:06:58.000,13745,13746,13745,1
2020-11-20 15:07:00.000,13745,13746,13745,1
2020-11-20 15:07:01.000,13745,13746,13745,2
2020-11-20 15:07:01.000,13745,13746,13745,4
2020-11-20 15:07:02.000,13744,13745,13745,1
2020-11-20 15:07:02.000,13744,13745,13745,2
2020-11-20 15:07:02.000,13744,13745,13745,1
2020-11-20 15:07:02.000,13744,13745,13744,1
2020-11-20 15:07:03.000,13744,13745,13744,2
2020-11-20 15:07:04.000,13744,13745,13744,3
2020-11-20 15:07:04.000,13744,13745,13744,2
2020-11-20 15:07:18.000,13743,13744,13743,1
2020-11-20 15:07:18.000,13743,13744,13744,3
2020-11-20 15:07:18.000,13743,13744,13743,2
2020-11-20 15:07:19.000,13743,13744,13743,1
2020-11-20 15:07:19.000,13742,13744,13742,2
2020-11-20 15:07:24.000,13743,13744,13743,1
2020-11-20 15:07:25.000,13743,13744,13743,1
2020-11-20 15:07:27.000,13743,13744,13743,1
2020-11-20 15:07:28.000,13743,13744,13743,2
2020-11-20 15:07:30.000,13743,13744,13743,1
2020-11-20 15:07:31.000,13743,13744,13743,1
2020-11-20 15:07:32.000,13743,13744,13743,1
2020-11-20 15:07:32.000,13743,13744,13743,1
2020-11-20 15:07:32.000,13743,13744,13743,1
2020-11-20 15:07:33.000,13743,13744,13743,1
2020-11-20 15:07:34.000,13743,13744,13744,2
2020-11-20 15:07:35.000,13743,13744,13744,3
2020-11-20 15:07:35.000,13743,13744,13744,6
2020-11-20 15:07:38.000,13743,13745,13743,1
2020-11-20 15:07:42.000,13743,13744,13743,1
2020-11-20 15:07:42.000,13743,13744,13743,1
2020-11-20 15:07:43.000,13743,13744,13743,4
2020-11-20 15:07:43.000,13743,13744,13743,7
2020-11-20 15:07:43.000,13743,13744,13743,7
2020-11-20 15:07:43.000,13742,13743,13742,1
2020-11-20 15:07:47.000,13742,13743,13742,4
2020-11-20 15:07:47.000,13742,13743,13742,11
2020-11-20 15:07:48.000,13742,13743,13742,1
2020-11-20 15:07:48.000,13741,13742,13741,2
2020-11-20 15:07:49.000,13741,13742,13742,1
2020-11-20 15:07:50.000,13741,13742,13741,1
2020-11-20 15:07:53.000,13741,13742,13741,6
2020-11-20 15:07:53.000,13741,13742,13741,4
2020-11-20 15:07:53.000,13741,13742,13741,9
2020-11-20 15:07:53.000,13741,13742,13741,2
2020-11-20 15:07:53.000,13741,13742,13741,1
2020-11-20 15:07:53.000,13741,13742,13741,1
2020-11-20 15:07:53.000,13741,13742,13741,1
2020-11-20 15:07:53.000,13741,13742,13741,6
2020-11-20 15:07:56.000,13740,13741,13740,3
2020-11-20 15:07:56.000,13740,13741,13740,2
2020-11-20 15:07:56.000,13740,13741,13740,3
2020-11-20 15:07:58.000,13739,13740,13739,1
2020-11-20 15:08:00.000,13739,13740,13739,1
2020-11-20 15:08:00.000,13739,13740,13739,2
2020-11-20 15:08:00.000,13739,13740,13739,2
2020-11-20 15:08:00.000,13739,13740,13739,1
2020-11-20 15:08:00.000,13739,13740,13739,2
2020-11-20 15:08:00.000,13738,13739,13738,1
2020-11-20 15:08:01.000,13738,13739,13739,1
2020-11-20 15:08:01.000,13739,13740,13739,1
2020-11-20 15:08:01.000,13738,13740,13738,7
2020-11-20 15:08:02.000,13738,13739,13739,1
2020-11-20 15:08:03.000,13738,13739,13739,1
2020-11-20 15:08:07.000,13738,13739,13738,1
2020-11-20 15:08:08.000,13738,13739,13739,1
2020-11-20 15:08:09.000,13738,13739,13738,1
2020-11-20 15:08:09.000,13738,13739,13738,1
2020-11-20 15:08:13.000,13737,13738,13737,1
2020-11-20 15:08:13.000,13737,13738,13737,1
2020-11-20 15:08:13.000,13737,13738,13737,1
2020-11-20 15:08:14.000,13737,13738,13737,1
2020-11-20 15:08:15.000,13737,13738,13737,2
2020-11-20 15:08:19.000,13737,13738,13737,1
2020-11-20 15:08:20.000,13737,13738,13737,1
2020-11-20 15:08:20.000,13737,13738,13737,3
2020-11-20 15:08:20.000,13737,13738,13737,1
2020-11-20 15:08:23.000,13737,13738,13737,1
2020-11-20 15:08:23.000,13737,13738,13737,1
2020-11-20 15:08:23.000,13737,13738,13737,1
2020-11-20 15:08:24.000,13737,13738,13737,1
2020-11-20 15:08:24.000,13737,13738,13738,1
2020-11-20 15:08:24.000,13738,13739,13738,1
2020-11-20 15:08:26.000,13738,13739,13738,1
2020-11-20 15:08:27.000,13738,13739,13738,1
2020-11-20 15:08:27.000,13738,13739,13739,2
2020-11-20 15:08:27.000,13738,13739,13739,3
2020-11-20 15:08:28.000,13739,13740,13739,2
2020-11-20 15:08:28.000,13739,13740,13739,1
2020-11-20 15:08:28.000,13739,13740,13739,1
2020-11-20 15:08:29.000,13739,13740,13740,1
2020-11-20 15:08:30.000,13739,13740,13739,3
2020-11-20 15:08:35.000,13739,13740,13739,1
2020-11-20 15:08:36.000,13739,13740,13739,1
2020-11-20 15:08:36.000,13739,13740,13740,1
2020-11-20 15:08:41.000,13739,13740,13740,4
2020-11-20 15:08:41.000,13739,13740,13739,2
2020-11-20 15:08:42.000,13739,13740,13740,14
2020-11-20 15:08:42.000,13739,13740,13740,1
2020-11-20 15:08:42.000,13739,13740,13739,1
2020-11-20 15:08:44.000,13739,13741,13739,1
2020-11-20 15:08:46.000,13740,13741,13740,1
2020-11-20 15:08:51.000,13739,13741,13741,1
2020-11-20 15:08:51.000,13739,13741,13740,1
2020-11-20 15:08:56.000,13739,13741,13741,1
2020-11-20 15:08:59.000,13740,13741,13741,1
2020-11-20 15:08:59.000,13741,13742,13741,4
2020-11-20 15:08:59.000,13740,13742,13740,1
2020-11-20 15:09:04.000,13740,13741,13741,1
2020-11-20 15:09:05.000,13740,13742,13742,1
2020-11-20 15:09:05.000,13740,13742,13741,1
2020-11-20 15:09:06.000,13741,13742,13741,1
2020-11-20 15:09:13.000,13741,13742,13741,4
2020-11-20 15:09:14.000,13741,13742,13741,1
2020-11-20 15:09:20.000,13740,13741,13741,3
2020-11-20 15:09:20.000,13740,13742,13742,1
2020-11-20 15:09:21.000,13740,13741,13741,1
2020-11-20 15:09:23.000,13740,13741,13740,1
2020-11-20 15:09:23.000,13740,13741,13741,1
2020-11-20 15:09:26.000,13740,13741,13740,5
2020-11-20 15:09:27.000,13739,13740,13739,4
2020-11-20 15:09:28.000,13739,13740,13740,1
2020-11-20 15:09:33.000,13739,13740,13740,1
2020-11-20 15:09:39.000,13739,13740,13739,4
2020-11-20 15:09:40.000,13738,13739,13739,1
2020-11-20 15:09:41.000,13738,13739,13739,1
2020-11-20 15:09:43.000,13739,13740,13739,1
2020-11-20 15:09:45.000,13739,13740,13739,1
2020-11-20 15:09:45.000,13738,13740,13738,1
2020-11-20 15:09:49.000,13738,13739,13739,1
2020-11-20 15:09:51.000,13738,13739,13738,5
2020-11-20 15:09:53.000,13738,13739,13738,1
2020-11-20 15:09:55.000,13738,13739,13738,1
2020-11-20 15:09:55.000,13738,13739,13738,5
2020-11-20 15:09:57.000,13737,13738,13738,1
2020-11-20 15:10:02.000,13737,13738,13737,4
2020-11-20 15:10:02.000,13736,13737,13737,2
2020-11-20 15:10:02.000,13736,13737,13738,1
2020-11-20 15:10:02.000,13736,13738,13738,5
2020-11-20 15:10:03.000,13737,13738,13738,1
2020-11-20 15:10:08.000,13737,13738,13738,1
2020-11-20 15:10:09.000,13738,13739,13738,1
2020-11-20 15:10:15.000,13737,13739,13737,4
2020-11-20 15:10:18.000,13737,13738,13738,1
2020-11-20 15:10:19.000,13737,13738,13738,2
2020-11-20 15:10:20.000,13737,13738,13737,3
2020-11-20 15:10:20.000,13736,13737,13737,1
2020-11-20 15:10:21.000,13736,13737,13736,4
2020-11-20 15:10:21.000,13736,13737,13736,11
2020-11-20 15:10:22.000,13735,13736,13736,1
2020-11-20 15:10:23.000,13735,13737,13735,2
2020-11-20 15:10:23.000,13735,13737,13735,1
2020-11-20 15:10:23.000,13735,13737,13735,2
2020-11-20 15:10:24.000,13735,13737,13735,3
2020-11-20 15:10:26.000,13735,13736,13735,3
2020-11-20 15:10:28.000,13735,13736,13734,1
2020-11-20 15:10:28.000,13735,13736,13735,5
2020-11-20 15:10:29.000,13734,13735,13734,1
2020-11-20 15:10:31.000,13734,13735,13734,2
2020-11-20 15:10:31.000,13734,13735,13735,1
2020-11-20 15:10:32.000,13734,13735,13734,2
2020-11-20 15:10:32.000,13734,13735,13734,1
2020-11-20 15:10:34.000,13734,13735,13734,1
2020-11-20 15:10:34.000,13734,13735,13734,1
2020-11-20 15:10:35.000,13734,13735,13734,1
2020-11-20 15:10:35.000,13734,13735,13734,1
2020-11-20 15:10:36.000,13734,13735,13734,1
2020-11-20 15:10:42.000,13733,13734,13733,2
2020-11-20 15:10:42.000,13733,13734,13733,1
2020-11-20 15:10:44.000,13733,13734,13734,1
2020-11-20 15:10:46.000,13733,13734,13733,2
2020-11-20 15:10:47.000,13733,13734,13733,1
2020-11-20 15:10:48.000,13733,13734,13733,1
2020-11-20 15:10:49.000,13733,13734,13733,1
2020-11-20 15:10:50.000,13732,13733,13733,1
2020-11-20 15:10:50.000,13732,13733,13733,1
2020-11-20 15:10:51.000,13733,13734,13733,1
2020-11-20 15:10:53.000,13733,13734,13734,17
2020-11-20 15:10:53.000,13734,13735,13735,4
2020-11-20 15:10:54.000,13735,13736,13735,1
2020-11-20 15:10:54.000,13735,13736,13735,1
2020-11-20 15:10:54.000,13735,13736,13735,2
2020-11-20 15:10:55.000,13734,13736,13734,1
2020-11-20 15:10:55.000,13734,13735,13735,1
2020-11-20 15:10:56.000,13735,13736,13735,2
2020-11-20 15:10:56.000,13735,13736,13734,2
2020-11-20 15:10:56.000,13735,13736,13735,3
2020-11-20 15:10:57.000,13734,13736,13734,5
2020-11-20 15:11:00.000,13734,13735,13735,1
2020-11-20 15:11:02.000,13735,13736,13735,2
2020-11-20 15:11:03.000,13734,13735,13735,1
2020-11-20 15:11:08.000,13734,13735,13734,3
2020-11-20 15:11:08.000,13734,13735,13734,1
2020-11-20 15:11:10.000,13733,13734,13734,1
2020-11-20 15:11:10.000,13733,13734,13733,3
2020-11-20 15:11:10.000,13733,13734,13733,3
2020-11-20 15:11:11.000,13732,13733,13733,1
2020-11-20 15:11:12.000,13732,13734,13734,1
2020-11-20 15:11:14.000,13732,13733,13732,2
2020-11-20 15:11:14.000,13732,13733,13732,1
2020-11-20 15:11:15.000,13732,13733,13733,3
2020-11-20 15:11:17.000,13732,13733,13732,1
2020-11-20 15:11:20.000,13731,13732,13732,5
2020-11-20 15:11:20.000,13731,13732,13733,5
2020-11-20 15:11:22.000,13732,13733,13731,6
2020-11-20 15:11:22.000,13732,13733,13732,4
2020-11-20 15:11:26.000,13731,13732,13731,1
2020-11-20 15:11:28.000,13731,13732,13731,3
2020-11-20 15:11:28.000,13731,13732,13731,1
2020-11-20 15:11:29.000,13731,13732,13731,3
2020-11-20 15:11:31.000,13731,13732,13731,2
2020-11-20 15:11:31.000,13731,13732,13731,1
2020-11-20 15:11:31.000,13731,13732,13731,2
2020-11-20 15:11:32.000,13730,13731,13731,1
2020-11-20 15:11:37.000,13730,13731,13730,2
2020-11-20 15:11:37.000,13730,13731,13730,2
2020-11-20 15:11:38.000,13730,13731,13731,1
2020-11-20 15:11:38.000,13730,13731,13730,2
2020-11-20 15:11:38.000,13730,13731,13730,2
2020-11-20 15:11:38.000,13730,13731,13731,1
2020-11-20 15:11:39.000,13730,13731,13731,2
2020-11-20 15:11:39.000,13730,13731,13731,1
2020-11-20 15:11:40.000,13730,13732,13730,1
2020-11-20 15:11:41.000,13730,13731,13730,1
2020-11-20 15:11:43.000,13730,13731,13731,3
2020-11-20 15:11:44.000,13731,13732,13731,1
2020-11-20 15:11:45.000,13731,13732,13731,5
2020-11-20 15:11:45.000,13731,13732,13731,1
2020-11-20 15:11:45.000,13731,13732,13731,14
2020-11-20 15:11:45.000,13731,13732,13731,1
2020-11-20 15:11:46.000,13731,13732,13731,1
2020-11-20 15:11:48.000,13731,13732,13731,1
2020-11-20 15:11:48.000,13731,13732,13731,1
2020-11-20 15:11:49.000,13731,13732,13731,2
2020-11-20 15:11:51.000,13731,13732,13731,1
2020-11-20 15:11:51.000,13731,13732,13731,2
2020-11-20 15:11:53.000,13731,13732,13732,3
2020-11-20 15:11:54.000,13731,13732,13731,1
2020-11-20 15:11:57.000,13731,13732,13731,1
2020-11-20 15:11:58.000,13731,13732,13731,1
2020-11-20 15:11:58.000,13731,13732,13732,5
2020-11-20 15:12:02.000,13732,13733,13732,2
2020-11-20 15:12:03.000,13732,13733,13733,1
2020-11-20 15:12:03.000,13732,13733,13733,2
2020-11-20 15:12:06.000,13733,13734,13733,1
2020-11-20 15:12:10.000,13733,13734,13733,2
2020-11-20 15:12:16.000,13733,13734,13732,1
2020-11-20 15:12:16.000,13733,13734,13733,1
2020-11-20 15:12:17.000,13732,13734,13734,1
2020-11-20 15:12:17.000,13733,13734,13733,1
2020-11-20 15:12:19.000,13732,13733,13732,2
2020-11-20 15:12:21.000,13732,13733,13733,1
2020-11-20 15:12:27.000,13732,13733,13733,1
2020-11-20 15:12:28.000,13732,13733,13733,1
2020-11-20 15:12:30.000,13732,13733,13732,2
2020-11-20 15:12:32.000,13732,13733,13733,2
2020-11-20 15:12:34.000,13732,13733,13732,1
2020-11-20 15:12:36.000,13732,13733,13733,2
2020-11-20 15:12:41.000,13732,13733,13733,1
2020-11-20 15:12:42.000,13732,13733,13732,1
2020-11-20 15:12:42.000,13732,13733,13732,4
2020-11-20 15:12:42.000,13732,13733,13732,7
2020-11-20 15:12:45.000,13731,13732,13731,1
2020-11-20 15:12:46.000,13731,13732,13732,1
2020-11-20 15:12:48.000,13731,13732,13732,2
2020-11-20 15:12:48.000,13731,13733,13731,2
2020-11-20 15:12:50.000,13731,13732,13732,1
2020-11-20 15:12:54.000,13732,13733,13732,5
2020-11-20 15:12:54.000,13731,13732,13732,1
2020-11-20 15:12:54.000,13731,13732,13732,1
2020-11-20 15:12:59.000,13732,13733,13732,1
2020-11-20 15:13:02.000,13732,13733,13732,1
2020-11-20 15:13:03.000,13731,13732,13732,1
2020-11-20 15:13:03.000,13731,13732,13732,1
2020-11-20 15:13:10.000,13731,13732,13732,1
2020-11-20 15:13:17.000,13731,13732,13731,1
2020-11-20 15:13:18.000,13731,13732,13732,1
2020-11-20 15:13:18.000,13731,13732,13731,1
2020-11-20 15:13:18.000,13731,13732,13731,1
2020-11-20 15:13:20.000,13731,13732,13731,1
2020-11-20 15:13:25.000,13731,13732,13731,1
2020-11-20 15:13:26.000,13731,13732,13732,3
2020-11-20 15:13:26.000,13731,13732,13731,1
2020-11-20 15:13:29.000,13731,13732,13732,5
2020-11-20 15:13:29.000,13731,13732,13732,6
2020-11-20 15:13:31.000,13732,13733,13732,1
2020-11-20 15:13:32.000,13732,13733,13733,7
2020-11-20 15:13:32.000,13732,13733,13733,5
2020-11-20 15:13:34.000,13733,13734,13733,1
2020-11-20 15:13:34.000,13732,13734,13733,1
2020-11-20 15:13:35.000,13733,13734,13733,1
2020-11-20 15:13:35.000,13733,13734,13733,1
2020-11-20 15:13:40.000,13733,13734,13733,1
2020-11-20 15:13:43.000,13733,13734,13734,16
2020-11-20 15:13:45.000,13734,13735,13735,1
2020-11-20 15:13:47.000,13734,13735,13735,8
2020-11-20 15:13:47.000,13734,13736,13736,1
2020-11-20 15:13:48.000,13735,13736,13736,5
2020-11-20 15:13:48.000,13735,13736,13736,1
2020-11-20 15:13:50.000,13735,13736,13736,1
2020-11-20 15:13:52.000,13736,13737,13736,1
2020-11-20 15:13:55.000,13736,13737,13737,1
2020-11-20 15:13:55.000,13736,13737,13737,2
2020-11-20 15:13:57.000,13736,13737,13736,1
2020-11-20 15:13:57.000,13736,13737,13737,1
2020-11-20 15:14:00.000,13736,13737,13736,1
2020-11-20 15:14:00.000,13736,13737,13736,2
2020-11-20 15:14:01.000,13736,13737,13736,1
2020-11-20 15:14:01.000,13736,13737,13737,1
2020-11-20 15:14:02.000,13736,13738,13738,1
2020-11-20 15:14:03.000,13736,13738,13736,1
2020-11-20 15:14:03.000,13736,13737,13737,1
2020-11-20 15:14:08.000,13737,13738,13738,1
2020-11-20 15:14:10.000,13737,13738,13738,4
2020-11-20 15:14:11.000,13737,13738,13738,1
2020-11-20 15:14:11.000,13737,13738,13738,1
2020-11-20 15:14:11.000,13737,13738,13738,2
2020-11-20 15:14:11.000,13737,13738,13738,2
2020-11-20 15:14:13.000,13738,13739,13738,5
2020-11-20 15:14:17.000,13738,13739,13738,1
2020-11-20 15:14:19.000,13738,13739,13738,1
2020-11-20 15:14:20.000,13738,13739,13738,1
2020-11-20 15:14:24.000,13738,13739,13739,1
2020-11-20 15:14:26.000,13738,13739,13739,1
2020-11-20 15:14:28.000,13738,13739,13739,1
2020-11-20 15:14:28.000,13738,13739,13739,1
2020-11-20 15:14:28.000,13738,13739,13739,1
2020-11-20 15:14:28.000,13738,13739,13739,1
2020-11-20 15:14:28.000,13738,13739,13739,4
2020-11-20 15:14:32.000,13738,13739,13739,1
2020-11-20 15:14:35.000,13739,13740,13739,1
2020-11-20 15:14:37.000,13738,13739,13739,1
2020-11-20 15:14:41.000,13738,13739,13738,13
2020-11-20 15:14:41.000,13738,13739,13738,9
2020-11-20 15:14:41.000,13737,13738,13738,1
2020-11-20 15:14:47.000,13737,13739,13737,3
2020-11-20 15:14:51.000,13738,13739,13738,1
2020-11-20 15:14:52.000,13738,13739,13738,2
2020-11-20 15:14:52.000,13737,13738,13737,4
2020-11-20 15:14:52.000,13737,13738,13737,6
2020-11-20 15:14:53.000,13736,13737,13737,1
2020-11-20 15:14:55.000,13736,13737,13737,3
2020-11-20 15:14:57.000,13736,13738,13738,1
2020-11-20 15:14:59.000,13737,13738,13737,1
2020-11-20 15:14:59.000,13737,13738,13737,2
2020-11-20 15:14:59.000,13737,13738,13737,1
2020-11-20 15:15:02.000,13736,13737,13737,5
2020-11-20 15:15:02.000,13736,13737,13736,1
2020-11-20 15:15:02.000,13736,13737,13736,1
2020-11-20 15:15:02.000,13736,13737,13737,1
2020-11-20 15:15:02.000,13736,13737,13736,6
2020-11-20 15:15:03.000,13736,13737,13736,1
2020-11-20 15:15:03.000,13736,13737,13736,1
2020-11-20 15:15:03.000,13736,13737,13736,3
2020-11-20 15:15:03.000,13736,13737,13736,3
2020-11-20 15:15:03.000,13736,13737,13736,4
2020-11-20 15:15:03.000,13736,13737,13736,2
2020-11-20 15:15:03.000,13736,13737,13735,1
2020-11-20 15:15:03.000,13735,13736,13735,2
2020-11-20 15:15:03.000,13735,13736,13735,1
2020-11-20 15:15:03.000,13735,13737,13737,1
2020-11-20 15:15:06.000,13736,13737,13737,5
2020-11-20 15:15:06.000,13736,13737,13737,6
2020-11-20 15:15:09.000,13737,13738,13738,9
2020-11-20 15:15:09.000,13738,13739,13738,1
2020-11-20 15:15:09.000,13738,13739,13738,1
2020-11-20 15:15:11.000,13738,13739,13739,4
2020-11-20 15:15:14.000,13738,13740,13738,1
2020-11-20 15:15:28.000,13738,13739,13739,2
2020-11-20 15:15:33.000,13738,13739,13739,1
2020-11-20 15:15:36.000,13739,13740,13740,1
2020-11-20 15:15:36.000,13739,13740,13739,1
2020-11-20 15:15:36.000,13739,13740,13739,1
2020-11-20 15:15:36.000,13738,13739,13739,1
2020-11-20 15:15:36.000,13738,13739,13739,2
2020-11-20 15:15:43.000,13739,13740,13740,1
2020-11-20 15:15:43.000,13739,13740,13739,1
2020-11-20 15:15:43.000,13739,13740,13739,1
2020-11-20 15:15:44.000,13739,13740,13739,2
2020-11-20 15:15:45.000,13738,13739,13738,5
2020-11-20 15:15:48.000,13738,13739,13739,6
2020-11-20 15:15:49.000,13738,13739,13738,5
2020-11-20 15:15:51.000,13737,13738,13738,2
2020-11-20 15:15:51.000,13737,13738,13738,9
2020-11-20 15:15:51.000,13737,13738,13738,1
2020-11-20 15:16:02.000,13738,13739,13738,1
2020-11-20 15:16:03.000,13738,13739,13739,1
2020-11-20 15:16:04.000,13738,13739,13738,1
2020-11-20 15:16:06.000,13738,13739,13739,1
2020-11-20 15:16:08.000,13738,13739,13739,1
2020-11-20 15:16:10.000,13738,13739,13739,1
2020-11-20 15:16:14.000,13738,13739,13739,1
2020-11-20 15:16:15.000,13738,13739,13739,7
2020-11-20 15:16:15.000,13738,13739,13740,33
2020-11-20 15:16:17.000,13739,13741,13739,5
2020-11-20 15:16:37.000,13739,13740,13739,1
2020-11-20 15:16:39.000,13739,13740,13739,1
2020-11-20 15:16:44.000,13739,13740,13739,1
2020-11-20 15:16:46.000,13739,13740,13739,1
2020-11-20 15:16:51.000,13739,13740,13740,12
2020-11-20 15:16:51.000,13739,13740,13741,37
2020-11-20 15:16:51.000,13740,13741,13741,4
2020-11-20 15:16:51.000,13740,13741,13741,4
2020-11-20 15:16:51.000,13740,13741,13741,20
2020-11-20 15:16:52.000,13741,13742,13742,9
2020-11-20 15:16:52.000,13741,13742,13743,30
2020-11-20 15:16:54.000,13743,13744,13744,1
2020-11-20 15:16:54.000,13743,13744,13744,2
2020-11-20 15:16:55.000,13743,13744,13744,1
2020-11-20 15:16:55.000,13743,13744,13744,1
2020-11-20 15:16:55.000,13743,13744,13744,1
2020-11-20 15:16:57.000,13744,13745,13745,1
2020-11-20 15:16:58.000,13744,13745,13744,1
2020-11-20 15:16:58.000,13744,13745,13744,5
2020-11-20 15:16:58.000,13744,13745,13744,1
2020-11-20 15:16:58.000,13744,13745,13744,3
2020-11-20 15:16:58.000,13744,13745,13744,1
2020-11-20 15:16:58.000,13743,13744,13744,1
2020-11-20 15:17:00.000,13743,13744,13744,1
2020-11-20 15:17:00.000,13743,13744,13744,1
2020-11-20 15:17:02.000,13743,13744,13744,2
2020-11-20 15:17:02.000,13743,13744,13744,3
2020-11-20 15:17:02.000,13743,13744,13744,2
2020-11-20 15:17:02.000,13743,13744,13745,2
2020-11-20 15:17:02.000,13743,13745,13743,4
2020-11-20 15:17:03.000,13744,13745,13744,2
2020-11-20 15:17:03.000,13743,13744,13744,1
2020-11-20 15:17:04.000,13743,13744,13744,1
2020-11-20 15:17:04.000,13743,13744,13743,9
2020-11-20 15:17:05.000,13742,13743,13742,1
2020-11-20 15:17:05.000,13742,13743,13742,1
2020-11-20 15:17:05.000,13741,13743,13743,1
2020-11-20 15:17:05.000,13741,13743,13743,1
2020-11-20 15:17:06.000,13741,13742,13742,1
2020-11-20 15:17:10.000,13741,13742,13741,1
2020-11-20 15:17:11.000,13741,13742,13741,1
2020-11-20 15:17:12.000,13741,13742,13742,2
2020-11-20 15:17:14.000,13742,13744,13742,15
2020-11-20 15:17:14.000,13742,13744,13742,1
2020-11-20 15:17:15.000,13741,13742,13742,3
2020-11-20 15:17:15.000,13741,13742,13741,1
2020-11-20 15:17:18.000,13741,13742,13742,4
2020-11-20 15:17:19.000,13742,13743,13742,1
2020-11-20 15:17:25.000,13742,13744,13742,1
2020-11-20 15:17:26.000,13742,13744,13744,9
2020-11-20 15:17:26.000,13742,13744,13744,1
2020-11-20 15:17:26.000,13742,13744,13744,2
2020-11-20 15:17:26.000,13743,13744,13744,1
2020-11-20 15:17:28.000,13743,13745,13743,1
2020-11-20 15:17:40.000,13743,13744,13744,2
2020-11-20 15:17:48.000,13743,13744,13744,1
2020-11-20 15:17:49.000,13743,13744,13743,6
2020-11-20 15:17:49.000,13742,13743,13743,4
2020-11-20 15:18:01.000,13743,13744,13744,1
2020-11-20 15:18:01.000,13743,13744,13744,1
2020-11-20 15:18:02.000,13743,13744,13744,1
2020-11-20 15:18:07.000,13743,13744,13744,4
2020-11-20 15:18:07.000,13743,13744,13744,5
2020-11-20 15:18:07.000,13744,13745,13744,3
2020-11-20 15:18:12.000,13744,13745,13745,1
2020-11-20 15:18:14.000,13744,13745,13745,1
2020-11-20 15:18:15.000,13744,13745,13744,1
2020-11-20 15:18:20.000,13744,13745,13744,1
2020-11-20 15:18:26.000,13744,13745,13745,1
2020-11-20 15:18:30.000,13744,13745,13744,2
2020-11-20 15:18:32.000,13744,13745,13745,1
2020-11-20 15:18:35.000,13744,13745,13745,3
2020-11-20 15:18:40.000,13744,13745,13745,1
2020-11-20 15:18:41.000,13744,13745,13745,4
2020-11-20 15:18:41.000,13744,13745,13745,7
2020-11-20 15:18:41.000,13744,13745,13745,2
2020-11-20 15:18:43.000,13745,13746,13745,1
2020-11-20 15:18:44.000,13745,13746,13745,8
2020-11-20 15:18:44.000,13744,13745,13745,5
2020-11-20 15:18:44.000,13744,13745,13745,1
2020-11-20 15:18:44.000,13744,13745,13745,3
2020-11-20 15:18:45.000,13744,13746,13745,1
2020-11-20 15:18:48.000,13744,13745,13744,1
2020-11-20 15:18:49.000,13744,13745,13745,1
2020-11-20 15:18:49.000,13744,13745,13744,8
2020-11-20 15:18:50.000,13743,13744,13743,3
2020-11-20 15:18:53.000,13742,13744,13742,1
2020-11-20 15:18:54.000,13742,13744,13742,1
2020-11-20 15:18:57.000,13742,13743,13743,2
2020-11-20 15:19:07.000,13742,13743,13743,2
2020-11-20 15:19:08.000,13743,13745,13743,2
2020-11-20 15:19:08.000,13743,13745,13745,1
2020-11-20 15:19:08.000,13743,13745,13745,1
2020-11-20 15:19:09.000,13743,13745,13743,2
2020-11-20 15:19:09.000,13743,13745,13745,1
2020-11-20 15:19:09.000,13743,13745,13743,1
2020-11-20 15:19:11.000,13743,13744,13744,1
2020-11-20 15:19:12.000,13744,13745,13744,1
2020-11-20 15:19:19.000,13744,13745,13744,1
2020-11-20 15:19:20.000,13744,13745,13744,1
2020-11-20 15:19:30.000,13744,13745,13745,5
2020-11-20 15:19:31.000,13744,13745,13744,1
2020-11-20 15:19:34.000,13744,13745,13744,2
2020-11-20 15:19:36.000,13744,13745,13745,6
2020-11-20 15:19:39.000,13744,13745,13745,3
2020-11-20 15:19:40.000,13744,13745,13745,1
2020-11-20 15:19:40.000,13744,13745,13745,1
2020-11-20 15:19:42.000,13745,13746,13746,2
2020-11-20 15:19:43.000,13746,13747,13746,1
2020-11-20 15:19:45.000,13746,13747,13746,3
2020-11-20 15:19:46.000,13746,13747,13746,1
2020-11-20 15:19:46.000,13746,13747,13747,1
2020-11-20 15:19:46.000,13745,13747,13747,1
2020-11-20 15:19:49.000,13745,13746,13745,1
2020-11-20 15:19:52.000,13745,13746,13745,2
2020-11-20 15:19:55.000,13744,13745,13745,2
2020-11-20 15:19:55.000,13744,13745,13746,3
2020-11-20 15:19:58.000,13745,13746,13745,1
2020-11-20 15:20:04.000,13744,13745,13745,1
2020-11-20 15:20:05.000,13744,13745,13745,2
2020-11-20 15:20:06.000,13744,13746,13746,1
2020-11-20 15:20:06.000,13744,13745,13745,1
2020-11-20 15:20:07.000,13744,13745,13744,8
2020-11-20 15:20:11.000,13743,13745,13745,1
2020-11-20 15:20:14.000,13744,13745,13745,1
2020-11-20 15:20:28.000,13744,13745,13745,1
2020-11-20 15:20:33.000,13744,13745,13745,1
2020-11-20 15:20:37.000,13744,13745,13744,2
2020-11-20 15:20:40.000,13743,13744,13744,1
2020-11-20 15:20:40.000,13743,13745,13743,1
2020-11-20 15:20:40.000,13743,13745,13745,1
2020-11-20 15:20:41.000,13743,13744,13743,1
2020-11-20 15:20:46.000,13743,13744,13743,1
2020-11-20 15:20:50.000,13743,13744,13743,13
2020-11-20 15:20:50.000,13743,13744,13743,2
2020-11-20 15:20:51.000,13742,13744,13742,1
2020-11-20 15:20:56.000,13742,13743,13742,1
2020-11-20 15:20:58.000,13742,13743,13742,1
2020-11-20 15:21:03.000,13742,13743,13742,10
2020-11-20 15:21:03.000,13742,13743,13742,4
2020-11-20 15:21:03.000,13742,13743,13742,13
2020-11-20 15:21:03.000,13741,13742,13741,3
2020-11-20 15:21:04.000,13741,13742,13741,1
2020-11-20 15:21:07.000,13741,13742,13741,2
2020-11-20 15:21:08.000,13741,13742,13741,2
2020-11-20 15:21:09.000,13741,13742,13741,2
2020-11-20 15:21:11.000,13741,13742,13741,1
2020-11-20 15:21:11.000,13741,13742,13741,3
2020-11-20 15:21:11.000,13741,13742,13741,2
2020-11-20 15:21:11.000,13741,13742,13741,7
2020-11-20 15:21:20.000,13740,13741,13740,1
2020-11-20 15:21:22.000,13740,13741,13740,2
2020-11-20 15:21:22.000,13740,13741,13740,3
2020-11-20 15:21:22.000,13739,13740,13739,2
2020-11-20 15:21:23.000,13739,13740,13739,1
2020-11-20 15:21:24.000,13738,13740,13739,1
2020-11-20 15:21:27.000,13739,13740,13739,1
2020-11-20 15:21:28.000,13739,13740,13739,1
2020-11-20 15:21:28.000,13739,13740,13739,1
2020-11-20 15:21:28.000,13739,13740,13739,1
2020-11-20 15:21:28.000,13738,13739,13739,1
2020-11-20 15:21:28.000,13738,13739,13739,1
2020-11-20 15:21:32.000,13739,13740,13740,1
2020-11-20 15:21:33.000,13740,13741,13740,1
2020-11-20 15:21:39.000,13739,13740,13739,5
2020-11-20 15:21:46.000,13739,13740,13739,1
2020-11-20 15:21:51.000,13739,13740,13738,4
2020-11-20 15:21:51.000,13739,13740,13739,1
2020-11-20 15:21:52.000,13738,13739,13738,5
2020-11-20 15:21:53.000,13738,13739,13738,5
2020-11-20 15:21:55.000,13738,13739,13738,5
2020-11-20 15:21:55.000,13737,13739,13737,1
2020-11-20 15:21:55.000,13737,13739,13737,1
2020-11-20 15:21:56.000,13737,13739,13739,1
2020-11-20 15:21:56.000,13737,13739,13738,1
2020-11-20 15:21:58.000,13737,13739,13737,6
2020-11-20 15:22:01.000,13736,13738,13737,1
2020-11-20 15:22:02.000,13736,13737,13737,1
2020-11-20 15:22:02.000,13736,13738,13738,1
2020-11-20 15:22:02.000,13736,13738,13738,1
2020-11-20 15:22:02.000,13737,13738,13737,1
2020-11-20 15:22:08.000,13736,13737,13736,1
2020-11-20 15:22:08.000,13736,13737,13736,1
2020-11-20 15:22:09.000,13736,13737,13737,2
2020-11-20 15:22:09.000,13736,13737,13736,3
2020-11-20 15:22:10.000,13735,13736,13735,1
2020-11-20 15:22:11.000,13735,13736,13735,5
2020-11-20 15:22:11.000,13734,13736,13735,4
2020-11-20 15:22:12.000,13734,13735,13735,2
2020-11-20 15:22:12.000,13734,13736,13734,1
2020-11-20 15:22:14.000,13734,13735,13734,1
2020-11-20 15:22:16.000,13734,13735,13735,1
2020-11-20 15:22:18.000,13734,13736,13734,1
2020-11-20 15:22:24.000,13734,13736,13734,1
2020-11-20 15:22:24.000,13735,13736,13735,1
2020-11-20 15:22:26.000,13735,13736,13734,10
2020-11-20 15:22:26.000,13735,13736,13735,6
2020-11-20 15:22:26.000,13735,13736,13735,1
2020-11-20 15:22:30.000,13735,13736,13735,1
2020-11-20 15:22:31.000,13735,13736,13735,1
2020-11-20 15:22:31.000,13735,13736,13735,1
2020-11-20 15:22:32.000,13734,13736,13736,2
2020-11-20 15:22:35.000,13735,13736,13735,1
2020-11-20 15:22:37.000,13735,13736,13736,5
2020-11-20 15:22:37.000,13736,13737,13736,1
2020-11-20 15:22:38.000,13736,13737,13736,1
2020-11-20 15:22:41.000,13736,13737,13736,8
2020-11-20 15:22:41.000,13736,13737,13737,2
2020-11-20 15:22:46.000,13736,13738,13737,1
2020-11-20 15:22:54.000,13737,13738,13738,1
2020-11-20 15:23:02.000,13737,13738,13737,1
2020-11-20 15:23:02.000,13737,13738,13738,1
2020-11-20 15:23:11.000,13737,13738,13737,1
2020-11-20 15:23:29.000,13737,13738,13737,1
2020-11-20 15:23:41.000,13737,13738,13738,3
2020-11-20 15:23:42.000,13738,13739,13739,4
2020-11-20 15:23:50.000,13738,13740,13740,2
2020-11-20 15:23:56.000,13738,13740,13740,1
2020-11-20 15:24:01.000,13739,13740,13739,1
2020-11-20 15:24:01.000,13738,13740,13740,1
2020-11-20 15:24:03.000,13738,13739,13739,1
2020-11-20 15:24:04.000,13738,13739,13738,1
2020-11-20 15:24:06.000,13737,13738,13737,5
2020-11-20 15:24:16.000,13737,13738,13737,1
2020-11-20 15:24:25.000,13737,13738,13737,1
2020-11-20 15:24:27.000,13737,13738,13737,2
2020-11-20 15:24:38.000,13736,13737,13736,3
2020-11-20 15:24:38.000,13736,13737,13736,17
2020-11-20 15:24:44.000,13735,13736,13735,5
2020-11-20 15:24:44.000,13735,13736,13736,1
2020-11-20 15:24:50.000,13735,13736,13736,1
2020-11-20 15:24:50.000,13735,13736,13736,1
2020-11-20 15:24:52.000,13736,13737,13736,1
2020-11-20 15:24:53.000,13736,13737,13736,5
2020-11-20 15:24:54.000,13736,13737,13736,1
2020-11-20 15:25:01.000,13736,13737,13736,1
2020-11-20 15:25:02.000,13735,13736,13736,1
2020-11-20 15:25:02.000,13735,13736,13735,1
2020-11-20 15:25:03.000,13735,13736,13735,5
2020-11-20 15:25:04.000,13735,13736,13735,3
2020-11-20 15:25:06.000,13734,13735,13734,5
2020-11-20 15:25:06.000,13734,13735,13735,1
2020-11-20 15:25:11.000,13734,13735,13734,1
2020-11-20 15:25:12.000,13734,13735,13733,2
2020-11-20 15:25:12.000,13734,13735,13734,3
2020-11-20 15:25:12.000,13733,13734,13734,1
2020-11-20 15:25:16.000,13733,13734,13733,1
2020-11-20 15:25:17.000,13733,13734,13733,1
2020-11-20 15:25:20.000,13733,13734,13733,1
2020-11-20 15:25:22.000,13733,13734,13733,1
2020-11-20 15:25:22.000,13733,13734,13733,1
2020-11-20 15:25:23.000,13733,13734,13732,1
2020-11-20 15:25:23.000,13733,13734,13733,3
2020-11-20 15:25:24.000,13732,13734,13732,1
2020-11-20 15:25:24.000,13732,13734,13732,1
2020-11-20 15:25:27.000,13733,13734,13733,1
2020-11-20 15:25:27.000,13733,13734,13733,1
2020-11-20 15:25:27.000,13733,13734,13733,1
2020-11-20 15:25:28.000,13732,13734,13734,2
2020-11-20 15:25:30.000,13734,13735,13734,1
2020-11-20 15:25:31.000,13734,13735,13735,1
2020-11-20 15:25:47.000,13734,13735,13735,3
2020-11-20 15:25:50.000,13734,13735,13735,4
2020-11-20 15:25:50.000,13734,13735,13735,3
2020-11-20 15:25:55.000,13735,13736,13735,1
2020-11-20 15:25:57.000,13735,13736,13736,1
2020-11-20 15:25:59.000,13735,13736,13735,1
2020-11-20 15:26:01.000,13735,13736,13736,1
2020-11-20 15:26:02.000,13736,13737,13736,1
2020-11-20 15:26:06.000,13735,13736,13736,1
2020-11-20 15:26:07.000,13735,13736,13736,1
2020-11-20 15:26:12.000,13736,13737,13737,2
2020-11-20 15:26:12.000,13736,13737,13737,2
2020-11-20 15:26:17.000,13737,13738,13737,1
2020-11-20 15:26:20.000,13737,13738,13738,1
2020-11-20 15:26:20.000,13737,13738,13738,3
2020-11-20 15:26:24.000,13738,13739,13739,1
2020-11-20 15:26:25.000,13738,13739,13739,1
2020-11-20 15:26:27.000,13738,13739,13738,2
2020-11-20 15:26:27.000,13738,13739,13738,1
2020-11-20 15:26:39.000,13739,13740,13740,1
2020-11-20 15:26:55.000,13739,13740,13739,2
2020-11-20 15:27:01.000,13739,13740,13739,1
2020-11-20 15:27:03.000,13739,13740,13740,1
2020-11-20 15:27:30.000,13739,13740,13739,9
2020-11-20 15:27:30.000,13738,13739,13739,1
2020-11-20 15:27:30.000,13738,13739,13739,1
2020-11-20 15:27:30.000,13738,13739,13739,2
2020-11-20 15:27:31.000,13738,13739,13739,1
2020-11-20 15:27:31.000,13738,13739,13739,1
2020-11-20 15:27:36.000,13738,13739,13738,1
2020-11-20 15:27:39.000,13737,13738,13738,1
2020-11-20 15:27:47.000,13737,13738,13738,1
2020-11-20 15:27:58.000,13737,13738,13738,1
2020-11-20 15:28:11.000,13737,13738,13738,1
2020-11-20 15:28:12.000,13737,13738,13738,1
2020-11-20 15:28:15.000,13737,13738,13738,1
2020-11-20 15:28:27.000,13738,13739,13738,2
2020-11-20 15:28:27.000,13737,13738,13738,1
2020-11-20 15:28:28.000,13737,13738,13738,2
2020-11-20 15:29:09.000,13737,13738,13737,1
2020-11-20 15:29:11.000,13737,13738,13738,1
2020-11-20 15:29:11.000,13737,13738,13738,1
2020-11-20 15:29:12.000,13737,13738,13737,1
2020-11-20 15:29:17.000,13736,13737,13736,1
2020-11-20 15:29:17.000,13735,13736,13736,1
2020-11-20 15:29:28.000,13735,13736,13735,1
2020-11-20 15:29:28.000,13735,13736,13735,3
2020-11-20 15:29:30.000,13735,13736,13735,2
2020-11-20 15:29:30.000,13734,13735,13735,2
2020-11-20 15:29:36.000,13734,13735,13734,1
2020-11-20 15:29:39.000,13733,13735,13733,3
2020-11-20 15:29:49.000,13733,13734,13733,2
2020-11-20 15:29:53.000,13733,13734,13733,1
2020-11-20 15:29:56.000,13733,13734,13734,1
2020-11-20 15:29:57.000,13734,13735,13734,2
2020-11-20 15:29:57.000,13734,13735,13734,1
2020-11-20 15:29:58.000,13734,13735,13734,2
2020-11-20 15:30:01.000,13734,13735,13735,1
2020-11-20 15:30:01.000,13735,13737,13737,2
2020-11-20 15:30:01.000,13735,13737,13736,1
2020-11-20 15:30:01.000,13735,13737,13737,2
2020-11-20 15:30:01.000,13735,13737,13737,1
2020-11-20 15:30:08.000,13735,13737,13737,1
2020-11-20 15:30:10.000,13735,13737,13735,2
2020-11-20 15:30:10.000,13735,13737,13735,4
2020-11-20 15:30:19.000,13734,13736,13734,1
2020-11-20 15:30:20.000,13735,13736,13735,1
2020-11-20 15:30:28.000,13734,13736,13736,1
2020-11-20 15:30:30.000,13734,13736,13734,1
2020-11-20 15:30:33.000,13734,13736,13735,3
2020-11-20 15:30:33.000,13734,13736,13734,1
2020-11-20 15:30:39.000,13734,13735,13735,1
2020-11-20 15:30:45.000,13735,13736,13736,3
2020-11-20 15:30:45.000,13735,13736,13737,1
2020-11-20 15:30:46.000,13735,13737,13736,1
2020-11-20 15:31:10.000,13736,13737,13736,1
2020-11-20 15:31:15.000,13735,13736,13736,1
2020-11-20 15:31:28.000,13736,13737,13736,1
2020-11-20 15:31:38.000,13735,13736,13735,1
2020-11-20 15:31:38.000,13735,13736,13735,1
2020-11-20 15:31:42.000,13734,13735,13735,1
2020-11-20 15:31:42.000,13734,13736,13736,1
2020-11-20 15:31:42.000,13734,13736,13736,1
2020-11-20 15:31:43.000,13734,13736,13734,1
2020-11-20 15:31:44.000,13734,13736,13736,1
2020-11-20 15:31:45.000,13735,13736,13736,2
2020-11-20 15:31:45.000,13735,13736,13736,3
2020-11-20 15:31:46.000,13735,13737,13735,5
2020-11-20 15:31:50.000,13734,13736,13734,5
2020-11-20 15:31:53.000,13734,13735,13735,1
2020-11-20 15:31:53.000,13734,13735,13735,2
2020-11-20 15:32:01.000,13735,13737,13735,2
2020-11-20 15:32:03.000,13736,13737,13737,3
2020-11-20 15:32:10.000,13737,13738,13738,3
2020-11-20 15:32:12.000,13738,13739,13739,3
2020-11-20 15:32:17.000,13738,13739,13739,1
2020-11-20 15:32:22.000,13738,13739,13739,2
2020-11-20 15:32:24.000,13739,13740,13740,1
2020-11-20 15:32:25.000,13739,13740,13739,4
2020-11-20 15:32:25.000,13739,13740,13740,1
2020-11-20 15:32:26.000,13739,13740,13740,15
2020-11-20 15:32:26.000,13739,13740,13739,1
2020-11-20 15:32:28.000,13739,13740,13740,1
2020-11-20 15:32:31.000,13739,13740,13740,1
2020-11-20 15:32:34.000,13739,13740,13740,9
2020-11-20 15:32:36.000,13740,13741,13740,1
2020-11-20 15:32:36.000,13740,13741,13740,1
2020-11-20 15:32:49.000,13739,13740,13739,4
2020-11-20 15:32:49.000,13739,13740,13739,1
2020-11-20 15:32:52.000,13738,13739,13739,2
2020-11-20 15:33:05.000,13738,13739,13739,1
2020-11-20 15:33:06.000,13739,13740,13740,1
2020-11-20 15:33:06.000,13739,13740,13740,1
2020-11-20 15:33:08.000,13739,13740,13740,1
2020-11-20 15:33:09.000,13738,13740,13740,1
2020-11-20 15:33:13.000,13739,13740,13739,1
2020-11-20 15:33:14.000,13739,13740,13740,1
2020-11-20 15:33:18.000,13739,13740,13740,4
2020-11-20 15:33:19.000,13740,13741,13740,1
2020-11-20 15:33:21.000,13740,13741,13741,1
2020-11-20 15:33:22.000,13740,13741,13740,1
2020-11-20 15:33:23.000,13740,13741,13740,2
2020-11-20 15:33:33.000,13740,13741,13740,1
2020-11-20 15:33:34.000,13740,13741,13741,2
2020-11-20 15:33:34.000,13740,13741,13741,15
2020-11-20 15:33:34.000,13740,13741,13741,4
2020-11-20 15:33:34.000,13740,13741,13741,3
2020-11-20 15:33:34.000,13740,13741,13741,9
2020-11-20 15:33:34.000,13740,13741,13741,3
2020-11-20 15:33:34.000,13740,13741,13741,5
2020-11-20 15:33:34.000,13740,13741,13741,2
2020-11-20 15:33:34.000,13740,13741,13741,16
2020-11-20 15:33:46.000,13741,13742,13742,1
2020-11-20 15:33:46.000,13741,13742,13742,1
2020-11-20 15:33:47.000,13741,13742,13742,1
2020-11-20 15:33:47.000,13741,13742,13742,2
2020-11-20 15:33:47.000,13741,13743,13743,1
2020-11-20 15:33:47.000,13741,13743,13743,1
2020-11-20 15:33:51.000,13742,13743,13743,1
2020-11-20 15:33:52.000,13742,13743,13743,1
2020-11-20 15:33:55.000,13742,13744,13744,1
2020-11-20 15:33:56.000,13742,13743,13743,1
2020-11-20 15:33:59.000,13742,13743,13743,1
2020-11-20 15:34:01.000,13742,13743,13742,1
2020-11-20 15:34:01.000,13742,13743,13742,6
2020-11-20 15:34:02.000,13741,13742,13741,7
2020-11-20 15:34:13.000,13740,13741,13740,4
2020-11-20 15:34:13.000,13740,13741,13740,5
2020-11-20 15:34:13.000,13739,13740,13739,1
2020-11-20 15:34:13.000,13738,13740,13740,1
2020-11-20 15:34:23.000,13738,13739,13739,1
2020-11-20 15:34:23.000,13738,13739,13738,4
2020-11-20 15:34:23.000,13738,13739,13738,8
2020-11-20 15:34:23.000,13737,13738,13738,3
2020-11-20 15:34:23.000,13737,13738,13738,1
2020-11-20 15:34:23.000,13737,13738,13739,7
2020-11-20 15:34:24.000,13737,13739,13739,1
2020-11-20 15:34:29.000,13738,13739,13739,5
2020-11-20 15:34:35.000,13739,13740,13740,2
2020-11-20 15:34:35.000,13739,13740,13740,2
2020-11-20 15:34:35.000,13739,13740,13740,1
2020-11-20 15:34:35.000,13740,13741,13741,2
2020-11-20 15:34:42.000,13740,13741,13741,3
2020-11-20 15:34:47.000,13741,13742,13742,1
2020-11-20 15:34:47.000,13742,13743,13742,1
2020-11-20 15:34:52.000,13741,13742,13742,1
2020-11-20 15:34:55.000,13741,13742,13741,1
2020-11-20 15:34:59.000,13741,13742,13741,4
2020-11-20 15:35:00.000,13740,13741,13741,1
2020-11-20 15:35:00.000,13740,13741,13740,1
2020-11-20 15:35:07.000,13739,13740,13739,1
2020-11-20 15:35:09.000,13739,13740,13740,7
2020-11-20 15:35:09.000,13739,13740,13740,1
2020-11-20 15:35:11.000,13739,13740,13740,1
2020-11-20 15:35:18.000,13740,13741,13740,1
2020-11-20 15:35:36.000,13740,13741,13741,1
2020-11-20 15:35:54.000,13740,13741,13741,1
2020-11-20 15:35:56.000,13740,13741,13740,8
2020-11-20 15:35:56.000,13740,13741,13739,12
2020-11-20 15:36:01.000,13739,13740,13739,1
2020-11-20 15:36:01.000,13739,13740,13739,1
2020-11-20 15:36:15.000,13739,13740,13740,1
2020-11-20 15:36:19.000,13739,13740,13740,1
2020-11-20 15:36:20.000,13739,13740,13739,1
2020-11-20 15:36:20.000,13739,13740,13739,1
2020-11-20 15:36:20.000,13738,13739,13739,1
2020-11-20 15:36:21.000,13738,13739,13739,2
2020-11-20 15:36:29.000,13738,13739,13738,1
2020-11-20 15:36:37.000,13738,13739,13738,5
2020-11-20 15:36:46.000,13737,13738,13737,1
2020-11-20 15:36:47.000,13737,13738,13737,1
2020-11-20 15:37:04.000,13736,13737,13736,1
2020-11-20 15:37:08.000,13735,13736,13736,1
2020-11-20 15:37:08.000,13735,13736,13736,1
2020-11-20 15:37:13.000,13736,13737,13737,1
2020-11-20 15:37:21.000,13736,13737,13737,1
2020-11-20 15:37:23.000,13737,13738,13737,1
2020-11-20 15:38:01.000,13737,13738,13738,3
2020-11-20 15:38:11.000,13737,13738,13738,1
2020-11-20 15:38:28.000,13737,13738,13738,1
2020-11-20 15:38:31.000,13737,13738,13738,1
2020-11-20 15:38:32.000,13737,13738,13738,1
2020-11-20 15:38:33.000,13737,13738,13738,1
2020-11-20 15:38:33.000,13737,13738,13737,1
2020-11-20 15:38:33.000,13737,13738,13738,1
2020-11-20 15:38:53.000,13738,13739,13738,1
2020-11-20 15:38:54.000,13738,13739,13738,1
2020-11-20 15:38:58.000,13738,13739,13739,3
2020-11-20 15:38:58.000,13738,13739,13739,4
2020-11-20 15:38:58.000,13738,13739,13739,1
2020-11-20 15:39:01.000,13739,13740,13739,3
2020-11-20 15:39:05.000,13739,13740,13739,1
2020-11-20 15:39:06.000,13738,13739,13739,1
2020-11-20 15:39:37.000,13738,13739,13739,1
2020-11-20 15:39:59.000,13738,13739,13739,1
2020-11-20 15:40:01.000,13738,13739,13739,2
2020-11-20 15:40:01.000,13738,13739,13739,2
2020-11-20 15:40:03.000,13738,13739,13739,1
2020-11-20 15:40:05.000,13738,13739,13739,1
2020-11-20 15:40:25.000,13738,13739,13738,5
2020-11-20 15:40:25.000,13738,13739,13738,5
2020-11-20 15:40:25.000,13738,13739,13738,2
2020-11-20 15:40:31.000,13737,13738,13738,1
2020-11-20 15:40:39.000,13737,13739,13737,1
2020-11-20 15:40:49.000,13737,13738,13737,1
2020-11-20 15:40:50.000,13737,13738,13737,3
2020-11-20 15:40:55.000,13736,13737,13736,2
2020-11-20 15:40:56.000,13736,13737,13737,2
2020-11-20 15:40:56.000,13736,13737,13736,1
2020-11-20 15:40:56.000,13736,13737,13736,1
2020-11-20 15:40:59.000,13735,13736,13736,3
2020-11-20 15:41:16.000,13735,13736,13736,1
2020-11-20 15:41:22.000,13735,13736,13736,2
2020-11-20 15:41:43.000,13735,13736,13735,11
2020-11-20 15:41:47.000,13734,13735,13735,1
2020-11-20 15:41:52.000,13734,13735,13734,1
2020-11-20 15:41:52.000,13734,13735,13734,1
2020-11-20 15:41:52.000,13734,13735,13734,1
2020-11-20 15:41:53.000,13734,13735,13734,2
2020-11-20 15:41:54.000,13733,13735,13734,2
2020-11-20 15:41:54.000,13733,13735,13734,2
2020-11-20 15:41:57.000,13733,13734,13734,1
2020-11-20 15:42:00.000,13733,13734,13734,1
2020-11-20 15:42:00.000,13733,13734,13733,1
2020-11-20 15:42:02.000,13733,13734,13733,5
2020-11-20 15:42:02.000,13733,13734,13733,1
2020-11-20 15:42:02.000,13733,13734,13733,1
2020-11-20 15:42:02.000,13733,13734,13734,1
2020-11-20 15:42:04.000,13733,13734,13733,1
2020-11-20 15:42:04.000,13733,13734,13734,2
2020-11-20 15:42:07.000,13733,13734,13734,1
2020-11-20 15:42:08.000,13733,13734,13734,2
2020-11-20 15:42:08.000,13733,13734,13734,10
2020-11-20 15:42:09.000,13734,13735,13735,3
2020-11-20 15:42:12.000,13735,13737,13735,1
2020-11-20 15:42:13.000,13735,13737,13735,1
2020-11-20 15:42:34.000,13735,13736,13736,2
2020-11-20 15:42:39.000,13736,13737,13736,4
2020-11-20 15:42:39.000,13736,13737,13736,1
2020-11-20 15:42:39.000,13736,13737,13736,1
2020-11-20 15:42:51.000,13735,13736,13735,7
2020-11-20 15:42:52.000,13734,13735,13734,1
2020-11-20 15:42:52.000,13734,13735,13734,1
2020-11-20 15:42:52.000,13734,13735,13734,3
2020-11-20 15:42:52.000,13734,13735,13733,1
2020-11-20 15:42:52.000,13734,13735,13733,1
2020-11-20 15:42:52.000,13734,13735,13733,1
2020-11-20 15:42:52.000,13734,13735,13733,1
2020-11-20 15:42:52.000,13734,13735,13733,1
2020-11-20 15:42:52.000,13734,13735,13733,1
2020-11-20 15:42:52.000,13734,13735,13733,1
2020-11-20 15:42:52.000,13734,13735,13733,1
2020-11-20 15:42:52.000,13734,13735,13733,1
2020-11-20 15:42:52.000,13734,13735,13732,1
2020-11-20 15:42:52.000,13734,13735,13733,1
2020-11-20 15:42:52.000,13734,13735,13732,1
2020-11-20 15:42:52.000,13734,13735,13732,1
2020-11-20 15:42:52.000,13734,13735,13732,1
2020-11-20 15:42:52.000,13734,13735,13732,1
2020-11-20 15:42:52.000,13734,13735,13732,1
2020-11-20 15:42:52.000,13732,13734,13732,4
2020-11-20 15:42:57.000,13732,13734,13732,2
2020-11-20 15:42:57.000,13732,13734,13732,1
2020-11-20 15:43:01.000,13732,13734,13732,1
2020-11-20 15:43:03.000,13732,13734,13732,1
2020-11-20 15:43:04.000,13732,13734,13732,1
2020-11-20 15:43:07.000,13732,13733,13732,3
2020-11-20 15:43:12.000,13731,13732,13732,1
2020-11-20 15:43:13.000,13731,13732,13732,1
2020-11-20 15:43:14.000,13731,13732,13731,11
2020-11-20 15:43:14.000,13731,13732,13731,3
2020-11-20 15:43:15.000,13730,13731,13730,1
2020-11-20 15:43:15.000,13730,13731,13730,5
2020-11-20 15:43:15.000,13730,13731,13730,5
2020-11-20 15:43:15.000,13730,13731,13730,8
2020-11-20 15:43:15.000,13730,13731,13730,2
2020-11-20 15:43:15.000,13730,13731,13729,3
2020-11-20 15:43:15.000,13729,13730,13730,1
2020-11-20 15:43:15.000,13729,13730,13729,1
2020-11-20 15:43:15.000,13729,13730,13729,2
2020-11-20 15:43:15.000,13728,13729,13729,1
2020-11-20 15:43:15.000,13728,13729,13728,1
2020-11-20 15:43:16.000,13728,13729,13728,1
2020-11-20 15:43:16.000,13728,13729,13728,1
2020-11-20 15:43:16.000,13728,13729,13728,1
2020-11-20 15:43:16.000,13728,13729,13728,1
2020-11-20 15:43:16.000,13728,13729,13728,1
2020-11-20 15:43:16.000,13728,13729,13728,1
2020-11-20 15:43:17.000,13728,13730,13728,1
2020-11-20 15:43:18.000,13728,13730,13728,1
2020-11-20 15:43:19.000,13728,13730,13728,1
2020-11-20 15:43:19.000,13728,13730,13728,1
2020-11-20 15:43:20.000,13728,13730,13730,3
2020-11-20 15:43:20.000,13731,13732,13731,2
2020-11-20 15:43:20.000,13731,13732,13729,2
2020-11-20 15:43:20.000,13731,13732,13730,3
2020-11-20 15:43:21.000,13729,13731,13729,2
2020-11-20 15:43:21.000,13729,13731,13729,2
2020-11-20 15:43:22.000,13728,13730,13728,2
2020-11-20 15:43:24.000,13728,13730,13728,1
2020-11-20 15:43:27.000,13729,13730,13729,1
2020-11-20 15:43:27.000,13728,13730,13730,2
2020-11-20 15:43:30.000,13729,13730,13730,2
2020-11-20 15:43:33.000,13730,13732,13730,2
2020-11-20 15:43:34.000,13730,13732,13730,1
2020-11-20 15:43:35.000,13730,13731,13730,3
2020-11-20 15:43:35.000,13730,13731,13730,2
2020-11-20 15:43:38.000,13729,13730,13729,1
2020-11-20 15:43:38.000,13729,13730,13729,1
2020-11-20 15:43:44.000,13728,13729,13728,2
2020-11-20 15:43:45.000,13728,13729,13729,1
2020-11-20 15:43:46.000,13728,13730,13730,4
2020-11-20 15:43:50.000,13728,13729,13728,7
2020-11-20 15:43:57.000,13728,13729,13728,1
2020-11-20 15:43:58.000,13728,13729,13728,1
2020-11-20 15:44:00.000,13728,13729,13728,1
2020-11-20 15:44:01.000,13728,13729,13729,1
2020-11-20 15:44:02.000,13728,13729,13728,1
2020-11-20 15:44:02.000,13728,13729,13728,2
2020-11-20 15:44:02.000,13728,13729,13728,1
2020-11-20 15:44:03.000,13727,13728,13727,5
2020-11-20 15:44:04.000,13727,13728,13727,4
2020-11-20 15:44:04.000,13727,13728,13727,11
2020-11-20 15:44:04.000,13727,13728,13727,3
2020-11-20 15:44:04.000,13727,13728,13727,9
2020-11-20 15:44:04.000,13726,13727,13726,1
2020-11-20 15:44:04.000,13726,13727,13726,1
2020-11-20 15:44:04.000,13726,13727,13726,1
2020-11-20 15:44:04.000,13726,13727,13726,1
2020-11-20 15:44:04.000,13726,13727,13726,1
2020-11-20 15:44:06.000,13725,13726,13726,1
2020-11-20 15:44:06.000,13725,13726,13726,1
2020-11-20 15:44:07.000,13725,13727,13725,1
2020-11-20 15:44:07.000,13725,13726,13725,2
2020-11-20 15:44:08.000,13726,13727,13726,1
2020-11-20 15:44:09.000,13725,13727,13725,1
2020-11-20 15:44:10.000,13726,13727,13726,1
2020-11-20 15:44:16.000,13726,13728,13726,1
2020-11-20 15:44:16.000,13726,13728,13726,1
2020-11-20 15:44:20.000,13726,13728,13727,1
2020-11-20 15:44:21.000,13726,13728,13726,1
2020-11-20 15:44:27.000,13727,13728,13727,1
2020-11-20 15:44:28.000,13726,13728,13728,1
2020-11-20 15:44:29.000,13726,13728,13726,5
2020-11-20 15:44:31.000,13727,13728,13728,1
2020-11-20 15:44:33.000,13727,13728,13728,1
2020-11-20 15:44:35.000,13727,13728,13727,1
2020-11-20 15:44:38.000,13727,13728,13727,1
2020-11-20 15:44:40.000,13727,13728,13727,1
2020-11-20 15:44:43.000,13726,13728,13727,1
2020-11-20 15:44:48.000,13726,13727,13726,1
2020-11-20 15:44:56.000,13726,13727,13726,1
2020-11-20 15:44:56.000,13726,13727,13726,2
2020-11-20 15:44:58.000,13726,13727,13726,1
2020-11-20 15:45:04.000,13726,13727,13727,4
2020-11-20 15:45:04.000,13726,13727,13727,1
2020-11-20 15:45:06.000,13727,13728,13727,1
2020-11-20 15:45:07.000,13726,13728,13726,3
2020-11-20 15:45:11.000,13726,13727,13727,1
2020-11-20 15:45:16.000,13726,13727,13727,1
2020-11-20 15:45:18.000,13726,13727,13726,1
2020-11-20 15:45:18.000,13726,13727,13727,1
2020-11-20 15:45:25.000,13726,13727,13727,1
2020-11-20 15:45:25.000,13726,13727,13727,1
2020-11-20 15:45:25.000,13726,13727,13727,2
2020-11-20 15:45:33.000,13727,13728,13728,1
2020-11-20 15:45:33.000,13727,13728,13728,1
2020-11-20 15:45:34.000,13727,13728,13728,1
2020-11-20 15:45:40.000,13727,13728,13728,1
2020-11-20 15:45:40.000,13727,13728,13728,2
2020-11-20 15:45:44.000,13727,13728,13727,3
2020-11-20 15:45:45.000,13727,13728,13728,4
2020-11-20 15:45:50.000,13728,13729,13729,3
2020-11-20 15:45:58.000,13729,13730,13729,1
2020-11-20 15:46:02.000,13729,13730,13729,1
2020-11-20 15:46:02.000,13729,13730,13729,1
2020-11-20 15:46:09.000,13729,13730,13729,2
2020-11-20 15:46:13.000,13729,13730,13730,7
2020-11-20 15:46:14.000,13730,13731,13730,1
2020-11-20 15:46:25.000,13730,13731,13730,1
2020-11-20 15:46:33.000,13730,13731,13730,4
2020-11-20 15:46:33.000,13730,13731,13730,1
2020-11-20 15:46:33.000,13730,13731,13730,1
2020-11-20 15:46:33.000,13729,13730,13729,2
2020-11-20 15:46:34.000,13729,13730,13730,1
2020-11-20 15:46:34.000,13729,13730,13729,4
2020-11-20 15:46:34.000,13729,13730,13729,2
2020-11-20 15:46:35.000,13728,13729,13729,1
2020-11-20 15:46:42.000,13728,13729,13728,1
2020-11-20 15:46:43.000,13728,13729,13728,1
2020-11-20 15:46:48.000,13728,13729,13728,4
2020-11-20 15:46:48.000,13728,13729,13728,1
2020-11-20 15:46:48.000,13728,13729,13728,4
2020-11-20 15:46:48.000,13728,13729,13728,3
2020-11-20 15:46:48.000,13728,13729,13728,1
2020-11-20 15:46:48.000,13728,13729,13728,2
2020-11-20 15:46:49.000,13727,13728,13728,1
2020-11-20 15:46:52.000,13727,13728,13728,1
2020-11-20 15:46:53.000,13727,13728,13728,1
2020-11-20 15:47:01.000,13727,13728,13727,1
2020-11-20 15:47:03.000,13727,13728,13727,1
2020-11-20 15:47:04.000,13727,13728,13727,1
2020-11-20 15:47:04.000,13727,13728,13727,1
2020-11-20 15:47:07.000,13726,13727,13726,5
2020-11-20 15:47:09.000,13726,13727,13727,1
2020-11-20 15:47:11.000,13726,13727,13726,1
2020-11-20 15:47:12.000,13726,13727,13727,4
2020-11-20 15:47:12.000,13726,13727,13727,1
2020-11-20 15:47:13.000,13727,13728,13728,4
2020-11-20 15:47:13.000,13727,13728,13728,1
2020-11-20 15:47:28.000,13727,13728,13728,1
2020-11-20 15:47:28.000,13727,13728,13728,1
2020-11-20 15:47:29.000,13727,13728,13728,1
2020-11-20 15:47:30.000,13727,13728,13727,3
2020-11-20 15:47:51.000,13727,13728,13727,1
2020-11-20 15:47:56.000,13727,13728,13727,1
2020-11-20 15:47:58.000,13727,13728,13727,1
2020-11-20 15:48:00.000,13726,13727,13726,1
2020-11-20 15:48:01.000,13726,13727,13727,2
2020-11-20 15:48:08.000,13727,13728,13727,1
2020-11-20 15:48:19.000,13726,13727,13727,1
2020-11-20 15:48:30.000,13727,13728,13727,5
2020-11-20 15:48:41.000,13727,13728,13727,1
2020-11-20 15:48:43.000,13727,13728,13727,5
2020-11-20 15:48:44.000,13727,13728,13728,8
2020-11-20 15:48:48.000,13728,13729,13728,5
2020-11-20 15:48:51.000,13728,13729,13728,1
2020-11-20 15:48:52.000,13728,13729,13728,1
2020-11-20 15:48:58.000,13728,13729,13729,3
2020-11-20 15:49:08.000,13728,13730,13729,1
2020-11-20 15:49:08.000,13728,13730,13730,2
2020-11-20 15:49:11.000,13728,13730,13729,1
2020-11-20 15:49:13.000,13729,13730,13730,1
2020-11-20 15:49:22.000,13729,13730,13729,1
2020-11-20 15:49:22.000,13729,13730,13729,1
2020-11-20 15:49:22.000,13729,13730,13729,1
2020-11-20 15:49:22.000,13729,13730,13729,1
2020-11-20 15:49:22.000,13729,13730,13729,3
2020-11-20 15:49:27.000,13728,13729,13729,1
2020-11-20 15:49:47.000,13729,13730,13730,2
2020-11-20 15:49:47.000,13730,13731,13731,10
2020-11-20 15:49:47.000,13730,13731,13732,5
2020-11-20 15:49:55.000,13731,13732,13732,1
2020-11-20 15:49:56.000,13731,13732,13732,1
2020-11-20 15:49:56.000,13731,13732,13732,2
2020-11-20 15:49:58.000,13732,13733,13733,2
2020-11-20 15:49:58.000,13732,13733,13733,3
2020-11-20 15:50:02.000,13733,13734,13733,1
2020-11-20 15:50:02.000,13733,13734,13733,1
2020-11-20 15:50:06.000,13733,13734,13734,1
2020-11-20 15:50:07.000,13733,13734,13734,2
2020-11-20 15:50:08.000,13733,13734,13734,1
2020-11-20 15:50:10.000,13733,13734,13733,2
2020-11-20 15:50:15.000,13731,13733,13733,1
2020-11-20 15:50:16.000,13730,13732,13732,1
2020-11-20 15:50:17.000,13730,13731,13731,1
2020-11-20 15:50:18.000,13730,13731,13730,1
2020-11-20 15:50:20.000,13729,13731,13731,2
2020-11-20 15:50:24.000,13730,13732,13730,1
2020-11-20 15:50:26.000,13730,13732,13731,1
2020-11-20 15:50:30.000,13730,13731,13731,1
2020-11-20 15:50:31.000,13730,13731,13731,1
2020-11-20 15:50:31.000,13730,13731,13731,1
2020-11-20 15:50:41.000,13731,13732,13732,2
2020-11-20 15:50:42.000,13731,13732,13732,1
2020-11-20 15:50:47.000,13732,13733,13733,2
2020-11-20 15:50:47.000,13732,13733,13734,3
2020-11-20 15:50:47.000,13732,13734,13734,13
2020-11-20 15:50:47.000,13732,13734,13735,2
2020-11-20 15:50:47.000,13733,13735,13735,1
2020-11-20 15:50:48.000,13734,13735,13735,2
2020-11-20 15:50:53.000,13734,13735,13734,1
2020-11-20 15:51:00.000,13732,13733,13732,3
2020-11-20 15:51:02.000,13731,13732,13731,2
2020-11-20 15:51:04.000,13731,13732,13731,1
2020-11-20 15:51:23.000,13731,13732,13732,1
2020-11-20 15:51:23.000,13731,13732,13732,2
2020-11-20 15:51:31.000,13733,13734,13733,1
2020-11-20 15:51:32.000,13733,13734,13733,1
2020-11-20 15:51:32.000,13733,13734,13734,3
2020-11-20 15:51:39.000,13734,13735,13734,1
2020-11-20 15:51:40.000,13734,13735,13735,1
2020-11-20 15:51:40.000,13734,13735,13734,1
2020-11-20 15:51:49.000,13734,13735,13734,2
2020-11-20 15:52:03.000,13733,13734,13734,1
2020-11-20 15:52:04.000,13733,13734,13734,1
2020-11-20 15:52:13.000,13733,13734,13734,1
2020-11-20 15:52:42.000,13733,13734,13734,3
2020-11-20 15:52:45.000,13733,13734,13734,1
2020-11-20 15:52:51.000,13734,13735,13735,9
2020-11-20 15:52:51.000,13734,13735,13735,9
2020-11-20 15:52:51.000,13734,13735,13735,1
2020-11-20 15:52:52.000,13734,13736,13736,3
2020-11-20 15:52:59.000,13735,13736,13734,2
2020-11-20 15:52:59.000,13735,13736,13735,1
2020-11-20 15:53:17.000,13733,13734,13734,1
2020-11-20 15:53:29.000,13734,13735,13734,2
2020-11-20 15:53:50.000,13734,13735,13734,4
2020-11-20 15:53:54.000,13733,13734,13734,1
2020-11-20 15:53:55.000,13733,13734,13733,1
2020-11-20 15:54:02.000,13733,13734,13734,1
2020-11-20 15:54:02.000,13734,13735,13733,3
2020-11-20 15:54:02.000,13734,13735,13734,1
2020-11-20 15:54:02.000,13734,13735,13733,2
2020-11-20 15:54:02.000,13733,13735,13733,2
2020-11-20 15:54:02.000,13733,13735,13733,2
2020-11-20 15:54:02.000,13733,13735,13732,5
2020-11-20 15:54:02.000,13733,13735,13733,1
2020-11-20 15:54:02.000,13733,13735,13732,2
2020-11-20 15:54:02.000,13733,13735,13733,4
2020-11-20 15:54:02.000,13733,13735,13732,2
2020-11-20 15:54:02.000,13733,13735,13732,2
2020-11-20 15:54:02.000,13732,13733,13732,2
2020-11-20 15:54:02.000,13732,13733,13731,1
2020-11-20 15:54:02.000,13732,13733,13732,1
2020-11-20 15:54:02.000,13732,13733,13731,2
2020-11-20 15:54:02.000,13732,13733,13731,6
2020-11-20 15:54:02.000,13732,13733,13731,6
2020-11-20 15:54:02.000,13731,13733,13731,6
2020-11-20 15:54:02.000,13731,13733,13731,2
2020-11-20 15:54:02.000,13731,13733,13731,2
2020-11-20 15:54:02.000,13731,13733,13731,4
2020-11-20 15:54:02.000,13731,13733,13731,4
2020-11-20 15:54:02.000,13731,13733,13730,4
2020-11-20 15:54:02.000,13731,13733,13730,2
2020-11-20 15:54:02.000,13731,13733,13730,4
2020-11-20 15:54:03.000,13730,13731,13730,2
2020-11-20 15:54:03.000,13730,13731,13730,2
2020-11-20 15:54:03.000,13730,13731,13730,2
2020-11-20 15:54:03.000,13730,13731,13730,2
2020-11-20 15:54:03.000,13730,13731,13730,1
2020-11-20 15:54:03.000,13729,13731,13729,6
2020-11-20 15:54:03.000,13729,13731,13730,6
2020-11-20 15:54:03.000,13729,13731,13729,2
2020-11-20 15:54:03.000,13729,13731,13729,2
2020-11-20 15:54:04.000,13729,13731,13729,2
2020-11-20 15:54:04.000,13728,13730,13728,2
2020-11-20 15:54:14.000,13731,13732,13731,2
2020-11-20 15:54:15.000,13730,13731,13731,3
2020-11-20 15:54:18.000,13731,13732,13732,1
2020-11-20 15:54:18.000,13732,13733,13732,1
2020-11-20 15:54:32.000,13733,13734,13733,1
2020-11-20 15:54:44.000,13733,13734,13733,1
2020-11-20 15:54:50.000,13732,13733,13733,1
2020-11-20 15:54:56.000,13732,13733,13732,1
2020-11-20 15:55:01.000,13732,13733,13732,1
2020-11-20 15:55:05.000,13731,13732,13731,1
2020-11-20 15:55:05.000,13731,13732,13731,3
2020-11-20 15:55:08.000,13730,13731,13730,1
2020-11-20 15:55:08.000,13730,13731,13730,1
2020-11-20 15:55:16.000,13729,13730,13730,1
2020-11-20 15:55:22.000,13730,13732,13732,1
2020-11-20 15:55:24.000,13731,13732,13730,2
2020-11-20 15:55:24.000,13731,13732,13731,1
2020-11-20 15:55:27.000,13730,13731,13729,1
2020-11-20 15:55:27.000,13730,13731,13730,5
2020-11-20 15:55:30.000,13729,13731,13729,1
2020-11-20 15:55:31.000,13729,13731,13730,1
2020-11-20 15:55:37.000,13729,13730,13729,1
2020-11-20 15:55:47.000,13729,13730,13730,2
2020-11-20 15:55:59.000,13729,13730,13729,1
2020-11-20 15:55:59.000,13729,13730,13729,6
2020-11-20 15:55:59.000,13729,13730,13729,2
2020-11-20 15:55:59.000,13729,13730,13729,13
2020-11-20 15:55:59.000,13729,13730,13729,1
2020-11-20 15:55:59.000,13729,13730,13729,4
2020-11-20 15:55:59.000,13729,13730,13729,25
2020-11-20 15:55:59.000,13728,13729,13728,2
2020-11-20 15:55:59.000,13728,13729,13728,1
2020-11-20 15:56:01.000,13727,13728,13727,2
2020-11-20 15:56:01.000,13727,13728,13727,2
2020-11-20 15:56:01.000,13727,13728,13728,1
2020-11-20 15:56:02.000,13727,13728,13728,1
2020-11-20 15:56:02.000,13727,13728,13729,1
2020-11-20 15:56:15.000,13728,13730,13728,1
2020-11-20 15:56:23.000,13727,13728,13728,1
2020-11-20 15:56:32.000,13728,13729,13729,1
2020-11-20 15:56:49.000,13729,13730,13729,1
2020-11-20 15:56:49.000,13728,13730,13729,1
2020-11-20 15:56:58.000,13728,13729,13728,1
2020-11-20 15:57:04.000,13728,13729,13729,1
2020-11-20 15:57:08.000,13728,13729,13729,1
2020-11-20 15:57:19.000,13728,13729,13728,10
2020-11-20 15:57:19.000,13728,13729,13728,4
2020-11-20 15:57:19.000,13728,13729,13728,5
2020-11-20 15:57:19.000,13728,13729,13728,4
2020-11-20 15:57:19.000,13728,13729,13728,3
2020-11-20 15:57:19.000,13728,13729,13728,1
2020-11-20 15:57:19.000,13728,13729,13728,12
2020-11-20 15:57:19.000,13728,13729,13728,11
2020-11-20 15:57:19.000,13728,13729,13728,18
2020-11-20 15:57:20.000,13727,13728,13727,1
2020-11-20 15:57:22.000,13727,13728,13728,1
2020-11-20 15:57:22.000,13727,13728,13729,1
2020-11-20 15:57:25.000,13728,13729,13729,2
2020-11-20 15:57:25.000,13728,13729,13729,1
2020-11-20 15:57:25.000,13729,13730,13730,4
2020-11-20 15:57:25.000,13729,13730,13730,8
2020-11-20 15:57:25.000,13730,13731,13731,5
2020-11-20 15:57:26.000,13731,13732,13731,1
2020-11-20 15:57:27.000,13731,13732,13731,1
2020-11-20 15:57:29.000,13730,13732,13731,1
2020-11-20 15:57:33.000,13730,13731,13731,1
2020-11-20 15:57:42.000,13731,13732,13732,5
2020-11-20 15:58:01.000,13732,13733,13733,3
2020-11-20 15:58:01.000,13732,13733,13733,2
2020-11-20 15:58:02.000,13732,13733,13732,1
2020-11-20 15:58:24.000,13732,13733,13732,1
2020-11-20 15:58:29.000,13731,13733,13731,1
2020-11-20 15:58:42.000,13732,13733,13732,1
2020-11-20 15:58:47.000,13732,13733,13732,2
2020-11-20 15:58:58.000,13731,13732,13731,1
2020-11-20 15:59:02.000,13731,13732,13732,5
2020-11-20 15:59:02.000,13731,13732,13732,1
2020-11-20 15:59:03.000,13731,13733,13731,1
2020-11-20 15:59:07.000,13731,13732,13732,1
2020-11-20 15:59:19.000,13732,13733,13732,1
2020-11-20 15:59:20.000,13731,13732,13732,1
2020-11-20 15:59:23.000,13731,13733,13731,1
2020-11-20 15:59:31.000,13731,13732,13731,1
2020-11-20 15:59:45.000,13731,13732,13731,1
2020-11-20 15:59:45.000,13731,13732,13731,1
2020-11-20 15:59:52.000,13731,13732,13731,1
2020-11-20 15:59:56.000,13731,13732,13731,2
2020-11-20 15:59:58.000,13730,13731,13730,4
2020-11-20 15:59:59.000,13729,13731,13729,14
2020-11-20 15:59:59.000,13729,13731,13729,4
2020-11-20 16:00:01.000,13728,13729,13728,1
2020-11-20 16:00:01.000,13727,13728,13728,1
2020-11-20 16:00:01.000,13727,13728,13727,4
2020-11-20 16:00:01.000,13727,13728,13728,1
2020-11-20 16:00:01.000,13727,13728,13728,2
