2024-10-07 15:00:00.036,22746,22747,22751,73,73
2024-10-07 15:00:00.046,22746,22747,22752,1,1
2024-10-07 15:00:00.046,22746,22747,22752,1,1
2024-10-07 15:00:00.111,22751,22755,22751,1,-1
2024-10-07 15:00:00.131,22751,22755,22751,1,-1
2024-10-07 15:00:00.131,22751,22755,22750,1,-1
2024-10-07 15:00:00.258,22750,22755,22750,1,-1
2024-10-07 15:00:00.439,22750,22752,22752,1,1
2024-10-07 15:00:00.440,22750,22752,22754,1,1
2024-10-07 15:00:00.512,22750,22752,22755,1,1
2024-10-07 15:00:00.512,22750,22752,22755,1,1
2024-10-07 15:00:00.524,22750,22752,22752,1,1
2024-10-07 15:00:00.558,22750,22752,22755,1,1
2024-10-07 15:00:00.565,22750,22756,22756,1,1
2024-10-07 15:00:00.588,22750,22756,22756,1,1
2024-10-07 15:00:00.653,22750,22756,22750,1,-1
2024-10-07 15:00:00.671,22750,22756,22757,1,1
2024-10-07 15:00:00.735,22750,22754,22754,1,1
2024-10-07 15:00:00.939,22750,22755,22749,4,-4
2024-10-07 15:00:00.939,22750,22755,22750,7,-7
2024-10-07 15:00:00.939,22750,22755,22751,1,-1
2024-10-07 15:00:00.939,22750,22755,22750,2,-2
2024-10-07 15:00:01.036,22750,22755,22754,1,1
2024-10-07 15:00:01.079,22751,22756,22756,1,1
2024-10-07 15:00:01.150,22751,22756,22755,1,1
2024-10-07 15:00:01.170,22751,22756,22756,1,1
2024-10-07 15:00:01.170,22751,22756,22757,1,1
2024-10-07 15:00:01.196,22751,22756,22756,1,1
2024-10-07 15:00:01.746,22750,22754,22752,1,1
2024-10-07 15:00:01.821,22750,22753,22753,1,1
2024-10-07 15:00:02.357,22751,22755,22755,1,1
2024-10-07 15:00:03.083,22751,22756,22754,1,1
2024-10-07 15:00:04.525,22751,22754,22754,1,1
2024-10-07 15:00:04.540,22751,22754,22754,1,1
2024-10-07 15:00:05.041,22751,22756,22751,1,-1
2024-10-07 15:00:05.263,22751,22756,22751,1,-1
2024-10-07 15:00:05.469,22751,22755,22755,1,1
2024-10-07 15:00:05.681,22751,22754,22752,1,-1
2024-10-07 15:00:06.353,22750,22752,22752,1,1
2024-10-07 15:00:06.730,22752,22753,22753,1,1
2024-10-07 15:00:07.425,22751,22754,22754,4,4
2024-10-07 15:00:08.553,22751,22753,22751,1,-1
2024-10-07 15:00:08.624,22750,22752,22752,1,1
2024-10-07 15:00:08.668,22750,22752,22750,1,-1
2024-10-07 15:00:09.159,22749,22752,22749,1,-1
2024-10-07 15:00:09.206,22749,22751,22750,1,-1
2024-10-07 15:00:09.206,22749,22751,22751,1,1
2024-10-07 15:00:09.314,22750,22753,22750,2,-2
2024-10-07 15:00:09.358,22750,22753,22750,1,-1
2024-10-07 15:00:09.359,22750,22753,22750,1,-1
2024-10-07 15:00:09.941,22748,22750,22750,1,1
2024-10-07 15:00:10.426,22748,22750,22748,1,-1
2024-10-07 15:00:12.783,22748,22750,22748,2,-2
2024-10-07 15:00:12.783,22748,22750,22747,3,-3
2024-10-07 15:00:12.783,22748,22750,22746,3,-3
2024-10-07 15:00:12.783,22748,22750,22746,2,-2
2024-10-07 15:00:13.466,22746,22749,22745,8,-8
2024-10-07 15:00:13.466,22746,22749,22746,2,-2
2024-10-07 15:00:15.376,22746,22747,22746,1,-1
2024-10-07 15:00:15.544,22744,22747,22747,1,1
2024-10-07 15:00:15.661,22744,22747,22747,1,1
2024-10-07 15:00:15.963,22744,22747,22747,1,1
2024-10-07 15:00:16.040,22744,22747,22748,1,1
2024-10-07 15:00:16.103,22745,22748,22748,1,1
2024-10-07 15:00:16.396,22745,22748,22745,1,-1
2024-10-07 15:00:16.531,22745,22748,22748,1,1
2024-10-07 15:00:17.099,22745,22748,22748,2,2
2024-10-07 15:00:19.027,22746,22748,22748,1,1
2024-10-07 15:00:19.269,22746,22748,22746,2,-2
2024-10-07 15:00:19.269,22746,22748,22745,7,-7
2024-10-07 15:00:19.269,22746,22748,22744,1,-1
2024-10-07 15:00:19.732,22745,22747,22746,1,-1
2024-10-07 15:00:19.733,22745,22747,22746,1,-1
2024-10-07 15:00:19.734,22745,22747,22746,1,-1
2024-10-07 15:00:20.845,22746,22747,22746,2,-2
2024-10-07 15:00:20.845,22746,22747,22745,2,-2
2024-10-07 15:00:21.614,22744,22747,22747,3,3
2024-10-07 15:00:22.898,22745,22747,22747,1,1
2024-10-07 15:00:23.237,22746,22748,22746,1,-1
2024-10-07 15:00:23.725,22745,22748,22745,1,-1
2024-10-07 15:00:25.366,22745,22747,22745,1,-1
2024-10-07 15:00:25.366,22745,22747,22745,1,-1
2024-10-07 15:00:25.460,22744,22746,22746,1,1
2024-10-07 15:00:25.903,22744,22747,22745,1,-1
2024-10-07 15:00:26.070,22744,22746,22744,1,-1
2024-10-07 15:00:26.270,22743,22746,22745,1,1
2024-10-07 15:00:26.372,22743,22746,22743,1,-1
2024-10-07 15:00:26.499,22743,22745,22743,2,-2
2024-10-07 15:00:27.709,22742,22745,22743,1,-1
2024-10-07 15:00:27.782,22742,22745,22742,1,-1
2024-10-07 15:00:28.012,22742,22744,22743,1,-1
2024-10-07 15:00:29.068,22742,22744,22742,1,-1
2024-10-07 15:00:29.564,22742,22744,22742,1,-1
2024-10-07 15:00:29.619,22742,22744,22744,2,2
2024-10-07 15:00:30.212,22742,22745,22742,3,-3
2024-10-07 15:00:30.213,22742,22745,22741,3,-3
2024-10-07 15:00:30.283,22742,22745,22740,1,-1
2024-10-07 15:00:30.961,22742,22743,22742,1,-1
2024-10-07 15:00:32.120,22740,22741,22741,1,1
2024-10-07 15:00:32.186,22740,22742,22742,1,1
2024-10-07 15:00:32.304,22740,22742,22740,1,-1
2024-10-07 15:00:32.924,22740,22742,22740,1,-1
2024-10-07 15:00:32.956,22740,22742,22740,1,-1
2024-10-07 15:00:33.949,22740,22743,22743,1,1
2024-10-07 15:00:34.148,22740,22743,22740,1,-1
2024-10-07 15:00:34.149,22740,22743,22740,1,-1
2024-10-07 15:00:34.151,22740,22743,22740,1,-1
2024-10-07 15:00:34.973,22741,22743,22743,2,2
2024-10-07 15:00:35.426,22741,22744,22741,4,-4
2024-10-07 15:00:36.357,22741,22743,22743,1,1
2024-10-07 15:00:36.358,22741,22743,22744,1,1
2024-10-07 15:00:36.465,22743,22745,22743,1,-1
2024-10-07 15:00:36.692,22742,22745,22745,1,1
2024-10-07 15:00:37.421,22742,22745,22745,1,1
2024-10-07 15:00:41.092,22742,22744,22742,1,-1
2024-10-07 15:00:41.132,22742,22744,22740,14,-14
2024-10-07 15:00:41.132,22742,22744,22741,3,-3
2024-10-07 15:00:41.146,22742,22744,22741,1,-1
2024-10-07 15:00:41.191,22739,22742,22742,1,1
2024-10-07 15:00:41.631,22740,22742,22742,1,1
2024-10-07 15:00:41.912,22740,22742,22742,2,2
2024-10-07 15:00:41.912,22740,22742,22743,1,1
2024-10-07 15:00:42.236,22740,22743,22743,1,1
2024-10-07 15:00:42.338,22740,22743,22743,1,1
2024-10-07 15:00:43.129,22739,22743,22739,2,-2
2024-10-07 15:00:43.709,22739,22742,22739,1,-1
2024-10-07 15:00:43.822,22739,22742,22739,3,-3
2024-10-07 15:00:44.231,22738,22741,22741,1,1
2024-10-07 15:00:46.714,22741,22742,22741,1,-1
2024-10-07 15:00:47.236,22739,22742,22742,1,1
2024-10-07 15:00:47.532,22741,22743,22741,1,-1
2024-10-07 15:00:48.716,22741,22743,22741,1,-1
2024-10-07 15:00:49.451,22740,22742,22740,2,-2
2024-10-07 15:00:49.771,22740,22742,22740,1,-1
2024-10-07 15:00:49.772,22740,22742,22740,1,-1
2024-10-07 15:00:49.981,22739,22742,22739,2,-2
2024-10-07 15:00:50.765,22738,22740,22738,6,-6
2024-10-07 15:00:50.765,22738,22740,22737,7,-7
2024-10-07 15:00:50.886,22736,22738,22736,1,-1
2024-10-07 15:00:50.911,22736,22738,22736,1,-1
2024-10-07 15:00:50.998,22736,22738,22736,1,-1
2024-10-07 15:00:51.094,22736,22738,22738,1,1
2024-10-07 15:00:51.094,22736,22738,22739,1,1
2024-10-07 15:00:52.464,22736,22737,22736,9,-9
2024-10-07 15:00:52.465,22736,22737,22735,3,-3
2024-10-07 15:00:53.253,22734,22736,22736,1,1
2024-10-07 15:00:53.395,22735,22737,22737,2,2
2024-10-07 15:00:53.396,22735,22737,22737,1,1
2024-10-07 15:00:53.438,22736,22738,22738,1,1
2024-10-07 15:00:53.548,22736,22738,22736,1,-1
2024-10-07 15:00:53.578,22735,22738,22735,1,-1
2024-10-07 15:00:53.939,22734,22737,22737,1,1
2024-10-07 15:00:54.063,22735,22737,22735,1,-1
2024-10-07 15:00:54.197,22734,22737,22737,1,1
2024-10-07 15:00:54.804,22736,22738,22736,1,-1
2024-10-07 15:00:55.862,22734,22737,22734,1,-1
2024-10-07 15:00:56.171,22734,22737,22735,1,-1
2024-10-07 15:00:57.417,22735,22736,22735,1,-1
2024-10-07 15:00:57.464,22735,22736,22735,1,-1
2024-10-07 15:00:58.917,22733,22734,22734,1,1
2024-10-07 15:00:59.552,22735,22736,22735,1,-1
2024-10-07 15:01:00.068,22733,22735,22735,1,1
2024-10-07 15:01:00.112,22733,22735,22735,2,2
2024-10-07 15:01:00.125,22733,22735,22736,1,1
2024-10-07 15:01:00.205,22736,22738,22738,1,1
2024-10-07 15:01:00.207,22736,22738,22736,1,-1
2024-10-07 15:01:00.426,22735,22737,22734,1,-1
2024-10-07 15:01:00.448,22734,22736,22736,4,4
2024-10-07 15:01:00.448,22734,22736,22737,4,4
2024-10-07 15:01:01.798,22736,22739,22736,1,-1
2024-10-07 15:01:02.745,22737,22739,22739,1,1
2024-10-07 15:01:03.667,22738,22740,22740,5,5
2024-10-07 15:01:03.667,22738,22740,22740,3,3
2024-10-07 15:01:03.667,22738,22740,22740,2,2
2024-10-07 15:01:03.667,22738,22740,22740,2,2
2024-10-07 15:01:03.667,22738,22740,22740,12,12
2024-10-07 15:01:03.668,22738,22740,22741,1,1
2024-10-07 15:01:03.755,22740,22742,22742,1,1
2024-10-07 15:01:03.755,22740,22742,22743,2,2
2024-10-07 15:01:04.427,22739,22742,22743,4,4
2024-10-07 15:01:04.980,22741,22744,22741,1,-1
2024-10-07 15:01:05.761,22741,22743,22741,1,-1
2024-10-07 15:01:09.174,22741,22743,22743,1,1
2024-10-07 15:01:10.958,22740,22743,22743,2,2
2024-10-07 15:01:14.292,22740,22742,22740,2,-2
2024-10-07 15:01:14.292,22740,22742,22740,1,-1
2024-10-07 15:01:14.292,22740,22742,22740,1,-1
2024-10-07 15:01:14.292,22740,22742,22740,1,-1
2024-10-07 15:01:14.463,22739,22742,22742,2,2
2024-10-07 15:01:14.463,22739,22742,22743,1,1
2024-10-07 15:01:16.143,22741,22743,22741,1,-1
2024-10-07 15:01:16.563,22742,22743,22743,2,2
2024-10-07 15:01:16.564,22742,22743,22743,13,13
2024-10-07 15:01:16.564,22742,22743,22744,4,4
2024-10-07 15:01:16.565,22742,22743,22743,1,1
2024-10-07 15:01:16.590,22742,22743,22742,1,-1
2024-10-07 15:01:16.813,22741,22744,22741,1,-1
2024-10-07 15:01:17.698,22741,22743,22741,1,-1
2024-10-07 15:01:19.077,22743,22744,22743,1,-1
2024-10-07 15:01:20.168,22741,22743,22743,1,1
2024-10-07 15:01:20.172,22741,22743,22744,1,1
2024-10-07 15:01:21.319,22742,22744,22742,3,-3
2024-10-07 15:01:25.034,22740,22742,22740,4,-4
2024-10-07 15:01:25.080,22739,22741,22739,1,-1
2024-10-07 15:01:26.088,22740,22741,22740,1,-1
2024-10-07 15:01:29.425,22739,22741,22739,1,-1
2024-10-07 15:01:31.556,22740,22741,22741,1,1
2024-10-07 15:01:34.111,22740,22741,22741,2,2
2024-10-07 15:01:34.111,22740,22741,22741,2,2
2024-10-07 15:01:35.405,22740,22742,22742,1,1
2024-10-07 15:01:35.406,22740,22742,22742,1,1
2024-10-07 15:01:38.051,22741,22743,22741,2,-2
2024-10-07 15:01:38.799,22740,22743,22739,3,-3
2024-10-07 15:01:38.799,22740,22743,22740,7,-7
2024-10-07 15:01:39.551,22739,22741,22739,1,-1
2024-10-07 15:01:39.721,22738,22740,22740,2,2
2024-10-07 15:01:40.392,22738,22741,22740,1,1
2024-10-07 15:01:43.477,22739,22740,22739,1,-1
2024-10-07 15:01:45.032,22738,22740,22740,2,2
2024-10-07 15:01:45.055,22738,22740,22740,2,2
2024-10-07 15:01:45.055,22738,22740,22741,8,8
2024-10-07 15:01:45.055,22738,22740,22742,4,4
2024-10-07 15:01:45.056,22738,22740,22740,1,1
2024-10-07 15:01:47.224,22740,22741,22741,1,1
2024-10-07 15:01:47.368,22740,22742,22740,1,-1
2024-10-07 15:01:48.755,22740,22742,22740,1,-1
2024-10-07 15:01:48.887,22740,22742,22742,1,1
2024-10-07 15:01:50.358,22741,22743,22743,1,1
2024-10-07 15:01:50.358,22741,22743,22743,2,2
2024-10-07 15:01:51.408,22742,22744,22741,5,-5
2024-10-07 15:01:51.408,22742,22744,22740,3,-3
2024-10-07 15:01:51.408,22742,22744,22742,2,-2
2024-10-07 15:01:52.655,22742,22744,22745,2,2
2024-10-07 15:01:52.655,22742,22744,22744,3,3
2024-10-07 15:01:54.456,22743,22745,22745,1,1
2024-10-07 15:01:55.714,22743,22745,22743,1,-1
2024-10-07 15:01:56.782,22742,22745,22742,3,-3
2024-10-07 15:01:57.338,22742,22745,22742,4,-4
2024-10-07 15:01:58.215,22741,22744,22741,3,-3
2024-10-07 15:01:59.394,22741,22743,22741,4,-4
2024-10-07 15:02:00.309,22738,22741,22738,5,-5
2024-10-07 15:02:00.897,22737,22739,22737,1,-1
2024-10-07 15:02:00.897,22737,22739,22737,1,-1
2024-10-07 15:02:00.898,22737,22739,22737,5,-5
2024-10-07 15:02:00.961,22736,22738,22736,1,-1
2024-10-07 15:02:00.985,22736,22738,22737,1,-1
2024-10-07 15:02:01.241,22736,22738,22738,1,1
2024-10-07 15:02:01.291,22736,22738,22736,2,-2
2024-10-07 15:02:01.292,22736,22738,22735,1,-1
2024-10-07 15:02:01.292,22736,22738,22735,13,-13
2024-10-07 15:02:01.292,22736,22738,22736,1,-1
2024-10-07 15:02:01.292,22736,22738,22736,1,-1
2024-10-07 15:02:02.074,22733,22735,22735,1,1
2024-10-07 15:02:03.225,22733,22735,22735,1,1
2024-10-07 15:02:07.426,22733,22734,22733,2,-2
2024-10-07 15:02:07.426,22733,22734,22732,7,-7
2024-10-07 15:02:07.426,22733,22734,22731,1,-1
2024-10-07 15:02:07.506,22731,22733,22731,1,-1
2024-10-07 15:02:07.684,22731,22733,22730,2,-2
2024-10-07 15:02:07.684,22731,22733,22731,2,-2
2024-10-07 15:02:07.686,22730,22733,22732,1,1
2024-10-07 15:02:07.688,22730,22733,22730,2,-2
2024-10-07 15:02:07.688,22730,22733,22730,4,-4
2024-10-07 15:02:07.688,22730,22733,22730,3,-3
2024-10-07 15:02:07.711,22730,22733,22730,1,-1
2024-10-07 15:02:07.713,22730,22733,22730,6,-6
2024-10-07 15:02:08.205,22729,22732,22732,1,1
2024-10-07 15:02:08.505,22730,22732,22731,1,1
2024-10-07 15:02:11.325,22729,22732,22732,1,1
2024-10-07 15:02:12.968,22729,22732,22732,1,1
2024-10-07 15:02:13.437,22729,22730,22732,1,1
2024-10-07 15:02:13.437,22729,22730,22730,1,1
2024-10-07 15:02:17.331,22732,22734,22734,1,1
2024-10-07 15:02:17.974,22733,22736,22733,1,-1
2024-10-07 15:02:18.612,22733,22735,22733,1,-1
2024-10-07 15:02:18.612,22733,22735,22732,2,-2
2024-10-07 15:02:20.118,22731,22734,22734,1,1
2024-10-07 15:02:20.969,22732,22734,22733,1,1
2024-10-07 15:02:21.249,22732,22734,22732,2,-2
2024-10-07 15:02:21.249,22732,22734,22732,8,-8
2024-10-07 15:02:22.978,22731,22732,22731,1,-1
2024-10-07 15:02:26.236,22730,22733,22731,1,-1
2024-10-07 15:02:26.658,22732,22733,22733,10,10
2024-10-07 15:02:26.659,22732,22733,22734,1,1
2024-10-07 15:02:32.206,22734,22735,22734,4,-4
2024-10-07 15:02:32.206,22734,22735,22733,4,-4
2024-10-07 15:02:32.206,22734,22735,22732,2,-2
2024-10-07 15:02:32.540,22732,22735,22732,1,-1
2024-10-07 15:02:33.565,22732,22733,22733,1,1
2024-10-07 15:02:34.465,22732,22733,22732,1,-1
2024-10-07 15:02:34.465,22732,22733,22732,1,-1
2024-10-07 15:02:35.615,22732,22733,22732,1,-1
2024-10-07 15:02:38.528,22733,22734,22733,1,-1
2024-10-07 15:02:39.346,22733,22734,22733,1,-1
2024-10-07 15:02:40.544,22733,22735,22733,1,-1
2024-10-07 15:02:41.183,22733,22734,22733,1,-1
2024-10-07 15:02:41.183,22733,22734,22732,3,-3
2024-10-07 15:02:41.600,22731,22734,22731,1,-1
2024-10-07 15:02:44.477,22731,22734,22734,1,1
2024-10-07 15:02:46.725,22731,22733,22731,1,-1
2024-10-07 15:02:46.725,22731,22733,22731,1,-1
2024-10-07 15:02:46.725,22731,22733,22731,2,-2
2024-10-07 15:02:49.911,22731,22733,22733,1,1
2024-10-07 15:02:50.153,22731,22733,22733,1,1
2024-10-07 15:02:50.899,22733,22734,22734,1,1
2024-10-07 15:02:50.927,22733,22734,22733,1,-1
2024-10-07 15:02:51.812,22732,22735,22733,1,-1
2024-10-07 15:02:54.164,22733,22735,22735,1,1
2024-10-07 15:02:54.344,22734,22737,22737,1,1
2024-10-07 15:02:55.215,22736,22738,22736,3,-3
2024-10-07 15:02:55.432,22735,22738,22736,1,-1
2024-10-07 15:03:00.047,22736,22738,22736,1,-1
2024-10-07 15:03:00.047,22736,22738,22735,1,-1
2024-10-07 15:03:00.050,22736,22738,22735,1,-1
2024-10-07 15:03:00.050,22736,22738,22734,1,-1
2024-10-07 15:03:00.052,22736,22738,22734,1,-1
2024-10-07 15:03:00.061,22733,22736,22733,1,-1
2024-10-07 15:03:00.070,22733,22736,22733,2,-2
2024-10-07 15:03:00.140,22733,22736,22731,1,-1
2024-10-07 15:03:00.151,22733,22736,22731,2,-2
2024-10-07 15:03:00.173,22733,22736,22731,1,-1
2024-10-07 15:03:00.174,22733,22736,22731,21,-21
2024-10-07 15:03:00.175,22733,22736,22730,1,-1
2024-10-07 15:03:00.175,22733,22736,22730,1,-1
2024-10-07 15:03:00.175,22733,22736,22730,2,-2
2024-10-07 15:03:00.184,22733,22736,22730,1,-1
2024-10-07 15:03:00.256,22730,22732,22731,1,-1
2024-10-07 15:03:00.275,22730,22732,22732,1,1
2024-10-07 15:03:01.418,22731,22733,22733,1,1
2024-10-07 15:03:04.814,22734,22736,22734,1,-1
2024-10-07 15:03:09.116,22733,22736,22733,1,-1
2024-10-07 15:03:13.608,22733,22736,22736,3,3
2024-10-07 15:03:15.778,22735,22736,22736,2,2
2024-10-07 15:03:16.632,22736,22738,22736,1,-1
2024-10-07 15:03:18.196,22736,22738,22736,2,-2
2024-10-07 15:03:18.196,22736,22738,22736,1,-1
2024-10-07 15:03:20.013,22735,22737,22735,1,-1
2024-10-07 15:03:20.701,22736,22738,22736,2,-2
2024-10-07 15:03:23.312,22736,22738,22739,1,1
2024-10-07 15:03:23.312,22736,22738,22738,2,2
2024-10-07 15:03:26.172,22738,22739,22739,1,1
2024-10-07 15:03:26.372,22739,22741,22739,1,-1
2024-10-07 15:03:30.034,22737,22739,22739,1,1
2024-10-07 15:03:32.046,22739,22741,22741,1,1
2024-10-07 15:03:32.046,22739,22741,22741,1,1
2024-10-07 15:03:34.862,22740,22742,22742,1,1
2024-10-07 15:03:34.862,22740,22742,22742,1,1
2024-10-07 15:03:35.934,22741,22743,22743,3,3
2024-10-07 15:03:37.481,22742,22744,22744,1,1
2024-10-07 15:03:37.713,22742,22745,22745,1,1
2024-10-07 15:03:37.814,22742,22745,22745,4,4
2024-10-07 15:03:37.814,22742,22745,22746,2,2
2024-10-07 15:03:37.814,22742,22745,22746,3,3
2024-10-07 15:03:37.983,22744,22746,22746,1,1
2024-10-07 15:03:40.733,22743,22746,22743,1,-1
2024-10-07 15:03:45.408,22742,22744,22744,1,1
2024-10-07 15:03:49.331,22743,22744,22743,7,-7
2024-10-07 15:03:49.331,22743,22744,22742,3,-3
2024-10-07 15:03:49.752,22742,22744,22744,1,1
2024-10-07 15:03:50.860,22742,22744,22742,1,-1
2024-10-07 15:03:52.181,22742,22744,22742,1,-1
2024-10-07 15:03:55.177,22741,22743,22741,1,-1
2024-10-07 15:03:55.943,22741,22742,22742,1,1
2024-10-07 15:03:56.733,22741,22743,22743,1,1
2024-10-07 15:03:57.901,22741,22744,22741,1,-1
2024-10-07 15:03:59.162,22741,22743,22741,2,-2
2024-10-07 15:03:59.162,22741,22743,22740,8,-8
2024-10-07 15:04:00.152,22739,22741,22740,1,-1
2024-10-07 15:04:01.282,22739,22740,22739,1,-1
2024-10-07 15:04:01.362,22739,22740,22739,1,-1
2024-10-07 15:04:01.363,22739,22740,22739,2,-2
2024-10-07 15:04:01.556,22738,22740,22738,2,-2
2024-10-07 15:04:01.745,22737,22738,22737,1,-1
2024-10-07 15:04:01.758,22737,22738,22736,1,-1
2024-10-07 15:04:01.759,22737,22738,22736,1,-1
2024-10-07 15:04:02.130,22735,22737,22735,3,-3
2024-10-07 15:04:02.130,22735,22737,22734,1,-1
2024-10-07 15:04:02.249,22734,22737,22734,4,-4
2024-10-07 15:04:03.152,22733,22736,22734,1,-1
2024-10-07 15:04:03.272,22734,22737,22734,1,-1
2024-10-07 15:04:03.631,22733,22736,22733,1,-1
2024-10-07 15:04:04.547,22733,22736,22735,1,1
2024-10-07 15:04:05.922,22733,22734,22733,2,-2
2024-10-07 15:04:05.922,22733,22734,22733,1,-1
2024-10-07 15:04:07.119,22731,22734,22731,4,-4
2024-10-07 15:04:07.185,22730,22733,22730,1,-1
2024-10-07 15:04:07.242,22730,22733,22730,1,-1
2024-10-07 15:04:09.566,22730,22731,22730,2,-2
2024-10-07 15:04:09.567,22730,22731,22730,6,-6
2024-10-07 15:04:09.567,22730,22731,22730,5,-5
2024-10-07 15:04:10.688,22729,22730,22729,1,-1
2024-10-07 15:04:10.808,22729,22730,22730,1,1
2024-10-07 15:04:10.836,22729,22730,22729,1,-1
2024-10-07 15:04:11.056,22729,22730,22729,1,-1
2024-10-07 15:04:11.969,22729,22731,22731,1,1
2024-10-07 15:04:11.998,22729,22731,22729,1,-1
2024-10-07 15:04:11.999,22729,22731,22729,2,-2
2024-10-07 15:04:11.999,22729,22731,22729,5,-5
2024-10-07 15:04:12.713,22728,22731,22728,1,-1
2024-10-07 15:04:13.124,22728,22731,22728,1,-1
2024-10-07 15:04:13.161,22728,22731,22728,1,-1
2024-10-07 15:04:14.217,22729,22730,22729,1,-1
2024-10-07 15:04:14.858,22729,22730,22729,1,-1
2024-10-07 15:04:17.537,22729,22731,22731,1,1
2024-10-07 15:04:17.579,22729,22731,22731,1,1
2024-10-07 15:04:19.259,22730,22731,22731,1,1
2024-10-07 15:04:19.477,22730,22733,22731,1,-1
2024-10-07 15:04:19.572,22730,22733,22733,1,1
2024-10-07 15:04:19.724,22730,22733,22733,1,1
2024-10-07 15:04:21.880,22731,22733,22733,1,1
2024-10-07 15:04:21.909,22731,22733,22731,1,-1
2024-10-07 15:04:22.224,22730,22733,22730,2,-2
2024-10-07 15:04:29.154,22730,22733,22730,4,-4
2024-10-07 15:04:29.154,22730,22733,22729,6,-6
2024-10-07 15:04:29.436,22729,22731,22729,1,-1
2024-10-07 15:04:29.612,22728,22731,22728,1,-1
2024-10-07 15:04:29.656,22728,22731,22731,1,1
2024-10-07 15:04:29.856,22728,22731,22727,5,-5
2024-10-07 15:04:29.856,22728,22731,22728,5,-5
2024-10-07 15:04:29.884,22728,22731,22729,1,-1
2024-10-07 15:04:30.112,22727,22729,22727,2,-2
2024-10-07 15:04:30.135,22727,22729,22727,1,-1
2024-10-07 15:04:30.135,22727,22729,22726,2,-2
2024-10-07 15:04:30.411,22726,22729,22726,3,-3
2024-10-07 15:04:30.579,22726,22728,22726,1,-1
2024-10-07 15:04:30.702,22726,22728,22726,1,-1
2024-10-07 15:04:30.748,22726,22728,22726,1,-1
2024-10-07 15:04:30.749,22726,22728,22726,1,-1
2024-10-07 15:04:31.079,22725,22727,22725,1,-1
2024-10-07 15:04:31.106,22725,22727,22725,1,-1
2024-10-07 15:04:31.109,22725,22727,22725,1,-1
2024-10-07 15:04:31.110,22725,22727,22725,1,-1
2024-10-07 15:04:31.110,22725,22727,22725,1,-1
2024-10-07 15:04:31.111,22725,22727,22726,2,-2
2024-10-07 15:04:31.116,22725,22727,22725,1,-1
2024-10-07 15:04:31.121,22725,22727,22725,1,-1
2024-10-07 15:04:31.127,22725,22727,22725,4,-4
2024-10-07 15:04:31.127,22725,22727,22725,6,-6
2024-10-07 15:04:31.128,22725,22727,22724,1,-1
2024-10-07 15:04:31.131,22725,22727,22724,1,-1
2024-10-07 15:04:31.171,22725,22727,22724,1,-1
2024-10-07 15:04:31.225,22723,22724,22723,1,-1
2024-10-07 15:04:31.320,22723,22725,22723,1,-1
2024-10-07 15:04:31.323,22723,22725,22723,3,-3
2024-10-07 15:04:31.650,22723,22725,22723,2,-2
2024-10-07 15:04:31.665,22723,22725,22722,2,-2
2024-10-07 15:04:31.665,22723,22725,22723,2,-2
2024-10-07 15:04:31.676,22723,22725,22722,3,-3
2024-10-07 15:04:31.680,22723,22725,22722,4,-4
2024-10-07 15:04:31.688,22721,22723,22721,5,-5
2024-10-07 15:04:31.690,22721,22723,22720,13,-13
2024-10-07 15:04:31.690,22721,22723,22719,3,-3
2024-10-07 15:04:31.771,22721,22723,22719,1,-1
2024-10-07 15:04:31.794,22721,22723,22718,2,-2
2024-10-07 15:04:31.798,22721,22723,22718,1,-1
2024-10-07 15:04:31.849,22718,22720,22717,1,-1
2024-10-07 15:04:31.849,22718,22720,22718,3,-3
2024-10-07 15:04:31.859,22718,22720,22717,1,-1
2024-10-07 15:04:31.859,22718,22720,22716,1,-1
2024-10-07 15:04:31.889,22718,22720,22716,2,-2
2024-10-07 15:04:31.889,22718,22720,22719,1,-1
2024-10-07 15:04:32.045,22717,22720,22717,1,-1
2024-10-07 15:04:32.047,22717,22720,22717,1,-1
2024-10-07 15:04:32.053,22717,22720,22716,1,-1
2024-10-07 15:04:32.077,22716,22719,22719,1,1
2024-10-07 15:04:32.087,22716,22719,22716,2,-2
2024-10-07 15:04:32.088,22716,22719,22716,1,-1
2024-10-07 15:04:32.092,22716,22719,22716,1,-1
2024-10-07 15:04:32.098,22716,22719,22716,1,-1
2024-10-07 15:04:32.107,22716,22719,22716,1,-1
2024-10-07 15:04:32.111,22716,22719,22716,1,-1
2024-10-07 15:04:32.111,22716,22719,22715,1,-1
2024-10-07 15:04:32.117,22716,22719,22716,1,-1
2024-10-07 15:04:32.122,22716,22719,22715,1,-1
2024-10-07 15:04:32.123,22716,22719,22714,4,-4
2024-10-07 15:04:32.123,22716,22719,22715,7,-7
2024-10-07 15:04:32.128,22716,22719,22713,2,-2
2024-10-07 15:04:32.129,22716,22719,22712,5,-5
2024-10-07 15:04:32.129,22716,22719,22712,4,-4
2024-10-07 15:04:32.129,22716,22719,22712,8,-8
2024-10-07 15:04:32.129,22716,22719,22712,3,-3
2024-10-07 15:04:32.135,22716,22719,22711,1,-1
2024-10-07 15:04:32.136,22716,22719,22710,10,-10
2024-10-07 15:04:32.136,22716,22719,22711,6,-6
2024-10-07 15:04:32.158,22716,22719,22710,2,-2
2024-10-07 15:04:32.176,22716,22719,22711,2,-2
2024-10-07 15:04:32.179,22716,22719,22711,1,-1
2024-10-07 15:04:32.179,22716,22719,22711,4,-4
2024-10-07 15:04:32.213,22709,22713,22713,1,1
2024-10-07 15:04:32.255,22709,22713,22715,2,2
2024-10-07 15:04:32.262,22709,22713,22716,2,2
2024-10-07 15:04:32.263,22709,22713,22716,1,1
2024-10-07 15:04:32.326,22715,22717,22717,1,1
2024-10-07 15:04:32.550,22716,22719,22719,3,3
2024-10-07 15:04:32.550,22716,22719,22719,1,1
2024-10-07 15:04:32.582,22717,22720,22716,1,-1
2024-10-07 15:04:32.582,22717,22720,22717,4,-4
2024-10-07 15:04:32.705,22716,22719,22719,1,1
2024-10-07 15:04:33.039,22718,22720,22718,3,-3
2024-10-07 15:04:33.039,22718,22720,22717,5,-5
2024-10-07 15:04:33.039,22718,22720,22716,2,-2
2024-10-07 15:04:33.040,22718,22720,22719,2,-2
2024-10-07 15:04:33.040,22718,22720,22719,2,-2
2024-10-07 15:04:33.162,22717,22720,22716,1,-1
2024-10-07 15:04:33.188,22716,22719,22716,1,-1
2024-10-07 15:04:33.189,22716,22719,22716,1,-1
2024-10-07 15:04:33.722,22716,22719,22719,1,1
2024-10-07 15:04:35.958,22720,22722,22720,1,-1
2024-10-07 15:04:36.927,22719,22722,22721,1,1
2024-10-07 15:04:37.175,22719,22721,22721,1,1
2024-10-07 15:04:38.226,22719,22722,22719,2,-2
2024-10-07 15:04:38.785,22719,22722,22719,5,-5
2024-10-07 15:04:40.026,22719,22722,22721,1,1
2024-10-07 15:04:40.036,22719,22722,22722,3,3
2024-10-07 15:04:41.679,22721,22724,22721,2,-2
2024-10-07 15:04:42.687,22723,22725,22725,1,1
2024-10-07 15:04:42.915,22724,22727,22725,2,-2
2024-10-07 15:04:43.043,22724,22727,22725,1,-1
2024-10-07 15:04:43.137,22724,22726,22726,1,1
2024-10-07 15:04:43.720,22724,22727,22724,1,-1
2024-10-07 15:04:43.797,22724,22727,22723,1,-1
2024-10-07 15:04:46.444,22723,22726,22725,1,1
2024-10-07 15:04:48.528,22725,22727,22725,1,-1
2024-10-07 15:04:49.431,22723,22725,22725,1,1
2024-10-07 15:04:50.574,22724,22727,22727,1,1
2024-10-07 15:04:51.422,22725,22727,22727,1,1
2024-10-07 15:04:51.693,22727,22730,22727,6,-6
2024-10-07 15:04:53.119,22727,22729,22727,3,-3
2024-10-07 15:04:55.076,22725,22728,22728,1,1
2024-10-07 15:04:56.487,22726,22729,22729,1,1
2024-10-07 15:04:59.348,22725,22728,22728,3,3
2024-10-07 15:05:00.015,22725,22728,22728,2,2
2024-10-07 15:05:00.066,22725,22728,22725,1,-1
2024-10-07 15:05:00.066,22725,22728,22725,1,-1
2024-10-07 15:05:00.238,22725,22727,22727,3,3
2024-10-07 15:05:00.247,22725,22727,22727,1,1
2024-10-07 15:05:00.247,22725,22727,22727,1,1
2024-10-07 15:05:01.638,22725,22727,22726,1,1
2024-10-07 15:05:01.688,22725,22727,22725,1,-1
2024-10-07 15:05:01.688,22725,22727,22725,1,-1
2024-10-07 15:05:02.161,22725,22727,22727,1,1
2024-10-07 15:05:03.170,22725,22727,22727,1,1
2024-10-07 15:05:03.743,22725,22728,22725,1,-1
2024-10-07 15:05:05.219,22726,22729,22727,1,-1
2024-10-07 15:05:06.076,22728,22729,22729,2,2
2024-10-07 15:05:06.647,22728,22730,22728,1,-1
2024-10-07 15:05:07.434,22728,22730,22730,1,1
2024-10-07 15:05:07.439,22728,22730,22729,1,1
2024-10-07 15:05:07.440,22728,22730,22729,1,1
2024-10-07 15:05:07.440,22728,22730,22729,1,1
2024-10-07 15:05:07.440,22728,22730,22729,1,1
2024-10-07 15:05:07.647,22728,22731,22728,1,-1
2024-10-07 15:05:14.841,22728,22730,22730,2,2
2024-10-07 15:05:16.898,22729,22730,22731,1,1
2024-10-07 15:05:16.898,22729,22730,22730,1,1
2024-10-07 15:05:17.560,22730,22731,22731,1,1
2024-10-07 15:05:20.102,22732,22733,22733,2,2
2024-10-07 15:05:20.189,22733,22734,22733,1,-1
2024-10-07 15:05:20.189,22733,22734,22732,1,-1
2024-10-07 15:05:20.191,22733,22734,22731,1,-1
2024-10-07 15:05:20.200,22733,22734,22732,1,-1
2024-10-07 15:05:20.606,22733,22734,22732,1,-1
2024-10-07 15:05:20.606,22733,22734,22731,2,-2
2024-10-07 15:05:20.606,22733,22734,22733,2,-2
2024-10-07 15:05:20.919,22731,22734,22734,1,1
2024-10-07 15:05:24.249,22730,22732,22730,3,-3
2024-10-07 15:05:24.424,22729,22730,22729,1,-1
2024-10-07 15:05:24.424,22729,22730,22729,1,-1
2024-10-07 15:05:24.424,22729,22730,22729,1,-1
2024-10-07 15:05:24.577,22728,22730,22730,1,1
2024-10-07 15:05:26.600,22728,22730,22728,1,-1
2024-10-07 15:05:27.198,22728,22731,22728,1,-1
2024-10-07 15:05:27.314,22728,22731,22728,1,-1
2024-10-07 15:05:27.314,22728,22731,22728,1,-1
2024-10-07 15:05:28.453,22730,22732,22730,4,-4
2024-10-07 15:05:28.883,22728,22731,22731,1,1
2024-10-07 15:05:29.124,22728,22730,22728,1,-1
2024-10-07 15:05:29.243,22726,22729,22728,1,1
2024-10-07 15:05:30.106,22726,22728,22726,1,-1
2024-10-07 15:05:30.106,22726,22728,22726,5,-5
2024-10-07 15:05:30.112,22726,22728,22725,1,-1
2024-10-07 15:05:30.113,22726,22728,22724,1,-1
2024-10-07 15:05:30.160,22726,22728,22724,1,-1
2024-10-07 15:05:31.468,22722,22725,22725,2,2
2024-10-07 15:05:34.903,22722,22724,22723,1,1
2024-10-07 15:05:35.158,22722,22724,22722,3,-3
2024-10-07 15:05:35.158,22722,22724,22721,4,-4
2024-10-07 15:05:35.158,22722,22724,22720,4,-4
2024-10-07 15:05:39.749,22718,22720,22718,5,-5
2024-10-07 15:05:39.750,22718,22720,22718,1,-1
2024-10-07 15:05:39.813,22717,22718,22717,1,-1
2024-10-07 15:05:40.609,22717,22718,22718,5,5
2024-10-07 15:05:40.609,22717,22718,22718,1,1
2024-10-07 15:05:40.683,22717,22718,22718,1,1
2024-10-07 15:05:44.396,22717,22720,22720,1,1
2024-10-07 15:05:47.534,22719,22720,22720,1,1
2024-10-07 15:05:47.565,22719,22722,22719,1,-1
2024-10-07 15:05:48.897,22719,22720,22723,2,2
2024-10-07 15:05:48.897,22719,22720,22720,1,1
2024-10-07 15:05:48.897,22719,22720,22721,4,4
2024-10-07 15:05:48.897,22719,22720,22722,5,5
2024-10-07 15:05:48.899,22719,22720,22723,1,1
2024-10-07 15:05:50.930,22722,22724,22724,1,1
2024-10-07 15:05:53.073,22724,22726,22726,1,1
2024-10-07 15:05:53.259,22726,22729,22729,1,1
2024-10-07 15:05:55.273,22727,22729,22729,1,1
2024-10-07 15:05:56.125,22725,22728,22728,1,1
2024-10-07 15:05:58.848,22723,22726,22726,1,1
2024-10-07 15:06:03.272,22722,22724,22724,1,1
2024-10-07 15:06:03.315,22722,22725,22722,1,-1
2024-10-07 15:06:03.315,22722,22725,22722,1,-1
2024-10-07 15:06:03.315,22722,22725,22722,1,-1
2024-10-07 15:06:03.507,22720,22723,22723,1,1
2024-10-07 15:06:03.593,22720,22723,22720,1,-1
2024-10-07 15:06:03.596,22720,22723,22720,1,-1
2024-10-07 15:06:03.600,22720,22723,22720,1,-1
2024-10-07 15:06:03.608,22720,22723,22718,1,-1
2024-10-07 15:06:03.613,22720,22723,22718,1,-1
2024-10-07 15:06:03.672,22720,22723,22718,1,-1
2024-10-07 15:06:03.823,22718,22720,22718,1,-1
2024-10-07 15:06:03.979,22718,22721,22720,2,2
2024-10-07 15:06:08.715,22721,22723,22723,1,1
2024-10-07 15:06:08.814,22722,22725,22722,1,-1
2024-10-07 15:06:08.815,22722,22725,22722,1,-1
2024-10-07 15:06:08.815,22722,22725,22721,1,-1
2024-10-07 15:06:11.693,22720,22722,22720,2,-2
2024-10-07 15:06:11.814,22719,22721,22719,1,-1
2024-10-07 15:06:11.814,22719,22721,22718,1,-1
2024-10-07 15:06:14.639,22720,22722,22720,1,-1
2024-10-07 15:06:14.901,22719,22722,22719,3,-3
2024-10-07 15:06:17.994,22718,22720,22718,1,-1
2024-10-07 15:06:19.413,22717,22719,22717,1,-1
2024-10-07 15:06:19.440,22716,22718,22716,1,-1
2024-10-07 15:06:19.440,22716,22718,22716,1,-1
2024-10-07 15:06:19.441,22716,22718,22716,4,-4
2024-10-07 15:06:20.193,22715,22718,22715,2,-2
2024-10-07 15:06:20.271,22715,22718,22715,3,-3
2024-10-07 15:06:20.271,22715,22718,22715,1,-1
2024-10-07 15:06:23.112,22715,22716,22715,1,-1
2024-10-07 15:06:25.210,22715,22716,22716,1,1
2024-10-07 15:06:26.863,22716,22718,22716,2,-2
2024-10-07 15:06:27.193,22715,22717,22715,1,-1
2024-10-07 15:06:29.412,22716,22717,22717,2,2
2024-10-07 15:06:29.412,22716,22717,22718,1,1
2024-10-07 15:06:30.152,22718,22719,22718,1,-1
2024-10-07 15:06:30.816,22718,22720,22718,1,-1
2024-10-07 15:06:32.812,22718,22721,22719,1,-1
2024-10-07 15:06:38.155,22721,22722,22721,2,-2
2024-10-07 15:06:38.394,22721,22722,22722,3,3
2024-10-07 15:06:38.662,22720,22723,22721,1,-1
2024-10-07 15:06:38.665,22720,22723,22721,1,-1
2024-10-07 15:06:39.723,22721,22722,22721,1,-1
2024-10-07 15:06:40.223,22721,22722,22722,1,1
2024-10-07 15:06:40.535,22721,22723,22723,1,1
2024-10-07 15:06:42.177,22721,22722,22722,1,1
2024-10-07 15:06:42.177,22721,22722,22722,1,1
2024-10-07 15:06:42.203,22722,22723,22723,4,4
2024-10-07 15:06:43.079,22723,22724,22724,1,1
2024-10-07 15:06:43.275,22724,22725,22725,4,4
2024-10-07 15:06:43.519,22725,22726,22726,1,1
2024-10-07 15:06:44.398,22725,22727,22725,1,-1
2024-10-07 15:06:46.560,22725,22728,22728,2,2
2024-10-07 15:06:47.731,22727,22728,22728,1,1
2024-10-07 15:06:52.391,22726,22728,22728,1,1
2024-10-07 15:06:52.549,22726,22728,22726,1,-1
2024-10-07 15:06:58.248,22726,22727,22727,2,2
2024-10-07 15:06:58.273,22726,22727,22728,5,5
2024-10-07 15:06:58.326,22728,22729,22729,1,1
2024-10-07 15:06:58.327,22728,22729,22729,1,1
2024-10-07 15:06:58.538,22729,22730,22730,1,1
2024-10-07 15:06:59.053,22730,22731,22731,2,2
2024-10-07 15:06:59.053,22730,22731,22731,1,1
2024-10-07 15:06:59.054,22730,22731,22732,3,3
2024-10-07 15:06:59.197,22731,22732,22732,2,2
2024-10-07 15:06:59.200,22731,22732,22732,1,1
2024-10-07 15:07:01.296,22733,22735,22733,1,-1
2024-10-07 15:07:01.322,22732,22735,22732,1,-1
2024-10-07 15:07:01.382,22732,22735,22734,2,2
2024-10-07 15:07:01.873,22733,22735,22735,1,1
2024-10-07 15:07:01.874,22733,22735,22735,1,1
2024-10-07 15:07:01.874,22733,22735,22735,1,1
2024-10-07 15:07:01.965,22734,22736,22735,2,2
2024-10-07 15:07:02.640,22732,22735,22734,1,1
2024-10-07 15:07:02.869,22732,22735,22732,4,-4
2024-10-07 15:07:02.869,22732,22735,22731,6,-6
2024-10-07 15:07:03.881,22730,22732,22732,1,1
2024-10-07 15:07:04.880,22732,22734,22734,1,1
2024-10-07 15:07:04.880,22732,22734,22735,4,4
2024-10-07 15:07:05.960,22734,22735,22735,1,1
2024-10-07 15:07:06.145,22735,22736,22734,1,-1
2024-10-07 15:07:06.145,22735,22736,22735,2,-2
2024-10-07 15:07:07.742,22735,22736,22735,1,-1
2024-10-07 15:07:07.872,22734,22736,22736,1,1
2024-10-07 15:07:08.513,22735,22736,22736,2,2
2024-10-07 15:07:09.601,22735,22736,22735,1,-1
2024-10-07 15:07:09.601,22735,22736,22734,2,-2
2024-10-07 15:07:09.689,22733,22736,22736,2,2
2024-10-07 15:07:11.263,22734,22735,22734,1,-1
2024-10-07 15:07:12.185,22731,22734,22734,1,1
2024-10-07 15:07:12.723,22731,22733,22733,1,1
2024-10-07 15:07:12.986,22731,22733,22731,2,-2
2024-10-07 15:07:13.729,22731,22732,22732,1,1
2024-10-07 15:07:14.354,22731,22732,22731,2,-2
2024-10-07 15:07:14.354,22731,22732,22731,6,-6
2024-10-07 15:07:14.749,22729,22732,22732,1,1
2024-10-07 15:07:15.726,22733,22735,22735,1,1
2024-10-07 15:07:16.403,22733,22734,22734,1,1
2024-10-07 15:07:16.709,22733,22734,22733,1,-1
2024-10-07 15:07:17.353,22727,22728,22728,1,1
2024-10-07 15:07:18.863,22728,22731,22729,1,-1
2024-10-07 15:07:21.721,22728,22730,22728,1,-1
2024-10-07 15:07:22.839,22728,22729,22728,1,-1
2024-10-07 15:07:23.573,22728,22729,22729,1,1
2024-10-07 15:07:24.974,22728,22731,22731,2,2
2024-10-07 15:07:37.252,22728,22729,22729,1,1
2024-10-07 15:07:37.327,22728,22729,22729,1,1
2024-10-07 15:07:42.859,22730,22731,22731,1,1
2024-10-07 15:07:48.488,22730,22733,22730,1,-1
2024-10-07 15:07:49.916,22731,22732,22731,1,-1
2024-10-07 15:07:56.442,22728,22731,22728,3,-3
2024-10-07 15:07:59.000,22730,22731,22731,1,1
2024-10-07 15:08:02.712,22731,22733,22731,1,-1
2024-10-07 15:08:04.893,22730,22733,22730,3,-3
2024-10-07 15:08:05.129,22729,22730,22729,1,-1
2024-10-07 15:08:05.189,22727,22728,22727,2,-2
2024-10-07 15:08:10.738,22728,22730,22728,1,-1
2024-10-07 15:08:14.267,22729,22731,22731,2,2
2024-10-07 15:08:14.654,22731,22733,22733,1,1
2024-10-07 15:08:15.206,22733,22734,22734,1,1
2024-10-07 15:08:15.627,22734,22735,22735,5,5
2024-10-07 15:08:16.761,22733,22736,22736,1,1
2024-10-07 15:08:19.520,22733,22736,22736,1,1
2024-10-07 15:08:19.710,22734,22737,22736,1,1
2024-10-07 15:08:20.209,22734,22735,22735,1,1
2024-10-07 15:08:20.398,22734,22735,22735,1,1
2024-10-07 15:08:21.106,22735,22736,22735,1,-1
2024-10-07 15:08:21.746,22733,22736,22733,1,-1
2024-10-07 15:08:23.134,22734,22736,22736,1,1
2024-10-07 15:08:23.536,22736,22737,22737,2,2
2024-10-07 15:08:23.536,22736,22737,22737,1,1
2024-10-07 15:08:24.131,22735,22738,22738,1,1
2024-10-07 15:08:25.937,22736,22738,22738,2,2
2024-10-07 15:08:26.251,22738,22739,22739,2,2
2024-10-07 15:08:26.254,22738,22739,22739,1,1
2024-10-07 15:08:26.255,22738,22739,22739,1,1
2024-10-07 15:08:26.347,22738,22739,22739,1,1
2024-10-07 15:08:29.554,22738,22739,22739,1,1
2024-10-07 15:08:29.939,22738,22739,22739,1,1
2024-10-07 15:08:29.941,22738,22739,22739,1,1
2024-10-07 15:08:29.943,22738,22739,22739,1,1
2024-10-07 15:08:31.924,22738,22739,22739,1,1
2024-10-07 15:08:31.976,22738,22739,22739,1,1
2024-10-07 15:08:31.978,22738,22739,22740,32,32
2024-10-07 15:08:31.979,22738,22739,22741,1,1
2024-10-07 15:08:31.980,22738,22739,22741,2,2
2024-10-07 15:08:32.029,22738,22739,22740,1,1
2024-10-07 15:08:32.422,22740,22742,22740,1,-1
2024-10-07 15:08:33.518,22739,22742,22739,1,-1
2024-10-07 15:08:33.862,22740,22742,22742,2,2
2024-10-07 15:08:33.862,22740,22742,22742,1,1
2024-10-07 15:08:33.862,22740,22742,22742,2,2
2024-10-07 15:08:38.027,22741,22743,22743,3,3
2024-10-07 15:08:39.150,22742,22744,22742,1,-1
2024-10-07 15:08:40.892,22743,22744,22744,1,1
2024-10-07 15:08:41.013,22743,22744,22744,2,2
2024-10-07 15:08:41.872,22744,22745,22744,1,-1
2024-10-07 15:08:42.048,22743,22745,22745,9,9
2024-10-07 15:08:44.300,22745,22746,22745,1,-1
2024-10-07 15:08:44.551,22745,22746,22745,1,-1
2024-10-07 15:08:45.554,22745,22746,22746,2,2
2024-10-07 15:08:45.554,22745,22746,22746,1,1
2024-10-07 15:08:46.949,22745,22747,22745,1,-1
2024-10-07 15:08:47.178,22745,22747,22745,1,-1
2024-10-07 15:08:50.547,22745,22747,22746,1,-1
2024-10-07 15:08:51.600,22745,22747,22747,2,2
2024-10-07 15:08:51.601,22745,22747,22747,1,1
2024-10-07 15:08:51.601,22745,22747,22747,1,1
2024-10-07 15:08:51.601,22745,22747,22747,2,2
2024-10-07 15:08:53.267,22746,22747,22747,1,1
2024-10-07 15:08:53.614,22746,22747,22747,1,1
2024-10-07 15:08:53.883,22746,22747,22746,1,-1
2024-10-07 15:08:53.883,22746,22747,22745,2,-2
2024-10-07 15:08:54.171,22745,22747,22747,1,1
2024-10-07 15:08:55.276,22746,22747,22747,1,1
2024-10-07 15:08:55.371,22746,22747,22746,2,-2
2024-10-07 15:08:55.774,22746,22747,22746,1,-1
2024-10-07 15:08:55.890,22745,22746,22746,1,1
2024-10-07 15:08:56.130,22745,22746,22745,2,-2
2024-10-07 15:08:56.130,22745,22746,22745,1,-1
2024-10-07 15:08:56.130,22745,22746,22745,1,-1
2024-10-07 15:08:56.351,22744,22745,22745,1,1
2024-10-07 15:08:56.711,22744,22746,22746,1,1
2024-10-07 15:08:57.574,22744,22746,22746,1,1
2024-10-07 15:09:00.493,22745,22746,22746,1,1
2024-10-07 15:09:01.834,22746,22747,22747,1,1
2024-10-07 15:09:01.879,22746,22747,22748,2,2
2024-10-07 15:09:03.252,22747,22749,22747,2,-2
2024-10-07 15:09:04.624,22746,22748,22748,1,1
2024-10-07 15:09:07.847,22745,22746,22746,1,1
2024-10-07 15:09:08.200,22745,22746,22745,1,-1
2024-10-07 15:09:08.201,22745,22746,22745,1,-1
2024-10-07 15:09:11.416,22744,22745,22744,1,-1
2024-10-07 15:09:11.417,22744,22745,22744,4,-4
2024-10-07 15:09:12.146,22743,22746,22745,2,2
2024-10-07 15:09:13.567,22742,22744,22742,1,-1
2024-10-07 15:09:14.769,22743,22745,22743,1,-1
2024-10-07 15:09:15.286,22742,22744,22744,1,1
2024-10-07 15:09:16.682,22742,22744,22742,1,-1
2024-10-07 15:09:18.016,22742,22744,22742,1,-1
2024-10-07 15:09:19.250,22742,22744,22742,1,-1
2024-10-07 15:09:24.680,22743,22744,22743,1,-1
2024-10-07 15:09:25.071,22742,22743,22742,1,-1
2024-10-07 15:09:28.628,22741,22742,22742,1,1
2024-10-07 15:09:29.062,22741,22743,22741,3,-3
2024-10-07 15:09:29.091,22741,22743,22741,1,-1
2024-10-07 15:09:29.262,22740,22741,22740,1,-1
2024-10-07 15:09:29.262,22740,22741,22740,1,-1
2024-10-07 15:09:29.263,22740,22741,22739,1,-1
2024-10-07 15:09:29.318,22739,22741,22739,2,-2
2024-10-07 15:09:29.318,22739,22741,22738,4,-4
2024-10-07 15:09:29.319,22739,22741,22738,2,-2
2024-10-07 15:09:31.563,22737,22738,22737,1,-1
2024-10-07 15:09:33.860,22737,22738,22738,1,1
2024-10-07 15:09:33.860,22737,22738,22738,2,2
2024-10-07 15:09:38.303,22737,22739,22737,2,-2
2024-10-07 15:09:39.875,22736,22737,22737,3,3
2024-10-07 15:09:39.953,22736,22737,22736,2,-2
2024-10-07 15:09:40.399,22736,22738,22736,1,-1
2024-10-07 15:09:40.586,22735,22737,22737,2,2
2024-10-07 15:09:40.779,22735,22738,22738,1,1
2024-10-07 15:09:41.428,22735,22736,22736,1,1
2024-10-07 15:09:42.924,22736,22739,22736,4,-4
2024-10-07 15:09:42.924,22736,22739,22735,7,-7
2024-10-07 15:09:42.924,22736,22739,22734,3,-3
2024-10-07 15:09:43.134,22734,22737,22733,6,-6
2024-10-07 15:09:43.134,22734,22737,22734,5,-5
2024-10-07 15:09:46.797,22732,22735,22732,3,-3
2024-10-07 15:09:46.797,22732,22735,22731,8,-8
2024-10-07 15:09:46.797,22732,22735,22730,2,-2
2024-10-07 15:09:47.245,22730,22732,22730,2,-2
2024-10-07 15:09:47.246,22730,22732,22729,3,-3
2024-10-07 15:09:48.345,22727,22729,22727,1,-1
2024-10-07 15:09:48.345,22727,22729,22726,3,-3
2024-10-07 15:09:48.686,22727,22728,22728,1,1
2024-10-07 15:09:48.689,22727,22728,22728,1,1
2024-10-07 15:09:52.567,22729,22730,22730,12,12
2024-10-07 15:09:52.567,22729,22730,22731,2,2
2024-10-07 15:09:53.890,22730,22732,22730,1,-1
2024-10-07 15:09:59.728,22731,22734,22731,3,-3
2024-10-07 15:09:59.728,22731,22734,22730,3,-3
2024-10-07 15:10:02.811,22729,22731,22729,1,-1
2024-10-07 15:10:02.811,22729,22731,22728,6,-6
2024-10-07 15:10:03.124,22728,22730,22730,3,3
2024-10-07 15:10:06.952,22728,22730,22726,14,-14
2024-10-07 15:10:06.952,22728,22730,22727,6,-6
2024-10-07 15:10:06.952,22728,22730,22728,10,-10
2024-10-07 15:10:06.953,22728,22730,22726,5,-5
2024-10-07 15:10:07.375,22725,22727,22727,1,1
2024-10-07 15:10:07.395,22725,22727,22725,1,-1
2024-10-07 15:10:07.395,22725,22727,22724,3,-3
2024-10-07 15:10:07.395,22725,22727,22723,4,-4
2024-10-07 15:10:07.478,22722,22723,22722,1,-1
2024-10-07 15:10:07.704,22722,22723,22722,1,-1
2024-10-07 15:10:08.352,22721,22722,22721,2,-2
2024-10-07 15:10:08.352,22721,22722,22720,1,-1
2024-10-07 15:10:08.734,22720,22721,22721,1,1
2024-10-07 15:10:09.288,22720,22721,22721,1,1
2024-10-07 15:10:10.068,22721,22722,22722,1,1
2024-10-07 15:10:10.407,22720,22722,22720,5,-5
2024-10-07 15:10:10.540,22720,22721,22720,1,-1
2024-10-07 15:10:10.540,22720,22721,22719,2,-2
2024-10-07 15:10:12.697,22719,22721,22719,1,-1
2024-10-07 15:10:12.743,22719,22721,22720,1,-1
2024-10-07 15:10:12.908,22719,22721,22719,1,-1
2024-10-07 15:10:13.090,22718,22721,22718,1,-1
2024-10-07 15:10:13.253,22718,22720,22718,1,-1
2024-10-07 15:10:13.425,22718,22720,22718,1,-1
2024-10-07 15:10:13.573,22718,22720,22718,1,-1
2024-10-07 15:10:13.739,22717,22720,22717,1,-1
2024-10-07 15:10:13.912,22717,22719,22717,1,-1
2024-10-07 15:10:14.086,22717,22719,22718,1,-1
2024-10-07 15:10:14.086,22717,22719,22718,1,-1
2024-10-07 15:10:16.684,22717,22719,22719,2,2
2024-10-07 15:10:16.687,22718,22720,22721,2,2
2024-10-07 15:10:17.749,22720,22723,22724,1,1
2024-10-07 15:10:17.749,22720,22723,22725,1,1
2024-10-07 15:10:20.371,22722,22725,22722,4,-4
2024-10-07 15:10:20.371,22722,22725,22721,1,-1
2024-10-07 15:10:20.819,22721,22724,22721,5,-5
2024-10-07 15:10:21.172,22720,22721,22721,1,1
2024-10-07 15:10:21.172,22720,22721,22721,1,1
2024-10-07 15:10:21.172,22720,22721,22721,1,1
2024-10-07 15:10:21.172,22720,22721,22721,1,1
2024-10-07 15:10:21.205,22720,22721,22720,2,-2
2024-10-07 15:10:22.115,22719,22721,22720,2,-2
2024-10-07 15:10:22.747,22718,22720,22718,2,-2
2024-10-07 15:10:22.801,22718,22720,22719,1,-1
2024-10-07 15:10:26.429,22717,22719,22717,3,-3
2024-10-07 15:10:26.459,22716,22718,22716,1,-1
2024-10-07 15:10:27.737,22716,22718,22718,1,1
2024-10-07 15:10:27.738,22716,22718,22718,2,2
2024-10-07 15:10:29.718,22718,22719,22718,2,-2
2024-10-07 15:10:30.410,22716,22718,22716,2,-2
2024-10-07 15:10:30.796,22715,22716,22715,1,-1
2024-10-07 15:10:30.968,22715,22716,22715,1,-1
2024-10-07 15:10:31.144,22715,22716,22715,1,-1
2024-10-07 15:10:31.325,22715,22716,22715,1,-1
2024-10-07 15:10:31.325,22715,22716,22715,3,-3
2024-10-07 15:10:31.325,22715,22716,22715,2,-2
2024-10-07 15:10:31.421,22715,22716,22715,1,-1
2024-10-07 15:10:31.507,22714,22716,22714,1,-1
2024-10-07 15:10:31.672,22714,22716,22714,1,-1
2024-10-07 15:10:31.845,22713,22716,22713,1,-1
2024-10-07 15:10:32.018,22713,22716,22713,1,-1
2024-10-07 15:10:37.091,22715,22716,22716,1,1
2024-10-07 15:10:37.485,22715,22718,22715,1,-1
2024-10-07 15:10:39.556,22715,22718,22715,1,-1
2024-10-07 15:10:43.365,22716,22718,22718,2,2
2024-10-07 15:10:44.988,22716,22718,22718,1,1
2024-10-07 15:10:45.242,22716,22717,22716,1,-1
2024-10-07 15:10:45.267,22716,22717,22715,1,-1
2024-10-07 15:10:45.267,22716,22717,22715,1,-1
2024-10-07 15:10:45.268,22716,22717,22715,1,-1
2024-10-07 15:10:46.576,22715,22717,22716,1,-1
2024-10-07 15:10:46.851,22714,22717,22714,1,-1
2024-10-07 15:10:47.165,22714,22716,22716,1,1
2024-10-07 15:10:49.652,22714,22717,22717,1,1
2024-10-07 15:10:50.628,22716,22718,22716,1,-1
2024-10-07 15:10:50.811,22715,22718,22715,1,-1
2024-10-07 15:10:54.047,22716,22717,22717,1,1
2024-10-07 15:10:54.168,22716,22718,22718,2,2
2024-10-07 15:10:54.168,22716,22718,22719,1,1
2024-10-07 15:10:54.643,22717,22718,22719,1,1
2024-10-07 15:10:54.643,22717,22718,22718,1,1
2024-10-07 15:10:55.978,22717,22719,22719,1,1
2024-10-07 15:10:59.886,22718,22720,22720,1,1
2024-10-07 15:11:02.133,22719,22721,22719,1,-1
2024-10-07 15:11:02.517,22719,22720,22720,1,1
2024-10-07 15:11:02.609,22719,22721,22721,1,1
2024-10-07 15:11:02.619,22719,22721,22721,1,1
2024-10-07 15:11:02.925,22719,22721,22721,1,1
2024-10-07 15:11:03.249,22719,22721,22720,1,1
2024-10-07 15:11:03.618,22719,22720,22719,2,-2
2024-10-07 15:11:03.719,22718,22719,22718,2,-2
2024-10-07 15:11:04.342,22716,22717,22716,1,-1
2024-10-07 15:11:04.531,22715,22717,22715,1,-1
2024-10-07 15:11:04.531,22715,22717,22715,2,-2
2024-10-07 15:11:04.597,22714,22715,22714,2,-2
2024-10-07 15:11:04.706,22713,22715,22714,1,-1
2024-10-07 15:11:07.794,22713,22715,22713,1,-1
2024-10-07 15:11:07.935,22713,22715,22713,1,-1
2024-10-07 15:11:07.957,22713,22715,22714,1,-1
2024-10-07 15:11:08.065,22713,22714,22713,1,-1
2024-10-07 15:11:08.065,22713,22714,22713,6,-6
2024-10-07 15:11:08.065,22713,22714,22713,2,-2
2024-10-07 15:11:08.273,22712,22713,22712,6,-6
2024-10-07 15:11:08.273,22712,22713,22711,4,-4
2024-10-07 15:11:08.458,22710,22711,22710,6,-6
2024-10-07 15:11:08.458,22710,22711,22709,5,-5
2024-10-07 15:11:08.569,22709,22710,22709,2,-2
2024-10-07 15:11:08.570,22709,22710,22709,1,-1
2024-10-07 15:11:08.664,22709,22710,22709,1,-1
2024-10-07 15:11:08.671,22709,22710,22709,1,-1
2024-10-07 15:11:09.346,22710,22712,22710,1,-1
2024-10-07 15:11:09.749,22710,22711,22710,1,-1
2024-10-07 15:11:11.821,22708,22709,22709,1,1
2024-10-07 15:11:13.500,22708,22709,22709,2,2
2024-10-07 15:11:13.817,22708,22709,22709,3,3
2024-10-07 15:11:14.101,22708,22711,22711,1,1
2024-10-07 15:11:15.183,22710,22711,22710,1,-1
2024-10-07 15:11:15.883,22709,22711,22711,1,1
2024-10-07 15:11:16.093,22710,22713,22710,1,-1
2024-10-07 15:11:16.159,22710,22713,22710,1,-1
2024-10-07 15:11:16.159,22710,22713,22709,1,-1
2024-10-07 15:11:16.318,22710,22713,22710,1,-1
2024-10-07 15:11:16.693,22710,22713,22713,1,1
2024-10-07 15:11:17.160,22711,22714,22711,1,-1
2024-10-07 15:11:17.752,22710,22712,22710,1,-1
2024-10-07 15:11:20.781,22708,22709,22709,1,1
2024-10-07 15:11:21.923,22708,22709,22708,1,-1
2024-10-07 15:11:21.923,22708,22709,22708,1,-1
2024-10-07 15:11:21.924,22708,22709,22708,1,-1
2024-10-07 15:11:21.924,22708,22709,22708,1,-1
2024-10-07 15:11:21.962,22708,22709,22708,1,-1
2024-10-07 15:11:22.233,22707,22709,22707,1,-1
2024-10-07 15:11:22.780,22707,22709,22709,1,1
2024-10-07 15:11:23.609,22707,22708,22708,2,2
2024-10-07 15:11:26.007,22708,22710,22707,1,-1
2024-10-07 15:11:26.007,22708,22710,22708,1,-1
2024-10-07 15:11:27.344,22707,22710,22710,1,1
2024-10-07 15:11:27.681,22707,22710,22708,1,-1
2024-10-07 15:11:28.148,22708,22710,22710,3,3
2024-10-07 15:11:28.148,22708,22710,22710,2,2
2024-10-07 15:11:28.150,22708,22710,22711,1,1
2024-10-07 15:11:28.402,22710,22713,22710,1,-1
2024-10-07 15:11:28.406,22710,22713,22710,1,-1
2024-10-07 15:11:30.498,22710,22712,22712,1,1
2024-10-07 15:11:31.475,22710,22712,22712,2,2
2024-10-07 15:11:37.272,22713,22715,22713,1,-1
2024-10-07 15:11:37.272,22713,22715,22712,2,-2
2024-10-07 15:11:38.390,22713,22715,22715,1,1
2024-10-07 15:11:38.565,22713,22716,22713,1,-1
2024-10-07 15:11:38.811,22712,22715,22712,1,-1
2024-10-07 15:11:43.245,22712,22714,22712,1,-1
2024-10-07 15:11:43.981,22712,22714,22712,1,-1
2024-10-07 15:11:44.461,22711,22713,22711,1,-1
2024-10-07 15:11:45.745,22711,22713,22712,1,-1
2024-10-07 15:11:46.473,22711,22713,22712,1,-1
2024-10-07 15:11:46.519,22711,22713,22711,1,-1
2024-10-07 15:11:47.702,22710,22711,22711,1,1
2024-10-07 15:11:50.926,22710,22713,22710,1,-1
2024-10-07 15:11:52.859,22711,22712,22711,2,-2
2024-10-07 15:11:53.204,22710,22711,22710,1,-1
2024-10-07 15:11:54.530,22708,22711,22710,1,1
2024-10-07 15:11:55.356,22708,22710,22710,2,2
2024-10-07 15:11:56.566,22708,22709,22708,3,-3
2024-10-07 15:11:56.566,22708,22709,22708,1,-1
2024-10-07 15:11:56.873,22707,22708,22707,3,-3
2024-10-07 15:11:56.874,22707,22708,22707,4,-4
2024-10-07 15:11:57.132,22706,22707,22707,1,1
2024-10-07 15:11:59.183,22706,22709,22706,6,-6
2024-10-07 15:11:59.184,22706,22709,22706,8,-8
2024-10-07 15:12:00.448,22705,22706,22706,1,1
2024-10-07 15:12:00.453,22705,22706,22705,3,-3
2024-10-07 15:12:00.605,22704,22705,22705,2,2
2024-10-07 15:12:00.779,22704,22706,22706,1,1
2024-10-07 15:12:01.321,22704,22707,22707,1,1
2024-10-07 15:12:01.323,22704,22707,22708,1,1
2024-10-07 15:12:02.491,22706,22709,22706,1,-1
2024-10-07 15:12:02.493,22706,22709,22708,2,2
2024-10-07 15:12:03.427,22706,22709,22709,1,1
2024-10-07 15:12:04.410,22708,22711,22708,1,-1
2024-10-07 15:12:05.132,22709,22711,22708,1,-1
2024-10-07 15:12:06.891,22708,22711,22708,1,-1
2024-10-07 15:12:11.720,22708,22710,22710,2,2
2024-10-07 15:12:11.720,22708,22710,22711,1,1
2024-10-07 15:12:12.678,22708,22710,22710,1,1
2024-10-07 15:12:14.010,22710,22712,22712,1,1
2024-10-07 15:12:18.897,22710,22711,22710,1,-1
2024-10-07 15:12:19.914,22709,22711,22711,1,1
2024-10-07 15:12:22.025,22710,22711,22710,1,-1
2024-10-07 15:12:27.441,22709,22710,22709,1,-1
2024-10-07 15:12:27.467,22709,22710,22708,2,-2
2024-10-07 15:12:27.495,22709,22710,22707,1,-1
2024-10-07 15:12:27.505,22709,22710,22706,1,-1
2024-10-07 15:12:28.224,22705,22707,22706,1,-1
2024-10-07 15:12:28.984,22705,22707,22707,3,3
2024-10-07 15:12:33.470,22708,22709,22709,1,1
2024-10-07 15:12:38.163,22708,22709,22708,1,-1
2024-10-07 15:12:43.005,22707,22708,22707,1,-1
2024-10-07 15:12:43.099,22707,22708,22708,1,1
2024-10-07 15:12:45.790,22707,22709,22707,1,-1
2024-10-07 15:12:47.789,22708,22709,22708,1,-1
2024-10-07 15:12:48.359,22708,22709,22709,1,1
2024-10-07 15:12:48.394,22708,22709,22709,1,1
2024-10-07 15:12:51.488,22707,22710,22707,1,-1
2024-10-07 15:12:58.575,22707,22710,22707,3,-3
2024-10-07 15:12:58.575,22707,22710,22706,7,-7
2024-10-07 15:12:59.892,22707,22709,22705,1,-1
2024-10-07 15:12:59.892,22707,22709,22707,3,-3
2024-10-07 15:12:59.892,22707,22709,22706,1,-1
2024-10-07 15:12:59.946,22705,22707,22705,1,-1
2024-10-07 15:13:02.319,22706,22708,22706,1,-1
2024-10-07 15:13:03.125,22705,22706,22705,1,-1
2024-10-07 15:13:03.256,22704,22706,22704,1,-1
2024-10-07 15:13:03.335,22704,22706,22704,1,-1
2024-10-07 15:13:04.077,22704,22706,22706,1,1
2024-10-07 15:13:05.088,22704,22706,22704,1,-1
2024-10-07 15:13:06.332,22704,22706,22704,2,-2
2024-10-07 15:13:06.486,22704,22706,22704,1,-1
2024-10-07 15:13:06.595,22704,22706,22705,1,-1
2024-10-07 15:13:08.121,22705,22706,22705,1,-1
2024-10-07 15:13:09.098,22704,22707,22704,2,-2
2024-10-07 15:13:10.698,22706,22707,22706,1,-1
2024-10-07 15:13:11.348,22705,22707,22707,2,2
2024-10-07 15:13:11.356,22705,22707,22706,1,1
2024-10-07 15:13:11.761,22706,22708,22706,2,-2
2024-10-07 15:13:12.200,22706,22708,22706,1,-1
2024-10-07 15:13:14.572,22705,22706,22705,1,-1
2024-10-07 15:13:17.374,22706,22707,22706,1,-1
2024-10-07 15:13:22.665,22705,22706,22705,2,-2
2024-10-07 15:13:25.004,22704,22705,22704,1,-1
2024-10-07 15:13:25.938,22704,22705,22705,1,1
2024-10-07 15:13:26.789,22705,22706,22705,2,-2
2024-10-07 15:13:27.799,22705,22706,22705,1,-1
2024-10-07 15:13:33.359,22704,22706,22706,1,1
2024-10-07 15:13:34.188,22705,22706,22705,1,-1
2024-10-07 15:13:34.188,22705,22706,22704,7,-7
2024-10-07 15:13:34.189,22705,22706,22704,2,-2
2024-10-07 15:13:35.622,22704,22706,22706,1,1
2024-10-07 15:13:36.702,22704,22706,22704,2,-2
2024-10-07 15:13:36.702,22704,22706,22703,1,-1
2024-10-07 15:13:36.703,22704,22706,22703,2,-2
2024-10-07 15:13:36.704,22704,22706,22703,2,-2
2024-10-07 15:13:36.726,22704,22706,22703,1,-1
2024-10-07 15:13:38.905,22702,22703,22703,1,1
2024-10-07 15:13:39.528,22702,22704,22702,1,-1
2024-10-07 15:13:42.882,22703,22704,22703,1,-1
2024-10-07 15:13:43.546,22703,22704,22703,1,-1
2024-10-07 15:13:43.546,22703,22704,22702,7,-7
2024-10-07 15:13:44.134,22702,22705,22705,1,1
2024-10-07 15:13:44.781,22702,22704,22702,1,-1
2024-10-07 15:13:45.785,22701,22704,22701,1,-1
2024-10-07 15:13:48.522,22703,22706,22704,1,-1
2024-10-07 15:13:50.596,22704,22706,22706,1,1
2024-10-07 15:13:52.491,22706,22708,22706,1,-1
2024-10-07 15:13:52.491,22706,22708,22705,4,-4
2024-10-07 15:13:53.670,22705,22708,22708,1,1
2024-10-07 15:13:55.051,22705,22707,22705,1,-1
2024-10-07 15:14:04.496,22707,22709,22709,2,2
2024-10-07 15:14:05.011,22707,22710,22707,4,-4
2024-10-07 15:14:07.160,22706,22707,22706,1,-1
2024-10-07 15:14:07.268,22705,22706,22705,1,-1
2024-10-07 15:14:07.270,22705,22706,22704,1,-1
2024-10-07 15:14:07.317,22704,22706,22704,1,-1
2024-10-07 15:14:07.522,22703,22706,22703,1,-1
2024-10-07 15:14:12.774,22703,22704,22703,1,-1
2024-10-07 15:14:14.449,22702,22703,22703,1,1
2024-10-07 15:14:15.112,22702,22703,22703,1,1
2024-10-07 15:14:16.742,22703,22704,22703,1,-1
2024-10-07 15:14:19.633,22702,22704,22704,1,1
2024-10-07 15:14:24.371,22703,22704,22703,1,-1
2024-10-07 15:14:25.398,22703,22704,22704,1,1
2024-10-07 15:14:25.398,22703,22704,22704,2,2
2024-10-07 15:14:29.072,22704,22705,22705,1,1
2024-10-07 15:14:31.519,22705,22706,22706,1,1
2024-10-07 15:14:39.286,22707,22708,22708,1,1
2024-10-07 15:14:42.491,22708,22709,22708,1,-1
2024-10-07 15:14:50.514,22707,22708,22707,3,-3
2024-10-07 15:14:50.923,22706,22707,22706,1,-1
2024-10-07 15:14:50.923,22706,22707,22706,3,-3
2024-10-07 15:14:53.876,22705,22708,22705,1,-1
2024-10-07 15:14:55.865,22704,22706,22706,1,1
2024-10-07 15:15:00.699,22705,22706,22706,2,2
2024-10-07 15:15:01.025,22706,22707,22705,1,-1
2024-10-07 15:15:01.025,22706,22707,22706,1,-1
2024-10-07 15:15:01.062,22705,22707,22705,1,-1
2024-10-07 15:15:01.293,22704,22707,22704,1,-1
2024-10-07 15:15:01.294,22704,22707,22704,1,-1
2024-10-07 15:15:01.348,22703,22705,22703,1,-1
2024-10-07 15:15:01.478,22703,22704,22703,1,-1
2024-10-07 15:15:01.484,22703,22704,22702,1,-1
2024-10-07 15:15:01.605,22702,22704,22702,2,-2
2024-10-07 15:15:02.823,22701,22704,22704,1,1
2024-10-07 15:15:04.192,22701,22702,22702,2,2
2024-10-07 15:15:05.710,22701,22702,22701,10,-10
2024-10-07 15:15:05.711,22701,22702,22700,2,-2
2024-10-07 15:15:05.712,22701,22702,22700,1,-1
2024-10-07 15:15:05.712,22701,22702,22700,1,-1
2024-10-07 15:15:05.713,22701,22702,22701,5,-5
2024-10-07 15:15:05.713,22701,22702,22700,2,-2
2024-10-07 15:15:05.713,22701,22702,22700,1,-1
2024-10-07 15:15:05.713,22701,22702,22700,1,-1
2024-10-07 15:15:05.713,22701,22702,22701,1,-1
2024-10-07 15:15:05.713,22701,22702,22701,1,-1
2024-10-07 15:15:05.715,22701,22702,22700,30,-30
2024-10-07 15:15:05.716,22701,22702,22699,1,-1
2024-10-07 15:15:05.716,22701,22702,22699,1,-1
2024-10-07 15:15:05.716,22701,22702,22699,1,-1
2024-10-07 15:15:05.717,22701,22702,22699,2,-2
2024-10-07 15:15:05.717,22701,22702,22699,3,-3
2024-10-07 15:15:05.720,22701,22702,22698,6,-6
2024-10-07 15:15:05.721,22701,22702,22697,1,-1
2024-10-07 15:15:05.721,22701,22702,22697,1,-1
2024-10-07 15:15:05.722,22701,22702,22697,1,-1
2024-10-07 15:15:05.723,22701,22702,22697,1,-1
2024-10-07 15:15:05.760,22701,22702,22698,1,-1
2024-10-07 15:15:05.838,22697,22699,22697,2,-2
2024-10-07 15:15:05.847,22697,22699,22698,1,-1
2024-10-07 15:15:05.856,22697,22699,22697,3,-3
2024-10-07 15:15:05.865,22697,22699,22696,1,-1
2024-10-07 15:15:05.887,22697,22699,22696,1,-1
2024-10-07 15:15:05.889,22697,22699,22696,1,-1
2024-10-07 15:15:05.889,22697,22699,22695,2,-2
2024-10-07 15:15:05.948,22695,22697,22695,2,-2
2024-10-07 15:15:06.036,22695,22697,22697,1,1
2024-10-07 15:15:07.248,22696,22697,22696,1,-1
2024-10-07 15:15:07.675,22695,22697,22697,1,1
2024-10-07 15:15:09.808,22695,22696,22695,1,-1
2024-10-07 15:15:10.041,22694,22696,22695,1,-1
2024-10-07 15:15:10.249,22693,22696,22693,2,-2
2024-10-07 15:15:10.250,22693,22696,22694,1,-1
2024-10-07 15:15:10.251,22693,22696,22694,1,-1
2024-10-07 15:15:10.320,22693,22696,22693,3,-3
2024-10-07 15:15:11.073,22694,22697,22697,1,1
2024-10-07 15:15:11.248,22695,22697,22697,2,2
2024-10-07 15:15:11.252,22695,22697,22698,1,1
2024-10-07 15:15:11.256,22695,22697,22698,1,1
2024-10-07 15:15:11.256,22695,22697,22698,1,1
2024-10-07 15:15:12.308,22696,22699,22696,1,-1
2024-10-07 15:15:12.568,22696,22699,22696,1,-1
2024-10-07 15:15:13.517,22697,22699,22697,1,-1
2024-10-07 15:15:15.342,22696,22698,22698,1,1
2024-10-07 15:15:18.063,22696,22698,22698,1,1
2024-10-07 15:15:18.371,22696,22699,22696,2,-2
2024-10-07 15:15:22.663,22696,22698,22696,1,-1
2024-10-07 15:15:22.688,22694,22696,22696,1,1
2024-10-07 15:15:22.689,22694,22696,22697,1,1
2024-10-07 15:15:23.485,22694,22695,22694,2,-2
2024-10-07 15:15:24.073,22693,22695,22693,1,-1
2024-10-07 15:15:25.030,22693,22694,22694,1,1
2024-10-07 15:15:27.033,22694,22697,22694,1,-1
2024-10-07 15:15:28.756,22696,22698,22698,2,2
2024-10-07 15:15:28.813,22697,22699,22699,1,1
2024-10-07 15:15:28.814,22697,22699,22700,1,1
2024-10-07 15:15:29.635,22698,22700,22700,3,3
2024-10-07 15:15:29.727,22699,22701,22699,1,-1
2024-10-07 15:15:30.380,22698,22701,22701,1,1
2024-10-07 15:15:30.546,22700,22702,22702,2,2
2024-10-07 15:15:30.583,22705,22707,22705,1,-1
2024-10-07 15:15:30.583,22705,22707,22705,3,-3
2024-10-07 15:15:30.583,22705,22707,22705,1,-1
2024-10-07 15:15:32.764,22704,22707,22704,2,-2
2024-10-07 15:15:33.256,22704,22707,22705,1,-1
2024-10-07 15:15:35.815,22705,22706,22705,1,-1
2024-10-07 15:15:41.704,22701,22703,22704,3,3
2024-10-07 15:15:41.813,22702,22705,22705,1,1
2024-10-07 15:15:41.815,22702,22705,22705,1,1
2024-10-07 15:15:45.023,22703,22705,22703,1,-1
2024-10-07 15:15:47.769,22701,22703,22703,1,1
2024-10-07 15:15:47.815,22701,22704,22704,1,1
2024-10-07 15:15:49.300,22703,22704,22703,2,-2
2024-10-07 15:15:51.895,22700,22702,22702,1,1
2024-10-07 15:15:56.652,22701,22702,22701,1,-1
2024-10-07 15:15:56.816,22701,22702,22702,1,1
2024-10-07 15:15:59.682,22701,22702,22701,1,-1
2024-10-07 15:16:00.323,22700,22702,22702,1,1
2024-10-07 15:16:00.439,22700,22702,22702,1,1
2024-10-07 15:16:00.440,22700,22702,22702,1,1
2024-10-07 15:16:00.440,22700,22702,22702,1,1
2024-10-07 15:16:00.441,22700,22702,22702,1,1
2024-10-07 15:16:00.441,22700,22702,22703,1,1
2024-10-07 15:16:00.454,22700,22702,22705,1,1
2024-10-07 15:16:00.454,22700,22702,22704,1,1
2024-10-07 15:16:03.133,22700,22703,22703,3,3
2024-10-07 15:16:03.189,22701,22704,22704,1,1
2024-10-07 15:16:03.189,22701,22704,22704,1,1
2024-10-07 15:16:03.189,22701,22704,22705,1,1
2024-10-07 15:16:03.189,22701,22704,22705,1,1
2024-10-07 15:16:05.510,22700,22702,22701,2,2
2024-10-07 15:16:05.510,22700,22702,22702,2,2
2024-10-07 15:16:05.769,22700,22701,22701,1,1
2024-10-07 15:16:05.769,22700,22701,22701,1,1
2024-10-07 15:16:06.066,22700,22703,22703,1,1
2024-10-07 15:16:06.714,22700,22702,22700,11,-11
2024-10-07 15:16:06.715,22700,22702,22699,4,-4
2024-10-07 15:16:06.721,22700,22702,22698,1,-1
2024-10-07 15:16:06.832,22696,22699,22699,1,1
2024-10-07 15:16:08.771,22695,22696,22695,1,-1
2024-10-07 15:16:08.813,22695,22696,22696,1,1
2024-10-07 15:16:08.813,22695,22696,22696,1,1
2024-10-07 15:16:08.814,22695,22696,22697,1,1
2024-10-07 15:16:08.814,22695,22696,22697,1,1
2024-10-07 15:16:08.815,22695,22696,22697,1,1
2024-10-07 15:16:08.816,22695,22696,22698,1,1
2024-10-07 15:16:11.567,22696,22698,22698,1,1
2024-10-07 15:16:14.578,22698,22700,22698,1,-1
2024-10-07 15:16:16.987,22695,22697,22695,2,-2
2024-10-07 15:16:17.558,22695,22697,22695,1,-1
2024-10-07 15:16:18.354,22695,22697,22695,1,-1
2024-10-07 15:16:18.438,22694,22697,22697,1,1
2024-10-07 15:16:18.438,22694,22697,22697,1,1
2024-10-07 15:16:18.438,22694,22697,22697,1,1
2024-10-07 15:16:18.439,22694,22697,22697,1,1
2024-10-07 15:16:18.440,22694,22697,22698,1,1
2024-10-07 15:16:18.445,22694,22697,22698,1,1
2024-10-07 15:16:21.808,22697,22699,22699,1,1
2024-10-07 15:16:22.972,22696,22699,22696,2,-2
2024-10-07 15:16:23.864,22696,22699,22699,3,3
2024-10-07 15:16:27.172,22697,22699,22697,2,-2
2024-10-07 15:16:27.993,22696,22699,22697,1,-1
2024-10-07 15:16:28.605,22698,22699,22698,1,-1
2024-10-07 15:16:28.689,22698,22699,22699,1,1
2024-10-07 15:16:28.689,22698,22699,22699,1,1
2024-10-07 15:16:29.066,22698,22700,22698,2,-2
2024-10-07 15:16:29.292,22698,22699,22699,1,1
2024-10-07 15:16:31.035,22699,22700,22700,1,1
2024-10-07 15:16:31.035,22699,22700,22700,1,1
2024-10-07 15:16:34.223,22700,22703,22700,2,-2
2024-10-07 15:16:38.068,22702,22705,22702,4,-4
2024-10-07 15:16:38.068,22702,22705,22701,1,-1
2024-10-07 15:16:41.940,22703,22704,22703,1,-1
2024-10-07 15:16:44.622,22703,22705,22705,4,4
2024-10-07 15:16:44.718,22705,22706,22706,1,1
2024-10-07 15:16:45.389,22703,22705,22705,1,1
2024-10-07 15:16:46.867,22704,22706,22704,1,-1
2024-10-07 15:16:47.797,22704,22706,22704,2,-2
2024-10-07 15:16:47.797,22704,22706,22703,3,-3
2024-10-07 15:16:48.471,22704,22706,22704,1,-1
2024-10-07 15:16:50.454,22704,22706,22704,4,-4
2024-10-07 15:16:50.491,22704,22706,22705,1,-1
2024-10-07 15:16:51.766,22705,22706,22704,1,-1
2024-10-07 15:16:53.613,22704,22706,22706,1,1
2024-10-07 15:16:54.557,22705,22707,22705,1,-1
2024-10-07 15:16:56.555,22704,22705,22705,1,1
2024-10-07 15:16:59.101,22704,22706,22706,1,1
2024-10-07 15:16:59.101,22704,22706,22706,1,1
2024-10-07 15:16:59.830,22706,22707,22707,3,3
2024-10-07 15:17:00.189,22706,22708,22708,1,1
2024-10-07 15:17:00.201,22706,22708,22709,3,3
2024-10-07 15:17:00.201,22706,22708,22709,1,1
2024-10-07 15:17:00.263,22706,22708,22710,1,1
2024-10-07 15:17:00.673,22709,22710,22709,1,-1
2024-10-07 15:17:00.674,22709,22710,22708,1,-1
2024-10-07 15:17:00.922,22706,22709,22706,5,-5
2024-10-07 15:17:03.596,22708,22709,22709,1,1
2024-10-07 15:17:05.347,22709,22710,22710,6,6
2024-10-07 15:17:05.347,22709,22710,22710,1,1
2024-10-07 15:17:05.363,22709,22710,22710,1,1
2024-10-07 15:17:06.370,22709,22711,22710,1,1
2024-10-07 15:17:06.591,22708,22710,22710,1,1
2024-10-07 15:17:06.592,22708,22710,22710,1,1
2024-10-07 15:17:07.437,22709,22710,22709,1,-1
2024-10-07 15:17:07.616,22709,22710,22709,1,-1
2024-10-07 15:17:08.497,22709,22710,22709,1,-1
2024-10-07 15:17:08.591,22709,22710,22709,3,-3
2024-10-07 15:17:09.039,22708,22710,22708,1,-1
2024-10-07 15:17:09.413,22708,22710,22710,1,1
2024-10-07 15:17:09.503,22708,22710,22711,1,1
2024-10-07 15:17:09.823,22709,22711,22710,1,1
2024-10-07 15:17:11.934,22709,22711,22709,3,-3
2024-10-07 15:17:12.141,22708,22709,22708,1,-1
2024-10-07 15:17:12.608,22706,22709,22709,1,1
2024-10-07 15:17:13.082,22707,22709,22707,2,-2
2024-10-07 15:17:14.398,22705,22707,22707,1,1
2024-10-07 15:17:14.398,22705,22707,22707,2,2
2024-10-07 15:17:14.906,22705,22708,22705,1,-1
2024-10-07 15:17:18.432,22706,22708,22708,1,1
2024-10-07 15:17:20.442,22706,22708,22708,2,2
2024-10-07 15:17:24.201,22706,22708,22708,1,1
2024-10-07 15:17:26.092,22708,22710,22707,5,-5
2024-10-07 15:17:28.881,22706,22708,22707,2,-2
2024-10-07 15:17:30.807,22707,22710,22707,1,-1
2024-10-07 15:17:44.803,22707,22708,22707,2,-2
2024-10-07 15:17:44.900,22706,22707,22706,1,-1
2024-10-07 15:17:44.900,22706,22707,22706,1,-1
2024-10-07 15:17:44.901,22706,22707,22706,2,-2
2024-10-07 15:17:48.298,22705,22707,22705,1,-1
2024-10-07 15:17:51.011,22706,22707,22707,1,1
2024-10-07 15:18:00.048,22705,22706,22706,1,1
2024-10-07 15:18:00.388,22705,22707,22705,1,-1
2024-10-07 15:18:00.754,22704,22705,22705,1,1
2024-10-07 15:18:01.160,22704,22705,22704,2,-2
2024-10-07 15:18:01.160,22704,22705,22704,1,-1
2024-10-07 15:18:01.207,22702,22704,22704,1,1
2024-10-07 15:18:01.207,22702,22704,22705,4,4
2024-10-07 15:18:01.207,22702,22704,22706,5,5
2024-10-07 15:18:02.549,22702,22704,22705,1,1
2024-10-07 15:18:03.130,22703,22705,22705,2,2
2024-10-07 15:18:05.417,22704,22707,22705,1,-1
2024-10-07 15:18:07.545,22705,22707,22704,1,-1
2024-10-07 15:18:07.545,22705,22707,22705,1,-1
2024-10-07 15:18:10.709,22702,22704,22704,1,1
2024-10-07 15:18:12.122,22702,22703,22702,1,-1
2024-10-07 15:18:14.502,22701,22703,22701,1,-1
2024-10-07 15:18:19.658,22701,22702,22701,1,-1
2024-10-07 15:18:23.219,22701,22702,22702,1,1
2024-10-07 15:18:23.220,22701,22702,22702,1,1
2024-10-07 15:18:28.255,22703,22704,22703,1,-1
2024-10-07 15:18:30.909,22703,22704,22704,2,2
2024-10-07 15:18:37.593,22705,22706,22706,1,1
2024-10-07 15:18:38.497,22705,22706,22705,3,-3
2024-10-07 15:18:41.361,22705,22706,22706,1,1
2024-10-07 15:18:41.989,22706,22707,22707,2,2
2024-10-07 15:18:42.145,22706,22708,22708,1,1
2024-10-07 15:18:44.618,22707,22709,22709,2,2
2024-10-07 15:18:44.619,22707,22709,22709,1,1
2024-10-07 15:18:46.694,22706,22707,22706,1,-1
2024-10-07 15:18:57.680,22704,22707,22707,1,1
2024-10-07 15:19:00.740,22705,22707,22705,1,-1
2024-10-07 15:19:03.557,22705,22707,22707,1,1
2024-10-07 15:19:10.731,22706,22707,22706,1,-1
2024-10-07 15:19:27.311,22704,22705,22705,1,1
2024-10-07 15:19:27.588,22704,22707,22706,1,1
2024-10-07 15:19:32.344,22705,22708,22708,2,2
2024-10-07 15:19:33.042,22708,22709,22709,2,2
2024-10-07 15:19:33.667,22709,22710,22710,6,6
2024-10-07 15:19:33.667,22709,22710,22710,1,1
2024-10-07 15:19:33.667,22709,22710,22710,2,2
2024-10-07 15:19:34.848,22710,22711,22710,1,-1
2024-10-07 15:19:37.167,22710,22711,22711,1,1
2024-10-07 15:19:38.934,22710,22711,22710,1,-1
2024-10-07 15:19:39.468,22710,22711,22711,1,1
2024-10-07 15:19:39.934,22710,22712,22710,2,-2
2024-10-07 15:19:41.516,22709,22712,22712,1,1
2024-10-07 15:19:43.719,22711,22712,22711,1,-1
2024-10-07 15:19:43.719,22711,22712,22710,1,-1
2024-10-07 15:19:44.585,22708,22711,22708,7,-7
2024-10-07 15:19:46.515,22707,22708,22708,1,1
2024-10-07 15:19:46.515,22707,22708,22708,1,1
2024-10-07 15:19:46.515,22707,22708,22708,1,1
2024-10-07 15:19:46.523,22707,22708,22708,3,3
2024-10-07 15:19:46.523,22707,22708,22707,7,-7
2024-10-07 15:19:46.634,22707,22709,22709,1,1
2024-10-07 15:19:48.525,22707,22709,22709,3,3
2024-10-07 15:19:48.525,22707,22709,22710,2,2
2024-10-07 15:19:50.659,22708,22710,22708,3,-3
2024-10-07 15:19:50.659,22708,22710,22707,2,-2
2024-10-07 15:19:52.153,22709,22710,22709,1,-1
2024-10-07 15:19:56.052,22707,22710,22708,1,-1
2024-10-07 15:19:56.945,22707,22709,22709,1,1
2024-10-07 15:19:58.502,22709,22710,22709,1,-1
2024-10-07 15:19:58.502,22709,22710,22709,1,-1
2024-10-07 15:19:58.502,22709,22710,22709,1,-1
2024-10-07 15:19:59.476,22707,22709,22707,5,-5
2024-10-07 15:19:59.997,22706,22707,22707,1,1
2024-10-07 15:20:00.232,22706,22707,22706,2,-2
2024-10-07 15:20:00.431,22705,22706,22705,2,-2
2024-10-07 15:20:00.559,22704,22706,22704,5,-5
2024-10-07 15:20:00.581,22703,22705,22704,1,-1
2024-10-07 15:20:03.619,22704,22705,22704,1,-1
2024-10-07 15:20:03.620,22704,22705,22704,1,-1
2024-10-07 15:20:04.110,22703,22705,22705,5,5
2024-10-07 15:20:05.076,22706,22707,22707,1,1
2024-10-07 15:20:18.109,22707,22708,22708,1,1
2024-10-07 15:20:18.109,22707,22708,22709,1,1
2024-10-07 15:20:21.372,22708,22710,22710,8,8
2024-10-07 15:20:23.366,22711,22712,22711,1,-1
2024-10-07 15:20:23.366,22711,22712,22711,1,-1
2024-10-07 15:20:23.366,22711,22712,22711,1,-1
2024-10-07 15:20:24.922,22709,22711,22710,2,-2
2024-10-07 15:20:29.786,22709,22710,22709,2,-2
2024-10-07 15:20:32.010,22707,22709,22707,2,-2
2024-10-07 15:20:39.170,22707,22709,22708,1,-1
2024-10-07 15:20:39.170,22707,22709,22709,1,1
2024-10-07 15:20:39.378,22708,22710,22710,2,2
2024-10-07 15:20:44.875,22709,22711,22711,1,1
2024-10-07 15:20:44.876,22709,22711,22711,1,1
2024-10-07 15:20:51.774,22709,22712,22711,1,1
2024-10-07 15:20:54.953,22709,22710,22710,3,3
2024-10-07 15:20:54.954,22709,22710,22710,1,1
2024-10-07 15:20:56.379,22707,22709,22707,1,-1
2024-10-07 15:20:56.379,22707,22709,22707,1,-1
2024-10-07 15:20:56.379,22707,22709,22707,5,-5
2024-10-07 15:21:00.108,22706,22707,22706,1,-1
2024-10-07 15:21:00.110,22706,22707,22706,11,-11
2024-10-07 15:21:00.110,22706,22707,22706,2,-2
2024-10-07 15:21:00.257,22705,22706,22705,1,-1
2024-10-07 15:21:00.323,22705,22706,22705,1,-1
2024-10-07 15:21:00.323,22705,22706,22705,1,-1
2024-10-07 15:21:00.324,22705,22706,22705,1,-1
2024-10-07 15:21:00.324,22705,22706,22705,5,-5
2024-10-07 15:21:00.583,22705,22706,22706,1,1
2024-10-07 15:21:00.975,22704,22706,22706,1,1
2024-10-07 15:21:01.710,22705,22707,22707,1,1
2024-10-07 15:21:01.710,22705,22707,22707,1,1
2024-10-07 15:21:02.551,22707,22708,22708,1,1
2024-10-07 15:21:02.551,22707,22708,22708,1,1
2024-10-07 15:21:05.027,22708,22709,22709,1,1
2024-10-07 15:21:05.028,22708,22709,22709,1,1
2024-10-07 15:21:05.028,22708,22709,22709,1,1
2024-10-07 15:21:06.464,22710,22711,22711,1,1
2024-10-07 15:21:06.465,22710,22711,22712,1,1
2024-10-07 15:21:06.576,22710,22712,22710,1,-1
2024-10-07 15:21:07.655,22710,22712,22710,1,-1
2024-10-07 15:21:07.656,22710,22712,22710,1,-1
2024-10-07 15:21:08.577,22710,22712,22710,1,-1
2024-10-07 15:21:11.168,22709,22711,22709,1,-1
2024-10-07 15:21:11.377,22708,22709,22709,1,1
2024-10-07 15:21:14.466,22709,22711,22711,1,1
2024-10-07 15:21:16.211,22711,22712,22712,2,2
2024-10-07 15:21:16.212,22711,22712,22712,1,1
2024-10-07 15:21:16.241,22711,22712,22713,1,1
2024-10-07 15:21:16.492,22713,22714,22714,1,1
2024-10-07 15:21:16.492,22713,22714,22714,1,1
2024-10-07 15:21:18.048,22712,22713,22712,2,-2
2024-10-07 15:21:21.183,22707,22710,22710,1,1
2024-10-07 15:21:21.183,22707,22710,22709,2,2
2024-10-07 15:21:25.648,22711,22712,22712,1,1
2024-10-07 15:21:25.649,22711,22712,22712,1,1
2024-10-07 15:21:28.210,22713,22714,22714,1,1
2024-10-07 15:21:28.837,22713,22714,22713,2,-2
2024-10-07 15:21:28.873,22713,22714,22713,1,-1
2024-10-07 15:21:30.277,22713,22714,22713,1,-1
2024-10-07 15:21:30.856,22713,22714,22713,2,-2
2024-10-07 15:21:31.261,22711,22712,22712,1,1
2024-10-07 15:21:33.969,22711,22712,22712,1,1
2024-10-07 15:21:34.047,22711,22712,22713,1,1
2024-10-07 15:21:35.482,22712,22714,22715,1,1
2024-10-07 15:21:35.482,22712,22714,22714,4,4
2024-10-07 15:21:37.490,22712,22713,22713,1,1
2024-10-07 15:21:37.905,22713,22714,22714,1,1
2024-10-07 15:21:39.287,22714,22715,22714,1,-1
2024-10-07 15:21:39.554,22714,22715,22715,1,1
2024-10-07 15:21:39.947,22714,22715,22715,1,1
2024-10-07 15:21:39.947,22714,22715,22715,2,2
2024-10-07 15:21:42.121,22715,22716,22715,1,-1
2024-10-07 15:21:44.180,22713,22714,22713,1,-1
2024-10-07 15:21:44.181,22713,22714,22712,3,-3
2024-10-07 15:21:44.449,22711,22713,22711,1,-1
2024-10-07 15:21:47.165,22710,22712,22710,1,-1
2024-10-07 15:21:47.174,22710,22712,22709,3,-3
2024-10-07 15:21:47.175,22710,22712,22709,7,-7
2024-10-07 15:21:49.110,22708,22709,22709,1,1
2024-10-07 15:21:53.990,22708,22709,22708,1,-1
2024-10-07 15:21:53.990,22708,22709,22708,1,-1
2024-10-07 15:21:53.990,22708,22709,22708,5,-5
2024-10-07 15:21:53.990,22708,22709,22708,1,-1
2024-10-07 15:21:55.124,22705,22707,22705,1,-1
2024-10-07 15:21:56.604,22704,22706,22706,1,1
2024-10-07 15:21:56.659,22704,22706,22707,2,2
2024-10-07 15:21:57.015,22705,22708,22705,1,-1
2024-10-07 15:21:57.639,22705,22707,22705,1,-1
2024-10-07 15:21:57.746,22704,22706,22704,2,-2
2024-10-07 15:21:57.856,22703,22705,22703,1,-1
2024-10-07 15:21:59.748,22703,22705,22703,4,-4
2024-10-07 15:21:59.947,22703,22705,22706,2,2
2024-10-07 15:21:59.947,22703,22705,22705,2,2
2024-10-07 15:22:00.283,22705,22707,22707,1,1
2024-10-07 15:22:00.609,22705,22708,22705,1,-1
2024-10-07 15:22:03.823,22702,22705,22705,1,1
2024-10-07 15:22:04.451,22704,22706,22706,1,1
2024-10-07 15:22:04.451,22704,22706,22707,3,3
2024-10-07 15:22:05.069,22705,22707,22707,1,1
2024-10-07 15:22:10.069,22704,22706,22704,5,-5
2024-10-07 15:22:13.320,22705,22707,22705,1,-1
2024-10-07 15:22:18.465,22705,22706,22705,1,-1
2024-10-07 15:22:23.357,22704,22705,22704,3,-3
2024-10-07 15:22:24.819,22703,22705,22703,10,-10
2024-10-07 15:22:24.820,22703,22705,22703,7,-7
2024-10-07 15:22:24.820,22703,22705,22703,1,-1
2024-10-07 15:22:24.820,22703,22705,22703,2,-2
2024-10-07 15:22:24.821,22703,22705,22702,8,-8
2024-10-07 15:22:24.821,22703,22705,22702,1,-1
2024-10-07 15:22:24.821,22703,22705,22702,8,-8
2024-10-07 15:22:24.822,22703,22705,22702,1,-1
2024-10-07 15:22:24.831,22703,22705,22701,5,-5
2024-10-07 15:22:24.832,22703,22705,22700,1,-1
2024-10-07 15:22:24.833,22703,22705,22700,4,-4
2024-10-07 15:22:24.833,22703,22705,22700,4,-4
2024-10-07 15:22:24.837,22703,22705,22700,1,-1
2024-10-07 15:22:24.842,22703,22705,22701,1,-1
2024-10-07 15:22:24.842,22703,22705,22702,1,-1
2024-10-07 15:22:24.853,22703,22705,22701,1,-1
2024-10-07 15:22:27.014,22701,22703,22701,1,-1
2024-10-07 15:22:32.625,22702,22703,22702,3,-3
2024-10-07 15:22:34.194,22700,22701,22700,1,-1
2024-10-07 15:22:36.850,22700,22701,22701,1,1
2024-10-07 15:22:37.348,22701,22702,22701,2,-2
2024-10-07 15:22:38.082,22702,22703,22702,1,-1
2024-10-07 15:22:38.082,22702,22703,22701,1,-1
2024-10-07 15:22:38.379,22700,22701,22700,1,-1
2024-10-07 15:22:38.476,22699,22700,22699,5,-5
2024-10-07 15:22:39.136,22697,22698,22698,1,1
2024-10-07 15:22:39.410,22697,22699,22699,1,1
2024-10-07 15:22:39.607,22697,22700,22700,1,1
2024-10-07 15:22:40.162,22698,22701,22698,2,-2
2024-10-07 15:22:40.224,22698,22700,22698,1,-1
2024-10-07 15:22:42.977,22697,22700,22697,1,-1
2024-10-07 15:22:43.008,22697,22700,22697,1,-1
2024-10-07 15:22:43.138,22697,22699,22699,1,1
2024-10-07 15:22:43.138,22697,22699,22700,1,1
2024-10-07 15:22:44.858,22699,22700,22700,1,1
2024-10-07 15:22:45.204,22699,22700,22700,2,2
2024-10-07 15:22:46.085,22699,22700,22700,1,1
2024-10-07 15:22:46.812,22699,22700,22699,1,-1
2024-10-07 15:22:47.935,22700,22701,22701,2,2
2024-10-07 15:22:47.992,22700,22701,22702,3,3
2024-10-07 15:22:52.289,22700,22703,22700,3,-3
2024-10-07 15:22:55.938,22701,22702,22701,1,-1
2024-10-07 15:22:56.816,22700,22703,22700,1,-1
2024-10-07 15:22:57.199,22700,22702,22702,1,1
2024-10-07 15:22:57.199,22700,22702,22703,1,1
2024-10-07 15:22:57.802,22701,22703,22703,1,1
2024-10-07 15:22:57.802,22701,22703,22704,1,1
2024-10-07 15:22:58.779,22701,22703,22703,1,1
2024-10-07 15:22:58.779,22701,22703,22702,1,1
2024-10-07 15:23:00.315,22702,22703,22703,1,1
2024-10-07 15:23:03.271,22700,22702,22700,4,-4
2024-10-07 15:23:03.476,22698,22701,22701,1,1
2024-10-07 15:23:04.544,22699,22700,22700,1,1
2024-10-07 15:23:06.630,22700,22701,22701,2,2
2024-10-07 15:23:06.966,22700,22703,22700,2,-2
2024-10-07 15:23:08.709,22699,22701,22701,2,2
2024-10-07 15:23:09.985,22702,22704,22703,1,1
2024-10-07 15:23:10.149,22703,22704,22704,1,1
2024-10-07 15:23:12.183,22704,22705,22705,1,1
2024-10-07 15:23:12.183,22704,22705,22705,1,1
2024-10-07 15:23:12.184,22704,22705,22705,1,1
2024-10-07 15:23:13.314,22706,22708,22706,1,-1
2024-10-07 15:23:13.683,22705,22707,22705,1,-1
2024-10-07 15:23:15.214,22703,22705,22705,1,1
2024-10-07 15:23:15.489,22704,22707,22708,2,2
2024-10-07 15:23:16.889,22707,22709,22709,1,1
2024-10-07 15:23:19.092,22707,22708,22707,3,-3
2024-10-07 15:23:19.721,22706,22707,22707,1,1
2024-10-07 15:23:21.682,22707,22708,22708,2,2
2024-10-07 15:23:23.554,22707,22709,22709,1,1
2024-10-07 15:23:23.624,22707,22709,22707,1,-1
2024-10-07 15:23:24.149,22707,22710,22708,3,-3
2024-10-07 15:23:26.423,22707,22708,22707,1,-1
2024-10-07 15:23:30.867,22706,22707,22706,4,-4
2024-10-07 15:23:30.873,22706,22707,22705,1,-1
2024-10-07 15:23:30.873,22706,22707,22705,1,-1
2024-10-07 15:23:30.874,22706,22707,22705,1,-1
2024-10-07 15:23:30.874,22706,22707,22705,1,-1
2024-10-07 15:23:31.358,22704,22705,22704,2,-2
2024-10-07 15:23:31.358,22704,22705,22704,3,-3
2024-10-07 15:23:32.200,22701,22702,22701,1,-1
2024-10-07 15:23:38.405,22702,22705,22702,2,-2
2024-10-07 15:23:38.405,22702,22705,22701,1,-1
2024-10-07 15:23:44.481,22701,22703,22701,2,-2
2024-10-07 15:23:44.675,22701,22703,22701,1,-1
2024-10-07 15:23:46.295,22702,22703,22702,1,-1
2024-10-07 15:23:47.966,22701,22703,22703,1,1
2024-10-07 15:23:51.220,22702,22703,22703,1,1
2024-10-07 15:23:54.983,22705,22708,22705,5,-5
2024-10-07 15:23:58.586,22704,22706,22706,1,1
2024-10-07 15:24:01.929,22705,22706,22705,1,-1
2024-10-07 15:24:03.183,22705,22706,22705,1,-1
2024-10-07 15:24:03.183,22705,22706,22705,2,-2
2024-10-07 15:24:03.187,22704,22705,22704,1,-1
2024-10-07 15:24:03.188,22704,22705,22704,1,-1
2024-10-07 15:24:03.307,22704,22705,22704,1,-1
2024-10-07 15:24:03.662,22703,22704,22703,1,-1
2024-10-07 15:24:03.662,22703,22704,22703,1,-1
2024-10-07 15:24:08.936,22702,22703,22703,1,1
2024-10-07 15:24:08.936,22702,22703,22703,1,1
2024-10-07 15:24:08.936,22702,22703,22703,7,7
2024-10-07 15:24:08.936,22702,22703,22703,1,1
2024-10-07 15:24:09.384,22704,22705,22704,2,-2
2024-10-07 15:24:09.384,22704,22705,22703,5,-5
2024-10-07 15:24:09.384,22704,22705,22702,3,-3
2024-10-07 15:24:12.704,22703,22705,22704,1,-1
2024-10-07 15:24:13.979,22703,22705,22705,2,2
2024-10-07 15:24:14.003,22703,22705,22704,1,1
2024-10-07 15:24:15.004,22704,22706,22704,1,-1
2024-10-07 15:24:17.661,22704,22707,22704,1,-1
2024-10-07 15:24:22.520,22706,22707,22707,1,1
2024-10-07 15:24:25.429,22709,22710,22710,2,2
2024-10-07 15:24:25.429,22709,22710,22710,2,2
2024-10-07 15:24:25.429,22709,22710,22710,1,1
2024-10-07 15:24:30.499,22709,22710,22710,1,1
2024-10-07 15:24:30.878,22709,22711,22711,2,2
2024-10-07 15:24:30.878,22709,22711,22711,1,1
2024-10-07 15:24:30.987,22710,22712,22711,1,1
2024-10-07 15:24:34.506,22710,22711,22711,1,1
2024-10-07 15:24:35.177,22711,22712,22711,1,-1
2024-10-07 15:24:35.177,22711,22712,22711,1,-1
2024-10-07 15:24:35.270,22710,22711,22710,1,-1
2024-10-07 15:24:37.259,22710,22711,22710,2,-2
2024-10-07 15:24:37.665,22709,22710,22710,1,1
2024-10-07 15:24:40.195,22709,22710,22709,1,-1
2024-10-07 15:24:42.434,22709,22710,22708,1,-1
2024-10-07 15:24:44.686,22709,22710,22709,2,-2
2024-10-07 15:24:47.147,22708,22710,22708,1,-1
2024-10-07 15:24:50.614,22709,22710,22710,6,6
2024-10-07 15:24:50.620,22709,22710,22711,2,2
2024-10-07 15:24:50.662,22709,22710,22712,1,1
2024-10-07 15:24:50.662,22709,22710,22712,1,1
2024-10-07 15:24:50.875,22712,22713,22713,1,1
2024-10-07 15:24:51.932,22713,22714,22714,1,1
2024-10-07 15:24:51.932,22713,22714,22714,2,2
2024-10-07 15:24:52.375,22714,22715,22715,1,1
2024-10-07 15:24:52.375,22714,22715,22715,2,2
2024-10-07 15:24:54.437,22713,22714,22713,1,-1
2024-10-07 15:24:54.437,22713,22714,22713,1,-1
2024-10-07 15:24:57.708,22711,22713,22711,1,-1
2024-10-07 15:24:58.684,22711,22714,22711,1,-1
2024-10-07 15:25:00.090,22711,22712,22711,1,-1
2024-10-07 15:25:01.143,22710,22711,22710,1,-1
2024-10-07 15:25:09.905,22709,22710,22709,1,-1
2024-10-07 15:25:13.824,22706,22708,22708,1,1
2024-10-07 15:25:14.666,22707,22709,22709,1,1
2024-10-07 15:25:14.807,22708,22710,22710,1,1
2024-10-07 15:25:14.808,22708,22710,22710,1,1
2024-10-07 15:25:15.271,22709,22711,22709,1,-1
2024-10-07 15:25:17.791,22710,22711,22711,1,1
2024-10-07 15:25:18.020,22711,22712,22711,1,-1
2024-10-07 15:25:18.499,22710,22713,22712,1,1
2024-10-07 15:25:21.813,22711,22714,22712,1,-1
2024-10-07 15:25:31.498,22713,22715,22713,1,-1
2024-10-07 15:25:32.463,22713,22715,22713,1,-1
2024-10-07 15:25:32.463,22713,22715,22713,1,-1
2024-10-07 15:25:32.778,22712,22713,22712,2,-2
2024-10-07 15:25:33.997,22711,22712,22712,1,1
2024-10-07 15:25:33.998,22711,22712,22711,1,-1
2024-10-07 15:25:36.729,22712,22715,22712,2,-2
2024-10-07 15:25:40.247,22711,22712,22711,1,-1
2024-10-07 15:25:40.247,22711,22712,22711,1,-1
2024-10-07 15:25:51.636,22706,22708,22706,6,-6
2024-10-07 15:25:51.637,22706,22708,22706,6,-6
2024-10-07 15:25:51.637,22706,22708,22706,1,-1
2024-10-07 15:25:52.022,22705,22706,22706,1,1
2024-10-07 15:25:52.022,22705,22706,22706,1,1
2024-10-07 15:25:53.857,22705,22707,22707,1,1
2024-10-07 15:26:02.288,22706,22707,22706,1,-1
2024-10-07 15:26:02.289,22706,22707,22706,1,-1
2024-10-07 15:26:03.196,22705,22706,22705,1,-1
2024-10-07 15:26:03.197,22705,22706,22705,2,-2
2024-10-07 15:26:03.197,22705,22706,22705,1,-1
2024-10-07 15:26:03.287,22705,22706,22705,1,-1
2024-10-07 15:26:03.483,22704,22707,22704,1,-1
2024-10-07 15:26:04.922,22703,22705,22703,1,-1
2024-10-07 15:26:05.693,22703,22705,22703,1,-1
2024-10-07 15:26:05.693,22703,22705,22702,9,-9
2024-10-07 15:26:05.825,22702,22705,22705,2,2
2024-10-07 15:26:05.830,22702,22705,22702,5,-5
2024-10-07 15:26:05.830,22702,22705,22701,5,-5
2024-10-07 15:26:08.016,22701,22704,22704,1,1
2024-10-07 15:26:10.259,22702,22705,22702,1,-1
2024-10-07 15:26:11.016,22701,22704,22701,1,-1
2024-10-07 15:26:11.142,22701,22702,22702,1,1
2024-10-07 15:26:12.965,22701,22702,22701,3,-3
2024-10-07 15:26:12.967,22701,22702,22700,2,-2
2024-10-07 15:26:12.967,22701,22702,22700,5,-5
2024-10-07 15:26:18.976,22701,22703,22701,1,-1
2024-10-07 15:26:21.150,22699,22702,22700,1,-1
2024-10-07 15:26:22.176,22699,22701,22700,1,-1
2024-10-07 15:26:23.085,22699,22700,22700,1,1
2024-10-07 15:26:23.085,22699,22700,22700,1,1
2024-10-07 15:26:23.644,22700,22701,22701,1,1
2024-10-07 15:26:31.527,22703,22704,22704,1,1
2024-10-07 15:26:32.785,22704,22705,22704,1,-1
2024-10-07 15:26:36.560,22701,22703,22701,1,-1
2024-10-07 15:26:39.051,22703,22705,22703,1,-1
2024-10-07 15:26:43.203,22702,22703,22703,1,1
2024-10-07 15:26:50.072,22703,22704,22703,1,-1
2024-10-07 15:26:50.758,22702,22703,22702,1,-1
2024-10-07 15:26:55.710,22700,22702,22702,1,1
2024-10-07 15:27:00.192,22702,22703,22702,2,-2
2024-10-07 15:27:05.271,22700,22702,22700,1,-1
2024-10-07 15:27:06.229,22700,22702,22700,2,-2
2024-10-07 15:27:07.539,22700,22702,22702,4,4
2024-10-07 15:27:07.604,22701,22703,22701,2,-2
2024-10-07 15:27:07.701,22701,22703,22701,2,-2
2024-10-07 15:27:11.180,22700,22701,22701,1,1
2024-10-07 15:27:11.508,22700,22702,22701,1,1
2024-10-07 15:27:11.854,22700,22701,22700,3,-3
2024-10-07 15:27:12.051,22699,22700,22700,1,1
2024-10-07 15:27:12.722,22699,22701,22699,2,-2
2024-10-07 15:27:14.848,22700,22701,22701,1,1
2024-10-07 15:27:14.942,22701,22702,22701,1,-1
2024-10-07 15:27:15.746,22701,22702,22701,1,-1
2024-10-07 15:27:15.997,22701,22702,22702,1,1
2024-10-07 15:27:20.174,22702,22703,22703,4,4
2024-10-07 15:27:23.403,22701,22704,22701,1,-1
2024-10-07 15:27:30.173,22701,22703,22703,1,1
2024-10-07 15:27:30.747,22702,22705,22702,1,-1
2024-10-07 15:27:31.010,22702,22705,22702,3,-3
2024-10-07 15:27:31.064,22701,22704,22701,1,-1
2024-10-07 15:27:37.244,22702,22704,22702,1,-1
2024-10-07 15:27:40.028,22703,22704,22706,2,2
2024-10-07 15:27:40.028,22703,22704,22704,1,1
2024-10-07 15:27:40.028,22703,22704,22705,2,2
2024-10-07 15:27:40.195,22704,22706,22704,1,-1
2024-10-07 15:27:48.348,22703,22705,22705,1,1
2024-10-07 15:27:48.395,22703,22705,22705,1,1
2024-10-07 15:27:49.161,22705,22706,22706,1,1
2024-10-07 15:27:49.161,22705,22706,22707,1,1
2024-10-07 15:27:49.346,22705,22707,22705,2,-2
2024-10-07 15:27:50.246,22705,22707,22708,1,1
2024-10-07 15:27:50.246,22705,22707,22707,1,1
2024-10-07 15:27:52.644,22706,22707,22706,1,-1
2024-10-07 15:27:53.830,22705,22708,22708,2,2
2024-10-07 15:27:54.196,22705,22708,22708,2,2
2024-10-07 15:27:59.577,22706,22707,22706,1,-1
2024-10-07 15:28:00.357,22702,22705,22702,1,-1
2024-10-07 15:28:01.156,22702,22704,22702,1,-1
2024-10-07 15:28:07.117,22703,22706,22703,3,-3
2024-10-07 15:28:07.117,22703,22706,22702,1,-1
2024-10-07 15:28:08.196,22702,22704,22704,1,1
2024-10-07 15:28:10.378,22702,22705,22702,2,-2
2024-10-07 15:28:14.243,22705,22706,22705,1,-1
2024-10-07 15:28:17.519,22703,22705,22703,1,-1
2024-10-07 15:28:18.604,22704,22705,22704,1,-1
2024-10-07 15:28:18.604,22704,22705,22704,1,-1
2024-10-07 15:28:19.048,22704,22705,22705,4,4
2024-10-07 15:28:20.207,22705,22706,22705,2,-2
2024-10-07 15:28:22.095,22704,22705,22704,2,-2
2024-10-07 15:28:24.160,22702,22703,22702,1,-1
2024-10-07 15:28:24.213,22701,22702,22702,2,2
2024-10-07 15:28:33.355,22701,22702,22702,1,1
2024-10-07 15:28:33.885,22701,22702,22701,2,-2
2024-10-07 15:28:34.963,22700,22702,22700,8,-8
2024-10-07 15:28:39.007,22699,22701,22700,1,-1
2024-10-07 15:28:43.087,22699,22701,22701,1,1
2024-10-07 15:28:46.698,22699,22700,22700,1,1
2024-10-07 15:29:00.199,22699,22700,22699,3,-3
2024-10-07 15:29:01.030,22698,22699,22699,1,1
2024-10-07 15:29:01.226,22698,22700,22700,2,2
2024-10-07 15:29:01.226,22698,22700,22700,3,3
2024-10-07 15:29:01.226,22698,22700,22700,4,4
2024-10-07 15:29:01.226,22698,22700,22700,4,4
2024-10-07 15:29:01.235,22698,22700,22701,1,1
2024-10-07 15:29:01.659,22700,22701,22701,1,1
2024-10-07 15:29:01.688,22702,22703,22703,1,1
2024-10-07 15:29:01.688,22702,22703,22703,1,1
2024-10-07 15:29:03.369,22702,22705,22702,3,-3
2024-10-07 15:29:05.319,22702,22703,22702,1,-1
2024-10-07 15:29:08.801,22701,22704,22701,1,-1
2024-10-07 15:29:10.892,22702,22703,22702,1,-1
2024-10-07 15:29:14.711,22700,22701,22701,1,1
2024-10-07 15:29:20.700,22701,22702,22702,1,1
2024-10-07 15:29:24.984,22702,22704,22702,1,-1
2024-10-07 15:29:29.590,22702,22704,22702,1,-1
2024-10-07 15:29:39.118,22702,22705,22702,1,-1
2024-10-07 15:29:41.303,22702,22704,22702,1,-1
2024-10-07 15:29:41.303,22702,22704,22701,1,-1
2024-10-07 15:29:42.273,22701,22703,22703,1,1
2024-10-07 15:29:42.352,22701,22703,22701,1,-1
2024-10-07 15:29:45.585,22701,22703,22701,1,-1
2024-10-07 15:29:50.949,22701,22702,22701,1,-1
2024-10-07 15:29:50.950,22701,22702,22701,3,-3
2024-10-07 15:29:51.250,22700,22701,22700,3,-3
2024-10-07 15:29:59.316,22700,22703,22700,1,-1
2024-10-07 15:30:00.099,22701,22703,22703,2,2
2024-10-07 15:30:00.110,22701,22703,22704,1,1
2024-10-07 15:30:00.158,22701,22703,22705,3,3
2024-10-07 15:30:00.159,22701,22703,22705,10,10
2024-10-07 15:30:00.160,22701,22703,22706,1,1
2024-10-07 15:30:00.165,22701,22703,22706,1,1
2024-10-07 15:30:00.404,22704,22706,22704,1,-1
2024-10-07 15:30:00.586,22705,22706,22706,2,2
2024-10-07 15:30:00.600,22705,22706,22707,1,1
2024-10-07 15:30:01.468,22705,22707,22706,1,1
2024-10-07 15:30:01.957,22702,22704,22702,1,-1
2024-10-07 15:30:02.365,22701,22703,22702,2,-2
2024-10-07 15:30:02.365,22701,22703,22701,4,-4
2024-10-07 15:30:02.721,22701,22702,22702,1,1
2024-10-07 15:30:02.768,22701,22702,22701,1,-1
2024-10-07 15:30:03.376,22702,22704,22702,1,-1
2024-10-07 15:30:03.561,22701,22703,22703,2,2
2024-10-07 15:30:07.109,22704,22706,22706,1,1
2024-10-07 15:30:07.125,22704,22706,22707,1,1
2024-10-07 15:30:08.509,22706,22708,22708,2,2
2024-10-07 15:30:09.731,22707,22709,22709,1,1
2024-10-07 15:30:12.006,22706,22709,22706,1,-1
2024-10-07 15:30:16.523,22708,22710,22709,1,-1
2024-10-07 15:30:18.340,22708,22710,22710,1,1
2024-10-07 15:30:19.520,22709,22711,22711,2,2
2024-10-07 15:30:19.520,22709,22711,22711,1,1
2024-10-07 15:30:19.521,22709,22711,22711,3,3
2024-10-07 15:30:19.521,22709,22711,22711,1,1
2024-10-07 15:30:20.991,22710,22712,22710,1,-1
2024-10-07 15:30:21.134,22709,22712,22712,1,1
2024-10-07 15:30:21.134,22709,22712,22712,2,2
2024-10-07 15:30:21.135,22709,22712,22712,1,1
2024-10-07 15:30:21.135,22709,22712,22712,1,1
2024-10-07 15:30:21.906,22711,22713,22712,1,1
2024-10-07 15:30:22.945,22711,22714,22711,1,-1
2024-10-07 15:30:24.068,22712,22713,22713,1,1
2024-10-07 15:30:24.116,22712,22713,22712,2,-2
2024-10-07 15:30:25.013,22712,22714,22714,3,3
2024-10-07 15:30:25.013,22712,22714,22715,2,2
2024-10-07 15:30:25.218,22713,22715,22713,1,-1
2024-10-07 15:30:25.869,22713,22715,22715,1,1
2024-10-07 15:30:27.210,22712,22713,22713,1,1
2024-10-07 15:30:30.391,22714,22715,22715,2,2
2024-10-07 15:30:30.393,22714,22715,22716,2,2
2024-10-07 15:30:31.742,22715,22718,22717,1,1
2024-10-07 15:30:31.881,22715,22718,22717,1,1
2024-10-07 15:30:32.574,22715,22717,22714,1,-1
2024-10-07 15:30:37.020,22716,22717,22717,1,1
2024-10-07 15:30:38.426,22716,22717,22716,1,-1
2024-10-07 15:30:42.537,22713,22715,22711,7,-7
2024-10-07 15:30:42.537,22713,22715,22710,9,-9
2024-10-07 15:30:42.537,22713,22715,22713,1,-1
2024-10-07 15:30:42.537,22713,22715,22712,3,-3
2024-10-07 15:30:42.625,22709,22712,22712,1,1
2024-10-07 15:30:43.455,22712,22714,22713,1,1
2024-10-07 15:30:43.867,22712,22714,22714,3,3
2024-10-07 15:30:44.379,22714,22715,22714,1,-1
2024-10-07 15:30:44.379,22714,22715,22714,1,-1
2024-10-07 15:30:44.526,22711,22714,22714,4,4
2024-10-07 15:30:44.526,22711,22714,22714,1,1
2024-10-07 15:30:47.126,22714,22716,22715,1,1
2024-10-07 15:30:48.531,22715,22717,22717,1,1
2024-10-07 15:30:50.359,22715,22717,22715,1,-1
2024-10-07 15:30:55.218,22716,22718,22716,1,-1
2024-10-07 15:30:57.487,22716,22718,22718,1,1
2024-10-07 15:30:58.295,22716,22718,22718,1,1
2024-10-07 15:30:59.698,22717,22719,22717,1,-1
2024-10-07 15:31:00.445,22715,22717,22715,1,-1
2024-10-07 15:31:00.566,22715,22717,22717,1,1
2024-10-07 15:31:00.566,22715,22717,22717,1,1
2024-10-07 15:31:02.124,22715,22716,22716,1,1
2024-10-07 15:31:02.189,22715,22716,22716,1,1
2024-10-07 15:31:03.755,22716,22718,22716,1,-1
2024-10-07 15:31:05.321,22716,22718,22718,1,1
2024-10-07 15:31:05.321,22716,22718,22719,4,4
2024-10-07 15:31:08.504,22718,22719,22718,1,-1
2024-10-07 15:31:08.519,22718,22719,22719,1,1
2024-10-07 15:31:09.575,22716,22718,22718,1,1
2024-10-07 15:31:09.689,22716,22719,22719,1,1
2024-10-07 15:31:09.690,22716,22719,22720,1,1
2024-10-07 15:31:13.394,22716,22719,22719,1,1
2024-10-07 15:31:14.011,22717,22720,22720,1,1
2024-10-07 15:31:15.258,22718,22719,22719,1,1
2024-10-07 15:31:18.849,22719,22720,22720,1,1
2024-10-07 15:31:18.849,22719,22720,22720,1,1
2024-10-07 15:31:19.343,22719,22721,22719,2,-2
2024-10-07 15:31:19.439,22719,22721,22722,1,1
2024-10-07 15:31:19.439,22719,22721,22722,1,1
2024-10-07 15:31:19.439,22719,22721,22721,1,1
2024-10-07 15:31:19.439,22719,22721,22721,1,1
2024-10-07 15:31:19.440,22719,22721,22721,1,1
2024-10-07 15:31:19.440,22719,22721,22722,1,1
2024-10-07 15:31:21.664,22719,22721,22719,1,-1
2024-10-07 15:31:21.898,22718,22719,22718,1,-1
2024-10-07 15:31:23.746,22717,22718,22718,1,1
2024-10-07 15:31:23.746,22717,22718,22719,3,3
2024-10-07 15:31:23.746,22717,22718,22720,1,1
2024-10-07 15:31:25.283,22718,22719,22719,1,1
2024-10-07 15:31:27.401,22718,22720,22718,5,-5
2024-10-07 15:31:27.417,22718,22720,22717,1,-1
2024-10-07 15:31:27.417,22718,22720,22717,1,-1
2024-10-07 15:31:27.418,22718,22720,22717,1,-1
2024-10-07 15:31:27.895,22715,22716,22716,2,2
2024-10-07 15:31:29.971,22715,22717,22717,1,1
2024-10-07 15:31:30.065,22715,22717,22717,1,1
2024-10-07 15:31:33.531,22716,22719,22716,5,-5
2024-10-07 15:31:33.531,22716,22719,22715,11,-11
2024-10-07 15:31:33.532,22716,22719,22714,1,-1
2024-10-07 15:31:33.533,22716,22719,22715,4,-4
2024-10-07 15:31:36.093,22716,22717,22716,1,-1
2024-10-07 15:31:36.557,22714,22716,22717,1,1
2024-10-07 15:31:36.789,22715,22717,22717,1,1
2024-10-07 15:31:39.793,22713,22715,22715,1,1
2024-10-07 15:31:41.707,22714,22715,22715,1,1
2024-10-07 15:31:41.765,22714,22715,22717,1,1
2024-10-07 15:31:44.348,22715,22717,22715,1,-1
2024-10-07 15:31:49.190,22715,22716,22715,1,-1
2024-10-07 15:31:50.369,22714,22716,22716,1,1
2024-10-07 15:31:52.716,22714,22717,22717,1,1
2024-10-07 15:31:54.661,22717,22719,22719,3,3
2024-10-07 15:31:54.824,22719,22720,22719,2,-2
2024-10-07 15:31:54.832,22719,22720,22720,1,1
2024-10-07 15:31:54.918,22719,22720,22722,4,4
2024-10-07 15:31:55.512,22719,22722,22722,4,4
2024-10-07 15:31:56.002,22720,22722,22722,1,1
2024-10-07 15:31:56.613,22719,22721,22719,1,-1
2024-10-07 15:31:57.692,22718,22720,22720,1,1
2024-10-07 15:32:00.412,22717,22720,22717,1,-1
2024-10-07 15:32:09.464,22714,22717,22714,4,-4
2024-10-07 15:32:11.072,22713,22715,22715,1,1
2024-10-07 15:32:12.217,22714,22715,22714,1,-1
2024-10-07 15:32:12.217,22714,22715,22713,1,-1
2024-10-07 15:32:12.902,22713,22715,22715,2,2
2024-10-07 15:32:14.723,22713,22714,22713,2,-2
2024-10-07 15:32:14.723,22713,22714,22713,1,-1
2024-10-07 15:32:15.301,22712,22713,22713,1,1
2024-10-07 15:32:15.504,22712,22713,22712,1,-1
2024-10-07 15:32:15.504,22712,22713,22712,11,-11
2024-10-07 15:32:15.665,22711,22712,22712,1,1
2024-10-07 15:32:16.804,22711,22712,22712,1,1
2024-10-07 15:32:18.519,22711,22712,22711,1,-1
2024-10-07 15:32:18.519,22711,22712,22711,2,-2
2024-10-07 15:32:24.183,22708,22710,22710,1,1
2024-10-07 15:32:24.183,22708,22710,22710,2,2
2024-10-07 15:32:24.184,22708,22710,22709,1,1
2024-10-07 15:32:25.208,22710,22712,22710,1,-1
2024-10-07 15:32:28.153,22711,22712,22711,1,-1
2024-10-07 15:32:28.913,22708,22709,22708,1,-1
2024-10-07 15:32:28.913,22708,22709,22708,3,-3
2024-10-07 15:32:28.913,22708,22709,22708,2,-2
2024-10-07 15:32:28.913,22708,22709,22708,2,-2
2024-10-07 15:32:28.914,22708,22709,22708,4,-4
2024-10-07 15:32:28.914,22708,22709,22708,3,-3
2024-10-07 15:32:29.073,22708,22709,22708,1,-1
2024-10-07 15:32:29.080,22708,22709,22708,1,-1
2024-10-07 15:32:30.017,22707,22709,22709,1,1
2024-10-07 15:32:30.376,22707,22708,22707,2,-2
2024-10-07 15:32:32.334,22706,22707,22707,4,4
2024-10-07 15:32:34.598,22707,22708,22708,1,1
2024-10-07 15:32:38.102,22708,22710,22708,1,-1
2024-10-07 15:32:38.102,22708,22710,22707,7,-7
2024-10-07 15:32:38.102,22708,22710,22706,8,-8
2024-10-07 15:32:38.102,22708,22710,22705,1,-1
2024-10-07 15:32:46.458,22705,22708,22705,1,-1
2024-10-07 15:32:47.851,22705,22708,22707,1,1
2024-10-07 15:32:48.191,22707,22708,22708,1,1
2024-10-07 15:32:54.788,22710,22711,22709,1,-1
2024-10-07 15:32:54.788,22710,22711,22710,1,-1
2024-10-07 15:32:55.667,22709,22711,22711,2,2
2024-10-07 15:32:57.282,22709,22712,22710,1,-1
2024-10-07 15:33:03.056,22708,22710,22708,2,-2
2024-10-07 15:33:04.363,22707,22709,22707,1,-1
2024-10-07 15:33:07.277,22705,22706,22706,1,1
2024-10-07 15:33:07.329,22705,22706,22705,2,-2
2024-10-07 15:33:07.662,22705,22707,22705,1,-1
2024-10-07 15:33:07.953,22705,22707,22706,1,-1
2024-10-07 15:33:08.090,22708,22710,22709,1,-1
2024-10-07 15:33:10.020,22706,22709,22710,2,2
2024-10-07 15:33:10.020,22706,22709,22709,3,3
2024-10-07 15:33:15.317,22710,22712,22710,1,-1
2024-10-07 15:33:15.317,22710,22712,22709,1,-1
2024-10-07 15:33:26.291,22710,22712,22712,4,4
2024-10-07 15:33:26.747,22711,22713,22713,1,1
2024-10-07 15:33:26.747,22711,22713,22713,1,1
2024-10-07 15:33:27.300,22712,22714,22714,2,2
2024-10-07 15:33:28.141,22713,22715,22713,1,-1
2024-10-07 15:33:33.351,22713,22715,22713,1,-1
2024-10-07 15:33:37.279,22714,22715,22714,1,-1
2024-10-07 15:33:40.525,22713,22715,22713,1,-1
2024-10-07 15:33:45.079,22714,22715,22715,1,1
2024-10-07 15:33:45.080,22714,22715,22715,2,2
2024-10-07 15:33:54.112,22713,22714,22713,12,-12
2024-10-07 15:33:54.113,22713,22714,22712,1,-1
2024-10-07 15:33:54.420,22710,22713,22710,2,-2
2024-10-07 15:34:00.149,22709,22710,22710,1,1
2024-10-07 15:34:00.412,22710,22712,22712,1,1
2024-10-07 15:34:05.922,22711,22714,22714,1,1
2024-10-07 15:34:12.350,22711,22713,22711,1,-1
2024-10-07 15:34:17.043,22712,22714,22714,1,1
2024-10-07 15:34:29.702,22710,22711,22710,1,-1
2024-10-07 15:34:29.702,22710,22711,22710,1,-1
2024-10-07 15:34:36.476,22709,22710,22710,2,2
2024-10-07 15:34:46.780,22709,22710,22709,5,-5
2024-10-07 15:34:47.680,22707,22709,22709,1,1
2024-10-07 15:34:50.998,22710,22712,22710,1,-1
2024-10-07 15:35:00.290,22710,22711,22710,1,-1
2024-10-07 15:35:00.593,22708,22711,22708,1,-1
2024-10-07 15:35:00.650,22708,22711,22708,1,-1
2024-10-07 15:35:04.972,22708,22710,22709,1,-1
2024-10-07 15:35:04.990,22708,22710,22710,1,1
2024-10-07 15:35:06.887,22708,22709,22708,1,-1
2024-10-07 15:35:07.047,22706,22708,22709,1,1
2024-10-07 15:35:07.937,22708,22709,22708,1,-1
2024-10-07 15:35:19.221,22705,22707,22705,6,-6
2024-10-07 15:35:20.171,22704,22705,22705,1,1
2024-10-07 15:35:20.867,22704,22705,22704,3,-3
2024-10-07 15:35:21.086,22703,22705,22703,6,-6
2024-10-07 15:35:21.107,22703,22705,22703,3,-3
2024-10-07 15:35:23.445,22702,22703,22702,1,-1
2024-10-07 15:35:23.695,22702,22703,22702,2,-2
2024-10-07 15:35:25.597,22701,22702,22701,5,-5
2024-10-07 15:35:30.264,22701,22702,22701,2,-2
2024-10-07 15:35:33.041,22700,22701,22701,2,2
2024-10-07 15:35:33.218,22700,22702,22700,1,-1
2024-10-07 15:35:33.878,22700,22702,22700,1,-1
2024-10-07 15:35:34.412,22700,22702,22700,1,-1
2024-10-07 15:35:38.832,22700,22701,22700,1,-1
2024-10-07 15:35:38.866,22700,22701,22700,3,-3
2024-10-07 15:35:38.867,22700,22701,22700,3,-3
2024-10-07 15:35:38.867,22700,22701,22700,5,-5
2024-10-07 15:35:38.867,22700,22701,22700,1,-1
2024-10-07 15:35:38.867,22700,22701,22700,1,-1
2024-10-07 15:35:38.870,22700,22701,22699,1,-1
2024-10-07 15:35:38.884,22700,22701,22698,1,-1
2024-10-07 15:35:38.885,22700,22701,22698,3,-3
2024-10-07 15:35:38.885,22700,22701,22698,3,-3
2024-10-07 15:35:39.395,22697,22698,22698,1,1
2024-10-07 15:35:39.699,22697,22699,22699,1,1
2024-10-07 15:35:40.593,22698,22699,22698,1,-1
2024-10-07 15:35:42.986,22697,22699,22697,1,-1
2024-10-07 15:35:43.862,22697,22698,22698,1,1
2024-10-07 15:35:43.863,22697,22698,22698,1,1
2024-10-07 15:35:45.835,22697,22699,22697,1,-1
2024-10-07 15:35:47.418,22697,22698,22698,1,1
2024-10-07 15:35:48.618,22697,22698,22697,1,-1
2024-10-07 15:35:54.240,22696,22697,22696,4,-4
2024-10-07 15:35:54.404,22695,22696,22695,1,-1
2024-10-07 15:35:54.405,22695,22696,22695,2,-2
2024-10-07 15:35:54.536,22694,22696,22694,1,-1
2024-10-07 15:35:55.014,22694,22695,22695,1,1
2024-10-07 15:35:55.014,22694,22695,22696,4,4
2024-10-07 15:35:55.452,22694,22696,22694,1,-1
2024-10-07 15:35:56.622,22694,22695,22695,1,1
2024-10-07 15:35:56.859,22694,22696,22694,3,-3
2024-10-07 15:35:59.064,22693,22694,22693,1,-1
2024-10-07 15:35:59.065,22693,22694,22693,1,-1
2024-10-07 15:35:59.675,22693,22694,22692,2,-2
2024-10-07 15:35:59.675,22693,22694,22693,1,-1
2024-10-07 15:35:59.708,22692,22694,22692,1,-1
2024-10-07 15:35:59.712,22692,22694,22694,1,1
2024-10-07 15:35:59.787,22692,22694,22692,2,-2
2024-10-07 15:35:59.787,22692,22694,22691,1,-1
2024-10-07 15:35:59.819,22691,22694,22691,1,-1
2024-10-07 15:35:59.830,22691,22694,22691,1,-1
2024-10-07 15:36:00.235,22692,22693,22693,1,1
2024-10-07 15:36:00.277,22692,22693,22694,1,1
2024-10-07 15:36:00.277,22692,22693,22694,1,1
2024-10-07 15:36:00.314,22693,22696,22693,1,-1
2024-10-07 15:36:00.315,22693,22696,22693,1,-1
2024-10-07 15:36:00.316,22693,22696,22693,1,-1
2024-10-07 15:36:00.318,22693,22696,22692,1,-1
2024-10-07 15:36:00.318,22693,22696,22692,1,-1
2024-10-07 15:36:00.318,22693,22696,22692,1,-1
2024-10-07 15:36:00.660,22692,22694,22692,1,-1
2024-10-07 15:36:01.431,22691,22693,22693,1,1
2024-10-07 15:36:01.439,22693,22694,22692,1,-1
2024-10-07 15:36:01.439,22693,22694,22693,2,-2
2024-10-07 15:36:02.307,22691,22693,22693,1,1
2024-10-07 15:36:03.260,22691,22693,22691,2,-2
2024-10-07 15:36:03.589,22692,22693,22693,1,1
2024-10-07 15:36:03.591,22692,22693,22693,1,1
2024-10-07 15:36:04.665,22690,22693,22691,1,-1
2024-10-07 15:36:04.696,22691,22692,22691,1,-1
2024-10-07 15:36:04.708,22691,22692,22691,1,-1
2024-10-07 15:36:05.864,22690,22691,22691,1,1
2024-10-07 15:36:08.424,22691,22692,22691,1,-1
2024-10-07 15:36:10.618,22691,22692,22691,2,-2
2024-10-07 15:36:10.618,22691,22692,22691,1,-1
2024-10-07 15:36:10.618,22691,22692,22691,1,-1
2024-10-07 15:36:10.689,22690,22691,22690,1,-1
2024-10-07 15:36:10.689,22690,22691,22690,1,-1
2024-10-07 15:36:10.690,22690,22691,22690,1,-1
2024-10-07 15:36:10.690,22690,22691,22690,1,-1
2024-10-07 15:36:10.690,22690,22691,22690,1,-1
2024-10-07 15:36:10.690,22690,22691,22690,1,-1
2024-10-07 15:36:10.691,22690,22691,22690,1,-1
2024-10-07 15:36:10.827,22690,22691,22690,2,-2
2024-10-07 15:36:10.831,22690,22691,22690,3,-3
2024-10-07 15:36:10.859,22690,22691,22689,2,-2
2024-10-07 15:36:10.911,22690,22691,22689,1,-1
2024-10-07 15:36:10.986,22689,22690,22689,1,-1
2024-10-07 15:36:10.986,22689,22690,22688,1,-1
2024-10-07 15:36:11.036,22689,22690,22688,1,-1
2024-10-07 15:36:11.100,22688,22690,22688,1,-1
2024-10-07 15:36:11.119,22688,22690,22688,5,-5
2024-10-07 15:36:11.146,22688,22690,22688,1,-1
2024-10-07 15:36:11.147,22688,22690,22689,1,-1
2024-10-07 15:36:11.247,22688,22690,22690,2,2
2024-10-07 15:36:11.247,22688,22690,22690,1,1
2024-10-07 15:36:11.252,22688,22690,22691,1,1
2024-10-07 15:36:11.252,22688,22690,22691,1,1
2024-10-07 15:36:11.271,22688,22690,22689,2,2
2024-10-07 15:36:11.380,22690,22691,22690,1,-1
2024-10-07 15:36:11.430,22690,22691,22689,1,-1
2024-10-07 15:36:11.552,22688,22691,22688,2,-2
2024-10-07 15:36:12.363,22690,22691,22691,1,1
2024-10-07 15:36:12.523,22690,22692,22692,10,10
2024-10-07 15:36:12.741,22692,22693,22693,1,1
2024-10-07 15:36:12.742,22692,22693,22693,1,1
2024-10-07 15:36:12.979,22693,22695,22692,1,-1
2024-10-07 15:36:12.989,22693,22695,22692,1,-1
2024-10-07 15:36:13.387,22692,22695,22692,2,-2
2024-10-07 15:36:14.629,22691,22693,22693,1,1
2024-10-07 15:36:15.180,22692,22694,22691,9,-9
2024-10-07 15:36:15.180,22692,22694,22692,1,-1
2024-10-07 15:36:15.249,22691,22693,22691,1,-1
2024-10-07 15:36:16.159,22691,22693,22692,1,-1
2024-10-07 15:36:16.874,22691,22692,22692,1,1
2024-10-07 15:36:16.953,22691,22694,22691,2,-2
2024-10-07 15:36:20.084,22690,22692,22692,2,2
2024-10-07 15:36:20.372,22692,22694,22694,1,1
2024-10-07 15:36:21.159,22693,22695,22695,2,2
2024-10-07 15:36:21.188,22694,22696,22694,1,-1
2024-10-07 15:36:21.189,22694,22696,22693,1,-1
2024-10-07 15:36:21.189,22694,22696,22694,1,-1
2024-10-07 15:36:21.190,22694,22696,22693,1,-1
2024-10-07 15:36:21.650,22693,22695,22693,1,-1
2024-10-07 15:36:24.422,22695,22696,22695,1,-1
2024-10-07 15:36:24.422,22695,22696,22695,1,-1
