2019-05-29 15:00:00.035,10267,10268,10268,153
2019-05-29 15:00:00.162,10267,10268,10267,1
2019-05-29 15:00:00.171,10267,10268,10268,1
2019-05-29 15:00:00.185,10267,10268,10267,10
2019-05-29 15:00:00.281,10267,10268,10267,9
2019-05-29 15:00:00.321,10266,10267,10266,2
2019-05-29 15:00:00.382,10266,10267,10266,2
2019-05-29 15:00:00.480,10266,10267,10266,4
2019-05-29 15:00:00.493,10266,10267,10267,2
2019-05-29 15:00:00.636,10266,10267,10266,1
2019-05-29 15:00:00.644,10266,10267,10266,10
2019-05-29 15:00:00.868,10266,10267,10267,2
2019-05-29 15:00:00.926,10266,10267,10267,2
2019-05-29 15:00:01.017,10266,10267,10266,1
2019-05-29 15:00:01.199,10266,10267,10267,2
2019-05-29 15:00:01.207,10266,10267,10267,3
2019-05-29 15:00:01.228,10266,10267,10267,2
2019-05-29 15:00:01.228,10266,10267,10267,2
2019-05-29 15:00:01.229,10266,10267,10267,1
2019-05-29 15:00:01.339,10266,10268,10267,1
2019-05-29 15:00:01.344,10266,10268,10268,2
2019-05-29 15:00:01.434,10266,10268,10267,1
2019-05-29 15:00:01.442,10266,10268,10267,1
2019-05-29 15:00:01.442,10266,10268,10267,1
2019-05-29 15:00:01.442,10266,10268,10267,1
2019-05-29 15:00:01.564,10267,10268,10268,1
2019-05-29 15:00:01.662,10267,10268,10268,12
2019-05-29 15:00:01.728,10267,10268,10267,1
2019-05-29 15:00:02.057,10267,10269,10269,1
2019-05-29 15:00:02.162,10267,10269,10269,4
2019-05-29 15:00:02.180,10267,10269,10267,7
2019-05-29 15:00:02.189,10267,10269,10267,3
2019-05-29 15:00:02.275,10267,10269,10267,1
2019-05-29 15:00:02.275,10267,10269,10266,9
2019-05-29 15:00:02.612,10267,10268,10268,1
2019-05-29 15:00:02.775,10267,10268,10267,1
2019-05-29 15:00:02.889,10267,10269,10267,1
2019-05-29 15:00:02.930,10267,10269,10267,1
2019-05-29 15:00:03.108,10266,10268,10266,1
2019-05-29 15:00:03.402,10266,10268,10266,1
2019-05-29 15:00:03.541,10267,10268,10268,1
2019-05-29 15:00:03.944,10267,10268,10268,1
2019-05-29 15:00:04.097,10267,10268,10268,1
2019-05-29 15:00:04.313,10267,10268,10267,2
2019-05-29 15:00:04.314,10267,10268,10267,1
2019-05-29 15:00:04.393,10267,10268,10267,1
2019-05-29 15:00:04.393,10267,10268,10266,1
2019-05-29 15:00:05.154,10266,10268,10268,1
2019-05-29 15:00:05.844,10267,10268,10268,2
2019-05-29 15:00:05.971,10267,10268,10268,1
2019-05-29 15:00:06.032,10267,10268,10268,1
2019-05-29 15:00:06.105,10267,10268,10267,5
2019-05-29 15:00:06.287,10267,10268,10268,3
2019-05-29 15:00:06.412,10267,10268,10268,1
2019-05-29 15:00:06.467,10267,10268,10267,1
2019-05-29 15:00:06.856,10267,10269,10268,4
2019-05-29 15:00:06.856,10267,10269,10267,4
2019-05-29 15:00:07.062,10267,10269,10268,1
2019-05-29 15:00:07.110,10267,10269,10267,5
2019-05-29 15:00:07.571,10268,10269,10268,5
2019-05-29 15:00:07.621,10268,10269,10268,3
2019-05-29 15:00:07.827,10267,10268,10268,1
2019-05-29 15:00:08.053,10267,10269,10267,4
2019-05-29 15:00:08.620,10268,10269,10268,1
2019-05-29 15:00:09.083,10267,10268,10267,3
2019-05-29 15:00:09.941,10267,10268,10267,1
2019-05-29 15:00:10.098,10267,10268,10268,1
2019-05-29 15:00:10.299,10267,10268,10267,1
2019-05-29 15:00:10.588,10267,10268,10268,1
2019-05-29 15:00:10.650,10267,10268,10268,3
2019-05-29 15:00:10.650,10267,10268,10269,1
2019-05-29 15:00:12.166,10267,10268,10267,1
2019-05-29 15:00:12.268,10267,10268,10267,2
2019-05-29 15:00:13.348,10267,10268,10267,1
2019-05-29 15:00:13.601,10267,10268,10268,3
2019-05-29 15:00:14.465,10267,10268,10268,1
2019-05-29 15:00:15.500,10268,10269,10268,1
2019-05-29 15:00:15.621,10268,10269,10268,2
2019-05-29 15:00:15.737,10267,10268,10267,1
2019-05-29 15:00:15.806,10267,10268,10268,1
2019-05-29 15:00:15.960,10267,10268,10268,1
2019-05-29 15:00:16.568,10267,10269,10267,2
2019-05-29 15:00:17.121,10268,10269,10268,1
2019-05-29 15:00:17.246,10267,10268,10267,1
2019-05-29 15:00:17.733,10267,10269,10268,1
2019-05-29 15:00:18.178,10268,10269,10268,5
2019-05-29 15:00:18.406,10267,10268,10268,2
2019-05-29 15:00:19.111,10267,10268,10268,1
2019-05-29 15:00:19.143,10267,10268,10267,2
2019-05-29 15:00:19.467,10268,10269,10268,7
2019-05-29 15:00:19.467,10268,10269,10267,18
2019-05-29 15:00:20.075,10267,10269,10267,1
2019-05-29 15:00:20.228,10267,10269,10267,7
2019-05-29 15:00:20.228,10267,10269,10266,8
2019-05-29 15:00:20.818,10267,10268,10268,1
2019-05-29 15:00:21.024,10267,10269,10267,1
2019-05-29 15:00:21.247,10267,10269,10268,1
2019-05-29 15:00:21.500,10268,10269,10268,1
2019-05-29 15:00:22.006,10268,10269,10268,1
2019-05-29 15:00:22.846,10267,10268,10268,1
2019-05-29 15:00:23.274,10267,10268,10268,1
2019-05-29 15:00:23.669,10267,10268,10267,1
2019-05-29 15:00:23.870,10267,10268,10268,1
2019-05-29 15:00:24.096,10267,10268,10267,2
2019-05-29 15:00:24.590,10267,10268,10267,1
2019-05-29 15:00:25.338,10267,10268,10267,2
2019-05-29 15:00:25.779,10267,10268,10268,1
2019-05-29 15:00:25.864,10267,10268,10268,1
2019-05-29 15:00:26.244,10267,10268,10268,1
2019-05-29 15:00:26.310,10267,10269,10267,1
2019-05-29 15:00:26.367,10267,10269,10267,1
2019-05-29 15:00:27.271,10267,10269,10267,1
2019-05-29 15:00:27.413,10267,10269,10267,2
2019-05-29 15:00:27.595,10267,10269,10267,25
2019-05-29 15:00:28.232,10267,10268,10268,1
2019-05-29 15:00:29.039,10267,10268,10268,1
2019-05-29 15:00:29.070,10267,10268,10267,1
2019-05-29 15:00:30.004,10267,10268,10267,1
2019-05-29 15:00:30.502,10267,10268,10267,1
2019-05-29 15:00:34.230,10267,10268,10267,1
2019-05-29 15:00:34.860,10267,10268,10267,1
2019-05-29 15:00:36.544,10267,10268,10267,2
2019-05-29 15:00:38.031,10267,10268,10267,8
2019-05-29 15:00:39.749,10267,10268,10268,1
2019-05-29 15:00:39.903,10267,10268,10267,6
2019-05-29 15:00:40.312,10267,10268,10268,1
2019-05-29 15:00:40.381,10267,10268,10267,1
2019-05-29 15:00:40.449,10267,10268,10268,1
2019-05-29 15:00:40.506,10267,10268,10268,1
2019-05-29 15:00:41.379,10267,10268,10267,1
2019-05-29 15:00:41.757,10267,10268,10268,1
2019-05-29 15:00:42.486,10267,10268,10267,1
2019-05-29 15:00:43.013,10267,10268,10267,2
2019-05-29 15:00:43.323,10267,10268,10267,3
2019-05-29 15:00:43.966,10267,10268,10267,1
2019-05-29 15:00:44.600,10266,10267,10267,2
2019-05-29 15:00:44.910,10266,10268,10267,1
2019-05-29 15:00:45.528,10267,10268,10268,2
2019-05-29 15:00:46.520,10267,10268,10268,5
2019-05-29 15:00:47.340,10267,10268,10267,2
2019-05-29 15:00:49.284,10267,10268,10268,1
2019-05-29 15:00:51.353,10267,10268,10268,1
2019-05-29 15:00:51.969,10267,10268,10268,1
2019-05-29 15:00:52.771,10267,10268,10268,2
2019-05-29 15:00:53.510,10267,10268,10268,1
2019-05-29 15:00:53.537,10267,10268,10268,1
2019-05-29 15:00:53.596,10267,10268,10268,1
2019-05-29 15:00:55.262,10267,10268,10267,3
2019-05-29 15:00:55.362,10267,10268,10268,12
2019-05-29 15:00:55.827,10268,10269,10268,1
2019-05-29 15:00:55.849,10268,10269,10269,1
2019-05-29 15:00:56.167,10268,10269,10269,1
2019-05-29 15:00:56.943,10268,10269,10268,1
2019-05-29 15:00:58.498,10268,10269,10269,1
2019-05-29 15:00:58.954,10268,10269,10268,1
2019-05-29 15:00:58.980,10268,10269,10268,1
2019-05-29 15:00:59.901,10268,10269,10269,13
2019-05-29 15:00:59.901,10268,10269,10270,15
2019-05-29 15:01:00.156,10269,10270,10270,1
2019-05-29 15:01:00.299,10269,10270,10269,1
2019-05-29 15:01:00.662,10269,10270,10269,3
2019-05-29 15:01:01.355,10268,10269,10268,5
2019-05-29 15:01:01.452,10268,10269,10268,7
2019-05-29 15:01:01.452,10268,10269,10267,3
2019-05-29 15:01:01.987,10268,10269,10268,3
2019-05-29 15:01:02.030,10268,10269,10268,2
2019-05-29 15:01:02.030,10268,10269,10267,3
2019-05-29 15:01:02.033,10268,10269,10268,1
2019-05-29 15:01:02.636,10268,10269,10269,1
2019-05-29 15:01:02.978,10268,10269,10268,4
2019-05-29 15:01:03.066,10268,10269,10269,1
2019-05-29 15:01:03.169,10268,10269,10268,1
2019-05-29 15:01:03.828,10267,10268,10268,7
2019-05-29 15:01:08.948,10268,10269,10268,1
2019-05-29 15:01:09.124,10268,10269,10268,1
2019-05-29 15:01:14.665,10268,10269,10268,10
2019-05-29 15:01:16.662,10268,10269,10269,1
2019-05-29 15:01:18.538,10268,10269,10268,1
2019-05-29 15:01:19.550,10268,10269,10269,1
2019-05-29 15:01:19.800,10268,10269,10269,1
2019-05-29 15:01:22.039,10268,10269,10269,1
2019-05-29 15:01:24.448,10268,10269,10268,10
2019-05-29 15:01:25.471,10268,10269,10269,1
2019-05-29 15:01:25.892,10268,10269,10268,2
2019-05-29 15:01:26.176,10268,10269,10269,1
2019-05-29 15:01:27.285,10268,10269,10269,2
2019-05-29 15:01:27.458,10268,10269,10269,3
2019-05-29 15:01:28.073,10268,10269,10269,1
2019-05-29 15:01:28.675,10268,10269,10269,1
2019-05-29 15:01:28.881,10268,10269,10268,1
2019-05-29 15:01:29.555,10268,10269,10269,1
2019-05-29 15:01:29.711,10268,10269,10268,4
2019-05-29 15:01:29.733,10268,10269,10268,1
2019-05-29 15:01:31.017,10268,10269,10268,1
2019-05-29 15:01:31.042,10268,10269,10269,1
2019-05-29 15:01:31.221,10268,10269,10268,1
2019-05-29 15:01:31.965,10268,10269,10268,2
2019-05-29 15:01:33.507,10268,10269,10269,2
2019-05-29 15:01:35.615,10268,10269,10268,2
2019-05-29 15:01:36.483,10268,10269,10269,3
2019-05-29 15:01:36.583,10268,10269,10268,2
2019-05-29 15:01:37.238,10268,10269,10269,1
2019-05-29 15:01:38.275,10268,10269,10268,1
2019-05-29 15:01:39.912,10268,10269,10268,1
2019-05-29 15:01:40.084,10268,10269,10268,1
2019-05-29 15:01:40.765,10268,10269,10269,8
2019-05-29 15:01:40.765,10268,10269,10269,1
2019-05-29 15:01:47.101,10269,10270,10270,1
2019-05-29 15:01:49.008,10269,10270,10270,1
2019-05-29 15:01:52.438,10269,10270,10270,2
2019-05-29 15:01:53.888,10269,10270,10270,5
2019-05-29 15:01:54.700,10269,10270,10270,1
2019-05-29 15:01:57.781,10269,10270,10270,1
2019-05-29 15:01:58.769,10269,10270,10269,10
2019-05-29 15:01:59.838,10269,10270,10269,1
2019-05-29 15:02:00.564,10269,10270,10270,1
2019-05-29 15:02:00.638,10269,10270,10270,1
2019-05-29 15:02:00.679,10269,10270,10270,6
2019-05-29 15:02:01.756,10269,10270,10270,1
2019-05-29 15:02:02.621,10269,10270,10269,2
2019-05-29 15:02:03.103,10269,10270,10269,3
2019-05-29 15:02:04.030,10269,10270,10270,15
2019-05-29 15:02:04.044,10269,10270,10270,1
2019-05-29 15:02:04.369,10269,10270,10269,1
2019-05-29 15:02:05.663,10269,10270,10269,1
2019-05-29 15:02:05.913,10269,10270,10269,1
2019-05-29 15:02:05.982,10269,10270,10269,8
2019-05-29 15:02:09.107,10269,10270,10270,1
2019-05-29 15:02:09.400,10269,10270,10270,1
2019-05-29 15:02:13.768,10269,10270,10269,1
2019-05-29 15:02:15.198,10269,10270,10269,1
2019-05-29 15:02:15.250,10269,10270,10270,1
2019-05-29 15:02:22.765,10269,10270,10269,1
2019-05-29 15:02:24.036,10269,10270,10269,1
2019-05-29 15:02:24.961,10269,10270,10270,1
2019-05-29 15:02:25.904,10269,10270,10269,1
2019-05-29 15:02:27.537,10269,10270,10269,4
2019-05-29 15:02:27.641,10269,10270,10269,4
2019-05-29 15:02:27.662,10269,10270,10269,6
2019-05-29 15:02:28.236,10268,10269,10269,1
2019-05-29 15:02:28.611,10268,10269,10268,10
2019-05-29 15:02:28.852,10268,10269,10269,5
2019-05-29 15:02:29.818,10268,10269,10269,1
2019-05-29 15:02:32.774,10268,10269,10269,1
2019-05-29 15:02:33.939,10268,10269,10269,2
2019-05-29 15:02:39.469,10268,10269,10268,2
2019-05-29 15:02:39.674,10268,10269,10269,1
2019-05-29 15:02:40.300,10268,10269,10269,1
2019-05-29 15:02:40.360,10268,10269,10268,1
2019-05-29 15:02:41.042,10268,10269,10268,3
2019-05-29 15:02:41.475,10268,10269,10268,1
2019-05-29 15:02:43.249,10268,10269,10269,1
2019-05-29 15:02:45.661,10268,10269,10268,1
2019-05-29 15:02:47.082,10268,10269,10268,5
2019-05-29 15:02:47.847,10268,10269,10269,1
2019-05-29 15:02:48.868,10268,10269,10269,2
2019-05-29 15:02:49.095,10268,10269,10269,1
2019-05-29 15:02:49.278,10268,10269,10269,1
2019-05-29 15:02:49.829,10268,10269,10269,1
2019-05-29 15:02:50.849,10268,10269,10269,2
2019-05-29 15:02:55.794,10268,10269,10269,1
2019-05-29 15:02:59.436,10268,10269,10268,2
2019-05-29 15:03:00.088,10268,10269,10268,1
2019-05-29 15:03:00.143,10268,10269,10268,1
2019-05-29 15:03:01.587,10268,10269,10269,1
2019-05-29 15:03:02.189,10268,10269,10268,10
2019-05-29 15:03:02.346,10268,10269,10269,1
2019-05-29 15:03:02.383,10268,10269,10268,10
2019-05-29 15:03:02.575,10268,10269,10268,3
2019-05-29 15:03:04.327,10268,10269,10268,3
2019-05-29 15:03:04.888,10268,10269,10268,1
2019-05-29 15:03:04.926,10268,10269,10268,2
2019-05-29 15:03:06.534,10268,10269,10268,2
2019-05-29 15:03:06.714,10268,10269,10269,2
2019-05-29 15:03:08.316,10268,10269,10268,1
2019-05-29 15:03:09.654,10268,10269,10268,2
2019-05-29 15:03:12.131,10268,10269,10268,1
2019-05-29 15:03:12.520,10268,10269,10268,1
2019-05-29 15:03:12.704,10268,10269,10269,1
2019-05-29 15:03:13.784,10268,10269,10268,1
2019-05-29 15:03:14.025,10268,10269,10268,2
2019-05-29 15:03:14.220,10268,10269,10268,1
2019-05-29 15:03:15.097,10268,10269,10269,1
2019-05-29 15:03:19.174,10268,10269,10269,1
2019-05-29 15:03:19.754,10268,10269,10268,2
2019-05-29 15:03:23.711,10268,10269,10269,2
2019-05-29 15:03:24.113,10268,10269,10269,1
2019-05-29 15:03:25.808,10268,10269,10269,1
2019-05-29 15:03:25.941,10268,10269,10269,1
2019-05-29 15:03:27.038,10268,10269,10269,2
2019-05-29 15:03:29.624,10268,10269,10269,7
2019-05-29 15:03:29.684,10269,10270,10270,1
2019-05-29 15:03:31.870,10269,10270,10269,1
2019-05-29 15:03:32.736,10269,10270,10269,2
2019-05-29 15:03:33.572,10269,10270,10269,1
2019-05-29 15:03:36.368,10269,10270,10269,1
2019-05-29 15:03:39.308,10269,10270,10270,1
2019-05-29 15:03:39.646,10269,10270,10269,1
2019-05-29 15:03:40.381,10269,10270,10270,5
2019-05-29 15:03:43.360,10269,10270,10270,1
2019-05-29 15:03:44.785,10269,10270,10270,29
2019-05-29 15:03:44.803,10269,10271,10270,2
2019-05-29 15:03:50.741,10270,10271,10271,1
2019-05-29 15:03:50.831,10270,10271,10271,1
2019-05-29 15:03:50.853,10270,10271,10271,1
2019-05-29 15:03:51.894,10271,10272,10271,1
2019-05-29 15:03:53.314,10270,10271,10271,1
2019-05-29 15:03:58.645,10270,10271,10270,3
2019-05-29 15:03:59.561,10270,10271,10271,1
2019-05-29 15:04:00.674,10270,10271,10271,1
2019-05-29 15:04:00.809,10270,10271,10271,1
2019-05-29 15:04:01.929,10270,10271,10271,1
2019-05-29 15:04:02.692,10270,10271,10271,1
2019-05-29 15:04:03.677,10270,10271,10271,1
2019-05-29 15:04:04.018,10270,10271,10271,1
2019-05-29 15:04:08.527,10271,10272,10272,1
2019-05-29 15:04:08.773,10271,10272,10272,1
2019-05-29 15:04:10.284,10271,10272,10272,1
2019-05-29 15:04:11.076,10271,10272,10272,1
2019-05-29 15:04:12.289,10271,10272,10271,3
2019-05-29 15:04:18.001,10271,10272,10271,1
2019-05-29 15:04:23.464,10271,10272,10271,1
2019-05-29 15:04:24.278,10271,10272,10271,1
2019-05-29 15:04:26.480,10271,10272,10271,1
2019-05-29 15:04:26.746,10271,10272,10271,3
2019-05-29 15:04:26.809,10271,10272,10272,1
2019-05-29 15:04:29.558,10271,10272,10272,1
2019-05-29 15:04:30.043,10271,10272,10272,1
2019-05-29 15:04:33.918,10271,10272,10272,1
2019-05-29 15:04:35.523,10271,10272,10272,2
2019-05-29 15:04:36.158,10271,10272,10272,1
2019-05-29 15:04:36.402,10271,10272,10272,2
2019-05-29 15:04:37.181,10271,10272,10272,1
2019-05-29 15:04:38.229,10271,10272,10272,3
2019-05-29 15:04:38.865,10272,10273,10272,2
2019-05-29 15:04:39.867,10272,10273,10273,2
2019-05-29 15:04:39.939,10272,10273,10273,1
2019-05-29 15:04:40.015,10272,10273,10273,2
2019-05-29 15:04:41.684,10272,10273,10272,1
2019-05-29 15:04:46.450,10272,10273,10273,2
2019-05-29 15:04:48.102,10272,10273,10273,1
2019-05-29 15:04:48.193,10272,10273,10273,3
2019-05-29 15:04:49.720,10272,10273,10272,2
2019-05-29 15:04:50.257,10272,10273,10273,1
2019-05-29 15:04:52.174,10272,10273,10273,1
2019-05-29 15:04:52.660,10272,10273,10273,1
2019-05-29 15:04:55.042,10272,10273,10272,1
2019-05-29 15:04:55.205,10272,10273,10273,1
2019-05-29 15:04:56.164,10272,10273,10273,2
2019-05-29 15:04:57.481,10272,10273,10273,2
2019-05-29 15:04:59.189,10272,10273,10272,2
2019-05-29 15:04:59.201,10272,10273,10272,2
2019-05-29 15:04:59.287,10272,10273,10272,10
2019-05-29 15:04:59.287,10272,10273,10272,4
2019-05-29 15:04:59.287,10272,10273,10272,13
2019-05-29 15:04:59.287,10272,10273,10272,1
2019-05-29 15:04:59.288,10272,10273,10272,4
2019-05-29 15:04:59.288,10272,10273,10273,1
2019-05-29 15:04:59.555,10271,10273,10273,1
2019-05-29 15:04:59.734,10271,10273,10273,1
2019-05-29 15:05:02.245,10272,10273,10272,1
2019-05-29 15:05:02.335,10271,10272,10273,4
2019-05-29 15:05:02.918,10271,10272,10272,2
2019-05-29 15:05:07.312,10271,10272,10271,1
2019-05-29 15:05:07.487,10271,10272,10272,1
2019-05-29 15:05:07.566,10271,10272,10271,1
2019-05-29 15:05:07.658,10271,10272,10272,10
2019-05-29 15:05:08.121,10271,10272,10272,6
2019-05-29 15:05:10.457,10271,10272,10272,1
2019-05-29 15:05:12.168,10271,10272,10272,3
2019-05-29 15:05:12.202,10271,10272,10272,1
2019-05-29 15:05:12.255,10271,10272,10272,3
2019-05-29 15:05:12.287,10271,10272,10272,11
2019-05-29 15:05:18.704,10272,10273,10273,3
2019-05-29 15:05:19.017,10272,10273,10273,1
2019-05-29 15:05:19.918,10272,10273,10273,2
2019-05-29 15:05:24.374,10272,10273,10273,1
2019-05-29 15:05:25.612,10272,10273,10273,1
2019-05-29 15:05:27.135,10272,10273,10273,1
2019-05-29 15:05:29.725,10272,10273,10273,2
2019-05-29 15:05:30.009,10272,10273,10273,2
2019-05-29 15:05:32.568,10272,10273,10272,12
2019-05-29 15:05:34.335,10271,10272,10272,1
2019-05-29 15:05:38.122,10271,10272,10272,6
2019-05-29 15:05:40.478,10271,10272,10272,3
2019-05-29 15:05:42.365,10271,10272,10272,15
2019-05-29 15:05:47.072,10272,10273,10272,2
2019-05-29 15:05:58.305,10272,10273,10273,2
2019-05-29 15:06:03.749,10272,10273,10273,2
2019-05-29 15:06:03.787,10272,10273,10273,4
2019-05-29 15:06:03.787,10272,10273,10273,2
2019-05-29 15:06:04.038,10273,10274,10273,1
2019-05-29 15:06:11.413,10273,10274,10273,1
2019-05-29 15:06:11.962,10273,10274,10274,1
2019-05-29 15:06:15.164,10273,10274,10273,3
2019-05-29 15:06:16.727,10272,10273,10272,2
2019-05-29 15:06:18.679,10272,10273,10272,25
2019-05-29 15:06:23.868,10272,10273,10273,3
2019-05-29 15:06:23.868,10272,10273,10274,2
2019-05-29 15:06:24.106,10272,10274,10273,2
2019-05-29 15:06:25.046,10272,10274,10272,1
2019-05-29 15:06:31.066,10272,10273,10273,2
2019-05-29 15:06:37.147,10272,10273,10273,1
2019-05-29 15:06:37.814,10272,10273,10273,1
2019-05-29 15:06:38.333,10272,10273,10273,2
2019-05-29 15:06:43.486,10272,10273,10273,3
2019-05-29 15:06:43.538,10273,10274,10273,1
2019-05-29 15:06:43.539,10273,10274,10273,1
2019-05-29 15:06:47.560,10272,10273,10272,1
2019-05-29 15:06:49.186,10272,10273,10273,1
2019-05-29 15:06:50.409,10272,10273,10272,10
2019-05-29 15:06:56.265,10272,10273,10273,1
2019-05-29 15:06:57.760,10272,10273,10272,2
2019-05-29 15:06:57.953,10272,10273,10272,1
2019-05-29 15:07:01.570,10272,10273,10272,1
2019-05-29 15:07:02.388,10272,10273,10272,2
2019-05-29 15:07:04.159,10272,10273,10272,1
2019-05-29 15:07:04.729,10272,10273,10272,1
2019-05-29 15:07:07.736,10272,10273,10272,11
2019-05-29 15:07:07.736,10272,10273,10273,1
2019-05-29 15:07:08.087,10271,10272,10272,1
2019-05-29 15:07:09.912,10271,10272,10272,1
2019-05-29 15:07:14.977,10271,10272,10272,1
2019-05-29 15:07:15.108,10271,10272,10272,1
2019-05-29 15:07:20.990,10271,10272,10272,10
2019-05-29 15:07:21.426,10271,10272,10272,1
2019-05-29 15:07:21.647,10271,10272,10272,2
2019-05-29 15:07:24.052,10271,10272,10272,4
2019-05-29 15:07:25.135,10271,10272,10272,4
2019-05-29 15:07:29.376,10271,10272,10272,1
2019-05-29 15:07:29.461,10271,10272,10272,1
2019-05-29 15:07:31.481,10271,10272,10272,5
2019-05-29 15:07:33.412,10271,10272,10272,2
2019-05-29 15:07:34.443,10271,10272,10272,2
2019-05-29 15:07:35.355,10271,10272,10272,2
2019-05-29 15:07:37.701,10271,10272,10271,1
2019-05-29 15:07:37.714,10271,10272,10271,1
2019-05-29 15:07:37.727,10271,10272,10271,4
2019-05-29 15:07:37.787,10271,10272,10271,25
2019-05-29 15:07:38.051,10270,10272,10271,1
2019-05-29 15:07:40.640,10270,10272,10272,2
2019-05-29 15:07:56.746,10270,10271,10271,1
2019-05-29 15:07:58.414,10270,10271,10270,9
2019-05-29 15:07:58.766,10270,10271,10271,1
2019-05-29 15:08:00.829,10270,10271,10270,21
2019-05-29 15:08:01.312,10269,10270,10269,10
2019-05-29 15:08:03.283,10268,10270,10269,1
2019-05-29 15:08:03.685,10268,10270,10269,1
2019-05-29 15:08:03.877,10268,10270,10270,1
2019-05-29 15:08:08.385,10269,10270,10270,1
2019-05-29 15:08:08.848,10269,10270,10269,1
2019-05-29 15:08:12.585,10269,10270,10270,1
2019-05-29 15:08:12.662,10269,10270,10270,1
2019-05-29 15:08:12.913,10270,10271,10270,1
2019-05-29 15:08:14.554,10269,10270,10270,1
2019-05-29 15:08:16.387,10270,10271,10270,1
2019-05-29 15:08:16.493,10270,10271,10270,1
2019-05-29 15:08:16.751,10270,10271,10270,1
2019-05-29 15:08:25.512,10270,10271,10270,2
2019-05-29 15:08:27.412,10270,10271,10271,4
2019-05-29 15:08:36.370,10270,10271,10271,1
2019-05-29 15:08:38.343,10270,10271,10271,1
2019-05-29 15:08:39.669,10270,10271,10270,1
2019-05-29 15:08:39.669,10270,10271,10270,1
2019-05-29 15:08:39.681,10270,10271,10270,5
2019-05-29 15:08:40.554,10269,10271,10271,2
2019-05-29 15:08:42.055,10269,10271,10271,2
2019-05-29 15:08:43.460,10269,10271,10269,4
2019-05-29 15:08:46.113,10270,10271,10270,4
2019-05-29 15:08:47.991,10270,10271,10271,1
2019-05-29 15:08:49.128,10270,10271,10271,8
2019-05-29 15:08:52.334,10270,10271,10270,1
2019-05-29 15:08:54.652,10270,10271,10270,5
2019-05-29 15:08:57.679,10270,10271,10270,5
2019-05-29 15:09:00.310,10270,10271,10270,1
2019-05-29 15:09:01.201,10269,10270,10270,1
2019-05-29 15:09:02.885,10269,10270,10269,7
2019-05-29 15:09:04.428,10269,10270,10270,2
2019-05-29 15:09:11.274,10269,10270,10270,2
2019-05-29 15:09:15.550,10269,10270,10269,1
2019-05-29 15:09:16.139,10269,10270,10269,2
2019-05-29 15:09:21.329,10269,10270,10270,5
2019-05-29 15:09:29.832,10269,10270,10269,2
2019-05-29 15:09:36.328,10269,10270,10270,2
2019-05-29 15:09:37.881,10269,10270,10270,1
2019-05-29 15:09:41.412,10269,10270,10270,2
2019-05-29 15:09:41.537,10269,10270,10270,14
2019-05-29 15:09:41.828,10270,10271,10270,5
2019-05-29 15:09:42.441,10270,10271,10270,1
2019-05-29 15:09:44.563,10270,10271,10270,1
2019-05-29 15:09:49.341,10270,10271,10270,3
2019-05-29 15:09:49.439,10269,10270,10270,2
2019-05-29 15:09:49.825,10269,10271,10270,2
2019-05-29 15:09:57.022,10270,10271,10270,1
2019-05-29 15:10:10.186,10270,10271,10270,1
2019-05-29 15:10:15.354,10270,10271,10271,2
2019-05-29 15:10:15.761,10270,10271,10270,2
2019-05-29 15:10:25.491,10270,10271,10270,1
2019-05-29 15:10:28.970,10270,10271,10270,1
2019-05-29 15:10:29.521,10270,10271,10270,1
2019-05-29 15:10:29.904,10270,10271,10270,1
2019-05-29 15:10:31.150,10270,10271,10270,1
2019-05-29 15:10:34.125,10270,10271,10271,2
2019-05-29 15:10:36.840,10270,10271,10270,1
2019-05-29 15:10:39.826,10270,10271,10270,1
2019-05-29 15:10:42.528,10270,10271,10270,4
2019-05-29 15:10:55.315,10269,10270,10270,1
2019-05-29 15:10:59.792,10269,10270,10270,1
2019-05-29 15:11:00.453,10269,10270,10270,7
2019-05-29 15:11:03.919,10270,10271,10271,1
2019-05-29 15:11:04.056,10270,10271,10270,1
2019-05-29 15:11:07.747,10270,10271,10270,1
2019-05-29 15:11:07.756,10270,10271,10271,1
2019-05-29 15:11:09.720,10270,10271,10270,10
2019-05-29 15:11:10.434,10270,10271,10270,10
2019-05-29 15:11:11.596,10270,10271,10270,1
2019-05-29 15:11:12.310,10270,10271,10270,1
2019-05-29 15:11:14.931,10270,10271,10271,15
2019-05-29 15:11:15.346,10271,10272,10271,5
2019-05-29 15:11:15.468,10271,10272,10271,5
2019-05-29 15:11:17.312,10271,10272,10271,1
2019-05-29 15:11:24.370,10270,10271,10271,1
2019-05-29 15:11:29.602,10270,10271,10271,3
2019-05-29 15:11:29.797,10270,10271,10270,5
2019-05-29 15:11:37.290,10270,10271,10271,1
2019-05-29 15:11:38.734,10270,10271,10271,1
2019-05-29 15:11:39.173,10270,10271,10270,1
2019-05-29 15:11:43.436,10270,10271,10270,1
2019-05-29 15:11:49.964,10270,10271,10271,1
2019-05-29 15:11:50.990,10270,10271,10271,6
2019-05-29 15:11:52.287,10271,10272,10272,3
2019-05-29 15:11:52.412,10271,10272,10272,13
2019-05-29 15:11:52.825,10272,10273,10272,5
2019-05-29 15:11:59.123,10272,10273,10272,5
2019-05-29 15:12:01.723,10272,10273,10272,5
2019-05-29 15:12:04.065,10272,10273,10272,1
2019-05-29 15:12:04.539,10272,10273,10273,1
2019-05-29 15:12:05.994,10272,10273,10272,1
2019-05-29 15:12:10.450,10272,10273,10273,2
2019-05-29 15:12:10.874,10272,10273,10273,1
2019-05-29 15:12:17.317,10272,10273,10273,1
2019-05-29 15:12:17.479,10272,10273,10273,1
2019-05-29 15:12:18.958,10272,10273,10273,1
2019-05-29 15:12:19.540,10272,10273,10272,1
2019-05-29 15:12:27.426,10272,10273,10273,1
2019-05-29 15:12:30.287,10272,10273,10272,2
2019-05-29 15:12:31.792,10272,10273,10273,2
2019-05-29 15:12:32.037,10272,10273,10273,1
2019-05-29 15:12:32.164,10272,10273,10273,18
2019-05-29 15:12:33.715,10273,10274,10274,1
2019-05-29 15:12:35.246,10273,10274,10274,1
2019-05-29 15:12:35.417,10273,10274,10273,1
2019-05-29 15:12:35.485,10273,10274,10273,1
2019-05-29 15:12:36.807,10273,10274,10273,1
2019-05-29 15:12:39.277,10272,10273,10273,1
2019-05-29 15:12:47.413,10272,10273,10273,2
2019-05-29 15:12:47.872,10272,10273,10273,3
2019-05-29 15:12:58.671,10273,10274,10274,1
2019-05-29 15:13:01.143,10273,10274,10273,1
2019-05-29 15:13:01.397,10273,10274,10274,1
2019-05-29 15:13:03.594,10273,10274,10273,5
2019-05-29 15:13:06.788,10273,10274,10273,1
2019-05-29 15:13:10.121,10273,10274,10273,1
2019-05-29 15:13:14.237,10273,10274,10273,5
2019-05-29 15:13:17.656,10273,10274,10274,1
2019-05-29 15:13:20.067,10273,10274,10273,1
2019-05-29 15:13:22.383,10273,10274,10273,1
2019-05-29 15:13:23.360,10273,10274,10273,5
2019-05-29 15:13:27.416,10273,10274,10273,5
2019-05-29 15:13:28.072,10273,10274,10274,1
2019-05-29 15:13:28.102,10273,10274,10273,4
2019-05-29 15:13:28.944,10272,10273,10273,1
2019-05-29 15:13:31.294,10272,10273,10273,1
2019-05-29 15:13:31.723,10272,10273,10272,1
2019-05-29 15:13:33.512,10272,10273,10272,5
2019-05-29 15:13:39.025,10272,10273,10273,1
2019-05-29 15:13:39.434,10272,10273,10273,2
2019-05-29 15:13:44.760,10272,10273,10272,10
2019-05-29 15:13:46.867,10272,10273,10272,1
2019-05-29 15:13:47.017,10272,10273,10272,1
2019-05-29 15:13:47.630,10272,10273,10272,1
2019-05-29 15:13:47.766,10272,10273,10272,1
2019-05-29 15:13:51.489,10272,10273,10272,1
2019-05-29 15:13:51.496,10272,10273,10272,3
2019-05-29 15:13:51.582,10271,10272,10272,1
2019-05-29 15:13:52.184,10271,10272,10272,3
2019-05-29 15:14:00.616,10271,10272,10272,1
2019-05-29 15:14:00.646,10271,10272,10271,10
2019-05-29 15:14:02.390,10271,10272,10271,1
2019-05-29 15:14:03.337,10271,10272,10271,1
2019-05-29 15:14:04.594,10271,10272,10271,1
2019-05-29 15:14:05.280,10271,10272,10271,1
2019-05-29 15:14:07.095,10271,10272,10271,1
2019-05-29 15:14:09.120,10270,10271,10271,1
2019-05-29 15:14:10.405,10271,10272,10272,1
2019-05-29 15:14:11.118,10271,10272,10271,3
2019-05-29 15:14:13.633,10270,10271,10270,10
2019-05-29 15:14:16.070,10270,10271,10271,1
2019-05-29 15:14:18.424,10270,10271,10271,4
2019-05-29 15:14:26.760,10271,10272,10271,1
2019-05-29 15:14:26.972,10270,10271,10271,1
2019-05-29 15:14:37.400,10270,10271,10270,1
2019-05-29 15:14:37.537,10270,10271,10270,23
2019-05-29 15:14:37.580,10270,10271,10270,1
2019-05-29 15:14:37.580,10270,10271,10270,1
2019-05-29 15:14:37.662,10270,10271,10270,19
2019-05-29 15:14:37.662,10270,10271,10270,2
2019-05-29 15:14:37.662,10270,10271,10270,4
2019-05-29 15:14:37.976,10270,10271,10271,1
2019-05-29 15:14:41.055,10270,10271,10270,3
2019-05-29 15:14:43.305,10270,10271,10270,40
2019-05-29 15:14:43.795,10269,10270,10269,9
2019-05-29 15:14:43.911,10269,10270,10269,7
2019-05-29 15:14:43.911,10269,10270,10269,7
2019-05-29 15:14:43.911,10269,10270,10269,8
2019-05-29 15:14:43.911,10269,10270,10269,8
2019-05-29 15:14:44.198,10268,10269,10268,4
2019-05-29 15:14:44.213,10268,10269,10268,4
2019-05-29 15:14:44.234,10268,10269,10268,4
2019-05-29 15:14:44.278,10268,10269,10268,4
2019-05-29 15:14:44.333,10268,10269,10268,1
2019-05-29 15:14:44.424,10268,10269,10268,1
2019-05-29 15:14:44.675,10268,10269,10268,5
2019-05-29 15:14:45.065,10268,10269,10269,2
2019-05-29 15:14:46.181,10268,10269,10269,1
2019-05-29 15:14:48.309,10268,10269,10269,1
2019-05-29 15:14:49.857,10268,10269,10269,9
2019-05-29 15:14:50.828,10268,10269,10268,1
2019-05-29 15:14:53.606,10268,10269,10268,1
2019-05-29 15:14:56.083,10268,10269,10268,3
2019-05-29 15:14:56.764,10268,10269,10268,1
2019-05-29 15:14:57.204,10268,10269,10268,10
2019-05-29 15:14:58.044,10268,10269,10269,1
2019-05-29 15:14:58.443,10268,10269,10268,1
2019-05-29 15:15:01.932,10268,10269,10268,1
2019-05-29 15:15:02.119,10268,10269,10268,1
2019-05-29 15:15:02.588,10268,10269,10268,4
2019-05-29 15:15:03.542,10268,10269,10268,1
2019-05-29 15:15:04.187,10268,10269,10268,1
2019-05-29 15:15:04.187,10268,10269,10268,2
2019-05-29 15:15:04.193,10268,10269,10268,18
2019-05-29 15:15:04.677,10267,10268,10268,3
2019-05-29 15:15:05.230,10267,10268,10268,1
2019-05-29 15:15:05.346,10267,10268,10268,1
2019-05-29 15:15:05.512,10267,10268,10268,3
2019-05-29 15:15:05.565,10267,10268,10268,2
2019-05-29 15:15:05.565,10267,10268,10268,1
2019-05-29 15:15:05.784,10268,10269,10269,1
2019-05-29 15:15:10.307,10268,10269,10268,1
2019-05-29 15:15:10.339,10268,10269,10268,4
2019-05-29 15:15:11.584,10267,10268,10267,1
2019-05-29 15:15:11.752,10267,10268,10267,1
2019-05-29 15:15:12.542,10267,10268,10267,2
2019-05-29 15:15:12.723,10267,10268,10268,1
2019-05-29 15:15:13.581,10267,10268,10268,1
2019-05-29 15:15:14.538,10267,10268,10267,1
2019-05-29 15:15:15.217,10267,10268,10268,1
2019-05-29 15:15:15.790,10267,10268,10267,1
2019-05-29 15:15:18.317,10267,10268,10268,1
2019-05-29 15:15:19.335,10267,10268,10268,5
2019-05-29 15:15:19.418,10267,10268,10268,1
2019-05-29 15:15:20.489,10267,10268,10268,2
2019-05-29 15:15:26.122,10267,10268,10267,1
2019-05-29 15:15:29.653,10267,10268,10268,1
2019-05-29 15:15:29.699,10267,10268,10268,1
2019-05-29 15:15:29.795,10267,10268,10268,1
2019-05-29 15:15:31.371,10267,10268,10268,4
2019-05-29 15:15:35.095,10267,10268,10268,1
2019-05-29 15:15:39.256,10267,10268,10268,16
2019-05-29 15:15:45.195,10268,10269,10269,4
2019-05-29 15:15:45.287,10268,10269,10269,7
2019-05-29 15:15:46.583,10268,10269,10269,3
2019-05-29 15:15:49.466,10268,10269,10269,1
2019-05-29 15:15:57.583,10268,10269,10268,2
2019-05-29 15:15:57.606,10268,10269,10268,10
2019-05-29 15:15:57.643,10268,10269,10268,4
2019-05-29 15:15:58.196,10267,10268,10268,1
2019-05-29 15:15:58.374,10267,10268,10268,1
2019-05-29 15:15:58.402,10267,10268,10267,2
2019-05-29 15:15:59.246,10267,10268,10267,1
2019-05-29 15:16:01.167,10267,10268,10268,1
2019-05-29 15:16:02.045,10267,10268,10267,1
2019-05-29 15:16:02.774,10267,10268,10268,3
2019-05-29 15:16:03.022,10267,10268,10268,5
2019-05-29 15:16:08.282,10268,10269,10268,2
2019-05-29 15:16:10.150,10268,10269,10268,2
2019-05-29 15:16:10.150,10268,10269,10268,2
2019-05-29 15:16:12.059,10267,10268,10267,2
2019-05-29 15:16:12.162,10267,10268,10267,4
2019-05-29 15:16:12.287,10267,10268,10267,14
2019-05-29 15:16:12.288,10267,10268,10268,2
2019-05-29 15:16:13.757,10267,10268,10268,2
2019-05-29 15:16:13.864,10267,10268,10268,1
2019-05-29 15:16:14.182,10267,10268,10268,1
2019-05-29 15:16:17.401,10267,10268,10267,34
2019-05-29 15:16:25.809,10266,10267,10266,4
2019-05-29 15:16:26.088,10266,10267,10266,1
2019-05-29 15:16:26.273,10266,10267,10266,1
2019-05-29 15:16:26.608,10266,10267,10266,1
2019-05-29 15:16:27.390,10266,10267,10266,41
2019-05-29 15:16:30.811,10265,10266,10265,1
2019-05-29 15:16:31.085,10265,10266,10265,1
2019-05-29 15:16:32.137,10265,10266,10265,1
2019-05-29 15:16:32.991,10265,10266,10265,3
2019-05-29 15:16:34.705,10265,10266,10266,2
2019-05-29 15:16:35.323,10265,10266,10265,1
2019-05-29 15:16:35.483,10265,10266,10265,2
2019-05-29 15:16:35.848,10265,10266,10265,25
2019-05-29 15:16:37.472,10265,10266,10265,3
2019-05-29 15:16:38.458,10265,10266,10266,1
2019-05-29 15:16:40.601,10265,10266,10265,1
2019-05-29 15:16:42.236,10265,10266,10265,1
2019-05-29 15:16:42.825,10265,10266,10266,1
2019-05-29 15:16:42.964,10265,10266,10265,1
2019-05-29 15:16:46.645,10265,10266,10265,1
2019-05-29 15:16:47.240,10265,10266,10265,1
2019-05-29 15:16:49.264,10265,10266,10265,2
2019-05-29 15:16:49.725,10265,10266,10265,1
2019-05-29 15:16:50.391,10265,10266,10266,1
2019-05-29 15:16:50.771,10265,10266,10266,1
2019-05-29 15:16:58.390,10265,10266,10265,1
2019-05-29 15:16:59.292,10265,10266,10266,1
2019-05-29 15:17:03.858,10265,10266,10265,3
2019-05-29 15:17:04.805,10265,10266,10266,2
2019-05-29 15:17:05.121,10265,10266,10265,1
2019-05-29 15:17:06.216,10265,10266,10266,1
2019-05-29 15:17:06.379,10265,10266,10265,8
2019-05-29 15:17:06.412,10265,10266,10265,2
2019-05-29 15:17:06.412,10265,10266,10265,1
2019-05-29 15:17:06.414,10265,10266,10265,9
2019-05-29 15:17:07.560,10264,10265,10265,1
2019-05-29 15:17:07.941,10264,10265,10265,1
2019-05-29 15:17:09.229,10264,10265,10265,1
2019-05-29 15:17:10.633,10264,10265,10264,3
2019-05-29 15:17:11.361,10264,10265,10265,1
2019-05-29 15:17:13.785,10264,10265,10265,1
2019-05-29 15:17:13.839,10264,10265,10264,1
2019-05-29 15:17:14.388,10264,10265,10264,1
2019-05-29 15:17:15.115,10264,10265,10265,1
2019-05-29 15:17:15.843,10264,10265,10265,16
2019-05-29 15:17:16.193,10265,10266,10265,1
2019-05-29 15:17:16.764,10265,10266,10265,2
2019-05-29 15:17:16.890,10265,10266,10265,1
2019-05-29 15:17:17.735,10265,10266,10265,1
2019-05-29 15:17:21.235,10265,10266,10265,1
2019-05-29 15:17:21.258,10265,10266,10265,1
2019-05-29 15:17:22.968,10265,10266,10265,1
2019-05-29 15:17:23.511,10265,10266,10266,2
2019-05-29 15:17:26.158,10265,10266,10265,17
2019-05-29 15:17:29.412,10265,10266,10265,2
2019-05-29 15:17:30.450,10265,10266,10265,1
2019-05-29 15:17:34.015,10265,10266,10265,1
2019-05-29 15:17:34.467,10265,10266,10265,1
2019-05-29 15:17:35.014,10265,10266,10265,1
2019-05-29 15:17:38.669,10265,10266,10265,1
2019-05-29 15:17:42.558,10265,10266,10265,1
2019-05-29 15:17:43.289,10265,10266,10266,1
2019-05-29 15:17:49.165,10265,10266,10266,24
2019-05-29 15:17:49.458,10266,10267,10267,1
2019-05-29 15:17:50.746,10266,10267,10267,1
2019-05-29 15:17:52.657,10266,10267,10266,1
2019-05-29 15:17:58.867,10266,10267,10267,2
2019-05-29 15:18:01.609,10266,10267,10266,1
2019-05-29 15:18:02.144,10266,10267,10266,1
2019-05-29 15:18:02.175,10266,10267,10266,1
2019-05-29 15:18:02.856,10266,10267,10266,1
2019-05-29 15:18:10.312,10266,10267,10266,20
2019-05-29 15:18:15.121,10266,10267,10267,2
2019-05-29 15:18:18.477,10266,10267,10266,1
2019-05-29 15:18:19.341,10266,10267,10266,1
2019-05-29 15:18:20.714,10266,10267,10267,1
2019-05-29 15:18:21.116,10266,10267,10267,1
2019-05-29 15:18:21.382,10266,10267,10266,1
2019-05-29 15:18:24.447,10266,10267,10267,1
2019-05-29 15:18:24.600,10266,10267,10266,10
2019-05-29 15:18:27.552,10265,10267,10265,1
2019-05-29 15:18:35.620,10266,10267,10267,1
2019-05-29 15:18:38.707,10266,10267,10266,1
2019-05-29 15:18:43.677,10266,10267,10266,1
2019-05-29 15:18:58.681,10266,10267,10266,1
2019-05-29 15:18:59.589,10266,10267,10266,1
2019-05-29 15:18:59.640,10266,10267,10266,1
2019-05-29 15:18:59.643,10266,10267,10266,1
2019-05-29 15:19:01.214,10266,10267,10266,2
2019-05-29 15:19:05.458,10266,10267,10266,1
2019-05-29 15:19:06.642,10265,10267,10265,1
2019-05-29 15:19:09.396,10266,10267,10267,1
2019-05-29 15:19:13.787,10266,10267,10267,1
2019-05-29 15:19:16.299,10266,10267,10266,2
2019-05-29 15:19:16.940,10265,10267,10267,1
2019-05-29 15:19:17.541,10266,10267,10266,1
2019-05-29 15:19:17.946,10265,10266,10266,2
2019-05-29 15:19:18.989,10265,10266,10266,1
2019-05-29 15:19:22.798,10265,10266,10266,1
2019-05-29 15:19:25.024,10265,10266,10265,10
2019-05-29 15:19:25.037,10265,10266,10265,1
2019-05-29 15:19:25.037,10265,10266,10265,2
2019-05-29 15:19:25.037,10265,10266,10265,10
2019-05-29 15:19:25.424,10264,10265,10264,2
2019-05-29 15:19:26.234,10264,10265,10264,1
2019-05-29 15:19:30.819,10264,10265,10265,1
2019-05-29 15:19:33.480,10264,10265,10264,2
2019-05-29 15:19:37.082,10264,10265,10264,1
2019-05-29 15:19:41.486,10264,10265,10265,3
2019-05-29 15:19:42.976,10264,10265,10265,1
2019-05-29 15:19:47.197,10264,10265,10265,1
2019-05-29 15:19:48.751,10264,10265,10265,2
2019-05-29 15:19:53.243,10264,10265,10265,1
2019-05-29 15:19:53.982,10264,10265,10264,1
2019-05-29 15:19:54.525,10264,10265,10265,1
2019-05-29 15:19:54.723,10264,10265,10264,3
2019-05-29 15:19:56.644,10264,10265,10264,1
2019-05-29 15:20:00.924,10264,10265,10265,8
2019-05-29 15:20:00.924,10264,10265,10265,4
2019-05-29 15:20:00.925,10264,10265,10265,8
2019-05-29 15:20:01.309,10265,10266,10265,12
2019-05-29 15:20:01.843,10265,10266,10265,1
2019-05-29 15:20:01.855,10265,10266,10265,1
2019-05-29 15:20:01.894,10265,10266,10265,3
2019-05-29 15:20:03.088,10265,10266,10265,1
2019-05-29 15:20:03.394,10265,10266,10265,1
2019-05-29 15:20:04.378,10265,10266,10265,1
2019-05-29 15:20:05.179,10265,10266,10265,3
2019-05-29 15:20:06.731,10265,10266,10265,1
2019-05-29 15:20:07.591,10265,10266,10265,1
2019-05-29 15:20:07.640,10265,10266,10265,1
2019-05-29 15:20:08.136,10264,10265,10264,1
2019-05-29 15:20:08.313,10264,10265,10264,12
2019-05-29 15:20:09.884,10264,10265,10265,1
2019-05-29 15:20:10.070,10264,10265,10264,2
2019-05-29 15:20:10.075,10264,10265,10264,1
2019-05-29 15:20:13.232,10265,10266,10265,1
2019-05-29 15:20:19.418,10265,10266,10265,1
2019-05-29 15:20:22.742,10265,10266,10265,1
2019-05-29 15:20:26.602,10265,10266,10266,1
2019-05-29 15:20:26.604,10265,10266,10266,8
2019-05-29 15:20:27.022,10266,10267,10266,2
2019-05-29 15:20:37.608,10266,10267,10267,13
2019-05-29 15:20:37.789,10267,10268,10267,1
2019-05-29 15:20:38.033,10266,10267,10267,1
2019-05-29 15:20:39.649,10266,10268,10266,1
2019-05-29 15:20:43.729,10267,10268,10267,1
2019-05-29 15:20:45.990,10267,10268,10267,1
2019-05-29 15:20:47.147,10267,10268,10268,1
2019-05-29 15:20:50.952,10267,10268,10268,1
2019-05-29 15:20:51.338,10267,10268,10267,5
2019-05-29 15:20:51.787,10267,10268,10268,1
2019-05-29 15:20:54.655,10267,10268,10268,4
2019-05-29 15:20:55.541,10267,10268,10267,2
2019-05-29 15:20:55.718,10267,10268,10268,1
2019-05-29 15:20:55.721,10267,10268,10268,2
2019-05-29 15:20:56.713,10267,10268,10268,1
2019-05-29 15:20:58.284,10267,10268,10267,10
2019-05-29 15:21:07.641,10267,10268,10268,1
2019-05-29 15:21:07.869,10267,10268,10267,2
2019-05-29 15:21:10.080,10267,10268,10267,1
2019-05-29 15:21:11.337,10267,10268,10268,1
2019-05-29 15:21:21.442,10267,10268,10268,1
2019-05-29 15:21:21.878,10267,10268,10267,4
2019-05-29 15:21:22.070,10267,10268,10267,1
2019-05-29 15:21:25.896,10267,10268,10268,1
2019-05-29 15:21:26.826,10267,10268,10268,1
2019-05-29 15:21:27.395,10267,10268,10268,1
2019-05-29 15:21:29.523,10267,10268,10268,1
2019-05-29 15:21:32.044,10267,10268,10268,1
2019-05-29 15:21:36.472,10267,10268,10267,20
2019-05-29 15:21:43.425,10267,10268,10267,2
2019-05-29 15:21:47.936,10267,10268,10267,10
2019-05-29 15:21:50.252,10267,10268,10267,5
2019-05-29 15:21:50.842,10267,10268,10267,1
2019-05-29 15:21:52.084,10266,10267,10267,2
2019-05-29 15:21:52.195,10266,10267,10267,1
2019-05-29 15:21:53.744,10266,10267,10267,1
2019-05-29 15:21:54.964,10266,10267,10267,3
2019-05-29 15:21:55.844,10266,10267,10267,5
2019-05-29 15:21:56.085,10267,10268,10267,2
2019-05-29 15:22:05.872,10267,10268,10267,1
2019-05-29 15:22:11.416,10267,10268,10268,2
2019-05-29 15:22:14.109,10267,10268,10268,1
2019-05-29 15:22:19.580,10267,10268,10268,2
2019-05-29 15:22:22.631,10267,10268,10268,1
2019-05-29 15:22:22.848,10267,10268,10268,2
2019-05-29 15:22:26.152,10267,10268,10268,5
2019-05-29 15:22:27.347,10267,10268,10268,1
2019-05-29 15:22:28.611,10267,10268,10268,1
2019-05-29 15:22:28.698,10267,10268,10268,1
2019-05-29 15:22:29.750,10267,10268,10267,6
2019-05-29 15:22:30.152,10267,10268,10268,1
2019-05-29 15:22:45.832,10267,10268,10267,10
2019-05-29 15:22:48.303,10267,10268,10267,10
2019-05-29 15:22:48.969,10267,10268,10268,1
2019-05-29 15:22:49.293,10267,10268,10268,1
2019-05-29 15:22:52.940,10267,10268,10267,5
2019-05-29 15:22:55.318,10267,10268,10268,8
2019-05-29 15:22:55.664,10268,10269,10268,2
2019-05-29 15:23:08.869,10268,10269,10269,1
2019-05-29 15:23:09.372,10268,10269,10269,1
2019-05-29 15:23:09.828,10268,10269,10269,1
2019-05-29 15:23:11.427,10268,10269,10269,1
2019-05-29 15:23:11.450,10268,10269,10269,1
2019-05-29 15:23:11.977,10268,10269,10269,1
2019-05-29 15:23:12.636,10268,10269,10269,1
2019-05-29 15:23:12.776,10268,10269,10269,1
2019-05-29 15:23:16.912,10268,10269,10269,1
2019-05-29 15:23:17.037,10268,10269,10269,1
2019-05-29 15:23:17.162,10268,10269,10269,1
2019-05-29 15:23:23.471,10269,10270,10269,1
2019-05-29 15:23:23.910,10268,10270,10268,1
2019-05-29 15:23:25.203,10269,10270,10269,1
2019-05-29 15:23:26.136,10268,10269,10269,3
2019-05-29 15:23:28.058,10268,10269,10269,1
2019-05-29 15:23:29.676,10268,10269,10269,1
2019-05-29 15:23:35.471,10268,10269,10269,1
2019-05-29 15:23:38.859,10268,10269,10269,3
2019-05-29 15:23:39.269,10268,10269,10269,1
2019-05-29 15:23:40.060,10268,10269,10268,5
2019-05-29 15:23:50.870,10268,10269,10268,1
2019-05-29 15:24:05.069,10268,10269,10269,1
2019-05-29 15:24:26.110,10268,10269,10269,1
2019-05-29 15:24:29.059,10268,10269,10268,5
2019-05-29 15:24:34.242,10268,10269,10269,1
2019-05-29 15:24:38.073,10268,10269,10269,1
2019-05-29 15:24:38.940,10268,10269,10269,1
2019-05-29 15:24:44.109,10268,10269,10268,2
2019-05-29 15:24:44.162,10268,10269,10268,11
2019-05-29 15:24:53.048,10267,10268,10267,1
2019-05-29 15:25:00.085,10267,10268,10267,2
2019-05-29 15:25:00.162,10267,10268,10267,3
2019-05-29 15:25:00.203,10267,10268,10267,5
2019-05-29 15:25:00.266,10267,10268,10267,1
2019-05-29 15:25:00.560,10266,10267,10266,1
2019-05-29 15:25:01.558,10266,10267,10266,1
2019-05-29 15:25:01.559,10266,10267,10266,2
2019-05-29 15:25:01.559,10266,10267,10266,1
2019-05-29 15:25:01.562,10266,10267,10266,2
2019-05-29 15:25:01.564,10266,10267,10266,1
2019-05-29 15:25:01.597,10266,10267,10266,2
2019-05-29 15:25:01.618,10266,10267,10266,2
2019-05-29 15:25:01.619,10266,10267,10266,5
2019-05-29 15:25:01.662,10266,10267,10266,3
2019-05-29 15:25:02.489,10265,10266,10265,1
2019-05-29 15:25:07.057,10265,10266,10265,1
2019-05-29 15:25:07.363,10265,10266,10266,1
2019-05-29 15:25:07.364,10265,10266,10266,10
2019-05-29 15:25:07.603,10266,10267,10266,2
2019-05-29 15:25:07.611,10266,10267,10266,2
2019-05-29 15:25:09.303,10266,10267,10266,1
2019-05-29 15:25:10.687,10266,10267,10266,1
2019-05-29 15:25:17.204,10266,10267,10266,10
2019-05-29 15:25:19.184,10265,10266,10266,12
2019-05-29 15:25:19.421,10266,10267,10266,2
2019-05-29 15:25:23.078,10266,10267,10266,1
2019-05-29 15:25:28.007,10266,10267,10266,1
2019-05-29 15:25:28.190,10266,10267,10267,1
2019-05-29 15:25:37.141,10266,10267,10267,2
2019-05-29 15:25:44.207,10266,10267,10267,1
2019-05-29 15:25:46.471,10266,10267,10267,1
2019-05-29 15:25:49.162,10266,10267,10267,4
2019-05-29 15:25:56.534,10266,10267,10267,1
2019-05-29 15:26:04.171,10266,10267,10266,1
2019-05-29 15:26:06.887,10266,10267,10267,14
2019-05-29 15:26:26.796,10266,10267,10266,1
2019-05-29 15:26:27.177,10266,10267,10267,1
2019-05-29 15:26:36.383,10266,10267,10266,1
2019-05-29 15:26:36.678,10266,10267,10267,6
2019-05-29 15:26:37.869,10266,10267,10266,1
2019-05-29 15:26:40.347,10266,10267,10267,1
2019-05-29 15:26:42.299,10266,10267,10267,3
2019-05-29 15:26:43.916,10267,10268,10267,1
2019-05-29 15:26:55.630,10267,10268,10268,1
2019-05-29 15:26:59.787,10267,10268,10268,7
2019-05-29 15:27:00.039,10268,10269,10268,2
2019-05-29 15:27:07.633,10267,10268,10267,1
2019-05-29 15:27:13.075,10267,10268,10267,1
2019-05-29 15:27:17.352,10268,10269,10268,1
2019-05-29 15:27:27.062,10267,10268,10268,1
2019-05-29 15:27:30.473,10267,10268,10268,5
2019-05-29 15:27:35.662,10267,10268,10268,1
2019-05-29 15:27:38.824,10267,10268,10268,5
2019-05-29 15:27:38.825,10267,10268,10268,2
2019-05-29 15:27:38.825,10267,10268,10268,2
2019-05-29 15:27:40.089,10268,10269,10268,1
2019-05-29 15:27:43.430,10268,10269,10269,6
2019-05-29 15:27:43.430,10268,10269,10269,2
2019-05-29 15:27:43.432,10268,10269,10269,2
2019-05-29 15:27:44.154,10269,10270,10269,1
2019-05-29 15:27:50.104,10268,10269,10269,1
2019-05-29 15:27:50.987,10268,10269,10269,1
2019-05-29 15:27:58.046,10268,10269,10269,1
2019-05-29 15:28:03.417,10268,10269,10268,1
2019-05-29 15:28:07.487,10268,10269,10269,2
2019-05-29 15:28:14.235,10268,10269,10269,3
2019-05-29 15:28:21.555,10268,10269,10269,1
2019-05-29 15:28:33.721,10268,10269,10269,4
2019-05-29 15:28:41.017,10268,10269,10269,1
2019-05-29 15:28:42.527,10268,10269,10269,2
2019-05-29 15:28:47.513,10268,10269,10269,1
2019-05-29 15:28:52.519,10269,10270,10269,1
2019-05-29 15:28:52.674,10269,10270,10269,1
2019-05-29 15:29:01.969,10268,10269,10269,1
2019-05-29 15:29:06.174,10268,10269,10269,2
2019-05-29 15:29:09.133,10268,10269,10268,1
2019-05-29 15:29:22.317,10268,10269,10269,4
2019-05-29 15:29:30.462,10269,10270,10270,1
2019-05-29 15:29:34.232,10269,10270,10269,1
2019-05-29 15:29:37.538,10269,10270,10270,5
2019-05-29 15:29:37.551,10269,10270,10270,1
2019-05-29 15:29:49.979,10269,10270,10270,1
2019-05-29 15:29:50.710,10269,10270,10270,1
2019-05-29 15:29:54.949,10269,10270,10270,1
2019-05-29 15:30:01.070,10269,10270,10269,2
2019-05-29 15:30:01.170,10269,10270,10270,27
2019-05-29 15:30:01.271,10269,10270,10270,11
2019-05-29 15:30:01.287,10269,10270,10270,2
2019-05-29 15:30:01.287,10269,10270,10270,8
2019-05-29 15:30:01.415,10270,10271,10270,2
2019-05-29 15:30:01.704,10270,10271,10270,2
2019-05-29 15:30:02.417,10270,10271,10271,2
2019-05-29 15:30:02.433,10270,10271,10271,2
2019-05-29 15:30:02.457,10270,10271,10271,3
2019-05-29 15:30:02.458,10270,10271,10271,13
2019-05-29 15:30:02.483,10270,10271,10271,1
2019-05-29 15:30:02.483,10270,10271,10271,4
2019-05-29 15:30:02.537,10270,10271,10271,4
2019-05-29 15:30:02.537,10270,10271,10271,1
2019-05-29 15:30:02.878,10271,10272,10272,17
2019-05-29 15:30:02.915,10272,10273,10272,2
2019-05-29 15:30:03.097,10272,10273,10273,1
2019-05-29 15:30:03.316,10272,10273,10272,1
2019-05-29 15:30:03.317,10272,10273,10272,2
2019-05-29 15:30:03.317,10272,10273,10272,5
2019-05-29 15:30:04.038,10271,10272,10271,2
2019-05-29 15:30:05.117,10271,10272,10272,1
2019-05-29 15:30:05.623,10271,10272,10271,1
2019-05-29 15:30:05.999,10270,10271,10270,3
2019-05-29 15:30:06.609,10270,10271,10271,1
2019-05-29 15:30:08.991,10269,10270,10270,1
2019-05-29 15:30:12.211,10270,10271,10271,4
2019-05-29 15:30:12.308,10270,10271,10271,2
2019-05-29 15:30:12.342,10270,10271,10271,3
2019-05-29 15:30:14.692,10270,10271,10271,1
2019-05-29 15:30:16.539,10271,10272,10271,1
2019-05-29 15:30:19.271,10270,10271,10271,1
2019-05-29 15:30:20.776,10270,10271,10270,3
2019-05-29 15:30:25.068,10270,10271,10271,1
2019-05-29 15:30:31.349,10271,10272,10272,5
2019-05-29 15:30:45.329,10271,10272,10272,2
2019-05-29 15:30:45.329,10271,10272,10272,5
2019-05-29 15:30:49.777,10271,10273,10273,1
2019-05-29 15:30:55.698,10271,10273,10273,1
2019-05-29 15:31:00.421,10271,10272,10272,1
2019-05-29 15:31:01.134,10272,10273,10272,1
2019-05-29 15:31:02.242,10271,10272,10272,5
2019-05-29 15:31:02.453,10271,10272,10271,1
2019-05-29 15:31:02.507,10271,10272,10271,2
2019-05-29 15:31:02.536,10271,10272,10271,1
2019-05-29 15:31:02.536,10271,10272,10271,2
2019-05-29 15:31:02.537,10271,10272,10271,2
2019-05-29 15:31:05.000,10271,10272,10271,2
2019-05-29 15:31:10.405,10270,10271,10271,1
2019-05-29 15:31:10.407,10270,10271,10271,1
2019-05-29 15:31:17.332,10270,10271,10271,1
2019-05-29 15:31:17.720,10270,10271,10271,1
2019-05-29 15:31:17.968,10270,10271,10271,2
2019-05-29 15:31:21.331,10270,10271,10271,1
2019-05-29 15:31:23.162,10271,10272,10271,3
2019-05-29 15:31:27.430,10270,10271,10271,1
2019-05-29 15:31:27.598,10270,10271,10271,1
2019-05-29 15:31:28.837,10270,10271,10271,1
2019-05-29 15:31:30.539,10270,10271,10271,2
2019-05-29 15:31:31.150,10270,10271,10271,1
2019-05-29 15:31:32.047,10270,10271,10271,1
2019-05-29 15:31:34.833,10271,10272,10271,1
2019-05-29 15:31:35.841,10271,10272,10271,1
2019-05-29 15:31:45.217,10270,10271,10271,3
2019-05-29 15:31:47.226,10271,10272,10271,1
2019-05-29 15:31:53.291,10271,10272,10271,1
2019-05-29 15:31:55.674,10270,10272,10270,1
2019-05-29 15:32:19.278,10270,10271,10270,18
2019-05-29 15:32:19.287,10270,10271,10270,1
2019-05-29 15:32:19.287,10270,10271,10270,3
2019-05-29 15:32:19.287,10270,10271,10270,4
2019-05-29 15:32:19.415,10269,10270,10269,1
2019-05-29 15:32:19.612,10269,10270,10269,3
2019-05-29 15:32:20.024,10269,10270,10269,10
2019-05-29 15:32:32.300,10269,10270,10270,1
2019-05-29 15:32:37.748,10269,10270,10270,1
2019-05-29 15:32:50.123,10269,10270,10270,2
2019-05-29 15:32:55.426,10269,10270,10270,1
2019-05-29 15:32:59.004,10269,10270,10270,1
2019-05-29 15:33:10.615,10269,10270,10269,1
2019-05-29 15:33:16.147,10269,10270,10270,1
2019-05-29 15:33:16.147,10269,10270,10270,6
2019-05-29 15:33:16.148,10269,10270,10270,2
2019-05-29 15:33:18.220,10270,10271,10271,1
2019-05-29 15:33:43.516,10270,10271,10270,1
2019-05-29 15:33:44.043,10270,10271,10270,1
2019-05-29 15:33:47.475,10269,10270,10270,1
2019-05-29 15:33:49.123,10270,10271,10271,1
2019-05-29 15:33:52.172,10269,10271,10271,1
2019-05-29 15:34:02.742,10270,10271,10270,1
2019-05-29 15:34:02.818,10269,10271,10269,5
2019-05-29 15:34:03.195,10269,10270,10269,2
2019-05-29 15:34:07.753,10269,10270,10270,1
2019-05-29 15:34:07.753,10269,10270,10271,4
2019-05-29 15:34:26.333,10269,10270,10270,1
2019-05-29 15:34:30.093,10269,10270,10270,2
2019-05-29 15:34:37.124,10270,10271,10270,1
2019-05-29 15:34:57.615,10269,10270,10269,3
2019-05-29 15:35:01.597,10269,10270,10270,2
2019-05-29 15:35:01.854,10270,10271,10270,1
2019-05-29 15:35:02.023,10270,10271,10270,2
2019-05-29 15:35:17.720,10270,10271,10270,1
2019-05-29 15:35:25.537,10269,10270,10270,1
2019-05-29 15:35:30.334,10269,10270,10270,1
2019-05-29 15:35:35.097,10269,10270,10270,1
2019-05-29 15:35:35.140,10269,10270,10270,1
2019-05-29 15:35:46.560,10270,10271,10270,1
2019-05-29 15:35:47.074,10270,10271,10271,2
2019-05-29 15:35:53.827,10270,10271,10271,1
2019-05-29 15:35:53.827,10270,10271,10271,2
2019-05-29 15:35:53.827,10270,10271,10271,2
2019-05-29 15:35:53.831,10270,10271,10271,3
2019-05-29 15:35:55.897,10271,10272,10271,1
2019-05-29 15:35:56.387,10271,10272,10271,1
2019-05-29 15:36:06.278,10270,10272,10270,2
2019-05-29 15:36:13.619,10270,10271,10270,1
2019-05-29 15:36:14.993,10270,10271,10271,1
2019-05-29 15:36:15.652,10271,10272,10271,1
2019-05-29 15:36:27.677,10271,10272,10272,1
2019-05-29 15:36:36.610,10271,10272,10271,1
2019-05-29 15:36:38.153,10271,10272,10272,7
2019-05-29 15:36:38.822,10271,10272,10271,4
2019-05-29 15:36:52.388,10271,10272,10272,1
2019-05-29 15:36:52.396,10271,10272,10272,23
2019-05-29 15:36:55.538,10272,10273,10273,1
2019-05-29 15:36:55.554,10272,10273,10273,1
2019-05-29 15:37:02.827,10272,10273,10273,1
2019-05-29 15:37:04.140,10272,10273,10273,2
2019-05-29 15:37:07.894,10272,10273,10272,3
2019-05-29 15:37:07.894,10272,10273,10272,1
2019-05-29 15:37:08.296,10271,10272,10272,1
2019-05-29 15:37:10.414,10271,10272,10272,1
2019-05-29 15:37:15.114,10271,10272,10272,4
2019-05-29 15:37:16.028,10271,10272,10272,4
2019-05-29 15:38:06.253,10271,10272,10271,1
2019-05-29 15:38:06.393,10271,10272,10271,1
2019-05-29 15:38:06.393,10271,10272,10271,1
2019-05-29 15:38:06.436,10271,10272,10272,1
2019-05-29 15:38:07.131,10271,10272,10271,1
2019-05-29 15:38:08.936,10271,10272,10271,2
2019-05-29 15:38:09.154,10271,10272,10271,1
2019-05-29 15:38:09.201,10271,10272,10271,1
2019-05-29 15:38:10.097,10270,10271,10270,1
2019-05-29 15:38:14.585,10270,10271,10271,1
2019-05-29 15:38:38.858,10270,10271,10270,1
2019-05-29 15:38:41.811,10270,10271,10270,6
2019-05-29 15:38:42.410,10270,10271,10270,3
2019-05-29 15:38:43.452,10270,10271,10271,1
2019-05-29 15:38:53.817,10270,10271,10270,1
2019-05-29 15:39:04.383,10270,10271,10270,1
2019-05-29 15:39:22.352,10270,10271,10270,1
2019-05-29 15:39:28.773,10270,10271,10270,1
2019-05-29 15:39:39.571,10270,10271,10271,1
2019-05-29 15:39:41.543,10270,10271,10270,1
2019-05-29 15:39:44.245,10270,10271,10271,4
2019-05-29 15:39:44.245,10270,10271,10271,2
2019-05-29 15:39:53.293,10271,10272,10271,1
2019-05-29 15:40:02.537,10271,10272,10271,2
2019-05-29 15:40:02.537,10271,10272,10271,1
2019-05-29 15:40:19.502,10270,10271,10270,17
2019-05-29 15:40:19.502,10270,10271,10270,2
2019-05-29 15:40:19.537,10270,10271,10270,8
2019-05-29 15:40:45.602,10269,10270,10269,1
2019-05-29 15:40:49.498,10269,10270,10270,1
2019-05-29 15:40:51.907,10269,10270,10269,10
2019-05-29 15:40:54.326,10269,10270,10269,1
2019-05-29 15:41:01.408,10269,10270,10269,1
2019-05-29 15:41:02.032,10269,10270,10269,1
2019-05-29 15:41:23.033,10269,10270,10270,1
2019-05-29 15:41:23.033,10269,10270,10270,1
2019-05-29 15:41:23.033,10269,10270,10270,2
2019-05-29 15:41:23.033,10269,10270,10270,2
2019-05-29 15:41:34.251,10270,10271,10270,1
2019-05-29 15:41:44.145,10269,10271,10269,1
2019-05-29 15:41:48.384,10269,10270,10270,1
2019-05-29 15:41:51.997,10270,10271,10271,1
2019-05-29 15:42:15.048,10270,10271,10270,1
2019-05-29 15:42:15.122,10270,10271,10270,1
2019-05-29 15:42:15.529,10270,10271,10270,1
2019-05-29 15:43:13.824,10269,10270,10270,1
2019-05-29 15:43:13.827,10269,10270,10270,2
2019-05-29 15:43:13.844,10269,10270,10270,2
2019-05-29 15:43:13.844,10269,10270,10270,2
2019-05-29 15:43:13.846,10269,10270,10270,2
2019-05-29 15:43:13.846,10269,10270,10270,2
2019-05-29 15:43:13.846,10269,10270,10270,5
2019-05-29 15:43:27.568,10270,10271,10271,2
2019-05-29 15:43:48.181,10270,10271,10270,1
2019-05-29 15:43:49.087,10270,10271,10270,1
2019-05-29 15:43:50.338,10269,10270,10270,1
2019-05-29 15:44:04.768,10270,10271,10270,2
2019-05-29 15:44:08.524,10270,10271,10271,1
2019-05-29 15:44:08.988,10270,10271,10270,1
2019-05-29 15:44:23.245,10270,10271,10270,5
2019-05-29 15:44:26.028,10269,10270,10270,7
2019-05-29 15:44:26.251,10270,10271,10270,1
2019-05-29 15:44:41.935,10270,10271,10270,1
2019-05-29 15:44:58.552,10269,10270,10270,1
2019-05-29 15:45:04.045,10269,10270,10269,4
2019-05-29 15:45:04.439,10269,10270,10269,1
2019-05-29 15:45:04.459,10269,10270,10269,1
2019-05-29 15:45:04.548,10269,10270,10269,1
2019-05-29 15:45:11.228,10269,10270,10269,2
2019-05-29 15:45:11.229,10269,10270,10269,11
2019-05-29 15:45:11.229,10269,10270,10269,5
2019-05-29 15:45:11.229,10269,10270,10269,6
2019-05-29 15:45:11.229,10269,10270,10269,1
2019-05-29 15:45:31.260,10269,10270,10270,1
2019-05-29 15:45:41.248,10269,10270,10269,1
2019-05-29 15:45:48.098,10269,10270,10269,1
2019-05-29 15:46:03.282,10269,10270,10269,2
2019-05-29 15:46:03.801,10269,10270,10269,5
2019-05-29 15:46:37.423,10269,10270,10269,2
2019-05-29 15:46:37.424,10269,10270,10269,4
2019-05-29 15:46:49.901,10268,10269,10269,1
2019-05-29 15:47:25.535,10268,10269,10269,1
2019-05-29 15:47:25.535,10268,10269,10269,6
2019-05-29 15:47:25.536,10268,10269,10269,2
2019-05-29 15:47:25.537,10268,10269,10269,4
2019-05-29 15:47:26.197,10269,10270,10269,10
2019-05-29 15:48:09.131,10269,10270,10269,1
2019-05-29 15:48:16.770,10268,10269,10268,1
2019-05-29 15:48:16.820,10268,10269,10268,5
2019-05-29 15:48:18.829,10268,10269,10268,1
2019-05-29 15:48:19.842,10268,10269,10268,1
2019-05-29 15:48:22.310,10268,10269,10269,1
2019-05-29 15:48:33.375,10268,10269,10269,1
2019-05-29 15:48:36.239,10269,10270,10269,2
2019-05-29 15:49:00.290,10268,10269,10269,1
2019-05-29 15:49:09.185,10269,10270,10270,5
2019-05-29 15:49:24.975,10269,10270,10270,1
2019-05-29 15:49:30.633,10269,10270,10270,4
2019-05-29 15:49:35.806,10269,10270,10270,1
2019-05-29 15:49:54.470,10269,10270,10270,1
2019-05-29 15:49:59.441,10269,10270,10269,5
2019-05-29 15:50:08.658,10268,10270,10269,1
2019-05-29 15:50:16.188,10269,10270,10269,1
2019-05-29 15:50:18.905,10269,10270,10269,1
2019-05-29 15:50:37.412,10269,10270,10269,4
2019-05-29 15:50:37.537,10269,10270,10269,4
2019-05-29 15:50:37.537,10269,10270,10269,1
2019-05-29 15:50:37.537,10269,10270,10269,18
2019-05-29 15:50:50.448,10269,10270,10269,1
2019-05-29 15:50:59.588,10268,10269,10269,1
2019-05-29 15:51:02.483,10268,10269,10268,1
2019-05-29 15:51:13.253,10268,10269,10269,2
2019-05-29 15:51:14.270,10268,10269,10268,1
2019-05-29 15:51:20.658,10268,10269,10268,4
2019-05-29 15:51:23.980,10268,10269,10268,50
2019-05-29 15:51:24.162,10268,10269,10268,4
2019-05-29 15:51:26.415,10267,10268,10268,1
2019-05-29 15:51:29.174,10267,10268,10268,1
2019-05-29 15:51:34.535,10267,10268,10268,1
2019-05-29 15:51:36.023,10267,10269,10267,1
2019-05-29 15:51:36.182,10267,10268,10267,1
2019-05-29 15:51:41.644,10267,10268,10267,5
2019-05-29 15:51:42.937,10267,10268,10268,1
2019-05-29 15:51:44.731,10267,10269,10267,1
2019-05-29 15:52:10.454,10268,10269,10268,5
2019-05-29 15:52:10.883,10267,10269,10267,1
2019-05-29 15:52:20.153,10267,10268,10268,1
2019-05-29 15:52:21.514,10267,10268,10267,1
2019-05-29 15:52:28.692,10267,10268,10267,1
2019-05-29 15:52:38.569,10267,10268,10267,2
2019-05-29 15:52:38.668,10267,10268,10267,2
2019-05-29 15:52:47.333,10267,10268,10267,1
2019-05-29 15:52:49.143,10267,10268,10267,5
2019-05-29 15:52:50.632,10267,10268,10268,5
2019-05-29 15:52:51.301,10267,10268,10267,2
2019-05-29 15:52:51.301,10267,10268,10267,2
2019-05-29 15:52:51.301,10267,10268,10267,4
2019-05-29 15:52:51.302,10267,10268,10267,4
2019-05-29 15:52:51.302,10267,10268,10267,1
2019-05-29 15:53:08.696,10267,10268,10267,7
2019-05-29 15:53:08.743,10267,10268,10267,5
2019-05-29 15:53:19.168,10266,10267,10267,5
2019-05-29 15:53:24.841,10266,10267,10266,10
2019-05-29 15:53:26.197,10266,10267,10266,2
2019-05-29 15:53:26.240,10266,10267,10266,2
2019-05-29 15:53:26.267,10266,10267,10266,10
2019-05-29 15:53:26.271,10266,10267,10266,2
2019-05-29 15:53:26.302,10266,10267,10266,2
2019-05-29 15:53:26.334,10266,10267,10266,2
2019-05-29 15:53:26.353,10266,10267,10266,2
2019-05-29 15:53:26.412,10266,10267,10266,1
2019-05-29 15:53:26.412,10266,10267,10266,3
2019-05-29 15:53:26.412,10266,10267,10266,4
2019-05-29 15:53:26.685,10265,10266,10265,2
2019-05-29 15:53:26.930,10265,10266,10265,10
2019-05-29 15:53:27.089,10265,10266,10265,10
2019-05-29 15:53:27.387,10265,10266,10265,1
2019-05-29 15:53:29.041,10265,10266,10265,3
2019-05-29 15:53:30.421,10265,10266,10266,1
2019-05-29 15:53:34.819,10265,10266,10265,1
2019-05-29 15:53:41.041,10265,10266,10266,2
2019-05-29 15:53:41.041,10265,10266,10266,3
2019-05-29 15:53:41.041,10265,10266,10266,3
2019-05-29 15:53:41.041,10265,10266,10266,2
2019-05-29 15:53:41.041,10265,10266,10266,11
2019-05-29 15:53:45.702,10265,10267,10265,1
2019-05-29 15:53:46.057,10265,10267,10267,5
2019-05-29 15:53:47.451,10266,10267,10266,1
2019-05-29 15:53:51.178,10266,10267,10266,1
2019-05-29 15:53:51.495,10266,10267,10267,5
2019-05-29 15:53:53.363,10266,10267,10266,2
2019-05-29 15:53:58.336,10266,10267,10267,5
2019-05-29 15:54:02.240,10266,10268,10266,1
2019-05-29 15:54:10.334,10266,10267,10266,10
2019-05-29 15:54:10.706,10266,10267,10266,10
2019-05-29 15:54:11.082,10266,10267,10266,8
2019-05-29 15:54:13.127,10265,10266,10266,1
2019-05-29 15:54:21.645,10265,10266,10266,2
2019-05-29 15:54:22.120,10266,10267,10266,9
2019-05-29 15:54:22.495,10265,10266,10265,2
2019-05-29 15:54:23.678,10265,10267,10267,1
2019-05-29 15:54:24.985,10265,10266,10265,5
2019-05-29 15:54:27.053,10265,10266,10265,1
2019-05-29 15:54:28.146,10265,10266,10265,1
2019-05-29 15:54:38.915,10265,10266,10266,3
2019-05-29 15:54:39.341,10266,10267,10266,1
2019-05-29 15:54:45.106,10266,10267,10266,2
2019-05-29 15:54:45.564,10266,10267,10266,1
2019-05-29 15:54:47.686,10266,10267,10266,5
2019-05-29 15:54:55.856,10266,10267,10266,5
2019-05-29 15:55:01.846,10266,10267,10266,1
2019-05-29 15:55:04.226,10266,10267,10267,1
2019-05-29 15:55:04.228,10266,10267,10267,2
2019-05-29 15:55:04.232,10266,10267,10267,1
2019-05-29 15:55:04.235,10266,10267,10267,1
2019-05-29 15:55:04.235,10266,10267,10267,1
2019-05-29 15:55:04.236,10266,10267,10267,1
2019-05-29 15:55:08.806,10266,10268,10266,1
2019-05-29 15:55:13.370,10266,10267,10266,2
2019-05-29 15:55:22.037,10266,10267,10267,6
2019-05-29 15:55:22.504,10267,10268,10267,1
2019-05-29 15:55:36.763,10267,10268,10267,1
2019-05-29 15:55:37.260,10266,10268,10266,4
2019-05-29 15:55:40.382,10267,10268,10267,1
2019-05-29 15:55:42.759,10267,10268,10267,1
2019-05-29 15:55:52.679,10267,10268,10267,1
2019-05-29 15:56:01.529,10267,10268,10267,1
2019-05-29 15:56:04.504,10267,10268,10267,1
2019-05-29 15:56:11.143,10267,10268,10267,2
2019-05-29 15:56:21.725,10266,10267,10267,1
2019-05-29 15:56:30.365,10266,10267,10267,1
2019-05-29 15:56:33.803,10266,10267,10266,1
2019-05-29 15:56:34.960,10266,10267,10267,4
2019-05-29 15:56:37.037,10266,10267,10266,3
2019-05-29 15:56:37.079,10266,10267,10266,3
2019-05-29 15:56:37.082,10266,10267,10266,2
2019-05-29 15:56:42.262,10265,10266,10266,3
2019-05-29 15:56:42.266,10265,10266,10266,1
2019-05-29 15:56:42.287,10265,10266,10266,1
2019-05-29 15:56:52.975,10266,10267,10266,3
2019-05-29 15:56:53.971,10265,10266,10266,4
2019-05-29 15:56:55.854,10265,10267,10265,3
2019-05-29 15:56:56.002,10265,10267,10265,3
2019-05-29 15:56:56.735,10265,10266,10265,2
2019-05-29 15:56:57.165,10265,10266,10266,1
2019-05-29 15:57:03.124,10265,10266,10265,1
2019-05-29 15:57:06.924,10265,10266,10265,1
2019-05-29 15:57:08.150,10265,10266,10266,1
2019-05-29 15:57:11.004,10266,10267,10266,1
2019-05-29 15:57:11.594,10265,10266,10265,20
2019-05-29 15:57:12.476,10265,10266,10265,1
2019-05-29 15:57:15.337,10265,10266,10266,1
2019-05-29 15:57:15.481,10265,10266,10266,2
2019-05-29 15:57:27.777,10265,10266,10265,1
2019-05-29 15:57:39.636,10265,10266,10266,2
2019-05-29 15:57:39.636,10265,10266,10266,4
2019-05-29 15:57:39.638,10265,10266,10266,2
2019-05-29 15:57:39.638,10265,10266,10266,5
2019-05-29 15:57:40.611,10266,10267,10266,1
2019-05-29 15:57:43.125,10266,10267,10266,3
2019-05-29 15:57:45.961,10266,10267,10266,13
2019-05-29 15:58:05.016,10265,10266,10265,2
2019-05-29 15:58:09.820,10265,10266,10265,5
2019-05-29 15:58:12.412,10265,10266,10265,5
2019-05-29 15:58:14.516,10265,10266,10265,3
2019-05-29 15:58:14.585,10264,10265,10265,1
2019-05-29 15:58:14.662,10264,10265,10265,1
2019-05-29 15:58:20.559,10265,10266,10266,1
2019-05-29 15:58:20.559,10265,10266,10266,4
2019-05-29 15:58:20.559,10265,10266,10266,4
2019-05-29 15:58:20.559,10265,10266,10266,1
2019-05-29 15:58:20.561,10265,10266,10266,4
2019-05-29 15:58:20.563,10265,10266,10266,14
2019-05-29 15:58:20.737,10266,10267,10266,1
2019-05-29 15:58:21.163,10266,10267,10266,8
2019-05-29 15:58:41.029,10266,10267,10267,1
2019-05-29 15:58:43.710,10266,10267,10267,2
2019-05-29 15:58:43.711,10266,10267,10267,2
2019-05-29 15:58:43.713,10266,10267,10267,3
2019-05-29 15:58:43.714,10266,10267,10267,2
2019-05-29 15:58:56.229,10267,10268,10267,1
2019-05-29 15:59:50.256,10266,10267,10267,1
2019-05-29 15:59:58.712,10266,10267,10266,2
2019-05-29 16:00:00.758,10266,10267,10267,2
2019-05-29 16:00:00.758,10266,10267,10267,1
2019-05-29 16:00:01.053,10267,10268,10267,1
2019-05-29 16:00:01.099,10267,10268,10267,1
2019-05-29 16:00:01.271,10267,10268,10267,1
2019-05-29 16:00:01.314,10267,10268,10266,1
2019-05-29 16:00:01.317,10267,10268,10266,1
2019-05-29 16:00:01.373,10267,10268,10267,1
2019-05-29 16:00:01.380,10267,10268,10266,1
2019-05-29 16:00:01.998,10266,10267,10266,2
2019-05-29 16:00:02.814,10266,10267,10266,3
2019-05-29 16:00:03.910,10266,10267,10266,1
2019-05-29 16:00:03.970,10266,10267,10266,1
2019-05-29 16:00:04.973,10266,10267,10266,1
2019-05-29 16:00:07.728,10266,10267,10266,1
2019-05-29 16:00:26.151,10266,10267,10266,5
2019-05-29 16:00:29.412,10266,10267,10266,1
2019-05-29 16:00:30.502,10266,10267,10267,1
2019-05-29 16:00:36.523,10266,10267,10267,1
2019-05-29 16:00:39.350,10266,10267,10266,14
2019-05-29 16:00:39.350,10266,10267,10265,24
2019-05-29 16:00:40.640,10265,10266,10266,3
2019-05-29 16:00:40.647,10265,10266,10265,1
2019-05-29 16:00:41.941,10265,10266,10266,2
2019-05-29 16:00:46.408,10265,10266,10266,1
2019-05-29 16:00:47.623,10265,10266,10266,9
2019-05-29 16:00:50.287,10266,10267,10266,1
2019-05-29 16:00:52.016,10265,10266,10266,1
2019-05-29 16:01:04.804,10265,10266,10266,2
2019-05-29 16:01:20.997,10266,10267,10266,1
2019-05-29 16:01:22.312,10266,10267,10266,2
2019-05-29 16:01:28.545,10266,10267,10266,1
2019-05-29 16:01:28.916,10266,10267,10266,1
2019-05-29 16:01:38.198,10266,10267,10266,3
2019-05-29 16:01:43.516,10266,10267,10266,10
2019-05-29 16:01:45.795,10266,10267,10266,9
2019-05-29 16:01:47.892,10265,10266,10266,1
2019-05-29 16:01:51.285,10265,10266,10266,1
2019-05-29 16:02:24.876,10266,10267,10266,9
2019-05-29 16:02:25.211,10265,10266,10266,1
2019-05-29 16:02:28.739,10265,10266,10265,3
2019-05-29 16:02:29.388,10265,10266,10266,1
2019-05-29 16:02:34.331,10265,10266,10266,1
2019-05-29 16:02:36.670,10265,10266,10266,1
2019-05-29 16:02:42.184,10265,10266,10266,1
2019-05-29 16:02:42.287,10265,10266,10266,1
2019-05-29 16:02:42.406,10265,10266,10266,1
2019-05-29 16:02:47.678,10265,10266,10266,1
2019-05-29 16:02:50.466,10265,10266,10266,1
2019-05-29 16:02:56.423,10265,10266,10266,1
2019-05-29 16:02:57.318,10265,10266,10266,1
2019-05-29 16:02:58.391,10265,10266,10266,1
2019-05-29 16:03:04.750,10265,10266,10266,1
2019-05-29 16:03:06.414,10265,10266,10266,5
2019-05-29 16:03:35.095,10265,10266,10265,2
2019-05-29 16:03:47.638,10265,10266,10266,3
2019-05-29 16:04:01.054,10265,10266,10266,1
2019-05-29 16:04:02.170,10265,10266,10266,1
2019-05-29 16:04:09.227,10265,10266,10266,10
2019-05-29 16:04:20.252,10265,10266,10265,1
2019-05-29 16:04:46.587,10265,10266,10265,4
2019-05-29 16:04:59.518,10265,10266,10266,2
2019-05-29 16:05:00.101,10265,10266,10265,2
2019-05-29 16:05:00.572,10265,10266,10265,1
2019-05-29 16:05:01.330,10265,10266,10265,2
2019-05-29 16:05:01.727,10265,10266,10265,3
2019-05-29 16:05:01.798,10265,10266,10265,1
2019-05-29 16:05:10.912,10265,10266,10265,6
2019-05-29 16:05:11.037,10265,10266,10265,2
2019-05-29 16:05:11.037,10265,10266,10265,11
2019-05-29 16:05:20.992,10264,10265,10265,1
2019-05-29 16:05:22.522,10264,10265,10265,1
2019-05-29 16:05:23.292,10264,10265,10265,1
2019-05-29 16:05:36.419,10264,10265,10265,2
2019-05-29 16:05:36.537,10264,10265,10265,3
2019-05-29 16:05:36.625,10264,10265,10266,1
2019-05-29 16:05:36.662,10264,10265,10265,1
2019-05-29 16:05:36.770,10264,10265,10265,2
2019-05-29 16:05:37.004,10265,10266,10265,2
2019-05-29 16:05:37.242,10265,10266,10265,2
2019-05-29 16:05:54.137,10265,10266,10265,1
2019-05-29 16:05:57.363,10265,10266,10265,1
2019-05-29 16:06:03.350,10265,10266,10266,2
2019-05-29 16:06:03.351,10265,10266,10266,3
2019-05-29 16:06:03.351,10265,10266,10266,2
2019-05-29 16:06:03.351,10265,10266,10266,2
2019-05-29 16:06:03.351,10265,10266,10266,2
2019-05-29 16:06:27.994,10266,10267,10267,10
2019-05-29 16:06:28.458,10266,10267,10266,6
2019-05-29 16:06:46.498,10266,10267,10267,1
2019-05-29 16:06:50.321,10266,10267,10267,8
2019-05-29 16:06:50.412,10266,10267,10267,4
2019-05-29 16:06:50.412,10266,10267,10267,5
2019-05-29 16:06:55.329,10267,10268,10268,10
2019-05-29 16:06:55.493,10267,10268,10268,1
2019-05-29 16:06:57.277,10267,10268,10268,10
2019-05-29 16:06:58.665,10268,10269,10269,1
2019-05-29 16:06:58.812,10268,10269,10269,1
2019-05-29 16:07:03.186,10268,10269,10269,10
2019-05-29 16:07:03.295,10268,10269,10269,1
2019-05-29 16:07:07.360,10269,10270,10269,3
2019-05-29 16:07:20.578,10268,10269,10269,1
2019-05-29 16:07:26.902,10268,10269,10268,2
2019-05-29 16:07:26.902,10268,10269,10268,1
2019-05-29 16:07:26.922,10267,10268,10268,1
2019-05-29 16:07:27.071,10267,10268,10268,1
2019-05-29 16:07:28.801,10267,10268,10268,1
2019-05-29 16:07:44.511,10267,10268,10268,2
2019-05-29 16:08:07.419,10267,10268,10268,1
2019-05-29 16:08:08.627,10267,10268,10268,1
2019-05-29 16:08:15.882,10267,10268,10268,2
2019-05-29 16:08:19.642,10267,10268,10267,1
2019-05-29 16:08:28.052,10267,10268,10268,1
2019-05-29 16:08:28.611,10267,10268,10268,2
2019-05-29 16:08:28.611,10267,10268,10268,2
2019-05-29 16:08:28.612,10267,10268,10268,3
2019-05-29 16:08:28.612,10267,10268,10268,3
2019-05-29 16:08:28.612,10267,10268,10268,1
2019-05-29 16:08:28.613,10267,10268,10268,2
2019-05-29 16:08:59.219,10268,10269,10268,4
2019-05-29 16:08:59.544,10267,10268,10268,1
2019-05-29 16:09:00.498,10267,10268,10267,1
2019-05-29 16:09:00.525,10267,10268,10267,2
2019-05-29 16:09:00.540,10267,10268,10267,1
2019-05-29 16:09:00.553,10267,10268,10267,1
2019-05-29 16:09:00.567,10267,10268,10267,2
2019-05-29 16:09:00.843,10267,10268,10267,1
2019-05-29 16:09:08.608,10267,10268,10267,1
2019-05-29 16:09:13.497,10267,10268,10268,10
2019-05-29 16:09:25.181,10267,10268,10268,1
2019-05-29 16:09:41.714,10267,10268,10267,2
2019-05-29 16:09:41.747,10267,10268,10267,1
2019-05-29 16:09:41.787,10267,10268,10267,1
2019-05-29 16:09:54.104,10266,10267,10266,2
2019-05-29 16:09:54.660,10266,10267,10266,3
2019-05-29 16:10:16.281,10267,10268,10267,1
2019-05-29 16:10:39.179,10267,10268,10267,1
2019-05-29 16:10:43.139,10267,10268,10268,1
2019-05-29 16:10:43.139,10267,10268,10268,1
2019-05-29 16:11:09.861,10268,10269,10268,1
2019-05-29 16:11:09.964,10268,10269,10269,1
2019-05-29 16:11:26.014,10268,10269,10268,1
2019-05-29 16:11:57.454,10268,10269,10268,1
2019-05-29 16:13:07.070,10268,10269,10269,4
2019-05-29 16:13:11.149,10268,10269,10269,1
2019-05-29 16:13:16.036,10268,10269,10269,1
2019-05-29 16:13:38.243,10268,10269,10268,8
2019-05-29 16:13:39.800,10268,10269,10269,1
2019-05-29 16:13:55.302,10268,10269,10268,1
2019-05-29 16:14:01.611,10268,10269,10268,1
2019-05-29 16:14:01.875,10268,10269,10268,1
2019-05-29 16:14:03.488,10268,10269,10268,1
2019-05-29 16:14:03.624,10268,10269,10268,1
2019-05-29 16:14:03.627,10268,10269,10268,1
2019-05-29 16:14:03.627,10268,10269,10268,4
2019-05-29 16:14:14.081,10267,10268,10268,1
2019-05-29 16:14:19.733,10267,10268,10268,1
2019-05-29 16:14:37.155,10267,10268,10267,1
2019-05-29 16:14:42.763,10267,10268,10268,1
2019-05-29 16:14:46.323,10268,10269,10269,8
2019-05-29 16:14:47.280,10269,10270,10269,2
2019-05-29 16:14:51.633,10269,10270,10269,2
2019-05-29 16:15:00.909,10269,10270,10269,3
2019-05-29 16:15:01.209,10269,10270,10269,3
2019-05-29 16:15:11.006,10268,10269,10269,1
2019-05-29 16:15:14.638,10268,10269,10269,3
2019-05-29 16:15:15.217,10268,10269,10268,1
2019-05-29 16:15:15.340,10268,10269,10268,1
2019-05-29 16:15:18.611,10267,10269,10268,1
2019-05-29 16:15:18.611,10267,10269,10269,2
2019-05-29 16:15:20.169,10268,10269,10269,1
2019-05-29 16:15:23.463,10268,10269,10268,2
2019-05-29 16:16:10.064,10268,10269,10269,4
2019-05-29 16:16:25.223,10268,10269,10269,1
2019-05-29 16:16:52.826,10268,10269,10268,10
2019-05-29 16:16:52.930,10268,10269,10268,1
2019-05-29 16:16:52.930,10268,10269,10268,1
2019-05-29 16:16:52.930,10268,10269,10268,2
2019-05-29 16:16:59.777,10268,10269,10268,5
2019-05-29 16:17:05.786,10268,10269,10269,1
2019-05-29 16:17:21.037,10268,10269,10268,1
2019-05-29 16:17:21.162,10268,10269,10268,1
2019-05-29 16:17:21.287,10268,10269,10268,1
2019-05-29 16:17:40.247,10268,10269,10268,2
2019-05-29 16:17:44.618,10268,10269,10268,1
2019-05-29 16:17:45.580,10267,10269,10268,3
2019-05-29 16:17:48.554,10268,10269,10268,10
2019-05-29 16:17:49.189,10268,10269,10269,1
2019-05-29 16:17:53.852,10268,10269,10269,16
2019-05-29 16:17:53.875,10268,10269,10269,11
2019-05-29 16:18:03.896,10269,10270,10270,1
2019-05-29 16:18:03.947,10269,10270,10270,1
2019-05-29 16:18:04.289,10269,10270,10270,1
2019-05-29 16:18:04.905,10269,10270,10270,2
2019-05-29 16:18:04.905,10269,10270,10270,2
2019-05-29 16:18:04.905,10269,10270,10270,1
2019-05-29 16:18:04.905,10269,10270,10270,4
2019-05-29 16:18:04.906,10269,10270,10270,2
2019-05-29 16:18:04.906,10269,10270,10270,1
2019-05-29 16:18:04.906,10269,10270,10270,1
2019-05-29 16:18:04.907,10269,10270,10270,4
2019-05-29 16:18:04.912,10269,10270,10270,5
2019-05-29 16:18:25.439,10269,10270,10270,1
2019-05-29 16:18:29.303,10269,10270,10270,2
2019-05-29 16:18:34.986,10269,10270,10270,1
2019-05-29 16:18:36.312,10269,10270,10270,2
2019-05-29 16:18:49.363,10269,10270,10270,2
2019-05-29 16:19:02.968,10269,10270,10270,10
2019-05-29 16:19:05.075,10269,10270,10270,1
2019-05-29 16:19:17.174,10270,10271,10270,6
2019-05-29 16:19:17.198,10270,10271,10270,2
2019-05-29 16:19:17.287,10270,10271,10270,1
2019-05-29 16:19:35.148,10269,10270,10270,1
2019-05-29 16:19:39.732,10269,10270,10269,2
2019-05-29 16:19:39.734,10269,10270,10269,3
2019-05-29 16:19:39.734,10269,10270,10269,4
2019-05-29 16:19:39.734,10269,10270,10269,1
2019-05-29 16:19:39.738,10269,10270,10269,2
2019-05-29 16:19:42.894,10268,10269,10269,1
2019-05-29 16:19:49.809,10268,10269,10268,3
2019-05-29 16:19:51.934,10267,10268,10268,2
2019-05-29 16:19:54.600,10267,10268,10268,1
2019-05-29 16:20:07.877,10268,10269,10269,1
2019-05-29 16:20:09.029,10268,10269,10268,1
2019-05-29 16:20:17.922,10267,10268,10267,1
2019-05-29 16:20:48.631,10267,10268,10267,1
2019-05-29 16:20:52.327,10267,10268,10268,2
2019-05-29 16:20:52.328,10267,10268,10268,1
2019-05-29 16:20:52.512,10268,10269,10268,1
2019-05-29 16:20:54.979,10268,10269,10268,1
2019-05-29 16:21:02.125,10267,10268,10268,2
2019-05-29 16:21:18.097,10267,10268,10268,1
2019-05-29 16:21:33.736,10267,10268,10268,2
2019-05-29 16:22:45.213,10268,10269,10269,1
2019-05-29 16:22:45.465,10268,10269,10269,1
2019-05-29 16:23:08.840,10268,10269,10268,1
2019-05-29 16:23:10.854,10268,10269,10268,2
2019-05-29 16:23:11.093,10268,10269,10268,2
2019-05-29 16:23:11.330,10268,10269,10268,1
2019-05-29 16:23:12.753,10267,10268,10268,2
2019-05-29 16:23:22.386,10268,10269,10268,1
2019-05-29 16:23:25.245,10267,10268,10268,1
2019-05-29 16:23:34.218,10268,10269,10268,8
2019-05-29 16:23:37.400,10267,10268,10268,2
2019-05-29 16:23:52.393,10267,10268,10268,1
2019-05-29 16:23:53.724,10267,10268,10268,2
2019-05-29 16:24:08.295,10267,10268,10267,2
2019-05-29 16:24:08.295,10267,10268,10267,18
2019-05-29 16:24:08.295,10267,10268,10267,1
2019-05-29 16:24:08.296,10267,10268,10267,1
2019-05-29 16:24:08.297,10267,10268,10267,14
2019-05-29 16:24:22.214,10266,10267,10267,1
2019-05-29 16:24:29.576,10266,10267,10267,3
2019-05-29 16:24:29.577,10266,10267,10267,3
2019-05-29 16:24:29.577,10266,10267,10267,1
2019-05-29 16:24:29.577,10266,10267,10267,1
2019-05-29 16:24:37.419,10267,10268,10267,1
2019-05-29 16:24:58.974,10267,10268,10267,2
2019-05-29 16:25:01.983,10267,10268,10267,1
2019-05-29 16:25:05.432,10266,10267,10266,20
2019-05-29 16:25:08.419,10266,10267,10266,1
2019-05-29 16:25:12.291,10266,10267,10266,1
2019-05-29 16:25:26.447,10266,10267,10266,1
2019-05-29 16:25:42.173,10266,10267,10266,1
2019-05-29 16:25:47.766,10266,10267,10267,2
2019-05-29 16:25:59.248,10266,10267,10267,1
2019-05-29 16:26:08.305,10266,10267,10266,10
2019-05-29 16:26:08.720,10266,10267,10266,10
2019-05-29 16:26:09.099,10266,10267,10266,6
2019-05-29 16:26:17.032,10266,10267,10266,1
2019-05-29 16:26:30.581,10266,10267,10266,1
2019-05-29 16:26:30.587,10266,10267,10267,1
2019-05-29 16:26:30.662,10265,10267,10266,1
2019-05-29 16:26:35.745,10265,10267,10266,1
2019-05-29 16:26:41.848,10265,10266,10266,1
2019-05-29 16:26:46.830,10265,10266,10266,1
2019-05-29 16:26:52.478,10265,10266,10266,1
2019-05-29 16:26:55.630,10265,10266,10266,2
2019-05-29 16:26:57.860,10265,10266,10266,1
2019-05-29 16:26:59.423,10265,10266,10266,8
2019-05-29 16:26:59.537,10265,10266,10266,10
2019-05-29 16:27:00.364,10266,10267,10266,1
2019-05-29 16:27:04.373,10266,10267,10266,2
2019-05-29 16:27:09.172,10266,10267,10266,2
2019-05-29 16:27:09.173,10266,10267,10266,2
2019-05-29 16:27:09.174,10266,10267,10266,2
2019-05-29 16:27:09.287,10266,10267,10266,1
2019-05-29 16:27:24.321,10265,10266,10266,2
2019-05-29 16:27:34.093,10265,10266,10266,1
2019-05-29 16:27:35.739,10265,10266,10266,1
2019-05-29 16:27:39.663,10265,10266,10266,1
2019-05-29 16:27:41.754,10265,10266,10266,1
2019-05-29 16:27:47.590,10266,10267,10266,2
2019-05-29 16:27:47.736,10265,10266,10266,1
2019-05-29 16:27:54.427,10265,10266,10266,1
2019-05-29 16:28:15.390,10265,10266,10266,1
2019-05-29 16:28:15.620,10266,10267,10266,2
2019-05-29 16:28:36.662,10266,10267,10267,2
2019-05-29 16:28:36.787,10266,10267,10267,1
2019-05-29 16:28:36.787,10266,10267,10267,1
2019-05-29 16:28:36.787,10266,10267,10267,1
2019-05-29 16:28:36.912,10266,10267,10267,1
2019-05-29 16:28:48.226,10267,10268,10267,1
2019-05-29 16:29:21.389,10266,10267,10267,2
2019-05-29 16:29:23.013,10266,10267,10267,1
2019-05-29 16:30:21.111,10266,10267,10267,1
2019-05-29 16:30:21.418,10266,10267,10267,1
2019-05-29 16:30:23.957,10266,10267,10267,1
2019-05-29 16:30:25.970,10266,10267,10267,1
2019-05-29 16:30:25.984,10266,10267,10267,1
2019-05-29 16:30:28.780,10266,10267,10267,2
2019-05-29 16:30:28.781,10266,10267,10267,1
2019-05-29 16:30:28.782,10266,10267,10267,1
2019-05-29 16:30:28.787,10266,10267,10267,1
2019-05-29 16:30:29.515,10266,10267,10267,2
2019-05-29 16:30:29.516,10266,10267,10267,2
2019-05-29 16:30:30.314,10267,10268,10268,1
2019-05-29 16:30:30.688,10267,10268,10267,1
2019-05-29 16:30:42.453,10267,10268,10268,6
2019-05-29 16:30:42.537,10267,10268,10268,1
2019-05-29 16:30:42.537,10267,10268,10268,1
2019-05-29 16:30:58.189,10267,10268,10268,3
2019-05-29 16:31:02.708,10267,10268,10268,3
2019-05-29 16:31:02.895,10267,10268,10268,4
2019-05-29 16:31:05.021,10267,10268,10268,3
2019-05-29 16:31:26.756,10268,10269,10269,1
2019-05-29 16:31:26.760,10268,10269,10269,2
2019-05-29 16:31:26.760,10268,10269,10269,2
2019-05-29 16:31:26.761,10268,10269,10269,4
2019-05-29 16:31:26.762,10268,10269,10269,11
2019-05-29 16:31:27.170,10269,10270,10270,3
2019-05-29 16:31:27.170,10269,10270,10270,1
2019-05-29 16:31:27.328,10269,10270,10270,1
2019-05-29 16:31:27.351,10269,10270,10270,1
2019-05-29 16:31:27.702,10269,10270,10270,1
2019-05-29 16:31:27.727,10269,10270,10270,1
2019-05-29 16:31:27.727,10269,10270,10270,1
2019-05-29 16:31:27.787,10269,10270,10270,5
2019-05-29 16:31:27.987,10269,10270,10270,2
2019-05-29 16:31:28.213,10269,10270,10270,2
2019-05-29 16:31:28.346,10269,10270,10270,1
2019-05-29 16:31:28.632,10269,10270,10270,2
2019-05-29 16:31:28.632,10269,10270,10270,1
2019-05-29 16:31:29.727,10269,10271,10271,1
2019-05-29 16:31:29.814,10269,10271,10271,1
2019-05-29 16:31:44.922,10268,10270,10270,1
2019-05-29 16:31:46.013,10269,10270,10270,1
2019-05-29 16:32:07.737,10269,10270,10270,3
2019-05-29 16:32:20.374,10269,10270,10270,1
2019-05-29 16:32:46.224,10269,10270,10270,1
2019-05-29 16:32:49.904,10269,10270,10270,2
2019-05-29 16:32:53.913,10270,10271,10270,1
2019-05-29 16:32:55.256,10269,10270,10270,1
2019-05-29 16:32:57.522,10270,10271,10270,1
2019-05-29 16:33:07.710,10270,10271,10270,1
2019-05-29 16:33:25.183,10270,10271,10270,2
2019-05-29 16:33:38.238,10270,10271,10270,1
2019-05-29 16:33:53.263,10270,10271,10270,1
2019-05-29 16:33:57.420,10270,10271,10271,43
2019-05-29 16:34:01.974,10271,10272,10271,1
2019-05-29 16:34:23.435,10271,10272,10271,4
2019-05-29 16:34:23.537,10271,10272,10271,2
2019-05-29 16:34:26.967,10270,10271,10270,1
2019-05-29 16:34:31.300,10270,10271,10271,1
2019-05-29 16:34:38.981,10271,10272,10271,1
2019-05-29 16:34:41.641,10271,10272,10271,1
2019-05-29 16:34:49.433,10270,10271,10271,1
2019-05-29 16:35:08.313,10270,10271,10271,1
2019-05-29 16:35:14.714,10270,10271,10271,1
2019-05-29 16:35:19.210,10270,10271,10271,2
2019-05-29 16:35:22.361,10270,10271,10270,1
2019-05-29 16:35:24.675,10270,10271,10270,3
2019-05-29 16:35:25.760,10270,10271,10271,1
2019-05-29 16:35:27.529,10270,10271,10270,1
2019-05-29 16:35:41.658,10270,10271,10270,1
2019-05-29 16:35:41.659,10270,10271,10270,5
2019-05-29 16:35:45.391,10269,10270,10270,2
2019-05-29 16:35:56.739,10269,10270,10269,1
2019-05-29 16:36:03.060,10269,10270,10270,2
2019-05-29 16:36:18.955,10270,10271,10270,1
2019-05-29 16:37:26.426,10269,10270,10270,2
2019-05-29 16:37:50.117,10269,10270,10270,1
2019-05-29 16:37:57.936,10269,10270,10270,1
2019-05-29 16:38:02.015,10269,10270,10270,1
2019-05-29 16:38:02.548,10270,10271,10270,3
2019-05-29 16:38:05.823,10269,10270,10270,1
2019-05-29 16:38:07.042,10269,10270,10269,1
2019-05-29 16:38:07.163,10269,10270,10269,1
2019-05-29 16:38:14.468,10269,10270,10269,1
2019-05-29 16:38:17.314,10269,10270,10270,1
2019-05-29 16:38:23.474,10269,10270,10269,1
2019-05-29 16:39:03.780,10269,10270,10270,1
2019-05-29 16:39:08.179,10269,10270,10270,1
2019-05-29 16:39:20.922,10269,10270,10270,1
2019-05-29 16:39:23.394,10270,10271,10270,1
2019-05-29 16:39:38.288,10270,10271,10270,1
2019-05-29 16:39:40.088,10270,10271,10270,2
2019-05-29 16:39:41.294,10269,10270,10270,1
2019-05-29 16:39:44.223,10269,10270,10269,1
2019-05-29 16:40:18.973,10269,10270,10270,1
2019-05-29 16:40:18.975,10269,10270,10270,1
2019-05-29 16:40:30.537,10269,10270,10270,1
2019-05-29 16:40:43.076,10270,10271,10270,1
2019-05-29 16:40:52.496,10270,10271,10270,1
2019-05-29 16:41:13.889,10270,10271,10271,1
2019-05-29 16:41:20.231,10270,10271,10270,1
2019-05-29 16:41:20.873,10270,10271,10270,1
2019-05-29 16:41:20.873,10270,10271,10270,1
2019-05-29 16:41:20.892,10270,10271,10270,1
2019-05-29 16:41:20.912,10270,10271,10270,1
2019-05-29 16:41:20.912,10270,10271,10270,1
2019-05-29 16:41:21.018,10270,10271,10270,1
2019-05-29 16:41:31.370,10270,10271,10271,5
2019-05-29 16:41:31.689,10270,10271,10271,5
2019-05-29 16:41:58.914,10270,10271,10270,1
2019-05-29 16:42:16.977,10270,10271,10271,1
2019-05-29 16:42:17.114,10270,10271,10270,1
2019-05-29 16:42:18.844,10270,10271,10270,1
2019-05-29 16:42:26.343,10270,10271,10270,1
2019-05-29 16:42:26.920,10270,10271,10270,5
2019-05-29 16:42:29.908,10269,10270,10269,3
2019-05-29 16:42:29.908,10269,10270,10269,1
2019-05-29 16:42:29.914,10269,10270,10269,4
2019-05-29 16:42:39.622,10269,10270,10269,1
2019-05-29 16:42:53.951,10269,10270,10269,6
2019-05-29 16:43:06.051,10268,10269,10268,3
2019-05-29 16:43:06.531,10268,10269,10268,1
2019-05-29 16:43:06.531,10268,10269,10268,2
2019-05-29 16:43:06.537,10268,10269,10268,4
2019-05-29 16:43:17.546,10267,10268,10267,20
2019-05-29 16:43:21.272,10267,10268,10267,1
2019-05-29 16:43:29.312,10267,10268,10268,4
2019-05-29 16:43:30.839,10267,10268,10267,2
2019-05-29 16:43:38.287,10267,10268,10268,9
2019-05-29 16:43:47.095,10268,10269,10268,1
2019-05-29 16:44:04.504,10268,10269,10268,10
2019-05-29 16:44:28.746,10268,10269,10269,1
2019-05-29 16:44:30.731,10268,10269,10268,2
2019-05-29 16:45:08.528,10268,10269,10268,1
2019-05-29 16:45:22.057,10268,10269,10268,1
2019-05-29 16:45:27.052,10268,10269,10269,1
2019-05-29 16:45:27.855,10269,10270,10269,2
2019-05-29 16:45:27.855,10269,10270,10269,2
2019-05-29 16:45:30.162,10268,10269,10269,1
2019-05-29 16:45:30.220,10268,10269,10269,2
2019-05-29 16:45:39.573,10269,10270,10269,3
2019-05-29 16:45:39.787,10268,10269,10269,1
2019-05-29 16:46:10.399,10269,10270,10269,1
2019-05-29 16:46:10.531,10268,10270,10268,1
2019-05-29 16:46:46.306,10268,10269,10269,2
2019-05-29 16:47:36.158,10268,10269,10269,4
2019-05-29 16:47:41.026,10268,10269,10269,5
2019-05-29 16:47:50.198,10269,10270,10270,5
2019-05-29 16:48:09.154,10269,10270,10269,1
2019-05-29 16:48:10.324,10269,10270,10270,1
2019-05-29 16:48:11.359,10269,10270,10269,1
2019-05-29 16:48:12.601,10269,10270,10269,3
2019-05-29 16:49:44.664,10268,10269,10268,2
2019-05-29 16:49:44.728,10268,10269,10268,10
2019-05-29 16:49:44.787,10268,10269,10268,8
2019-05-29 16:49:44.787,10268,10269,10268,5
2019-05-29 16:49:44.787,10268,10269,10268,1
2019-05-29 16:49:44.787,10268,10269,10268,9
2019-05-29 16:49:46.234,10267,10268,10267,1
2019-05-29 16:50:04.387,10267,10268,10268,1
2019-05-29 16:50:30.449,10267,10268,10268,2
2019-05-29 16:50:54.551,10267,10268,10268,3
2019-05-29 16:50:54.551,10267,10268,10268,2
2019-05-29 16:50:54.756,10268,10269,10268,1
2019-05-29 16:51:22.265,10267,10268,10268,1
2019-05-29 16:51:33.742,10267,10268,10268,1
2019-05-29 16:51:35.690,10267,10268,10268,1
2019-05-29 16:51:50.297,10267,10268,10268,3
2019-05-29 16:51:51.101,10267,10268,10267,1
2019-05-29 16:52:39.398,10267,10268,10267,1
2019-05-29 16:53:12.227,10267,10268,10267,1
2019-05-29 16:53:14.114,10267,10268,10267,2
2019-05-29 16:53:17.589,10267,10268,10267,10
2019-05-29 16:53:17.662,10267,10268,10267,3
2019-05-29 16:53:24.339,10266,10267,10267,1
2019-05-29 16:53:42.717,10267,10268,10267,1
2019-05-29 16:53:42.795,10267,10268,10267,1
2019-05-29 16:54:01.328,10266,10267,10267,2
2019-05-29 16:54:42.240,10266,10267,10267,2
2019-05-29 16:54:44.174,10266,10267,10267,20
2019-05-29 16:54:53.222,10266,10267,10266,10
2019-05-29 16:54:53.558,10266,10267,10266,1
2019-05-29 16:54:53.977,10266,10267,10266,3
2019-05-29 16:54:57.718,10266,10267,10266,15
2019-05-29 16:54:57.787,10266,10267,10266,1
2019-05-29 16:55:14.706,10265,10266,10265,5
2019-05-29 16:55:36.256,10265,10266,10265,1
2019-05-29 16:55:43.269,10265,10266,10266,1
2019-05-29 16:55:49.037,10265,10266,10266,15
2019-05-29 16:55:51.191,10266,10267,10266,1
2019-05-29 16:55:58.579,10266,10267,10266,1
2019-05-29 16:56:48.473,10266,10267,10267,7
2019-05-29 16:56:48.478,10266,10267,10267,1
2019-05-29 16:56:48.478,10266,10267,10267,1
2019-05-29 16:56:48.481,10266,10267,10267,2
2019-05-29 16:56:48.537,10266,10267,10267,2
2019-05-29 16:56:48.537,10266,10267,10267,2
2019-05-29 16:56:48.700,10267,10268,10267,1
2019-05-29 16:56:49.056,10267,10268,10267,1
2019-05-29 16:57:07.451,10267,10268,10267,2
2019-05-29 16:57:18.135,10267,10268,10268,1
2019-05-29 16:57:18.262,10267,10268,10268,1
2019-05-29 16:57:18.264,10267,10268,10268,1
2019-05-29 16:57:18.287,10267,10268,10268,2
2019-05-29 16:57:18.412,10267,10268,10268,2
2019-05-29 16:57:26.919,10268,10269,10268,8
2019-05-29 16:57:50.033,10268,10269,10268,1
2019-05-29 16:58:36.089,10267,10268,10268,1
2019-05-29 16:58:39.984,10267,10268,10267,1
2019-05-29 16:59:01.482,10267,10268,10267,3
2019-05-29 16:59:10.165,10267,10268,10267,1
2019-05-29 17:00:55.519,10267,10268,10268,5
2019-05-29 17:00:56.123,10268,10269,10269,5
2019-05-29 17:01:33.543,10268,10269,10269,1
2019-05-29 17:01:49.816,10268,10269,10268,5
2019-05-29 17:02:00.725,10267,10268,10268,1
2019-05-29 17:02:36.853,10267,10268,10268,1
2019-05-29 17:03:37.914,10267,10268,10268,2
2019-05-29 17:04:09.339,10267,10268,10268,2
2019-05-29 17:04:22.633,10268,10269,10269,2
2019-05-29 17:04:46.505,10268,10269,10268,1
2019-05-29 17:04:46.507,10268,10269,10268,1
2019-05-29 17:04:46.577,10268,10269,10268,1
2019-05-29 17:04:46.579,10268,10269,10268,1
2019-05-29 17:04:47.641,10267,10269,10269,2
2019-05-29 17:05:10.545,10268,10269,10268,1
2019-05-29 17:05:16.039,10268,10269,10269,1
2019-05-29 17:05:41.488,10268,10269,10268,2
2019-05-29 17:05:41.488,10268,10269,10268,2
2019-05-29 17:05:41.488,10268,10269,10268,1
2019-05-29 17:06:01.240,10267,10268,10267,2
2019-05-29 17:06:01.240,10267,10268,10267,5
2019-05-29 17:06:01.574,10267,10268,10267,1
2019-05-29 17:06:01.576,10267,10268,10267,2
2019-05-29 17:06:01.577,10267,10268,10267,1
2019-05-29 17:06:01.659,10267,10268,10267,2
2019-05-29 17:06:01.662,10267,10268,10267,11
2019-05-29 17:06:14.892,10266,10267,10266,2
2019-05-29 17:06:14.903,10266,10267,10266,2
2019-05-29 17:06:14.912,10266,10267,10266,1
2019-05-29 17:06:14.925,10266,10267,10266,1
2019-05-29 17:06:14.946,10266,10267,10266,2
2019-05-29 17:06:26.698,10266,10267,10266,2
2019-05-29 17:06:36.559,10266,10267,10267,4
2019-05-29 17:06:37.598,10266,10267,10267,2
2019-05-29 17:06:51.244,10266,10267,10266,2
2019-05-29 17:07:08.224,10266,10267,10267,2
2019-05-29 17:07:56.685,10266,10267,10267,1
2019-05-29 17:07:56.991,10266,10267,10267,1
2019-05-29 17:08:10.541,10266,10267,10267,1
2019-05-29 17:08:38.730,10266,10267,10267,5
2019-05-29 17:08:40.034,10266,10267,10267,2
2019-05-29 17:08:42.037,10266,10267,10266,3
2019-05-29 17:08:55.432,10266,10267,10266,1
2019-05-29 17:09:11.938,10266,10267,10266,1
2019-05-29 17:09:36.430,10266,10267,10266,1
2019-05-29 17:09:40.885,10266,10267,10266,1
2019-05-29 17:10:03.896,10266,10267,10267,1
2019-05-29 17:10:03.896,10266,10267,10267,1
2019-05-29 17:10:03.912,10266,10267,10267,1
2019-05-29 17:10:03.912,10266,10267,10267,1
2019-05-29 17:10:03.912,10266,10267,10267,1
2019-05-29 17:10:03.912,10266,10267,10267,2
2019-05-29 17:10:03.913,10266,10267,10267,1
2019-05-29 17:10:04.089,10267,10268,10267,1
2019-05-29 17:10:05.120,10266,10268,10266,1
2019-05-29 17:10:23.822,10267,10268,10267,5
2019-05-29 17:10:28.300,10266,10267,10267,1
2019-05-29 17:10:32.779,10266,10267,10267,2
2019-05-29 17:11:10.338,10267,10268,10268,9
2019-05-29 17:11:10.412,10267,10268,10268,2
2019-05-29 17:11:10.663,10268,10269,10268,2
2019-05-29 17:11:10.670,10268,10269,10268,1
2019-05-29 17:12:15.808,10267,10268,10268,5
2019-05-29 17:13:02.698,10268,10269,10268,1
2019-05-29 17:13:16.152,10267,10268,10268,3
2019-05-29 17:14:34.993,10268,10269,10268,1
2019-05-29 17:14:34.993,10268,10269,10268,1
2019-05-29 17:14:34.993,10268,10269,10268,1
2019-05-29 17:14:34.993,10268,10269,10268,2
2019-05-29 17:14:34.993,10268,10269,10268,1
2019-05-29 17:14:34.999,10268,10269,10268,3
2019-05-29 17:14:35.001,10268,10269,10268,2
2019-05-29 17:14:35.020,10268,10269,10268,10
2019-05-29 17:15:35.662,10267,10268,10268,3
2019-05-29 17:15:53.488,10268,10269,10268,1
2019-05-29 17:15:55.156,10268,10269,10268,1
2019-05-29 17:16:40.346,10267,10268,10268,1
2019-05-29 17:17:02.933,10267,10268,10268,1
2019-05-29 17:17:27.206,10267,10268,10268,1
2019-05-29 17:17:45.358,10267,10268,10268,5
2019-05-29 17:17:51.924,10267,10268,10267,5
2019-05-29 17:18:18.244,10267,10268,10267,1
2019-05-29 17:18:20.056,10266,10267,10267,1
2019-05-29 17:18:42.700,10266,10267,10267,1
2019-05-29 17:18:56.870,10266,10267,10267,1
2019-05-29 17:18:57.785,10266,10267,10266,1
2019-05-29 17:19:15.234,10266,10267,10266,1
2019-05-29 17:19:26.480,10266,10267,10266,10
2019-05-29 17:19:49.889,10266,10267,10267,1
2019-05-29 17:19:51.270,10267,10268,10267,1
2019-05-29 17:19:54.973,10267,10268,10267,1
2019-05-29 17:19:58.745,10266,10267,10266,10
2019-05-29 17:20:16.652,10266,10267,10266,10
2019-05-29 17:20:16.662,10266,10267,10266,1
2019-05-29 17:20:26.356,10266,10267,10266,2
2019-05-29 17:20:26.613,10266,10267,10266,1
2019-05-29 17:20:49.662,10266,10267,10266,1
2019-05-29 17:20:49.787,10266,10267,10266,9
2019-05-29 17:20:50.313,10265,10266,10266,2
2019-05-29 17:21:08.299,10265,10266,10265,4
2019-05-29 17:21:11.137,10265,10266,10266,1
2019-05-29 17:21:19.307,10265,10266,10266,2
2019-05-29 17:21:20.680,10265,10266,10266,1
2019-05-29 17:21:28.840,10265,10266,10266,1
2019-05-29 17:21:34.377,10265,10266,10265,4
2019-05-29 17:21:55.198,10265,10266,10265,1
2019-05-29 17:22:05.817,10265,10266,10266,1
2019-05-29 17:22:14.347,10265,10266,10266,1
2019-05-29 17:22:19.025,10265,10266,10265,2
2019-05-29 17:22:27.984,10265,10266,10266,3
2019-05-29 17:22:37.080,10265,10266,10266,1
2019-05-29 17:22:37.115,10265,10266,10266,1
2019-05-29 17:22:37.115,10265,10266,10267,1
2019-05-29 17:22:37.642,10265,10267,10266,1
2019-05-29 17:22:41.046,10265,10266,10266,1
2019-05-29 17:22:41.299,10265,10266,10266,1
2019-05-29 17:22:42.603,10266,10267,10266,1
2019-05-29 17:22:47.664,10266,10267,10266,2
2019-05-29 17:22:50.817,10266,10267,10266,1
2019-05-29 17:23:03.456,10266,10267,10266,6
2019-05-29 17:23:12.401,10265,10266,10265,50
2019-05-29 17:23:26.310,10265,10266,10265,1
2019-05-29 17:23:26.311,10265,10266,10265,1
2019-05-29 17:23:26.412,10265,10266,10265,6
2019-05-29 17:23:26.412,10265,10266,10265,4
2019-05-29 17:23:26.465,10265,10266,10265,10
2019-05-29 17:23:26.546,10265,10266,10265,3
2019-05-29 17:23:28.585,10265,10266,10265,5
2019-05-29 17:23:28.664,10265,10266,10265,1
2019-05-29 17:23:30.454,10265,10266,10265,1
2019-05-29 17:23:32.402,10264,10265,10264,4
2019-05-29 17:23:32.430,10264,10265,10264,5
2019-05-29 17:23:32.442,10264,10265,10264,1
2019-05-29 17:23:32.529,10264,10265,10264,1
2019-05-29 17:23:32.596,10264,10265,10264,1
2019-05-29 17:23:32.637,10264,10265,10264,10
2019-05-29 17:23:32.814,10264,10265,10264,1
2019-05-29 17:23:40.613,10264,10265,10264,2
2019-05-29 17:23:41.922,10264,10265,10265,1
2019-05-29 17:23:43.193,10264,10265,10264,5
2019-05-29 17:23:43.415,10264,10265,10264,5
2019-05-29 17:23:43.614,10264,10265,10264,2
2019-05-29 17:23:43.791,10263,10264,10263,5
2019-05-29 17:23:44.112,10263,10264,10263,1
2019-05-29 17:23:44.280,10263,10264,10263,1
2019-05-29 17:23:50.607,10263,10264,10263,2
2019-05-29 17:23:51.566,10263,10264,10264,1
2019-05-29 17:23:53.354,10263,10264,10264,2
2019-05-29 17:23:55.150,10263,10264,10264,3
2019-05-29 17:23:56.018,10264,10265,10264,1
2019-05-29 17:23:58.119,10264,10265,10264,1
2019-05-29 17:24:00.618,10264,10265,10264,1
2019-05-29 17:24:00.904,10264,10265,10264,1
2019-05-29 17:24:01.463,10264,10265,10264,5
2019-05-29 17:24:02.666,10263,10264,10264,2
2019-05-29 17:24:05.811,10263,10264,10263,2
2019-05-29 17:24:10.106,10263,10264,10263,1
2019-05-29 17:24:11.620,10263,10264,10263,1
2019-05-29 17:24:13.089,10263,10264,10263,1
2019-05-29 17:24:14.273,10263,10264,10263,3
2019-05-29 17:24:14.349,10263,10264,10263,3
2019-05-29 17:24:14.349,10263,10264,10263,10
2019-05-29 17:24:14.349,10263,10264,10263,2
2019-05-29 17:24:14.349,10263,10264,10263,4
2019-05-29 17:24:14.349,10263,10264,10263,5
2019-05-29 17:24:20.321,10262,10263,10263,1
2019-05-29 17:24:21.465,10262,10263,10262,1
2019-05-29 17:24:21.547,10262,10263,10262,1
2019-05-29 17:24:21.567,10262,10263,10262,2
2019-05-29 17:24:21.607,10262,10263,10262,4
2019-05-29 17:24:21.608,10262,10263,10262,5
2019-05-29 17:24:21.683,10262,10263,10262,2
2019-05-29 17:24:21.712,10262,10263,10262,2
2019-05-29 17:24:21.719,10262,10263,10262,2
2019-05-29 17:24:21.732,10262,10263,10262,2
2019-05-29 17:24:21.733,10262,10263,10262,1
2019-05-29 17:24:21.746,10262,10263,10262,2
2019-05-29 17:24:21.771,10262,10263,10262,2
2019-05-29 17:24:21.776,10262,10263,10262,2
2019-05-29 17:24:21.821,10262,10263,10262,4
2019-05-29 17:24:21.826,10262,10263,10262,4
2019-05-29 17:24:21.830,10262,10263,10262,1
2019-05-29 17:24:21.875,10262,10263,10262,4
2019-05-29 17:24:22.402,10262,10263,10263,1
2019-05-29 17:24:22.438,10262,10263,10262,1
2019-05-29 17:24:22.587,10262,10263,10262,1
2019-05-29 17:24:28.666,10262,10263,10262,1
2019-05-29 17:24:31.204,10262,10263,10262,1
2019-05-29 17:24:35.975,10262,10263,10262,1
2019-05-29 17:24:53.887,10262,10263,10263,2
2019-05-29 17:24:53.912,10262,10263,10263,2
2019-05-29 17:24:54.318,10263,10264,10263,1
2019-05-29 17:24:55.710,10263,10264,10263,1
2019-05-29 17:24:56.235,10263,10264,10263,1
2019-05-29 17:24:59.999,10263,10264,10263,1
2019-05-29 17:25:06.407,10263,10264,10264,1
2019-05-29 17:25:16.747,10263,10264,10263,1
2019-05-29 17:25:17.821,10263,10264,10263,1
2019-05-29 17:25:18.828,10263,10264,10263,1
2019-05-29 17:25:30.889,10263,10264,10263,1
2019-05-29 17:25:31.342,10263,10264,10263,1
2019-05-29 17:25:31.412,10262,10263,10263,1
2019-05-29 17:25:37.229,10262,10263,10262,1
2019-05-29 17:25:39.784,10262,10263,10263,1
2019-05-29 17:25:58.110,10262,10263,10262,4
2019-05-29 17:25:58.156,10262,10263,10262,2
2019-05-29 17:26:00.908,10262,10263,10262,1
2019-05-29 17:26:02.623,10262,10263,10262,1
2019-05-29 17:26:04.168,10262,10263,10262,1
2019-05-29 17:26:04.235,10262,10263,10263,1
2019-05-29 17:26:04.287,10262,10263,10262,1
2019-05-29 17:26:05.323,10262,10263,10262,8
2019-05-29 17:26:05.544,10262,10263,10262,2
2019-05-29 17:26:05.663,10262,10263,10262,2
2019-05-29 17:26:06.170,10262,10263,10262,1
2019-05-29 17:26:06.641,10261,10262,10262,1
2019-05-29 17:26:11.200,10262,10263,10262,1
2019-05-29 17:26:11.653,10262,10263,10262,1
2019-05-29 17:26:19.255,10262,10263,10262,2
2019-05-29 17:26:21.364,10262,10263,10262,2
2019-05-29 17:26:23.453,10262,10263,10263,3
2019-05-29 17:26:24.711,10262,10263,10263,2
2019-05-29 17:26:27.832,10262,10263,10263,1
2019-05-29 17:26:28.463,10262,10263,10262,1
2019-05-29 17:26:28.538,10262,10263,10262,1
2019-05-29 17:26:30.617,10262,10263,10262,1
2019-05-29 17:26:43.267,10262,10263,10262,1
2019-05-29 17:26:44.536,10262,10263,10262,9
2019-05-29 17:26:45.396,10261,10262,10262,1
2019-05-29 17:26:48.633,10261,10262,10262,1
2019-05-29 17:26:49.297,10261,10262,10261,1
2019-05-29 17:26:53.540,10261,10262,10261,3
2019-05-29 17:26:53.589,10261,10262,10262,1
2019-05-29 17:27:11.329,10261,10262,10261,1
2019-05-29 17:27:22.222,10261,10262,10261,1
2019-05-29 17:27:23.897,10261,10262,10261,1
2019-05-29 17:27:24.004,10261,10262,10262,1
2019-05-29 17:27:26.242,10261,10262,10261,18
2019-05-29 17:27:30.675,10261,10262,10261,1
2019-05-29 17:27:32.208,10261,10262,10262,1
2019-05-29 17:27:33.108,10261,10262,10261,1
2019-05-29 17:27:33.544,10261,10262,10262,1
2019-05-29 17:27:34.949,10261,10262,10261,1
2019-05-29 17:27:35.587,10261,10262,10262,2
2019-05-29 17:27:35.587,10261,10262,10262,5
2019-05-29 17:27:42.527,10262,10263,10262,2
2019-05-29 17:27:42.527,10262,10263,10262,2
2019-05-29 17:27:43.540,10261,10262,10262,1
2019-05-29 17:27:45.020,10261,10262,10262,1
2019-05-29 17:27:53.074,10261,10262,10262,1
2019-05-29 17:27:55.070,10261,10262,10262,2
2019-05-29 17:27:57.681,10261,10262,10262,1
2019-05-29 17:28:06.586,10261,10262,10261,1
2019-05-29 17:28:11.827,10261,10262,10262,1
2019-05-29 17:28:11.914,10261,10262,10262,7
2019-05-29 17:28:12.996,10262,10263,10262,2
2019-05-29 17:28:16.662,10262,10263,10262,1
2019-05-29 17:28:20.543,10262,10263,10262,1
2019-05-29 17:28:23.443,10262,10263,10263,1
2019-05-29 17:28:26.135,10262,10263,10263,4
2019-05-29 17:28:26.135,10262,10263,10264,1
2019-05-29 17:28:26.252,10262,10264,10264,3
2019-05-29 17:28:26.287,10263,10264,10263,1
2019-05-29 17:28:26.821,10263,10264,10263,5
2019-05-29 17:28:26.936,10263,10264,10263,2
2019-05-29 17:28:32.970,10262,10263,10263,2
2019-05-29 17:28:39.884,10262,10263,10263,2
2019-05-29 17:28:45.206,10262,10263,10262,1
2019-05-29 17:28:45.884,10262,10263,10263,1
2019-05-29 17:28:48.637,10262,10263,10263,1
2019-05-29 17:28:48.787,10263,10264,10263,1
2019-05-29 17:28:50.300,10263,10264,10264,1
2019-05-29 17:28:51.336,10263,10264,10263,1
2019-05-29 17:28:52.218,10263,10264,10263,1
2019-05-29 17:28:56.954,10263,10264,10263,2
2019-05-29 17:29:01.324,10263,10264,10263,2
2019-05-29 17:29:05.755,10262,10264,10262,1
2019-05-29 17:29:33.416,10262,10263,10263,2
2019-05-29 17:29:33.416,10262,10263,10263,3
2019-05-29 17:29:34.370,10263,10264,10263,1
2019-05-29 17:29:44.527,10263,10264,10264,1
2019-05-29 17:29:50.441,10263,10264,10264,1
2019-05-29 17:29:55.496,10263,10264,10264,1
2019-05-29 17:30:28.198,10264,10265,10265,11
2019-05-29 17:30:28.634,10265,10266,10265,2
2019-05-29 17:30:28.669,10265,10266,10264,2
2019-05-29 17:30:32.056,10265,10266,10265,1
2019-05-29 17:30:40.580,10265,10266,10265,1
2019-05-29 17:30:40.646,10265,10266,10265,2
2019-05-29 17:30:41.420,10265,10266,10265,1
2019-05-29 17:30:42.484,10265,10266,10265,1
2019-05-29 17:30:46.289,10265,10266,10265,2
2019-05-29 17:30:46.682,10264,10265,10265,1
2019-05-29 17:30:52.850,10265,10266,10265,1
2019-05-29 17:30:56.310,10265,10266,10266,1
2019-05-29 17:30:56.457,10265,10266,10266,1
2019-05-29 17:31:00.365,10265,10266,10265,2
2019-05-29 17:31:01.764,10264,10265,10265,2
2019-05-29 17:31:05.844,10264,10265,10265,1
2019-05-29 17:31:13.699,10264,10265,10264,3
2019-05-29 17:31:13.699,10264,10265,10263,2
2019-05-29 17:31:16.644,10263,10265,10263,2
2019-05-29 17:31:23.552,10264,10265,10265,1
2019-05-29 17:31:45.543,10264,10265,10264,1
2019-05-29 17:31:49.523,10264,10265,10264,1
2019-05-29 17:31:50.244,10264,10265,10264,1
2019-05-29 17:32:00.594,10264,10265,10264,1
2019-05-29 17:32:05.928,10263,10264,10264,3
2019-05-29 17:32:23.838,10264,10265,10264,1
2019-05-29 17:32:32.383,10264,10265,10264,1
2019-05-29 17:32:39.561,10263,10265,10265,1
2019-05-29 17:33:08.468,10264,10265,10265,1
2019-05-29 17:33:08.609,10264,10265,10264,2
2019-05-29 17:33:08.847,10264,10265,10264,1
2019-05-29 17:33:31.925,10263,10264,10264,4
2019-05-29 17:33:32.167,10264,10265,10264,2
2019-05-29 17:33:44.657,10264,10265,10265,2
2019-05-29 17:33:44.694,10264,10265,10265,9
2019-05-29 17:33:44.950,10265,10266,10265,5
2019-05-29 17:34:03.652,10265,10266,10265,1
2019-05-29 17:34:07.941,10264,10266,10264,1
2019-05-29 17:34:20.628,10264,10265,10264,1
2019-05-29 17:34:36.537,10264,10265,10265,1
2019-05-29 17:34:43.776,10264,10265,10265,1
2019-05-29 17:34:51.897,10264,10265,10265,1
2019-05-29 17:35:09.806,10265,10266,10265,1
2019-05-29 17:35:09.806,10265,10266,10265,1
2019-05-29 17:35:09.806,10265,10266,10265,1
2019-05-29 17:35:15.170,10264,10265,10265,1
2019-05-29 17:35:19.906,10264,10265,10265,2
2019-05-29 17:35:19.906,10264,10265,10265,1
2019-05-29 17:35:19.945,10265,10266,10264,1
2019-05-29 17:35:23.995,10264,10266,10264,1
2019-05-29 17:35:31.470,10265,10266,10265,1
2019-05-29 17:35:42.246,10265,10266,10265,1
2019-05-29 17:35:44.270,10265,10266,10265,10
2019-05-29 17:35:56.266,10265,10266,10265,1
2019-05-29 17:36:03.103,10265,10266,10266,1
2019-05-29 17:36:34.979,10265,10266,10265,1
2019-05-29 17:36:50.320,10265,10266,10265,1
2019-05-29 17:36:50.320,10265,10266,10265,2
2019-05-29 17:36:50.320,10265,10266,10265,1
2019-05-29 17:36:50.320,10265,10266,10265,1
2019-05-29 17:37:03.161,10264,10265,10265,1
2019-05-29 17:37:21.327,10264,10265,10264,1
