2019-07-03,15:00:00.053000,10644,10645,10644,42
2019-07-03,15:00:00.300000,10643,10644,10643,2
2019-07-03,15:00:00.459000,10643,10644,10644,2
2019-07-03,15:00:00.466000,10643,10644,10645,2
2019-07-03,15:00:00.504000,10643,10645,10645,1
2019-07-03,15:00:00.556000,10643,10645,10645,1
2019-07-03,15:00:00.648000,10643,10645,10645,1
2019-07-03,15:00:00.661000,10643,10645,10645,2
2019-07-03,15:00:00.765000,10643,10645,10645,1
2019-07-03,15:00:00.785000,10643,10645,10645,2
2019-07-03,15:00:01.223000,10644,10645,10645,5
2019-07-03,15:00:01.998000,10645,10646,10646,9
2019-07-03,15:00:02.469000,10646,10647,10646,2
2019-07-03,15:00:02.507000,10646,10647,10647,2
2019-07-03,15:00:02.920000,10645,10647,10645,2
2019-07-03,15:00:03.089000,10645,10647,10645,4
2019-07-03,15:00:03.305000,10644,10646,10646,1
2019-07-03,15:00:03.454000,10644,10646,10646,2
2019-07-03,15:00:03.618000,10644,10646,10645,1
2019-07-03,15:00:03.744000,10644,10646,10646,1
2019-07-03,15:00:04.226000,10645,10646,10645,1
2019-07-03,15:00:04.817000,10645,10646,10645,1
2019-07-03,15:00:04.817000,10645,10646,10644,5
2019-07-03,15:00:05.278000,10644,10645,10645,1
2019-07-03,15:00:05.278000,10644,10645,10645,1
2019-07-03,15:00:06.274000,10644,10645,10645,1
2019-07-03,15:00:06.447000,10644,10645,10646,6
2019-07-03,15:00:07.384000,10645,10646,10645,1
2019-07-03,15:00:07.826000,10644,10646,10646,5
2019-07-03,15:00:09.913000,10645,10646,10646,4
2019-07-03,15:00:09.913000,10645,10646,10647,1
2019-07-03,15:00:11.373000,10646,10647,10646,1
2019-07-03,15:00:20.099000,10645,10646,10645,1
2019-07-03,15:00:22.025000,10645,10646,10646,4
2019-07-03,15:00:22.233000,10645,10646,10645,1
2019-07-03,15:00:23.582000,10645,10646,10646,1
2019-07-03,15:00:25.809000,10645,10646,10646,1
2019-07-03,15:00:25.826000,10645,10646,10646,1
2019-07-03,15:00:25.851000,10645,10646,10646,2
2019-07-03,15:00:28.094000,10645,10646,10645,3
2019-07-03,15:00:28.094000,10645,10646,10645,1
2019-07-03,15:00:28.115000,10645,10646,10645,3
2019-07-03,15:00:28.123000,10645,10646,10645,1
2019-07-03,15:00:28.123000,10645,10646,10645,2
2019-07-03,15:00:28.123000,10645,10646,10645,1
2019-07-03,15:00:28.219000,10645,10646,10645,1
2019-07-03,15:00:28.219000,10645,10646,10645,2
2019-07-03,15:00:30.930000,10644,10645,10645,1
2019-07-03,15:00:32.073000,10645,10646,10646,2
2019-07-03,15:00:34.389000,10645,10646,10646,2
2019-07-03,15:00:34.490000,10645,10646,10646,1
2019-07-03,15:00:35.326000,10645,10646,10645,1
2019-07-03,15:00:39.881000,10645,10646,10646,4
2019-07-03,15:00:40.216000,10645,10646,10646,1
2019-07-03,15:00:40.301000,10645,10646,10645,1
2019-07-03,15:00:43.695000,10645,10646,10645,2
2019-07-03,15:00:44.550000,10645,10646,10646,1
2019-07-03,15:00:46.468000,10645,10646,10645,1
2019-07-03,15:00:47.700000,10645,10646,10645,1
2019-07-03,15:00:50.755000,10645,10646,10646,7
2019-07-03,15:00:58.653000,10646,10647,10646,1
2019-07-03,15:00:59.488000,10646,10647,10646,1
2019-07-03,15:01:00.221000,10646,10647,10647,1
2019-07-03,15:01:00.281000,10646,10647,10647,1
2019-07-03,15:01:00.302000,10646,10647,10647,1
2019-07-03,15:01:00.558000,10646,10647,10646,5
2019-07-03,15:01:01.869000,10646,10647,10647,2
2019-07-03,15:01:02.383000,10646,10647,10647,1
2019-07-03,15:01:04.603000,10646,10647,10647,1
2019-07-03,15:01:04.626000,10646,10647,10647,1
2019-07-03,15:01:05.845000,10646,10647,10647,1
2019-07-03,15:01:06.798000,10646,10647,10647,2
2019-07-03,15:01:07.393000,10646,10647,10647,1
2019-07-03,15:01:08.344000,10646,10647,10647,7
2019-07-03,15:01:09.347000,10647,10648,10647,1
2019-07-03,15:01:09.581000,10647,10648,10647,1
2019-07-03,15:01:09.745000,10647,10648,10647,1
2019-07-03,15:01:11.003000,10647,10648,10647,1
2019-07-03,15:01:12.937000,10647,10648,10647,5
2019-07-03,15:01:18.449000,10647,10648,10647,1
2019-07-03,15:01:25.560000,10647,10648,10647,4
2019-07-03,15:01:27.797000,10646,10647,10647,1
2019-07-03,15:01:28.773000,10646,10647,10647,2
2019-07-03,15:01:31.408000,10646,10647,10647,1
2019-07-03,15:01:32.501000,10646,10647,10647,1
2019-07-03,15:01:39.839000,10646,10647,10647,2
2019-07-03,15:01:40.197000,10646,10647,10647,3
2019-07-03,15:01:45.365000,10646,10647,10647,1
2019-07-03,15:01:46.507000,10646,10647,10647,2
2019-07-03,15:01:49.295000,10646,10647,10647,1
2019-07-03,15:01:58.365000,10646,10647,10647,1
2019-07-03,15:01:59.271000,10646,10647,10646,1
2019-07-03,15:01:59.344000,10646,10647,10646,19
2019-07-03,15:01:59.344000,10646,10647,10646,17
2019-07-03,15:01:59.502000,10645,10646,10645,1
2019-07-03,15:01:59.594000,10645,10646,10645,4
2019-07-03,15:01:59.594000,10645,10646,10645,7
2019-07-03,15:01:59.594000,10645,10646,10645,1
2019-07-03,15:01:59.597000,10645,10646,10645,4
2019-07-03,15:02:03.111000,10644,10645,10645,4
2019-07-03,15:02:06.829000,10644,10645,10644,1
2019-07-03,15:02:07.679000,10644,10645,10644,1
2019-07-03,15:02:09.094000,10644,10645,10645,2
2019-07-03,15:02:09.327000,10644,10646,10645,1
2019-07-03,15:02:09.384000,10644,10646,10645,1
2019-07-03,15:02:09.594000,10645,10646,10645,1
2019-07-03,15:02:14.804000,10645,10646,10646,2
2019-07-03,15:02:22.351000,10645,10646,10646,1
2019-07-03,15:02:23.865000,10645,10646,10645,5
2019-07-03,15:02:26.019000,10645,10646,10645,1
2019-07-03,15:02:27.480000,10645,10646,10645,1
2019-07-03,15:02:29.101000,10645,10646,10645,1
2019-07-03,15:02:29.453000,10645,10646,10646,2
2019-07-03,15:02:29.891000,10645,10646,10645,1
2019-07-03,15:02:42.844000,10645,10646,10645,2
2019-07-03,15:02:43.125000,10645,10646,10645,1
2019-07-03,15:02:47.414000,10645,10646,10645,1
2019-07-03,15:02:51.638000,10645,10646,10645,2
2019-07-03,15:02:51.890000,10645,10646,10645,1
2019-07-03,15:02:58.194000,10645,10646,10645,5
2019-07-03,15:02:58.853000,10644,10645,10645,5
2019-07-03,15:03:09.980000,10644,10645,10645,1
2019-07-03,15:03:14.199000,10644,10645,10645,10
2019-07-03,15:03:14.219000,10644,10645,10645,5
2019-07-03,15:03:14.873000,10645,10646,10645,2
2019-07-03,15:03:19.801000,10645,10646,10645,1
2019-07-03,15:03:20.223000,10645,10646,10645,1
2019-07-03,15:03:25.841000,10645,10646,10646,15
2019-07-03,15:03:27.740000,10646,10647,10646,1
2019-07-03,15:03:30.912000,10646,10647,10647,1
2019-07-03,15:03:32.127000,10646,10647,10647,1
2019-07-03,15:03:36.405000,10646,10647,10646,1
2019-07-03,15:03:39.723000,10646,10647,10647,1
2019-07-03,15:03:46.989000,10646,10647,10647,1
2019-07-03,15:03:54.505000,10646,10647,10647,2
2019-07-03,15:03:55.622000,10646,10647,10647,1
2019-07-03,15:04:00.898000,10646,10647,10647,1
2019-07-03,15:04:02.333000,10646,10647,10647,5
2019-07-03,15:04:11.344000,10646,10647,10647,1
2019-07-03,15:04:11.469000,10646,10647,10647,6
2019-07-03,15:04:12.454000,10647,10648,10647,3
2019-07-03,15:04:12.455000,10647,10648,10647,1
2019-07-03,15:04:12.457000,10647,10648,10647,1
2019-07-03,15:04:14.344000,10646,10647,10647,1
2019-07-03,15:04:25.134000,10647,10648,10648,2
2019-07-03,15:04:28.363000,10647,10648,10648,1
2019-07-03,15:04:32.810000,10647,10648,10648,1
2019-07-03,15:04:33.072000,10647,10648,10647,2
2019-07-03,15:04:38.086000,10647,10648,10648,1
2019-07-03,15:04:41.759000,10647,10648,10647,1
2019-07-03,15:04:46.831000,10647,10648,10647,1
2019-07-03,15:04:50.038000,10647,10648,10647,1
2019-07-03,15:04:50.281000,10647,10648,10647,1
2019-07-03,15:04:51.467000,10647,10648,10647,1
2019-07-03,15:04:55.235000,10647,10648,10648,1
2019-07-03,15:04:57.261000,10647,10648,10647,1
2019-07-03,15:05:02.407000,10647,10648,10647,1
2019-07-03,15:05:03.686000,10647,10648,10647,1
2019-07-03,15:05:04.307000,10647,10648,10647,1
2019-07-03,15:05:04.456000,10647,10648,10648,1
2019-07-03,15:05:07.229000,10647,10648,10647,1
2019-07-03,15:05:23.242000,10647,10648,10647,1
2019-07-03,15:05:24.994000,10647,10648,10647,3
2019-07-03,15:05:30.096000,10647,10648,10648,1
2019-07-03,15:05:30.437000,10647,10648,10647,3
2019-07-03,15:05:31.932000,10647,10648,10647,1
2019-07-03,15:05:34.488000,10647,10648,10647,1
2019-07-03,15:05:37.130000,10647,10648,10647,2
2019-07-03,15:05:38.122000,10647,10648,10647,5
2019-07-03,15:05:38.219000,10647,10648,10647,13
2019-07-03,15:05:39.720000,10646,10647,10647,3
2019-07-03,15:05:45.970000,10646,10647,10646,1
2019-07-03,15:05:48.114000,10646,10647,10646,1
2019-07-03,15:06:00.283000,10646,10647,10646,1
2019-07-03,15:06:01.829000,10646,10647,10646,1
2019-07-03,15:06:03.668000,10646,10647,10646,1
2019-07-03,15:06:04.275000,10646,10647,10646,1
2019-07-03,15:06:10.708000,10646,10647,10646,1
2019-07-03,15:06:16.211000,10646,10647,10647,6
2019-07-03,15:06:19.755000,10646,10647,10647,2
2019-07-03,15:06:22.898000,10646,10647,10647,4
2019-07-03,15:06:23.278000,10646,10647,10647,10
2019-07-03,15:06:29.075000,10646,10647,10647,1
2019-07-03,15:06:36.274000,10646,10647,10647,1
2019-07-03,15:06:43.861000,10647,10648,10647,2
2019-07-03,15:06:46.028000,10646,10647,10647,1
2019-07-03,15:06:53.471000,10646,10647,10647,5
2019-07-03,15:06:53.578000,10646,10647,10647,1
2019-07-03,15:07:01.379000,10646,10647,10647,1
2019-07-03,15:07:32.851000,10646,10647,10647,1
2019-07-03,15:07:35.167000,10646,10647,10646,1
2019-07-03,15:07:47.405000,10646,10647,10646,10
2019-07-03,15:07:48.670000,10646,10647,10646,9
2019-07-03,15:07:52.598000,10645,10646,10646,1
2019-07-03,15:08:03.850000,10645,10646,10646,1
2019-07-03,15:08:13.238000,10645,10646,10646,1
2019-07-03,15:08:13.817000,10645,10646,10646,1
2019-07-03,15:08:16.083000,10645,10646,10646,1
2019-07-03,15:08:21.392000,10645,10646,10646,1
2019-07-03,15:08:28.230000,10645,10646,10646,2
2019-07-03,15:08:41.535000,10645,10646,10645,2
2019-07-03,15:08:50.099000,10645,10646,10646,2
2019-07-03,15:08:50.138000,10645,10646,10646,1
2019-07-03,15:08:51.272000,10645,10646,10646,1
2019-07-03,15:08:51.273000,10645,10646,10646,1
2019-07-03,15:08:52.613000,10645,10646,10646,1
2019-07-03,15:08:54.662000,10645,10646,10645,1
2019-07-03,15:09:02.989000,10645,10646,10646,1
2019-07-03,15:09:04.614000,10645,10646,10645,1
2019-07-03,15:09:19.203000,10645,10646,10645,1
2019-07-03,15:09:30.530000,10645,10646,10645,2
2019-07-03,15:09:39.720000,10645,10646,10646,1
2019-07-03,15:09:48.386000,10645,10646,10646,1
2019-07-03,15:09:56.499000,10645,10646,10646,1
2019-07-03,15:10:09.224000,10645,10646,10645,1
2019-07-03,15:10:17.562000,10645,10646,10646,1
2019-07-03,15:10:22.544000,10645,10646,10646,5
2019-07-03,15:10:37.652000,10645,10646,10646,5
2019-07-03,15:10:39.815000,10646,10647,10646,2
2019-07-03,15:10:44.131000,10646,10647,10646,1
2019-07-03,15:10:48.164000,10646,10647,10647,5
2019-07-03,15:10:48.724000,10646,10647,10647,1
2019-07-03,15:10:52.182000,10646,10647,10647,2
2019-07-03,15:10:53.147000,10646,10647,10646,2
2019-07-03,15:10:53.642000,10646,10647,10647,2
2019-07-03,15:11:01.549000,10646,10647,10647,3
2019-07-03,15:11:03.663000,10646,10647,10647,1
2019-07-03,15:11:09.404000,10646,10647,10647,1
2019-07-03,15:11:09.763000,10646,10647,10647,1
2019-07-03,15:11:10.375000,10646,10647,10647,3
2019-07-03,15:11:11.217000,10646,10647,10646,3
2019-07-03,15:11:14.211000,10646,10647,10647,2
2019-07-03,15:11:15.932000,10646,10647,10647,1
2019-07-03,15:11:19.224000,10646,10647,10647,1
2019-07-03,15:11:22.499000,10646,10647,10647,1
2019-07-03,15:11:26.429000,10646,10647,10647,2
2019-07-03,15:11:27.020000,10646,10647,10647,1
2019-07-03,15:11:30.887000,10647,10648,10647,3
2019-07-03,15:11:30.890000,10647,10648,10647,1
2019-07-03,15:11:31.325000,10647,10648,10647,2
2019-07-03,15:11:34.199000,10647,10648,10647,1
2019-07-03,15:11:39.009000,10647,10648,10647,1
2019-07-03,15:11:43.129000,10647,10648,10647,1
2019-07-03,15:11:45.961000,10647,10648,10648,1
2019-07-03,15:11:48.632000,10647,10648,10648,1
2019-07-03,15:11:56.955000,10647,10648,10648,1
2019-07-03,15:12:03.822000,10647,10648,10648,1
2019-07-03,15:12:03.844000,10647,10648,10648,13
2019-07-03,15:12:03.969000,10647,10648,10648,15
2019-07-03,15:12:03.969000,10647,10648,10648,2
2019-07-03,15:12:03.969000,10647,10648,10648,2
2019-07-03,15:12:03.969000,10647,10648,10648,2
2019-07-03,15:12:04.002000,10647,10648,10648,13
2019-07-03,15:12:06.004000,10648,10649,10649,2
2019-07-03,15:12:06.397000,10648,10649,10649,21
2019-07-03,15:12:07.494000,10649,10650,10650,10
2019-07-03,15:12:07.655000,10649,10650,10650,1
2019-07-03,15:12:08.047000,10649,10650,10650,1
2019-07-03,15:12:08.430000,10649,10650,10650,10
2019-07-03,15:12:09.504000,10649,10650,10650,1
2019-07-03,15:12:09.789000,10649,10650,10650,3
2019-07-03,15:12:09.886000,10649,10650,10650,12
2019-07-03,15:12:10.006000,10650,10651,10651,10
2019-07-03,15:12:10.095000,10650,10651,10650,1
2019-07-03,15:12:10.227000,10650,10651,10651,1
2019-07-03,15:12:10.915000,10650,10651,10651,1
2019-07-03,15:12:11.720000,10650,10651,10651,3
2019-07-03,15:12:11.970000,10651,10652,10651,1
2019-07-03,15:12:13.023000,10651,10652,10651,1
2019-07-03,15:12:13.375000,10651,10652,10651,1
2019-07-03,15:12:15.434000,10651,10652,10651,1
2019-07-03,15:12:15.894000,10651,10652,10651,1
2019-07-03,15:12:16.179000,10651,10652,10651,1
2019-07-03,15:12:16.326000,10651,10652,10652,5
2019-07-03,15:12:16.609000,10651,10652,10652,2
2019-07-03,15:12:16.719000,10651,10652,10652,2
2019-07-03,15:12:20.494000,10651,10652,10652,1
2019-07-03,15:12:21.594000,10651,10652,10652,1
2019-07-03,15:12:22.586000,10651,10652,10651,2
2019-07-03,15:12:22.699000,10651,10652,10652,2
2019-07-03,15:12:23.067000,10652,10653,10653,3
2019-07-03,15:12:23.161000,10652,10653,10653,1
2019-07-03,15:12:23.411000,10652,10653,10653,1
2019-07-03,15:12:23.562000,10652,10653,10653,2
2019-07-03,15:12:24.176000,10652,10653,10653,2
2019-07-03,15:12:24.516000,10652,10653,10653,2
2019-07-03,15:12:26.703000,10652,10653,10653,4
2019-07-03,15:12:28.032000,10652,10653,10653,1
2019-07-03,15:12:29.513000,10653,10654,10653,1
2019-07-03,15:12:30.710000,10653,10654,10653,3
2019-07-03,15:12:32.207000,10652,10653,10653,1
2019-07-03,15:12:33.329000,10652,10653,10653,1
2019-07-03,15:12:33.793000,10652,10653,10653,1
2019-07-03,15:12:33.874000,10652,10653,10653,1
2019-07-03,15:12:36.087000,10653,10654,10654,10
2019-07-03,15:12:39.145000,10653,10654,10654,1
2019-07-03,15:12:41.790000,10653,10654,10654,1
2019-07-03,15:12:42.664000,10653,10654,10654,5
2019-07-03,15:12:49.594000,10653,10654,10653,9
2019-07-03,15:12:54.689000,10652,10653,10653,1
2019-07-03,15:12:56.639000,10653,10654,10653,1
2019-07-03,15:12:57.436000,10653,10654,10653,1
2019-07-03,15:12:58.661000,10653,10654,10654,2
2019-07-03,15:13:00.641000,10653,10654,10653,2
2019-07-03,15:13:05.569000,10653,10654,10653,3
2019-07-03,15:13:07.100000,10652,10653,10652,2
2019-07-03,15:13:07.248000,10652,10653,10653,2
2019-07-03,15:13:07.248000,10652,10653,10653,1
2019-07-03,15:13:07.248000,10652,10653,10654,2
2019-07-03,15:13:07.273000,10652,10653,10654,1
2019-07-03,15:13:07.298000,10652,10653,10654,1
2019-07-03,15:13:15.006000,10653,10654,10654,10
2019-07-03,15:13:15.756000,10653,10654,10654,10
2019-07-03,15:13:17.145000,10653,10654,10654,2
2019-07-03,15:13:19.215000,10653,10654,10654,1
2019-07-03,15:13:19.713000,10653,10654,10653,1
2019-07-03,15:13:20.343000,10653,10654,10654,1
2019-07-03,15:13:28.735000,10653,10654,10653,1
2019-07-03,15:13:36.992000,10653,10654,10654,1
2019-07-03,15:13:43.221000,10653,10654,10653,1
2019-07-03,15:13:44.096000,10653,10654,10654,10
2019-07-03,15:13:48.480000,10653,10654,10654,2
2019-07-03,15:13:48.480000,10653,10654,10655,4
2019-07-03,15:13:48.514000,10653,10654,10655,1
2019-07-03,15:13:48.924000,10654,10655,10655,3
2019-07-03,15:13:49.732000,10654,10655,10655,2
2019-07-03,15:13:53.026000,10654,10655,10654,1
2019-07-03,15:13:59.311000,10654,10655,10655,1
2019-07-03,15:14:00.430000,10654,10655,10655,1
2019-07-03,15:14:08.677000,10654,10655,10655,5
2019-07-03,15:14:10.486000,10654,10655,10654,10
2019-07-03,15:14:11.219000,10653,10654,10654,1
2019-07-03,15:14:11.646000,10654,10655,10655,1
2019-07-03,15:14:11.712000,10654,10655,10654,2
2019-07-03,15:14:12.187000,10653,10654,10654,2
2019-07-03,15:14:12.187000,10653,10654,10655,5
2019-07-03,15:14:12.504000,10653,10655,10655,4
2019-07-03,15:14:12.820000,10653,10655,10655,2
2019-07-03,15:14:16.535000,10654,10655,10655,2
2019-07-03,15:14:16.892000,10654,10655,10655,1
2019-07-03,15:14:17.109000,10654,10655,10654,1
2019-07-03,15:14:18.412000,10654,10655,10655,1
2019-07-03,15:14:28.219000,10654,10655,10654,7
2019-07-03,15:14:28.583000,10653,10655,10653,1
2019-07-03,15:14:31.985000,10654,10655,10654,1
2019-07-03,15:14:33.872000,10653,10654,10654,1
2019-07-03,15:14:36.438000,10653,10654,10654,1
2019-07-03,15:14:39.780000,10653,10654,10654,1
2019-07-03,15:14:40.093000,10653,10654,10654,1
2019-07-03,15:14:40.509000,10653,10654,10654,1
2019-07-03,15:14:40.827000,10653,10654,10654,1
2019-07-03,15:14:41.138000,10653,10654,10654,1
2019-07-03,15:14:46.341000,10653,10654,10654,5
2019-07-03,15:14:47.610000,10653,10654,10654,1
2019-07-03,15:14:53.023000,10653,10654,10654,1
2019-07-03,15:14:56.482000,10653,10654,10653,1
2019-07-03,15:14:58.619000,10653,10654,10654,2
2019-07-03,15:14:58.840000,10653,10654,10654,2
2019-07-03,15:15:01.362000,10653,10654,10653,1
2019-07-03,15:15:01.857000,10653,10654,10654,2
2019-07-03,15:15:01.912000,10653,10654,10654,2
2019-07-03,15:15:02.187000,10653,10654,10654,5
2019-07-03,15:15:03.050000,10654,10655,10655,2
2019-07-03,15:15:03.764000,10654,10655,10655,1
2019-07-03,15:15:07.921000,10654,10655,10654,1
2019-07-03,15:15:13.115000,10654,10655,10654,2
2019-07-03,15:15:13.219000,10654,10655,10654,4
2019-07-03,15:15:19.633000,10653,10654,10654,1
2019-07-03,15:15:19.980000,10653,10654,10654,1
2019-07-03,15:15:22.609000,10653,10654,10654,2
2019-07-03,15:15:22.805000,10653,10655,10655,4
2019-07-03,15:15:24.609000,10654,10655,10654,2
2019-07-03,15:15:28.316000,10654,10655,10654,2
2019-07-03,15:15:28.575000,10654,10655,10654,1
2019-07-03,15:15:29.813000,10654,10655,10654,1
2019-07-03,15:15:35.570000,10654,10655,10654,1
2019-07-03,15:15:37.307000,10654,10655,10654,1
2019-07-03,15:15:37.522000,10654,10655,10654,1
2019-07-03,15:15:37.938000,10654,10655,10654,1
2019-07-03,15:15:38.169000,10654,10655,10654,3
2019-07-03,15:15:40.947000,10654,10655,10654,1
2019-07-03,15:15:42.270000,10654,10655,10654,2
2019-07-03,15:15:43.149000,10654,10655,10655,1
2019-07-03,15:15:59.914000,10654,10655,10655,5
2019-07-03,15:16:02.589000,10654,10655,10654,2
2019-07-03,15:16:03.569000,10654,10655,10655,1
2019-07-03,15:16:04.235000,10654,10655,10654,1
2019-07-03,15:16:16.781000,10654,10655,10654,1
2019-07-03,15:16:20.847000,10654,10655,10654,1
2019-07-03,15:16:31.430000,10654,10655,10655,3
2019-07-03,15:16:35.297000,10654,10655,10655,1
2019-07-03,15:16:35.931000,10654,10655,10655,2
2019-07-03,15:16:38.285000,10654,10655,10655,1
2019-07-03,15:16:38.292000,10654,10655,10655,1
2019-07-03,15:16:43.228000,10654,10655,10655,2
2019-07-03,15:16:44.455000,10654,10655,10654,1
2019-07-03,15:16:45.732000,10654,10655,10655,1
2019-07-03,15:16:57.013000,10654,10655,10655,1
2019-07-03,15:17:01.621000,10654,10655,10654,1
2019-07-03,15:17:01.879000,10654,10655,10655,1
2019-07-03,15:17:01.958000,10654,10655,10654,1
2019-07-03,15:17:02.645000,10654,10655,10654,1
2019-07-03,15:17:02.780000,10654,10655,10655,3
2019-07-03,15:17:12.302000,10654,10655,10655,1
2019-07-03,15:17:16.649000,10654,10655,10655,5
2019-07-03,15:17:17.215000,10654,10655,10655,1
2019-07-03,15:17:20.754000,10654,10655,10655,1
2019-07-03,15:17:22.349000,10654,10655,10655,2
2019-07-03,15:17:23.070000,10654,10655,10655,1
2019-07-03,15:17:23.214000,10654,10655,10655,1
2019-07-03,15:17:23.531000,10654,10655,10655,2
2019-07-03,15:17:23.647000,10654,10655,10655,1
2019-07-03,15:17:23.857000,10654,10655,10655,2
2019-07-03,15:17:23.959000,10654,10655,10655,1
2019-07-03,15:17:24.176000,10654,10655,10655,1
2019-07-03,15:17:24.491000,10654,10655,10655,1
2019-07-03,15:17:26.368000,10654,10655,10655,1
2019-07-03,15:17:35.386000,10654,10655,10655,1
2019-07-03,15:17:38.659000,10654,10655,10655,1
2019-07-03,15:17:39.163000,10654,10655,10655,1
2019-07-03,15:17:39.635000,10654,10655,10655,1
2019-07-03,15:17:39.731000,10654,10655,10654,1
2019-07-03,15:17:39.855000,10654,10655,10655,1
2019-07-03,15:17:39.954000,10654,10655,10655,1
2019-07-03,15:17:40.155000,10654,10655,10655,1
2019-07-03,15:17:40.256000,10654,10655,10655,1
2019-07-03,15:17:40.286000,10654,10655,10655,1
2019-07-03,15:17:40.459000,10654,10655,10655,1
2019-07-03,15:17:40.509000,10654,10655,10655,1
2019-07-03,15:17:40.577000,10654,10655,10655,1
2019-07-03,15:17:40.682000,10654,10655,10655,1
2019-07-03,15:17:40.788000,10654,10655,10655,1
2019-07-03,15:17:40.893000,10654,10655,10655,1
2019-07-03,15:17:40.998000,10654,10655,10655,1
2019-07-03,15:17:41.100000,10654,10655,10655,1
2019-07-03,15:17:41.433000,10654,10655,10654,4
2019-07-03,15:17:41.850000,10654,10655,10655,6
2019-07-03,15:17:43.144000,10654,10655,10655,1
2019-07-03,15:17:46.041000,10655,10656,10655,3
2019-07-03,15:17:47.068000,10654,10655,10655,1
2019-07-03,15:17:48.098000,10654,10655,10655,1
2019-07-03,15:17:48.407000,10654,10655,10655,1
2019-07-03,15:17:54.312000,10654,10655,10655,1
2019-07-03,15:17:55.351000,10654,10655,10655,1
2019-07-03,15:18:01.280000,10654,10655,10655,1
2019-07-03,15:18:04.922000,10654,10655,10655,1
2019-07-03,15:18:12.260000,10654,10655,10655,1
2019-07-03,15:18:13.474000,10654,10655,10655,1
2019-07-03,15:18:14.969000,10654,10655,10654,21
2019-07-03,15:18:14.969000,10654,10655,10654,1
2019-07-03,15:18:15.181000,10653,10655,10654,1
2019-07-03,15:18:15.598000,10653,10654,10654,1
2019-07-03,15:18:15.800000,10653,10654,10654,1
2019-07-03,15:18:19.488000,10653,10654,10654,1
2019-07-03,15:18:20.670000,10653,10654,10654,1
2019-07-03,15:18:24.463000,10653,10654,10654,1
2019-07-03,15:18:24.764000,10653,10654,10654,1
2019-07-03,15:18:40.178000,10653,10654,10654,1
2019-07-03,15:18:40.305000,10653,10654,10654,2
2019-07-03,15:18:44.070000,10653,10654,10654,1
2019-07-03,15:18:49.133000,10653,10654,10653,1
2019-07-03,15:18:53.507000,10653,10654,10654,1
2019-07-03,15:18:54.260000,10653,10654,10653,1
2019-07-03,15:18:57.157000,10653,10654,10654,1
2019-07-03,15:18:57.473000,10653,10654,10654,1
2019-07-03,15:18:57.780000,10653,10654,10654,1
2019-07-03,15:18:58.086000,10653,10654,10654,1
2019-07-03,15:18:58.399000,10653,10654,10654,1
2019-07-03,15:18:58.699000,10653,10654,10654,1
2019-07-03,15:18:59.108000,10653,10654,10654,1
2019-07-03,15:18:59.316000,10653,10654,10654,1
2019-07-03,15:19:02.971000,10653,10654,10654,1
2019-07-03,15:19:03.382000,10653,10654,10654,1
2019-07-03,15:19:03.690000,10653,10654,10654,1
2019-07-03,15:19:05.241000,10653,10654,10654,1
2019-07-03,15:19:05.288000,10653,10654,10653,1
2019-07-03,15:19:12.658000,10653,10654,10654,6
2019-07-03,15:19:14.988000,10654,10655,10654,2
2019-07-03,15:19:20.719000,10654,10655,10655,15
2019-07-03,15:19:20.844000,10654,10655,10655,1
2019-07-03,15:19:20.852000,10654,10655,10655,1
2019-07-03,15:19:22.010000,10655,10656,10655,1
2019-07-03,15:19:22.919000,10655,10656,10655,1
2019-07-03,15:19:29.265000,10655,10656,10655,2
2019-07-03,15:19:33.272000,10654,10655,10655,1
2019-07-03,15:19:34.738000,10655,10656,10655,1
2019-07-03,15:19:36.001000,10654,10655,10655,1
2019-07-03,15:19:44.330000,10654,10655,10655,1
2019-07-03,15:19:50.060000,10655,10656,10655,1
2019-07-03,15:19:56.174000,10655,10656,10656,1
2019-07-03,15:19:58.107000,10655,10656,10655,1
2019-07-03,15:19:59.615000,10655,10656,10655,1
2019-07-03,15:20:09.222000,10655,10656,10656,5
2019-07-03,15:20:17.094000,10655,10656,10655,3
2019-07-03,15:20:20.604000,10655,10656,10656,3
2019-07-03,15:20:20.937000,10655,10656,10655,2
2019-07-03,15:20:43.396000,10655,10656,10655,1
2019-07-03,15:20:46.348000,10655,10656,10655,3
2019-07-03,15:20:47.513000,10655,10656,10655,2
2019-07-03,15:20:47.964000,10655,10656,10655,3
2019-07-03,15:20:48.971000,10655,10656,10655,1
2019-07-03,15:21:09.151000,10655,10656,10655,1
2019-07-03,15:21:13.681000,10655,10656,10655,1
2019-07-03,15:21:19.974000,10655,10656,10655,2
2019-07-03,15:21:22.495000,10655,10656,10655,2
2019-07-03,15:21:24.038000,10655,10656,10655,1
2019-07-03,15:21:25.702000,10655,10656,10655,1
2019-07-03,15:21:28.651000,10655,10656,10655,1
2019-07-03,15:21:28.991000,10655,10656,10655,11
2019-07-03,15:21:29.502000,10654,10655,10655,1
2019-07-03,15:21:36.750000,10654,10655,10655,1
2019-07-03,15:21:37.673000,10654,10655,10655,3
2019-07-03,15:21:41.567000,10654,10655,10655,1
2019-07-03,15:21:48.962000,10654,10655,10654,1
2019-07-03,15:21:52.008000,10654,10655,10654,1
2019-07-03,15:21:52.471000,10654,10655,10654,1
2019-07-03,15:21:52.673000,10654,10655,10654,1
2019-07-03,15:22:04.449000,10654,10655,10654,1
2019-07-03,15:22:11.332000,10654,10655,10654,1
2019-07-03,15:22:18.312000,10654,10655,10654,1
2019-07-03,15:22:22.325000,10654,10655,10654,1
2019-07-03,15:22:23.382000,10654,10655,10654,1
2019-07-03,15:22:46.604000,10654,10655,10654,1
2019-07-03,15:22:48.683000,10654,10655,10654,5
2019-07-03,15:22:58.738000,10654,10655,10655,1
2019-07-03,15:22:59.569000,10654,10655,10654,9
2019-07-03,15:23:01.907000,10654,10655,10654,5
2019-07-03,15:23:09.969000,10654,10655,10654,1
2019-07-03,15:23:12.296000,10654,10655,10654,5
2019-07-03,15:23:16.083000,10654,10655,10654,2
2019-07-03,15:23:20.760000,10654,10655,10654,1
2019-07-03,15:23:27.883000,10654,10655,10654,2
2019-07-03,15:23:38.563000,10654,10655,10654,1
2019-07-03,15:23:47.040000,10654,10655,10654,1
2019-07-03,15:23:52.653000,10654,10655,10654,1
2019-07-03,15:23:53.469000,10654,10655,10654,4
2019-07-03,15:23:54.551000,10654,10655,10654,24
2019-07-03,15:23:54.829000,10653,10654,10654,2
2019-07-03,15:23:55.045000,10653,10654,10654,1
2019-07-03,15:23:55.255000,10653,10654,10654,1
2019-07-03,15:23:55.575000,10653,10654,10654,1
2019-07-03,15:23:56.188000,10653,10654,10654,1
2019-07-03,15:23:56.717000,10653,10654,10654,2
2019-07-03,15:23:59.855000,10654,10655,10654,1
2019-07-03,15:24:05.373000,10654,10655,10654,1
2019-07-03,15:24:06.928000,10654,10655,10654,1
2019-07-03,15:24:07.205000,10654,10655,10654,1
2019-07-03,15:24:07.881000,10654,10655,10654,4
2019-07-03,15:24:10.964000,10654,10655,10655,2
2019-07-03,15:24:11.894000,10654,10655,10654,1
2019-07-03,15:24:12.948000,10654,10655,10654,3
2019-07-03,15:24:13.192000,10654,10655,10654,1
2019-07-03,15:24:17.142000,10654,10655,10654,3
2019-07-03,15:24:17.307000,10654,10655,10654,1
2019-07-03,15:24:17.433000,10654,10655,10654,1
2019-07-03,15:24:18.054000,10654,10655,10654,1
2019-07-03,15:24:20.110000,10654,10655,10654,1
2019-07-03,15:24:20.170000,10654,10655,10655,1
2019-07-03,15:24:22.299000,10654,10655,10654,1
2019-07-03,15:24:23.399000,10654,10655,10654,1
2019-07-03,15:24:25.042000,10654,10655,10654,1
2019-07-03,15:24:31.719000,10653,10654,10654,1
2019-07-03,15:24:44.505000,10653,10654,10654,1
2019-07-03,15:24:47.320000,10653,10654,10654,1
2019-07-03,15:24:51.869000,10654,10655,10654,1
2019-07-03,15:25:00.893000,10654,10655,10654,1
2019-07-03,15:25:06.502000,10654,10655,10654,1
2019-07-03,15:25:11.661000,10654,10655,10654,1
2019-07-03,15:25:23.651000,10654,10655,10654,1
2019-07-03,15:25:38.122000,10654,10655,10654,1
2019-07-03,15:25:38.569000,10654,10655,10654,1
2019-07-03,15:25:39.872000,10654,10655,10654,1
2019-07-03,15:26:03.157000,10653,10654,10654,3
2019-07-03,15:26:23.274000,10653,10654,10654,1
2019-07-03,15:26:23.581000,10653,10654,10654,1
2019-07-03,15:26:23.887000,10653,10654,10654,1
2019-07-03,15:26:24.188000,10653,10654,10654,1
2019-07-03,15:26:24.494000,10653,10654,10654,1
2019-07-03,15:26:24.800000,10653,10654,10654,1
2019-07-03,15:26:25.114000,10653,10654,10654,1
2019-07-03,15:26:25.254000,10653,10654,10654,4
2019-07-03,15:26:32.511000,10653,10654,10653,2
2019-07-03,15:26:33.048000,10653,10654,10653,4
2019-07-03,15:26:43.001000,10653,10654,10653,1
2019-07-03,15:26:47.773000,10653,10654,10653,1
2019-07-03,15:26:53.539000,10653,10654,10653,2
2019-07-03,15:27:01.383000,10653,10654,10653,1
2019-07-03,15:27:04.906000,10653,10654,10654,1
2019-07-03,15:27:06.735000,10653,10654,10653,2
2019-07-03,15:27:27.953000,10653,10654,10653,2
2019-07-03,15:27:30.263000,10653,10654,10653,1
2019-07-03,15:27:35.843000,10653,10654,10653,1
2019-07-03,15:27:36.782000,10653,10654,10653,1
2019-07-03,15:27:53.090000,10653,10654,10653,1
2019-07-03,15:27:58.692000,10653,10654,10653,1
2019-07-03,15:28:04.537000,10653,10654,10653,1
2019-07-03,15:28:07.965000,10653,10654,10653,1
2019-07-03,15:28:20.411000,10653,10654,10653,3
2019-07-03,15:28:22.271000,10653,10654,10654,1
2019-07-03,15:28:22.273000,10653,10654,10654,1
2019-07-03,15:28:22.344000,10653,10654,10654,15
2019-07-03,15:28:22.345000,10653,10654,10654,1
2019-07-03,15:28:22.345000,10653,10654,10654,2
2019-07-03,15:28:22.346000,10653,10654,10654,1
2019-07-03,15:28:22.346000,10653,10654,10654,1
2019-07-03,15:28:22.347000,10653,10654,10654,1
2019-07-03,15:28:22.364000,10653,10654,10654,1
2019-07-03,15:28:22.497000,10654,10655,10655,2
2019-07-03,15:28:22.497000,10654,10655,10655,3
2019-07-03,15:28:22.498000,10654,10655,10655,2
2019-07-03,15:28:22.498000,10654,10655,10655,3
2019-07-03,15:28:22.498000,10654,10655,10655,3
2019-07-03,15:28:22.498000,10654,10655,10655,3
2019-07-03,15:28:22.499000,10654,10655,10655,2
2019-07-03,15:28:22.499000,10654,10655,10655,1
2019-07-03,15:28:22.511000,10654,10655,10655,1
2019-07-03,15:28:22.554000,10654,10655,10656,2
2019-07-03,15:28:22.598000,10655,10656,10655,1
2019-07-03,15:28:22.656000,10655,10656,10656,1
2019-07-03,15:28:22.662000,10655,10656,10656,1
2019-07-03,15:28:22.719000,10655,10656,10656,11
2019-07-03,15:28:22.719000,10655,10656,10656,6
2019-07-03,15:28:22.788000,10655,10656,10656,1
2019-07-03,15:28:22.855000,10655,10656,10656,1
2019-07-03,15:28:27.152000,10655,10656,10656,1
2019-07-03,15:28:27.248000,10655,10656,10656,10
2019-07-03,15:28:32.596000,10655,10656,10655,1
2019-07-03,15:28:33.959000,10655,10656,10656,1
2019-07-03,15:28:35.442000,10655,10656,10656,1
2019-07-03,15:28:43.636000,10655,10656,10656,1
2019-07-03,15:28:46.135000,10655,10656,10656,4
2019-07-03,15:28:50.740000,10655,10656,10656,1
2019-07-03,15:28:50.886000,10655,10656,10656,1
2019-07-03,15:28:52.979000,10655,10656,10656,3
2019-07-03,15:28:54.575000,10655,10656,10655,1
2019-07-03,15:28:54.595000,10655,10656,10655,1
2019-07-03,15:28:54.662000,10655,10656,10655,4
2019-07-03,15:28:54.701000,10655,10656,10655,1
2019-07-03,15:28:54.719000,10655,10656,10655,2
2019-07-03,15:28:54.719000,10655,10656,10655,13
2019-07-03,15:28:54.732000,10655,10656,10655,1
2019-07-03,15:29:02.717000,10654,10655,10654,1
2019-07-03,15:29:04.305000,10654,10655,10654,2
2019-07-03,15:29:18.620000,10654,10655,10654,2
2019-07-03,15:29:27.712000,10654,10655,10654,1
2019-07-03,15:29:36.458000,10654,10655,10654,2
2019-07-03,15:29:36.645000,10654,10655,10654,2
2019-07-03,15:29:37.531000,10654,10655,10654,1
2019-07-03,15:29:38.432000,10654,10655,10655,1
2019-07-03,15:29:41.047000,10654,10655,10654,2
2019-07-03,15:29:46.474000,10654,10655,10655,1
2019-07-03,15:29:54.443000,10654,10655,10655,1
2019-07-03,15:30:01.070000,10654,10655,10655,2
2019-07-03,15:30:01.072000,10654,10655,10655,2
2019-07-03,15:30:02.128000,10654,10655,10655,2
2019-07-03,15:30:02.752000,10654,10655,10655,1
2019-07-03,15:30:02.872000,10654,10655,10655,1
2019-07-03,15:30:03.042000,10654,10655,10655,1
2019-07-03,15:30:03.226000,10654,10655,10654,1
2019-07-03,15:30:03.229000,10654,10655,10654,6
2019-07-03,15:30:04.105000,10654,10655,10655,2
2019-07-03,15:30:09.784000,10654,10655,10654,1
2019-07-03,15:30:19.070000,10654,10655,10655,1
2019-07-03,15:30:24.819000,10654,10655,10655,1
2019-07-03,15:30:24.844000,10654,10655,10655,4
2019-07-03,15:30:30.344000,10655,10656,10656,8
2019-07-03,15:30:31.575000,10655,10656,10656,1
2019-07-03,15:30:33.116000,10655,10656,10655,1
2019-07-03,15:30:34.585000,10655,10656,10656,4
2019-07-03,15:30:35.650000,10656,10657,10657,1
2019-07-03,15:30:35.935000,10656,10657,10657,1
2019-07-03,15:30:35.973000,10656,10657,10657,4
2019-07-03,15:30:35.982000,10656,10657,10657,1
2019-07-03,15:30:36.012000,10656,10657,10657,1
2019-07-03,15:30:36.023000,10656,10657,10657,1
2019-07-03,15:30:36.049000,10656,10657,10657,1
2019-07-03,15:30:36.056000,10656,10657,10657,4
2019-07-03,15:30:36.091000,10656,10657,10657,4
2019-07-03,15:30:36.093000,10656,10657,10657,1
2019-07-03,15:30:36.094000,10656,10657,10657,9
2019-07-03,15:30:36.107000,10656,10657,10657,1
2019-07-03,15:30:36.170000,10656,10657,10657,4
2019-07-03,15:30:36.231000,10656,10657,10657,1
2019-07-03,15:30:36.281000,10656,10657,10657,1
2019-07-03,15:30:36.281000,10656,10657,10658,3
2019-07-03,15:30:36.304000,10656,10657,10658,2
2019-07-03,15:30:36.316000,10656,10657,10658,1
2019-07-03,15:30:36.358000,10657,10658,10658,3
2019-07-03,15:30:36.410000,10657,10658,10658,2
2019-07-03,15:30:36.463000,10657,10658,10658,4
2019-07-03,15:30:36.503000,10657,10658,10658,1
2019-07-03,15:30:36.520000,10657,10658,10658,2
2019-07-03,15:30:36.520000,10657,10658,10658,2
2019-07-03,15:30:36.625000,10657,10658,10658,3
2019-07-03,15:30:36.641000,10657,10658,10658,3
2019-07-03,15:30:36.698000,10657,10658,10658,3
2019-07-03,15:30:36.712000,10657,10658,10658,1
2019-07-03,15:30:36.736000,10657,10658,10658,3
2019-07-03,15:30:36.793000,10657,10658,10658,3
2019-07-03,15:30:36.802000,10657,10658,10658,1
2019-07-03,15:30:36.829000,10657,10658,10658,1
2019-07-03,15:30:36.847000,10657,10658,10658,3
2019-07-03,15:30:36.860000,10657,10658,10658,4
2019-07-03,15:30:36.908000,10657,10658,10658,1
2019-07-03,15:30:36.989000,10657,10658,10658,6
2019-07-03,15:30:37,10657,10658,10658,1
2019-07-03,15:30:37.094000,10657,10658,10658,2
2019-07-03,15:30:37.144000,10657,10658,10658,1
2019-07-03,15:30:37.226000,10657,10658,10658,2
2019-07-03,15:30:39.892000,10657,10658,10658,1
2019-07-03,15:30:48.619000,10657,10658,10658,2
2019-07-03,15:30:50.278000,10657,10658,10658,4
2019-07-03,15:30:50.955000,10657,10658,10657,1
2019-07-03,15:30:52.002000,10657,10658,10658,1
2019-07-03,15:30:56.578000,10657,10658,10657,2
2019-07-03,15:30:59.234000,10657,10658,10657,1
2019-07-03,15:30:59.678000,10657,10658,10657,2
2019-07-03,15:31:05.392000,10657,10658,10658,1
2019-07-03,15:31:10.201000,10657,10658,10657,8
2019-07-03,15:31:13.409000,10656,10657,10657,2
2019-07-03,15:31:14.135000,10656,10657,10656,1
2019-07-03,15:31:15.022000,10656,10657,10657,1
2019-07-03,15:31:15.718000,10656,10657,10656,2
2019-07-03,15:31:34.015000,10656,10657,10656,4
2019-07-03,15:31:58.002000,10656,10657,10657,3
2019-07-03,15:32:01.309000,10656,10657,10657,1
2019-07-03,15:32:02.642000,10656,10657,10657,1
2019-07-03,15:32:03.652000,10656,10657,10657,2
2019-07-03,15:32:03.846000,10656,10657,10657,2
2019-07-03,15:32:05.999000,10657,10658,10657,1
2019-07-03,15:32:20.548000,10657,10658,10658,1
2019-07-03,15:32:31.966000,10657,10658,10658,1
2019-07-03,15:32:32.773000,10657,10658,10657,1
2019-07-03,15:32:37.221000,10657,10658,10657,1
2019-07-03,15:32:44.876000,10657,10658,10657,1
2019-07-03,15:32:47.756000,10657,10658,10657,6
2019-07-03,15:32:47.779000,10657,10658,10657,1
2019-07-03,15:32:49.923000,10657,10658,10658,4
2019-07-03,15:32:50.568000,10657,10658,10658,25
2019-07-03,15:32:50.594000,10657,10658,10658,2
2019-07-03,15:32:53.905000,10658,10659,10658,1
2019-07-03,15:32:54.104000,10658,10659,10659,1
2019-07-03,15:32:54.638000,10658,10659,10659,3
2019-07-03,15:32:54.870000,10658,10659,10659,1
2019-07-03,15:32:55.361000,10658,10659,10659,2
2019-07-03,15:32:55.515000,10658,10659,10659,2
2019-07-03,15:32:55.728000,10658,10659,10659,2
2019-07-03,15:32:56.876000,10658,10659,10658,1
2019-07-03,15:32:58.779000,10658,10659,10659,2
2019-07-03,15:32:59.100000,10658,10659,10659,5
2019-07-03,15:33:02.533000,10658,10659,10659,3
2019-07-03,15:33:02.777000,10658,10659,10659,9
2019-07-03,15:33:02.791000,10658,10659,10659,1
2019-07-03,15:33:02.791000,10658,10659,10660,8
2019-07-03,15:33:02.904000,10658,10660,10660,10
2019-07-03,15:33:02.912000,10658,10660,10660,1
2019-07-03,15:33:02.974000,10659,10660,10660,10
2019-07-03,15:33:02.980000,10659,10660,10660,1
2019-07-03,15:33:04.712000,10659,10660,10660,2
2019-07-03,15:33:06.743000,10659,10660,10659,1
2019-07-03,15:33:09.751000,10659,10660,10660,1
2019-07-03,15:33:10.187000,10659,10660,10659,1
2019-07-03,15:33:10.325000,10659,10660,10660,1
2019-07-03,15:33:13.147000,10659,10660,10660,1
2019-07-03,15:33:13.515000,10659,10660,10660,1
2019-07-03,15:33:14.296000,10659,10660,10660,1
2019-07-03,15:33:16.425000,10659,10660,10660,1
2019-07-03,15:33:19.642000,10659,10660,10660,6
2019-07-03,15:33:19.871000,10659,10660,10660,1
2019-07-03,15:33:20.639000,10659,10660,10660,6
2019-07-03,15:33:20.719000,10659,10660,10660,3
2019-07-03,15:33:20.719000,10659,10660,10660,2
2019-07-03,15:33:23.065000,10660,10661,10661,1
2019-07-03,15:33:23.138000,10660,10661,10661,1
2019-07-03,15:33:23.905000,10660,10661,10661,1
2019-07-03,15:33:23.921000,10660,10661,10661,2
2019-07-03,15:33:25.529000,10660,10661,10661,1
2019-07-03,15:33:25.923000,10660,10661,10661,1
2019-07-03,15:33:28.390000,10660,10661,10661,1
2019-07-03,15:33:29.505000,10660,10661,10661,1
2019-07-03,15:33:34.078000,10660,10661,10661,1
2019-07-03,15:33:34.279000,10660,10661,10660,3
2019-07-03,15:33:34.900000,10660,10661,10661,1
2019-07-03,15:33:35.526000,10660,10661,10661,4
2019-07-03,15:33:35.898000,10660,10661,10661,1
2019-07-03,15:33:36.358000,10660,10661,10661,1
2019-07-03,15:33:36.513000,10660,10661,10661,8
2019-07-03,15:33:36.634000,10661,10662,10661,2
2019-07-03,15:33:40.637000,10661,10662,10661,1
2019-07-03,15:33:46.205000,10661,10662,10662,3
2019-07-03,15:33:46.242000,10661,10662,10662,2
2019-07-03,15:33:46.500000,10661,10662,10662,1
2019-07-03,15:33:50.712000,10661,10662,10662,5
2019-07-03,15:33:52.754000,10661,10662,10662,1
2019-07-03,15:33:54.206000,10661,10662,10662,3
2019-07-03,15:33:54.270000,10661,10662,10662,1
2019-07-03,15:33:56.758000,10661,10662,10662,1
2019-07-03,15:33:56.827000,10661,10662,10662,8
2019-07-03,15:33:58.915000,10661,10662,10662,1
2019-07-03,15:33:59.305000,10661,10662,10662,2
2019-07-03,15:33:59.912000,10661,10662,10662,1
2019-07-03,15:34:00.672000,10661,10662,10662,1
2019-07-03,15:34:02.642000,10661,10662,10662,1
2019-07-03,15:34:03.652000,10661,10662,10662,1
2019-07-03,15:34:05.227000,10661,10662,10662,1
2019-07-03,15:34:05.288000,10661,10662,10662,1
2019-07-03,15:34:08.104000,10661,10662,10662,1
2019-07-03,15:34:08.627000,10661,10662,10662,1
2019-07-03,15:34:09.754000,10661,10662,10662,1
2019-07-03,15:34:11.972000,10661,10662,10662,1
2019-07-03,15:34:13.162000,10661,10662,10662,20
2019-07-03,15:34:13.684000,10661,10662,10661,1
2019-07-03,15:34:14.367000,10661,10662,10662,1
2019-07-03,15:34:15.663000,10661,10662,10662,3
2019-07-03,15:34:16.879000,10661,10662,10662,2
2019-07-03,15:34:18.672000,10662,10663,10662,1
2019-07-03,15:34:18.888000,10662,10663,10662,4
2019-07-03,15:34:19.784000,10661,10662,10662,6
2019-07-03,15:34:21.107000,10661,10662,10662,4
2019-07-03,15:34:24.165000,10662,10663,10662,3
2019-07-03,15:34:24.772000,10661,10662,10662,1
2019-07-03,15:34:30.454000,10661,10662,10662,5
2019-07-03,15:34:30.549000,10661,10662,10662,1
2019-07-03,15:34:31.204000,10661,10662,10662,1
2019-07-03,15:34:31.204000,10661,10662,10663,4
2019-07-03,15:34:31.624000,10661,10663,10663,1
2019-07-03,15:34:33.884000,10662,10663,10662,1
2019-07-03,15:34:36.658000,10662,10663,10662,2
2019-07-03,15:34:39.416000,10662,10663,10662,1
2019-07-03,15:34:39.458000,10662,10663,10662,1
2019-07-03,15:34:40.724000,10662,10663,10662,3
2019-07-03,15:34:41.081000,10662,10663,10663,2
2019-07-03,15:34:41.359000,10662,10663,10663,1
2019-07-03,15:34:45.631000,10662,10663,10663,1
2019-07-03,15:34:46.904000,10662,10663,10663,2
2019-07-03,15:34:47.948000,10662,10663,10663,1
2019-07-03,15:34:47.979000,10662,10663,10663,1
2019-07-03,15:34:50.343000,10662,10663,10663,1
2019-07-03,15:34:53.912000,10662,10663,10663,5
2019-07-03,15:34:56.399000,10662,10663,10663,1
2019-07-03,15:34:56.928000,10662,10663,10663,20
2019-07-03,15:35:02.326000,10662,10663,10662,1
2019-07-03,15:35:02.752000,10662,10663,10663,3
2019-07-03,15:35:03.022000,10662,10663,10663,1
2019-07-03,15:35:03.563000,10662,10663,10663,2
2019-07-03,15:35:03.593000,10662,10663,10663,1
2019-07-03,15:35:04.429000,10662,10663,10663,5
2019-07-03,15:35:06.569000,10662,10663,10663,1
2019-07-03,15:35:06.678000,10662,10663,10663,1
2019-07-03,15:35:06.763000,10662,10663,10663,2
2019-07-03,15:35:08.166000,10662,10663,10663,2
2019-07-03,15:35:09.893000,10662,10663,10663,9
2019-07-03,15:35:10.074000,10663,10664,10664,1
2019-07-03,15:35:11.541000,10663,10664,10664,2
2019-07-03,15:35:12.595000,10663,10664,10664,2
2019-07-03,15:35:14.977000,10663,10664,10663,1
2019-07-03,15:35:21.502000,10663,10664,10663,1
2019-07-03,15:35:21.808000,10663,10664,10663,4
2019-07-03,15:35:21.844000,10663,10664,10663,1
2019-07-03,15:35:22.097000,10662,10664,10664,1
2019-07-03,15:35:23.118000,10662,10664,10662,2
2019-07-03,15:35:23.274000,10662,10663,10663,1
2019-07-03,15:35:27.528000,10663,10664,10663,2
2019-07-03,15:35:27.594000,10663,10664,10663,1
2019-07-03,15:35:28.008000,10662,10664,10662,1
2019-07-03,15:35:31.186000,10662,10663,10663,1
2019-07-03,15:35:32.449000,10662,10663,10663,1
2019-07-03,15:35:34.854000,10662,10663,10663,1
2019-07-03,15:35:39.790000,10662,10663,10662,3
2019-07-03,15:35:46.969000,10662,10663,10662,6
2019-07-03,15:35:47.094000,10662,10663,10662,2
2019-07-03,15:35:50.868000,10661,10662,10661,1
2019-07-03,15:35:53.641000,10661,10662,10661,1
2019-07-03,15:35:53.939000,10661,10662,10662,1
2019-07-03,15:35:57.086000,10661,10662,10661,3
2019-07-03,15:36:01.952000,10661,10662,10662,2
2019-07-03,15:36:11.998000,10661,10662,10662,1
2019-07-03,15:36:22.797000,10661,10662,10661,2
2019-07-03,15:36:28.721000,10661,10662,10661,2
2019-07-03,15:36:35.465000,10661,10662,10661,1
2019-07-03,15:36:36.237000,10661,10662,10661,1
2019-07-03,15:36:37.235000,10661,10662,10662,2
2019-07-03,15:36:42.488000,10661,10662,10662,2
2019-07-03,15:36:52.878000,10661,10662,10661,2
2019-07-03,15:37:01.480000,10661,10662,10661,6
2019-07-03,15:37:01.594000,10661,10662,10661,27
2019-07-03,15:37:01.719000,10661,10662,10661,3
2019-07-03,15:37:01.719000,10661,10662,10661,1
2019-07-03,15:37:02.318000,10660,10661,10661,1
2019-07-03,15:37:02.429000,10660,10661,10661,1
2019-07-03,15:37:02.634000,10660,10661,10661,1
2019-07-03,15:37:02.727000,10660,10661,10661,1
2019-07-03,15:37:07.739000,10660,10661,10661,1
2019-07-03,15:37:10.691000,10660,10661,10661,3
2019-07-03,15:37:18.894000,10660,10661,10661,1
2019-07-03,15:37:19.377000,10660,10661,10661,2
2019-07-03,15:37:22.739000,10660,10661,10661,8
2019-07-03,15:37:22.739000,10660,10661,10661,1
2019-07-03,15:37:23.212000,10661,10662,10662,1
2019-07-03,15:37:29.702000,10661,10662,10661,1
2019-07-03,15:37:55.843000,10661,10662,10661,1
2019-07-03,15:38:01.513000,10661,10662,10661,1
2019-07-03,15:38:02.252000,10661,10662,10662,1
2019-07-03,15:38:19.675000,10661,10662,10661,9
2019-07-03,15:38:26.968000,10661,10662,10661,5
2019-07-03,15:38:34.269000,10661,10662,10661,1
2019-07-03,15:38:35.349000,10661,10662,10661,3
2019-07-03,15:38:38.810000,10661,10662,10662,1
2019-07-03,15:38:39.165000,10661,10662,10661,2
2019-07-03,15:38:40.523000,10661,10662,10661,5
2019-07-03,15:38:43.231000,10661,10662,10661,2
2019-07-03,15:38:46.489000,10661,10662,10661,1
2019-07-03,15:38:53.595000,10661,10662,10661,1
2019-07-03,15:38:53.700000,10661,10662,10661,1
2019-07-03,15:38:53.720000,10661,10662,10661,1
2019-07-03,15:38:58.054000,10661,10662,10661,1
2019-07-03,15:38:58.181000,10661,10662,10661,1
2019-07-03,15:39:02.715000,10661,10662,10661,1
2019-07-03,15:39:08.825000,10661,10662,10662,4
2019-07-03,15:39:10.382000,10661,10662,10661,2
2019-07-03,15:39:13.988000,10661,10662,10661,2
2019-07-03,15:39:14.869000,10661,10662,10661,1
2019-07-03,15:39:25.853000,10661,10662,10661,1
2019-07-03,15:39:32.361000,10661,10662,10662,1
2019-07-03,15:39:37.219000,10661,10662,10661,1
2019-07-03,15:39:37.344000,10661,10662,10661,1
2019-07-03,15:39:37.469000,10661,10662,10661,1
2019-07-03,15:39:37.594000,10661,10662,10661,1
2019-07-03,15:39:37.719000,10661,10662,10661,1
2019-07-03,15:39:37.719000,10661,10662,10661,1
2019-07-03,15:39:37.844000,10661,10662,10661,1
2019-07-03,15:39:41.979000,10661,10662,10661,1
2019-07-03,15:39:42.428000,10661,10662,10661,3
2019-07-03,15:39:47.614000,10661,10662,10662,1
2019-07-03,15:39:48.300000,10661,10662,10662,1
2019-07-03,15:39:56.532000,10661,10662,10661,1
2019-07-03,15:39:58.765000,10661,10662,10661,1
2019-07-03,15:40:06.333000,10661,10662,10661,1
2019-07-03,15:40:07.131000,10661,10662,10662,1
2019-07-03,15:40:07.180000,10661,10662,10662,1
2019-07-03,15:40:07.392000,10661,10662,10661,8
2019-07-03,15:40:13.724000,10661,10662,10661,1
2019-07-03,15:40:17.325000,10661,10662,10661,1
2019-07-03,15:40:17.345000,10661,10662,10661,1
2019-07-03,15:40:21.493000,10661,10662,10662,10
2019-07-03,15:40:26.751000,10661,10662,10661,1
2019-07-03,15:40:34.416000,10661,10662,10661,1
2019-07-03,15:40:34.775000,10661,10662,10661,1
2019-07-03,15:40:35.515000,10661,10662,10661,1
2019-07-03,15:40:37.748000,10661,10662,10661,1
2019-07-03,15:40:39.187000,10661,10662,10661,1
2019-07-03,15:40:41.028000,10661,10662,10661,1
2019-07-03,15:40:42.553000,10661,10662,10661,4
2019-07-03,15:40:42.719000,10661,10662,10662,1
2019-07-03,15:40:44.702000,10661,10662,10661,1
2019-07-03,15:40:53.577000,10661,10662,10661,2
2019-07-03,15:40:57.148000,10661,10662,10661,1
2019-07-03,15:40:59.262000,10661,10662,10661,1
2019-07-03,15:41:00.715000,10661,10662,10661,1
2019-07-03,15:41:03.386000,10661,10662,10661,2
2019-07-03,15:41:05.047000,10661,10662,10661,1
2019-07-03,15:41:05.162000,10661,10662,10661,1
2019-07-03,15:41:05.969000,10661,10662,10661,1
2019-07-03,15:41:06.094000,10661,10662,10661,1
2019-07-03,15:41:06.296000,10661,10662,10661,1
2019-07-03,15:41:06.344000,10661,10662,10661,2
2019-07-03,15:41:06.344000,10661,10662,10661,2
2019-07-03,15:41:06.344000,10661,10662,10661,3
2019-07-03,15:41:06.344000,10661,10662,10661,6
2019-07-03,15:41:06.344000,10661,10662,10661,13
2019-07-03,15:41:09.602000,10660,10661,10660,1
2019-07-03,15:41:18.805000,10660,10661,10660,1
2019-07-03,15:41:21.332000,10660,10661,10661,1
2019-07-03,15:41:21.708000,10660,10661,10661,5
2019-07-03,15:41:24.167000,10660,10661,10660,1
2019-07-03,15:41:31.311000,10660,10661,10661,2
2019-07-03,15:41:36.599000,10660,10661,10660,1
2019-07-03,15:41:37.305000,10660,10661,10660,1
2019-07-03,15:41:51.195000,10660,10661,10660,1
2019-07-03,15:41:51.542000,10660,10661,10660,1
2019-07-03,15:41:52.589000,10660,10661,10660,1
2019-07-03,15:41:53.937000,10660,10661,10660,1
2019-07-03,15:41:54.044000,10660,10661,10661,1
2019-07-03,15:42:02.500000,10660,10661,10661,1
2019-07-03,15:42:08.674000,10660,10661,10661,1
2019-07-03,15:42:09.680000,10660,10661,10660,1
2019-07-03,15:42:21.488000,10660,10661,10660,1
2019-07-03,15:42:32.320000,10660,10661,10660,1
2019-07-03,15:42:38.349000,10660,10661,10660,1
2019-07-03,15:42:39.586000,10660,10661,10661,1
2019-07-03,15:42:42.004000,10660,10661,10660,1
2019-07-03,15:42:44.074000,10660,10661,10661,1
2019-07-03,15:42:46.412000,10660,10661,10661,1
2019-07-03,15:42:58.190000,10660,10661,10661,4
2019-07-03,15:42:58.473000,10660,10661,10661,1
2019-07-03,15:43:00.059000,10660,10661,10660,3
2019-07-03,15:43:11.764000,10660,10661,10661,6
2019-07-03,15:43:18.268000,10660,10661,10660,2
2019-07-03,15:43:23.445000,10660,10661,10661,1
2019-07-03,15:43:23.532000,10660,10661,10661,1
2019-07-03,15:43:26.229000,10660,10661,10661,1
2019-07-03,15:43:43.032000,10660,10661,10661,1
2019-07-03,15:43:49.268000,10660,10661,10660,2
2019-07-03,15:43:54.389000,10660,10661,10661,1
2019-07-03,15:43:54.854000,10660,10661,10661,2
2019-07-03,15:44:09.258000,10660,10661,10660,1
2019-07-03,15:44:10.907000,10660,10661,10661,5
2019-07-03,15:44:23.055000,10660,10661,10661,2
2019-07-03,15:44:24.479000,10660,10661,10661,20
2019-07-03,15:44:24.596000,10661,10662,10661,1
2019-07-03,15:44:24.596000,10661,10662,10661,1
2019-07-03,15:44:24.701000,10661,10662,10661,1
2019-07-03,15:44:24.701000,10661,10662,10661,1
2019-07-03,15:44:24.719000,10661,10662,10661,5
2019-07-03,15:44:24.719000,10661,10662,10661,2
2019-07-03,15:44:24.720000,10661,10662,10661,1
2019-07-03,15:44:24.826000,10661,10662,10661,1
2019-07-03,15:44:28.930000,10661,10662,10661,1
2019-07-03,15:44:32.906000,10661,10662,10661,1
2019-07-03,15:44:35.071000,10661,10662,10661,1
2019-07-03,15:44:42.831000,10661,10662,10661,2
2019-07-03,15:44:48.861000,10661,10662,10661,1
2019-07-03,15:44:53.297000,10661,10662,10661,1
2019-07-03,15:44:57.467000,10661,10662,10662,1
2019-07-03,15:44:57.467000,10661,10662,10662,2
2019-07-03,15:44:57.469000,10661,10662,10662,1
2019-07-03,15:44:57.469000,10661,10662,10662,1
2019-07-03,15:44:57.594000,10661,10662,10662,25
2019-07-03,15:44:57.594000,10661,10662,10662,9
2019-07-03,15:44:57.719000,10661,10662,10662,3
2019-07-03,15:44:57.845000,10662,10663,10662,1
2019-07-03,15:44:57.952000,10662,10663,10662,1
2019-07-03,15:44:57.970000,10662,10663,10662,1
2019-07-03,15:44:58.076000,10662,10663,10662,1
2019-07-03,15:44:58.095000,10662,10663,10662,1
2019-07-03,15:45:00.018000,10662,10663,10662,1
2019-07-03,15:45:04.553000,10662,10663,10662,1
2019-07-03,15:45:07.075000,10662,10663,10662,1
2019-07-03,15:45:07.095000,10662,10663,10662,1
2019-07-03,15:45:10.484000,10662,10663,10663,1
2019-07-03,15:45:12.520000,10662,10663,10662,1
2019-07-03,15:45:18.630000,10662,10663,10662,1
2019-07-03,15:45:26.657000,10662,10663,10663,1
2019-07-03,15:45:32.300000,10662,10663,10662,1
2019-07-03,15:45:34.603000,10662,10663,10663,1
2019-07-03,15:45:35.689000,10662,10663,10662,4
2019-07-03,15:45:36.488000,10662,10663,10663,4
2019-07-03,15:45:40.426000,10662,10663,10662,1
2019-07-03,15:45:40.524000,10662,10663,10663,20
2019-07-03,15:45:40.570000,10662,10663,10663,1
2019-07-03,15:45:40.594000,10662,10663,10663,2
2019-07-03,15:45:40.594000,10662,10663,10663,2
2019-07-03,15:45:40.703000,10662,10663,10663,1
2019-07-03,15:45:40.720000,10663,10664,10663,1
2019-07-03,15:45:47.994000,10663,10664,10663,1
2019-07-03,15:45:48.511000,10663,10664,10663,1
2019-07-03,15:45:49.326000,10663,10664,10664,3
2019-07-03,15:45:49.801000,10663,10664,10663,1
2019-07-03,15:45:50.091000,10663,10664,10663,1
2019-07-03,15:45:58.575000,10663,10664,10663,1
2019-07-03,15:45:58.595000,10663,10664,10663,1
2019-07-03,15:45:58.709000,10663,10664,10662,1
2019-07-03,15:46:14.178000,10662,10663,10663,1
2019-07-03,15:46:15.979000,10662,10663,10663,1
2019-07-03,15:46:17.971000,10662,10663,10663,1
2019-07-03,15:46:22.689000,10662,10663,10663,1
2019-07-03,15:46:30.672000,10662,10663,10663,4
2019-07-03,15:46:30.998000,10663,10664,10663,1
2019-07-03,15:46:31.172000,10662,10663,10663,1
2019-07-03,15:46:34.872000,10663,10664,10663,1
2019-07-03,15:46:40.450000,10663,10664,10663,1
2019-07-03,15:46:40.470000,10663,10664,10663,1
2019-07-03,15:46:43.016000,10663,10664,10664,1
2019-07-03,15:46:43.909000,10663,10664,10663,2
2019-07-03,15:46:45.836000,10663,10664,10663,1
2019-07-03,15:46:47.446000,10662,10664,10664,1
2019-07-03,15:46:51.933000,10663,10664,10664,1
2019-07-03,15:46:56.668000,10662,10664,10664,1
2019-07-03,15:46:59.134000,10662,10664,10663,1
2019-07-03,15:47:01.334000,10663,10664,10663,1
2019-07-03,15:47:02.799000,10662,10663,10663,1
2019-07-03,15:47:03.563000,10662,10663,10663,1
2019-07-03,15:47:06.626000,10662,10663,10662,5
2019-07-03,15:47:09.830000,10662,10663,10663,1
2019-07-03,15:47:11.422000,10662,10663,10663,1
2019-07-03,15:47:12.096000,10662,10663,10663,1
2019-07-03,15:47:15.122000,10662,10663,10662,1
2019-07-03,15:47:19.710000,10662,10663,10662,2
2019-07-03,15:47:22.700000,10662,10663,10662,1
2019-07-03,15:47:22.825000,10662,10663,10662,1
2019-07-03,15:47:26.075000,10662,10663,10662,1
2019-07-03,15:47:30.251000,10662,10663,10662,1
2019-07-03,15:47:30.825000,10662,10663,10662,1
2019-07-03,15:47:31.360000,10662,10663,10662,1
2019-07-03,15:47:40.819000,10662,10663,10663,1
2019-07-03,15:47:46.285000,10662,10663,10662,1
2019-07-03,15:47:54.393000,10662,10663,10663,1
2019-07-03,15:48:01.209000,10662,10663,10663,2
2019-07-03,15:48:04.532000,10662,10663,10663,2
2019-07-03,15:48:06.720000,10662,10663,10662,20
2019-07-03,15:48:09.493000,10662,10663,10662,1
2019-07-03,15:48:18.257000,10662,10663,10662,1
2019-07-03,15:48:24.237000,10662,10663,10662,1
2019-07-03,15:48:24.262000,10662,10663,10663,1
2019-07-03,15:48:25.602000,10662,10663,10662,2
2019-07-03,15:48:36.008000,10662,10663,10662,1
2019-07-03,15:48:39.950000,10662,10663,10662,1
2019-07-03,15:48:42.155000,10662,10663,10662,1
2019-07-03,15:48:56.240000,10662,10663,10662,1
2019-07-03,15:48:58.228000,10662,10663,10662,1
2019-07-03,15:49:06.222000,10662,10663,10662,1
2019-07-03,15:49:07.613000,10662,10663,10662,1
2019-07-03,15:49:30.941000,10662,10663,10662,1
2019-07-03,15:49:33.300000,10662,10663,10662,1
2019-07-03,15:49:36.359000,10662,10663,10662,9
2019-07-03,15:49:41.765000,10661,10662,10662,1
2019-07-03,15:49:51.020000,10661,10662,10662,8
2019-07-03,15:49:51.062000,10661,10662,10662,2
2019-07-03,15:49:52.381000,10662,10663,10662,1
2019-07-03,15:50:05.852000,10662,10663,10662,1
2019-07-03,15:50:07.707000,10662,10663,10662,1
2019-07-03,15:50:17.635000,10662,10663,10662,2
2019-07-03,15:50:19.716000,10662,10663,10662,2
2019-07-03,15:50:24.925000,10662,10663,10662,1
2019-07-03,15:50:28.217000,10662,10663,10662,1
2019-07-03,15:50:28.219000,10662,10663,10662,10
2019-07-03,15:50:40.012000,10661,10662,10662,1
2019-07-03,15:50:49.915000,10661,10662,10662,5
2019-07-03,15:50:53.874000,10661,10663,10663,1
2019-07-03,15:51:05.306000,10661,10662,10662,2
2019-07-03,15:51:08.051000,10661,10662,10662,1
2019-07-03,15:51:25.250000,10661,10662,10662,2
2019-07-03,15:51:34.256000,10661,10662,10662,1
2019-07-03,15:52:00.528000,10661,10662,10662,2
2019-07-03,15:52:11.407000,10661,10662,10662,1
2019-07-03,15:52:18.609000,10661,10662,10662,1
2019-07-03,15:52:23.144000,10661,10662,10662,1
2019-07-03,15:52:24.147000,10661,10662,10662,1
2019-07-03,15:52:43.327000,10661,10662,10661,1
2019-07-03,15:52:54.784000,10661,10662,10661,1
2019-07-03,15:53:01.318000,10661,10662,10661,2
2019-07-03,15:53:18.966000,10661,10662,10661,3
2019-07-03,15:53:21.146000,10661,10662,10662,1
2019-07-03,15:53:24.248000,10661,10662,10661,1
2019-07-03,15:53:34.592000,10661,10662,10662,5
2019-07-03,15:53:34.594000,10661,10662,10662,1
2019-07-03,15:53:38.008000,10661,10662,10662,2
2019-07-03,15:53:38.009000,10661,10662,10662,6
2019-07-03,15:53:38.009000,10661,10662,10662,1
2019-07-03,15:53:38.009000,10661,10662,10662,1
2019-07-03,15:53:38.009000,10661,10662,10662,2
2019-07-03,15:53:38.009000,10661,10662,10662,1
2019-07-03,15:53:45.318000,10662,10663,10663,10
2019-07-03,15:53:46.087000,10662,10663,10663,10
2019-07-03,15:53:46.377000,10662,10663,10663,10
2019-07-03,15:53:49.086000,10662,10663,10662,1
2019-07-03,15:53:53.922000,10662,10663,10662,1
2019-07-03,15:54:08.126000,10662,10663,10663,1
2019-07-03,15:54:09.208000,10662,10664,10662,5
2019-07-03,15:54:11.955000,10662,10663,10662,1
2019-07-03,15:54:15.201000,10662,10663,10662,2
2019-07-03,15:54:44.483000,10662,10663,10662,2
2019-07-03,15:54:56.197000,10662,10663,10662,1
2019-07-03,15:55:13.435000,10662,10663,10662,7
2019-07-03,15:55:13.608000,10661,10662,10662,1
2019-07-03,15:55:20.305000,10662,10663,10663,1
2019-07-03,15:55:23.344000,10662,10663,10662,4
2019-07-03,15:55:26.800000,10661,10662,10661,1
2019-07-03,15:55:31.079000,10661,10662,10662,3
2019-07-03,15:55:50.037000,10661,10662,10662,2
2019-07-03,15:55:50.459000,10661,10662,10661,1
2019-07-03,15:55:51.823000,10661,10662,10662,1
2019-07-03,15:56:03.072000,10661,10662,10662,1
2019-07-03,15:56:03.480000,10661,10662,10662,1
2019-07-03,15:56:23.094000,10662,10663,10662,1
2019-07-03,15:56:23.094000,10662,10663,10662,1
2019-07-03,15:56:23.136000,10662,10663,10662,2
2019-07-03,15:56:23.137000,10662,10663,10662,2
2019-07-03,15:56:31.692000,10662,10663,10662,2
2019-07-03,15:56:34.700000,10662,10663,10662,1
2019-07-03,15:56:35.792000,10662,10663,10662,4
2019-07-03,15:56:38.615000,10662,10663,10662,1
2019-07-03,15:56:41.782000,10662,10663,10662,1
2019-07-03,15:56:43.090000,10662,10663,10663,1
2019-07-03,15:56:43.857000,10662,10663,10663,2
2019-07-03,15:56:45.723000,10662,10663,10662,13
2019-07-03,15:56:45.723000,10662,10663,10662,1
2019-07-03,15:56:45.723000,10662,10663,10662,1
2019-07-03,15:56:45.787000,10662,10663,10662,3
2019-07-03,15:56:45.844000,10661,10662,10662,2
2019-07-03,15:56:56.381000,10662,10663,10662,1
2019-07-03,15:56:58.877000,10662,10663,10662,1
2019-07-03,15:57:05.168000,10662,10663,10662,1
2019-07-03,15:57:07.923000,10661,10663,10662,1
2019-07-03,15:57:08.305000,10662,10663,10662,2
2019-07-03,15:57:09.304000,10662,10663,10662,3
2019-07-03,15:57:15.140000,10662,10663,10663,1
2019-07-03,15:57:16.652000,10662,10663,10662,4
2019-07-03,15:57:19.441000,10662,10663,10663,1
2019-07-03,15:57:19.517000,10662,10663,10662,1
2019-07-03,15:57:20.972000,10662,10663,10663,1
2019-07-03,15:57:21.503000,10662,10663,10663,1
2019-07-03,15:57:22.911000,10662,10663,10662,1
2019-07-03,15:57:23.349000,10662,10663,10663,1
2019-07-03,15:57:24.902000,10662,10663,10663,28
2019-07-03,15:57:28.420000,10663,10664,10663,1
2019-07-03,15:57:32.230000,10663,10664,10663,1
2019-07-03,15:57:36.612000,10663,10664,10663,3
2019-07-03,15:57:38.748000,10663,10664,10663,1
2019-07-03,15:57:52.673000,10663,10664,10663,20
2019-07-03,15:57:52.719000,10663,10664,10663,3
2019-07-03,15:57:52.719000,10663,10664,10663,8
2019-07-03,15:57:52.719000,10663,10664,10663,2
2019-07-03,15:57:52.719000,10663,10664,10663,26
2019-07-03,15:58:00.594000,10662,10663,10663,2
2019-07-03,15:58:27.801000,10663,10664,10663,1
2019-07-03,15:58:40.909000,10663,10664,10663,1
2019-07-03,15:58:42.297000,10663,10664,10663,2
2019-07-03,15:58:46.141000,10662,10663,10663,4
2019-07-03,15:59:01.980000,10663,10664,10663,1
2019-07-03,15:59:11.448000,10662,10663,10663,1
2019-07-03,15:59:15.221000,10662,10663,10662,1
2019-07-03,15:59:21.251000,10662,10663,10662,1
2019-07-03,15:59:24.019000,10662,10663,10662,100
2019-07-03,15:59:24.094000,10662,10663,10662,4
2019-07-03,15:59:24.094000,10662,10663,10662,4
2019-07-03,15:59:24.094000,10662,10663,10662,3
2019-07-03,15:59:24.095000,10662,10663,10661,8
2019-07-03,15:59:24.219000,10661,10662,10661,2
2019-07-03,15:59:29.224000,10661,10662,10661,1
2019-07-03,15:59:52.537000,10661,10662,10661,1
2019-07-03,15:59:55.952000,10661,10662,10662,1
2019-07-03,15:59:57.603000,10661,10662,10661,1
2019-07-03,16:00:02.784000,10661,10662,10662,6
2019-07-03,16:00:02.844000,10661,10662,10662,8
2019-07-03,16:00:05.509000,10662,10663,10663,5
2019-07-03,16:00:05.594000,10662,10663,10663,2
2019-07-03,16:00:08.740000,10663,10664,10663,1
2019-07-03,16:00:12.177000,10663,10664,10663,1
2019-07-03,16:00:13.380000,10663,10664,10663,1
2019-07-03,16:00:26.771000,10662,10663,10663,1
2019-07-03,16:00:29.295000,10662,10663,10663,15
2019-07-03,16:00:29.934000,10663,10664,10663,1
2019-07-03,16:00:33.295000,10663,10664,10663,4
2019-07-03,16:00:35.190000,10662,10663,10663,2
2019-07-03,16:00:42.618000,10662,10663,10662,1
2019-07-03,16:00:48.385000,10662,10663,10662,4
2019-07-03,16:00:48.389000,10662,10663,10662,1
2019-07-03,16:00:48.415000,10662,10663,10662,1
2019-07-03,16:00:48.416000,10662,10663,10662,1
2019-07-03,16:00:48.469000,10662,10663,10662,19
2019-07-03,16:00:49.173000,10662,10663,10662,19
2019-07-03,16:00:49.219000,10662,10663,10662,1
2019-07-03,16:00:49.219000,10662,10663,10662,3
2019-07-03,16:00:49.219000,10662,10663,10662,4
2019-07-03,16:00:49.219000,10662,10663,10662,6
2019-07-03,16:00:49.219000,10662,10663,10662,2
2019-07-03,16:00:49.219000,10662,10663,10662,1
2019-07-03,16:00:49.219000,10662,10663,10662,4
2019-07-03,16:00:49.219000,10662,10663,10662,2
2019-07-03,16:00:49.219000,10662,10663,10662,1
2019-07-03,16:00:49.219000,10662,10663,10662,1
2019-07-03,16:00:49.219000,10662,10663,10662,1
2019-07-03,16:00:49.220000,10662,10663,10662,1
2019-07-03,16:00:49.251000,10662,10663,10662,4
2019-07-03,16:00:49.344000,10662,10663,10662,4
2019-07-03,16:00:49.344000,10662,10663,10662,2
2019-07-03,16:00:49.344000,10662,10663,10662,1
2019-07-03,16:00:49.344000,10662,10663,10662,1
2019-07-03,16:00:49.344000,10662,10663,10662,2
2019-07-03,16:00:50.825000,10662,10663,10662,1
2019-07-03,16:00:51.304000,10662,10663,10662,1
2019-07-03,16:00:51.344000,10662,10663,10662,1
2019-07-03,16:00:52.173000,10662,10663,10662,1
2019-07-03,16:00:55.966000,10662,10663,10662,1
2019-07-03,16:00:56.802000,10662,10663,10662,2
2019-07-03,16:00:58.647000,10662,10663,10662,1
2019-07-03,16:01:19.119000,10662,10663,10662,4
2019-07-03,16:01:29.159000,10662,10663,10662,2
2019-07-03,16:01:29.961000,10662,10663,10662,1
2019-07-03,16:01:31.773000,10662,10663,10662,1
2019-07-03,16:01:32.874000,10662,10663,10662,1
2019-07-03,16:01:40.595000,10662,10663,10662,4
2019-07-03,16:02:12.190000,10662,10663,10662,1
2019-07-03,16:02:13,10662,10663,10663,1
2019-07-03,16:02:38.215000,10662,10663,10663,1
2019-07-03,16:02:43.597000,10662,10663,10662,1
2019-07-03,16:02:44.763000,10662,10663,10662,1
2019-07-03,16:02:55.930000,10662,10663,10663,20
2019-07-03,16:02:57.568000,10662,10663,10663,1
2019-07-03,16:02:57.594000,10662,10663,10663,1
2019-07-03,16:02:57.594000,10662,10663,10663,1
2019-07-03,16:02:57.719000,10662,10663,10663,1
2019-07-03,16:02:57.719000,10662,10663,10663,2
2019-07-03,16:03:02.239000,10662,10663,10663,1
2019-07-03,16:03:21.986000,10663,10664,10663,1
2019-07-03,16:03:31.850000,10662,10663,10663,5
2019-07-03,16:03:40.029000,10662,10663,10663,12
2019-07-03,16:03:40.123000,10663,10664,10663,5
2019-07-03,16:03:53.587000,10663,10664,10663,1
2019-07-03,16:04:02.967000,10663,10664,10664,4
2019-07-03,16:04:03.234000,10663,10664,10664,1
2019-07-03,16:04:03.376000,10663,10664,10664,1
2019-07-03,16:04:03.395000,10663,10664,10664,1
2019-07-03,16:04:03.398000,10663,10664,10664,1
2019-07-03,16:04:03.469000,10663,10664,10664,1
2019-07-03,16:04:03.469000,10663,10664,10664,33
2019-07-03,16:04:03.469000,10663,10664,10664,18
2019-07-03,16:04:03.469000,10663,10664,10664,2
2019-07-03,16:04:03.469000,10663,10664,10664,1
2019-07-03,16:04:03.511000,10663,10664,10664,10
2019-07-03,16:04:03.511000,10663,10664,10664,1
2019-07-03,16:04:03.903000,10664,10665,10665,1
2019-07-03,16:04:04.009000,10664,10665,10665,1
2019-07-03,16:04:04.021000,10664,10665,10665,1
2019-07-03,16:04:04.140000,10664,10665,10665,8
2019-07-03,16:04:04.144000,10664,10665,10665,12
2019-07-03,16:04:04.151000,10664,10665,10665,3
2019-07-03,16:04:04.345000,10664,10665,10665,1
2019-07-03,16:04:04.383000,10664,10665,10665,2
2019-07-03,16:04:04.584000,10664,10665,10664,1
2019-07-03,16:04:04.596000,10664,10665,10665,1
2019-07-03,16:04:04.647000,10664,10665,10665,3
2019-07-03,16:04:05.048000,10664,10665,10665,1
2019-07-03,16:04:05.061000,10664,10665,10665,5
2019-07-03,16:04:06.579000,10664,10665,10664,1
2019-07-03,16:04:10.324000,10664,10665,10665,5
2019-07-03,16:04:11.724000,10664,10665,10665,1
2019-07-03,16:04:18.673000,10664,10665,10665,1
2019-07-03,16:04:18.778000,10664,10665,10665,1
2019-07-03,16:04:21.970000,10664,10665,10665,1
2019-07-03,16:04:28.018000,10664,10665,10664,1
2019-07-03,16:04:29.075000,10664,10665,10665,2
2019-07-03,16:04:32.315000,10664,10665,10665,1
2019-07-03,16:04:34.698000,10664,10665,10665,4
2019-07-03,16:04:34.719000,10664,10665,10665,10
2019-07-03,16:04:34.991000,10665,10666,10665,1
2019-07-03,16:04:36.711000,10665,10666,10665,1
2019-07-03,16:04:38.753000,10665,10666,10665,5
2019-07-03,16:04:38.921000,10664,10666,10665,1
2019-07-03,16:04:39.494000,10665,10666,10665,2
2019-07-03,16:04:44.705000,10665,10666,10666,5
2019-07-03,16:04:44.752000,10665,10666,10666,3
2019-07-03,16:04:45.152000,10665,10666,10666,1
2019-07-03,16:04:45.456000,10665,10666,10665,1
2019-07-03,16:04:50.562000,10665,10666,10665,3
2019-07-03,16:04:50.949000,10665,10666,10665,4
2019-07-03,16:04:55.690000,10665,10666,10665,1
2019-07-03,16:04:57.805000,10665,10666,10666,2
2019-07-03,16:05:27.206000,10665,10666,10666,5
2019-07-03,16:05:27.743000,10665,10666,10666,2
2019-07-03,16:05:28.261000,10665,10666,10666,1
2019-07-03,16:05:30.277000,10665,10666,10666,1
2019-07-03,16:05:30.418000,10665,10666,10666,1
2019-07-03,16:05:30.617000,10665,10666,10666,1
2019-07-03,16:05:36.857000,10665,10666,10666,5
2019-07-03,16:05:49.935000,10665,10666,10666,1
2019-07-03,16:05:52.078000,10665,10666,10665,2
2019-07-03,16:05:53.347000,10665,10666,10666,1
2019-07-03,16:05:54.752000,10665,10666,10665,1
2019-07-03,16:06:02.182000,10665,10666,10666,3
2019-07-03,16:06:02.494000,10665,10666,10666,2
2019-07-03,16:06:02.704000,10665,10666,10666,6
2019-07-03,16:06:03.078000,10665,10666,10666,1
2019-07-03,16:06:03.115000,10665,10666,10666,2
2019-07-03,16:06:03.115000,10665,10666,10666,7
2019-07-03,16:06:03.126000,10665,10666,10666,2
2019-07-03,16:06:03.128000,10665,10666,10666,7
2019-07-03,16:06:03.132000,10665,10666,10666,5
2019-07-03,16:06:03.159000,10665,10666,10666,2
2019-07-03,16:06:03.219000,10665,10666,10666,1
2019-07-03,16:06:03.286000,10665,10666,10667,4
2019-07-03,16:06:03.295000,10665,10666,10667,1
2019-07-03,16:06:03.352000,10665,10667,10667,9
2019-07-03,16:06:03.387000,10665,10667,10667,3
2019-07-03,16:06:03.411000,10665,10667,10667,3
2019-07-03,16:06:03.412000,10665,10667,10667,7
2019-07-03,16:06:03.421000,10665,10667,10667,3
2019-07-03,16:06:03.436000,10665,10667,10667,2
2019-07-03,16:06:03.507000,10666,10667,10667,2
2019-07-03,16:06:03.507000,10666,10667,10667,3
2019-07-03,16:06:03.527000,10666,10667,10667,3
2019-07-03,16:06:03.558000,10666,10667,10667,3
2019-07-03,16:06:03.651000,10666,10667,10667,2
2019-07-03,16:06:03.709000,10666,10667,10666,1
2019-07-03,16:06:03.736000,10666,10667,10667,2
2019-07-03,16:06:03.743000,10666,10667,10667,2
2019-07-03,16:06:09.064000,10666,10667,10666,1
2019-07-03,16:06:09.311000,10666,10667,10667,2
2019-07-03,16:06:13.653000,10666,10667,10667,2
2019-07-03,16:06:13.687000,10666,10667,10667,5
2019-07-03,16:06:14.635000,10666,10667,10667,1
2019-07-03,16:06:14.840000,10666,10667,10667,5
2019-07-03,16:06:18.876000,10666,10667,10667,2
2019-07-03,16:06:22.198000,10666,10667,10667,1
2019-07-03,16:06:22.631000,10666,10667,10667,1
2019-07-03,16:06:31.964000,10666,10667,10667,1
2019-07-03,16:06:32.959000,10666,10667,10666,7
2019-07-03,16:06:36.978000,10665,10666,10666,20
2019-07-03,16:06:37.327000,10665,10666,10666,1
2019-07-03,16:06:41.872000,10665,10666,10666,4
2019-07-03,16:06:42.845000,10665,10666,10666,1
2019-07-03,16:06:49.258000,10665,10666,10665,15
2019-07-03,16:06:53.495000,10665,10666,10665,4
2019-07-03,16:06:55.614000,10665,10666,10665,1
2019-07-03,16:06:57.113000,10665,10666,10666,1
2019-07-03,16:07:02.401000,10665,10666,10666,2
2019-07-03,16:07:04.584000,10665,10666,10665,4
2019-07-03,16:07:12.444000,10665,10666,10666,2
2019-07-03,16:07:15.199000,10665,10666,10666,3
2019-07-03,16:07:15.199000,10665,10666,10666,6
2019-07-03,16:07:15.200000,10665,10666,10666,2
2019-07-03,16:07:15.201000,10665,10666,10666,3
2019-07-03,16:07:15.202000,10665,10666,10666,3
2019-07-03,16:07:15.202000,10665,10666,10666,3
2019-07-03,16:07:15.202000,10665,10666,10666,2
2019-07-03,16:07:15.208000,10665,10666,10666,6
2019-07-03,16:07:15.219000,10665,10666,10666,4
2019-07-03,16:07:16.345000,10666,10667,10667,1
2019-07-03,16:07:22.021000,10666,10667,10666,1
2019-07-03,16:07:27.242000,10666,10667,10666,1
2019-07-03,16:07:30.827000,10665,10666,10666,1
2019-07-03,16:07:31.653000,10666,10667,10667,3
2019-07-03,16:07:35.037000,10666,10667,10667,1
2019-07-03,16:07:35.517000,10666,10667,10666,1
2019-07-03,16:07:42.182000,10666,10667,10667,1
2019-07-03,16:07:53.047000,10666,10667,10667,1
2019-07-03,16:07:59.683000,10666,10667,10667,1
2019-07-03,16:08:02.406000,10666,10667,10667,10
2019-07-03,16:08:02.599000,10666,10667,10667,1
2019-07-03,16:08:10.499000,10666,10667,10667,1
2019-07-03,16:08:13.012000,10666,10667,10667,2
2019-07-03,16:08:15.363000,10666,10667,10667,6
2019-07-03,16:08:18.787000,10666,10667,10667,1
2019-07-03,16:08:18.890000,10666,10667,10667,2
2019-07-03,16:08:19.252000,10666,10667,10667,2
2019-07-03,16:08:19.500000,10666,10667,10667,1
2019-07-03,16:08:19.674000,10666,10667,10667,1
2019-07-03,16:08:38.885000,10667,10668,10667,2
2019-07-03,16:08:39.453000,10667,10668,10668,1
2019-07-03,16:08:40.662000,10667,10668,10667,5
2019-07-03,16:08:45.088000,10667,10668,10667,2
2019-07-03,16:08:49.573000,10666,10667,10667,1
2019-07-03,16:08:50.405000,10667,10668,10667,1
2019-07-03,16:08:51.020000,10667,10668,10667,1
2019-07-03,16:08:56.502000,10667,10668,10668,1
2019-07-03,16:08:56.511000,10667,10668,10668,4
2019-07-03,16:08:56.567000,10667,10668,10668,6
2019-07-03,16:08:56.573000,10667,10668,10668,2
2019-07-03,16:08:56.594000,10667,10668,10668,4
2019-07-03,16:08:56.603000,10667,10668,10668,6
2019-07-03,16:08:56.605000,10667,10668,10668,2
2019-07-03,16:08:56.635000,10667,10668,10668,2
2019-07-03,16:08:56.665000,10667,10668,10668,2
2019-07-03,16:08:56.719000,10667,10668,10668,5
2019-07-03,16:08:56.719000,10667,10668,10668,4
2019-07-03,16:08:56.719000,10667,10668,10668,4
2019-07-03,16:08:56.719000,10667,10668,10668,2
2019-07-03,16:08:56.719000,10667,10668,10668,1
2019-07-03,16:08:56.719000,10667,10668,10668,1
2019-07-03,16:08:56.719000,10667,10668,10668,2
2019-07-03,16:08:56.719000,10667,10668,10668,1
2019-07-03,16:08:56.720000,10667,10668,10668,1
2019-07-03,16:08:56.764000,10667,10668,10668,4
2019-07-03,16:08:56.844000,10667,10668,10668,7
2019-07-03,16:09:01.693000,10668,10669,10668,1
2019-07-03,16:09:04.412000,10668,10669,10669,2
2019-07-03,16:09:04.422000,10668,10669,10669,2
2019-07-03,16:09:04.508000,10668,10669,10669,1
2019-07-03,16:09:04.617000,10668,10669,10669,1
2019-07-03,16:09:04.732000,10668,10669,10669,4
2019-07-03,16:09:04.748000,10668,10669,10669,4
2019-07-03,16:09:05.157000,10668,10669,10669,1
2019-07-03,16:09:05.180000,10668,10669,10669,1
2019-07-03,16:09:07.100000,10668,10669,10669,1
2019-07-03,16:09:07.315000,10668,10669,10668,1
2019-07-03,16:09:11.363000,10668,10669,10668,1
2019-07-03,16:09:14.733000,10668,10669,10668,1
2019-07-03,16:09:19.055000,10668,10669,10669,27
2019-07-03,16:09:19.055000,10668,10669,10670,11
2019-07-03,16:09:19.252000,10669,10670,10670,1
2019-07-03,16:09:19.374000,10669,10670,10670,1
2019-07-03,16:09:19.540000,10669,10670,10670,1
2019-07-03,16:09:19.553000,10669,10670,10670,1
2019-07-03,16:09:21.350000,10669,10670,10670,1
2019-07-03,16:09:26.670000,10669,10670,10670,1
2019-07-03,16:09:27.455000,10669,10670,10669,3
2019-07-03,16:09:28.403000,10669,10670,10670,1
2019-07-03,16:09:28.471000,10669,10670,10670,5
2019-07-03,16:09:34.600000,10669,10670,10669,1
2019-07-03,16:09:35.832000,10669,10670,10670,1
2019-07-03,16:09:41.440000,10669,10670,10669,2
2019-07-03,16:09:41.441000,10669,10670,10669,4
2019-07-03,16:09:41.831000,10668,10669,10669,1
2019-07-03,16:09:42.173000,10668,10669,10669,3
2019-07-03,16:09:42.774000,10668,10670,10669,1
2019-07-03,16:09:43.219000,10669,10670,10669,1
2019-07-03,16:09:44.577000,10668,10669,10669,5
2019-07-03,16:09:44.771000,10668,10670,10670,3
2019-07-03,16:09:47.479000,10668,10670,10668,1
2019-07-03,16:09:50.230000,10668,10669,10669,3
2019-07-03,16:09:51.254000,10668,10670,10670,1
2019-07-03,16:10:02.664000,10669,10670,10670,1
2019-07-03,16:10:03.046000,10669,10670,10670,1
2019-07-03,16:10:03.080000,10669,10670,10670,1
2019-07-03,16:10:03.114000,10669,10670,10670,1
2019-07-03,16:10:03.125000,10669,10670,10670,2
2019-07-03,16:10:03.125000,10669,10670,10670,1
2019-07-03,16:10:03.125000,10669,10670,10670,1
2019-07-03,16:10:03.125000,10669,10670,10670,2
2019-07-03,16:10:03.126000,10669,10670,10670,1
2019-07-03,16:10:03.129000,10669,10670,10670,1
2019-07-03,16:10:03.215000,10669,10670,10670,2
2019-07-03,16:10:03.559000,10669,10670,10670,1
2019-07-03,16:10:06.415000,10669,10670,10670,2
2019-07-03,16:10:08.826000,10669,10670,10670,1
2019-07-03,16:10:08.845000,10669,10670,10670,1
2019-07-03,16:10:10.278000,10669,10670,10669,1
2019-07-03,16:10:11.608000,10669,10670,10670,1
2019-07-03,16:10:11.608000,10669,10670,10670,1
2019-07-03,16:10:11.608000,10669,10670,10670,1
2019-07-03,16:10:11.618000,10669,10670,10670,1
2019-07-03,16:10:14.581000,10669,10670,10669,1
2019-07-03,16:10:16.463000,10669,10670,10670,1
2019-07-03,16:10:18.290000,10669,10670,10670,1
2019-07-03,16:10:18.613000,10669,10670,10670,1
2019-07-03,16:10:19.154000,10669,10670,10670,1
2019-07-03,16:10:19.455000,10669,10670,10670,1
2019-07-03,16:10:20.169000,10669,10670,10669,1
2019-07-03,16:10:32.596000,10669,10670,10669,1
2019-07-03,16:10:36.512000,10669,10670,10669,1
2019-07-03,16:10:37.281000,10669,10670,10670,1
2019-07-03,16:10:38.551000,10669,10670,10669,1
2019-07-03,16:10:41.647000,10669,10670,10669,1
2019-07-03,16:10:42.181000,10669,10670,10669,2
2019-07-03,16:10:42.436000,10669,10670,10670,1
2019-07-03,16:10:44.530000,10669,10670,10669,1
2019-07-03,16:10:47.310000,10669,10670,10670,2
2019-07-03,16:10:49.687000,10669,10670,10670,1
2019-07-03,16:10:50.098000,10669,10670,10670,1
2019-07-03,16:10:50.194000,10669,10670,10670,1
2019-07-03,16:10:50.411000,10669,10670,10670,1
2019-07-03,16:10:50.717000,10669,10670,10670,1
2019-07-03,16:10:52.309000,10669,10670,10670,1
2019-07-03,16:10:56.275000,10669,10670,10669,1
2019-07-03,16:10:57.204000,10669,10670,10670,8
2019-07-03,16:10:57.355000,10669,10670,10670,1
2019-07-03,16:10:57.470000,10669,10670,10670,4
2019-07-03,16:10:59.507000,10669,10670,10670,5
2019-07-03,16:10:59.594000,10669,10670,10670,2
2019-07-03,16:10:59.594000,10669,10670,10670,2
2019-07-03,16:11:00.053000,10669,10670,10670,1
2019-07-03,16:11:00.168000,10669,10670,10670,1
2019-07-03,16:11:00.252000,10669,10670,10670,1
2019-07-03,16:11:00.381000,10669,10670,10670,1
2019-07-03,16:11:00.661000,10669,10670,10670,6
2019-07-03,16:11:02.745000,10670,10671,10671,3
2019-07-03,16:11:06.918000,10670,10671,10671,20
2019-07-03,16:11:09.269000,10671,10672,10671,1
2019-07-03,16:11:09.334000,10671,10672,10672,20
2019-07-03,16:11:09.629000,10671,10672,10672,1
2019-07-03,16:11:09.651000,10671,10672,10672,2
2019-07-03,16:11:09.661000,10671,10672,10672,1
2019-07-03,16:11:09.930000,10671,10672,10672,2
2019-07-03,16:11:11.951000,10671,10672,10671,1
2019-07-03,16:11:15.086000,10671,10672,10672,1
2019-07-03,16:11:15.736000,10671,10672,10672,5
2019-07-03,16:11:16.908000,10671,10672,10671,1
2019-07-03,16:11:16.929000,10671,10672,10672,1
2019-07-03,16:11:16.971000,10671,10672,10671,1
2019-07-03,16:11:18.395000,10671,10672,10671,4
2019-07-03,16:11:18.395000,10671,10672,10671,2
2019-07-03,16:11:18.396000,10671,10672,10671,2
2019-07-03,16:11:19.358000,10670,10671,10671,1
2019-07-03,16:11:22.416000,10670,10671,10671,10
2019-07-03,16:11:23.323000,10670,10671,10671,1
2019-07-03,16:11:24.080000,10670,10671,10671,1
2019-07-03,16:11:27.271000,10670,10671,10671,1
2019-07-03,16:11:27.581000,10670,10671,10671,1
2019-07-03,16:11:27.594000,10671,10672,10671,1
2019-07-03,16:11:27.890000,10670,10671,10671,1
2019-07-03,16:11:28.094000,10671,10672,10671,1
2019-07-03,16:11:32.702000,10670,10671,10671,2
2019-07-03,16:11:32.788000,10670,10671,10671,1
2019-07-03,16:11:33.021000,10670,10671,10671,2
2019-07-03,16:11:33.648000,10670,10671,10671,2
2019-07-03,16:11:37.760000,10670,10671,10671,1
2019-07-03,16:11:38.070000,10670,10671,10671,1
2019-07-03,16:11:41.042000,10671,10672,10672,5
2019-07-03,16:11:43.309000,10671,10672,10672,1
2019-07-03,16:11:43.750000,10671,10672,10671,1
2019-07-03,16:11:44.447000,10671,10672,10671,5
2019-07-03,16:11:45.200000,10671,10672,10671,2
2019-07-03,16:11:46.863000,10671,10672,10671,1
2019-07-03,16:11:48.938000,10671,10672,10671,1
2019-07-03,16:11:57.157000,10671,10672,10671,10
2019-07-03,16:11:58.556000,10671,10672,10672,1
2019-07-03,16:11:59.073000,10671,10672,10671,5
2019-07-03,16:12:03.176000,10671,10672,10671,1
2019-07-03,16:12:03.500000,10671,10672,10672,2
2019-07-03,16:12:03.819000,10671,10672,10672,6
2019-07-03,16:12:03.895000,10671,10672,10672,1
2019-07-03,16:12:04.229000,10671,10672,10672,1
2019-07-03,16:12:04.258000,10671,10672,10672,1
2019-07-03,16:12:04.601000,10671,10672,10671,2
2019-07-03,16:12:04.643000,10671,10672,10671,1
2019-07-03,16:12:04.748000,10671,10672,10672,2
2019-07-03,16:12:04.748000,10671,10672,10672,1
2019-07-03,16:12:04.748000,10671,10672,10672,1
2019-07-03,16:12:04.749000,10671,10672,10672,2
2019-07-03,16:12:04.749000,10671,10672,10672,1
2019-07-03,16:12:04.773000,10671,10672,10672,1
2019-07-03,16:12:05.037000,10671,10672,10672,3
2019-07-03,16:12:07.652000,10671,10672,10671,1
2019-07-03,16:12:08.998000,10671,10672,10672,1
2019-07-03,16:12:15.743000,10671,10672,10672,2
2019-07-03,16:12:16.024000,10671,10672,10672,1
2019-07-03,16:12:24.219000,10671,10672,10671,7
2019-07-03,16:12:24.470000,10670,10671,10671,2
2019-07-03,16:12:24.597000,10670,10671,10671,1
2019-07-03,16:12:24.699000,10670,10671,10671,4
2019-07-03,16:12:24.810000,10670,10671,10671,2
2019-07-03,16:12:24.927000,10670,10671,10671,1
2019-07-03,16:12:25.011000,10670,10671,10671,1
2019-07-03,16:12:25.041000,10670,10671,10671,1
2019-07-03,16:12:26.461000,10670,10671,10671,1
2019-07-03,16:12:31.521000,10670,10671,10671,3
2019-07-03,16:12:32.181000,10670,10671,10670,1
2019-07-03,16:12:35.785000,10670,10671,10671,3
2019-07-03,16:12:37.282000,10670,10671,10670,1
2019-07-03,16:12:37.829000,10670,10671,10671,3
2019-07-03,16:12:42.813000,10670,10671,10671,1
2019-07-03,16:12:47.738000,10670,10671,10671,1
2019-07-03,16:12:48.294000,10670,10671,10670,1
2019-07-03,16:12:48.344000,10670,10671,10670,15
2019-07-03,16:12:48.912000,10669,10670,10670,1
2019-07-03,16:12:49.228000,10669,10671,10670,1
2019-07-03,16:12:50.839000,10669,10670,10670,1
2019-07-03,16:12:51.142000,10669,10670,10670,1
2019-07-03,16:12:54.992000,10669,10670,10669,1
2019-07-03,16:12:56.511000,10669,10670,10670,1
2019-07-03,16:12:57.340000,10669,10671,10671,1
2019-07-03,16:12:58.506000,10669,10670,10670,1
2019-07-03,16:12:59.026000,10669,10671,10671,1
2019-07-03,16:13:03.184000,10669,10670,10670,1
2019-07-03,16:13:05.977000,10670,10671,10670,2
2019-07-03,16:13:05.977000,10670,10671,10669,8
2019-07-03,16:13:06.025000,10670,10671,10669,5
2019-07-03,16:13:06.219000,10669,10670,10670,1
2019-07-03,16:13:09.146000,10669,10670,10669,1
2019-07-03,16:13:10.664000,10669,10670,10670,1
2019-07-03,16:13:10.924000,10669,10670,10670,2
2019-07-03,16:13:16.804000,10669,10670,10669,7
2019-07-03,16:13:16.804000,10669,10670,10668,1
2019-07-03,16:13:19.475000,10668,10669,10669,1
2019-07-03,16:13:23.344000,10668,10669,10669,1
2019-07-03,16:13:24.043000,10668,10669,10669,1
2019-07-03,16:13:26.979000,10668,10669,10669,2
2019-07-03,16:13:31.734000,10669,10670,10669,1
2019-07-03,16:13:31.748000,10669,10670,10670,5
2019-07-03,16:13:35.532000,10669,10670,10670,1
2019-07-03,16:13:37.985000,10669,10670,10669,2
2019-07-03,16:13:39.849000,10669,10670,10669,1
2019-07-03,16:13:44.896000,10669,10670,10669,1
2019-07-03,16:13:47.230000,10669,10670,10669,1
2019-07-03,16:13:56.465000,10669,10670,10669,5
2019-07-03,16:13:56.469000,10669,10670,10669,7
2019-07-03,16:13:58.041000,10668,10670,10669,1
2019-07-03,16:13:59.387000,10668,10669,10669,1
2019-07-03,16:13:59.597000,10668,10669,10669,1
2019-07-03,16:14:00.736000,10668,10670,10670,1
2019-07-03,16:14:08.141000,10669,10670,10670,10
2019-07-03,16:14:10.150000,10669,10670,10669,1
2019-07-03,16:14:10.248000,10669,10670,10670,2
2019-07-03,16:14:10.248000,10669,10670,10670,1
2019-07-03,16:14:10.249000,10669,10670,10670,2
2019-07-03,16:14:10.340000,10669,10670,10670,1
2019-07-03,16:14:10.438000,10669,10670,10670,1
2019-07-03,16:14:10.439000,10669,10670,10670,1
2019-07-03,16:14:10.439000,10669,10670,10670,1
2019-07-03,16:14:14.785000,10669,10670,10670,1
2019-07-03,16:14:19.738000,10669,10670,10669,1
2019-07-03,16:14:25.548000,10669,10670,10669,1
2019-07-03,16:14:26.344000,10669,10670,10669,1
2019-07-03,16:14:32.279000,10668,10669,10669,9
2019-07-03,16:14:32.279000,10668,10669,10670,1
2019-07-03,16:14:32.374000,10668,10670,10668,1
2019-07-03,16:14:32.496000,10668,10670,10668,1
2019-07-03,16:14:43.657000,10668,10669,10668,1
2019-07-03,16:14:46.211000,10668,10669,10668,1
2019-07-03,16:14:51.053000,10668,10669,10668,3
2019-07-03,16:14:55.516000,10668,10669,10668,1
2019-07-03,16:14:56.049000,10668,10669,10668,1
2019-07-03,16:14:56.703000,10668,10669,10668,8
2019-07-03,16:14:58.256000,10668,10669,10668,1
2019-07-03,16:15:00.754000,10668,10669,10669,10
2019-07-03,16:15:00.844000,10668,10669,10669,1
2019-07-03,16:15:01.369000,10669,10670,10670,2
2019-07-03,16:15:02.028000,10669,10670,10669,1
2019-07-03,16:15:02.628000,10669,10670,10670,1
2019-07-03,16:15:05.481000,10669,10670,10669,1
2019-07-03,16:15:09.836000,10669,10670,10669,1
2019-07-03,16:15:13.596000,10668,10669,10668,1
2019-07-03,16:15:13.791000,10668,10669,10669,1
2019-07-03,16:15:17.266000,10668,10669,10669,1
2019-07-03,16:16:01.625000,10668,10669,10669,1
2019-07-03,16:16:03.985000,10668,10669,10669,2
2019-07-03,16:16:05.152000,10668,10669,10668,1
2019-07-03,16:16:06.306000,10668,10669,10668,1
2019-07-03,16:16:18.058000,10668,10669,10668,1
2019-07-03,16:16:18.257000,10668,10669,10668,5
2019-07-03,16:16:18.344000,10668,10669,10668,7
2019-07-03,16:16:18.469000,10668,10669,10668,10
2019-07-03,16:16:18.594000,10668,10669,10668,1
2019-07-03,16:16:23.650000,10667,10668,10668,2
2019-07-03,16:16:25.435000,10667,10669,10667,1
2019-07-03,16:16:29.363000,10667,10668,10667,1
2019-07-03,16:16:30.423000,10667,10668,10667,1
2019-07-03,16:16:31.665000,10667,10668,10667,1
2019-07-03,16:16:35.839000,10667,10668,10668,1
2019-07-03,16:16:36.256000,10667,10668,10668,1
2019-07-03,16:16:36.566000,10667,10668,10668,1
2019-07-03,16:16:36.876000,10667,10668,10668,1
2019-07-03,16:16:37.183000,10667,10668,10668,1
2019-07-03,16:16:37.497000,10667,10668,10668,1
2019-07-03,16:16:37.807000,10667,10668,10668,1
2019-07-03,16:16:38.216000,10667,10668,10668,1
2019-07-03,16:16:38.528000,10667,10668,10668,1
2019-07-03,16:16:40.537000,10667,10668,10667,1
2019-07-03,16:16:41.015000,10667,10668,10668,5
2019-07-03,16:16:41.094000,10667,10668,10668,1
2019-07-03,16:16:42.600000,10668,10669,10668,1
2019-07-03,16:16:43.830000,10668,10669,10668,1
2019-07-03,16:16:44.053000,10668,10669,10668,1
2019-07-03,16:16:45.133000,10668,10669,10668,1
2019-07-03,16:16:48.571000,10668,10669,10668,5
2019-07-03,16:16:52.199000,10668,10669,10668,1
2019-07-03,16:16:52.512000,10668,10669,10669,4
2019-07-03,16:16:58.694000,10668,10669,10668,1
2019-07-03,16:17:09.032000,10668,10669,10669,16
2019-07-03,16:17:12.133000,10669,10670,10669,1
2019-07-03,16:17:13.339000,10669,10670,10670,1
2019-07-03,16:17:19.659000,10669,10670,10670,2
2019-07-03,16:17:20.031000,10669,10670,10670,1
2019-07-03,16:17:55.108000,10669,10670,10670,1
2019-07-03,16:18:04.190000,10669,10670,10670,2
2019-07-03,16:18:04.296000,10669,10670,10670,4
2019-07-03,16:18:04.522000,10669,10670,10670,2
2019-07-03,16:18:04.748000,10669,10670,10670,6
2019-07-03,16:18:04.870000,10669,10670,10670,1
2019-07-03,16:18:05.144000,10669,10670,10670,1
2019-07-03,16:18:11.849000,10669,10670,10670,1
2019-07-03,16:18:17.293000,10669,10670,10670,1
2019-07-03,16:18:21.157000,10669,10670,10670,1
2019-07-03,16:18:27.168000,10669,10670,10670,1
2019-07-03,16:18:30.051000,10669,10670,10670,7
2019-07-03,16:18:30.094000,10669,10670,10670,2
2019-07-03,16:18:36.086000,10670,10671,10670,1
2019-07-03,16:18:36.088000,10670,10671,10670,2
2019-07-03,16:18:50.390000,10669,10670,10670,1
2019-07-03,16:18:51.654000,10669,10670,10669,1
2019-07-03,16:18:59.984000,10669,10670,10670,2
2019-07-03,16:19:00.176000,10669,10670,10669,1
2019-07-03,16:19:01.837000,10669,10670,10670,1
2019-07-03,16:19:03.438000,10669,10670,10670,2
2019-07-03,16:19:05.361000,10669,10670,10670,1
2019-07-03,16:19:07.757000,10669,10670,10670,1
2019-07-03,16:19:30.512000,10669,10670,10670,2
2019-07-03,16:19:44.161000,10669,10670,10670,2
2019-07-03,16:19:45.977000,10669,10670,10669,1
2019-07-03,16:19:54.500000,10669,10670,10669,1
2019-07-03,16:20:02.878000,10669,10670,10670,1
2019-07-03,16:20:03.238000,10669,10670,10670,1
2019-07-03,16:20:06.219000,10669,10670,10669,11
2019-07-03,16:20:06.589000,10668,10669,10669,1
2019-07-03,16:20:08.324000,10668,10669,10668,1
2019-07-03,16:20:08.325000,10668,10669,10668,4
2019-07-03,16:20:08.325000,10668,10669,10668,6
2019-07-03,16:20:08.326000,10668,10669,10668,4
2019-07-03,16:20:14.256000,10667,10669,10669,3
2019-07-03,16:20:17.814000,10668,10669,10668,1
2019-07-03,16:20:18.036000,10668,10669,10668,1
2019-07-03,16:20:20.543000,10668,10669,10668,1
2019-07-03,16:20:22.607000,10668,10669,10668,1
2019-07-03,16:20:23.142000,10668,10669,10668,1
2019-07-03,16:20:27.046000,10668,10669,10668,3
2019-07-03,16:20:27.271000,10668,10669,10668,1
2019-07-03,16:20:28.683000,10668,10669,10668,1
2019-07-03,16:20:28.850000,10668,10669,10668,1
2019-07-03,16:20:28.864000,10668,10669,10668,1
2019-07-03,16:20:29.678000,10668,10669,10668,1
2019-07-03,16:20:29.957000,10668,10669,10668,1
2019-07-03,16:20:32.635000,10668,10669,10668,1
2019-07-03,16:20:32.690000,10668,10669,10668,2
2019-07-03,16:20:36.900000,10667,10668,10668,3
2019-07-03,16:20:43.315000,10667,10668,10668,5
2019-07-03,16:20:57.962000,10667,10668,10668,5
2019-07-03,16:21:04.279000,10668,10669,10668,1
2019-07-03,16:21:06.675000,10668,10669,10668,1
2019-07-03,16:21:13.773000,10668,10669,10668,1
2019-07-03,16:21:13.911000,10668,10669,10668,1
2019-07-03,16:21:22.904000,10668,10669,10668,1
2019-07-03,16:21:24.952000,10668,10669,10668,1
2019-07-03,16:21:30.206000,10668,10669,10668,3
2019-07-03,16:21:35.102000,10668,10669,10668,5
2019-07-03,16:21:36.909000,10667,10669,10667,2
2019-07-03,16:21:39.725000,10667,10668,10667,2
2019-07-03,16:21:40.131000,10667,10668,10667,3
2019-07-03,16:21:43.958000,10667,10668,10667,5
2019-07-03,16:21:53.301000,10667,10668,10667,2
2019-07-03,16:22:00.838000,10667,10668,10667,1
2019-07-03,16:22:02.389000,10667,10668,10668,3
2019-07-03,16:22:45.568000,10667,10668,10668,1
2019-07-03,16:22:51.760000,10667,10668,10667,2
2019-07-03,16:22:58.917000,10667,10668,10667,1
2019-07-03,16:23:02.503000,10667,10668,10667,1
2019-07-03,16:23:16.534000,10667,10668,10668,1
2019-07-03,16:23:54.465000,10667,10668,10667,1
2019-07-03,16:24:12.453000,10667,10668,10667,3
2019-07-03,16:24:12.736000,10667,10668,10668,6
2019-07-03,16:24:12.803000,10667,10668,10668,2
2019-07-03,16:24:13.219000,10667,10668,10668,1
2019-07-03,16:24:13.418000,10667,10668,10668,5
2019-07-03,16:24:13.469000,10667,10668,10668,14
2019-07-03,16:24:13.594000,10668,10669,10668,3
2019-07-03,16:24:13.777000,10667,10669,10668,1
2019-07-03,16:24:14.049000,10667,10668,10668,2
2019-07-03,16:24:17.490000,10667,10668,10667,1
2019-07-03,16:24:22.906000,10667,10668,10668,1
2019-07-03,16:24:26.393000,10667,10668,10668,1
2019-07-03,16:24:44.112000,10667,10668,10668,1
2019-07-03,16:24:51.897000,10667,10668,10667,1
2019-07-03,16:24:52.845000,10667,10668,10668,8
2019-07-03,16:24:54.032000,10668,10669,10668,1
2019-07-03,16:24:56.814000,10668,10669,10668,1
2019-07-03,16:25:28.227000,10667,10668,10667,1
2019-07-03,16:25:47.727000,10667,10668,10667,1
2019-07-03,16:26:00.956000,10667,10668,10667,1
2019-07-03,16:26:05.063000,10667,10668,10667,3
2019-07-03,16:26:07.961000,10667,10668,10668,1
2019-07-03,16:26:09.785000,10667,10668,10667,1
2019-07-03,16:26:23.219000,10667,10668,10667,1
2019-07-03,16:26:28.088000,10667,10668,10667,1
2019-07-03,16:26:28.247000,10667,10668,10667,1
2019-07-03,16:26:28.891000,10667,10668,10667,1
2019-07-03,16:26:28.892000,10667,10668,10667,1
2019-07-03,16:26:28.894000,10667,10668,10667,1
2019-07-03,16:26:35.107000,10667,10668,10668,1
2019-07-03,16:26:35.229000,10667,10668,10668,1
2019-07-03,16:26:41.085000,10667,10668,10668,1
2019-07-03,16:26:41.196000,10667,10668,10668,1
2019-07-03,16:26:41.506000,10667,10668,10668,1
2019-07-03,16:26:41.815000,10667,10668,10668,1
2019-07-03,16:26:42.126000,10667,10668,10668,1
2019-07-03,16:26:42.441000,10667,10668,10668,1
2019-07-03,16:26:42.759000,10667,10668,10668,1
2019-07-03,16:26:43.064000,10667,10668,10668,1
2019-07-03,16:26:43.376000,10667,10668,10668,1
2019-07-03,16:26:43.682000,10667,10668,10668,1
2019-07-03,16:26:43.992000,10667,10668,10668,1
2019-07-03,16:26:44.289000,10667,10668,10668,1
2019-07-03,16:26:51.173000,10667,10668,10668,1
2019-07-03,16:26:51.173000,10667,10668,10668,1
2019-07-03,16:26:51.173000,10667,10668,10668,2
2019-07-03,16:26:51.173000,10667,10668,10668,2
2019-07-03,16:26:59.485000,10668,10669,10668,1
2019-07-03,16:26:59.926000,10668,10669,10668,3
2019-07-03,16:27:05.933000,10668,10669,10668,1
2019-07-03,16:27:47.197000,10668,10669,10669,1
2019-07-03,16:27:51.096000,10668,10669,10668,1
2019-07-03,16:27:51.219000,10668,10669,10668,1
2019-07-03,16:27:51.344000,10668,10669,10668,1
2019-07-03,16:28:03.260000,10668,10669,10668,2
2019-07-03,16:28:12.075000,10668,10669,10668,1
2019-07-03,16:28:15.480000,10668,10669,10668,1
2019-07-03,16:28:48.840000,10668,10669,10668,1
2019-07-03,16:29:17.569000,10668,10669,10668,8
2019-07-03,16:29:17.570000,10668,10669,10668,6
2019-07-03,16:29:17.594000,10668,10669,10668,1
2019-07-03,16:29:29.041000,10667,10668,10668,1
2019-07-03,16:29:51.034000,10667,10668,10668,2
2019-07-03,16:30:00.035000,10667,10668,10668,1
2019-07-03,16:30:00.035000,10667,10668,10667,3
2019-07-03,16:30:01.362000,10667,10668,10668,2
2019-07-03,16:30:01.400000,10667,10668,10668,1
2019-07-03,16:30:01.425000,10667,10668,10668,1
2019-07-03,16:30:02.071000,10667,10668,10667,2
2019-07-03,16:30:03.549000,10667,10668,10668,2
2019-07-03,16:30:03.590000,10667,10668,10668,1
2019-07-03,16:30:07.070000,10667,10668,10667,1
2019-07-03,16:30:11.814000,10667,10668,10667,1
2019-07-03,16:30:12.678000,10667,10668,10667,34
2019-07-03,16:30:26.709000,10666,10667,10667,5
2019-07-03,16:30:32.140000,10666,10667,10667,1
2019-07-03,16:30:48.179000,10666,10667,10666,1
2019-07-03,16:30:51.607000,10666,10667,10666,1
2019-07-03,16:30:51.880000,10666,10667,10667,1
2019-07-03,16:30:53.126000,10666,10667,10666,1
2019-07-03,16:30:53.785000,10666,10667,10666,1
2019-07-03,16:30:58.816000,10666,10667,10666,2
2019-07-03,16:30:58.822000,10666,10667,10666,1
2019-07-03,16:31:02.032000,10666,10667,10666,1
2019-07-03,16:31:02.945000,10666,10667,10666,2
2019-07-03,16:31:09.575000,10666,10667,10666,1
2019-07-03,16:31:10.411000,10666,10667,10666,1
2019-07-03,16:31:17.845000,10666,10667,10666,4
2019-07-03,16:31:19.706000,10666,10667,10666,1
2019-07-03,16:31:19.826000,10666,10667,10666,1
2019-07-03,16:31:40.875000,10666,10667,10666,1
2019-07-03,16:31:44.971000,10666,10667,10666,1
2019-07-03,16:31:53.120000,10666,10667,10666,1
2019-07-03,16:31:54.618000,10666,10667,10667,11
2019-07-03,16:31:54.619000,10666,10667,10667,4
2019-07-03,16:31:54.633000,10666,10667,10667,5
2019-07-03,16:31:54.633000,10666,10667,10667,1
2019-07-03,16:31:54.788000,10667,10668,10668,4
2019-07-03,16:31:54.821000,10667,10668,10668,2
2019-07-03,16:31:55.201000,10667,10668,10668,4
2019-07-03,16:31:55.219000,10667,10668,10668,7
2019-07-03,16:32:13.145000,10667,10668,10668,1
2019-07-03,16:32:29.673000,10667,10668,10667,2
2019-07-03,16:32:38.171000,10667,10668,10667,1
2019-07-03,16:33:18.643000,10667,10668,10667,1
2019-07-03,16:33:19.314000,10667,10668,10667,1
2019-07-03,16:33:22.170000,10667,10668,10667,2
2019-07-03,16:33:33.067000,10667,10668,10667,1
2019-07-03,16:33:36.646000,10667,10668,10667,1
2019-07-03,16:33:48.630000,10667,10668,10667,1
2019-07-03,16:33:55.153000,10667,10668,10667,1
2019-07-03,16:34:07.345000,10667,10668,10668,1
2019-07-03,16:34:07.411000,10667,10668,10668,1
2019-07-03,16:34:07.469000,10667,10668,10668,1
2019-07-03,16:34:07.469000,10667,10668,10668,1
2019-07-03,16:34:07.644000,10667,10668,10668,1
2019-07-03,16:34:07.762000,10667,10668,10668,1
2019-07-03,16:34:09.214000,10667,10668,10667,1
2019-07-03,16:34:10.250000,10667,10668,10668,1
2019-07-03,16:34:18.842000,10667,10668,10667,4
2019-07-03,16:34:21.279000,10667,10668,10668,4
2019-07-03,16:34:25.802000,10667,10668,10668,1
2019-07-03,16:34:36.619000,10667,10668,10668,1
2019-07-03,16:34:44.231000,10667,10668,10668,1
2019-07-03,16:35:03.864000,10667,10668,10668,1
2019-07-03,16:35:23.660000,10667,10668,10667,1
2019-07-03,16:35:24.299000,10667,10668,10667,1
2019-07-03,16:35:31.948000,10667,10668,10667,1
2019-07-03,16:35:49.195000,10667,10668,10668,1
2019-07-03,16:36:09.357000,10667,10668,10668,1
2019-07-03,16:36:27.760000,10667,10668,10668,9
2019-07-03,16:36:27.844000,10667,10668,10668,4
2019-07-03,16:36:30.718000,10668,10669,10668,1
2019-07-03,16:36:44.458000,10668,10669,10668,2
2019-07-03,16:36:53.622000,10668,10669,10668,3
2019-07-03,16:36:59.787000,10668,10669,10668,1
2019-07-03,16:36:59.885000,10668,10669,10668,9
2019-07-03,16:36:59.888000,10668,10669,10668,1
2019-07-03,16:37:28.877000,10668,10669,10668,2
2019-07-03,16:37:33.112000,10668,10669,10668,3
2019-07-03,16:37:41.419000,10668,10669,10668,2
2019-07-03,16:37:41.508000,10668,10669,10668,4
2019-07-03,16:37:41.511000,10668,10669,10668,2
2019-07-03,16:37:41.594000,10667,10668,10668,1
2019-07-03,16:37:41.596000,10667,10668,10668,3
2019-07-03,16:37:56.644000,10668,10669,10669,20
2019-07-03,16:38:00.167000,10669,10670,10669,1
2019-07-03,16:38:03.331000,10669,10670,10669,1
2019-07-03,16:38:05.656000,10669,10670,10669,1
2019-07-03,16:38:06.977000,10669,10670,10669,1
2019-07-03,16:38:12.458000,10669,10670,10669,2
2019-07-03,16:38:22.277000,10669,10670,10670,1
2019-07-03,16:38:24.788000,10669,10670,10669,2
2019-07-03,16:38:24.967000,10669,10670,10670,1
2019-07-03,16:38:27.797000,10669,10670,10669,1
2019-07-03,16:38:31.151000,10669,10670,10669,2
2019-07-03,16:38:33.620000,10669,10670,10670,2
2019-07-03,16:38:36.549000,10669,10670,10669,2
2019-07-03,16:38:49.520000,10669,10670,10670,2
2019-07-03,16:38:57.894000,10669,10670,10669,2
2019-07-03,16:39:15.090000,10669,10670,10670,1
2019-07-03,16:39:28.649000,10669,10670,10670,1
2019-07-03,16:39:31.679000,10669,10670,10670,1
2019-07-03,16:39:41.852000,10669,10670,10670,1
2019-07-03,16:39:45.887000,10669,10670,10669,12
2019-07-03,16:40:05.908000,10669,10670,10670,1
2019-07-03,16:40:06.574000,10669,10670,10670,1
2019-07-03,16:40:09.558000,10669,10670,10670,2
2019-07-03,16:40:18.288000,10669,10670,10670,1
2019-07-03,16:40:27.233000,10669,10670,10670,1
2019-07-03,16:40:28.956000,10669,10670,10670,1
2019-07-03,16:40:43.136000,10669,10670,10670,15
2019-07-03,16:40:47.121000,10669,10670,10670,1
2019-07-03,16:40:47.711000,10669,10670,10669,1
2019-07-03,16:41:14.394000,10669,10670,10670,1
2019-07-03,16:41:26.157000,10669,10670,10670,2
2019-07-03,16:41:51.376000,10669,10670,10669,1
2019-07-03,16:41:57.240000,10669,10670,10669,1
2019-07-03,16:41:57.388000,10669,10670,10669,1
2019-07-03,16:41:58.052000,10669,10670,10670,2
2019-07-03,16:42:03.084000,10669,10670,10669,2
2019-07-03,16:42:36.370000,10669,10670,10669,1
2019-07-03,16:42:40.606000,10669,10670,10669,1
2019-07-03,16:42:40.606000,10669,10670,10669,2
2019-07-03,16:42:40.606000,10669,10670,10669,1
2019-07-03,16:42:40.606000,10669,10670,10669,1
2019-07-03,16:42:40.606000,10669,10670,10669,1
2019-07-03,16:42:40.607000,10669,10670,10669,3
2019-07-03,16:42:40.607000,10669,10670,10669,14
2019-07-03,16:42:40.607000,10669,10670,10669,1
2019-07-03,16:42:40.607000,10669,10670,10669,1
2019-07-03,16:42:56.042000,10668,10669,10668,1
2019-07-03,16:43:16.613000,10668,10669,10668,2
2019-07-03,16:43:25.541000,10668,10669,10669,5
2019-07-03,16:43:46.893000,10668,10669,10668,1
2019-07-03,16:44:05.162000,10668,10669,10669,1
2019-07-03,16:44:13.644000,10668,10669,10669,4
2019-07-03,16:44:16.805000,10669,10670,10670,1
2019-07-03,16:44:18.411000,10669,10670,10670,5
2019-07-03,16:44:18.411000,10669,10670,10670,2
2019-07-03,16:44:18.413000,10669,10670,10670,1
2019-07-03,16:44:18.413000,10669,10670,10670,2
2019-07-03,16:44:18.421000,10669,10670,10670,2
2019-07-03,16:44:18.434000,10669,10670,10670,1
2019-07-03,16:44:18.434000,10669,10670,10670,3
2019-07-03,16:44:18.469000,10669,10670,10670,4
2019-07-03,16:44:18.469000,10669,10670,10670,18
2019-07-03,16:44:18.469000,10669,10670,10670,3
2019-07-03,16:44:26.798000,10670,10671,10670,1
2019-07-03,16:44:34.212000,10670,10671,10671,3
2019-07-03,16:44:35.278000,10670,10671,10671,1
2019-07-03,16:44:48.233000,10670,10671,10671,20
2019-07-03,16:44:50.533000,10671,10672,10671,1
2019-07-03,16:44:54.119000,10671,10672,10671,1
2019-07-03,16:45:04.190000,10671,10672,10672,1
2019-07-03,16:45:04.377000,10671,10672,10672,1
2019-07-03,16:45:04.505000,10671,10672,10672,1
2019-07-03,16:45:04.825000,10671,10672,10672,2
2019-07-03,16:45:04.850000,10671,10672,10672,3
2019-07-03,16:45:04.853000,10671,10672,10672,2
2019-07-03,16:45:04.859000,10671,10672,10672,1
2019-07-03,16:45:04.863000,10671,10672,10672,1
2019-07-03,16:45:04.866000,10671,10672,10672,1
2019-07-03,16:45:04.866000,10671,10672,10672,2
2019-07-03,16:45:04.868000,10671,10672,10672,2
2019-07-03,16:45:04.891000,10671,10672,10672,2
2019-07-03,16:45:04.906000,10671,10672,10672,3
2019-07-03,16:45:06.072000,10671,10673,10673,1
2019-07-03,16:45:06.499000,10672,10673,10673,1
2019-07-03,16:45:06.590000,10672,10673,10673,2
2019-07-03,16:45:31.515000,10672,10673,10673,1
2019-07-03,16:45:32.718000,10672,10673,10673,1
2019-07-03,16:45:37.059000,10672,10673,10673,1
2019-07-03,16:45:39.219000,10672,10673,10672,4
2019-07-03,16:45:39.802000,10671,10672,10671,1
2019-07-03,16:45:40.219000,10671,10672,10671,11
2019-07-03,16:45:42.094000,10670,10671,10671,1
2019-07-03,16:45:43.251000,10670,10671,10671,2
2019-07-03,16:45:44.433000,10670,10672,10670,1
2019-07-03,16:45:45.519000,10670,10672,10670,1
2019-07-03,16:45:55.852000,10670,10671,10671,1
2019-07-03,16:45:57.105000,10671,10672,10671,1
2019-07-03,16:46:09.275000,10670,10671,10671,1
2019-07-03,16:46:09.468000,10671,10672,10671,1
2019-07-03,16:46:15.465000,10670,10671,10671,2
2019-07-03,16:46:38.889000,10670,10671,10670,5
2019-07-03,16:47:06.278000,10670,10671,10671,6
2019-07-03,16:47:29.561000,10670,10671,10671,2
2019-07-03,16:47:36.562000,10670,10671,10671,1
2019-07-03,16:47:40.180000,10670,10671,10670,2
2019-07-03,16:47:50.950000,10670,10671,10670,5
2019-07-03,16:47:58.048000,10670,10671,10670,1
2019-07-03,16:48:09.208000,10670,10671,10670,1
2019-07-03,16:48:11.382000,10670,10671,10671,1
2019-07-03,16:48:12.388000,10670,10671,10670,1
2019-07-03,16:48:14.132000,10670,10671,10671,1
2019-07-03,16:48:33.368000,10670,10671,10671,1
2019-07-03,16:48:33.913000,10670,10671,10671,1
2019-07-03,16:48:35.731000,10670,10671,10670,1
2019-07-03,16:49:07.633000,10670,10671,10670,1
2019-07-03,16:49:14.374000,10670,10671,10670,2
2019-07-03,16:49:14.905000,10670,10671,10670,1
2019-07-03,16:49:25.373000,10670,10671,10670,1
2019-07-03,16:49:27.704000,10670,10671,10670,1
2019-07-03,16:49:27.719000,10670,10671,10670,8
2019-07-03,16:49:28.346000,10669,10670,10669,1
2019-07-03,16:49:42.060000,10669,10670,10669,6
2019-07-03,16:49:48.943000,10668,10669,10669,2
2019-07-03,16:49:48.983000,10668,10669,10669,1
2019-07-03,16:49:59.036000,10668,10669,10668,3
2019-07-03,16:49:59.105000,10668,10669,10669,1
2019-07-03,16:50:02.029000,10668,10669,10669,1
2019-07-03,16:50:02.243000,10668,10669,10669,1
2019-07-03,16:50:23.679000,10668,10669,10669,4
2019-07-03,16:50:36.869000,10669,10670,10669,1
2019-07-03,16:50:45.699000,10669,10670,10670,3
2019-07-03,16:50:47.453000,10669,10670,10669,1
2019-07-03,16:50:59.988000,10669,10670,10669,1
2019-07-03,16:51:04.123000,10669,10670,10669,1
2019-07-03,16:51:04.129000,10669,10670,10670,2
2019-07-03,16:51:04.806000,10669,10670,10670,2
2019-07-03,16:51:20.420000,10669,10670,10669,1
2019-07-03,16:51:22.528000,10669,10670,10670,1
2019-07-03,16:52:00.611000,10669,10670,10670,2
2019-07-03,16:52:00.719000,10669,10670,10670,5
2019-07-03,16:52:00.844000,10669,10670,10670,4
2019-07-03,16:52:00.844000,10669,10670,10670,2
2019-07-03,16:52:00.844000,10669,10670,10670,1
2019-07-03,16:52:26.622000,10670,10671,10670,1
2019-07-03,16:52:33.502000,10670,10671,10671,1
2019-07-03,16:52:47.080000,10670,10671,10671,1
2019-07-03,16:53:36.157000,10670,10671,10671,2
2019-07-03,16:53:46.585000,10670,10671,10671,1
2019-07-03,16:53:51.384000,10670,10671,10671,1
2019-07-03,16:54:00.760000,10670,10671,10671,1
2019-07-03,16:54:02.235000,10670,10671,10671,1
2019-07-03,16:54:20.047000,10670,10671,10671,1
2019-07-03,16:54:20.327000,10670,10671,10671,2
2019-07-03,16:54:21.954000,10670,10671,10671,1
2019-07-03,16:54:22.011000,10670,10671,10671,2
2019-07-03,16:54:22.082000,10670,10671,10671,1
2019-07-03,16:54:22.147000,10670,10671,10671,2
2019-07-03,16:54:23.259000,10670,10671,10671,2
2019-07-03,16:54:24.133000,10670,10671,10671,1
2019-07-03,16:54:25.492000,10670,10671,10671,1
2019-07-03,16:54:26.669000,10670,10671,10670,2
2019-07-03,16:54:28.393000,10670,10671,10671,1
2019-07-03,16:54:35.702000,10670,10671,10671,1
