2019-10-23,15:00:00.018000,11206,11207,11206,54
2019-10-23,15:00:00.290000,11206,11207,11207,2
2019-10-23,15:00:00.408000,11206,11207,11206,1
2019-10-23,15:00:00.874000,11206,11207,11206,2
2019-10-23,15:00:00.983000,11206,11207,11206,1
2019-10-23,15:00:00.991000,11206,11207,11206,1
2019-10-23,15:00:01.010000,11206,11207,11206,1
2019-10-23,15:00:01.028000,11206,11207,11206,1
2019-10-23,15:00:01.394000,11206,11207,11206,1
2019-10-23,15:00:01.412000,11206,11207,11207,2
2019-10-23,15:00:01.454000,11206,11207,11207,1
2019-10-23,15:00:01.454000,11206,11207,11207,2
2019-10-23,15:00:01.528000,11206,11208,11208,1
2019-10-23,15:00:01.529000,11206,11208,11208,1
2019-10-23,15:00:01.531000,11206,11208,11208,4
2019-10-23,15:00:01.539000,11206,11208,11208,1
2019-10-23,15:00:01.588000,11206,11208,11208,1
2019-10-23,15:00:01.794000,11207,11208,11207,1
2019-10-23,15:00:01.960000,11207,11209,11207,1
2019-10-23,15:00:01.997000,11207,11209,11207,1
2019-10-23,15:00:02.195000,11207,11209,11208,1
2019-10-23,15:00:02.397000,11208,11209,11208,1
2019-10-23,15:00:02.601000,11208,11209,11208,1
2019-10-23,15:00:02.601000,11208,11209,11207,8
2019-10-23,15:00:02.601000,11208,11209,11206,1
2019-10-23,15:00:02.797000,11207,11209,11207,1
2019-10-23,15:00:02.903000,11207,11209,11207,1
2019-10-23,15:00:02.920000,11207,11209,11207,1
2019-10-23,15:00:02.931000,11207,11209,11206,2
2019-10-23,15:00:02.954000,11207,11209,11207,2
2019-10-23,15:00:02.963000,11207,11209,11206,1
2019-10-23,15:00:02.982000,11207,11209,11206,1
2019-10-23,15:00:03.403000,11207,11208,11208,6
2019-10-23,15:00:04.945000,11207,11208,11207,4
2019-10-23,15:00:05.287000,11206,11207,11207,1
2019-10-23,15:00:05.335000,11206,11207,11207,1
2019-10-23,15:00:06.587000,11206,11207,11207,2
2019-10-23,15:00:06.680000,11206,11207,11207,5
2019-10-23,15:00:06.680000,11206,11207,11208,4
2019-10-23,15:00:07.155000,11206,11207,11207,1
2019-10-23,15:00:07.572000,11206,11207,11207,2
2019-10-23,15:00:09.239000,11207,11208,11208,3
2019-10-23,15:00:10.297000,11207,11208,11207,2
2019-10-23,15:00:12.635000,11206,11207,11207,1
2019-10-23,15:00:12.649000,11207,11208,11207,1
2019-10-23,15:00:12.673000,11207,11208,11206,1
2019-10-23,15:00:16.380000,11207,11208,11207,1
2019-10-23,15:00:16.894000,11207,11208,11207,1
2019-10-23,15:00:17.144000,11207,11208,11207,2
2019-10-23,15:00:17.755000,11206,11207,11207,1
2019-10-23,15:00:20.510000,11206,11207,11206,20
2019-10-23,15:00:21.019000,11206,11207,11206,1
2019-10-23,15:00:21.196000,11205,11206,11205,1
2019-10-23,15:00:23.407000,11205,11206,11206,9
2019-10-23,15:00:25.742000,11206,11207,11207,10
2019-10-23,15:00:31.378000,11206,11207,11207,1
2019-10-23,15:00:36.394000,11206,11207,11206,4
2019-10-23,15:00:36.394000,11206,11207,11205,1
2019-10-23,15:00:38.101000,11205,11207,11207,1
2019-10-23,15:00:44.973000,11205,11207,11207,1
2019-10-23,15:00:49.221000,11205,11207,11207,2
2019-10-23,15:00:49.362000,11205,11207,11205,1
2019-10-23,15:00:50.449000,11205,11206,11206,1
2019-10-23,15:00:51.818000,11206,11207,11206,1
2019-10-23,15:00:54.793000,11205,11206,11206,3
2019-10-23,15:00:57.414000,11205,11206,11206,3
2019-10-23,15:00:58.010000,11206,11207,11206,1
2019-10-23,15:00:59.141000,11206,11207,11206,1
2019-10-23,15:01:00.294000,11206,11207,11207,1
2019-10-23,15:01:01.323000,11206,11207,11206,2
2019-10-23,15:01:03.097000,11206,11207,11207,1
2019-10-23,15:01:03.539000,11206,11207,11206,1
2019-10-23,15:01:09.183000,11206,11207,11206,1
2019-10-23,15:01:10.496000,11206,11207,11207,1
2019-10-23,15:01:10.500000,11206,11207,11206,8
2019-10-23,15:01:14.970000,11206,11207,11206,1
2019-10-23,15:01:16.423000,11206,11207,11207,3
2019-10-23,15:01:16.809000,11206,11207,11207,5
2019-10-23,15:01:18.254000,11206,11207,11206,1
2019-10-23,15:01:18.338000,11206,11207,11207,2
2019-10-23,15:01:21.685000,11206,11207,11207,5
2019-10-23,15:01:24.302000,11206,11207,11207,2
2019-10-23,15:01:32.758000,11206,11207,11206,1
2019-10-23,15:01:42.018000,11206,11207,11206,1
2019-10-23,15:01:48.402000,11206,11207,11207,2
2019-10-23,15:01:49.984000,11206,11207,11207,1
2019-10-23,15:01:58.724000,11206,11207,11207,1
2019-10-23,15:01:58.763000,11206,11207,11207,4
2019-10-23,15:01:58.769000,11206,11207,11207,8
2019-10-23,15:01:58.878000,11206,11207,11206,10
2019-10-23,15:01:58.894000,11206,11207,11207,1
2019-10-23,15:02:02.184000,11207,11208,11208,4
2019-10-23,15:02:02.200000,11207,11208,11207,1
2019-10-23,15:02:02.805000,11207,11208,11207,1
2019-10-23,15:02:04.785000,11207,11208,11207,1
2019-10-23,15:02:07.026000,11207,11208,11208,1
2019-10-23,15:02:07.144000,11207,11208,11208,1
2019-10-23,15:02:08.832000,11207,11208,11208,2
2019-10-23,15:02:08.833000,11207,11208,11208,7
2019-10-23,15:02:12.762000,11208,11209,11209,13
2019-10-23,15:02:12.811000,11208,11209,11209,2
2019-10-23,15:02:12.855000,11208,11209,11209,2
2019-10-23,15:02:13.114000,11209,11210,11210,1
2019-10-23,15:02:13.214000,11209,11210,11209,1
2019-10-23,15:02:13.464000,11209,11210,11209,1
2019-10-23,15:02:16.757000,11209,11210,11210,10
2019-10-23,15:02:21.880000,11209,11210,11210,1
2019-10-23,15:02:22.191000,11209,11210,11209,1
2019-10-23,15:02:25.228000,11209,11210,11209,5
2019-10-23,15:02:25.660000,11209,11210,11209,2
2019-10-23,15:02:27.129000,11209,11210,11209,3
2019-10-23,15:02:27.144000,11209,11210,11209,1
2019-10-23,15:02:27.144000,11209,11210,11209,2
2019-10-23,15:02:35.356000,11207,11208,11208,1
2019-10-23,15:02:36.654000,11207,11208,11208,5
2019-10-23,15:02:37.263000,11207,11209,11209,1
2019-10-23,15:02:41.495000,11207,11209,11207,1
2019-10-23,15:02:48.095000,11207,11208,11207,1
2019-10-23,15:02:48.695000,11207,11208,11207,1
2019-10-23,15:03:00.104000,11207,11208,11208,2
2019-10-23,15:03:02.364000,11207,11208,11208,6
2019-10-23,15:03:03.158000,11207,11208,11208,2
2019-10-23,15:03:07.490000,11207,11208,11208,1
2019-10-23,15:03:11.715000,11207,11208,11208,4
2019-10-23,15:03:11.721000,11207,11208,11208,2
2019-10-23,15:03:11.729000,11207,11208,11208,2
2019-10-23,15:03:11.792000,11207,11208,11208,1
2019-10-23,15:03:11.807000,11207,11208,11208,1
2019-10-23,15:03:12.664000,11207,11208,11208,1
2019-10-23,15:03:15.266000,11207,11208,11207,5
2019-10-23,15:03:18.637000,11207,11208,11207,1
2019-10-23,15:03:21.695000,11207,11208,11207,2
2019-10-23,15:03:24.424000,11207,11208,11207,2
2019-10-23,15:03:25.836000,11207,11208,11207,1
2019-10-23,15:03:26.549000,11207,11208,11207,1
2019-10-23,15:03:27.568000,11207,11208,11208,2
2019-10-23,15:03:43.156000,11207,11208,11208,5
2019-10-23,15:03:46.104000,11207,11208,11208,11
2019-10-23,15:03:46.985000,11208,11209,11208,1
2019-10-23,15:03:49.924000,11208,11209,11209,5
2019-10-23,15:03:53.714000,11208,11209,11209,1
2019-10-23,15:03:53.799000,11208,11209,11209,1
2019-10-23,15:04:02.546000,11208,11209,11209,3
2019-10-23,15:04:03.035000,11208,11209,11209,26
2019-10-23,15:04:03.035000,11208,11209,11210,2
2019-10-23,15:04:04.333000,11208,11210,11210,2
2019-10-23,15:04:11.468000,11209,11210,11209,2
2019-10-23,15:04:16.501000,11209,11210,11209,1
2019-10-23,15:04:17.020000,11209,11210,11209,1
2019-10-23,15:04:20.669000,11209,11210,11209,2
2019-10-23,15:04:20.856000,11209,11210,11209,1
2019-10-23,15:04:21.497000,11209,11210,11209,1
2019-10-23,15:04:22.446000,11209,11210,11209,3
2019-10-23,15:04:25.534000,11209,11210,11210,1
2019-10-23,15:04:27.107000,11209,11210,11209,2
2019-10-23,15:04:28.659000,11209,11210,11209,2
2019-10-23,15:04:29.032000,11209,11210,11209,3
2019-10-23,15:04:29.591000,11208,11209,11208,2
2019-10-23,15:04:29.873000,11208,11209,11209,1
2019-10-23,15:04:35.419000,11209,11210,11209,2
2019-10-23,15:04:36.978000,11209,11210,11209,1
2019-10-23,15:04:38.830000,11209,11210,11209,1
2019-10-23,15:04:39.324000,11209,11210,11209,1
2019-10-23,15:04:40.696000,11209,11210,11209,1
2019-10-23,15:04:42.150000,11209,11210,11210,1
2019-10-23,15:04:51.768000,11209,11210,11210,1
2019-10-23,15:04:51.970000,11209,11210,11210,44
2019-10-23,15:04:52.577000,11210,11211,11210,1
2019-10-23,15:04:55.993000,11210,11211,11210,1
2019-10-23,15:04:56.162000,11210,11211,11211,12
2019-10-23,15:04:56.394000,11211,11212,11211,2
2019-10-23,15:04:56.519000,11211,11212,11211,2
2019-10-23,15:04:56.644000,11211,11212,11211,2
2019-10-23,15:04:56.769000,11211,11212,11211,2
2019-10-23,15:04:56.958000,11211,11212,11211,1
2019-10-23,15:05:00.404000,11211,11212,11211,3
2019-10-23,15:05:00.438000,11211,11212,11211,1
2019-10-23,15:05:01.131000,11210,11211,11211,1
2019-10-23,15:05:02.656000,11210,11211,11210,2
2019-10-23,15:05:02.972000,11210,11211,11211,1
2019-10-23,15:05:03.037000,11211,11212,11211,1
2019-10-23,15:05:03.222000,11211,11212,11211,1
2019-10-23,15:05:03.843000,11211,11212,11211,1
2019-10-23,15:05:06.201000,11211,11212,11212,8
2019-10-23,15:05:06.465000,11211,11212,11211,2
2019-10-23,15:05:07.565000,11210,11211,11211,1
2019-10-23,15:05:07.707000,11210,11212,11211,1
2019-10-23,15:05:07.707000,11210,11212,11212,9
2019-10-23,15:05:17.495000,11210,11211,11211,2
2019-10-23,15:05:19.662000,11211,11212,11211,4
2019-10-23,15:05:20.194000,11211,11212,11211,1
2019-10-23,15:05:25.075000,11210,11211,11211,1
2019-10-23,15:05:30.489000,11210,11211,11211,1
2019-10-23,15:05:45.267000,11210,11211,11211,1
2019-10-23,15:05:52.644000,11210,11211,11211,1
2019-10-23,15:06:03.188000,11210,11211,11211,1
2019-10-23,15:06:05.488000,11210,11211,11211,4
2019-10-23,15:06:07.539000,11210,11211,11210,1
2019-10-23,15:06:09.732000,11210,11211,11210,15
2019-10-23,15:06:27.391000,11209,11210,11210,1
2019-10-23,15:06:30.151000,11209,11210,11209,1
2019-10-23,15:06:37.726000,11209,11210,11209,1
2019-10-23,15:06:40.827000,11209,11210,11209,2
2019-10-23,15:06:48.018000,11209,11210,11210,2
2019-10-23,15:07:02.170000,11209,11210,11210,2
2019-10-23,15:07:02.808000,11209,11210,11209,2
2019-10-23,15:07:05.144000,11209,11210,11210,2
2019-10-23,15:07:10.632000,11209,11210,11210,1
2019-10-23,15:07:13.303000,11209,11210,11210,1
2019-10-23,15:07:17.110000,11209,11210,11209,15
2019-10-23,15:07:19.150000,11208,11209,11208,1
2019-10-23,15:07:22.097000,11208,11209,11208,3
2019-10-23,15:07:27.063000,11208,11209,11208,1
2019-10-23,15:07:28.280000,11208,11209,11208,1
2019-10-23,15:07:30.894000,11207,11208,11207,3
2019-10-23,15:07:34.153000,11207,11208,11207,1
2019-10-23,15:07:34.660000,11207,11208,11207,1
2019-10-23,15:07:37.642000,11207,11208,11207,1
2019-10-23,15:07:41.820000,11207,11208,11207,1
2019-10-23,15:07:43.685000,11207,11208,11207,1
2019-10-23,15:07:44.048000,11207,11208,11207,1
2019-10-23,15:07:44.580000,11207,11208,11207,1
2019-10-23,15:08:11.110000,11207,11208,11208,1
2019-10-23,15:08:13.684000,11207,11208,11207,1
2019-10-23,15:08:21.360000,11207,11208,11208,1
2019-10-23,15:08:43.702000,11207,11208,11208,1
2019-10-23,15:08:53.490000,11207,11208,11208,2
2019-10-23,15:09:00.320000,11207,11208,11207,3
2019-10-23,15:09:03.671000,11207,11208,11208,1
2019-10-23,15:09:08.936000,11207,11208,11208,5
2019-10-23,15:09:09.019000,11207,11208,11208,4
2019-10-23,15:09:10.045000,11208,11209,11209,1
2019-10-23,15:09:18.876000,11208,11209,11209,1
2019-10-23,15:09:19.684000,11208,11209,11209,2
2019-10-23,15:09:23.426000,11208,11209,11208,1
2019-10-23,15:09:28.379000,11208,11209,11208,5
2019-10-23,15:09:29.376000,11208,11209,11208,1
2019-10-23,15:09:31.555000,11208,11209,11209,3
2019-10-23,15:09:34.381000,11208,11209,11208,2
2019-10-23,15:09:36.922000,11207,11208,11208,2
2019-10-23,15:09:36.922000,11207,11208,11209,3
2019-10-23,15:09:43.553000,11208,11209,11208,3
2019-10-23,15:09:46.711000,11208,11209,11209,1
2019-10-23,15:09:47.291000,11208,11209,11208,1
2019-10-23,15:09:53.034000,11208,11209,11208,3
2019-10-23,15:10:08,11208,11209,11208,1
2019-10-23,15:10:18.854000,11208,11209,11209,2
2019-10-23,15:10:21.771000,11208,11209,11208,3
2019-10-23,15:10:26.517000,11208,11209,11208,1
2019-10-23,15:10:31.736000,11208,11209,11209,2
2019-10-23,15:10:43.960000,11208,11209,11208,2
2019-10-23,15:10:45.529000,11208,11209,11208,1
2019-10-23,15:11:00.378000,11208,11209,11209,2
2019-10-23,15:11:19.137000,11208,11209,11209,3
2019-10-23,15:11:19.144000,11208,11209,11209,8
2019-10-23,15:11:19.269000,11208,11209,11209,2
2019-10-23,15:11:19.394000,11208,11209,11209,3
2019-10-23,15:11:28.564000,11208,11210,11208,1
2019-10-23,15:11:37.052000,11209,11210,11209,2
2019-10-23,15:11:41.710000,11209,11210,11209,1
2019-10-23,15:11:53.227000,11209,11210,11209,1
2019-10-23,15:11:58.136000,11209,11210,11209,3
2019-10-23,15:12:13.365000,11208,11209,11208,19
2019-10-23,15:12:17.794000,11207,11208,11207,21
2019-10-23,15:12:17.894000,11207,11208,11207,11
2019-10-23,15:12:21.379000,11206,11207,11206,1
2019-10-23,15:12:32.475000,11206,11207,11207,1
2019-10-23,15:12:40.087000,11206,11207,11206,4
2019-10-23,15:12:43.092000,11206,11207,11207,1
2019-10-23,15:12:56.175000,11206,11207,11207,1
2019-10-23,15:13:19.273000,11206,11207,11207,5
2019-10-23,15:13:22.783000,11206,11207,11207,1
2019-10-23,15:13:46.556000,11206,11207,11207,2
2019-10-23,15:13:59.066000,11206,11207,11207,1
2019-10-23,15:14:14.510000,11206,11207,11207,1
2019-10-23,15:14:21.038000,11206,11207,11207,1
2019-10-23,15:14:25.539000,11206,11207,11207,1
2019-10-23,15:14:25.682000,11206,11207,11206,5
2019-10-23,15:14:31.203000,11206,11207,11206,1
2019-10-23,15:14:31.269000,11206,11207,11206,24
2019-10-23,15:14:32.899000,11205,11206,11205,13
2019-10-23,15:14:33.061000,11205,11206,11205,1
2019-10-23,15:14:39.494000,11204,11205,11205,2
2019-10-23,15:14:45.607000,11204,11205,11205,2
2019-10-23,15:14:58.163000,11204,11205,11204,1
2019-10-23,15:14:58.345000,11204,11205,11204,1
2019-10-23,15:14:58.832000,11204,11205,11204,3
2019-10-23,15:15:01.058000,11204,11205,11204,1
2019-10-23,15:15:01.058000,11204,11205,11204,2
2019-10-23,15:15:01.058000,11204,11205,11204,7
2019-10-23,15:15:01.058000,11204,11205,11204,1
2019-10-23,15:15:13.262000,11203,11204,11204,4
2019-10-23,15:15:19.487000,11203,11204,11204,2
2019-10-23,15:15:25.301000,11204,11205,11204,1
2019-10-23,15:15:28.788000,11204,11205,11204,3
2019-10-23,15:15:37.965000,11204,11205,11204,4
2019-10-23,15:15:47.476000,11204,11205,11204,2
2019-10-23,15:15:54.825000,11204,11205,11205,12
2019-10-23,15:15:54.826000,11204,11205,11205,1
2019-10-23,15:16:04.626000,11205,11206,11206,1
2019-10-23,15:16:06.160000,11205,11206,11205,1
2019-10-23,15:16:19.368000,11205,11206,11205,1
2019-10-23,15:16:19.370000,11205,11206,11205,1
2019-10-23,15:16:20.670000,11204,11205,11205,1
2019-10-23,15:16:30.507000,11204,11205,11205,1
2019-10-23,15:16:39.747000,11205,11206,11206,1
2019-10-23,15:16:43.144000,11205,11206,11206,2
2019-10-23,15:16:49.316000,11206,11207,11206,1
2019-10-23,15:16:50.214000,11206,11207,11206,1
2019-10-23,15:16:55.309000,11206,11207,11207,4
2019-10-23,15:16:55.309000,11206,11207,11207,7
2019-10-23,15:16:55.565000,11207,11208,11207,1
2019-10-23,15:17:01.023000,11207,11208,11207,2
2019-10-23,15:17:02.207000,11207,11208,11208,8
2019-10-23,15:17:02.269000,11207,11208,11208,1
2019-10-23,15:17:02.394000,11207,11208,11208,3
2019-10-23,15:17:02.803000,11208,11209,11209,2
2019-10-23,15:17:02.924000,11208,11209,11209,1
2019-10-23,15:17:03.122000,11208,11209,11209,2
2019-10-23,15:17:04.001000,11208,11209,11209,1
2019-10-23,15:17:08.260000,11208,11209,11209,2
2019-10-23,15:17:15.266000,11208,11209,11209,1
2019-10-23,15:17:15.275000,11208,11210,11209,1
2019-10-23,15:17:24.014000,11208,11209,11209,1
2019-10-23,15:17:29.637000,11208,11210,11208,1
2019-10-23,15:17:29.783000,11208,11209,11208,1
2019-10-23,15:17:38.596000,11208,11210,11208,1
2019-10-23,15:17:57.429000,11208,11209,11208,1
2019-10-23,15:18:02.933000,11208,11209,11209,1
2019-10-23,15:18:09.974000,11208,11209,11208,1
2019-10-23,15:18:17.086000,11208,11209,11208,9
2019-10-23,15:18:33.375000,11208,11209,11209,1
2019-10-23,15:18:35.916000,11208,11209,11208,2
2019-10-23,15:18:45.583000,11208,11209,11209,1
2019-10-23,15:18:49.871000,11208,11209,11208,7
2019-10-23,15:19:02.311000,11207,11208,11208,1
2019-10-23,15:19:02.338000,11207,11208,11208,1
2019-10-23,15:19:04.293000,11207,11208,11208,1
2019-10-23,15:19:07.114000,11207,11208,11207,1
2019-10-23,15:19:07.671000,11207,11208,11208,1
2019-10-23,15:19:30.980000,11207,11208,11208,13
2019-10-23,15:19:30.980000,11207,11208,11209,67
2019-10-23,15:19:30.982000,11207,11208,11208,5
2019-10-23,15:19:30.985000,11207,11208,11208,5
2019-10-23,15:19:31.019000,11208,11209,11209,5
2019-10-23,15:19:34.596000,11208,11209,11208,1
2019-10-23,15:19:38.772000,11208,11209,11209,1
2019-10-23,15:19:45.196000,11208,11209,11209,1
2019-10-23,15:19:46.106000,11208,11210,11210,1
2019-10-23,15:19:46.392000,11208,11210,11210,1
2019-10-23,15:19:50.152000,11209,11210,11209,2
2019-10-23,15:20:03.505000,11209,11210,11209,1
2019-10-23,15:20:08.727000,11209,11210,11209,1
2019-10-23,15:20:11.776000,11209,11210,11209,1
2019-10-23,15:20:18.226000,11209,11210,11209,1
2019-10-23,15:20:34.399000,11209,11210,11209,1
2019-10-23,15:20:36.374000,11208,11210,11209,1
2019-10-23,15:20:46.437000,11209,11210,11209,1
2019-10-23,15:20:49.063000,11209,11210,11209,3
2019-10-23,15:20:52.269000,11209,11210,11209,6
2019-10-23,15:20:52.269000,11209,11210,11209,4
2019-10-23,15:20:58.578000,11208,11209,11209,1
2019-10-23,15:21:04.606000,11208,11209,11209,6
2019-10-23,15:21:11.063000,11209,11210,11210,1
2019-10-23,15:21:28.715000,11209,11210,11210,2
2019-10-23,15:21:35.774000,11209,11210,11209,3
2019-10-23,15:21:46.069000,11209,11210,11209,1
2019-10-23,15:21:52.411000,11209,11210,11209,2
2019-10-23,15:21:56.148000,11209,11210,11209,20
2019-10-23,15:21:56.269000,11209,11210,11209,1
2019-10-23,15:21:59.601000,11209,11210,11209,1
2019-10-23,15:22:00.874000,11209,11210,11209,1
2019-10-23,15:22:05.415000,11209,11210,11209,1
2019-10-23,15:22:06.432000,11209,11210,11209,1
2019-10-23,15:22:06.432000,11209,11210,11208,1
2019-10-23,15:23:22.519000,11208,11209,11209,15
2019-10-23,15:23:22.644000,11208,11209,11209,2
2019-10-23,15:23:22.644000,11208,11209,11209,1
2019-10-23,15:23:23.025000,11209,11210,11209,2
2019-10-23,15:23:29.312000,11209,11210,11209,2
2019-10-23,15:23:43.521000,11209,11210,11209,1
2019-10-23,15:23:54.510000,11209,11210,11209,3
2019-10-23,15:23:58.411000,11209,11210,11209,1
2019-10-23,15:24:28.591000,11209,11210,11210,1
2019-10-23,15:24:31.172000,11209,11210,11210,50
2019-10-23,15:24:31.269000,11209,11210,11210,6
2019-10-23,15:24:31.399000,11210,11211,11211,1
2019-10-23,15:24:31.400000,11210,11211,11211,1
2019-10-23,15:24:31.401000,11210,11211,11211,1
2019-10-23,15:24:31.401000,11210,11211,11211,1
2019-10-23,15:24:31.719000,11210,11211,11211,1
2019-10-23,15:24:46.612000,11210,11211,11211,1
2019-10-23,15:24:49.881000,11210,11211,11211,1
2019-10-23,15:24:50.496000,11210,11211,11211,1
2019-10-23,15:24:54.216000,11210,11211,11210,1
2019-10-23,15:24:58.058000,11210,11211,11210,8
2019-10-23,15:25:02.133000,11210,11211,11211,2
2019-10-23,15:25:03.978000,11210,11211,11211,18
2019-10-23,15:25:03.978000,11210,11211,11212,53
2019-10-23,15:25:04.019000,11211,11212,11212,5
2019-10-23,15:25:04.019000,11211,11212,11212,1
2019-10-23,15:25:04.020000,11211,11212,11212,1
2019-10-23,15:25:05.852000,11212,11213,11212,1
2019-10-23,15:25:07.129000,11211,11212,11211,1
2019-10-23,15:25:09.086000,11211,11212,11212,13
2019-10-23,15:25:09.086000,11211,11212,11213,39
2019-10-23,15:25:09.221000,11212,11213,11213,1
2019-10-23,15:25:09.306000,11212,11213,11213,2
2019-10-23,15:25:09.343000,11212,11213,11213,1
2019-10-23,15:25:09.359000,11212,11213,11212,2
2019-10-23,15:25:09.447000,11212,11213,11213,1
2019-10-23,15:25:10.924000,11212,11213,11212,1
2019-10-23,15:25:12.053000,11212,11213,11212,2
2019-10-23,15:25:15.102000,11212,11213,11213,1
2019-10-23,15:25:17.029000,11212,11213,11213,24
2019-10-23,15:25:17.029000,11212,11213,11214,8
2019-10-23,15:25:17.255000,11213,11214,11213,1
2019-10-23,15:25:17.395000,11213,11214,11214,1
2019-10-23,15:25:17.420000,11213,11214,11213,1
2019-10-23,15:25:17.536000,11213,11214,11213,2
2019-10-23,15:25:20.219000,11212,11214,11212,3
2019-10-23,15:25:21.421000,11213,11214,11213,3
2019-10-23,15:25:22.504000,11212,11213,11213,7
2019-10-23,15:25:22.553000,11212,11213,11213,1
2019-10-23,15:25:23.590000,11212,11213,11213,6
2019-10-23,15:25:25.302000,11212,11213,11213,1
2019-10-23,15:25:25.867000,11212,11213,11213,20
2019-10-23,15:25:25.905000,11213,11214,11213,2
2019-10-23,15:25:29.632000,11212,11213,11213,1
2019-10-23,15:25:31.209000,11212,11213,11213,1
2019-10-23,15:25:32.143000,11212,11213,11212,1
2019-10-23,15:25:32.608000,11212,11213,11213,5
2019-10-23,15:25:36.722000,11212,11213,11213,1
2019-10-23,15:25:40.490000,11212,11213,11213,6
2019-10-23,15:25:41.632000,11212,11213,11212,1
2019-10-23,15:25:47.788000,11212,11213,11213,4
2019-10-23,15:25:48.927000,11212,11213,11213,3
2019-10-23,15:25:53.062000,11213,11214,11213,1
2019-10-23,15:25:54.155000,11213,11214,11213,1
2019-10-23,15:25:55.605000,11213,11214,11213,6
2019-10-23,15:25:58.578000,11212,11213,11213,1
2019-10-23,15:26:00.316000,11212,11213,11213,1
2019-10-23,15:26:01.202000,11212,11213,11213,1
2019-10-23,15:26:05.886000,11212,11213,11212,1
2019-10-23,15:26:16.817000,11212,11213,11212,3
2019-10-23,15:26:17.891000,11212,11213,11213,3
2019-10-23,15:26:18.435000,11212,11213,11212,1
2019-10-23,15:26:19.929000,11212,11213,11213,2
2019-10-23,15:26:30.236000,11212,11213,11213,9
2019-10-23,15:26:34.281000,11212,11213,11213,1
2019-10-23,15:26:43.271000,11212,11213,11212,12
2019-10-23,15:26:44.177000,11211,11212,11212,1
2019-10-23,15:26:50.711000,11211,11212,11211,1
2019-10-23,15:26:52.310000,11211,11212,11211,1
2019-10-23,15:26:52.975000,11211,11212,11211,1
2019-10-23,15:27:02.920000,11211,11212,11212,1
2019-10-23,15:27:02.970000,11211,11212,11212,1
2019-10-23,15:27:05.088000,11211,11213,11211,1
2019-10-23,15:27:11.399000,11211,11212,11211,1
2019-10-23,15:27:12.703000,11211,11212,11211,1
2019-10-23,15:27:13.569000,11211,11212,11211,1
2019-10-23,15:27:24.088000,11211,11212,11211,1
2019-10-23,15:27:24.144000,11211,11212,11211,6
2019-10-23,15:27:24.569000,11211,11212,11211,1
2019-10-23,15:27:27.540000,11211,11212,11211,2
2019-10-23,15:27:27.540000,11211,11212,11211,1
2019-10-23,15:27:27.769000,11210,11211,11211,1
2019-10-23,15:27:31.687000,11210,11212,11210,1
2019-10-23,15:27:32.419000,11210,11212,11210,1
2019-10-23,15:27:36.561000,11210,11211,11210,2
2019-10-23,15:27:49.225000,11210,11211,11211,4
2019-10-23,15:27:50.160000,11210,11211,11210,1
2019-10-23,15:27:57.456000,11210,11211,11210,10
2019-10-23,15:27:58.140000,11210,11211,11210,2
2019-10-23,15:28:00.832000,11210,11211,11210,2
2019-10-23,15:28:02.717000,11209,11210,11210,1
2019-10-23,15:28:04.486000,11209,11210,11210,1
2019-10-23,15:28:06.446000,11209,11210,11210,1
2019-10-23,15:28:35.836000,11209,11210,11209,1
2019-10-23,15:28:40.584000,11209,11210,11209,1
2019-10-23,15:28:50.008000,11209,11210,11209,5
2019-10-23,15:28:50.883000,11209,11210,11209,2
2019-10-23,15:28:51.039000,11209,11210,11209,1
2019-10-23,15:29:05.460000,11208,11210,11208,5
2019-10-23,15:29:12.654000,11208,11209,11209,1
2019-10-23,15:29:14.131000,11208,11209,11209,1
2019-10-23,15:29:15.953000,11208,11209,11208,1
2019-10-23,15:29:24.766000,11208,11209,11209,1
2019-10-23,15:29:44.570000,11208,11209,11209,2
2019-10-23,15:29:45.283000,11208,11209,11209,1
2019-10-23,15:29:49.561000,11208,11209,11208,13
2019-10-23,15:29:49.644000,11208,11209,11208,3
2019-10-23,15:29:52.781000,11207,11208,11208,1
2019-10-23,15:29:59.402000,11207,11208,11207,1
2019-10-23,15:30:00.937000,11207,11208,11207,1
2019-10-23,15:30:02.493000,11207,11208,11207,2
2019-10-23,15:30:02.975000,11207,11208,11207,1
2019-10-23,15:30:03.330000,11207,11208,11207,1
2019-10-23,15:30:03.479000,11207,11208,11207,2
2019-10-23,15:30:04.855000,11207,11208,11207,1
2019-10-23,15:30:04.879000,11207,11208,11207,2
2019-10-23,15:30:04.879000,11207,11208,11206,38
2019-10-23,15:30:07.616000,11205,11206,11206,1
2019-10-23,15:30:07.616000,11205,11206,11206,1
2019-10-23,15:30:16.589000,11206,11207,11207,2
2019-10-23,15:30:20.663000,11206,11207,11206,5
2019-10-23,15:30:23.668000,11206,11207,11206,1
2019-10-23,15:30:25.650000,11206,11207,11207,1
2019-10-23,15:30:28.067000,11206,11207,11206,1
2019-10-23,15:30:28.109000,11206,11207,11206,1
2019-10-23,15:30:33.310000,11206,11207,11206,1
2019-10-23,15:30:35.895000,11206,11207,11207,1
2019-10-23,15:30:39.677000,11206,11207,11207,1
2019-10-23,15:30:40.788000,11206,11207,11207,4
2019-10-23,15:30:40.788000,11206,11207,11207,3
2019-10-23,15:30:40.789000,11206,11207,11207,1
2019-10-23,15:30:42.184000,11207,11208,11207,1
2019-10-23,15:30:49.744000,11207,11209,11209,1
2019-10-23,15:30:50.521000,11207,11209,11209,1
2019-10-23,15:30:51.165000,11207,11209,11209,1
2019-10-23,15:30:52.762000,11207,11209,11209,2
2019-10-23,15:30:53.700000,11208,11209,11208,1
2019-10-23,15:30:56.493000,11208,11209,11208,1
2019-10-23,15:31:04.256000,11207,11208,11208,1
2019-10-23,15:31:09.207000,11207,11208,11208,1
2019-10-23,15:31:10.061000,11207,11208,11208,1
2019-10-23,15:31:18.838000,11207,11208,11208,4
2019-10-23,15:31:19.689000,11208,11209,11208,1
2019-10-23,15:31:29.146000,11208,11209,11208,5
2019-10-23,15:31:55.080000,11208,11209,11208,1
2019-10-23,15:32:07.767000,11208,11209,11208,3
2019-10-23,15:32:11.912000,11208,11209,11208,1
2019-10-23,15:33:08.748000,11208,11209,11208,5
2019-10-23,15:33:13.363000,11208,11209,11208,2
2019-10-23,15:33:26.035000,11208,11209,11209,6
2019-10-23,15:33:26.035000,11208,11209,11209,2
2019-10-23,15:33:26.144000,11208,11209,11209,20
2019-10-23,15:33:26.186000,11208,11209,11209,2
2019-10-23,15:33:26.186000,11208,11209,11209,6
2019-10-23,15:33:26.195000,11208,11209,11209,7
2019-10-23,15:33:26.195000,11208,11209,11209,2
2019-10-23,15:33:26.196000,11208,11209,11209,1
2019-10-23,15:33:26.196000,11208,11209,11209,8
2019-10-23,15:33:28.792000,11209,11210,11210,2
2019-10-23,15:33:29.612000,11209,11210,11210,1
2019-10-23,15:33:39.923000,11210,11211,11210,1
2019-10-23,15:33:55.389000,11210,11211,11211,1
2019-10-23,15:33:56.655000,11210,11211,11210,1
2019-10-23,15:33:59.271000,11210,11211,11210,1
2019-10-23,15:34:00.835000,11210,11211,11210,1
2019-10-23,15:34:26.061000,11210,11211,11211,1
2019-10-23,15:34:27.057000,11210,11211,11211,1
2019-10-23,15:34:29.014000,11210,11211,11211,1
2019-10-23,15:34:29.697000,11210,11211,11211,1
2019-10-23,15:34:35.204000,11210,11211,11211,1
2019-10-23,15:34:38.785000,11210,11211,11211,1
2019-10-23,15:34:38.894000,11210,11211,11211,1
2019-10-23,15:34:40.399000,11210,11211,11210,2
2019-10-23,15:34:45.037000,11210,11211,11211,1
2019-10-23,15:34:46.404000,11210,11211,11211,7
2019-10-23,15:35:00.644000,11210,11211,11211,1
2019-10-23,15:35:01.531000,11211,11212,11212,1
2019-10-23,15:35:02.008000,11211,11212,11212,8
2019-10-23,15:35:02.220000,11212,11213,11212,2
2019-10-23,15:35:05.498000,11212,11213,11212,3
2019-10-23,15:35:15.268000,11211,11212,11212,1
2019-10-23,15:35:24.550000,11211,11212,11212,1
2019-10-23,15:35:30.071000,11211,11212,11212,1
2019-10-23,15:35:32.055000,11211,11212,11212,1
2019-10-23,15:35:32.692000,11211,11212,11212,1
2019-10-23,15:35:34.676000,11211,11212,11212,1
2019-10-23,15:35:36.894000,11211,11212,11211,6
2019-10-23,15:35:41.074000,11210,11211,11211,1
2019-10-23,15:35:50.955000,11210,11211,11211,1
2019-10-23,15:35:52.923000,11210,11211,11211,1
2019-10-23,15:35:53.783000,11210,11211,11211,1
2019-10-23,15:35:57.047000,11210,11211,11211,1
2019-10-23,15:36:04.459000,11210,11211,11211,1
2019-10-23,15:36:13.467000,11211,11212,11211,2
2019-10-23,15:36:13.907000,11210,11211,11211,1
2019-10-23,15:36:16.157000,11210,11211,11210,1
2019-10-23,15:36:18.324000,11210,11211,11211,2
2019-10-23,15:36:26.394000,11210,11211,11210,13
2019-10-23,15:36:27.230000,11209,11210,11210,1
2019-10-23,15:36:28.519000,11209,11210,11209,7
2019-10-23,15:36:38.391000,11209,11210,11209,1
2019-10-23,15:36:42.703000,11209,11211,11211,1
2019-10-23,15:37:22.644000,11210,11211,11210,5
2019-10-23,15:37:56.753000,11209,11210,11210,1
2019-10-23,15:38:10.148000,11209,11210,11209,2
2019-10-23,15:38:17.629000,11208,11209,11208,13
2019-10-23,15:38:18.519000,11208,11209,11208,2
2019-10-23,15:38:19.899000,11207,11208,11207,1
2019-10-23,15:38:33.363000,11207,11208,11208,1
2019-10-23,15:38:58.374000,11207,11208,11208,1
2019-10-23,15:39:15.108000,11207,11208,11208,2
2019-10-23,15:39:25.600000,11207,11208,11208,4
2019-10-23,15:39:28.716000,11207,11208,11208,1
2019-10-23,15:39:36.135000,11208,11209,11208,1
2019-10-23,15:39:49.653000,11207,11208,11207,5
2019-10-23,15:39:49.821000,11207,11208,11207,5
2019-10-23,15:39:49.894000,11207,11208,11207,1
2019-10-23,15:39:49.937000,11207,11208,11207,1
2019-10-23,15:39:50.019000,11207,11208,11207,8
2019-10-23,15:39:50.019000,11207,11208,11207,1
2019-10-23,15:39:52.715000,11206,11207,11207,1
2019-10-23,15:40:02.019000,11206,11207,11206,11
2019-10-23,15:40:02.144000,11206,11207,11206,3
2019-10-23,15:40:02.144000,11206,11207,11206,2
2019-10-23,15:40:15.721000,11205,11206,11205,2
2019-10-23,15:40:16.233000,11205,11206,11206,1
2019-10-23,15:40:29.521000,11205,11206,11206,1
2019-10-23,15:40:30.490000,11205,11206,11206,1
2019-10-23,15:40:38.407000,11205,11206,11206,1
2019-10-23,15:40:41.566000,11205,11206,11205,6
2019-10-23,15:40:41.826000,11205,11206,11206,5
2019-10-23,15:40:42.425000,11205,11206,11205,6
2019-10-23,15:40:43.301000,11205,11206,11205,3
2019-10-23,15:40:44.182000,11205,11206,11205,3
2019-10-23,15:40:49.431000,11205,11206,11205,1
2019-10-23,15:40:51.779000,11205,11206,11205,3
2019-10-23,15:40:54.256000,11205,11206,11205,1
2019-10-23,15:40:55.360000,11205,11206,11205,2
2019-10-23,15:40:57.861000,11205,11206,11205,1
2019-10-23,15:41:00.332000,11205,11206,11205,1
2019-10-23,15:41:09.301000,11205,11206,11205,1
2019-10-23,15:41:10.447000,11205,11206,11205,1
2019-10-23,15:41:17.397000,11205,11206,11205,1
2019-10-23,15:41:17.968000,11205,11206,11205,1
2019-10-23,15:41:21.038000,11205,11206,11205,5
2019-10-23,15:41:21.532000,11205,11206,11205,3
2019-10-23,15:41:21.532000,11205,11206,11204,2
2019-10-23,15:41:21.704000,11204,11206,11204,5
2019-10-23,15:41:21.944000,11204,11205,11204,1
2019-10-23,15:41:21.970000,11204,11205,11204,1
2019-10-23,15:41:21.981000,11204,11205,11204,1
2019-10-23,15:41:21.994000,11204,11205,11204,1
2019-10-23,15:41:30.235000,11204,11205,11204,1
2019-10-23,15:41:37.417000,11204,11205,11204,1
2019-10-23,15:41:39.165000,11204,11205,11204,5
2019-10-23,15:41:39.523000,11204,11205,11204,5
2019-10-23,15:41:39.945000,11204,11205,11204,1
2019-10-23,15:41:41.145000,11204,11205,11204,1
2019-10-23,15:41:41.530000,11204,11205,11204,1
2019-10-23,15:41:42.521000,11204,11205,11204,1
2019-10-23,15:41:52.014000,11204,11205,11204,5
2019-10-23,15:41:58.015000,11204,11205,11205,1
2019-10-23,15:42:00.384000,11204,11205,11205,2
2019-10-23,15:42:02.595000,11205,11206,11205,5
2019-10-23,15:42:04.223000,11205,11206,11205,1
2019-10-23,15:42:05.092000,11205,11206,11205,1
2019-10-23,15:42:09.326000,11205,11206,11205,5
2019-10-23,15:42:16.110000,11205,11206,11205,1
2019-10-23,15:42:16.205000,11205,11206,11205,1
2019-10-23,15:42:20.017000,11205,11206,11205,1
2019-10-23,15:42:34.033000,11205,11206,11205,1
2019-10-23,15:42:35.172000,11205,11206,11205,3
2019-10-23,15:42:43.566000,11205,11206,11205,1
2019-10-23,15:42:44.198000,11205,11206,11205,1
2019-10-23,15:42:45.145000,11205,11206,11205,5
2019-10-23,15:43:12.265000,11205,11206,11205,2
2019-10-23,15:43:17.769000,11205,11206,11206,12
2019-10-23,15:43:28.031000,11206,11207,11206,1
2019-10-23,15:43:55.761000,11206,11207,11207,5
2019-10-23,15:44:04.479000,11207,11208,11208,1
2019-10-23,15:44:21.772000,11207,11208,11208,1
2019-10-23,15:44:21.962000,11207,11208,11208,3
2019-10-23,15:44:24.676000,11207,11208,11208,5
2019-10-23,15:44:29.754000,11207,11208,11208,5
2019-10-23,15:44:32.707000,11208,11209,11209,1
2019-10-23,15:44:33.518000,11208,11209,11209,1
2019-10-23,15:44:34.569000,11208,11209,11209,1
2019-10-23,15:44:34.602000,11208,11209,11208,4
2019-10-23,15:44:40.804000,11207,11208,11207,7
2019-10-23,15:44:53.931000,11206,11207,11206,5
2019-10-23,15:44:58.225000,11206,11207,11207,1
2019-10-23,15:45:02.209000,11206,11207,11207,6
2019-10-23,15:45:04.039000,11206,11207,11206,2
2019-10-23,15:45:09.981000,11205,11206,11205,3
2019-10-23,15:45:13.917000,11205,11206,11206,1
2019-10-23,15:45:18.663000,11205,11206,11205,1
2019-10-23,15:45:26.904000,11205,11206,11205,1
2019-10-23,15:45:57.007000,11205,11206,11206,1
2019-10-23,15:46:04.314000,11205,11206,11206,1
2019-10-23,15:46:22.048000,11205,11206,11205,1
2019-10-23,15:46:22.332000,11205,11206,11206,1
2019-10-23,15:46:42.655000,11205,11206,11206,1
2019-10-23,15:46:47.471000,11205,11206,11206,4
2019-10-23,15:46:52.219000,11205,11206,11206,6
2019-10-23,15:46:56.979000,11206,11207,11206,5
2019-10-23,15:46:59.303000,11206,11207,11207,1
2019-10-23,15:46:59.303000,11206,11207,11207,14
2019-10-23,15:46:59.394000,11206,11207,11207,1
2019-10-23,15:47:31.965000,11207,11208,11208,3
2019-10-23,15:47:34.464000,11207,11208,11208,1
2019-10-23,15:47:50.968000,11207,11208,11208,5
2019-10-23,15:47:54.791000,11207,11208,11208,3
2019-10-23,15:47:57.517000,11208,11209,11208,1
2019-10-23,15:47:57.519000,11208,11209,11208,1
2019-10-23,15:47:59.628000,11207,11209,11209,1
2019-10-23,15:48:09.916000,11208,11209,11208,2
2019-10-23,15:48:16.611000,11208,11209,11209,1
2019-10-23,15:48:17.213000,11208,11209,11209,1
2019-10-23,15:48:17.975000,11208,11209,11209,1
2019-10-23,15:48:46.970000,11208,11209,11208,2
2019-10-23,15:48:50.187000,11208,11209,11209,4
2019-10-23,15:48:50.187000,11208,11209,11209,2
2019-10-23,15:48:50.269000,11208,11209,11209,2
2019-10-23,15:48:50.269000,11208,11209,11209,4
2019-10-23,15:48:50.723000,11209,11210,11210,4
2019-10-23,15:48:58.027000,11209,11210,11210,5
2019-10-23,15:49:00.492000,11209,11210,11210,5
2019-10-23,15:49:02.309000,11209,11210,11210,1
2019-10-23,15:49:05.077000,11209,11210,11210,1
2019-10-23,15:49:08.946000,11209,11210,11210,5
2019-10-23,15:49:11.010000,11209,11210,11210,5
2019-10-23,15:49:13.146000,11209,11210,11210,13
2019-10-23,15:49:13.147000,11209,11210,11210,1
2019-10-23,15:49:13.520000,11210,11211,11210,1
2019-10-23,15:49:20.466000,11209,11210,11209,1
2019-10-23,15:49:43.867000,11209,11210,11210,6
2019-10-23,15:49:44.339000,11209,11210,11210,1
2019-10-23,15:49:44.969000,11209,11210,11210,1
2019-10-23,15:49:51.682000,11209,11210,11210,1
2019-10-23,15:50:14.732000,11209,11210,11210,2
2019-10-23,15:50:20.937000,11210,11211,11210,1
2019-10-23,15:50:23.601000,11210,11211,11210,1
2019-10-23,15:50:37.962000,11210,11211,11210,3
2019-10-23,15:50:44.883000,11210,11211,11210,2
2019-10-23,15:50:54.248000,11210,11211,11210,5
2019-10-23,15:51:09.206000,11210,11211,11210,1
2019-10-23,15:51:31.527000,11210,11211,11211,6
2019-10-23,15:51:32.334000,11210,11211,11210,3
2019-10-23,15:51:36.019000,11210,11211,11210,6
2019-10-23,15:51:36.144000,11210,11211,11210,5
2019-10-23,15:51:47.856000,11210,11211,11210,5
2019-10-23,15:51:54.692000,11210,11211,11210,1
2019-10-23,15:51:56.935000,11210,11211,11210,1
2019-10-23,15:52:23.330000,11210,11211,11210,1
2019-10-23,15:52:24.534000,11210,11211,11210,1
2019-10-23,15:52:43.893000,11210,11211,11210,1
2019-10-23,15:52:43.894000,11210,11211,11210,4
2019-10-23,15:52:50,11209,11210,11210,6
2019-10-23,15:53:19.466000,11209,11210,11210,5
2019-10-23,15:53:19.519000,11209,11210,11210,2
2019-10-23,15:54:04.168000,11209,11210,11210,1
2019-10-23,15:54:04.928000,11209,11210,11210,1
2019-10-23,15:54:07.158000,11209,11210,11210,1
2019-10-23,15:54:07.943000,11209,11210,11210,1
2019-10-23,15:54:11.575000,11209,11210,11209,1
2019-10-23,15:54:41.132000,11209,11210,11209,1
2019-10-23,15:54:47.580000,11209,11210,11209,1
2019-10-23,15:54:51.475000,11209,11210,11209,1
2019-10-23,15:55:17.702000,11209,11210,11210,8
2019-10-23,15:56:05.503000,11210,11211,11210,1
2019-10-23,15:56:17.389000,11210,11211,11210,1
2019-10-23,15:56:35.294000,11210,11211,11210,2
2019-10-23,15:56:35.394000,11210,11211,11210,7
2019-10-23,15:57:26.110000,11209,11210,11210,4
2019-10-23,15:57:37.273000,11209,11210,11210,1
2019-10-23,15:57:52.959000,11209,11210,11210,1
2019-10-23,15:57:58.833000,11209,11210,11210,6
2019-10-23,15:57:58.894000,11209,11210,11210,6
2019-10-23,15:58:06.328000,11209,11211,11210,1
2019-10-23,15:58:56.897000,11210,11211,11210,1
2019-10-23,15:58:56.955000,11210,11211,11211,2
2019-10-23,15:59:47.158000,11210,11211,11210,5
2019-10-23,16:00:03.745000,11210,11211,11210,2
2019-10-23,16:00:04.983000,11210,11211,11211,1
2019-10-23,16:00:09.034000,11210,11211,11210,1
2019-10-23,16:00:16.596000,11210,11211,11210,2
2019-10-23,16:00:27.210000,11210,11211,11211,1
2019-10-23,16:00:28.116000,11210,11211,11210,5
2019-10-23,16:00:36.117000,11210,11211,11211,31
2019-10-23,16:00:46.628000,11211,11212,11212,5
2019-10-23,16:00:46.644000,11211,11212,11212,9
2019-10-23,16:00:46.769000,11211,11212,11212,4
2019-10-23,16:00:46.894000,11211,11212,11212,1
2019-10-23,16:00:46.894000,11211,11212,11212,2
2019-10-23,16:00:46.894000,11211,11212,11212,5
2019-10-23,16:00:47.406000,11212,11213,11213,20
2019-10-23,16:00:56.780000,11213,11214,11213,3
2019-10-23,16:00:59.537000,11213,11214,11214,3
2019-10-23,16:00:59.663000,11213,11214,11214,5
2019-10-23,16:00:59.663000,11213,11214,11214,5
2019-10-23,16:01:00.066000,11213,11214,11214,2
2019-10-23,16:01:00.080000,11213,11214,11214,5
2019-10-23,16:01:00.143000,11213,11214,11214,3
2019-10-23,16:01:00.143000,11213,11214,11214,3
2019-10-23,16:01:00.153000,11213,11214,11214,3
2019-10-23,16:01:00.218000,11213,11214,11214,3
2019-10-23,16:01:00.228000,11213,11214,11214,2
2019-10-23,16:01:00.269000,11213,11214,11214,1
2019-10-23,16:01:02.334000,11213,11214,11214,4
2019-10-23,16:01:02.394000,11213,11214,11214,2
2019-10-23,16:01:03.265000,11214,11215,11215,1
2019-10-23,16:01:03.288000,11214,11215,11215,7
2019-10-23,16:01:03.289000,11214,11215,11215,1
2019-10-23,16:01:03.321000,11214,11215,11215,1
2019-10-23,16:01:03.395000,11214,11215,11215,2
2019-10-23,16:01:03.418000,11214,11215,11215,1
2019-10-23,16:01:03.432000,11214,11215,11215,1
2019-10-23,16:01:03.432000,11214,11215,11215,1
2019-10-23,16:01:03.770000,11214,11215,11215,74
2019-10-23,16:01:03.797000,11214,11215,11214,1
2019-10-23,16:01:03.894000,11214,11216,11216,4
2019-10-23,16:01:03.894000,11214,11216,11216,1
2019-10-23,16:01:04.087000,11215,11216,11216,4
2019-10-23,16:01:04.197000,11215,11216,11216,1
2019-10-23,16:01:04.211000,11215,11216,11216,2
2019-10-23,16:01:04.435000,11215,11216,11215,10
2019-10-23,16:01:04.799000,11215,11216,11216,1
2019-10-23,16:01:04.851000,11215,11216,11216,1
2019-10-23,16:01:04.857000,11215,11216,11215,1
2019-10-23,16:01:04.861000,11215,11216,11216,1
2019-10-23,16:01:04.941000,11215,11216,11216,1
2019-10-23,16:01:05.148000,11215,11216,11215,3
2019-10-23,16:01:06.882000,11215,11216,11216,1
2019-10-23,16:01:06.902000,11215,11216,11216,1
2019-10-23,16:01:07.638000,11215,11216,11215,1
2019-10-23,16:01:08.501000,11215,11216,11216,49
2019-10-23,16:01:10.330000,11216,11217,11216,1
2019-10-23,16:01:10.995000,11216,11217,11216,1
2019-10-23,16:01:15.360000,11216,11217,11216,3
2019-10-23,16:01:15.395000,11216,11217,11216,2
2019-10-23,16:01:16.518000,11215,11217,11217,1
2019-10-23,16:01:16.532000,11215,11217,11217,5
2019-10-23,16:01:16.547000,11215,11217,11217,1
2019-10-23,16:01:16.570000,11215,11217,11217,1
2019-10-23,16:01:16.634000,11215,11217,11217,1
2019-10-23,16:01:16.694000,11216,11217,11217,2
2019-10-23,16:01:16.804000,11216,11217,11217,1
2019-10-23,16:01:17.089000,11216,11217,11217,3
2019-10-23,16:01:20.321000,11216,11217,11216,10
2019-10-23,16:01:20.394000,11216,11217,11216,1
2019-10-23,16:01:22.921000,11216,11217,11217,1
2019-10-23,16:01:25.255000,11216,11217,11216,1
2019-10-23,16:01:27.907000,11215,11216,11216,1
2019-10-23,16:01:32.333000,11215,11216,11215,28
2019-10-23,16:01:32.872000,11214,11215,11215,1
2019-10-23,16:01:33.051000,11214,11215,11215,3
2019-10-23,16:01:33.772000,11215,11216,11216,3
2019-10-23,16:01:34.604000,11215,11216,11215,1
2019-10-23,16:01:36.168000,11215,11216,11216,3
2019-10-23,16:01:38.299000,11215,11216,11216,2
2019-10-23,16:01:38.899000,11215,11217,11217,2
2019-10-23,16:01:39.436000,11215,11217,11217,1
2019-10-23,16:01:39.603000,11215,11217,11217,1
2019-10-23,16:01:40.652000,11215,11217,11215,1
2019-10-23,16:01:42.678000,11216,11217,11216,3
2019-10-23,16:01:46.246000,11215,11216,11215,1
2019-10-23,16:01:53.460000,11215,11216,11216,2
2019-10-23,16:01:55.934000,11215,11216,11216,1
2019-10-23,16:01:57.608000,11215,11216,11216,9
2019-10-23,16:01:57.809000,11215,11216,11216,2
2019-10-23,16:02:00.279000,11215,11216,11216,3
2019-10-23,16:02:00.544000,11215,11216,11215,7
2019-10-23,16:02:01.181000,11215,11216,11215,7
2019-10-23,16:02:02.519000,11215,11216,11216,1
2019-10-23,16:02:03.019000,11216,11217,11216,2
2019-10-23,16:02:03.144000,11216,11217,11216,2
2019-10-23,16:02:03.269000,11216,11217,11216,2
2019-10-23,16:02:05.089000,11215,11216,11215,6
2019-10-23,16:02:05.239000,11215,11216,11216,3
2019-10-23,16:02:05.912000,11215,11216,11216,1
2019-10-23,16:02:07.610000,11215,11216,11216,2
2019-10-23,16:02:08.438000,11215,11216,11215,3
2019-10-23,16:02:09.824000,11215,11216,11215,4
2019-10-23,16:02:10.447000,11215,11216,11216,3
2019-10-23,16:02:10.951000,11216,11217,11217,3
2019-10-23,16:02:13.785000,11216,11217,11217,14
2019-10-23,16:02:13.894000,11216,11217,11217,4
2019-10-23,16:02:14.903000,11216,11217,11216,5
2019-10-23,16:02:14.940000,11216,11217,11217,1
2019-10-23,16:02:17.597000,11216,11217,11217,4
2019-10-23,16:02:17.841000,11216,11217,11217,2
2019-10-23,16:02:18.938000,11216,11217,11217,2
2019-10-23,16:02:19.008000,11216,11217,11217,2
2019-10-23,16:02:20.483000,11216,11217,11217,1
2019-10-23,16:02:20.530000,11216,11217,11216,2
2019-10-23,16:02:20.776000,11216,11217,11217,1
2019-10-23,16:02:22,11216,11217,11216,2
2019-10-23,16:02:22.036000,11216,11217,11216,2
2019-10-23,16:02:22.600000,11216,11217,11217,1
2019-10-23,16:02:23.986000,11216,11217,11217,1
2019-10-23,16:02:24.428000,11216,11217,11216,1
2019-10-23,16:02:25.171000,11216,11217,11216,1
2019-10-23,16:02:29.511000,11216,11217,11216,2
2019-10-23,16:02:33.791000,11216,11217,11216,1
2019-10-23,16:02:37.213000,11216,11217,11216,1
2019-10-23,16:02:38.123000,11216,11217,11217,4
2019-10-23,16:02:47.082000,11216,11217,11217,9
2019-10-23,16:02:52.294000,11216,11217,11217,1
2019-10-23,16:02:52.544000,11216,11217,11217,2
2019-10-23,16:02:53.060000,11216,11217,11217,1
2019-10-23,16:02:54.477000,11216,11217,11217,2
2019-10-23,16:02:59.621000,11216,11217,11217,1
2019-10-23,16:03:03.291000,11216,11217,11217,7
2019-10-23,16:03:03.575000,11217,11218,11218,3
2019-10-23,16:03:03.928000,11217,11218,11218,1
2019-10-23,16:03:04.312000,11217,11218,11218,1
2019-10-23,16:03:04.537000,11217,11218,11217,3
2019-10-23,16:03:05.810000,11217,11218,11218,41
2019-10-23,16:03:07.169000,11218,11219,11218,1
2019-10-23,16:03:07.467000,11218,11219,11218,1
2019-10-23,16:03:12.933000,11218,11219,11218,1
2019-10-23,16:03:13.566000,11218,11219,11218,3
2019-10-23,16:03:13.566000,11218,11219,11217,2
2019-10-23,16:03:14.313000,11217,11218,11218,6
2019-10-23,16:03:15.409000,11217,11218,11218,1
2019-10-23,16:03:18.743000,11217,11218,11218,1
2019-10-23,16:03:18.873000,11217,11218,11218,1
2019-10-23,16:03:20.694000,11217,11218,11218,1
2019-10-23,16:03:23.957000,11217,11218,11218,1
2019-10-23,16:03:24.166000,11217,11218,11218,5
2019-10-23,16:03:24.219000,11217,11218,11218,2
2019-10-23,16:03:24.231000,11217,11218,11218,1
2019-10-23,16:03:26.727000,11217,11218,11217,1
2019-10-23,16:03:28.210000,11217,11218,11217,2
2019-10-23,16:03:28.329000,11217,11218,11217,8
2019-10-23,16:03:39.914000,11216,11217,11216,1
2019-10-23,16:03:58.076000,11216,11217,11216,1
2019-10-23,16:03:58.144000,11216,11217,11216,15
2019-10-23,16:03:59.896000,11216,11217,11216,1
2019-10-23,16:04:00.403000,11216,11217,11216,2
2019-10-23,16:04:01.239000,11216,11217,11216,1
2019-10-23,16:04:02.354000,11215,11216,11216,1
2019-10-23,16:04:02.542000,11215,11216,11216,1
2019-10-23,16:04:05.578000,11216,11217,11217,3
2019-10-23,16:04:06.223000,11216,11217,11217,3
2019-10-23,16:04:06.890000,11216,11217,11217,2
2019-10-23,16:04:07.470000,11216,11217,11217,2
2019-10-23,16:04:11.686000,11216,11217,11217,1
2019-10-23,16:04:13.346000,11216,11217,11217,1
2019-10-23,16:04:13.594000,11216,11217,11217,1
2019-10-23,16:04:18.695000,11216,11217,11217,21
2019-10-23,16:04:19.332000,11217,11218,11217,1
2019-10-23,16:04:19.641000,11217,11218,11218,5
2019-10-23,16:04:24.747000,11217,11218,11218,6
2019-10-23,16:04:24.747000,11217,11218,11218,4
2019-10-23,16:04:27.667000,11217,11218,11218,1
2019-10-23,16:04:35.870000,11218,11219,11218,1
2019-10-23,16:04:37.293000,11218,11219,11218,1
2019-10-23,16:04:37.404000,11218,11219,11218,2
2019-10-23,16:04:51.215000,11217,11218,11218,1
2019-10-23,16:04:54.287000,11217,11218,11218,4
2019-10-23,16:04:55.298000,11217,11218,11218,3
2019-10-23,16:05:00.110000,11217,11218,11218,5
2019-10-23,16:05:00.861000,11217,11218,11218,1
2019-10-23,16:05:01.202000,11217,11218,11218,1
2019-10-23,16:05:07.401000,11217,11218,11218,2
2019-10-23,16:05:07.691000,11217,11218,11218,3
2019-10-23,16:05:15.127000,11217,11218,11218,5
2019-10-23,16:05:19.523000,11217,11218,11218,1
2019-10-23,16:05:34.091000,11217,11218,11218,1
2019-10-23,16:05:39.366000,11217,11218,11218,1
2019-10-23,16:06:02.326000,11217,11218,11218,2
2019-10-23,16:06:03.301000,11217,11218,11218,3
2019-10-23,16:06:04.410000,11217,11218,11218,6
2019-10-23,16:06:11.752000,11217,11218,11218,2
2019-10-23,16:06:14.191000,11217,11218,11218,1
2019-10-23,16:06:17.556000,11217,11218,11218,6
2019-10-23,16:06:20.383000,11217,11218,11218,1
2019-10-23,16:06:20.429000,11217,11218,11218,2
2019-10-23,16:06:21.445000,11217,11218,11218,7
2019-10-23,16:06:21.446000,11217,11218,11218,7
2019-10-23,16:06:22.200000,11218,11219,11218,1
2019-10-23,16:06:26.870000,11218,11219,11218,1
2019-10-23,16:06:28.943000,11218,11219,11218,1
2019-10-23,16:06:31.058000,11218,11219,11218,2
2019-10-23,16:06:31.569000,11218,11219,11218,1
2019-10-23,16:06:35.208000,11218,11219,11218,1
2019-10-23,16:06:38.608000,11218,11219,11219,1
2019-10-23,16:06:38.784000,11218,11219,11219,1
2019-10-23,16:06:38.835000,11218,11219,11219,1
2019-10-23,16:06:38.897000,11218,11219,11219,1
2019-10-23,16:06:39.244000,11218,11219,11219,1
2019-10-23,16:06:44.466000,11218,11219,11218,1
2019-10-23,16:07:02.257000,11218,11219,11218,1
2019-10-23,16:07:11.858000,11218,11219,11218,1
2019-10-23,16:07:25.649000,11218,11219,11218,1
2019-10-23,16:07:29.505000,11218,11219,11219,10
2019-10-23,16:07:42.071000,11218,11219,11219,1
2019-10-23,16:07:54.018000,11218,11219,11219,1
2019-10-23,16:07:54.019000,11218,11219,11219,4
2019-10-23,16:07:55.699000,11218,11219,11219,1
2019-10-23,16:07:56.042000,11218,11219,11219,1
2019-10-23,16:07:58.766000,11218,11219,11219,1
2019-10-23,16:08:00.331000,11218,11219,11219,1
2019-10-23,16:08:01.146000,11218,11219,11219,1
2019-10-23,16:08:02.385000,11218,11219,11219,2
2019-10-23,16:08:03.245000,11218,11219,11219,1
2019-10-23,16:08:03.293000,11218,11219,11219,3
2019-10-23,16:08:03.293000,11218,11219,11219,1
2019-10-23,16:08:03.293000,11218,11219,11219,4
2019-10-23,16:08:03.293000,11218,11219,11219,7
2019-10-23,16:08:03.293000,11218,11219,11219,8
2019-10-23,16:08:03.394000,11218,11219,11219,14
2019-10-23,16:08:03.741000,11219,11220,11220,1
2019-10-23,16:08:03.775000,11219,11220,11220,1
2019-10-23,16:08:03.802000,11219,11220,11220,2
2019-10-23,16:08:03.956000,11219,11220,11220,4
2019-10-23,16:08:03.960000,11219,11220,11220,4
2019-10-23,16:08:03.976000,11219,11220,11220,1
2019-10-23,16:08:03.982000,11219,11220,11220,4
2019-10-23,16:08:04.010000,11219,11220,11220,4
2019-10-23,16:08:04.029000,11219,11220,11220,4
2019-10-23,16:08:04.029000,11219,11220,11220,10
2019-10-23,16:08:04.038000,11219,11220,11220,1
2019-10-23,16:08:04.056000,11219,11220,11220,1
2019-10-23,16:08:04.081000,11219,11220,11220,4
2019-10-23,16:08:04.105000,11219,11220,11220,4
2019-10-23,16:08:04.170000,11219,11220,11220,10
2019-10-23,16:08:04.182000,11219,11220,11220,4
2019-10-23,16:08:04.241000,11219,11220,11220,4
2019-10-23,16:08:04.269000,11219,11220,11220,2
2019-10-23,16:08:04.269000,11219,11220,11220,2
2019-10-23,16:08:04.280000,11219,11220,11220,10
2019-10-23,16:08:04.347000,11219,11220,11220,2
2019-10-23,16:08:04.366000,11219,11220,11220,2
2019-10-23,16:08:04.385000,11219,11220,11220,4
2019-10-23,16:08:04.388000,11219,11220,11220,2
2019-10-23,16:08:04.394000,11219,11220,11220,10
2019-10-23,16:08:04.394000,11219,11220,11220,1
2019-10-23,16:08:04.413000,11219,11220,11220,4
2019-10-23,16:08:04.421000,11219,11220,11220,10
2019-10-23,16:08:04.436000,11219,11220,11220,1
2019-10-23,16:08:04.466000,11219,11220,11220,4
2019-10-23,16:08:04.491000,11219,11220,11220,4
2019-10-23,16:08:04.964000,11220,11221,11220,1
2019-10-23,16:08:05.537000,11220,11221,11220,1
2019-10-23,16:08:08.972000,11219,11220,11220,1
2019-10-23,16:08:13.064000,11219,11220,11219,1
2019-10-23,16:08:13.695000,11219,11220,11220,1
2019-10-23,16:08:15.099000,11219,11220,11220,1
2019-10-23,16:08:16.767000,11219,11220,11220,1
2019-10-23,16:08:17.060000,11219,11220,11220,1
2019-10-23,16:08:18.934000,11219,11220,11220,1
2019-10-23,16:08:19.424000,11219,11220,11220,1
2019-10-23,16:08:19.920000,11219,11220,11220,1
2019-10-23,16:08:20.142000,11219,11220,11220,1
2019-10-23,16:08:21.485000,11219,11220,11220,1
2019-10-23,16:08:22.705000,11219,11220,11220,1
2019-10-23,16:08:22.786000,11219,11220,11220,1
2019-10-23,16:08:24.543000,11219,11220,11220,1
2019-10-23,16:08:31.535000,11219,11220,11220,1
2019-10-23,16:08:32.210000,11219,11220,11220,1
2019-10-23,16:08:34.493000,11219,11220,11220,1
2019-10-23,16:08:35.240000,11219,11220,11220,1
2019-10-23,16:08:35.555000,11219,11220,11220,2
2019-10-23,16:08:39.441000,11219,11220,11220,2
2019-10-23,16:08:40.461000,11219,11220,11220,1
2019-10-23,16:08:42.817000,11219,11220,11220,1
2019-10-23,16:08:45.719000,11219,11220,11220,1
2019-10-23,16:08:48.220000,11219,11220,11220,6
2019-10-23,16:08:51.788000,11220,11221,11221,1
2019-10-23,16:08:52.078000,11220,11221,11221,1
2019-10-23,16:08:52.086000,11220,11221,11221,1
2019-10-23,16:08:52.140000,11220,11221,11221,1
2019-10-23,16:08:52.372000,11220,11221,11221,2
2019-10-23,16:08:56.102000,11220,11221,11220,1
2019-10-23,16:08:58.045000,11220,11221,11220,3
2019-10-23,16:09:00.787000,11220,11221,11221,2
2019-10-23,16:09:01.321000,11220,11221,11220,3
2019-10-23,16:09:02.069000,11220,11221,11221,1
2019-10-23,16:09:03.240000,11220,11221,11220,3
2019-10-23,16:09:03.307000,11220,11221,11221,1
2019-10-23,16:09:03.463000,11220,11221,11220,1
2019-10-23,16:09:04.857000,11220,11221,11221,1
2019-10-23,16:09:05.654000,11220,11221,11221,1
2019-10-23,16:09:07.873000,11220,11221,11221,1
2019-10-23,16:09:08.470000,11220,11221,11221,2
2019-10-23,16:09:09.929000,11220,11221,11220,1
2019-10-23,16:09:09.961000,11220,11221,11221,1
2019-10-23,16:09:13.780000,11220,11221,11221,2
2019-10-23,16:09:15.409000,11220,11221,11221,1
2019-10-23,16:09:15.425000,11220,11221,11221,1
2019-10-23,16:09:15.504000,11220,11221,11221,1
2019-10-23,16:09:16.483000,11220,11221,11221,1
2019-10-23,16:09:17.656000,11220,11221,11221,2
2019-10-23,16:09:24.189000,11220,11221,11221,1
2019-10-23,16:09:27.711000,11220,11221,11220,1
2019-10-23,16:09:27.858000,11220,11221,11220,18
2019-10-23,16:09:27.858000,11220,11221,11220,1
2019-10-23,16:09:27.859000,11220,11221,11220,3
2019-10-23,16:09:27.859000,11220,11221,11220,2
2019-10-23,16:09:27.860000,11220,11221,11220,4
2019-10-23,16:09:27.863000,11220,11221,11220,4
2019-10-23,16:09:27.867000,11220,11221,11220,19
2019-10-23,16:09:28.704000,11219,11220,11220,1
2019-10-23,16:09:29.800000,11219,11220,11220,1
2019-10-23,16:09:30.870000,11219,11220,11220,1
2019-10-23,16:09:31.979000,11219,11220,11220,1
2019-10-23,16:09:34.013000,11219,11220,11220,3
2019-10-23,16:09:37.388000,11219,11220,11219,2
2019-10-23,16:09:38.131000,11219,11220,11219,5
2019-10-23,16:09:38.144000,11219,11220,11219,5
2019-10-23,16:09:39.511000,11218,11219,11219,4
2019-10-23,16:09:39.519000,11218,11219,11219,1
2019-10-23,16:09:43.719000,11219,11220,11219,1
2019-10-23,16:09:55.769000,11219,11220,11219,1
2019-10-23,16:09:56.369000,11219,11220,11219,1
2019-10-23,16:09:56.476000,11219,11220,11220,2
2019-10-23,16:09:57.145000,11219,11220,11219,1
2019-10-23,16:09:59.907000,11219,11220,11220,1
2019-10-23,16:10:02.778000,11219,11220,11219,1
2019-10-23,16:10:02.969000,11219,11220,11220,1
2019-10-23,16:10:20.394000,11219,11220,11219,3
2019-10-23,16:10:20.519000,11219,11220,11219,6
2019-10-23,16:10:20.644000,11219,11220,11219,3
2019-10-23,16:10:21.638000,11218,11220,11220,7
2019-10-23,16:10:33.977000,11218,11219,11219,1
2019-10-23,16:10:40.704000,11218,11219,11219,1
2019-10-23,16:10:54.328000,11218,11219,11219,2
2019-10-23,16:11:04.369000,11218,11219,11219,1
2019-10-23,16:11:09.214000,11218,11219,11218,2
2019-10-23,16:11:09.290000,11218,11219,11218,2
2019-10-23,16:11:15.564000,11218,11219,11218,1
2019-10-23,16:11:15.587000,11218,11219,11218,1
2019-10-23,16:11:15.593000,11218,11219,11218,2
2019-10-23,16:11:15.620000,11218,11219,11218,3
2019-10-23,16:11:15.644000,11218,11219,11218,8
2019-10-23,16:11:15.644000,11218,11219,11218,8
2019-10-23,16:11:19.805000,11217,11218,11218,1
2019-10-23,16:11:22.243000,11217,11218,11217,1
2019-10-23,16:11:22.874000,11217,11218,11217,3
2019-10-23,16:11:24.046000,11217,11218,11218,1
2019-10-23,16:11:33.429000,11217,11218,11217,1
2019-10-23,16:11:37.277000,11217,11218,11218,1
2019-10-23,16:11:46.986000,11217,11218,11217,1
2019-10-23,16:11:47.714000,11217,11218,11218,3
2019-10-23,16:11:53.214000,11217,11218,11218,1
2019-10-23,16:11:58.543000,11217,11218,11217,1
2019-10-23,16:12:02.216000,11217,11218,11218,5
2019-10-23,16:12:04.189000,11217,11218,11218,9
2019-10-23,16:12:10.338000,11217,11218,11218,1
2019-10-23,16:12:12.159000,11218,11219,11218,1
2019-10-23,16:12:16.976000,11217,11218,11218,2
2019-10-23,16:12:20.843000,11217,11218,11218,1
2019-10-23,16:12:22.672000,11217,11218,11218,1
2019-10-23,16:12:25.865000,11217,11218,11217,20
2019-10-23,16:12:27.865000,11217,11218,11218,2
2019-10-23,16:12:37.584000,11217,11218,11218,1
2019-10-23,16:12:39.518000,11217,11218,11218,9
2019-10-23,16:12:41.110000,11218,11219,11218,3
2019-10-23,16:12:46.257000,11218,11219,11219,1
2019-10-23,16:13:00.198000,11218,11219,11218,1
2019-10-23,16:13:06.350000,11218,11219,11218,1
2019-10-23,16:13:11.269000,11218,11219,11218,2
2019-10-23,16:13:11.394000,11218,11219,11218,6
2019-10-23,16:13:11.394000,11218,11219,11218,1
2019-10-23,16:13:11.394000,11218,11219,11218,12
2019-10-23,16:13:14.468000,11217,11218,11218,1
2019-10-23,16:13:20.825000,11217,11218,11218,1
2019-10-23,16:14:00.201000,11217,11218,11217,1
2019-10-23,16:14:00.826000,11217,11218,11218,2
2019-10-23,16:14:01.372000,11217,11218,11217,3
2019-10-23,16:14:08.315000,11217,11218,11217,1
2019-10-23,16:14:09.540000,11217,11218,11217,1
2019-10-23,16:14:52.304000,11217,11218,11217,1
2019-10-23,16:14:54.808000,11217,11218,11217,3
2019-10-23,16:15:03.483000,11217,11218,11217,1
2019-10-23,16:15:04.429000,11217,11218,11218,2
2019-10-23,16:15:05.132000,11217,11218,11218,1
2019-10-23,16:15:16.750000,11217,11218,11218,11
2019-10-23,16:15:16.769000,11217,11218,11218,2
2019-10-23,16:15:17.251000,11218,11219,11218,1
2019-10-23,16:15:38.489000,11217,11218,11218,1
2019-10-23,16:15:42.363000,11217,11218,11217,1
2019-10-23,16:15:42.888000,11217,11218,11218,4
2019-10-23,16:15:42.888000,11217,11218,11218,3
2019-10-23,16:15:47.393000,11218,11219,11218,1
2019-10-23,16:16:07.388000,11218,11219,11218,1
2019-10-23,16:16:19.704000,11218,11219,11218,6
2019-10-23,16:16:19.704000,11218,11219,11218,1
2019-10-23,16:16:19.704000,11218,11219,11218,3
2019-10-23,16:16:19.704000,11218,11219,11218,4
2019-10-23,16:16:55.468000,11217,11218,11218,8
2019-10-23,16:16:57.728000,11217,11218,11218,1
2019-10-23,16:17:13.475000,11217,11218,11218,1
2019-10-23,16:17:33.798000,11217,11218,11218,1
2019-10-23,16:18:56.644000,11217,11218,11217,5
2019-10-23,16:18:56.769000,11217,11218,11217,13
2019-10-23,16:19:05.069000,11216,11217,11217,1
2019-10-23,16:19:09.853000,11216,11217,11217,1
2019-10-23,16:19:22.327000,11216,11217,11217,5
2019-10-23,16:19:37.799000,11216,11217,11216,1
2019-10-23,16:19:44.709000,11216,11217,11217,3
2019-10-23,16:19:44.828000,11216,11217,11216,4
2019-10-23,16:19:49.507000,11216,11217,11216,6
2019-10-23,16:19:49.519000,11216,11217,11216,2
2019-10-23,16:19:49.519000,11216,11217,11216,2
2019-10-23,16:19:50.278000,11215,11216,11215,1
2019-10-23,16:19:50.537000,11215,11216,11215,2
2019-10-23,16:19:50.669000,11215,11216,11215,2
2019-10-23,16:19:52.414000,11215,11216,11215,3
2019-10-23,16:19:52.512000,11215,11216,11215,3
2019-10-23,16:19:52.519000,11215,11216,11215,2
2019-10-23,16:19:52.519000,11215,11216,11215,3
2019-10-23,16:19:52.522000,11215,11216,11215,3
2019-10-23,16:19:52.536000,11215,11216,11215,2
2019-10-23,16:19:52.698000,11215,11216,11215,5
2019-10-23,16:19:53.113000,11214,11215,11214,3
2019-10-23,16:19:53.296000,11214,11215,11214,1
2019-10-23,16:19:54.402000,11214,11215,11214,2
2019-10-23,16:19:55.310000,11214,11215,11214,1
2019-10-23,16:19:55.669000,11214,11215,11215,3
2019-10-23,16:19:56.587000,11214,11215,11215,1
2019-10-23,16:19:58.806000,11214,11215,11214,2
2019-10-23,16:20:02.305000,11214,11215,11214,1
2019-10-23,16:20:02.616000,11214,11215,11214,2
2019-10-23,16:20:03.589000,11214,11215,11214,2
2019-10-23,16:20:03.776000,11214,11215,11214,1
2019-10-23,16:20:04.986000,11214,11215,11215,3
2019-10-23,16:20:13.997000,11214,11215,11215,1
2019-10-23,16:20:14.503000,11214,11215,11215,1
2019-10-23,16:20:14.971000,11214,11215,11215,1
2019-10-23,16:20:15.407000,11214,11216,11214,6
2019-10-23,16:20:20.404000,11215,11216,11215,2
2019-10-23,16:20:24.704000,11215,11216,11215,2
2019-10-23,16:20:34.870000,11215,11216,11215,2
2019-10-23,16:20:35.345000,11215,11216,11215,2
2019-10-23,16:20:35.658000,11215,11216,11215,2
2019-10-23,16:20:37.473000,11215,11216,11215,2
2019-10-23,16:20:38.139000,11215,11216,11215,1
2019-10-23,16:20:39.528000,11215,11216,11215,1
2019-10-23,16:20:40.375000,11215,11216,11215,1
2019-10-23,16:20:41.210000,11215,11216,11215,1
2019-10-23,16:20:46.748000,11215,11216,11215,2
2019-10-23,16:20:47.406000,11215,11216,11215,1
2019-10-23,16:20:47.601000,11214,11215,11215,1
2019-10-23,16:20:47.601000,11214,11215,11216,2
2019-10-23,16:20:48.244000,11214,11215,11215,1
2019-10-23,16:20:50.634000,11214,11215,11215,1
2019-10-23,16:21:01.698000,11214,11215,11215,1
2019-10-23,16:21:02.432000,11214,11215,11214,1
2019-10-23,16:21:03.215000,11214,11215,11214,1
2019-10-23,16:21:04.725000,11214,11215,11214,1
2019-10-23,16:21:10.958000,11214,11215,11215,1
2019-10-23,16:21:18.099000,11214,11215,11215,1
2019-10-23,16:21:18.863000,11214,11215,11215,2
2019-10-23,16:21:33.617000,11214,11215,11214,1
2019-10-23,16:21:35.464000,11214,11215,11215,2
2019-10-23,16:21:41.126000,11214,11215,11215,3
2019-10-23,16:21:43.859000,11214,11215,11214,1
2019-10-23,16:21:50.023000,11214,11215,11215,3
2019-10-23,16:21:52.796000,11214,11215,11214,1
2019-10-23,16:22:10.472000,11214,11215,11215,2
2019-10-23,16:22:18.224000,11215,11216,11215,1
2019-10-23,16:22:18.443000,11214,11215,11215,1
2019-10-23,16:22:29.083000,11215,11216,11215,1
2019-10-23,16:22:37.021000,11215,11216,11215,2
2019-10-23,16:22:49.524000,11215,11216,11216,2
2019-10-23,16:22:50.383000,11215,11216,11216,6
2019-10-23,16:22:57.109000,11216,11217,11216,1
2019-10-23,16:23:07.271000,11216,11217,11217,1
2019-10-23,16:23:10.902000,11216,11217,11216,2
2019-10-23,16:23:24.447000,11216,11217,11216,2
2019-10-23,16:23:28.405000,11216,11217,11216,1
2019-10-23,16:23:29.206000,11216,11217,11216,1
2019-10-23,16:23:31.085000,11215,11216,11216,1
2019-10-23,16:23:36.411000,11216,11217,11216,1
2019-10-23,16:23:52.464000,11216,11217,11216,1
2019-10-23,16:24:19.851000,11216,11217,11216,1
2019-10-23,16:24:23.196000,11216,11217,11216,1
2019-10-23,16:24:24.073000,11216,11217,11216,1
2019-10-23,16:24:25.125000,11216,11217,11216,1
2019-10-23,16:24:30.022000,11216,11217,11216,3
2019-10-23,16:24:30.022000,11216,11217,11216,1
2019-10-23,16:24:30.022000,11216,11217,11216,1
2019-10-23,16:24:30.438000,11215,11216,11215,2
2019-10-23,16:24:30.457000,11215,11216,11215,1
2019-10-23,16:24:30.479000,11215,11216,11215,1
2019-10-23,16:24:30.609000,11215,11216,11215,3
2019-10-23,16:24:31.152000,11215,11216,11215,2
2019-10-23,16:24:46.144000,11215,11216,11216,4
2019-10-23,16:24:53.774000,11216,11217,11216,1
2019-10-23,16:25:10.430000,11216,11217,11216,1
2019-10-23,16:25:11.171000,11216,11217,11216,1
2019-10-23,16:25:11.428000,11216,11217,11216,1
2019-10-23,16:25:14.957000,11216,11217,11216,1
2019-10-23,16:25:15.005000,11216,11217,11216,1
2019-10-23,16:25:15.060000,11216,11217,11216,1
2019-10-23,16:25:18.175000,11216,11217,11216,1
2019-10-23,16:26:38.754000,11216,11217,11217,1
2019-10-23,16:26:44.318000,11216,11217,11217,1
2019-10-23,16:26:44.394000,11216,11217,11217,5
2019-10-23,16:26:46.566000,11217,11218,11217,1
2019-10-23,16:27:02.071000,11217,11218,11218,1
2019-10-23,16:27:02.654000,11217,11218,11218,2
2019-10-23,16:27:03.061000,11217,11218,11218,2
2019-10-23,16:27:03.144000,11217,11218,11218,18
2019-10-23,16:27:03.144000,11217,11218,11218,1
2019-10-23,16:27:03.269000,11218,11219,11219,2
2019-10-23,16:27:10.889000,11218,11219,11219,1
2019-10-23,16:27:52.013000,11218,11219,11218,1
2019-10-23,16:27:54.911000,11218,11219,11218,1
2019-10-23,16:27:56.138000,11218,11219,11218,1
2019-10-23,16:28:19.620000,11218,11219,11218,1
2019-10-23,16:28:19.896000,11218,11219,11218,1
2019-10-23,16:28:21.044000,11218,11219,11218,1
2019-10-23,16:28:25.799000,11217,11218,11217,1
2019-10-23,16:28:26.614000,11217,11218,11217,1
2019-10-23,16:28:38.675000,11217,11218,11217,3
2019-10-23,16:28:38.769000,11217,11218,11217,1
2019-10-23,16:28:43.175000,11216,11217,11217,2
2019-10-23,16:28:43.269000,11216,11217,11217,2
2019-10-23,16:28:48.158000,11217,11218,11217,1
2019-10-23,16:28:49.744000,11216,11217,11217,1
2019-10-23,16:29:09.353000,11217,11218,11217,1
2019-10-23,16:29:19.269000,11217,11218,11218,6
2019-10-23,16:29:19.394000,11217,11218,11218,3
2019-10-23,16:29:30.413000,11217,11218,11217,1
2019-10-23,16:29:33.821000,11217,11218,11218,2
2019-10-23,16:29:40.465000,11217,11218,11218,1
2019-10-23,16:29:50.938000,11217,11218,11218,1
2019-10-23,16:29:51.484000,11217,11218,11217,2
2019-10-23,16:29:51.760000,11217,11218,11217,4
2019-10-23,16:29:53.094000,11216,11217,11217,1
2019-10-23,16:29:55.590000,11216,11217,11217,1
2019-10-23,16:30:01.407000,11216,11217,11217,1
2019-10-23,16:30:02.048000,11216,11217,11217,1
2019-10-23,16:30:02.048000,11216,11217,11217,1
2019-10-23,16:30:24.379000,11217,11218,11217,1
2019-10-23,16:30:29.072000,11217,11218,11218,3
2019-10-23,16:31:17.946000,11217,11218,11217,1
2019-10-23,16:31:25.939000,11217,11218,11217,2
2019-10-23,16:31:38.453000,11217,11218,11217,1
2019-10-23,16:31:38.519000,11217,11218,11217,2
2019-10-23,16:31:38.644000,11217,11218,11217,1
2019-10-23,16:32:36.248000,11216,11217,11216,1
2019-10-23,16:32:46.020000,11216,11217,11216,18
2019-10-23,16:33:17.129000,11215,11216,11215,3
2019-10-23,16:33:24.652000,11215,11216,11215,1
2019-10-23,16:33:40.026000,11215,11216,11215,1
2019-10-23,16:33:40.726000,11215,11216,11215,1
2019-10-23,16:33:42.817000,11215,11216,11215,1
2019-10-23,16:34:07.226000,11215,11216,11215,10
2019-10-23,16:34:17.359000,11214,11215,11214,1
2019-10-23,16:34:17.480000,11214,11215,11215,2
2019-10-23,16:34:17.480000,11214,11215,11215,1
2019-10-23,16:34:38.606000,11215,11216,11215,1
2019-10-23,16:35:12.843000,11215,11216,11216,1
2019-10-23,16:35:12.846000,11215,11216,11216,3
2019-10-23,16:35:12.847000,11215,11216,11216,2
2019-10-23,16:35:34.276000,11216,11217,11217,1
2019-10-23,16:35:34.276000,11216,11217,11217,1
2019-10-23,16:35:34.276000,11216,11217,11217,1
2019-10-23,16:35:41.481000,11216,11217,11217,5
2019-10-23,16:35:42.184000,11216,11217,11217,1
2019-10-23,16:35:54.207000,11216,11217,11217,1
2019-10-23,16:35:54.519000,11216,11217,11217,1
2019-10-23,16:36:13.973000,11216,11217,11216,1
2019-10-23,16:36:17.019000,11215,11216,11215,1
2019-10-23,16:36:30.108000,11215,11216,11216,1
2019-10-23,16:37:15.382000,11216,11217,11216,1
2019-10-23,16:37:21.643000,11215,11216,11216,1
2019-10-23,16:37:39.953000,11216,11217,11216,1
2019-10-23,16:37:56.813000,11215,11216,11216,1
2019-10-23,16:38:11.989000,11215,11217,11217,10
2019-10-23,16:38:23.794000,11216,11217,11216,1
2019-10-23,16:38:40.685000,11216,11217,11217,1
2019-10-23,16:39:24.895000,11216,11217,11217,1
2019-10-23,16:39:36.644000,11216,11217,11217,5
2019-10-23,16:39:36.769000,11216,11217,11217,4
2019-10-23,16:39:44.192000,11216,11218,11216,2
2019-10-23,16:39:54.443000,11216,11217,11216,1
2019-10-23,16:39:58.378000,11216,11217,11216,1
2019-10-23,16:40:00.078000,11216,11217,11216,1
2019-10-23,16:40:17.620000,11215,11216,11215,2
2019-10-23,16:41:33.685000,11215,11216,11216,3
2019-10-23,16:41:43.468000,11216,11217,11217,1
2019-10-23,16:41:48.327000,11216,11217,11216,1
2019-10-23,16:42:02.507000,11215,11217,11215,20
2019-10-23,16:42:51.884000,11215,11217,11217,1
2019-10-23,16:42:53.146000,11215,11217,11215,1
2019-10-23,16:43:05.008000,11215,11216,11215,1
2019-10-23,16:43:31.925000,11215,11216,11216,1
2019-10-23,16:43:37.009000,11215,11216,11215,1
2019-10-23,16:43:45.656000,11215,11216,11216,1
2019-10-23,16:44:28.740000,11215,11216,11216,1
2019-10-23,16:44:38.507000,11215,11216,11216,1
2019-10-23,16:44:41.395000,11215,11216,11216,1
2019-10-23,16:44:45.058000,11215,11216,11216,1
2019-10-23,16:45:01.510000,11215,11216,11215,1
2019-10-23,16:45:04.823000,11215,11216,11216,2
2019-10-23,16:45:33.684000,11215,11216,11216,1
2019-10-23,16:45:52.582000,11215,11216,11216,1
2019-10-23,16:46:04.509000,11215,11216,11215,1
2019-10-23,16:46:04.869000,11215,11216,11215,17
2019-10-23,16:46:04.894000,11215,11216,11215,2
2019-10-23,16:46:36.290000,11214,11215,11214,6
2019-10-23,16:46:36.328000,11214,11215,11214,1
2019-10-23,16:46:37.263000,11214,11215,11214,10
2019-10-23,16:46:37.450000,11214,11215,11215,2
2019-10-23,16:47:10.699000,11214,11215,11215,1
2019-10-23,16:47:34.323000,11214,11215,11215,5
2019-10-23,16:47:48.275000,11214,11215,11215,1
2019-10-23,16:48:28.564000,11214,11215,11214,3
2019-10-23,16:48:28.564000,11214,11215,11214,7
2019-10-23,16:48:28.644000,11213,11214,11214,3
2019-10-23,16:48:33.894000,11213,11214,11214,2
2019-10-23,16:48:39.190000,11214,11215,11214,1
2019-10-23,16:49:14.432000,11214,11215,11214,1
2019-10-23,16:49:14.624000,11214,11215,11214,3
2019-10-23,16:49:17.936000,11214,11215,11214,3
2019-10-23,16:49:18.863000,11214,11215,11214,3
2019-10-23,16:49:21.008000,11214,11215,11214,1
2019-10-23,16:49:44.568000,11214,11215,11214,2
2019-10-23,16:49:51.231000,11214,11215,11214,1
2019-10-23,16:49:58.571000,11214,11215,11214,1
2019-10-23,16:50:09.561000,11214,11215,11214,1
2019-10-23,16:50:53.389000,11214,11215,11214,1
2019-10-23,16:50:55.846000,11214,11215,11214,1
2019-10-23,16:51:02.146000,11214,11215,11214,1
2019-10-23,16:51:33.722000,11214,11215,11214,1
2019-10-23,16:51:33.938000,11214,11215,11215,1
2019-10-23,16:51:48.842000,11214,11215,11215,1
2019-10-23,16:51:50.964000,11214,11215,11215,1
2019-10-23,16:51:53.033000,11214,11215,11215,3
2019-10-23,16:51:53.144000,11214,11215,11215,5
2019-10-23,16:51:53.269000,11214,11215,11215,1
2019-10-23,16:51:53.269000,11214,11215,11215,1
2019-10-23,16:51:53.344000,11214,11215,11215,1
2019-10-23,16:51:53.345000,11214,11215,11215,2
2019-10-23,16:51:53.347000,11214,11215,11215,2
2019-10-23,16:51:53.394000,11214,11215,11215,9
2019-10-23,16:51:55.027000,11215,11216,11215,1
2019-10-23,16:52:10.665000,11215,11216,11216,1
2019-10-23,16:52:14.849000,11215,11216,11216,1
2019-10-23,16:52:37.495000,11215,11216,11216,1
2019-10-23,16:52:42.634000,11215,11216,11216,1
2019-10-23,16:52:50.187000,11215,11216,11216,2
2019-10-23,16:52:50.269000,11215,11216,11216,2
2019-10-23,16:52:50.269000,11215,11216,11216,1
2019-10-23,16:52:56.401000,11216,11217,11216,1
2019-10-23,16:52:56.858000,11216,11217,11216,2
2019-10-23,16:53:02.244000,11216,11217,11216,1
2019-10-23,16:53:07.238000,11216,11217,11216,1
2019-10-23,16:53:12.718000,11216,11217,11216,1
2019-10-23,16:53:15.465000,11216,11217,11217,1
2019-10-23,16:53:15.723000,11216,11217,11217,1
2019-10-23,16:53:19.445000,11216,11217,11216,1
2019-10-23,16:53:33.106000,11216,11217,11216,2
2019-10-23,16:53:37.706000,11215,11216,11216,1
2019-10-23,16:54:03.168000,11215,11216,11216,1
2019-10-23,16:54:09.302000,11215,11216,11216,1
2019-10-23,16:54:12.812000,11215,11216,11216,1
2019-10-23,16:54:16.361000,11215,11216,11216,1
2019-10-23,16:54:24.732000,11215,11216,11216,1
2019-10-23,16:54:28.496000,11216,11217,11217,1
2019-10-23,16:55:21.809000,11216,11217,11216,1
2019-10-23,16:59:33.802000,11216,11217,11216,1
2019-10-23,16:59:45.775000,11216,11217,11216,1
2019-10-23,16:59:47.671000,11216,11217,11216,1
2019-10-23,17:00:04.636000,11216,11217,11217,16
2019-10-23,17:00:04.637000,11216,11217,11217,15
2019-10-23,17:00:04.637000,11216,11217,11217,4
2019-10-23,17:00:04.637000,11216,11217,11217,1
2019-10-23,17:00:04.637000,11216,11217,11217,3
2019-10-23,17:00:04.644000,11216,11217,11217,1
2019-10-23,17:00:04.644000,11216,11217,11217,2
2019-10-23,17:00:04.644000,11216,11217,11217,2
2019-10-23,17:00:05.082000,11217,11218,11218,1
2019-10-23,17:00:05.090000,11217,11218,11217,3
2019-10-23,17:00:05.090000,11217,11218,11216,2
2019-10-23,17:00:05.090000,11217,11218,11216,5
2019-10-23,17:00:05.149000,11216,11218,11218,3
2019-10-23,17:00:05.186000,11216,11218,11218,1
2019-10-23,17:00:05.221000,11216,11218,11218,2
2019-10-23,17:00:05.468000,11216,11218,11218,2
2019-10-23,17:00:05.712000,11217,11218,11218,2
2019-10-23,17:00:05.835000,11217,11218,11218,2
2019-10-23,17:00:32.901000,11216,11217,11217,10
2019-10-23,17:00:46.894000,11216,11217,11216,11
2019-10-23,17:01:25.314000,11215,11216,11215,1
2019-10-23,17:01:37.894000,11215,11216,11216,2
2019-10-23,17:01:38.144000,11215,11216,11216,3
2019-10-23,17:01:38.394000,11215,11216,11216,1
2019-10-23,17:01:51.642000,11216,11217,11216,2
2019-10-23,17:01:51.644000,11215,11216,11216,1
2019-10-23,17:01:55.769000,11215,11216,11216,2
2019-10-23,17:01:59.696000,11215,11216,11216,1
2019-10-23,17:02:17.562000,11215,11216,11215,1
2019-10-23,17:02:19.076000,11215,11216,11215,1
2019-10-23,17:02:21.994000,11215,11216,11215,1
2019-10-23,17:02:54.849000,11215,11216,11215,1
2019-10-23,17:03:37.997000,11215,11216,11215,1
2019-10-23,17:03:41.232000,11215,11216,11215,5
2019-10-23,17:03:48.676000,11214,11215,11215,1
2019-10-23,17:04:04.888000,11214,11215,11215,1
2019-10-23,17:05:37.280000,11215,11216,11216,9
2019-10-23,17:05:37.394000,11215,11216,11216,1
2019-10-23,17:06:16.862000,11216,11217,11217,2
2019-10-23,17:06:31.065000,11216,11217,11217,1
2019-10-23,17:07:05.869000,11216,11217,11217,1
2019-10-23,17:08:09.217000,11216,11217,11216,2
2019-10-23,17:08:19.068000,11216,11217,11217,2
2019-10-23,17:08:29.800000,11216,11217,11216,2
2019-10-23,17:09:02.895000,11216,11217,11217,5
2019-10-23,17:09:44.510000,11216,11217,11217,1
2019-10-23,17:09:55.642000,11216,11217,11217,1
2019-10-23,17:10:26.643000,11216,11217,11216,8
2019-10-23,17:10:47.449000,11215,11216,11216,1
2019-10-23,17:10:55.167000,11215,11216,11216,1
2019-10-23,17:11:02.307000,11215,11216,11216,4
2019-10-23,17:11:37.447000,11216,11217,11216,8
2019-10-23,17:12:53.878000,11215,11216,11216,1
2019-10-23,17:13:36.770000,11215,11216,11216,1
2019-10-23,17:13:36.771000,11215,11216,11216,1
2019-10-23,17:13:36.772000,11215,11216,11216,2
2019-10-23,17:13:50.966000,11216,11217,11217,5
2019-10-23,17:14:24.382000,11216,11217,11217,1
2019-10-23,17:14:38.099000,11216,11217,11217,4
2019-10-23,17:15:02.581000,11216,11217,11217,8
2019-10-23,17:15:06.364000,11216,11217,11217,1
2019-10-23,17:15:22.834000,11216,11217,11217,1
2019-10-23,17:15:42.377000,11216,11217,11216,1
2019-10-23,17:15:54.554000,11216,11217,11216,1
2019-10-23,17:15:55.019000,11216,11217,11216,1
2019-10-23,17:17:13.873000,11215,11216,11216,1
2019-10-23,17:17:17.070000,11215,11216,11216,1
2019-10-23,17:18:57.878000,11215,11216,11215,2
2019-10-23,17:19:36.167000,11215,11216,11216,1
2019-10-23,17:19:49.777000,11215,11216,11216,1
2019-10-23,17:20:00.186000,11215,11216,11215,2
2019-10-23,17:20:30.975000,11215,11216,11215,8
2019-10-23,17:20:38.307000,11215,11216,11215,4
2019-10-23,17:21:04.723000,11214,11215,11215,1
2019-10-23,17:21:42.372000,11214,11215,11214,1
2019-10-23,17:21:43.180000,11214,11215,11214,1
2019-10-23,17:21:46.091000,11214,11215,11214,1
2019-10-23,17:21:48.378000,11214,11215,11214,1
2019-10-23,17:22:04.827000,11214,11215,11214,15
2019-10-23,17:22:27.207000,11214,11215,11214,1
2019-10-23,17:22:32.768000,11214,11215,11214,1
2019-10-23,17:22:43.145000,11214,11215,11214,1
2019-10-23,17:24:17.466000,11214,11215,11214,2
2019-10-23,17:24:46.140000,11214,11215,11214,1
2019-10-23,17:24:46.375000,11214,11215,11214,4
2019-10-23,17:25:02.356000,11214,11215,11214,17
2019-10-23,17:25:15.030000,11214,11215,11214,2
2019-10-23,17:25:15.030000,11214,11215,11213,3
2019-10-23,17:25:15.321000,11213,11215,11213,1
2019-10-23,17:25:25.977000,11213,11214,11213,1
2019-10-23,17:25:31.577000,11213,11214,11213,1
2019-10-23,17:25:39.821000,11213,11214,11214,3
2019-10-23,17:25:39.837000,11213,11214,11213,1
2019-10-23,17:26:01.627000,11213,11214,11213,1
2019-10-23,17:26:22.425000,11213,11214,11213,1
2019-10-23,17:26:26.959000,11213,11214,11213,1
2019-10-23,17:26:28.572000,11213,11214,11213,1
2019-10-23,17:26:29.896000,11213,11214,11213,1
2019-10-23,17:26:30.019000,11213,11214,11213,1
2019-10-23,17:26:33.534000,11213,11214,11213,1
2019-10-23,17:26:37.572000,11213,11214,11213,5
2019-10-23,17:26:37.670000,11213,11214,11213,1
2019-10-23,17:26:37.670000,11213,11214,11213,1
2019-10-23,17:26:37.671000,11213,11214,11213,2
2019-10-23,17:26:37.671000,11213,11214,11213,1
2019-10-23,17:26:37.677000,11213,11214,11213,3
2019-10-23,17:26:43.384000,11212,11213,11212,1
2019-10-23,17:26:43.701000,11212,11213,11212,1
2019-10-23,17:26:44.217000,11212,11213,11212,3
2019-10-23,17:26:46.945000,11212,11213,11213,1
2019-10-23,17:26:49.817000,11212,11213,11212,1
2019-10-23,17:26:58.586000,11212,11213,11213,2
2019-10-23,17:27:00.702000,11212,11213,11212,1
2019-10-23,17:27:00.737000,11212,11213,11213,1
2019-10-23,17:27:03.123000,11212,11213,11213,1
2019-10-23,17:27:03.334000,11212,11213,11213,3
2019-10-23,17:27:03.337000,11212,11213,11213,1
2019-10-23,17:27:03.361000,11212,11213,11213,3
2019-10-23,17:27:03.379000,11212,11213,11213,3
2019-10-23,17:27:03.395000,11212,11213,11213,2
2019-10-23,17:27:03.413000,11212,11213,11213,3
2019-10-23,17:27:03.519000,11212,11213,11213,1
2019-10-23,17:27:03.552000,11212,11213,11214,1
2019-10-23,17:27:03.567000,11212,11213,11214,2
2019-10-23,17:27:03.580000,11212,11213,11214,1
2019-10-23,17:27:03.580000,11212,11213,11214,2
2019-10-23,17:27:03.598000,11212,11213,11214,1
2019-10-23,17:27:03.599000,11212,11213,11214,3
2019-10-23,17:27:03.727000,11213,11214,11214,1
2019-10-23,17:27:03.738000,11213,11214,11214,3
2019-10-23,17:27:03.742000,11213,11214,11214,1
2019-10-23,17:27:03.836000,11213,11214,11214,3
2019-10-23,17:27:03.837000,11213,11214,11214,3
2019-10-23,17:27:03.860000,11213,11214,11214,2
2019-10-23,17:27:03.861000,11213,11214,11214,2
2019-10-23,17:27:03.878000,11213,11214,11214,3
2019-10-23,17:27:03.878000,11213,11214,11214,2
2019-10-23,17:27:03.882000,11213,11214,11214,3
2019-10-23,17:27:03.894000,11213,11214,11214,1
2019-10-23,17:27:03.903000,11213,11214,11214,3
2019-10-23,17:27:03.920000,11213,11214,11214,2
2019-10-23,17:27:03.920000,11213,11214,11215,1
2019-10-23,17:27:03.924000,11213,11214,11215,3
2019-10-23,17:27:03.941000,11213,11214,11215,3
2019-10-23,17:27:04.584000,11213,11215,11215,4
2019-10-23,17:27:04.934000,11213,11215,11215,3
2019-10-23,17:27:04.937000,11213,11215,11215,3
2019-10-23,17:27:04.937000,11213,11215,11215,1
2019-10-23,17:27:04.937000,11213,11215,11215,3
2019-10-23,17:27:04.937000,11213,11215,11215,1
2019-10-23,17:27:04.940000,11213,11215,11215,2
2019-10-23,17:27:04.941000,11213,11215,11215,2
2019-10-23,17:27:04.941000,11213,11215,11215,2
2019-10-23,17:27:04.941000,11213,11215,11215,3
2019-10-23,17:27:04.944000,11213,11215,11215,3
2019-10-23,17:27:04.944000,11213,11215,11216,2
2019-10-23,17:27:04.944000,11213,11215,11216,3
2019-10-23,17:27:04.944000,11213,11215,11216,2
2019-10-23,17:27:04.944000,11213,11215,11216,1
2019-10-23,17:27:04.944000,11213,11215,11215,1
2019-10-23,17:27:04.976000,11213,11215,11215,3
2019-10-23,17:27:05.019000,11215,11216,11215,2
2019-10-23,17:27:05.019000,11215,11216,11215,1
2019-10-23,17:27:05.020000,11215,11216,11215,3
2019-10-23,17:27:05.073000,11215,11216,11215,2
2019-10-23,17:27:05.144000,11215,11216,11215,2
2019-10-23,17:27:05.144000,11215,11216,11215,2
2019-10-23,17:27:06.275000,11214,11215,11214,4
2019-10-23,17:27:06.400000,11214,11215,11214,1
2019-10-23,17:27:11.780000,11214,11215,11214,2
2019-10-23,17:27:12.633000,11213,11214,11213,1
2019-10-23,17:27:12.926000,11213,11214,11214,2
2019-10-23,17:27:13.471000,11213,11214,11213,1
2019-10-23,17:27:14.304000,11213,11214,11214,1
2019-10-23,17:27:27.299000,11213,11214,11214,1
2019-10-23,17:27:43.041000,11213,11214,11214,2
2019-10-23,17:27:46.234000,11213,11214,11214,1
2019-10-23,17:27:46.890000,11214,11215,11214,7
2019-10-23,17:27:51.941000,11214,11215,11214,1
2019-10-23,17:29:05.592000,11214,11215,11214,1
2019-10-23,17:29:53.671000,11214,11215,11215,1
2019-10-23,17:29:58.957000,11214,11215,11215,1
2019-10-23,17:30:00.407000,11214,11215,11214,2
2019-10-23,17:31:00.716000,11214,11215,11215,1
2019-10-23,17:31:00.769000,11214,11215,11215,2
2019-10-23,17:31:01.519000,11214,11216,11216,5
2019-10-23,17:31:33.741000,11215,11216,11216,1
2019-10-23,17:31:47.430000,11215,11216,11215,2
2019-10-23,17:31:59.563000,11215,11216,11215,1
2019-10-23,17:32:11.465000,11215,11216,11215,1
2019-10-23,17:32:15.074000,11214,11215,11215,1
2019-10-23,17:32:15.074000,11214,11215,11216,4
2019-10-23,17:32:54.283000,11214,11215,11215,1
2019-10-23,17:33:06.066000,11214,11215,11215,1
2019-10-23,17:34:11.353000,11214,11215,11215,4
2019-10-23,17:34:11.353000,11214,11215,11215,1
2019-10-23,17:34:11.354000,11214,11215,11215,2
2019-10-23,17:34:11.354000,11214,11215,11215,2
2019-10-23,17:34:11.354000,11214,11215,11215,1
2019-10-23,17:34:11.354000,11214,11215,11215,3
2019-10-23,17:34:16.207000,11215,11216,11215,1
2019-10-23,17:34:35.120000,11215,11216,11216,1
2019-10-23,17:34:35.120000,11215,11216,11216,5
2019-10-23,17:34:35.120000,11215,11216,11216,3
2019-10-23,17:34:38.625000,11216,11217,11216,2
2019-10-23,17:34:41.703000,11215,11216,11216,1
2019-10-23,17:35:20.124000,11215,11216,11216,2
2019-10-23,17:35:49.581000,11215,11216,11216,1
2019-10-23,17:36:48.311000,11215,11216,11216,1
2019-10-23,17:37:00.694000,11215,11216,11216,1
2019-10-23,17:37:17.353000,11215,11216,11216,1
2019-10-23,17:37:19.059000,11215,11216,11215,1
2019-10-23,17:37:20.465000,11215,11216,11215,6
2019-10-23,17:37:20.466000,11215,11216,11215,5
2019-10-23,17:38:06.189000,11214,11215,11215,2
2019-10-23,17:38:31.891000,11214,11216,11214,1
2019-10-23,17:39:09.764000,11214,11215,11215,2
2019-10-23,17:39:14.468000,11215,11216,11215,1
2019-10-23,17:39:18.318000,11215,11216,11215,1
2019-10-23,17:39:20.799000,11215,11216,11215,1
2019-10-23,17:39:23.466000,11215,11216,11215,1
2019-10-23,17:39:37.587000,11215,11216,11215,1
2019-10-23,17:39:55.771000,11215,11216,11215,5
2019-10-23,17:41:16.331000,11215,11216,11215,5
2019-10-23,17:41:16.394000,11214,11215,11215,3
2019-10-23,17:41:37.426000,11215,11216,11215,3
2019-10-23,17:44:19.732000,11214,11215,11215,1
2019-10-23,17:44:19.923000,11214,11215,11214,1
2019-10-23,17:45:04.403000,11214,11215,11215,1
2019-10-23,17:45:09.995000,11214,11215,11215,1
2019-10-23,17:45:15.735000,11214,11215,11215,1
2019-10-23,17:46:30.532000,11214,11215,11215,1
2019-10-23,17:47:29.292000,11214,11215,11215,5
2019-10-23,17:47:30.032000,11215,11216,11215,2
2019-10-23,17:47:51.796000,11215,11216,11215,1
2019-10-23,17:48:19.633000,11214,11215,11215,1
2019-10-23,17:48:35.145000,11214,11215,11215,1
2019-10-23,17:49:37.655000,11214,11215,11214,1
2019-10-23,17:49:39.477000,11214,11215,11215,4
2019-10-23,17:49:39.519000,11214,11215,11215,3
2019-10-23,17:49:57.699000,11214,11215,11215,1
2019-10-23,17:50:38.111000,11214,11215,11215,3
2019-10-23,17:50:38.144000,11214,11215,11215,1
2019-10-23,17:51:57.069000,11215,11216,11215,1
2019-10-23,17:52:40.655000,11215,11216,11215,1
2019-10-23,17:52:44.652000,11215,11216,11215,2
2019-10-23,17:53:37.292000,11215,11216,11215,3
2019-10-23,17:53:53.665000,11215,11216,11215,1
2019-10-23,17:54:59.650000,11215,11216,11216,1
2019-10-23,17:55:17.609000,11215,11216,11216,3
2019-10-23,17:55:30.012000,11215,11216,11215,2
2019-10-23,17:55:34.006000,11215,11216,11215,5
2019-10-23,17:56:01.769000,11215,11216,11216,18
2019-10-23,17:56:09.693000,11216,11217,11216,1
2019-10-23,17:56:43.156000,11215,11216,11216,1
2019-10-23,17:57:10.452000,11216,11217,11216,1
2019-10-23,17:57:17.658000,11216,11217,11217,1
2019-10-23,17:57:22.945000,11216,11217,11216,3
2019-10-23,17:57:31.050000,11216,11217,11216,1
2019-10-23,17:57:35.784000,11216,11217,11217,1
2019-10-23,17:57:39.689000,11216,11217,11216,1
2019-10-23,17:57:58.095000,11216,11217,11217,1
2019-10-23,17:57:59.496000,11216,11217,11216,1
2019-10-23,17:58:25.963000,11216,11217,11216,1
2019-10-23,17:58:33.485000,11216,11217,11216,1
2019-10-23,17:58:35.840000,11216,11217,11216,1
2019-10-23,17:59:20.786000,11216,11217,11217,3
2019-10-23,17:59:25.588000,11216,11217,11217,1
2019-10-23,17:59:25.773000,11216,11217,11217,1
2019-10-23,17:59:38.669000,11216,11217,11216,1
2019-10-23,17:59:47.921000,11216,11217,11217,1
2019-10-23,18:00:10.963000,11216,11217,11217,1
2019-10-23,18:00:11.974000,11216,11217,11217,1
2019-10-23,18:00:12.023000,11216,11217,11217,1
2019-10-23,18:00:12.627000,11216,11217,11217,1
2019-10-23,18:00:51.151000,11216,11217,11217,1
2019-10-23,18:01:02.298000,11216,11217,11217,13
2019-10-23,18:01:10.237000,11216,11217,11217,1
2019-10-23,18:01:26.875000,11216,11217,11217,1
2019-10-23,18:01:34.084000,11216,11217,11217,1
2019-10-23,18:01:36.643000,11216,11217,11217,5
2019-10-23,18:01:41.084000,11216,11217,11217,1
2019-10-23,18:01:41.114000,11216,11217,11217,1
2019-10-23,18:01:41.129000,11216,11217,11217,1
2019-10-23,18:02:07.042000,11217,11218,11218,6
2019-10-23,18:02:07.085000,11217,11218,11218,1
2019-10-23,18:02:07.088000,11217,11218,11218,1
2019-10-23,18:02:07.092000,11217,11218,11218,9
2019-10-23,18:02:07.093000,11217,11218,11218,5
2019-10-23,18:02:07.093000,11217,11218,11218,6
2019-10-23,18:02:07.093000,11217,11218,11218,7
2019-10-23,18:02:23.278000,11218,11219,11218,1
2019-10-23,18:02:23.362000,11218,11219,11219,1
2019-10-23,18:02:23.362000,11218,11219,11219,1
2019-10-23,18:02:23.362000,11218,11219,11219,1
2019-10-23,18:02:23.362000,11218,11219,11219,4
2019-10-23,18:02:23.362000,11218,11219,11219,10
2019-10-23,18:02:23.362000,11218,11219,11219,1
2019-10-23,18:02:23.362000,11218,11219,11219,1
2019-10-23,18:02:23.362000,11218,11219,11219,2
2019-10-23,18:02:23.363000,11218,11219,11219,1
2019-10-23,18:02:23.364000,11218,11219,11219,5
2019-10-23,18:02:23.365000,11218,11219,11219,7
2019-10-23,18:02:23.375000,11218,11219,11219,1
2019-10-23,18:02:23.394000,11218,11219,11219,2
2019-10-23,18:02:23.394000,11218,11219,11219,2
2019-10-23,18:02:23.394000,11218,11219,11219,12
2019-10-23,18:02:23.396000,11218,11219,11219,6
2019-10-23,18:02:23.430000,11218,11219,11219,1
2019-10-23,18:02:23.825000,11218,11219,11219,2
2019-10-23,18:02:23.865000,11218,11219,11219,1
2019-10-23,18:02:24.073000,11218,11219,11219,1
2019-10-23,18:02:27.030000,11218,11219,11219,1
2019-10-23,18:02:31.343000,11218,11219,11219,1
2019-10-23,18:02:33.246000,11218,11219,11219,1
2019-10-23,18:02:38.020000,11218,11219,11219,1
2019-10-23,18:02:44.616000,11218,11219,11219,4
2019-10-23,18:02:44.617000,11218,11219,11219,2
2019-10-23,18:02:46.476000,11218,11219,11219,3
2019-10-23,18:02:47.226000,11218,11219,11219,2
2019-10-23,18:02:47.340000,11218,11219,11219,1
2019-10-23,18:02:48.272000,11218,11219,11219,1
2019-10-23,18:02:48.644000,11219,11220,11219,2
2019-10-23,18:02:48.645000,11219,11220,11219,1
2019-10-23,18:02:48.655000,11219,11220,11219,3
2019-10-23,18:02:48.762000,11219,11220,11219,1
2019-10-23,18:02:50.279000,11218,11219,11219,1
2019-10-23,18:02:50.280000,11218,11219,11219,3
2019-10-23,18:02:50.394000,11219,11220,11219,2
2019-10-23,18:02:50.519000,11219,11220,11219,2
2019-10-23,18:02:50.644000,11219,11220,11219,2
2019-10-23,18:02:50.794000,11219,11220,11219,1
2019-10-23,18:02:51.199000,11218,11219,11219,1
2019-10-23,18:02:52.146000,11218,11219,11218,1
2019-10-23,18:02:53.560000,11218,11219,11219,3
2019-10-23,18:02:55.901000,11218,11219,11219,1
2019-10-23,18:02:59.329000,11218,11219,11219,1
2019-10-23,18:03:05.185000,11219,11220,11219,1
2019-10-23,18:03:07.592000,11219,11220,11219,4
2019-10-23,18:03:11.187000,11218,11219,11219,2
2019-10-23,18:03:13.159000,11219,11220,11220,1
2019-10-23,18:03:13.415000,11219,11220,11220,1
2019-10-23,18:03:14.594000,11219,11220,11220,1
2019-10-23,18:03:16.553000,11219,11220,11219,1
2019-10-23,18:03:20.652000,11219,11220,11220,2
2019-10-23,18:03:27.457000,11219,11220,11220,1
2019-10-23,18:03:27.457000,11219,11220,11220,1
2019-10-23,18:03:27.515000,11219,11220,11220,4
2019-10-23,18:03:27.519000,11219,11220,11220,2
2019-10-23,18:03:27.519000,11219,11220,11220,5
2019-10-23,18:03:27.519000,11219,11220,11220,2
2019-10-23,18:03:27.527000,11219,11220,11220,2
2019-10-23,18:03:27.528000,11219,11220,11220,8
2019-10-23,18:03:28.815000,11219,11220,11220,2
2019-10-23,18:03:28.991000,11219,11220,11220,2
2019-10-23,18:03:29.898000,11219,11220,11220,1
2019-10-23,18:03:29.965000,11219,11220,11220,2
2019-10-23,18:03:31.527000,11219,11220,11220,1
2019-10-23,18:03:32.723000,11219,11220,11220,1
2019-10-23,18:03:33.006000,11219,11220,11220,2
2019-10-23,18:03:36.905000,11219,11220,11220,1
2019-10-23,18:03:37.138000,11219,11220,11220,1
2019-10-23,18:03:41.139000,11219,11220,11219,23
2019-10-23,18:03:41.144000,11219,11220,11219,3
2019-10-23,18:03:41.145000,11219,11220,11219,6
2019-10-23,18:03:41.147000,11219,11220,11219,5
2019-10-23,18:03:41.147000,11219,11220,11219,1
2019-10-23,18:03:41.150000,11219,11220,11219,3
2019-10-23,18:03:41.269000,11219,11220,11219,1
2019-10-23,18:03:41.269000,11219,11220,11219,2
2019-10-23,18:03:41.298000,11219,11220,11219,3
2019-10-23,18:03:41.300000,11219,11220,11219,5
2019-10-23,18:03:41.302000,11219,11220,11219,4
2019-10-23,18:03:41.303000,11219,11220,11219,1
2019-10-23,18:03:41.394000,11219,11220,11219,2
2019-10-23,18:03:44.927000,11219,11220,11220,1
2019-10-23,18:03:46.241000,11219,11220,11220,1
2019-10-23,18:03:46.450000,11219,11220,11219,1
2019-10-23,18:03:51.551000,11219,11220,11220,2
2019-10-23,18:03:52.661000,11219,11220,11220,1
2019-10-23,18:03:53.741000,11219,11220,11220,2
2019-10-23,18:03:57.729000,11219,11220,11219,1
2019-10-23,18:04:17.077000,11219,11220,11219,1
2019-10-23,18:04:19.085000,11219,11220,11219,1
2019-10-23,18:04:22.049000,11219,11220,11220,6
2019-10-23,18:04:29.137000,11219,11220,11219,1
2019-10-23,18:04:45.980000,11219,11220,11219,1
2019-10-23,18:04:52.793000,11219,11220,11219,3
2019-10-23,18:04:57.742000,11219,11220,11219,4
2019-10-23,18:04:57.769000,11219,11220,11219,16
2019-10-23,18:04:57.894000,11219,11220,11219,2
2019-10-23,18:04:57.894000,11219,11220,11219,3
2019-10-23,18:05:04.709000,11219,11220,11219,1
2019-10-23,18:05:13.412000,11219,11220,11219,1
2019-10-23,18:05:13.413000,11219,11220,11219,3
2019-10-23,18:05:14.924000,11219,11220,11219,1
2019-10-23,18:05:14.924000,11219,11220,11218,1
2019-10-23,18:05:16.063000,11219,11220,11219,3
2019-10-23,18:05:19.348000,11218,11219,11218,2
2019-10-23,18:05:19.348000,11218,11219,11218,2
2019-10-23,18:05:19.352000,11218,11219,11218,3
2019-10-23,18:05:19.352000,11218,11219,11218,3
2019-10-23,18:05:19.352000,11218,11219,11218,3
2019-10-23,18:05:19.798000,11217,11219,11219,1
2019-10-23,18:05:26.576000,11218,11219,11219,15
2019-10-23,18:05:29.752000,11218,11219,11219,2
2019-10-23,18:05:34.638000,11219,11220,11219,1
2019-10-23,18:05:37.201000,11218,11219,11219,4
2019-10-23,18:05:57.695000,11218,11219,11219,1
2019-10-23,18:06:01.077000,11218,11219,11219,1
2019-10-23,18:06:01.144000,11218,11219,11219,2
2019-10-23,18:06:03.643000,11219,11220,11219,1
2019-10-23,18:06:11.779000,11219,11220,11219,1
2019-10-23,18:06:22.532000,11219,11220,11219,2
2019-10-23,18:06:28.178000,11219,11220,11219,1
2019-10-23,18:06:30.414000,11219,11220,11219,1
2019-10-23,18:06:30.512000,11219,11220,11219,2
2019-10-23,18:06:33.242000,11218,11219,11219,1
2019-10-23,18:06:33.535000,11218,11219,11219,1
2019-10-23,18:06:43.519000,11218,11219,11219,4
2019-10-23,18:06:43.520000,11218,11219,11219,1
2019-10-23,18:06:43.644000,11218,11219,11219,3
2019-10-23,18:06:47.259000,11218,11220,11218,5
2019-10-23,18:06:49.145000,11218,11219,11219,4
2019-10-23,18:06:49.669000,11219,11220,11219,1
2019-10-23,18:06:52.141000,11219,11220,11219,1
2019-10-23,18:06:58.631000,11219,11220,11219,1
2019-10-23,18:07:00.850000,11219,11220,11219,5
2019-10-23,18:07:18.499000,11219,11220,11219,1
2019-10-23,18:07:21.305000,11219,11220,11219,1
2019-10-23,18:07:34.346000,11218,11219,11219,1
2019-10-23,18:07:42.320000,11219,11220,11219,1
2019-10-23,18:07:49.887000,11219,11220,11219,1
2019-10-23,18:07:52.716000,11219,11220,11219,1
2019-10-23,18:08:01.496000,11218,11219,11219,1
2019-10-23,18:09:04.696000,11218,11219,11218,35
2019-10-23,18:09:04.696000,11218,11219,11217,65
2019-10-23,18:09:04.698000,11218,11219,11217,5
2019-10-23,18:09:04.715000,11218,11219,11217,15
2019-10-23,18:09:04.897000,11216,11217,11217,2
2019-10-23,18:09:05.019000,11216,11217,11216,2
2019-10-23,18:09:15.332000,11216,11217,11217,2
2019-10-23,18:09:28.201000,11217,11218,11217,2
2019-10-23,18:09:28.434000,11216,11218,11218,2
2019-10-23,18:09:31.158000,11216,11218,11218,1
2019-10-23,18:09:41.438000,11216,11217,11217,1
2019-10-23,18:09:43.378000,11216,11217,11217,1
2019-10-23,18:09:58.027000,11216,11217,11216,1
2019-10-23,18:10:24.527000,11216,11217,11216,1
2019-10-23,18:10:25.224000,11216,11217,11217,1
2019-10-23,18:10:44.702000,11216,11217,11216,5
2019-10-23,18:10:44.720000,11216,11217,11216,2
2019-10-23,18:10:44.720000,11216,11217,11216,1
2019-10-23,18:10:46.153000,11216,11217,11217,1
2019-10-23,18:10:47.463000,11216,11217,11217,1
2019-10-23,18:10:51.315000,11216,11217,11216,13
2019-10-23,18:10:53.489000,11216,11217,11216,2
2019-10-23,18:10:53.489000,11216,11217,11215,3
2019-10-23,18:10:53.549000,11215,11217,11215,4
2019-10-23,18:11:21.819000,11215,11216,11216,1
2019-10-23,18:11:22.450000,11215,11216,11215,3
2019-10-23,18:11:22.754000,11215,11216,11216,1
2019-10-23,18:11:25.456000,11215,11216,11216,1
2019-10-23,18:11:35.769000,11216,11217,11216,1
2019-10-23,18:11:36.874000,11215,11216,11216,1
2019-10-23,18:12:06.193000,11215,11216,11215,18
2019-10-23,18:12:06.269000,11215,11216,11215,3
2019-10-23,18:12:11.650000,11215,11216,11216,1
2019-10-23,18:12:33.644000,11215,11216,11216,1
2019-10-23,18:12:49.149000,11216,11217,11217,2
2019-10-23,18:13:12.576000,11216,11217,11216,1
2019-10-23,18:13:14.324000,11216,11217,11216,1
2019-10-23,18:13:16.115000,11216,11217,11217,1
2019-10-23,18:13:16.336000,11216,11217,11216,1
2019-10-23,18:13:35.742000,11216,11217,11216,1
2019-10-23,18:13:40.113000,11216,11217,11217,7
2019-10-23,18:13:51.904000,11217,11218,11217,1
2019-10-23,18:14:03.362000,11217,11218,11217,1
2019-10-23,18:14:12.646000,11216,11218,11216,1
2019-10-23,18:15:07.635000,11217,11218,11217,4
2019-10-23,18:16:03.269000,11217,11218,11217,1
2019-10-23,18:16:09.150000,11217,11218,11217,1
2019-10-23,18:16:42.617000,11217,11218,11217,1
2019-10-23,18:17:32.894000,11217,11218,11217,3
2019-10-23,18:17:33.062000,11217,11218,11217,3
2019-10-23,18:17:33.832000,11216,11217,11217,1
2019-10-23,18:17:35.536000,11216,11217,11217,2
2019-10-23,18:17:45.544000,11216,11217,11217,2
2019-10-23,18:17:45.556000,11216,11217,11217,1
2019-10-23,18:17:45.561000,11216,11217,11217,2
2019-10-23,18:17:45.656000,11216,11217,11217,1
2019-10-23,18:17:49,11216,11217,11217,1
2019-10-23,18:19:05.687000,11217,11218,11217,2
2019-10-23,18:19:40.235000,11217,11218,11217,1
2019-10-23,18:20:09.380000,11217,11218,11217,2
2019-10-23,18:20:52.869000,11217,11218,11218,2
2019-10-23,18:21:14.620000,11217,11218,11218,2
2019-10-23,18:21:15.208000,11217,11218,11218,1
2019-10-23,18:21:15.217000,11217,11218,11218,1
2019-10-23,18:22:29.365000,11217,11218,11218,2
2019-10-23,18:23:14.113000,11217,11218,11217,1
2019-10-23,18:24:59.564000,11217,11218,11217,1
2019-10-23,18:25:09.223000,11217,11218,11217,1
2019-10-23,18:25:42.454000,11217,11218,11218,4
2019-10-23,18:25:42.464000,11217,11218,11218,1
2019-10-23,18:25:42.465000,11217,11218,11218,2
2019-10-23,18:25:42.505000,11217,11218,11218,5
2019-10-23,18:25:42.505000,11217,11218,11218,5
2019-10-23,18:25:42.519000,11217,11218,11218,1
2019-10-23,18:25:42.519000,11217,11218,11218,1
2019-10-23,18:25:42.592000,11217,11218,11218,1
2019-10-23,18:25:42.984000,11218,11219,11219,1
2019-10-23,18:26:14.902000,11218,11219,11218,1
2019-10-23,18:26:34.549000,11218,11219,11218,1
2019-10-23,18:26:39.764000,11218,11219,11218,4
2019-10-23,18:27:24.254000,11218,11219,11218,1
2019-10-23,18:27:29.082000,11218,11219,11219,4
2019-10-23,18:28:13.529000,11218,11219,11218,4
2019-10-23,18:28:37.907000,11218,11219,11218,12
2019-10-23,18:28:38.019000,11218,11219,11218,1
2019-10-23,18:28:59.299000,11217,11218,11217,1
2019-10-23,18:29:05,11217,11218,11218,1
2019-10-23,18:29:17.523000,11217,11218,11217,1
2019-10-23,18:29:21.550000,11217,11218,11217,13
2019-10-23,18:29:21.644000,11217,11218,11217,1
2019-10-23,18:29:29.150000,11216,11217,11217,1
2019-10-23,18:30:19.690000,11217,11218,11217,1
2019-10-23,18:30:20.592000,11217,11218,11218,1
2019-10-23,18:30:24.958000,11217,11218,11217,1
2019-10-23,18:30:30.048000,11216,11217,11216,6
2019-10-23,18:30:30.144000,11216,11217,11216,12
2019-10-23,18:30:30.269000,11216,11217,11216,1
2019-10-23,18:30:42.272000,11215,11217,11215,7
2019-10-23,18:30:42.584000,11215,11216,11216,1
2019-10-23,18:30:57.351000,11215,11216,11216,4
2019-10-23,18:31:00.282000,11215,11216,11215,2
2019-10-23,18:31:03.403000,11215,11216,11215,4
2019-10-23,18:31:03.403000,11215,11216,11215,6
2019-10-23,18:31:03.585000,11214,11215,11215,1
2019-10-23,18:31:04.993000,11214,11215,11215,1
2019-10-23,18:31:15.533000,11214,11215,11215,3
2019-10-23,18:31:17.763000,11214,11215,11215,1
2019-10-23,18:31:18.790000,11214,11215,11215,9
2019-10-23,18:31:21.020000,11214,11215,11214,26
2019-10-23,18:31:21.393000,11213,11214,11213,2
2019-10-23,18:31:21.393000,11213,11214,11213,4
2019-10-23,18:31:21.395000,11213,11214,11213,7
2019-10-23,18:31:23.821000,11212,11213,11213,3
2019-10-23,18:31:31.605000,11212,11213,11213,2
2019-10-23,18:31:35.926000,11213,11214,11213,1
2019-10-23,18:31:39.782000,11213,11214,11214,2
2019-10-23,18:31:42.280000,11213,11214,11213,1
2019-10-23,18:31:59.199000,11213,11214,11214,1
2019-10-23,18:32:04.988000,11213,11214,11214,10
2019-10-23,18:32:06.931000,11213,11214,11214,5
2019-10-23,18:32:07.019000,11213,11214,11214,1
2019-10-23,18:32:07.763000,11213,11215,11213,16
2019-10-23,18:32:08.085000,11213,11214,11214,1
2019-10-23,18:32:11.077000,11213,11215,11213,6
2019-10-23,18:32:11.174000,11213,11215,11214,1
2019-10-23,18:32:14.477000,11214,11215,11214,1
2019-10-23,18:32:15.707000,11214,11215,11214,1
2019-10-23,18:32:18.476000,11214,11215,11214,1
2019-10-23,18:32:33.338000,11213,11214,11213,1
2019-10-23,18:32:34.162000,11213,11214,11213,1
2019-10-23,18:32:37.860000,11213,11214,11213,1
2019-10-23,18:32:39.427000,11213,11214,11213,1
2019-10-23,18:32:41.600000,11213,11214,11213,1
2019-10-23,18:32:44.898000,11213,11214,11213,2
2019-10-23,18:32:44.938000,11213,11214,11213,1
2019-10-23,18:32:53.973000,11213,11214,11214,1
2019-10-23,18:33:07.593000,11213,11214,11213,1
2019-10-23,18:33:10.769000,11213,11214,11213,10
2019-10-23,18:33:10.894000,11213,11214,11213,14
2019-10-23,18:33:10.894000,11213,11214,11213,1
2019-10-23,18:33:11.019000,11213,11214,11213,4
2019-10-23,18:33:11.019000,11213,11214,11213,6
2019-10-23,18:33:11.019000,11213,11214,11213,2
2019-10-23,18:33:11.019000,11213,11214,11213,2
2019-10-23,18:33:11.275000,11212,11213,11212,2
2019-10-23,18:33:11.276000,11212,11213,11212,2
2019-10-23,18:33:11.276000,11212,11213,11212,2
2019-10-23,18:33:11.277000,11212,11213,11212,3
2019-10-23,18:33:11.417000,11212,11213,11212,4
2019-10-23,18:33:12.340000,11212,11213,11213,1
2019-10-23,18:33:17.783000,11212,11213,11212,1
2019-10-23,18:33:30.080000,11212,11213,11212,1
2019-10-23,18:33:43.147000,11212,11213,11212,1
2019-10-23,18:33:47.912000,11212,11213,11212,2
2019-10-23,18:33:50.305000,11212,11213,11212,1
2019-10-23,18:33:51.086000,11212,11213,11212,3
2019-10-23,18:34:01.409000,11212,11213,11212,1
2019-10-23,18:34:02.697000,11212,11213,11212,1
2019-10-23,18:34:11.316000,11212,11213,11212,3
2019-10-23,18:34:20.163000,11212,11213,11212,1
2019-10-23,18:34:25.288000,11212,11213,11212,1
2019-10-23,18:34:30.128000,11212,11213,11212,1
2019-10-23,18:34:32.678000,11212,11213,11212,1
2019-10-23,18:34:39.867000,11212,11213,11212,1
2019-10-23,18:34:49.856000,11212,11213,11212,12
2019-10-23,18:34:58.162000,11211,11212,11212,1
2019-10-23,18:35:02.483000,11211,11212,11212,4
2019-10-23,18:35:02.894000,11212,11213,11212,1
2019-10-23,18:35:06.718000,11212,11213,11212,2
2019-10-23,18:35:12.847000,11212,11213,11212,1
2019-10-23,18:35:12.862000,11212,11213,11212,1
2019-10-23,18:35:15.427000,11212,11213,11212,1
2019-10-23,18:35:15.741000,11212,11213,11212,1
2019-10-23,18:35:17.730000,11211,11212,11212,1
2019-10-23,18:35:24.029000,11212,11213,11212,1
2019-10-23,18:35:31.359000,11212,11213,11212,1
2019-10-23,18:35:36.236000,11212,11213,11212,1
2019-10-23,18:35:39.670000,11212,11213,11212,1
2019-10-23,18:35:47.245000,11212,11213,11212,1
2019-10-23,18:35:47.438000,11212,11213,11212,1
2019-10-23,18:35:57.165000,11211,11212,11212,6
2019-10-23,18:35:58.649000,11212,11213,11212,1
2019-10-23,18:36:08.360000,11212,11213,11212,5
2019-10-23,18:36:08.360000,11212,11213,11212,1
2019-10-23,18:36:11.175000,11211,11212,11212,1
2019-10-23,18:36:28.082000,11211,11212,11212,1
2019-10-23,18:37:10.171000,11211,11212,11211,1
2019-10-23,18:37:10.348000,11211,11212,11211,5
2019-10-23,18:37:14.054000,11211,11212,11211,1
2019-10-23,18:37:14.612000,11211,11212,11211,1
2019-10-23,18:37:26.405000,11211,11212,11211,1
2019-10-23,18:37:31.040000,11211,11212,11211,1
2019-10-23,18:37:33.853000,11211,11212,11211,1
2019-10-23,18:37:33.898000,11211,11212,11211,1
2019-10-23,18:37:34.519000,11211,11212,11211,2
2019-10-23,18:37:34.644000,11211,11212,11211,2
2019-10-23,18:37:34.769000,11211,11212,11211,2
2019-10-23,18:37:34.894000,11211,11212,11211,2
2019-10-23,18:37:35.022000,11211,11212,11211,5
2019-10-23,18:37:37.909000,11210,11211,11211,1
2019-10-23,18:37:45.019000,11210,11211,11211,2
2019-10-23,18:37:52.895000,11210,11211,11211,2
2019-10-23,18:37:53.270000,11210,11211,11211,2
2019-10-23,18:37:54.841000,11210,11211,11211,1
2019-10-23,18:37:55.012000,11210,11211,11211,1
2019-10-23,18:38:03.239000,11210,11211,11211,1
2019-10-23,18:38:14.525000,11210,11211,11210,1
2019-10-23,18:38:14.665000,11210,11211,11210,1
2019-10-23,18:38:14.722000,11210,11211,11210,1
2019-10-23,18:38:17.060000,11210,11211,11210,1
2019-10-23,18:38:18.414000,11210,11211,11211,1
2019-10-23,18:38:19.070000,11210,11211,11210,5
2019-10-23,18:38:20.298000,11210,11211,11210,1
2019-10-23,18:38:22.478000,11210,11211,11210,1
2019-10-23,18:38:28.769000,11210,11211,11210,2
2019-10-23,18:38:28.894000,11210,11211,11210,2
2019-10-23,18:38:29.019000,11210,11211,11210,2
2019-10-23,18:38:29.144000,11210,11211,11210,2
2019-10-23,18:38:29.269000,11210,11211,11210,2
2019-10-23,18:38:31.021000,11210,11211,11210,1
2019-10-23,18:38:35.511000,11210,11211,11210,8
2019-10-23,18:38:35.986000,11210,11211,11210,3
2019-10-23,18:38:36.393000,11210,11211,11210,1
2019-10-23,18:38:39.159000,11210,11211,11210,2
2019-10-23,18:38:39.509000,11210,11211,11210,2
2019-10-23,18:38:39.510000,11210,11211,11210,5
2019-10-23,18:38:55.438000,11209,11210,11209,1
2019-10-23,18:38:55.576000,11209,11210,11209,1
2019-10-23,18:38:55.590000,11209,11210,11209,2
2019-10-23,18:38:55.605000,11209,11210,11209,1
2019-10-23,18:38:55.735000,11209,11210,11209,3
2019-10-23,18:39:02.140000,11209,11210,11209,1
2019-10-23,18:39:02.839000,11209,11210,11209,1
2019-10-23,18:39:03.231000,11209,11210,11209,2
2019-10-23,18:39:03.337000,11209,11210,11209,1
2019-10-23,18:39:05.399000,11209,11210,11210,2
