2022-12-09 15:00:00,14728,14728,14728,236,0
2022-12-09 15:00:00,14728,14728,14728,4,0
2022-12-09 15:00:00,14728,14728,14728,2,0
2022-12-09 15:00:00,14728,14728,14728,30,0
2022-12-09 15:00:00,14729,14729,14729,8,8
2022-12-09 15:00:00,14729,14729,14729,4,0
2022-12-09 15:00:00,14729,14729,14729,2,0
2022-12-09 15:00:00,14729,14729,14729,2,0
2022-12-09 15:00:00,14727,14727,14727,2,-2
2022-12-09 15:00:00,14729,14729,14729,2,2
2022-12-09 15:00:00,14729,14729,14729,2,0
2022-12-09 15:00:00,14730,14730,14730,2,2
2022-12-09 15:00:00,14730,14730,14730,8,0
2022-12-09 15:00:00,14730,14730,14730,4,0
2022-12-09 15:00:00,14731,14731,14731,6,6
2022-12-09 15:00:00,14732,14732,14732,10,10
2022-12-09 15:00:00,14733,14733,14733,10,10
2022-12-09 15:00:00,14734,14734,14734,10,10
2022-12-09 15:00:00,14735,14735,14735,16,16
2022-12-09 15:00:00,14736,14736,14736,24,24
2022-12-09 15:00:00,14730,14730,14730,2,-2
2022-12-09 15:00:00,14730,14730,14730,18,0
2022-12-09 15:00:00,14730,14730,14730,2,0
2022-12-09 15:00:00,14732,14732,14732,2,2
2022-12-09 15:00:00,14733,14733,14733,2,2
2022-12-09 15:00:00,14733,14733,14733,2,0
2022-12-09 15:00:00,14729,14729,14729,2,-2
2022-12-09 15:00:00,14729,14729,14729,2,0
2022-12-09 15:00:00,14728,14728,14728,4,-4
2022-12-09 15:00:00,14728,14728,14728,2,0
2022-12-09 15:00:00,14728,14728,14728,2,0
2022-12-09 15:00:00,14727,14727,14727,2,-2
2022-12-09 15:00:00,14727,14727,14727,4,0
2022-12-09 15:00:00,14727,14727,14727,2,0
2022-12-09 15:00:00,14726,14726,14726,2,-2
2022-12-09 15:00:00,14726,14726,14726,2,0
2022-12-09 15:00:00,14735,14735,14735,2,2
2022-12-09 15:00:00,14736,14736,14736,2,2
2022-12-09 15:00:00,14736,14736,14736,2,0
2022-12-09 15:00:00,14737,14737,14737,4,4
2022-12-09 15:00:00,14736,14736,14736,2,-2
2022-12-09 15:00:00,14736,14736,14736,2,0
2022-12-09 15:00:00,14737,14737,14737,6,6
2022-12-09 15:00:00,14737,14737,14737,14,0
2022-12-09 15:00:00,14738,14738,14738,22,22
2022-12-09 15:00:00,14738,14738,14738,2,0
2022-12-09 15:00:00,14738,14738,14738,2,0
2022-12-09 15:00:00,14738,14738,14738,4,0
2022-12-09 15:00:00,14739,14739,14739,2,2
2022-12-09 15:00:00,14739,14739,14739,2,0
2022-12-09 15:00:00,14739,14739,14739,6,0
2022-12-09 15:00:00,14736,14736,14736,2,-2
2022-12-09 15:00:00,14739,14739,14739,2,2
2022-12-09 15:00:00,14736,14736,14736,2,-2
2022-12-09 15:00:00,14736,14736,14736,2,0
2022-12-09 15:00:00,14736,14736,14736,2,0
2022-12-09 15:00:00,14735,14735,14735,2,-2
2022-12-09 15:00:00,14735,14735,14735,2,0
2022-12-09 15:00:00,14738,14738,14738,4,4
2022-12-09 15:00:00,14738,14738,14738,2,0
2022-12-09 15:00:00,14736,14736,14736,2,-2
2022-12-09 15:00:00,14738,14738,14738,4,4
2022-12-09 15:00:00,14739,14739,14739,6,6
2022-12-09 15:00:00,14739,14739,14739,2,0
2022-12-09 15:00:00,14739,14739,14739,4,0
2022-12-09 15:00:00,14739,14739,14739,4,0
2022-12-09 15:00:00,14739,14739,14739,6,0
2022-12-09 15:00:00,14739,14739,14739,4,0
2022-12-09 15:00:00,14739,14739,14739,4,0
2022-12-09 15:00:00,14739,14739,14739,2,0
2022-12-09 15:00:00,14737,14737,14737,2,-2
2022-12-09 15:00:00,14739,14739,14739,2,2
2022-12-09 15:00:00,14739,14739,14739,4,0
2022-12-09 15:00:00,14739,14739,14739,2,0
2022-12-09 15:00:00,14739,14739,14739,2,0
2022-12-09 15:00:00,14739,14739,14739,2,0
2022-12-09 15:00:00,14739,14739,14739,2,0
2022-12-09 15:00:00,14739,14739,14739,12,0
2022-12-09 15:00:01,14738,14738,14738,2,-2
2022-12-09 15:00:01,14738,14738,14738,4,0
2022-12-09 15:00:01,14737,14737,14737,2,-2
2022-12-09 15:00:01,14737,14737,14737,2,0
2022-12-09 15:00:01,14739,14739,14739,2,2
2022-12-09 15:00:01,14739,14739,14739,2,0
2022-12-09 15:00:01,14739,14739,14739,2,0
2022-12-09 15:00:01,14739,14739,14739,2,0
2022-12-09 15:00:01,14739,14739,14739,2,0
2022-12-09 15:00:01,14738,14738,14738,2,-2
2022-12-09 15:00:01,14739,14739,14739,2,2
2022-12-09 15:00:01,14739,14739,14739,2,0
2022-12-09 15:00:01,14739,14739,14739,2,0
2022-12-09 15:00:01,14739,14739,14739,4,0
2022-12-09 15:00:01,14739,14739,14739,6,0
2022-12-09 15:00:01,14739,14739,14739,2,0
2022-12-09 15:00:01,14739,14739,14739,2,0
2022-12-09 15:00:01,14739,14739,14739,2,0
2022-12-09 15:00:01,14739,14739,14739,2,0
2022-12-09 15:00:01,14739,14739,14739,2,0
2022-12-09 15:00:01,14739,14739,14739,2,0
2022-12-09 15:00:01,14738,14738,14738,2,-2
2022-12-09 15:00:01,14738,14738,14738,2,0
2022-12-09 15:00:01,14738,14738,14738,2,0
2022-12-09 15:00:01,14738,14738,14738,2,0
2022-12-09 15:00:01,14738,14738,14738,2,0
2022-12-09 15:00:01,14738,14738,14738,4,0
2022-12-09 15:00:01,14738,14738,14738,2,0
2022-12-09 15:00:01,14738,14738,14738,2,0
2022-12-09 15:00:01,14739,14739,14739,2,2
2022-12-09 15:00:01,14739,14739,14739,2,0
2022-12-09 15:00:01,14739,14739,14739,2,0
2022-12-09 15:00:02,14737,14737,14737,2,-2
2022-12-09 15:00:02,14737,14737,14737,2,0
2022-12-09 15:00:02,14737,14737,14737,4,0
2022-12-09 15:00:02,14737,14737,14737,2,0
2022-12-09 15:00:02,14734,14734,14734,2,-2
2022-12-09 15:00:02,14734,14734,14734,2,0
2022-12-09 15:00:02,14734,14734,14734,2,0
2022-12-09 15:00:02,14733,14733,14733,2,-2
2022-12-09 15:00:02,14733,14733,14733,2,0
2022-12-09 15:00:02,14733,14733,14733,2,0
2022-12-09 15:00:02,14732,14732,14732,2,-2
2022-12-09 15:00:02,14732,14732,14732,2,0
2022-12-09 15:00:02,14732,14732,14732,4,0
2022-12-09 15:00:02,14732,14732,14732,4,0
2022-12-09 15:00:02,14732,14732,14732,4,0
2022-12-09 15:00:02,14732,14732,14732,2,0
2022-12-09 15:00:02,14732,14732,14732,4,0
2022-12-09 15:00:02,14730,14730,14730,2,-2
2022-12-09 15:00:02,14732,14732,14732,2,2
2022-12-09 15:00:02,14730,14730,14730,2,-2
2022-12-09 15:00:02,14730,14730,14730,2,0
2022-12-09 15:00:02,14731,14731,14731,4,4
2022-12-09 15:00:02,14731,14731,14731,2,0
2022-12-09 15:00:02,14731,14731,14731,2,0
2022-12-09 15:00:03,14733,14733,14733,2,2
2022-12-09 15:00:03,14733,14733,14733,2,0
2022-12-09 15:00:03,14731,14731,14731,2,-2
2022-12-09 15:00:03,14731,14731,14731,8,0
2022-12-09 15:00:03,14733,14733,14733,2,2
2022-12-09 15:00:03,14731,14731,14731,4,-4
2022-12-09 15:00:03,14733,14733,14733,2,2
2022-12-09 15:00:03,14733,14733,14733,2,0
2022-12-09 15:00:03,14733,14733,14733,2,0
2022-12-09 15:00:03,14733,14733,14733,2,0
2022-12-09 15:00:03,14733,14733,14733,2,0
2022-12-09 15:00:03,14730,14730,14730,2,-2
2022-12-09 15:00:04,14732,14732,14732,2,2
2022-12-09 15:00:04,14733,14733,14733,2,2
2022-12-09 15:00:04,14733,14733,14733,6,0
2022-12-09 15:00:04,14731,14731,14731,2,-2
2022-12-09 15:00:04,14731,14731,14731,2,0
2022-12-09 15:00:04,14731,14731,14731,2,0
2022-12-09 15:00:04,14731,14731,14731,2,0
2022-12-09 15:00:04,14729,14729,14729,2,-2
2022-12-09 15:00:04,14729,14729,14729,2,0
2022-12-09 15:00:04,14729,14729,14729,2,0
2022-12-09 15:00:04,14729,14729,14729,4,0
2022-12-09 15:00:04,14729,14729,14729,2,0
2022-12-09 15:00:04,14728,14728,14728,2,-2
2022-12-09 15:00:04,14728,14728,14728,2,0
2022-12-09 15:00:05,14728,14728,14728,2,0
2022-12-09 15:00:05,14728,14728,14728,2,0
2022-12-09 15:00:05,14728,14728,14728,2,0
2022-12-09 15:00:05,14730,14730,14730,2,2
2022-12-09 15:00:05,14730,14730,14730,2,0
2022-12-09 15:00:05,14729,14729,14729,2,-2
2022-12-09 15:00:05,14728,14728,14728,2,-2
2022-12-09 15:00:05,14728,14728,14728,2,0
2022-12-09 15:00:06,14731,14731,14731,2,2
2022-12-09 15:00:06,14731,14731,14731,2,0
2022-12-09 15:00:06,14731,14731,14731,14,0
2022-12-09 15:00:06,14731,14731,14731,2,0
2022-12-09 15:00:06,14732,14732,14732,2,2
2022-12-09 15:00:06,14732,14732,14732,2,0
2022-12-09 15:00:06,14733,14733,14733,2,2
2022-12-09 15:00:06,14734,14734,14734,2,2
2022-12-09 15:00:06,14735,14735,14735,2,2
2022-12-09 15:00:06,14735,14735,14735,2,0
2022-12-09 15:00:06,14735,14735,14735,2,0
2022-12-09 15:00:06,14736,14736,14736,2,2
2022-12-09 15:00:06,14733,14733,14733,4,-4
2022-12-09 15:00:06,14733,14733,14733,2,0
2022-12-09 15:00:06,14733,14733,14733,2,0
2022-12-09 15:00:06,14733,14733,14733,2,0
2022-12-09 15:00:06,14733,14733,14733,2,0
2022-12-09 15:00:06,14732,14732,14732,2,-2
2022-12-09 15:00:06,14734,14734,14734,2,2
2022-12-09 15:00:06,14734,14734,14734,2,0
2022-12-09 15:00:06,14734,14734,14734,2,0
2022-12-09 15:00:06,14734,14734,14734,2,0
2022-12-09 15:00:07,14732,14732,14732,2,-2
2022-12-09 15:00:07,14732,14732,14732,2,0
2022-12-09 15:00:07,14732,14732,14732,2,0
2022-12-09 15:00:07,14732,14732,14732,2,0
2022-12-09 15:00:08,14731,14731,14731,2,-2
2022-12-09 15:00:08,14731,14731,14731,2,0
2022-12-09 15:00:08,14731,14731,14731,2,0
2022-12-09 15:00:08,14731,14731,14731,2,0
2022-12-09 15:00:08,14730,14730,14730,2,-2
2022-12-09 15:00:08,14730,14730,14730,2,0
2022-12-09 15:00:08,14729,14729,14729,2,-2
2022-12-09 15:00:09,14731,14731,14731,2,2
2022-12-09 15:00:09,14729,14729,14729,2,-2
2022-12-09 15:00:09,14729,14729,14729,4,0
2022-12-09 15:00:09,14728,14728,14728,2,-2
2022-12-09 15:00:10,14728,14728,14728,2,0
2022-12-09 15:00:10,14728,14728,14728,2,0
2022-12-09 15:00:11,14729,14729,14729,2,2
2022-12-09 15:00:11,14730,14730,14730,2,2
2022-12-09 15:00:12,14730,14730,14730,2,0
2022-12-09 15:00:12,14730,14730,14730,26,0
2022-12-09 15:00:12,14731,14731,14731,22,22
2022-12-09 15:00:12,14731,14731,14731,4,0
2022-12-09 15:00:12,14730,14730,14730,2,-2
2022-12-09 15:00:12,14730,14730,14730,2,0
2022-12-09 15:00:13,14729,14729,14729,2,-2
2022-12-09 15:00:14,14729,14729,14729,2,0
2022-12-09 15:00:14,14729,14729,14729,4,0
2022-12-09 15:00:14,14729,14729,14729,2,0
2022-12-09 15:00:14,14729,14729,14729,2,0
2022-12-09 15:00:14,14728,14728,14728,2,-2
2022-12-09 15:00:14,14728,14728,14728,4,0
2022-12-09 15:00:14,14728,14728,14728,2,0
2022-12-09 15:00:14,14728,14728,14728,2,0
2022-12-09 15:00:14,14728,14728,14728,2,0
2022-12-09 15:00:14,14728,14728,14728,2,0
2022-12-09 15:00:14,14728,14728,14728,4,0
2022-12-09 15:00:14,14729,14729,14729,2,2
2022-12-09 15:00:14,14729,14729,14729,2,0
2022-12-09 15:00:16,14730,14730,14730,20,20
2022-12-09 15:00:16,14730,14730,14730,2,0
2022-12-09 15:00:16,14730,14730,14730,2,0
2022-12-09 15:00:16,14731,14731,14731,2,2
2022-12-09 15:00:16,14731,14731,14731,2,0
2022-12-09 15:00:16,14731,14731,14731,4,0
2022-12-09 15:00:18,14731,14731,14731,2,0
2022-12-09 15:00:18,14731,14731,14731,2,0
2022-12-09 15:00:18,14731,14731,14731,20,0
2022-12-09 15:00:18,14731,14731,14731,2,0
2022-12-09 15:00:19,14731,14731,14731,2,0
2022-12-09 15:00:20,14732,14732,14732,4,4
2022-12-09 15:00:20,14731,14731,14731,2,-2
2022-12-09 15:00:20,14731,14731,14731,2,0
2022-12-09 15:00:22,14731,14731,14731,2,0
2022-12-09 15:00:22,14732,14732,14732,2,2
2022-12-09 15:00:22,14732,14732,14732,2,0
2022-12-09 15:00:23,14731,14731,14731,2,-2
2022-12-09 15:00:23,14731,14731,14731,2,0
2022-12-09 15:00:24,14732,14732,14732,2,2
2022-12-09 15:00:24,14733,14733,14733,2,2
2022-12-09 15:00:25,14732,14732,14732,8,-8
2022-12-09 15:00:25,14731,14731,14731,2,-2
2022-12-09 15:00:25,14731,14731,14731,20,0
2022-12-09 15:00:25,14731,14731,14731,2,0
2022-12-09 15:00:25,14731,14731,14731,2,0
2022-12-09 15:00:25,14731,14731,14731,2,0
2022-12-09 15:00:25,14730,14730,14730,2,-2
2022-12-09 15:00:25,14730,14730,14730,2,0
2022-12-09 15:00:25,14730,14730,14730,2,0
2022-12-09 15:00:25,14731,14731,14731,2,2
2022-12-09 15:00:25,14729,14729,14729,2,-2
2022-12-09 15:00:25,14729,14729,14729,2,0
2022-12-09 15:00:25,14729,14729,14729,2,0
2022-12-09 15:00:25,14729,14729,14729,4,0
2022-12-09 15:00:25,14729,14729,14729,2,0
2022-12-09 15:00:25,14729,14729,14729,16,0
2022-12-09 15:00:25,14729,14729,14729,2,0
2022-12-09 15:00:28,14732,14732,14732,4,4
2022-12-09 15:00:29,14732,14732,14732,2,0
2022-12-09 15:00:30,14731,14731,14731,2,-2
2022-12-09 15:00:30,14731,14731,14731,2,0
2022-12-09 15:00:30,14732,14732,14732,2,2
2022-12-09 15:00:30,14732,14732,14732,2,0
2022-12-09 15:00:30,14732,14732,14732,2,0
2022-12-09 15:00:30,14732,14732,14732,2,0
2022-12-09 15:00:30,14732,14732,14732,2,0
2022-12-09 15:00:31,14732,14732,14732,2,0
2022-12-09 15:00:31,14731,14731,14731,2,-2
2022-12-09 15:00:32,14733,14733,14733,2,2
2022-12-09 15:00:32,14731,14731,14731,2,-2
2022-12-09 15:00:32,14731,14731,14731,2,0
2022-12-09 15:00:32,14732,14732,14732,2,2
2022-12-09 15:00:33,14731,14731,14731,2,-2
2022-12-09 15:00:34,14730,14730,14730,2,-2
2022-12-09 15:00:34,14730,14730,14730,2,0
2022-12-09 15:00:34,14730,14730,14730,2,0
2022-12-09 15:00:34,14730,14730,14730,2,0
2022-12-09 15:00:36,14730,14730,14730,8,0
2022-12-09 15:00:36,14730,14730,14730,2,0
2022-12-09 15:00:36,14730,14730,14730,2,0
2022-12-09 15:00:37,14729,14729,14729,4,-4
2022-12-09 15:00:37,14730,14730,14730,4,4
2022-12-09 15:00:37,14729,14729,14729,2,-2
2022-12-09 15:00:40,14730,14730,14730,20,20
2022-12-09 15:00:40,14730,14730,14730,2,0
2022-12-09 15:00:41,14730,14730,14730,2,0
2022-12-09 15:00:41,14730,14730,14730,2,0
2022-12-09 15:00:42,14730,14730,14730,2,0
2022-12-09 15:00:43,14731,14731,14731,2,2
2022-12-09 15:00:44,14731,14731,14731,2,0
2022-12-09 15:00:44,14731,14731,14731,2,0
2022-12-09 15:00:44,14730,14730,14730,2,-2
2022-12-09 15:00:44,14730,14730,14730,2,0
2022-12-09 15:00:45,14731,14731,14731,2,2
2022-12-09 15:00:45,14731,14731,14731,2,0
2022-12-09 15:00:45,14731,14731,14731,28,0
2022-12-09 15:00:45,14732,14732,14732,14,14
2022-12-09 15:00:46,14733,14733,14733,4,4
2022-12-09 15:00:46,14733,14733,14733,2,0
2022-12-09 15:00:46,14733,14733,14733,2,0
2022-12-09 15:00:46,14734,14734,14734,2,2
2022-12-09 15:00:46,14734,14734,14734,2,0
2022-12-09 15:00:46,14734,14734,14734,2,0
2022-12-09 15:00:46,14734,14734,14734,2,0
2022-12-09 15:00:46,14735,14735,14735,4,4
2022-12-09 15:00:47,14735,14735,14735,2,0
2022-12-09 15:00:47,14735,14735,14735,2,0
2022-12-09 15:00:47,14735,14735,14735,2,0
2022-12-09 15:00:47,14735,14735,14735,2,0
2022-12-09 15:00:48,14733,14733,14733,2,-2
2022-12-09 15:00:49,14735,14735,14735,2,2
2022-12-09 15:00:49,14735,14735,14735,2,0
2022-12-09 15:00:49,14735,14735,14735,2,0
2022-12-09 15:00:49,14735,14735,14735,6,0
2022-12-09 15:00:49,14734,14734,14734,2,-2
2022-12-09 15:00:49,14734,14734,14734,4,0
2022-12-09 15:00:49,14733,14733,14733,2,-2
2022-12-09 15:00:49,14733,14733,14733,2,0
2022-12-09 15:00:49,14733,14733,14733,2,0
2022-12-09 15:00:49,14733,14733,14733,6,0
2022-12-09 15:00:49,14733,14733,14733,4,0
2022-12-09 15:00:49,14733,14733,14733,2,0
2022-12-09 15:00:49,14733,14733,14733,2,0
2022-12-09 15:00:49,14733,14733,14733,2,0
2022-12-09 15:00:49,14733,14733,14733,2,0
2022-12-09 15:00:49,14733,14733,14733,4,0
2022-12-09 15:00:49,14733,14733,14733,2,0
2022-12-09 15:00:52,14733,14733,14733,2,0
2022-12-09 15:00:52,14733,14733,14733,2,0
2022-12-09 15:00:53,14733,14733,14733,6,0
2022-12-09 15:00:53,14733,14733,14733,2,0
2022-12-09 15:00:54,14732,14732,14732,2,-2
2022-12-09 15:00:54,14733,14733,14733,2,2
2022-12-09 15:00:55,14733,14733,14733,2,0
2022-12-09 15:00:56,14733,14733,14733,2,0
2022-12-09 15:00:56,14733,14733,14733,2,0
2022-12-09 15:00:57,14733,14733,14733,10,0
2022-12-09 15:00:58,14734,14734,14734,2,2
2022-12-09 15:00:59,14733,14733,14733,2,-2
2022-12-09 15:01:00,14734,14734,14734,2,2
2022-12-09 15:01:00,14735,14735,14735,2,2
2022-12-09 15:01:00,14735,14735,14735,2,0
2022-12-09 15:01:00,14735,14735,14735,2,0
2022-12-09 15:01:00,14735,14735,14735,2,0
2022-12-09 15:01:00,14734,14734,14734,4,-4
2022-12-09 15:01:01,14733,14733,14733,2,-2
2022-12-09 15:01:01,14733,14733,14733,2,0
2022-12-09 15:01:01,14732,14732,14732,2,-2
2022-12-09 15:01:01,14733,14733,14733,2,2
2022-12-09 15:01:05,14734,14734,14734,2,2
2022-12-09 15:01:05,14734,14734,14734,2,0
2022-12-09 15:01:05,14734,14734,14734,2,0
2022-12-09 15:01:05,14734,14734,14734,2,0
2022-12-09 15:01:06,14733,14733,14733,2,-2
2022-12-09 15:01:06,14734,14734,14734,2,2
2022-12-09 15:01:06,14734,14734,14734,2,0
2022-12-09 15:01:07,14733,14733,14733,10,-10
2022-12-09 15:01:07,14733,14733,14733,2,0
2022-12-09 15:01:07,14733,14733,14733,2,0
2022-12-09 15:01:07,14733,14733,14733,6,0
2022-12-09 15:01:07,14734,14734,14734,8,8
2022-12-09 15:01:07,14735,14735,14735,2,2
2022-12-09 15:01:07,14732,14732,14732,2,-2
2022-12-09 15:01:08,14732,14732,14732,2,0
2022-12-09 15:01:08,14732,14732,14732,2,0
2022-12-09 15:01:08,14732,14732,14732,2,0
2022-12-09 15:01:08,14732,14732,14732,2,0
2022-12-09 15:01:10,14732,14732,14732,2,0
2022-12-09 15:01:10,14732,14732,14732,2,0
2022-12-09 15:01:10,14732,14732,14732,6,0
2022-12-09 15:01:10,14732,14732,14732,6,0
2022-12-09 15:01:10,14732,14732,14732,2,0
2022-12-09 15:01:10,14732,14732,14732,2,0
2022-12-09 15:01:10,14732,14732,14732,2,0
2022-12-09 15:01:10,14732,14732,14732,2,0
2022-12-09 15:01:10,14731,14731,14731,2,-2
2022-12-09 15:01:16,14732,14732,14732,2,2
2022-12-09 15:01:18,14732,14732,14732,2,0
2022-12-09 15:01:19,14733,14733,14733,2,2
2022-12-09 15:01:19,14733,14733,14733,2,0
2022-12-09 15:01:19,14734,14734,14734,2,2
2022-12-09 15:01:19,14734,14734,14734,2,0
2022-12-09 15:01:19,14734,14734,14734,2,0
2022-12-09 15:01:19,14734,14734,14734,2,0
2022-12-09 15:01:19,14733,14733,14733,2,-2
2022-12-09 15:01:19,14733,14733,14733,4,0
2022-12-09 15:01:19,14733,14733,14733,2,0
2022-12-09 15:01:19,14733,14733,14733,6,0
2022-12-09 15:01:19,14733,14733,14733,2,0
2022-12-09 15:01:19,14733,14733,14733,2,0
2022-12-09 15:01:19,14732,14732,14732,2,-2
2022-12-09 15:01:20,14733,14733,14733,2,2
2022-12-09 15:01:20,14731,14731,14731,2,-2
2022-12-09 15:01:21,14731,14731,14731,2,0
2022-12-09 15:01:22,14733,14733,14733,2,2
2022-12-09 15:01:23,14733,14733,14733,2,0
2022-12-09 15:01:23,14732,14732,14732,2,-2
2022-12-09 15:01:26,14734,14734,14734,2,2
2022-12-09 15:01:28,14734,14734,14734,2,0
2022-12-09 15:01:28,14734,14734,14734,2,0
2022-12-09 15:01:28,14734,14734,14734,2,0
2022-12-09 15:01:28,14734,14734,14734,16,0
2022-12-09 15:01:28,14733,14733,14733,2,-2
2022-12-09 15:01:28,14733,14733,14733,2,0
2022-12-09 15:01:29,14733,14733,14733,8,0
2022-12-09 15:01:29,14733,14733,14733,6,0
2022-12-09 15:01:29,14733,14733,14733,2,0
2022-12-09 15:01:29,14733,14733,14733,4,0
2022-12-09 15:01:29,14733,14733,14733,6,0
2022-12-09 15:01:29,14733,14733,14733,2,0
2022-12-09 15:01:29,14733,14733,14733,2,0
2022-12-09 15:01:31,14733,14733,14733,2,0
2022-12-09 15:01:32,14733,14733,14733,2,0
2022-12-09 15:01:33,14733,14733,14733,2,0
2022-12-09 15:01:33,14732,14732,14732,2,-2
2022-12-09 15:01:33,14732,14732,14732,2,0
2022-12-09 15:01:34,14733,14733,14733,2,2
2022-12-09 15:01:34,14732,14732,14732,2,-2
2022-12-09 15:01:34,14733,14733,14733,4,4
2022-12-09 15:01:34,14733,14733,14733,10,0
2022-12-09 15:01:35,14732,14732,14732,2,-2
2022-12-09 15:01:36,14733,14733,14733,2,2
2022-12-09 15:01:36,14733,14733,14733,2,0
2022-12-09 15:01:37,14733,14733,14733,2,0
2022-12-09 15:01:37,14733,14733,14733,2,0
2022-12-09 15:01:39,14733,14733,14733,2,0
2022-12-09 15:01:40,14733,14733,14733,2,0
2022-12-09 15:01:41,14732,14732,14732,2,-2
2022-12-09 15:01:41,14732,14732,14732,2,0
2022-12-09 15:01:41,14732,14732,14732,2,0
2022-12-09 15:01:45,14731,14731,14731,2,-2
2022-12-09 15:01:45,14731,14731,14731,2,0
2022-12-09 15:01:45,14731,14731,14731,2,0
2022-12-09 15:01:45,14731,14731,14731,6,0
2022-12-09 15:01:45,14731,14731,14731,2,0
2022-12-09 15:01:45,14731,14731,14731,2,0
2022-12-09 15:01:45,14731,14731,14731,2,0
2022-12-09 15:01:45,14730,14730,14730,2,-2
2022-12-09 15:01:45,14730,14730,14730,2,0
2022-12-09 15:01:45,14730,14730,14730,2,0
2022-12-09 15:01:45,14730,14730,14730,2,0
2022-12-09 15:01:45,14730,14730,14730,2,0
2022-12-09 15:01:45,14730,14730,14730,2,0
2022-12-09 15:01:45,14730,14730,14730,8,0
2022-12-09 15:01:45,14730,14730,14730,2,0
2022-12-09 15:01:45,14730,14730,14730,2,0
2022-12-09 15:01:45,14730,14730,14730,12,0
2022-12-09 15:01:45,14730,14730,14730,2,0
2022-12-09 15:01:45,14729,14729,14729,2,-2
2022-12-09 15:01:45,14729,14729,14729,2,0
2022-12-09 15:01:45,14729,14729,14729,2,0
2022-12-09 15:01:46,14728,14728,14728,2,-2
2022-12-09 15:01:47,14729,14729,14729,2,2
2022-12-09 15:01:48,14730,14730,14730,2,2
2022-12-09 15:01:49,14730,14730,14730,2,0
2022-12-09 15:01:49,14730,14730,14730,2,0
2022-12-09 15:01:50,14731,14731,14731,2,2
2022-12-09 15:01:57,14729,14729,14729,2,-2
2022-12-09 15:01:57,14729,14729,14729,2,0
2022-12-09 15:01:59,14730,14730,14730,2,2
2022-12-09 15:01:59,14730,14730,14730,2,0
2022-12-09 15:02:00,14730,14730,14730,2,0
2022-12-09 15:02:00,14729,14729,14729,2,-2
2022-12-09 15:02:00,14729,14729,14729,2,0
2022-12-09 15:02:01,14728,14728,14728,2,-2
2022-12-09 15:02:01,14728,14728,14728,2,0
2022-12-09 15:02:01,14728,14728,14728,2,0
2022-12-09 15:02:01,14728,14728,14728,2,0
2022-12-09 15:02:01,14728,14728,14728,2,0
2022-12-09 15:02:01,14728,14728,14728,2,0
2022-12-09 15:02:01,14728,14728,14728,2,0
2022-12-09 15:02:01,14728,14728,14728,2,0
2022-12-09 15:02:01,14728,14728,14728,2,0
2022-12-09 15:02:01,14728,14728,14728,2,0
2022-12-09 15:02:02,14728,14728,14728,8,0
2022-12-09 15:02:03,14727,14727,14727,2,-2
2022-12-09 15:02:03,14727,14727,14727,10,0
2022-12-09 15:02:03,14727,14727,14727,4,0
2022-12-09 15:02:03,14727,14727,14727,2,0
2022-12-09 15:02:03,14727,14727,14727,2,0
2022-12-09 15:02:03,14727,14727,14727,2,0
2022-12-09 15:02:04,14727,14727,14727,2,0
2022-12-09 15:02:05,14727,14727,14727,2,0
2022-12-09 15:02:05,14727,14727,14727,2,0
2022-12-09 15:02:06,14727,14727,14727,2,0
2022-12-09 15:02:07,14727,14727,14727,2,0
2022-12-09 15:02:08,14727,14727,14727,2,0
2022-12-09 15:02:10,14727,14727,14727,2,0
2022-12-09 15:02:11,14727,14727,14727,2,0
2022-12-09 15:02:12,14727,14727,14727,4,0
2022-12-09 15:02:13,14727,14727,14727,2,0
2022-12-09 15:02:14,14727,14727,14727,4,0
2022-12-09 15:02:14,14728,14728,14728,2,2
2022-12-09 15:02:15,14728,14728,14728,4,0
2022-12-09 15:02:25,14729,14729,14729,2,2
2022-12-09 15:02:25,14730,14730,14730,2,2
2022-12-09 15:02:31,14728,14728,14728,2,-2
2022-12-09 15:02:31,14728,14728,14728,2,0
2022-12-09 15:02:31,14727,14727,14727,2,-2
2022-12-09 15:02:33,14728,14728,14728,4,4
2022-12-09 15:02:35,14728,14728,14728,2,0
2022-12-09 15:02:35,14729,14729,14729,2,2
2022-12-09 15:02:37,14727,14727,14727,2,-2
2022-12-09 15:02:37,14728,14728,14728,2,2
2022-12-09 15:02:37,14727,14727,14727,2,-2
2022-12-09 15:02:37,14727,14727,14727,2,0
2022-12-09 15:02:37,14727,14727,14727,2,0
2022-12-09 15:02:37,14727,14727,14727,2,0
2022-12-09 15:02:38,14728,14728,14728,2,2
2022-12-09 15:02:38,14728,14728,14728,10,0
2022-12-09 15:02:38,14728,14728,14728,4,0
2022-12-09 15:02:39,14728,14728,14728,2,0
2022-12-09 15:02:40,14729,14729,14729,8,8
2022-12-09 15:02:40,14729,14729,14729,2,0
2022-12-09 15:02:41,14729,14729,14729,2,0
2022-12-09 15:02:46,14729,14729,14729,2,0
2022-12-09 15:02:46,14729,14729,14729,2,0
2022-12-09 15:02:46,14729,14729,14729,4,0
2022-12-09 15:02:47,14729,14729,14729,2,0
2022-12-09 15:02:49,14729,14729,14729,2,0
2022-12-09 15:02:50,14729,14729,14729,2,0
2022-12-09 15:02:50,14729,14729,14729,2,0
2022-12-09 15:02:50,14729,14729,14729,2,0
2022-12-09 15:02:51,14728,14728,14728,2,-2
2022-12-09 15:02:53,14729,14729,14729,2,2
2022-12-09 15:02:54,14728,14728,14728,2,-2
2022-12-09 15:02:54,14729,14729,14729,2,2
2022-12-09 15:02:55,14729,14729,14729,2,0
2022-12-09 15:02:56,14728,14728,14728,16,-16
2022-12-09 15:02:56,14728,14728,14728,2,0
2022-12-09 15:02:56,14728,14728,14728,2,0
2022-12-09 15:02:57,14729,14729,14729,4,4
2022-12-09 15:02:58,14729,14729,14729,2,0
2022-12-09 15:02:58,14727,14727,14727,2,-2
2022-12-09 15:02:58,14727,14727,14727,2,0
2022-12-09 15:02:58,14727,14727,14727,2,0
2022-12-09 15:03:00,14728,14728,14728,2,2
2022-12-09 15:03:00,14728,14728,14728,2,0
2022-12-09 15:03:00,14728,14728,14728,2,0
2022-12-09 15:03:00,14729,14729,14729,2,2
2022-12-09 15:03:00,14729,14729,14729,2,0
2022-12-09 15:03:00,14729,14729,14729,2,0
2022-12-09 15:03:02,14728,14728,14728,2,-2
2022-12-09 15:03:04,14729,14729,14729,2,2
2022-12-09 15:03:08,14728,14728,14728,2,-2
2022-12-09 15:03:08,14728,14728,14728,4,0
2022-12-09 15:03:08,14729,14729,14729,2,2
2022-12-09 15:03:09,14729,14729,14729,2,0
2022-12-09 15:03:09,14729,14729,14729,2,0
2022-12-09 15:03:13,14729,14729,14729,2,0
2022-12-09 15:03:15,14729,14729,14729,4,0
2022-12-09 15:03:18,14729,14729,14729,24,0
2022-12-09 15:03:19,14729,14729,14729,12,0
2022-12-09 15:03:19,14729,14729,14729,2,0
2022-12-09 15:03:26,14729,14729,14729,2,0
2022-12-09 15:03:28,14729,14729,14729,2,0
2022-12-09 15:03:28,14730,14730,14730,50,50
2022-12-09 15:03:28,14730,14730,14730,2,0
2022-12-09 15:03:28,14730,14730,14730,12,0
2022-12-09 15:03:28,14730,14730,14730,8,0
2022-12-09 15:03:28,14730,14730,14730,2,0
2022-12-09 15:03:28,14730,14730,14730,2,0
2022-12-09 15:03:28,14730,14730,14730,8,0
2022-12-09 15:03:28,14730,14730,14730,2,0
2022-12-09 15:03:28,14730,14730,14730,12,0
2022-12-09 15:03:30,14730,14730,14730,2,0
2022-12-09 15:03:31,14730,14730,14730,2,0
2022-12-09 15:03:31,14731,14731,14731,2,2
2022-12-09 15:03:32,14731,14731,14731,2,0
2022-12-09 15:03:33,14731,14731,14731,2,0
2022-12-09 15:03:34,14731,14731,14731,4,0
2022-12-09 15:03:35,14731,14731,14731,8,0
2022-12-09 15:03:35,14732,14732,14732,2,2
2022-12-09 15:03:38,14732,14732,14732,2,0
2022-12-09 15:03:38,14732,14732,14732,2,0
2022-12-09 15:03:39,14732,14732,14732,2,0
2022-12-09 15:03:39,14732,14732,14732,2,0
2022-12-09 15:03:39,14732,14732,14732,2,0
2022-12-09 15:03:41,14732,14732,14732,2,0
2022-12-09 15:03:42,14732,14732,14732,8,0
2022-12-09 15:03:43,14732,14732,14732,2,0
2022-12-09 15:03:44,14732,14732,14732,6,0
2022-12-09 15:03:45,14732,14732,14732,2,0
2022-12-09 15:03:46,14732,14732,14732,2,0
2022-12-09 15:03:48,14732,14732,14732,2,0
2022-12-09 15:03:50,14732,14732,14732,6,0
2022-12-09 15:03:50,14732,14732,14732,6,0
2022-12-09 15:03:50,14732,14732,14732,2,0
2022-12-09 15:03:53,14733,14733,14733,4,4
2022-12-09 15:03:54,14732,14732,14732,2,-2
2022-12-09 15:04:00,14733,14733,14733,2,2
2022-12-09 15:04:00,14733,14733,14733,6,0
2022-12-09 15:04:00,14733,14733,14733,2,0
2022-12-09 15:04:02,14733,14733,14733,2,0
2022-12-09 15:04:04,14732,14732,14732,4,-4
2022-12-09 15:04:04,14732,14732,14732,2,0
2022-12-09 15:04:04,14732,14732,14732,2,0
2022-12-09 15:04:04,14732,14732,14732,2,0
2022-12-09 15:04:04,14732,14732,14732,2,0
2022-12-09 15:04:04,14732,14732,14732,2,0
2022-12-09 15:04:04,14732,14732,14732,2,0
2022-12-09 15:04:04,14732,14732,14732,2,0
2022-12-09 15:04:04,14732,14732,14732,2,0
2022-12-09 15:04:06,14731,14731,14731,2,-2
2022-12-09 15:04:07,14731,14731,14731,2,0
2022-12-09 15:04:08,14732,14732,14732,2,2
2022-12-09 15:04:12,14734,14734,14734,12,12
2022-12-09 15:04:13,14735,14735,14735,2,2
2022-12-09 15:04:14,14734,14734,14734,2,-2
2022-12-09 15:04:14,14734,14734,14734,2,0
2022-12-09 15:04:14,14734,14734,14734,2,0
2022-12-09 15:04:14,14733,14733,14733,2,-2
2022-12-09 15:04:14,14733,14733,14733,2,0
2022-12-09 15:04:14,14733,14733,14733,2,0
2022-12-09 15:04:14,14733,14733,14733,2,0
2022-12-09 15:04:14,14734,14734,14734,2,2
2022-12-09 15:04:14,14733,14733,14733,2,-2
2022-12-09 15:04:14,14735,14735,14735,2,2
2022-12-09 15:04:15,14735,14735,14735,30,0
2022-12-09 15:04:15,14735,14735,14735,6,0
2022-12-09 15:04:15,14735,14735,14735,2,0
2022-12-09 15:04:15,14735,14735,14735,2,0
2022-12-09 15:04:18,14736,14736,14736,4,4
2022-12-09 15:04:18,14736,14736,14736,4,0
2022-12-09 15:04:20,14736,14736,14736,2,0
2022-12-09 15:04:20,14736,14736,14736,10,0
2022-12-09 15:04:21,14736,14736,14736,2,0
2022-12-09 15:04:22,14735,14735,14735,2,-2
2022-12-09 15:04:22,14736,14736,14736,4,4
2022-12-09 15:04:25,14736,14736,14736,2,0
2022-12-09 15:04:25,14736,14736,14736,8,0
2022-12-09 15:04:26,14737,14737,14737,2,2
2022-12-09 15:04:28,14737,14737,14737,2,0
2022-12-09 15:04:28,14736,14736,14736,2,-2
2022-12-09 15:04:29,14737,14737,14737,2,2
2022-12-09 15:04:30,14737,14737,14737,2,0
2022-12-09 15:04:30,14736,14736,14736,2,-2
2022-12-09 15:04:31,14737,14737,14737,6,6
2022-12-09 15:04:31,14737,14737,14737,4,0
2022-12-09 15:04:33,14736,14736,14736,2,-2
2022-12-09 15:04:33,14736,14736,14736,2,0
2022-12-09 15:04:33,14736,14736,14736,2,0
2022-12-09 15:04:33,14736,14736,14736,2,0
2022-12-09 15:04:33,14736,14736,14736,4,0
2022-12-09 15:04:34,14736,14736,14736,2,0
2022-12-09 15:04:34,14736,14736,14736,2,0
2022-12-09 15:04:35,14736,14736,14736,2,0
2022-12-09 15:04:36,14735,14735,14735,2,-2
2022-12-09 15:04:36,14735,14735,14735,2,0
2022-12-09 15:04:36,14735,14735,14735,2,0
2022-12-09 15:04:36,14735,14735,14735,4,0
2022-12-09 15:04:36,14735,14735,14735,2,0
2022-12-09 15:04:36,14735,14735,14735,2,0
2022-12-09 15:04:38,14735,14735,14735,10,0
2022-12-09 15:04:42,14735,14735,14735,2,0
2022-12-09 15:04:44,14735,14735,14735,10,0
2022-12-09 15:04:44,14735,14735,14735,8,0
2022-12-09 15:04:46,14735,14735,14735,6,0
2022-12-09 15:04:46,14736,14736,14736,12,12
2022-12-09 15:04:47,14736,14736,14736,2,0
2022-12-09 15:04:47,14736,14736,14736,6,0
2022-12-09 15:04:47,14736,14736,14736,2,0
2022-12-09 15:04:47,14736,14736,14736,4,0
2022-12-09 15:04:47,14736,14736,14736,2,0
2022-12-09 15:04:49,14737,14737,14737,6,6
2022-12-09 15:04:50,14736,14736,14736,2,-2
2022-12-09 15:04:50,14736,14736,14736,2,0
2022-12-09 15:04:52,14737,14737,14737,2,2
2022-12-09 15:04:52,14736,14736,14736,2,-2
2022-12-09 15:04:54,14737,14737,14737,2,2
2022-12-09 15:04:54,14737,14737,14737,2,0
2022-12-09 15:04:55,14737,14737,14737,4,0
2022-12-09 15:04:55,14738,14738,14738,60,60
2022-12-09 15:04:55,14738,14738,14738,4,0
2022-12-09 15:04:55,14738,14738,14738,2,0
2022-12-09 15:04:55,14738,14738,14738,36,0
2022-12-09 15:04:55,14739,14739,14739,2,2
2022-12-09 15:04:55,14739,14739,14739,4,0
2022-12-09 15:04:56,14739,14739,14739,2,0
2022-12-09 15:04:57,14738,14738,14738,2,-2
2022-12-09 15:04:58,14738,14738,14738,2,0
2022-12-09 15:04:59,14739,14739,14739,2,2
2022-12-09 15:05:00,14739,14739,14739,2,0
2022-12-09 15:05:00,14739,14739,14739,2,0
2022-12-09 15:05:00,14739,14739,14739,4,0
2022-12-09 15:05:00,14739,14739,14739,2,0
2022-12-09 15:05:00,14739,14739,14739,4,0
2022-12-09 15:05:00,14739,14739,14739,2,0
2022-12-09 15:05:00,14739,14739,14739,2,0
2022-12-09 15:05:00,14739,14739,14739,2,0
2022-12-09 15:05:00,14739,14739,14739,2,0
2022-12-09 15:05:00,14739,14739,14739,2,0
2022-12-09 15:05:00,14739,14739,14739,2,0
2022-12-09 15:05:00,14739,14739,14739,2,0
2022-12-09 15:05:00,14738,14738,14738,4,-4
2022-12-09 15:05:00,14738,14738,14738,2,0
2022-12-09 15:05:00,14738,14738,14738,2,0
2022-12-09 15:05:00,14738,14738,14738,2,0
2022-12-09 15:05:00,14738,14738,14738,2,0
2022-12-09 15:05:00,14738,14738,14738,2,0
2022-12-09 15:05:02,14737,14737,14737,2,-2
2022-12-09 15:05:02,14737,14737,14737,2,0
2022-12-09 15:05:02,14737,14737,14737,2,0
2022-12-09 15:05:02,14738,14738,14738,2,2
2022-12-09 15:05:03,14738,14738,14738,2,0
2022-12-09 15:05:03,14738,14738,14738,2,0
2022-12-09 15:05:04,14737,14737,14737,2,-2
2022-12-09 15:05:04,14738,14738,14738,6,6
2022-12-09 15:05:04,14738,14738,14738,2,0
2022-12-09 15:05:07,14738,14738,14738,12,0
2022-12-09 15:05:08,14738,14738,14738,4,0
2022-12-09 15:05:10,14738,14738,14738,2,0
2022-12-09 15:05:10,14739,14739,14739,2,2
2022-12-09 15:05:10,14737,14737,14737,2,-2
2022-12-09 15:05:11,14738,14738,14738,20,20
2022-12-09 15:05:13,14738,14738,14738,2,0
2022-12-09 15:05:14,14738,14738,14738,2,0
2022-12-09 15:05:15,14738,14738,14738,2,0
2022-12-09 15:05:16,14737,14737,14737,2,-2
2022-12-09 15:05:16,14737,14737,14737,2,0
2022-12-09 15:05:16,14738,14738,14738,10,10
2022-12-09 15:05:16,14738,14738,14738,2,0
2022-12-09 15:05:17,14737,14737,14737,6,-6
2022-12-09 15:05:18,14737,14737,14737,4,0
2022-12-09 15:05:19,14736,14736,14736,2,-2
2022-12-09 15:05:21,14736,14736,14736,2,0
2022-12-09 15:05:21,14736,14736,14736,4,0
2022-12-09 15:05:23,14736,14736,14736,2,0
2022-12-09 15:05:26,14737,14737,14737,2,2
2022-12-09 15:05:31,14737,14737,14737,4,0
2022-12-09 15:05:32,14736,14736,14736,2,-2
2022-12-09 15:05:32,14736,14736,14736,2,0
2022-12-09 15:05:33,14736,14736,14736,2,0
2022-12-09 15:05:35,14736,14736,14736,2,0
2022-12-09 15:05:35,14737,14737,14737,2,2
2022-12-09 15:05:38,14736,14736,14736,10,-10
2022-12-09 15:05:38,14736,14736,14736,2,0
2022-12-09 15:05:38,14736,14736,14736,2,0
2022-12-09 15:05:39,14737,14737,14737,2,2
2022-12-09 15:05:39,14737,14737,14737,4,0
2022-12-09 15:05:41,14738,14738,14738,18,18
2022-12-09 15:05:42,14738,14738,14738,2,0
2022-12-09 15:05:42,14738,14738,14738,4,0
2022-12-09 15:05:45,14739,14739,14739,2,2
2022-12-09 15:05:47,14739,14739,14739,2,0
2022-12-09 15:05:48,14739,14739,14739,2,0
2022-12-09 15:05:49,14738,14738,14738,2,-2
2022-12-09 15:05:49,14739,14739,14739,2,2
2022-12-09 15:05:51,14738,14738,14738,2,-2
2022-12-09 15:05:52,14738,14738,14738,2,0
2022-12-09 15:05:52,14738,14738,14738,2,0
2022-12-09 15:05:53,14739,14739,14739,2,2
2022-12-09 15:05:54,14738,14738,14738,2,-2
2022-12-09 15:05:57,14738,14738,14738,2,0
2022-12-09 15:05:58,14739,14739,14739,10,10
2022-12-09 15:05:59,14739,14739,14739,2,0
2022-12-09 15:05:59,14739,14739,14739,8,0
2022-12-09 15:06:01,14739,14739,14739,2,0
2022-12-09 15:06:04,14739,14739,14739,2,0
2022-12-09 15:06:05,14740,14740,14740,2,2
2022-12-09 15:06:07,14740,14740,14740,2,0
2022-12-09 15:06:09,14739,14739,14739,2,-2
2022-12-09 15:06:09,14739,14739,14739,2,0
2022-12-09 15:06:10,14739,14739,14739,2,0
2022-12-09 15:06:11,14740,14740,14740,2,2
2022-12-09 15:06:11,14740,14740,14740,2,0
2022-12-09 15:06:12,14739,14739,14739,2,-2
2022-12-09 15:06:13,14739,14739,14739,2,0
2022-12-09 15:06:13,14739,14739,14739,2,0
2022-12-09 15:06:13,14739,14739,14739,2,0
2022-12-09 15:06:13,14738,14738,14738,2,-2
2022-12-09 15:06:13,14738,14738,14738,6,0
2022-12-09 15:06:13,14738,14738,14738,2,0
2022-12-09 15:06:13,14738,14738,14738,4,0
2022-12-09 15:06:13,14738,14738,14738,6,0
2022-12-09 15:06:13,14738,14738,14738,2,0
2022-12-09 15:06:13,14738,14738,14738,24,0
2022-12-09 15:06:13,14737,14737,14737,2,-2
2022-12-09 15:06:13,14737,14737,14737,2,0
2022-12-09 15:06:13,14737,14737,14737,2,0
2022-12-09 15:06:13,14737,14737,14737,2,0
2022-12-09 15:06:14,14737,14737,14737,2,0
2022-12-09 15:06:14,14737,14737,14737,4,0
2022-12-09 15:06:16,14737,14737,14737,6,0
2022-12-09 15:06:18,14737,14737,14737,2,0
2022-12-09 15:06:20,14737,14737,14737,2,0
2022-12-09 15:06:20,14737,14737,14737,2,0
2022-12-09 15:06:21,14736,14736,14736,4,-4
2022-12-09 15:06:21,14736,14736,14736,2,0
2022-12-09 15:06:21,14737,14737,14737,2,2
2022-12-09 15:06:23,14736,14736,14736,10,-10
2022-12-09 15:06:24,14736,14736,14736,2,0
2022-12-09 15:06:24,14734,14734,14734,2,-2
2022-12-09 15:06:24,14734,14734,14734,2,0
2022-12-09 15:06:24,14735,14735,14735,2,2
2022-12-09 15:06:25,14734,14734,14734,2,-2
2022-12-09 15:06:25,14735,14735,14735,2,2
2022-12-09 15:06:25,14735,14735,14735,2,0
2022-12-09 15:06:25,14736,14736,14736,2,2
2022-12-09 15:06:25,14737,14737,14737,2,2
2022-12-09 15:06:25,14736,14736,14736,2,-2
2022-12-09 15:06:25,14736,14736,14736,2,0
2022-12-09 15:06:25,14736,14736,14736,2,0
2022-12-09 15:06:28,14736,14736,14736,2,0
2022-12-09 15:06:28,14735,14735,14735,2,-2
2022-12-09 15:06:28,14736,14736,14736,2,2
2022-12-09 15:06:34,14737,14737,14737,2,2
2022-12-09 15:06:34,14736,14736,14736,2,-2
2022-12-09 15:06:35,14737,14737,14737,18,18
2022-12-09 15:06:35,14737,14737,14737,2,0
2022-12-09 15:06:35,14737,14737,14737,2,0
2022-12-09 15:06:40,14738,14738,14738,2,2
2022-12-09 15:06:42,14738,14738,14738,2,0
2022-12-09 15:06:44,14738,14738,14738,2,0
2022-12-09 15:06:47,14738,14738,14738,2,0
2022-12-09 15:06:52,14738,14738,14738,2,0
2022-12-09 15:06:54,14738,14738,14738,2,0
2022-12-09 15:07:04,14738,14738,14738,4,0
2022-12-09 15:07:06,14738,14738,14738,12,0
2022-12-09 15:07:07,14738,14738,14738,2,0
2022-12-09 15:07:09,14738,14738,14738,2,0
2022-12-09 15:07:09,14739,14739,14739,10,10
2022-12-09 15:07:09,14739,14739,14739,10,0
2022-12-09 15:07:09,14739,14739,14739,2,0
2022-12-09 15:07:09,14739,14739,14739,4,0
2022-12-09 15:07:09,14739,14739,14739,36,0
2022-12-09 15:07:11,14739,14739,14739,2,0
2022-12-09 15:07:14,14739,14739,14739,2,0
2022-12-09 15:07:15,14739,14739,14739,4,0
2022-12-09 15:07:16,14739,14739,14739,2,0
2022-12-09 15:07:16,14740,14740,14740,2,2
2022-12-09 15:07:16,14738,14738,14738,2,-2
2022-12-09 15:07:19,14738,14738,14738,2,0
2022-12-09 15:07:22,14739,14739,14739,2,2
2022-12-09 15:07:24,14738,14738,14738,2,-2
2022-12-09 15:07:24,14738,14738,14738,2,0
2022-12-09 15:07:24,14738,14738,14738,2,0
2022-12-09 15:07:25,14739,14739,14739,2,2
2022-12-09 15:07:28,14737,14737,14737,18,-18
2022-12-09 15:07:28,14737,14737,14737,2,0
2022-12-09 15:07:28,14737,14737,14737,4,0
2022-12-09 15:07:28,14738,14738,14738,2,2
2022-12-09 15:07:30,14736,14736,14736,4,-4
2022-12-09 15:07:30,14736,14736,14736,2,0
2022-12-09 15:07:30,14737,14737,14737,2,2
2022-12-09 15:07:31,14736,14736,14736,12,-12
2022-12-09 15:07:31,14736,14736,14736,2,0
2022-12-09 15:07:31,14736,14736,14736,18,0
2022-12-09 15:07:31,14736,14736,14736,2,0
2022-12-09 15:07:31,14736,14736,14736,2,0
2022-12-09 15:07:31,14736,14736,14736,2,0
2022-12-09 15:07:31,14736,14736,14736,2,0
2022-12-09 15:07:40,14736,14736,14736,2,0
2022-12-09 15:07:41,14735,14735,14735,2,-2
2022-12-09 15:07:41,14735,14735,14735,2,0
2022-12-09 15:07:41,14735,14735,14735,4,0
2022-12-09 15:07:41,14735,14735,14735,8,0
2022-12-09 15:07:41,14735,14735,14735,2,0
2022-12-09 15:07:41,14735,14735,14735,2,0
2022-12-09 15:07:47,14736,14736,14736,2,2
2022-12-09 15:07:53,14735,14735,14735,2,-2
2022-12-09 15:07:53,14736,14736,14736,20,20
2022-12-09 15:07:56,14737,14737,14737,2,2
2022-12-09 15:08:01,14736,14736,14736,2,-2
2022-12-09 15:08:01,14736,14736,14736,18,0
2022-12-09 15:08:01,14736,14736,14736,2,0
2022-12-09 15:08:01,14736,14736,14736,20,0
2022-12-09 15:08:05,14736,14736,14736,2,0
2022-12-09 15:08:09,14736,14736,14736,2,0
2022-12-09 15:08:11,14735,14735,14735,2,-2
2022-12-09 15:08:11,14735,14735,14735,2,0
2022-12-09 15:08:12,14736,14736,14736,6,6
2022-12-09 15:08:12,14736,14736,14736,2,0
2022-12-09 15:08:12,14736,14736,14736,2,0
2022-12-09 15:08:19,14736,14736,14736,2,0
2022-12-09 15:08:19,14736,14736,14736,4,0
2022-12-09 15:08:25,14736,14736,14736,2,0
2022-12-09 15:08:26,14736,14736,14736,2,0
2022-12-09 15:08:36,14736,14736,14736,2,0
2022-12-09 15:08:38,14736,14736,14736,2,0
2022-12-09 15:08:38,14736,14736,14736,2,0
2022-12-09 15:08:40,14737,14737,14737,2,2
2022-12-09 15:08:42,14737,14737,14737,2,0
2022-12-09 15:08:44,14737,14737,14737,2,0
2022-12-09 15:08:50,14737,14737,14737,2,0
2022-12-09 15:08:53,14736,14736,14736,2,-2
2022-12-09 15:08:53,14737,14737,14737,4,4
2022-12-09 15:08:54,14737,14737,14737,2,0
2022-12-09 15:08:59,14736,14736,14736,4,-4
2022-12-09 15:09:00,14737,14737,14737,2,2
2022-12-09 15:09:00,14737,14737,14737,2,0
2022-12-09 15:09:04,14736,14736,14736,2,-2
2022-12-09 15:09:04,14736,14736,14736,2,0
2022-12-09 15:09:04,14736,14736,14736,2,0
2022-12-09 15:09:04,14736,14736,14736,6,0
2022-12-09 15:09:04,14736,14736,14736,4,0
2022-12-09 15:09:04,14736,14736,14736,2,0
2022-12-09 15:09:04,14736,14736,14736,8,0
2022-12-09 15:09:05,14736,14736,14736,10,0
2022-12-09 15:09:05,14737,14737,14737,10,10
2022-12-09 15:09:09,14735,14735,14735,2,-2
2022-12-09 15:09:09,14735,14735,14735,2,0
2022-12-09 15:09:13,14736,14736,14736,4,4
2022-12-09 15:09:15,14735,14735,14735,2,-2
2022-12-09 15:09:15,14735,14735,14735,2,0
2022-12-09 15:09:15,14735,14735,14735,4,0
2022-12-09 15:09:15,14735,14735,14735,10,0
2022-12-09 15:09:15,14735,14735,14735,10,0
2022-12-09 15:09:15,14735,14735,14735,2,0
2022-12-09 15:09:15,14735,14735,14735,2,0
2022-12-09 15:09:25,14734,14734,14734,2,-2
2022-12-09 15:09:27,14735,14735,14735,2,2
2022-12-09 15:09:27,14734,14734,14734,2,-2
2022-12-09 15:09:27,14735,14735,14735,4,4
2022-12-09 15:09:29,14734,14734,14734,2,-2
2022-12-09 15:09:29,14734,14734,14734,2,0
2022-12-09 15:09:29,14734,14734,14734,2,0
2022-12-09 15:09:29,14734,14734,14734,2,0
2022-12-09 15:09:31,14734,14734,14734,2,0
2022-12-09 15:09:31,14734,14734,14734,2,0
2022-12-09 15:09:36,14735,14735,14735,4,4
2022-12-09 15:09:36,14735,14735,14735,6,0
2022-12-09 15:09:38,14735,14735,14735,2,0
2022-12-09 15:09:41,14735,14735,14735,2,0
2022-12-09 15:09:42,14735,14735,14735,2,0
2022-12-09 15:09:42,14736,14736,14736,12,12
2022-12-09 15:09:44,14736,14736,14736,4,0
2022-12-09 15:09:44,14736,14736,14736,2,0
2022-12-09 15:09:45,14735,14735,14735,2,-2
2022-12-09 15:09:45,14735,14735,14735,2,0
2022-12-09 15:09:53,14736,14736,14736,2,2
2022-12-09 15:09:59,14736,14736,14736,6,0
2022-12-09 15:10:02,14735,14735,14735,4,-4
2022-12-09 15:10:02,14736,14736,14736,10,10
2022-12-09 15:10:02,14737,14737,14737,2,2
2022-12-09 15:10:02,14737,14737,14737,2,0
2022-12-09 15:10:03,14736,14736,14736,2,-2
2022-12-09 15:10:03,14736,14736,14736,2,0
2022-12-09 15:10:03,14736,14736,14736,2,0
2022-12-09 15:10:05,14736,14736,14736,2,0
2022-12-09 15:10:09,14736,14736,14736,4,0
2022-12-09 15:10:17,14736,14736,14736,2,0
2022-12-09 15:10:21,14736,14736,14736,2,0
2022-12-09 15:10:23,14735,14735,14735,2,-2
2022-12-09 15:10:23,14735,14735,14735,2,0
2022-12-09 15:10:23,14735,14735,14735,4,0
2022-12-09 15:10:28,14734,14734,14734,2,-2
2022-12-09 15:10:28,14734,14734,14734,2,0
2022-12-09 15:10:28,14734,14734,14734,2,0
2022-12-09 15:10:28,14734,14734,14734,6,0
2022-12-09 15:10:28,14734,14734,14734,2,0
2022-12-09 15:10:28,14734,14734,14734,2,0
2022-12-09 15:10:28,14734,14734,14734,2,0
2022-12-09 15:10:28,14734,14734,14734,2,0
2022-12-09 15:10:28,14734,14734,14734,2,0
2022-12-09 15:10:29,14734,14734,14734,2,0
2022-12-09 15:10:35,14734,14734,14734,2,0
2022-12-09 15:10:37,14734,14734,14734,2,0
2022-12-09 15:10:38,14734,14734,14734,4,0
2022-12-09 15:10:40,14733,14733,14733,2,-2
2022-12-09 15:10:40,14733,14733,14733,4,0
2022-12-09 15:10:40,14733,14733,14733,2,0
2022-12-09 15:10:40,14733,14733,14733,2,0
2022-12-09 15:10:41,14733,14733,14733,2,0
2022-12-09 15:10:44,14733,14733,14733,2,0
2022-12-09 15:10:57,14734,14734,14734,2,2
2022-12-09 15:10:59,14733,14733,14733,2,-2
2022-12-09 15:10:59,14733,14733,14733,2,0
2022-12-09 15:11:01,14733,14733,14733,6,0
2022-12-09 15:11:01,14733,14733,14733,6,0
2022-12-09 15:11:01,14733,14733,14733,4,0
2022-12-09 15:11:01,14733,14733,14733,2,0
2022-12-09 15:11:01,14733,14733,14733,2,0
2022-12-09 15:11:01,14733,14733,14733,2,0
2022-12-09 15:11:03,14732,14732,14732,2,-2
2022-12-09 15:11:03,14732,14732,14732,2,0
2022-12-09 15:11:03,14732,14732,14732,2,0
2022-12-09 15:11:04,14733,14733,14733,2,2
2022-12-09 15:11:07,14733,14733,14733,4,0
2022-12-09 15:11:08,14732,14732,14732,2,-2
2022-12-09 15:11:10,14733,14733,14733,2,2
2022-12-09 15:11:10,14733,14733,14733,2,0
2022-12-09 15:11:11,14733,14733,14733,2,0
2022-12-09 15:11:11,14733,14733,14733,2,0
2022-12-09 15:11:12,14733,14733,14733,2,0
2022-12-09 15:11:14,14733,14733,14733,2,0
2022-12-09 15:11:15,14734,14734,14734,2,2
2022-12-09 15:11:15,14733,14733,14733,2,-2
2022-12-09 15:11:16,14733,14733,14733,2,0
2022-12-09 15:11:19,14733,14733,14733,2,0
2022-12-09 15:11:21,14733,14733,14733,2,0
2022-12-09 15:11:21,14733,14733,14733,2,0
2022-12-09 15:11:21,14733,14733,14733,2,0
2022-12-09 15:11:21,14732,14732,14732,4,-4
2022-12-09 15:11:21,14733,14733,14733,2,2
2022-12-09 15:11:25,14732,14732,14732,10,-10
2022-12-09 15:11:25,14732,14732,14732,2,0
2022-12-09 15:11:25,14732,14732,14732,38,0
2022-12-09 15:11:25,14732,14732,14732,6,0
2022-12-09 15:11:25,14732,14732,14732,4,0
2022-12-09 15:11:25,14732,14732,14732,2,0
2022-12-09 15:11:25,14732,14732,14732,4,0
2022-12-09 15:11:25,14732,14732,14732,2,0
2022-12-09 15:11:25,14732,14732,14732,2,0
2022-12-09 15:11:25,14732,14732,14732,4,0
2022-12-09 15:11:25,14732,14732,14732,2,0
2022-12-09 15:11:25,14731,14731,14731,2,-2
2022-12-09 15:11:25,14731,14731,14731,2,0
2022-12-09 15:11:25,14731,14731,14731,10,0
2022-12-09 15:11:25,14731,14731,14731,4,0
2022-12-09 15:11:25,14731,14731,14731,2,0
2022-12-09 15:11:25,14731,14731,14731,4,0
2022-12-09 15:11:25,14731,14731,14731,2,0
2022-12-09 15:11:25,14731,14731,14731,20,0
2022-12-09 15:11:25,14731,14731,14731,2,0
2022-12-09 15:11:25,14731,14731,14731,2,0
2022-12-09 15:11:25,14730,14730,14730,6,-6
2022-12-09 15:11:25,14730,14730,14730,10,0
2022-12-09 15:11:25,14730,14730,14730,2,0
2022-12-09 15:11:25,14730,14730,14730,2,0
2022-12-09 15:11:25,14730,14730,14730,4,0
2022-12-09 15:11:25,14730,14730,14730,2,0
2022-12-09 15:11:25,14730,14730,14730,2,0
2022-12-09 15:11:25,14730,14730,14730,2,0
2022-12-09 15:11:25,14730,14730,14730,2,0
2022-12-09 15:11:25,14730,14730,14730,2,0
2022-12-09 15:11:25,14730,14730,14730,2,0
2022-12-09 15:11:25,14730,14730,14730,8,0
2022-12-09 15:11:25,14730,14730,14730,8,0
2022-12-09 15:11:25,14730,14730,14730,2,0
2022-12-09 15:11:25,14730,14730,14730,2,0
2022-12-09 15:11:25,14730,14730,14730,2,0
2022-12-09 15:11:25,14730,14730,14730,2,0
2022-12-09 15:11:25,14730,14730,14730,2,0
2022-12-09 15:11:25,14730,14730,14730,2,0
2022-12-09 15:11:25,14730,14730,14730,2,0
2022-12-09 15:11:25,14730,14730,14730,2,0
2022-12-09 15:11:25,14729,14729,14729,2,-2
2022-12-09 15:11:25,14729,14729,14729,2,0
2022-12-09 15:11:25,14729,14729,14729,16,0
2022-12-09 15:11:25,14729,14729,14729,2,0
2022-12-09 15:11:25,14729,14729,14729,2,0
2022-12-09 15:11:25,14728,14728,14728,2,-2
2022-12-09 15:11:25,14728,14728,14728,4,0
2022-12-09 15:11:25,14728,14728,14728,2,0
2022-12-09 15:11:25,14728,14728,14728,2,0
2022-12-09 15:11:25,14727,14727,14727,6,-6
2022-12-09 15:11:25,14727,14727,14727,2,0
2022-12-09 15:11:25,14727,14727,14727,2,0
2022-12-09 15:11:25,14727,14727,14727,2,0
2022-12-09 15:11:25,14727,14727,14727,2,0
2022-12-09 15:11:25,14726,14726,14726,2,-2
2022-12-09 15:11:25,14726,14726,14726,2,0
2022-12-09 15:11:25,14726,14726,14726,2,0
2022-12-09 15:11:25,14726,14726,14726,2,0
2022-12-09 15:11:25,14726,14726,14726,2,0
2022-12-09 15:11:25,14726,14726,14726,2,0
2022-12-09 15:11:25,14726,14726,14726,2,0
2022-12-09 15:11:25,14726,14726,14726,2,0
2022-12-09 15:11:25,14726,14726,14726,2,0
2022-12-09 15:11:25,14726,14726,14726,10,0
2022-12-09 15:11:25,14725,14725,14725,2,-2
2022-12-09 15:11:25,14725,14725,14725,2,0
2022-12-09 15:11:25,14725,14725,14725,2,0
2022-12-09 15:11:25,14725,14725,14725,2,0
2022-12-09 15:11:25,14725,14725,14725,2,0
2022-12-09 15:11:25,14725,14725,14725,2,0
2022-12-09 15:11:25,14725,14725,14725,2,0
2022-12-09 15:11:25,14724,14724,14724,2,-2
2022-12-09 15:11:25,14724,14724,14724,2,0
2022-12-09 15:11:25,14724,14724,14724,2,0
2022-12-09 15:11:25,14725,14725,14725,2,2
2022-12-09 15:11:25,14725,14725,14725,18,0
2022-12-09 15:11:25,14726,14726,14726,14,14
2022-12-09 15:11:25,14726,14726,14726,2,0
2022-12-09 15:11:25,14726,14726,14726,2,0
2022-12-09 15:11:25,14726,14726,14726,2,0
2022-12-09 15:11:25,14726,14726,14726,2,0
2022-12-09 15:11:25,14726,14726,14726,2,0
2022-12-09 15:11:25,14727,14727,14727,2,2
2022-12-09 15:11:25,14727,14727,14727,2,0
2022-12-09 15:11:25,14727,14727,14727,4,0
2022-12-09 15:11:25,14727,14727,14727,2,0
2022-12-09 15:11:26,14727,14727,14727,2,0
2022-12-09 15:11:26,14727,14727,14727,2,0
2022-12-09 15:11:27,14728,14728,14728,2,2
2022-12-09 15:11:29,14729,14729,14729,2,2
2022-12-09 15:11:31,14729,14729,14729,2,0
2022-12-09 15:11:32,14728,14728,14728,2,-2
2022-12-09 15:11:35,14728,14728,14728,2,0
2022-12-09 15:11:36,14729,14729,14729,2,2
2022-12-09 15:11:37,14729,14729,14729,2,0
2022-12-09 15:11:39,14728,14728,14728,2,-2
2022-12-09 15:11:39,14728,14728,14728,4,0
2022-12-09 15:11:39,14728,14728,14728,4,0
2022-12-09 15:11:39,14728,14728,14728,2,0
2022-12-09 15:11:39,14729,14729,14729,2,2
2022-12-09 15:11:39,14728,14728,14728,2,-2
2022-12-09 15:11:39,14728,14728,14728,2,0
2022-12-09 15:11:39,14728,14728,14728,2,0
2022-12-09 15:11:39,14728,14728,14728,4,0
2022-12-09 15:11:42,14728,14728,14728,2,0
2022-12-09 15:11:43,14727,14727,14727,2,-2
2022-12-09 15:11:44,14727,14727,14727,2,0
2022-12-09 15:11:44,14728,14728,14728,2,2
2022-12-09 15:11:44,14726,14726,14726,4,-4
2022-12-09 15:11:44,14726,14726,14726,2,0
2022-12-09 15:11:46,14726,14726,14726,2,0
2022-12-09 15:11:46,14726,14726,14726,2,0
2022-12-09 15:11:46,14725,14725,14725,4,-4
2022-12-09 15:11:46,14725,14725,14725,2,0
2022-12-09 15:11:46,14725,14725,14725,2,0
2022-12-09 15:11:47,14726,14726,14726,2,2
2022-12-09 15:11:50,14725,14725,14725,2,-2
2022-12-09 15:11:50,14725,14725,14725,2,0
2022-12-09 15:11:50,14725,14725,14725,2,0
2022-12-09 15:11:50,14725,14725,14725,4,0
2022-12-09 15:11:50,14725,14725,14725,4,0
2022-12-09 15:11:50,14725,14725,14725,2,0
2022-12-09 15:11:50,14725,14725,14725,2,0
2022-12-09 15:11:50,14725,14725,14725,2,0
2022-12-09 15:11:50,14725,14725,14725,2,0
2022-12-09 15:11:50,14725,14725,14725,2,0
2022-12-09 15:11:50,14725,14725,14725,4,0
2022-12-09 15:11:51,14725,14725,14725,2,0
2022-12-09 15:11:51,14725,14725,14725,2,0
2022-12-09 15:11:52,14724,14724,14724,2,-2
2022-12-09 15:11:53,14724,14724,14724,2,0
2022-12-09 15:11:53,14724,14724,14724,2,0
2022-12-09 15:11:53,14724,14724,14724,6,0
2022-12-09 15:11:53,14724,14724,14724,6,0
2022-12-09 15:11:53,14724,14724,14724,2,0
2022-12-09 15:11:53,14724,14724,14724,4,0
2022-12-09 15:11:53,14724,14724,14724,4,0
2022-12-09 15:11:53,14724,14724,14724,2,0
2022-12-09 15:11:53,14723,14723,14723,2,-2
2022-12-09 15:11:53,14723,14723,14723,4,0
2022-12-09 15:11:53,14723,14723,14723,4,0
2022-12-09 15:11:53,14723,14723,14723,4,0
2022-12-09 15:11:53,14723,14723,14723,4,0
2022-12-09 15:11:53,14723,14723,14723,2,0
2022-12-09 15:11:53,14723,14723,14723,6,0
2022-12-09 15:11:53,14723,14723,14723,2,0
2022-12-09 15:11:53,14723,14723,14723,6,0
2022-12-09 15:11:53,14723,14723,14723,2,0
2022-12-09 15:11:53,14723,14723,14723,2,0
2022-12-09 15:11:53,14723,14723,14723,2,0
2022-12-09 15:11:53,14723,14723,14723,4,0
2022-12-09 15:11:53,14723,14723,14723,18,0
2022-12-09 15:11:53,14723,14723,14723,10,0
2022-12-09 15:11:53,14723,14723,14723,2,0
2022-12-09 15:11:53,14723,14723,14723,6,0
2022-12-09 15:11:53,14723,14723,14723,4,0
2022-12-09 15:11:53,14723,14723,14723,2,0
2022-12-09 15:11:53,14723,14723,14723,6,0
2022-12-09 15:11:54,14722,14722,14722,2,-2
2022-12-09 15:11:54,14722,14722,14722,4,0
2022-12-09 15:11:54,14724,14724,14724,2,2
2022-12-09 15:11:55,14724,14724,14724,14,0
2022-12-09 15:11:56,14723,14723,14723,2,-2
2022-12-09 15:11:56,14723,14723,14723,6,0
2022-12-09 15:11:56,14723,14723,14723,4,0
2022-12-09 15:11:56,14724,14724,14724,2,2
2022-12-09 15:11:56,14724,14724,14724,2,0
2022-12-09 15:11:58,14724,14724,14724,4,0
2022-12-09 15:11:58,14724,14724,14724,6,0
2022-12-09 15:11:59,14723,14723,14723,4,-4
2022-12-09 15:11:59,14723,14723,14723,2,0
2022-12-09 15:11:59,14723,14723,14723,6,0
2022-12-09 15:11:59,14723,14723,14723,2,0
2022-12-09 15:11:59,14722,14722,14722,2,-2
2022-12-09 15:11:59,14722,14722,14722,2,0
2022-12-09 15:11:59,14722,14722,14722,4,0
2022-12-09 15:11:59,14722,14722,14722,2,0
2022-12-09 15:11:59,14722,14722,14722,6,0
2022-12-09 15:11:59,14722,14722,14722,2,0
2022-12-09 15:11:59,14722,14722,14722,2,0
2022-12-09 15:11:59,14722,14722,14722,4,0
2022-12-09 15:11:59,14722,14722,14722,2,0
2022-12-09 15:11:59,14722,14722,14722,4,0
2022-12-09 15:11:59,14722,14722,14722,6,0
2022-12-09 15:11:59,14722,14722,14722,6,0
2022-12-09 15:11:59,14722,14722,14722,2,0
2022-12-09 15:11:59,14722,14722,14722,2,0
2022-12-09 15:11:59,14722,14722,14722,2,0
2022-12-09 15:11:59,14721,14721,14721,20,-20
2022-12-09 15:11:59,14721,14721,14721,2,0
2022-12-09 15:11:59,14721,14721,14721,2,0
2022-12-09 15:11:59,14721,14721,14721,2,0
2022-12-09 15:11:59,14721,14721,14721,2,0
2022-12-09 15:11:59,14721,14721,14721,2,0
2022-12-09 15:11:59,14721,14721,14721,2,0
2022-12-09 15:11:59,14721,14721,14721,2,0
2022-12-09 15:11:59,14721,14721,14721,6,0
2022-12-09 15:11:59,14721,14721,14721,4,0
2022-12-09 15:11:59,14721,14721,14721,2,0
2022-12-09 15:11:59,14721,14721,14721,2,0
2022-12-09 15:11:59,14721,14721,14721,6,0
2022-12-09 15:11:59,14721,14721,14721,2,0
2022-12-09 15:11:59,14721,14721,14721,2,0
2022-12-09 15:11:59,14722,14722,14722,6,6
2022-12-09 15:12:00,14723,14723,14723,2,2
2022-12-09 15:12:01,14724,14724,14724,2,2
2022-12-09 15:12:02,14722,14722,14722,2,-2
2022-12-09 15:12:02,14723,14723,14723,2,2
2022-12-09 15:12:02,14723,14723,14723,2,0
2022-12-09 15:12:02,14723,14723,14723,4,0
2022-12-09 15:12:02,14722,14722,14722,2,-2
2022-12-09 15:12:02,14722,14722,14722,2,0
2022-12-09 15:12:02,14721,14721,14721,2,-2
2022-12-09 15:12:02,14721,14721,14721,6,0
2022-12-09 15:12:02,14721,14721,14721,4,0
2022-12-09 15:12:02,14721,14721,14721,6,0
2022-12-09 15:12:02,14721,14721,14721,2,0
2022-12-09 15:12:02,14721,14721,14721,2,0
2022-12-09 15:12:02,14721,14721,14721,4,0
2022-12-09 15:12:02,14721,14721,14721,2,0
2022-12-09 15:12:02,14721,14721,14721,2,0
2022-12-09 15:12:02,14721,14721,14721,6,0
2022-12-09 15:12:02,14721,14721,14721,6,0
2022-12-09 15:12:02,14721,14721,14721,2,0
2022-12-09 15:12:02,14721,14721,14721,42,0
2022-12-09 15:12:03,14722,14722,14722,2,2
2022-12-09 15:12:04,14720,14720,14720,2,-2
2022-12-09 15:12:04,14720,14720,14720,2,0
2022-12-09 15:12:04,14721,14721,14721,2,2
2022-12-09 15:12:07,14721,14721,14721,8,0
2022-12-09 15:12:07,14721,14721,14721,2,0
2022-12-09 15:12:07,14721,14721,14721,2,0
2022-12-09 15:12:08,14721,14721,14721,2,0
2022-12-09 15:12:08,14721,14721,14721,2,0
2022-12-09 15:12:08,14721,14721,14721,2,0
2022-12-09 15:12:09,14721,14721,14721,2,0
2022-12-09 15:12:10,14721,14721,14721,2,0
2022-12-09 15:12:12,14720,14720,14720,2,-2
2022-12-09 15:12:13,14720,14720,14720,2,0
2022-12-09 15:12:14,14720,14720,14720,2,0
2022-12-09 15:12:14,14720,14720,14720,2,0
2022-12-09 15:12:14,14720,14720,14720,2,0
2022-12-09 15:12:17,14720,14720,14720,2,0
2022-12-09 15:12:18,14720,14720,14720,2,0
2022-12-09 15:12:18,14720,14720,14720,2,0
2022-12-09 15:12:18,14720,14720,14720,2,0
2022-12-09 15:12:19,14721,14721,14721,2,2
2022-12-09 15:12:19,14720,14720,14720,2,-2
2022-12-09 15:12:21,14721,14721,14721,4,4
2022-12-09 15:12:21,14720,14720,14720,2,-2
2022-12-09 15:12:23,14720,14720,14720,2,0
2022-12-09 15:12:23,14720,14720,14720,2,0
2022-12-09 15:12:24,14720,14720,14720,2,0
2022-12-09 15:12:24,14720,14720,14720,4,0
2022-12-09 15:12:24,14720,14720,14720,4,0
2022-12-09 15:12:24,14720,14720,14720,2,0
2022-12-09 15:12:24,14720,14720,14720,10,0
2022-12-09 15:12:24,14720,14720,14720,2,0
2022-12-09 15:12:24,14720,14720,14720,2,0
2022-12-09 15:12:24,14720,14720,14720,2,0
2022-12-09 15:12:24,14720,14720,14720,2,0
2022-12-09 15:12:24,14720,14720,14720,2,0
2022-12-09 15:12:24,14720,14720,14720,2,0
2022-12-09 15:12:24,14720,14720,14720,8,0
2022-12-09 15:12:24,14720,14720,14720,2,0
2022-12-09 15:12:25,14720,14720,14720,2,0
2022-12-09 15:12:25,14720,14720,14720,2,0
2022-12-09 15:12:27,14719,14719,14719,2,-2
2022-12-09 15:12:27,14718,14718,14718,2,-2
2022-12-09 15:12:27,14718,14718,14718,2,0
2022-12-09 15:12:27,14718,14718,14718,2,0
2022-12-09 15:12:27,14718,14718,14718,2,0
2022-12-09 15:12:27,14718,14718,14718,2,0
2022-12-09 15:12:27,14718,14718,14718,2,0
2022-12-09 15:12:32,14718,14718,14718,2,0
2022-12-09 15:12:32,14718,14718,14718,4,0
2022-12-09 15:12:32,14718,14718,14718,4,0
2022-12-09 15:12:32,14718,14718,14718,2,0
2022-12-09 15:12:32,14718,14718,14718,4,0
2022-12-09 15:12:32,14718,14718,14718,2,0
2022-12-09 15:12:32,14718,14718,14718,2,0
2022-12-09 15:12:32,14718,14718,14718,4,0
2022-12-09 15:12:32,14718,14718,14718,2,0
2022-12-09 15:12:32,14718,14718,14718,4,0
2022-12-09 15:12:32,14718,14718,14718,2,0
2022-12-09 15:12:32,14718,14718,14718,8,0
2022-12-09 15:12:33,14718,14718,14718,2,0
2022-12-09 15:12:33,14719,14719,14719,6,6
2022-12-09 15:12:33,14719,14719,14719,4,0
2022-12-09 15:12:33,14719,14719,14719,6,0
2022-12-09 15:12:33,14719,14719,14719,2,0
2022-12-09 15:12:35,14719,14719,14719,2,0
2022-12-09 15:12:37,14719,14719,14719,4,0
2022-12-09 15:12:37,14719,14719,14719,2,0
2022-12-09 15:12:37,14719,14719,14719,2,0
2022-12-09 15:12:37,14719,14719,14719,2,0
2022-12-09 15:12:38,14719,14719,14719,2,0
2022-12-09 15:12:38,14720,14720,14720,2,2
2022-12-09 15:12:38,14719,14719,14719,2,-2
2022-12-09 15:12:38,14719,14719,14719,2,0
2022-12-09 15:12:38,14718,14718,14718,2,-2
2022-12-09 15:12:38,14718,14718,14718,2,0
2022-12-09 15:12:38,14718,14718,14718,2,0
2022-12-09 15:12:39,14720,14720,14720,10,10
2022-12-09 15:12:44,14720,14720,14720,4,0
2022-12-09 15:12:46,14720,14720,14720,2,0
2022-12-09 15:12:47,14719,14719,14719,2,-2
2022-12-09 15:12:49,14720,14720,14720,18,18
2022-12-09 15:12:49,14720,14720,14720,2,0
2022-12-09 15:12:50,14720,14720,14720,2,0
2022-12-09 15:12:50,14720,14720,14720,4,0
2022-12-09 15:12:51,14720,14720,14720,20,0
2022-12-09 15:12:58,14720,14720,14720,2,0
2022-12-09 15:13:00,14719,14719,14719,2,-2
2022-12-09 15:13:00,14719,14719,14719,4,0
2022-12-09 15:13:00,14719,14719,14719,2,0
2022-12-09 15:13:00,14719,14719,14719,2,0
2022-12-09 15:13:00,14720,14720,14720,2,2
2022-12-09 15:13:00,14720,14720,14720,2,0
2022-12-09 15:13:01,14719,14719,14719,2,-2
2022-12-09 15:13:02,14719,14719,14719,2,0
2022-12-09 15:13:05,14719,14719,14719,6,0
2022-12-09 15:13:05,14720,14720,14720,6,6
2022-12-09 15:13:05,14720,14720,14720,2,0
2022-12-09 15:13:06,14720,14720,14720,2,0
2022-12-09 15:13:06,14720,14720,14720,4,0
2022-12-09 15:13:10,14720,14720,14720,2,0
2022-12-09 15:13:18,14720,14720,14720,2,0
2022-12-09 15:13:18,14720,14720,14720,2,0
2022-12-09 15:13:18,14720,14720,14720,2,0
2022-12-09 15:13:23,14721,14721,14721,2,2
2022-12-09 15:13:27,14720,14720,14720,2,-2
2022-12-09 15:13:27,14720,14720,14720,2,0
2022-12-09 15:13:27,14720,14720,14720,4,0
2022-12-09 15:13:33,14720,14720,14720,2,0
2022-12-09 15:13:34,14721,14721,14721,4,4
2022-12-09 15:13:34,14721,14721,14721,24,0
2022-12-09 15:13:34,14722,14722,14722,4,4
2022-12-09 15:13:34,14722,14722,14722,8,0
2022-12-09 15:13:36,14723,14723,14723,2,2
2022-12-09 15:13:37,14723,14723,14723,2,0
2022-12-09 15:13:37,14723,14723,14723,2,0
2022-12-09 15:13:37,14723,14723,14723,2,0
2022-12-09 15:13:40,14724,14724,14724,2,2
2022-12-09 15:13:40,14724,14724,14724,4,0
2022-12-09 15:13:40,14724,14724,14724,2,0
2022-12-09 15:13:42,14725,14725,14725,2,2
2022-12-09 15:13:42,14725,14725,14725,2,0
2022-12-09 15:13:44,14724,14724,14724,2,-2
2022-12-09 15:13:45,14725,14725,14725,2,2
2022-12-09 15:13:47,14725,14725,14725,2,0
2022-12-09 15:13:49,14725,14725,14725,2,0
2022-12-09 15:13:49,14725,14725,14725,18,0
2022-12-09 15:13:52,14725,14725,14725,2,0
2022-12-09 15:13:53,14724,14724,14724,2,-2
2022-12-09 15:13:55,14725,14725,14725,2,2
2022-12-09 15:13:57,14725,14725,14725,2,0
2022-12-09 15:13:57,14724,14724,14724,2,-2
2022-12-09 15:13:58,14724,14724,14724,4,0
2022-12-09 15:13:58,14724,14724,14724,16,0
2022-12-09 15:13:58,14724,14724,14724,2,0
2022-12-09 15:14:06,14724,14724,14724,2,0
2022-12-09 15:14:06,14724,14724,14724,4,0
2022-12-09 15:14:06,14724,14724,14724,2,0
2022-12-09 15:14:07,14723,14723,14723,2,-2
2022-12-09 15:14:07,14723,14723,14723,2,0
2022-12-09 15:14:09,14725,14725,14725,2,2
2022-12-09 15:14:15,14723,14723,14723,18,-18
2022-12-09 15:14:15,14723,14723,14723,2,0
2022-12-09 15:14:15,14723,14723,14723,2,0
2022-12-09 15:14:17,14722,14722,14722,2,-2
2022-12-09 15:14:22,14722,14722,14722,2,0
2022-12-09 15:14:22,14722,14722,14722,6,0
2022-12-09 15:14:22,14722,14722,14722,2,0
2022-12-09 15:14:22,14722,14722,14722,2,0
2022-12-09 15:14:22,14722,14722,14722,4,0
2022-12-09 15:14:27,14722,14722,14722,2,0
2022-12-09 15:14:28,14722,14722,14722,2,0
2022-12-09 15:14:28,14722,14722,14722,2,0
2022-12-09 15:14:34,14723,14723,14723,2,2
2022-12-09 15:14:39,14722,14722,14722,2,-2
2022-12-09 15:14:40,14722,14722,14722,2,0
2022-12-09 15:14:43,14722,14722,14722,2,0
2022-12-09 15:14:43,14722,14722,14722,2,0
2022-12-09 15:14:49,14722,14722,14722,2,0
2022-12-09 15:14:53,14721,14721,14721,2,-2
2022-12-09 15:15:04,14721,14721,14721,2,0
2022-12-09 15:15:04,14721,14721,14721,2,0
2022-12-09 15:15:05,14722,14722,14722,2,2
2022-12-09 15:15:05,14722,14722,14722,2,0
2022-12-09 15:15:07,14721,14721,14721,4,-4
2022-12-09 15:15:11,14721,14721,14721,4,0
2022-12-09 15:15:14,14721,14721,14721,4,0
2022-12-09 15:15:14,14722,14722,14722,2,2
2022-12-09 15:15:15,14721,14721,14721,4,-4
2022-12-09 15:15:18,14721,14721,14721,2,0
2022-12-09 15:15:18,14721,14721,14721,2,0
2022-12-09 15:15:20,14721,14721,14721,2,0
2022-12-09 15:15:20,14721,14721,14721,2,0
2022-12-09 15:15:20,14721,14721,14721,2,0
2022-12-09 15:15:22,14720,14720,14720,2,-2
2022-12-09 15:15:23,14720,14720,14720,2,0
2022-12-09 15:15:23,14720,14720,14720,2,0
2022-12-09 15:15:23,14720,14720,14720,2,0
2022-12-09 15:15:23,14720,14720,14720,2,0
2022-12-09 15:15:23,14720,14720,14720,2,0
2022-12-09 15:15:23,14720,14720,14720,2,0
2022-12-09 15:15:23,14720,14720,14720,2,0
2022-12-09 15:15:23,14720,14720,14720,20,0
2022-12-09 15:15:23,14720,14720,14720,10,0
2022-12-09 15:15:23,14720,14720,14720,2,0
2022-12-09 15:15:23,14720,14720,14720,2,0
2022-12-09 15:15:23,14720,14720,14720,2,0
2022-12-09 15:15:23,14720,14720,14720,2,0
2022-12-09 15:15:23,14720,14720,14720,2,0
2022-12-09 15:15:23,14720,14720,14720,2,0
2022-12-09 15:15:23,14720,14720,14720,4,0
2022-12-09 15:15:23,14720,14720,14720,4,0
2022-12-09 15:15:23,14720,14720,14720,2,0
2022-12-09 15:15:25,14720,14720,14720,10,0
2022-12-09 15:15:26,14722,14722,14722,4,4
2022-12-09 15:15:34,14722,14722,14722,8,0
2022-12-09 15:15:35,14723,14723,14723,2,2
2022-12-09 15:15:35,14722,14722,14722,2,-2
2022-12-09 15:15:35,14722,14722,14722,2,0
2022-12-09 15:15:35,14722,14722,14722,2,0
2022-12-09 15:15:35,14722,14722,14722,2,0
2022-12-09 15:15:35,14722,14722,14722,2,0
2022-12-09 15:15:35,14722,14722,14722,4,0
2022-12-09 15:15:35,14722,14722,14722,4,0
2022-12-09 15:15:35,14722,14722,14722,4,0
2022-12-09 15:15:35,14722,14722,14722,2,0
2022-12-09 15:15:35,14722,14722,14722,2,0
2022-12-09 15:15:35,14721,14721,14721,2,-2
2022-12-09 15:15:35,14721,14721,14721,2,0
2022-12-09 15:15:35,14721,14721,14721,2,0
2022-12-09 15:15:35,14721,14721,14721,4,0
2022-12-09 15:15:35,14721,14721,14721,2,0
2022-12-09 15:15:35,14721,14721,14721,2,0
2022-12-09 15:15:35,14721,14721,14721,2,0
2022-12-09 15:15:35,14721,14721,14721,2,0
2022-12-09 15:15:35,14721,14721,14721,4,0
2022-12-09 15:15:35,14721,14721,14721,2,0
2022-12-09 15:15:35,14721,14721,14721,4,0
2022-12-09 15:15:35,14721,14721,14721,2,0
2022-12-09 15:15:38,14722,14722,14722,2,2
2022-12-09 15:15:44,14721,14721,14721,2,-2
2022-12-09 15:15:44,14722,14722,14722,2,2
2022-12-09 15:15:44,14721,14721,14721,2,-2
2022-12-09 15:15:44,14721,14721,14721,2,0
2022-12-09 15:15:44,14720,14720,14720,2,-2
2022-12-09 15:15:45,14720,14720,14720,2,0
2022-12-09 15:15:49,14721,14721,14721,2,2
2022-12-09 15:15:53,14721,14721,14721,2,0
2022-12-09 15:15:54,14721,14721,14721,2,0
2022-12-09 15:15:57,14721,14721,14721,2,0
2022-12-09 15:16:12,14720,14720,14720,2,-2
2022-12-09 15:16:12,14720,14720,14720,2,0
2022-12-09 15:16:17,14720,14720,14720,2,0
2022-12-09 15:16:17,14720,14720,14720,2,0
2022-12-09 15:16:17,14720,14720,14720,4,0
2022-12-09 15:16:21,14720,14720,14720,2,0
2022-12-09 15:16:23,14720,14720,14720,2,0
2022-12-09 15:16:24,14720,14720,14720,4,0
2022-12-09 15:16:27,14720,14720,14720,2,0
2022-12-09 15:16:27,14720,14720,14720,2,0
2022-12-09 15:16:27,14720,14720,14720,2,0
2022-12-09 15:16:27,14720,14720,14720,4,0
2022-12-09 15:16:27,14720,14720,14720,2,0
2022-12-09 15:16:27,14720,14720,14720,2,0
2022-12-09 15:16:27,14720,14720,14720,6,0
2022-12-09 15:16:27,14719,14719,14719,2,-2
2022-12-09 15:16:27,14719,14719,14719,2,0
2022-12-09 15:16:28,14718,14718,14718,2,-2
2022-12-09 15:16:28,14718,14718,14718,4,0
2022-12-09 15:16:28,14718,14718,14718,2,0
2022-12-09 15:16:28,14718,14718,14718,2,0
2022-12-09 15:16:28,14717,14717,14717,2,-2
2022-12-09 15:16:28,14717,14717,14717,2,0
2022-12-09 15:16:28,14717,14717,14717,4,0
2022-12-09 15:16:28,14717,14717,14717,2,0
2022-12-09 15:16:28,14716,14716,14716,2,-2
2022-12-09 15:16:28,14716,14716,14716,4,0
2022-12-09 15:16:28,14716,14716,14716,2,0
2022-12-09 15:16:28,14716,14716,14716,2,0
2022-12-09 15:16:28,14716,14716,14716,6,0
2022-12-09 15:16:28,14716,14716,14716,2,0
2022-12-09 15:16:28,14716,14716,14716,4,0
2022-12-09 15:16:28,14716,14716,14716,2,0
2022-12-09 15:16:28,14716,14716,14716,4,0
2022-12-09 15:16:28,14715,14715,14715,2,-2
2022-12-09 15:16:28,14715,14715,14715,2,0
2022-12-09 15:16:28,14715,14715,14715,2,0
2022-12-09 15:16:28,14715,14715,14715,2,0
2022-12-09 15:16:28,14715,14715,14715,2,0
2022-12-09 15:16:28,14715,14715,14715,2,0
2022-12-09 15:16:28,14716,14716,14716,4,4
2022-12-09 15:16:28,14715,14715,14715,2,-2
2022-12-09 15:16:28,14715,14715,14715,2,0
2022-12-09 15:16:29,14715,14715,14715,2,0
2022-12-09 15:16:29,14715,14715,14715,6,0
2022-12-09 15:16:29,14715,14715,14715,2,0
2022-12-09 15:16:29,14716,14716,14716,4,4
2022-12-09 15:16:29,14716,14716,14716,2,0
2022-12-09 15:16:33,14716,14716,14716,2,0
2022-12-09 15:16:34,14715,14715,14715,4,-4
2022-12-09 15:16:34,14715,14715,14715,2,0
2022-12-09 15:16:34,14715,14715,14715,2,0
2022-12-09 15:16:34,14715,14715,14715,2,0
2022-12-09 15:16:34,14715,14715,14715,2,0
2022-12-09 15:16:34,14715,14715,14715,2,0
2022-12-09 15:16:34,14715,14715,14715,2,0
2022-12-09 15:16:36,14716,14716,14716,2,2
2022-12-09 15:16:36,14716,14716,14716,18,0
2022-12-09 15:16:36,14716,14716,14716,2,0
2022-12-09 15:16:36,14716,14716,14716,2,0
2022-12-09 15:16:36,14716,14716,14716,4,0
2022-12-09 15:16:37,14715,14715,14715,2,-2
2022-12-09 15:16:37,14715,14715,14715,2,0
2022-12-09 15:16:38,14715,14715,14715,2,0
2022-12-09 15:16:38,14717,14717,14717,4,4
2022-12-09 15:16:38,14717,14717,14717,2,0
2022-12-09 15:16:39,14716,14716,14716,6,-6
2022-12-09 15:16:40,14716,14716,14716,4,0
2022-12-09 15:16:40,14716,14716,14716,2,0
2022-12-09 15:16:41,14715,14715,14715,2,-2
2022-12-09 15:16:42,14715,14715,14715,2,0
2022-12-09 15:16:42,14714,14714,14714,2,-2
2022-12-09 15:16:43,14714,14714,14714,2,0
2022-12-09 15:16:43,14714,14714,14714,4,0
2022-12-09 15:16:44,14716,14716,14716,4,4
2022-12-09 15:16:44,14716,14716,14716,2,0
2022-12-09 15:16:46,14714,14714,14714,2,-2
2022-12-09 15:16:48,14717,14717,14717,2,2
2022-12-09 15:16:49,14716,14716,14716,4,-4
2022-12-09 15:16:50,14716,14716,14716,2,0
2022-12-09 15:16:54,14717,14717,14717,2,2
2022-12-09 15:16:54,14717,14717,14717,2,0
2022-12-09 15:16:58,14717,14717,14717,2,0
2022-12-09 15:17:00,14716,14716,14716,2,-2
2022-12-09 15:17:01,14716,14716,14716,4,0
2022-12-09 15:17:01,14716,14716,14716,6,0
2022-12-09 15:17:03,14715,14715,14715,2,-2
2022-12-09 15:17:03,14715,14715,14715,2,0
2022-12-09 15:17:03,14715,14715,14715,2,0
2022-12-09 15:17:03,14716,14716,14716,2,2
2022-12-09 15:17:03,14714,14714,14714,2,-2
2022-12-09 15:17:04,14714,14714,14714,2,0
2022-12-09 15:17:04,14714,14714,14714,2,0
2022-12-09 15:17:04,14715,14715,14715,2,2
2022-12-09 15:17:09,14715,14715,14715,2,0
2022-12-09 15:17:10,14716,14716,14716,2,2
2022-12-09 15:17:10,14716,14716,14716,4,0
2022-12-09 15:17:11,14716,14716,14716,2,0
2022-12-09 15:17:11,14716,14716,14716,2,0
2022-12-09 15:17:13,14716,14716,14716,2,0
2022-12-09 15:17:13,14716,14716,14716,2,0
2022-12-09 15:17:13,14716,14716,14716,2,0
2022-12-09 15:17:13,14716,14716,14716,2,0
2022-12-09 15:17:14,14716,14716,14716,6,0
2022-12-09 15:17:14,14716,14716,14716,2,0
2022-12-09 15:17:14,14715,14715,14715,2,-2
2022-12-09 15:17:15,14714,14714,14714,4,-4
2022-12-09 15:17:15,14716,14716,14716,2,2
2022-12-09 15:17:16,14714,14714,14714,2,-2
2022-12-09 15:17:18,14716,14716,14716,2,2
2022-12-09 15:17:19,14716,14716,14716,2,0
2022-12-09 15:17:20,14715,14715,14715,2,-2
2022-12-09 15:17:20,14715,14715,14715,4,0
2022-12-09 15:17:20,14715,14715,14715,2,0
2022-12-09 15:17:20,14714,14714,14714,2,-2
2022-12-09 15:17:22,14716,14716,14716,2,2
2022-12-09 15:17:23,14715,14715,14715,2,-2
2022-12-09 15:17:25,14715,14715,14715,2,0
2022-12-09 15:17:26,14714,14714,14714,2,-2
2022-12-09 15:17:29,14715,14715,14715,2,2
2022-12-09 15:17:29,14714,14714,14714,2,-2
2022-12-09 15:17:29,14714,14714,14714,2,0
2022-12-09 15:17:29,14714,14714,14714,10,0
2022-12-09 15:17:30,14714,14714,14714,2,0
2022-12-09 15:17:31,14714,14714,14714,2,0
2022-12-09 15:17:34,14713,14713,14713,2,-2
2022-12-09 15:17:35,14715,14715,14715,4,4
2022-12-09 15:17:38,14714,14714,14714,2,-2
2022-12-09 15:17:39,14714,14714,14714,6,0
2022-12-09 15:17:39,14714,14714,14714,2,0
2022-12-09 15:17:39,14714,14714,14714,2,0
2022-12-09 15:17:42,14713,14713,14713,2,-2
2022-12-09 15:17:43,14713,14713,14713,2,0
2022-12-09 15:17:45,14713,14713,14713,2,0
2022-12-09 15:17:45,14713,14713,14713,2,0
2022-12-09 15:17:45,14713,14713,14713,2,0
2022-12-09 15:17:50,14713,14713,14713,2,0
2022-12-09 15:17:52,14714,14714,14714,2,2
2022-12-09 15:17:52,14714,14714,14714,2,0
2022-12-09 15:17:52,14714,14714,14714,12,0
2022-12-09 15:17:52,14715,14715,14715,6,6
2022-12-09 15:17:52,14716,14716,14716,2,2
2022-12-09 15:17:55,14714,14714,14714,2,-2
2022-12-09 15:18:01,14716,14716,14716,2,2
2022-12-09 15:18:07,14716,14716,14716,2,0
2022-12-09 15:18:10,14715,14715,14715,2,-2
2022-12-09 15:18:10,14715,14715,14715,2,0
2022-12-09 15:18:10,14715,14715,14715,2,0
2022-12-09 15:18:10,14714,14714,14714,2,-2
2022-12-09 15:18:10,14714,14714,14714,2,0
2022-12-09 15:18:10,14714,14714,14714,2,0
2022-12-09 15:18:10,14714,14714,14714,4,0
2022-12-09 15:18:10,14714,14714,14714,6,0
2022-12-09 15:18:10,14714,14714,14714,2,0
2022-12-09 15:18:10,14714,14714,14714,2,0
2022-12-09 15:18:10,14714,14714,14714,2,0
2022-12-09 15:18:10,14714,14714,14714,2,0
2022-12-09 15:18:10,14714,14714,14714,2,0
2022-12-09 15:18:10,14714,14714,14714,2,0
2022-12-09 15:18:10,14714,14714,14714,2,0
2022-12-09 15:18:10,14714,14714,14714,4,0
2022-12-09 15:18:10,14714,14714,14714,2,0
2022-12-09 15:18:10,14714,14714,14714,2,0
2022-12-09 15:18:10,14714,14714,14714,2,0
2022-12-09 15:18:10,14714,14714,14714,2,0
2022-12-09 15:18:12,14714,14714,14714,2,0
2022-12-09 15:18:13,14714,14714,14714,2,0
2022-12-09 15:18:14,14714,14714,14714,2,0
2022-12-09 15:18:14,14714,14714,14714,2,0
2022-12-09 15:18:16,14714,14714,14714,2,0
2022-12-09 15:18:17,14714,14714,14714,2,0
2022-12-09 15:18:24,14715,14715,14715,2,2
2022-12-09 15:18:27,14716,14716,14716,2,2
2022-12-09 15:18:28,14715,14715,14715,2,-2
2022-12-09 15:18:28,14715,14715,14715,2,0
2022-12-09 15:18:29,14716,14716,14716,2,2
2022-12-09 15:18:32,14714,14714,14714,2,-2
2022-12-09 15:18:37,14716,14716,14716,4,4
2022-12-09 15:18:38,14716,14716,14716,2,0
2022-12-09 15:18:41,14716,14716,14716,2,0
2022-12-09 15:18:43,14717,14717,14717,2,2
2022-12-09 15:18:43,14717,14717,14717,2,0
2022-12-09 15:18:46,14716,14716,14716,2,-2
2022-12-09 15:18:46,14717,14717,14717,6,6
2022-12-09 15:18:46,14717,14717,14717,2,0
2022-12-09 15:18:50,14718,14718,14718,2,2
2022-12-09 15:18:51,14718,14718,14718,4,0
2022-12-09 15:18:51,14719,14719,14719,12,12
2022-12-09 15:18:52,14717,14717,14717,2,-2
2022-12-09 15:18:52,14719,14719,14719,6,6
2022-12-09 15:18:54,14719,14719,14719,4,0
2022-12-09 15:18:56,14719,14719,14719,2,0
2022-12-09 15:18:56,14720,14720,14720,4,4
2022-12-09 15:18:59,14720,14720,14720,2,0
2022-12-09 15:19:03,14720,14720,14720,2,0
2022-12-09 15:19:03,14720,14720,14720,2,0
2022-12-09 15:19:06,14720,14720,14720,2,0
2022-12-09 15:19:08,14719,14719,14719,2,-2
2022-12-09 15:19:09,14718,14718,14718,2,-2
2022-12-09 15:19:12,14719,14719,14719,2,2
2022-12-09 15:19:15,14718,14718,14718,4,-4
2022-12-09 15:19:16,14719,14719,14719,2,2
2022-12-09 15:19:16,14720,14720,14720,2,2
2022-12-09 15:19:16,14720,14720,14720,4,0
2022-12-09 15:19:22,14720,14720,14720,2,0
2022-12-09 15:19:22,14719,14719,14719,2,-2
2022-12-09 15:19:26,14719,14719,14719,2,0
2022-12-09 15:19:32,14719,14719,14719,2,0
2022-12-09 15:19:37,14718,14718,14718,16,-16
2022-12-09 15:19:37,14718,14718,14718,6,0
2022-12-09 15:19:37,14718,14718,14718,2,0
2022-12-09 15:19:37,14718,14718,14718,2,0
2022-12-09 15:19:55,14717,14717,14717,2,-2
2022-12-09 15:19:55,14717,14717,14717,2,0
2022-12-09 15:19:55,14716,14716,14716,2,-2
2022-12-09 15:19:56,14717,14717,14717,2,2
2022-12-09 15:20:07,14716,14716,14716,2,-2
2022-12-09 15:20:07,14716,14716,14716,2,0
2022-12-09 15:20:07,14716,14716,14716,2,0
2022-12-09 15:20:08,14717,14717,14717,2,2
2022-12-09 15:20:08,14716,14716,14716,4,-4
2022-12-09 15:20:10,14717,14717,14717,2,2
2022-12-09 15:20:10,14717,14717,14717,2,0
2022-12-09 15:20:10,14717,14717,14717,2,0
2022-12-09 15:20:14,14717,14717,14717,2,0
2022-12-09 15:20:14,14717,14717,14717,2,0
2022-12-09 15:20:14,14716,14716,14716,2,-2
2022-12-09 15:20:14,14718,14718,14718,10,10
2022-12-09 15:20:16,14719,14719,14719,8,8
2022-12-09 15:20:16,14719,14719,14719,16,0
2022-12-09 15:20:17,14719,14719,14719,2,0
2022-12-09 15:20:17,14719,14719,14719,2,0
2022-12-09 15:20:17,14719,14719,14719,2,0
2022-12-09 15:20:17,14719,14719,14719,2,0
2022-12-09 15:20:17,14719,14719,14719,4,0
2022-12-09 15:20:17,14719,14719,14719,2,0
2022-12-09 15:20:17,14718,14718,14718,2,-2
2022-12-09 15:20:17,14718,14718,14718,2,0
2022-12-09 15:20:17,14718,14718,14718,2,0
2022-12-09 15:20:17,14718,14718,14718,4,0
2022-12-09 15:20:17,14718,14718,14718,6,0
2022-12-09 15:20:20,14718,14718,14718,4,0
2022-12-09 15:20:20,14718,14718,14718,2,0
2022-12-09 15:20:22,14719,14719,14719,2,2
2022-12-09 15:20:22,14718,14718,14718,2,-2
2022-12-09 15:20:22,14718,14718,14718,2,0
2022-12-09 15:20:27,14717,14717,14717,2,-2
2022-12-09 15:20:27,14717,14717,14717,2,0
2022-12-09 15:20:27,14717,14717,14717,2,0
2022-12-09 15:20:28,14719,14719,14719,6,6
2022-12-09 15:20:30,14717,14717,14717,2,-2
2022-12-09 15:20:30,14717,14717,14717,4,0
2022-12-09 15:20:33,14717,14717,14717,2,0
2022-12-09 15:20:33,14717,14717,14717,2,0
2022-12-09 15:20:33,14717,14717,14717,2,0
2022-12-09 15:20:38,14716,14716,14716,4,-4
2022-12-09 15:20:38,14716,14716,14716,2,0
2022-12-09 15:20:48,14716,14716,14716,2,0
2022-12-09 15:20:48,14716,14716,14716,2,0
2022-12-09 15:20:48,14716,14716,14716,2,0
2022-12-09 15:20:49,14717,14717,14717,2,2
2022-12-09 15:20:52,14716,14716,14716,6,-6
2022-12-09 15:20:52,14717,14717,14717,8,8
2022-12-09 15:20:57,14717,14717,14717,2,0
2022-12-09 15:20:59,14717,14717,14717,2,0
2022-12-09 15:20:59,14717,14717,14717,2,0
2022-12-09 15:20:59,14717,14717,14717,2,0
2022-12-09 15:21:00,14718,14718,14718,2,2
2022-12-09 15:21:02,14718,14718,14718,2,0
2022-12-09 15:21:02,14717,14717,14717,2,-2
2022-12-09 15:21:02,14717,14717,14717,2,0
2022-12-09 15:21:02,14717,14717,14717,2,0
2022-12-09 15:21:02,14718,14718,14718,2,2
2022-12-09 15:21:07,14719,14719,14719,2,2
2022-12-09 15:21:09,14718,14718,14718,2,-2
2022-12-09 15:21:09,14718,14718,14718,2,0
2022-12-09 15:21:10,14718,14718,14718,2,0
2022-12-09 15:21:10,14718,14718,14718,4,0
2022-12-09 15:21:11,14720,14720,14720,2,2
2022-12-09 15:21:16,14720,14720,14720,2,0
2022-12-09 15:21:20,14719,14719,14719,2,-2
2022-12-09 15:21:20,14719,14719,14719,2,0
2022-12-09 15:21:20,14719,14719,14719,2,0
2022-12-09 15:21:23,14720,14720,14720,10,10
2022-12-09 15:21:24,14719,14719,14719,2,-2
2022-12-09 15:21:24,14719,14719,14719,2,0
2022-12-09 15:21:25,14719,14719,14719,8,0
2022-12-09 15:21:26,14719,14719,14719,2,0
2022-12-09 15:21:26,14718,14718,14718,2,-2
2022-12-09 15:21:26,14718,14718,14718,4,0
2022-12-09 15:21:30,14719,14719,14719,2,2
2022-12-09 15:21:31,14718,14718,14718,2,-2
2022-12-09 15:21:35,14718,14718,14718,2,0
2022-12-09 15:21:40,14718,14718,14718,2,0
2022-12-09 15:21:49,14719,14719,14719,2,2
2022-12-09 15:21:55,14719,14719,14719,2,0
2022-12-09 15:22:01,14720,14720,14720,2,2
2022-12-09 15:22:02,14720,14720,14720,10,0
2022-12-09 15:22:02,14720,14720,14720,10,0
2022-12-09 15:22:02,14720,14720,14720,10,0
2022-12-09 15:22:02,14720,14720,14720,10,0
2022-12-09 15:22:02,14720,14720,14720,6,0
2022-12-09 15:22:02,14720,14720,14720,2,0
2022-12-09 15:22:02,14720,14720,14720,2,0
2022-12-09 15:22:02,14720,14720,14720,10,0
2022-12-09 15:22:02,14720,14720,14720,6,0
2022-12-09 15:22:02,14720,14720,14720,6,0
2022-12-09 15:22:02,14720,14720,14720,2,0
2022-12-09 15:22:02,14720,14720,14720,2,0
2022-12-09 15:22:03,14721,14721,14721,10,10
2022-12-09 15:22:03,14721,14721,14721,4,0
2022-12-09 15:22:03,14722,14722,14722,2,2
2022-12-09 15:22:04,14722,14722,14722,4,0
2022-12-09 15:22:04,14723,14723,14723,2,2
2022-12-09 15:22:06,14723,14723,14723,10,0
2022-12-09 15:22:07,14723,14723,14723,10,0
2022-12-09 15:22:08,14723,14723,14723,10,0
2022-12-09 15:22:08,14724,14724,14724,2,2
2022-12-09 15:22:08,14724,14724,14724,4,0
2022-12-09 15:22:10,14722,14722,14722,4,-4
2022-12-09 15:22:10,14722,14722,14722,2,0
2022-12-09 15:22:10,14722,14722,14722,2,0
2022-12-09 15:22:10,14722,14722,14722,2,0
2022-12-09 15:22:17,14721,14721,14721,2,-2
2022-12-09 15:22:17,14721,14721,14721,2,0
2022-12-09 15:22:18,14722,14722,14722,6,6
2022-12-09 15:22:27,14721,14721,14721,2,-2
2022-12-09 15:22:33,14722,14722,14722,2,2
2022-12-09 15:22:38,14722,14722,14722,2,0
2022-12-09 15:22:41,14721,14721,14721,2,-2
2022-12-09 15:22:41,14721,14721,14721,2,0
2022-12-09 15:22:49,14721,14721,14721,2,0
2022-12-09 15:23:01,14721,14721,14721,2,0
2022-12-09 15:23:03,14720,14720,14720,2,-2
2022-12-09 15:23:03,14720,14720,14720,6,0
2022-12-09 15:23:03,14720,14720,14720,2,0
2022-12-09 15:23:03,14720,14720,14720,2,0
2022-12-09 15:23:03,14720,14720,14720,2,0
2022-12-09 15:23:04,14720,14720,14720,12,0
2022-12-09 15:23:07,14720,14720,14720,8,0
2022-12-09 15:23:07,14719,14719,14719,2,-2
2022-12-09 15:23:13,14720,14720,14720,2,2
2022-12-09 15:23:13,14719,14719,14719,2,-2
2022-12-09 15:23:40,14719,14719,14719,2,0
2022-12-09 15:23:45,14719,14719,14719,2,0
2022-12-09 15:23:45,14719,14719,14719,2,0
2022-12-09 15:23:45,14719,14719,14719,2,0
2022-12-09 15:23:45,14719,14719,14719,2,0
2022-12-09 15:23:45,14719,14719,14719,2,0
2022-12-09 15:23:48,14719,14719,14719,2,0
2022-12-09 15:23:50,14719,14719,14719,2,0
2022-12-09 15:23:50,14719,14719,14719,6,0
2022-12-09 15:23:50,14719,14719,14719,2,0
2022-12-09 15:23:50,14718,14718,14718,2,-2
2022-12-09 15:23:50,14718,14718,14718,2,0
2022-12-09 15:23:53,14719,14719,14719,2,2
2022-12-09 15:24:03,14719,14719,14719,2,0
2022-12-09 15:24:03,14719,14719,14719,2,0
2022-12-09 15:24:03,14719,14719,14719,2,0
2022-12-09 15:24:03,14719,14719,14719,2,0
2022-12-09 15:24:03,14719,14719,14719,2,0
2022-12-09 15:24:06,14719,14719,14719,2,0
2022-12-09 15:24:12,14720,14720,14720,6,6
2022-12-09 15:24:17,14720,14720,14720,2,0
2022-12-09 15:24:17,14720,14720,14720,2,0
2022-12-09 15:24:20,14722,14722,14722,6,6
2022-12-09 15:24:20,14722,14722,14722,4,0
2022-12-09 15:24:20,14722,14722,14722,10,0
2022-12-09 15:24:43,14721,14721,14721,2,-2
2022-12-09 15:24:45,14719,14719,14719,2,-2
2022-12-09 15:24:54,14720,14720,14720,2,2
2022-12-09 15:24:54,14720,14720,14720,2,0
2022-12-09 15:25:00,14719,14719,14719,4,-4
2022-12-09 15:25:00,14719,14719,14719,2,0
2022-12-09 15:25:00,14719,14719,14719,2,0
2022-12-09 15:25:00,14719,14719,14719,2,0
2022-12-09 15:25:00,14719,14719,14719,2,0
2022-12-09 15:25:00,14719,14719,14719,2,0
2022-12-09 15:25:02,14719,14719,14719,10,0
2022-12-09 15:25:20,14720,14720,14720,4,4
2022-12-09 15:25:20,14720,14720,14720,4,0
2022-12-09 15:25:21,14719,14719,14719,2,-2
2022-12-09 15:25:25,14719,14719,14719,2,0
2022-12-09 15:25:28,14720,14720,14720,2,2
2022-12-09 15:25:28,14720,14720,14720,2,0
2022-12-09 15:25:33,14720,14720,14720,2,0
2022-12-09 15:25:33,14720,14720,14720,2,0
2022-12-09 15:25:36,14720,14720,14720,2,0
2022-12-09 15:25:46,14721,14721,14721,2,2
2022-12-09 15:25:50,14720,14720,14720,2,-2
2022-12-09 15:25:50,14720,14720,14720,2,0
2022-12-09 15:25:50,14722,14722,14722,2,2
2022-12-09 15:25:51,14722,14722,14722,2,0
2022-12-09 15:25:57,14722,14722,14722,28,0
2022-12-09 15:25:57,14722,14722,14722,10,0
2022-12-09 15:25:57,14722,14722,14722,4,0
2022-12-09 15:25:58,14723,14723,14723,14,14
2022-12-09 15:25:58,14724,14724,14724,2,2
2022-12-09 15:25:58,14724,14724,14724,2,0
2022-12-09 15:25:58,14725,14725,14725,20,20
2022-12-09 15:25:58,14726,14726,14726,4,4
2022-12-09 15:25:58,14726,14726,14726,4,0
2022-12-09 15:25:58,14726,14726,14726,4,0
2022-12-09 15:25:58,14726,14726,14726,4,0
2022-12-09 15:25:58,14726,14726,14726,4,0
2022-12-09 15:25:58,14726,14726,14726,2,0
2022-12-09 15:25:58,14726,14726,14726,2,0
2022-12-09 15:25:58,14727,14727,14727,34,34
2022-12-09 15:25:58,14728,14728,14728,2,2
2022-12-09 15:25:58,14726,14726,14726,2,-2
2022-12-09 15:25:58,14726,14726,14726,4,0
2022-12-09 15:25:58,14726,14726,14726,2,0
2022-12-09 15:25:58,14726,14726,14726,2,0
2022-12-09 15:25:58,14725,14725,14725,2,-2
2022-12-09 15:25:58,14725,14725,14725,2,0
2022-12-09 15:25:58,14725,14725,14725,4,0
2022-12-09 15:25:58,14725,14725,14725,2,0
2022-12-09 15:25:58,14726,14726,14726,6,6
2022-12-09 15:25:59,14726,14726,14726,20,0
2022-12-09 15:25:59,14726,14726,14726,12,0
2022-12-09 15:25:59,14727,14727,14727,28,28
2022-12-09 15:26:00,14724,14724,14724,2,-2
2022-12-09 15:26:07,14725,14725,14725,6,6
2022-12-09 15:26:08,14726,14726,14726,4,4
2022-12-09 15:26:10,14726,14726,14726,24,0
2022-12-09 15:26:11,14727,14727,14727,6,6
2022-12-09 15:26:14,14727,14727,14727,2,0
2022-12-09 15:26:14,14728,14728,14728,2,2
2022-12-09 15:26:15,14727,14727,14727,2,-2
2022-12-09 15:26:15,14727,14727,14727,2,0
2022-12-09 15:26:16,14727,14727,14727,2,0
2022-12-09 15:26:19,14728,14728,14728,8,8
2022-12-09 15:26:23,14728,14728,14728,2,0
2022-12-09 15:26:23,14728,14728,14728,4,0
2022-12-09 15:26:24,14728,14728,14728,2,0
2022-12-09 15:26:24,14728,14728,14728,2,0
2022-12-09 15:26:24,14728,14728,14728,2,0
2022-12-09 15:26:24,14728,14728,14728,2,0
2022-12-09 15:26:25,14728,14728,14728,2,0
2022-12-09 15:26:25,14728,14728,14728,2,0
2022-12-09 15:26:25,14727,14727,14727,2,-2
2022-12-09 15:26:25,14727,14727,14727,2,0
2022-12-09 15:26:28,14728,14728,14728,2,2
2022-12-09 15:26:28,14728,14728,14728,2,0
2022-12-09 15:26:28,14728,14728,14728,2,0
2022-12-09 15:26:28,14728,14728,14728,2,0
2022-12-09 15:26:28,14728,14728,14728,2,0
2022-12-09 15:26:28,14728,14728,14728,2,0
2022-12-09 15:26:28,14729,14729,14729,4,4
2022-12-09 15:26:29,14729,14729,14729,2,0
2022-12-09 15:26:30,14729,14729,14729,14,0
2022-12-09 15:26:30,14729,14729,14729,20,0
2022-12-09 15:26:30,14729,14729,14729,2,0
2022-12-09 15:26:30,14729,14729,14729,2,0
2022-12-09 15:26:30,14730,14730,14730,48,48
2022-12-09 15:26:30,14730,14730,14730,12,0
2022-12-09 15:26:30,14730,14730,14730,2,0
2022-12-09 15:26:30,14730,14730,14730,2,0
2022-12-09 15:26:30,14730,14730,14730,8,0
2022-12-09 15:26:30,14731,14731,14731,12,12
2022-12-09 15:26:30,14732,14732,14732,2,2
2022-12-09 15:26:30,14732,14732,14732,2,0
2022-12-09 15:26:30,14733,14733,14733,2,2
2022-12-09 15:26:30,14733,14733,14733,2,0
2022-12-09 15:26:31,14733,14733,14733,18,0
2022-12-09 15:26:31,14734,14734,14734,2,2
2022-12-09 15:26:31,14734,14734,14734,6,0
2022-12-09 15:26:31,14733,14733,14733,2,-2
2022-12-09 15:26:32,14734,14734,14734,2,2
2022-12-09 15:26:32,14733,14733,14733,2,-2
2022-12-09 15:26:33,14733,14733,14733,2,0
2022-12-09 15:26:33,14733,14733,14733,18,0
2022-12-09 15:26:33,14733,14733,14733,2,0
2022-12-09 15:26:33,14732,14732,14732,2,-2
2022-12-09 15:26:34,14732,14732,14732,2,0
2022-12-09 15:26:35,14731,14731,14731,2,-2
2022-12-09 15:26:35,14731,14731,14731,2,0
2022-12-09 15:26:35,14731,14731,14731,2,0
2022-12-09 15:26:36,14732,14732,14732,4,4
2022-12-09 15:26:36,14730,14730,14730,2,-2
2022-12-09 15:26:37,14731,14731,14731,2,2
2022-12-09 15:26:37,14731,14731,14731,2,0
2022-12-09 15:26:39,14732,14732,14732,4,4
2022-12-09 15:26:40,14730,14730,14730,2,-2
2022-12-09 15:26:40,14730,14730,14730,2,0
2022-12-09 15:26:41,14730,14730,14730,2,0
2022-12-09 15:26:41,14731,14731,14731,4,4
2022-12-09 15:26:45,14730,14730,14730,2,-2
2022-12-09 15:26:46,14730,14730,14730,2,0
2022-12-09 15:26:50,14730,14730,14730,12,0
2022-12-09 15:26:50,14730,14730,14730,2,0
2022-12-09 15:26:52,14730,14730,14730,2,0
2022-12-09 15:26:53,14731,14731,14731,12,12
2022-12-09 15:26:55,14730,14730,14730,2,-2
2022-12-09 15:27:00,14730,14730,14730,2,0
2022-12-09 15:27:02,14730,14730,14730,2,0
2022-12-09 15:27:03,14729,14729,14729,2,-2
2022-12-09 15:27:03,14729,14729,14729,2,0
2022-12-09 15:27:03,14729,14729,14729,2,0
2022-12-09 15:27:16,14729,14729,14729,2,0
2022-12-09 15:27:16,14729,14729,14729,2,0
2022-12-09 15:27:21,14729,14729,14729,2,0
2022-12-09 15:27:22,14730,14730,14730,8,8
2022-12-09 15:27:25,14731,14731,14731,2,2
2022-12-09 15:27:30,14731,14731,14731,2,0
2022-12-09 15:27:33,14731,14731,14731,2,0
2022-12-09 15:27:35,14731,14731,14731,2,0
2022-12-09 15:27:38,14731,14731,14731,4,0
2022-12-09 15:27:43,14731,14731,14731,14,0
2022-12-09 15:27:43,14732,14732,14732,16,16
2022-12-09 15:27:43,14733,14733,14733,2,2
2022-12-09 15:27:46,14733,14733,14733,2,0
2022-12-09 15:27:48,14733,14733,14733,10,0
2022-12-09 15:27:50,14733,14733,14733,2,0
2022-12-09 15:27:56,14733,14733,14733,6,0
2022-12-09 15:27:59,14733,14733,14733,2,0
2022-12-09 15:27:59,14732,14732,14732,2,-2
2022-12-09 15:28:06,14732,14732,14732,8,0
2022-12-09 15:28:06,14733,14733,14733,12,12
2022-12-09 15:28:08,14732,14732,14732,2,-2
2022-12-09 15:28:12,14732,14732,14732,2,0
2022-12-09 15:28:12,14732,14732,14732,2,0
2022-12-09 15:28:12,14732,14732,14732,4,0
2022-12-09 15:28:12,14732,14732,14732,2,0
2022-12-09 15:28:13,14732,14732,14732,2,0
2022-12-09 15:28:17,14732,14732,14732,2,0
2022-12-09 15:28:17,14732,14732,14732,2,0
2022-12-09 15:28:18,14732,14732,14732,2,0
2022-12-09 15:28:18,14731,14731,14731,2,-2
2022-12-09 15:28:18,14731,14731,14731,2,0
2022-12-09 15:28:18,14731,14731,14731,2,0
2022-12-09 15:28:19,14731,14731,14731,2,0
2022-12-09 15:28:22,14731,14731,14731,2,0
2022-12-09 15:28:25,14730,14730,14730,4,-4
2022-12-09 15:28:25,14731,14731,14731,2,2
2022-12-09 15:28:37,14731,14731,14731,4,0
2022-12-09 15:28:41,14731,14731,14731,2,0
2022-12-09 15:28:43,14730,14730,14730,4,-4
2022-12-09 15:28:44,14730,14730,14730,4,0
2022-12-09 15:28:45,14730,14730,14730,2,0
2022-12-09 15:28:46,14730,14730,14730,2,0
2022-12-09 15:28:46,14730,14730,14730,2,0
2022-12-09 15:28:46,14730,14730,14730,2,0
2022-12-09 15:28:46,14730,14730,14730,2,0
2022-12-09 15:28:46,14730,14730,14730,2,0
2022-12-09 15:28:47,14729,14729,14729,2,-2
2022-12-09 15:28:47,14729,14729,14729,2,0
2022-12-09 15:28:47,14729,14729,14729,2,0
2022-12-09 15:28:48,14730,14730,14730,4,4
2022-12-09 15:28:55,14729,14729,14729,2,-2
2022-12-09 15:28:55,14729,14729,14729,2,0
2022-12-09 15:28:55,14730,14730,14730,2,2
2022-12-09 15:29:12,14729,14729,14729,2,-2
2022-12-09 15:29:14,14728,14728,14728,2,-2
2022-12-09 15:29:28,14728,14728,14728,2,0
2022-12-09 15:29:32,14728,14728,14728,2,0
2022-12-09 15:29:33,14728,14728,14728,2,0
2022-12-09 15:29:44,14729,14729,14729,8,8
2022-12-09 15:29:44,14730,14730,14730,12,12
2022-12-09 15:29:48,14730,14730,14730,2,0
2022-12-09 15:29:51,14731,14731,14731,2,2
2022-12-09 15:29:52,14731,14731,14731,16,0
2022-12-09 15:30:07,14731,14731,14731,6,0
2022-12-09 15:30:07,14732,14732,14732,4,4
2022-12-09 15:30:08,14732,14732,14732,4,0
2022-12-09 15:30:10,14732,14732,14732,2,0
2022-12-09 15:30:14,14732,14732,14732,2,0
2022-12-09 15:30:14,14732,14732,14732,4,0
2022-12-09 15:30:14,14733,14733,14733,4,4
2022-12-09 15:30:17,14732,14732,14732,2,-2
2022-12-09 15:30:20,14731,14731,14731,2,-2
2022-12-09 15:30:20,14730,14730,14730,2,-2
2022-12-09 15:30:24,14732,14732,14732,8,8
2022-12-09 15:30:27,14733,14733,14733,2,2
2022-12-09 15:30:29,14732,14732,14732,2,-2
2022-12-09 15:30:36,14733,14733,14733,32,32
2022-12-09 15:30:42,14733,14733,14733,2,0
2022-12-09 15:30:42,14733,14733,14733,2,0
2022-12-09 15:30:42,14733,14733,14733,2,0
2022-12-09 15:30:43,14735,14735,14735,2,2
2022-12-09 15:30:43,14735,14735,14735,4,0
2022-12-09 15:30:43,14735,14735,14735,2,0
2022-12-09 15:30:43,14735,14735,14735,2,0
2022-12-09 15:30:49,14734,14734,14734,2,-2
2022-12-09 15:30:53,14734,14734,14734,2,0
2022-12-09 15:30:56,14734,14734,14734,2,0
2022-12-09 15:30:56,14735,14735,14735,2,2
2022-12-09 15:31:01,14734,14734,14734,2,-2
2022-12-09 15:31:01,14734,14734,14734,2,0
2022-12-09 15:31:01,14734,14734,14734,2,0
2022-12-09 15:31:02,14735,14735,14735,16,16
2022-12-09 15:31:09,14734,14734,14734,4,-4
2022-12-09 15:31:13,14735,14735,14735,2,2
2022-12-09 15:31:18,14734,14734,14734,2,-2
2022-12-09 15:31:18,14735,14735,14735,8,8
2022-12-09 15:31:20,14735,14735,14735,10,0
2022-12-09 15:31:26,14735,14735,14735,14,0
2022-12-09 15:31:31,14735,14735,14735,2,0
2022-12-09 15:31:31,14735,14735,14735,2,0
2022-12-09 15:31:31,14733,14733,14733,2,-2
2022-12-09 15:31:31,14735,14735,14735,2,2
2022-12-09 15:31:38,14734,14734,14734,2,-2
2022-12-09 15:31:38,14735,14735,14735,16,16
2022-12-09 15:31:41,14735,14735,14735,4,0
2022-12-09 15:31:47,14735,14735,14735,24,0
2022-12-09 15:31:47,14736,14736,14736,22,22
2022-12-09 15:31:49,14735,14735,14735,4,-4
2022-12-09 15:31:49,14736,14736,14736,2,2
2022-12-09 15:31:49,14736,14736,14736,2,0
2022-12-09 15:31:52,14736,14736,14736,2,0
2022-12-09 15:31:53,14734,14734,14734,2,-2
2022-12-09 15:31:54,14735,14735,14735,2,2
2022-12-09 15:32:06,14735,14735,14735,2,0
2022-12-09 15:32:08,14736,14736,14736,2,2
2022-12-09 15:32:09,14736,14736,14736,2,0
2022-12-09 15:32:09,14736,14736,14736,6,0
2022-12-09 15:32:10,14736,14736,14736,2,0
2022-12-09 15:32:12,14736,14736,14736,2,0
2022-12-09 15:32:20,14736,14736,14736,6,0
2022-12-09 15:32:28,14737,14737,14737,2,2
2022-12-09 15:32:28,14737,14737,14737,4,0
2022-12-09 15:32:31,14736,14736,14736,2,-2
2022-12-09 15:32:33,14736,14736,14736,4,0
2022-12-09 15:32:33,14736,14736,14736,2,0
2022-12-09 15:32:33,14736,14736,14736,2,0
2022-12-09 15:32:33,14736,14736,14736,2,0
2022-12-09 15:32:33,14736,14736,14736,2,0
2022-12-09 15:32:33,14735,14735,14735,2,-2
2022-12-09 15:32:33,14735,14735,14735,2,0
2022-12-09 15:32:33,14735,14735,14735,2,0
2022-12-09 15:32:33,14735,14735,14735,2,0
2022-12-09 15:32:33,14735,14735,14735,2,0
2022-12-09 15:32:33,14734,14734,14734,2,-2
2022-12-09 15:32:33,14734,14734,14734,2,0
2022-12-09 15:32:33,14734,14734,14734,10,0
2022-12-09 15:32:33,14734,14734,14734,6,0
2022-12-09 15:32:33,14734,14734,14734,2,0
2022-12-09 15:32:33,14734,14734,14734,2,0
2022-12-09 15:32:33,14734,14734,14734,2,0
2022-12-09 15:32:33,14734,14734,14734,8,0
2022-12-09 15:32:33,14734,14734,14734,2,0
2022-12-09 15:32:33,14734,14734,14734,2,0
2022-12-09 15:32:33,14734,14734,14734,8,0
2022-12-09 15:32:33,14734,14734,14734,8,0
2022-12-09 15:32:33,14734,14734,14734,4,0
2022-12-09 15:32:33,14733,14733,14733,2,-2
2022-12-09 15:32:33,14733,14733,14733,2,0
2022-12-09 15:32:35,14734,14734,14734,2,2
2022-12-09 15:32:35,14735,14735,14735,2,2
2022-12-09 15:32:41,14734,14734,14734,2,-2
2022-12-09 15:32:41,14734,14734,14734,2,0
2022-12-09 15:32:42,14735,14735,14735,2,2
2022-12-09 15:32:45,14734,14734,14734,2,-2
2022-12-09 15:32:47,14735,14735,14735,2,2
2022-12-09 15:32:50,14735,14735,14735,2,0
2022-12-09 15:32:52,14735,14735,14735,20,0
2022-12-09 15:32:54,14735,14735,14735,2,0
2022-12-09 15:32:56,14735,14735,14735,2,0
2022-12-09 15:32:59,14735,14735,14735,2,0
2022-12-09 15:33:06,14734,14734,14734,2,-2
2022-12-09 15:33:06,14734,14734,14734,6,0
2022-12-09 15:33:06,14734,14734,14734,2,0
2022-12-09 15:33:06,14734,14734,14734,6,0
2022-12-09 15:33:06,14734,14734,14734,2,0
2022-12-09 15:33:07,14734,14734,14734,2,0
2022-12-09 15:33:09,14734,14734,14734,2,0
2022-12-09 15:33:17,14733,14733,14733,2,-2
2022-12-09 15:33:17,14733,14733,14733,24,0
2022-12-09 15:33:17,14733,14733,14733,2,0
2022-12-09 15:33:17,14733,14733,14733,2,0
2022-12-09 15:33:17,14733,14733,14733,2,0
2022-12-09 15:33:17,14733,14733,14733,2,0
2022-12-09 15:33:17,14733,14733,14733,2,0
2022-12-09 15:33:17,14733,14733,14733,2,0
2022-12-09 15:33:17,14732,14732,14732,10,-10
2022-12-09 15:33:17,14732,14732,14732,2,0
2022-12-09 15:33:17,14731,14731,14731,2,-2
2022-12-09 15:33:20,14731,14731,14731,2,0
2022-12-09 15:33:20,14731,14731,14731,2,0
2022-12-09 15:33:20,14731,14731,14731,8,0
2022-12-09 15:33:21,14730,14730,14730,2,-2
2022-12-09 15:33:21,14730,14730,14730,4,0
2022-12-09 15:33:22,14729,14729,14729,2,-2
2022-12-09 15:33:22,14728,14728,14728,2,-2
2022-12-09 15:33:22,14728,14728,14728,2,0
2022-12-09 15:33:22,14728,14728,14728,4,0
2022-12-09 15:33:29,14728,14728,14728,2,0
2022-12-09 15:33:29,14728,14728,14728,2,0
2022-12-09 15:33:31,14728,14728,14728,2,0
2022-12-09 15:33:34,14727,14727,14727,2,-2
2022-12-09 15:33:34,14727,14727,14727,2,0
2022-12-09 15:33:34,14728,14728,14728,2,2
2022-12-09 15:33:35,14728,14728,14728,2,0
2022-12-09 15:33:37,14729,14729,14729,18,18
2022-12-09 15:33:40,14730,14730,14730,2,2
2022-12-09 15:33:40,14731,14731,14731,2,2
2022-12-09 15:33:45,14731,14731,14731,2,0
2022-12-09 15:33:45,14731,14731,14731,2,0
2022-12-09 15:33:54,14732,14732,14732,2,2
2022-12-09 15:33:57,14732,14732,14732,2,0
2022-12-09 15:33:59,14732,14732,14732,2,0
2022-12-09 15:33:59,14733,14733,14733,10,10
2022-12-09 15:34:02,14733,14733,14733,2,0
2022-12-09 15:34:02,14733,14733,14733,2,0
2022-12-09 15:34:07,14734,14734,14734,10,10
2022-12-09 15:34:11,14733,14733,14733,2,-2
2022-12-09 15:34:18,14733,14733,14733,2,0
2022-12-09 15:34:24,14734,14734,14734,2,2
2022-12-09 15:34:25,14734,14734,14734,2,0
2022-12-09 15:34:33,14734,14734,14734,2,0
2022-12-09 15:34:36,14734,14734,14734,2,0
2022-12-09 15:34:38,14734,14734,14734,6,0
2022-12-09 15:34:39,14733,14733,14733,2,-2
2022-12-09 15:34:39,14735,14735,14735,10,10
2022-12-09 15:34:40,14735,14735,14735,2,0
2022-12-09 15:34:40,14735,14735,14735,6,0
2022-12-09 15:34:40,14735,14735,14735,6,0
2022-12-09 15:34:41,14736,14736,14736,14,14
2022-12-09 15:34:43,14735,14735,14735,2,-2
2022-12-09 15:34:46,14736,14736,14736,2,2
2022-12-09 15:34:49,14736,14736,14736,2,0
2022-12-09 15:34:50,14736,14736,14736,2,0
2022-12-09 15:34:50,14736,14736,14736,2,0
2022-12-09 15:34:55,14736,14736,14736,2,0
2022-12-09 15:34:56,14735,14735,14735,10,-10
2022-12-09 15:34:56,14735,14735,14735,2,0
2022-12-09 15:34:58,14735,14735,14735,2,0
2022-12-09 15:34:59,14734,14734,14734,2,-2
2022-12-09 15:35:00,14735,14735,14735,10,10
2022-12-09 15:35:00,14736,14736,14736,20,20
2022-12-09 15:35:00,14736,14736,14736,2,0
2022-12-09 15:35:01,14736,14736,14736,2,0
2022-12-09 15:35:01,14736,14736,14736,2,0
2022-12-09 15:35:12,14736,14736,14736,4,0
2022-12-09 15:35:13,14736,14736,14736,10,0
2022-12-09 15:35:18,14734,14734,14734,2,-2
2022-12-09 15:35:21,14733,14733,14733,2,-2
2022-12-09 15:35:21,14733,14733,14733,2,0
2022-12-09 15:35:21,14733,14733,14733,6,0
2022-12-09 15:35:22,14732,14732,14732,2,-2
2022-12-09 15:35:22,14732,14732,14732,2,0
2022-12-09 15:35:22,14732,14732,14732,2,0
2022-12-09 15:35:22,14733,14733,14733,12,12
2022-12-09 15:35:22,14734,14734,14734,18,18
2022-12-09 15:35:22,14732,14732,14732,2,-2
2022-12-09 15:35:27,14733,14733,14733,2,2
2022-12-09 15:35:30,14733,14733,14733,2,0
2022-12-09 15:35:30,14735,14735,14735,26,26
2022-12-09 15:35:30,14736,14736,14736,4,4
2022-12-09 15:35:33,14733,14733,14733,2,-2
2022-12-09 15:35:44,14733,14733,14733,2,0
2022-12-09 15:35:44,14732,14732,14732,2,-2
2022-12-09 15:35:50,14734,14734,14734,2,2
2022-12-09 15:35:58,14733,14733,14733,2,-2
2022-12-09 15:36:15,14734,14734,14734,6,6
2022-12-09 15:36:15,14734,14734,14734,4,0
2022-12-09 15:36:15,14734,14734,14734,2,0
2022-12-09 15:36:15,14732,14732,14732,2,-2
2022-12-09 15:36:15,14732,14732,14732,2,0
2022-12-09 15:36:15,14732,14732,14732,2,0
2022-12-09 15:36:15,14732,14732,14732,2,0
2022-12-09 15:36:15,14732,14732,14732,2,0
2022-12-09 15:36:15,14732,14732,14732,2,0
2022-12-09 15:36:17,14733,14733,14733,2,2
2022-12-09 15:36:22,14734,14734,14734,2,2
2022-12-09 15:36:29,14734,14734,14734,2,0
2022-12-09 15:36:29,14734,14734,14734,2,0
2022-12-09 15:36:29,14733,14733,14733,2,-2
2022-12-09 15:36:35,14735,14735,14735,6,6
2022-12-09 15:36:45,14733,14733,14733,2,-2
2022-12-09 15:36:45,14733,14733,14733,2,0
2022-12-09 15:36:53,14733,14733,14733,2,0
2022-12-09 15:36:55,14733,14733,14733,2,0
2022-12-09 15:36:58,14735,14735,14735,6,6
2022-12-09 15:37:03,14736,14736,14736,2,2
2022-12-09 15:37:05,14736,14736,14736,2,0
2022-12-09 15:37:05,14734,14734,14734,2,-2
2022-12-09 15:37:05,14734,14734,14734,2,0
2022-12-09 15:37:05,14734,14734,14734,2,0
2022-12-09 15:37:05,14734,14734,14734,2,0
2022-12-09 15:37:06,14735,14735,14735,2,2
2022-12-09 15:37:08,14735,14735,14735,2,0
2022-12-09 15:37:09,14734,14734,14734,2,-2
2022-12-09 15:37:10,14736,14736,14736,2,2
2022-12-09 15:37:11,14735,14735,14735,2,-2
2022-12-09 15:37:13,14736,14736,14736,2,2
2022-12-09 15:37:14,14735,14735,14735,2,-2
2022-12-09 15:37:15,14736,14736,14736,2,2
2022-12-09 15:37:15,14735,14735,14735,2,-2
2022-12-09 15:37:17,14735,14735,14735,2,0
2022-12-09 15:37:17,14736,14736,14736,2,2
2022-12-09 15:37:22,14735,14735,14735,2,-2
2022-12-09 15:37:22,14735,14735,14735,2,0
2022-12-09 15:37:22,14735,14735,14735,2,0
2022-12-09 15:37:28,14735,14735,14735,2,0
2022-12-09 15:37:29,14735,14735,14735,6,0
2022-12-09 15:37:30,14736,14736,14736,2,2
2022-12-09 15:37:37,14735,14735,14735,2,-2
2022-12-09 15:37:37,14734,14734,14734,2,-2
2022-12-09 15:37:40,14734,14734,14734,2,0
2022-12-09 15:37:40,14734,14734,14734,2,0
2022-12-09 15:37:40,14734,14734,14734,2,0
2022-12-09 15:37:58,14733,14733,14733,2,-2
2022-12-09 15:37:58,14733,14733,14733,4,0
2022-12-09 15:37:58,14733,14733,14733,2,0
2022-12-09 15:37:58,14733,14733,14733,2,0
2022-12-09 15:37:58,14733,14733,14733,4,0
2022-12-09 15:37:58,14733,14733,14733,2,0
2022-12-09 15:37:58,14733,14733,14733,2,0
2022-12-09 15:37:58,14733,14733,14733,2,0
2022-12-09 15:37:58,14733,14733,14733,4,0
2022-12-09 15:37:58,14733,14733,14733,2,0
2022-12-09 15:37:59,14733,14733,14733,2,0
2022-12-09 15:38:00,14732,14732,14732,6,-6
2022-12-09 15:38:08,14733,14733,14733,6,6
2022-12-09 15:38:11,14732,14732,14732,2,-2
2022-12-09 15:38:11,14732,14732,14732,2,0
2022-12-09 15:38:11,14732,14732,14732,2,0
2022-12-09 15:38:11,14732,14732,14732,2,0
2022-12-09 15:38:11,14732,14732,14732,2,0
2022-12-09 15:38:14,14731,14731,14731,2,-2
2022-12-09 15:38:14,14731,14731,14731,2,0
2022-12-09 15:38:17,14732,14732,14732,4,4
2022-12-09 15:38:17,14731,14731,14731,2,-2
2022-12-09 15:38:17,14731,14731,14731,2,0
2022-12-09 15:38:31,14732,14732,14732,2,2
2022-12-09 15:38:33,14732,14732,14732,2,0
2022-12-09 15:38:44,14732,14732,14732,2,0
2022-12-09 15:38:46,14733,14733,14733,2,2
2022-12-09 15:38:53,14732,14732,14732,2,-2
2022-12-09 15:38:53,14731,14731,14731,2,-2
2022-12-09 15:38:59,14732,14732,14732,2,2
2022-12-09 15:39:10,14731,14731,14731,2,-2
2022-12-09 15:39:15,14732,14732,14732,2,2
2022-12-09 15:39:15,14732,14732,14732,2,0
2022-12-09 15:39:15,14733,14733,14733,2,2
2022-12-09 15:39:40,14732,14732,14732,2,-2
2022-12-09 15:39:49,14732,14732,14732,2,0
2022-12-09 15:40:00,14732,14732,14732,2,0
2022-12-09 15:40:12,14731,14731,14731,2,-2
2022-12-09 15:40:18,14731,14731,14731,2,0
2022-12-09 15:40:18,14731,14731,14731,4,0
2022-12-09 15:40:18,14731,14731,14731,4,0
2022-12-09 15:40:18,14731,14731,14731,6,0
2022-12-09 15:40:18,14731,14731,14731,4,0
2022-12-09 15:40:19,14730,14730,14730,2,-2
2022-12-09 15:40:19,14732,14732,14732,2,2
2022-12-09 15:40:25,14731,14731,14731,6,-6
2022-12-09 15:40:25,14731,14731,14731,4,0
2022-12-09 15:40:25,14731,14731,14731,2,0
2022-12-09 15:40:25,14731,14731,14731,2,0
2022-12-09 15:40:27,14730,14730,14730,2,-2
2022-12-09 15:40:35,14730,14730,14730,4,0
2022-12-09 15:40:35,14730,14730,14730,2,0
2022-12-09 15:40:35,14730,14730,14730,12,0
2022-12-09 15:40:35,14730,14730,14730,2,0
2022-12-09 15:40:35,14730,14730,14730,2,0
2022-12-09 15:40:35,14730,14730,14730,2,0
2022-12-09 15:40:35,14730,14730,14730,4,0
2022-12-09 15:40:35,14730,14730,14730,2,0
2022-12-09 15:40:35,14730,14730,14730,2,0
2022-12-09 15:40:35,14730,14730,14730,10,0
2022-12-09 15:40:35,14730,14730,14730,10,0
2022-12-09 15:40:35,14730,14730,14730,2,0
2022-12-09 15:40:35,14730,14730,14730,2,0
2022-12-09 15:40:35,14730,14730,14730,2,0
2022-12-09 15:40:35,14730,14730,14730,2,0
2022-12-09 15:40:35,14730,14730,14730,2,0
2022-12-09 15:40:35,14729,14729,14729,2,-2
2022-12-09 15:40:35,14729,14729,14729,2,0
2022-12-09 15:40:35,14728,14728,14728,2,-2
2022-12-09 15:40:36,14730,14730,14730,6,6
2022-12-09 15:40:39,14729,14729,14729,2,-2
2022-12-09 15:40:40,14729,14729,14729,2,0
2022-12-09 15:40:47,14729,14729,14729,2,0
2022-12-09 15:40:55,14728,14728,14728,2,-2
2022-12-09 15:40:55,14728,14728,14728,2,0
2022-12-09 15:40:57,14729,14729,14729,2,2
2022-12-09 15:40:58,14728,14728,14728,4,-4
2022-12-09 15:40:58,14728,14728,14728,2,0
2022-12-09 15:41:00,14729,14729,14729,2,2
2022-12-09 15:41:01,14728,14728,14728,2,-2
2022-12-09 15:41:12,14728,14728,14728,2,0
2022-12-09 15:41:28,14729,14729,14729,2,2
2022-12-09 15:41:31,14729,14729,14729,2,0
2022-12-09 15:41:32,14729,14729,14729,2,0
2022-12-09 15:41:35,14730,14730,14730,2,2
2022-12-09 15:41:35,14730,14730,14730,20,0
2022-12-09 15:41:35,14730,14730,14730,4,0
2022-12-09 15:41:35,14731,14731,14731,4,4
2022-12-09 15:41:37,14731,14731,14731,2,0
2022-12-09 15:41:45,14731,14731,14731,2,0
2022-12-09 15:41:56,14732,14732,14732,2,2
2022-12-09 15:41:58,14732,14732,14732,2,0
2022-12-09 15:41:59,14732,14732,14732,4,0
2022-12-09 15:41:59,14732,14732,14732,2,0
2022-12-09 15:42:02,14731,14731,14731,2,-2
2022-12-09 15:42:02,14731,14731,14731,2,0
2022-12-09 15:42:14,14732,14732,14732,2,2
2022-12-09 15:42:14,14732,14732,14732,2,0
2022-12-09 15:42:16,14732,14732,14732,2,0
2022-12-09 15:42:31,14732,14732,14732,2,0
2022-12-09 15:42:46,14731,14731,14731,2,-2
