2025-02-12 15:00:00.011,23332,23338,23332,35,-35
2025-02-12 15:00:00.013,23330,23332,23332,2,2
2025-02-12 15:00:00.013,23330,23332,23330,1,-1
2025-02-12 15:00:00.019,23330,23332,23332,1,1
2025-02-12 15:00:00.026,23330,23332,23332,1,1
2025-02-12 15:00:00.072,23330,23332,23332,1,1
2025-02-12 15:00:00.098,23330,23333,23333,1,1
2025-02-12 15:00:00.180,23330,23333,23334,1,1
2025-02-12 15:00:00.220,23330,23333,23330,1,-1
2025-02-12 15:00:00.247,23329,23334,23334,4,4
2025-02-12 15:00:00.248,23329,23334,23335,2,2
2025-02-12 15:00:00.273,23329,23334,23336,1,1
2025-02-12 15:00:00.399,23333,23337,23337,1,1
2025-02-12 15:00:00.423,23333,23337,23333,1,-1
2025-02-12 15:00:00.475,23333,23337,23337,1,1
2025-02-12 15:00:00.475,23333,23337,23338,4,4
2025-02-12 15:00:00.475,23333,23337,23339,7,7
2025-02-12 15:00:00.475,23333,23337,23340,7,7
2025-02-12 15:00:00.476,23333,23337,23340,7,7
2025-02-12 15:00:00.516,23333,23337,23340,1,1
2025-02-12 15:00:00.590,23333,23337,23340,1,1
2025-02-12 15:00:00.616,23337,23341,23337,1,-1
2025-02-12 15:00:00.626,23337,23341,23340,1,1
2025-02-12 15:00:00.635,23337,23341,23336,1,-1
2025-02-12 15:00:00.635,23337,23341,23335,1,-1
2025-02-12 15:00:00.698,23337,23341,23333,2,-2
2025-02-12 15:00:00.770,23333,23338,23338,1,1
2025-02-12 15:00:00.770,23333,23338,23339,1,1
2025-02-12 15:00:00.770,23333,23338,23340,1,1
2025-02-12 15:00:00.770,23333,23338,23341,5,5
2025-02-12 15:00:00.770,23333,23338,23342,7,7
2025-02-12 15:00:00.770,23333,23338,23343,6,6
2025-02-12 15:00:00.882,23336,23340,23336,1,-1
2025-02-12 15:00:00.922,23336,23340,23340,1,1
2025-02-12 15:00:01.238,23336,23340,23336,1,-1
2025-02-12 15:00:01.238,23336,23340,23335,1,-1
2025-02-12 15:00:01.476,23335,23339,23339,1,1
2025-02-12 15:00:02.161,23336,23339,23336,2,-2
2025-02-12 15:00:02.824,23335,23338,23335,1,-1
2025-02-12 15:00:04.474,23335,23338,23338,1,1
2025-02-12 15:00:05.028,23335,23339,23339,2,2
2025-02-12 15:00:05.029,23335,23339,23340,1,1
2025-02-12 15:00:05.105,23338,23343,23343,1,1
2025-02-12 15:00:05.105,23338,23343,23344,1,1
2025-02-12 15:00:05.230,23340,23345,23340,1,-1
2025-02-12 15:00:05.300,23340,23345,23339,1,-1
2025-02-12 15:00:05.372,23338,23345,23339,1,-1
2025-02-12 15:00:05.816,23339,23343,23339,1,-1
2025-02-12 15:00:05.816,23339,23343,23338,4,-4
2025-02-12 15:00:05.873,23338,23342,23338,1,-1
2025-02-12 15:00:07.632,23342,23344,23345,6,6
2025-02-12 15:00:07.760,23343,23347,23348,2,2
2025-02-12 15:00:07.760,23343,23347,23347,2,2
2025-02-12 15:00:07.864,23343,23348,23348,1,1
2025-02-12 15:00:07.872,23343,23348,23348,2,2
2025-02-12 15:00:07.872,23343,23348,23348,1,1
2025-02-12 15:00:07.874,23343,23348,23349,3,3
2025-02-12 15:00:07.875,23343,23348,23350,7,7
2025-02-12 15:00:07.877,23343,23348,23351,1,1
2025-02-12 15:00:07.878,23343,23348,23352,4,4
2025-02-12 15:00:07.879,23343,23348,23353,1,1
2025-02-12 15:00:07.879,23343,23348,23357,1,1
2025-02-12 15:00:07.885,23343,23348,23356,1,1
2025-02-12 15:00:07.891,23343,23348,23356,1,1
2025-02-12 15:00:07.931,23343,23348,23357,1,1
2025-02-12 15:00:07.931,23343,23348,23356,1,1
2025-02-12 15:00:07.985,23350,23357,23350,1,-1
2025-02-12 15:00:07.986,23350,23357,23350,1,-1
2025-02-12 15:00:07.986,23350,23357,23350,1,-1
2025-02-12 15:00:08.055,23350,23357,23357,1,1
2025-02-12 15:00:08.055,23350,23357,23358,3,3
2025-02-12 15:00:08.120,23348,23358,23358,3,3
2025-02-12 15:00:08.120,23348,23358,23359,5,5
2025-02-12 15:00:08.120,23348,23358,23360,10,10
2025-02-12 15:00:08.121,23348,23358,23360,12,12
2025-02-12 15:00:08.154,23348,23358,23362,1,1
2025-02-12 15:00:08.210,23348,23358,23354,1,1
2025-02-12 15:00:08.232,23348,23362,23362,1,1
2025-02-12 15:00:08.267,23348,23362,23362,1,1
2025-02-12 15:00:08.279,23348,23362,23362,2,2
2025-02-12 15:00:08.290,23348,23362,23363,1,1
2025-02-12 15:00:08.306,23348,23362,23363,1,1
2025-02-12 15:00:09.028,23348,23355,23350,1,-1
2025-02-12 15:00:09.251,23344,23352,23344,1,-1
2025-02-12 15:00:09.252,23344,23352,23344,1,-1
2025-02-12 15:00:09.556,23343,23351,23343,1,-1
2025-02-12 15:00:11.006,23344,23348,23343,1,-1
2025-02-12 15:00:11.254,23344,23345,23345,3,3
2025-02-12 15:00:11.860,23344,23347,23347,1,1
2025-02-12 15:00:12.427,23346,23348,23349,1,1
2025-02-12 15:00:12.427,23346,23348,23348,1,1
2025-02-12 15:00:12.722,23348,23349,23349,2,2
2025-02-12 15:00:13.425,23349,23350,23350,1,1
2025-02-12 15:00:13.510,23350,23352,23351,1,1
2025-02-12 15:00:13.511,23350,23352,23351,1,1
2025-02-12 15:00:13.512,23350,23352,23351,1,1
2025-02-12 15:00:14.090,23348,23351,23347,1,-1
2025-02-12 15:00:14.647,23346,23349,23346,1,-1
2025-02-12 15:00:14.774,23345,23347,23345,1,-1
2025-02-12 15:00:15.257,23344,23347,23347,1,1
2025-02-12 15:00:16.740,23345,23349,23344,2,-2
2025-02-12 15:00:16.740,23345,23349,23345,1,-1
2025-02-12 15:00:16.740,23345,23349,23342,2,-2
2025-02-12 15:00:17.351,23342,23347,23335,3,-3
2025-02-12 15:00:17.351,23342,23347,23336,1,-1
2025-02-12 15:00:17.351,23342,23347,23339,1,-1
2025-02-12 15:00:17.351,23342,23347,23338,4,-4
2025-02-12 15:00:17.351,23342,23347,23342,1,-1
2025-02-12 15:00:18.258,23340,23345,23345,1,1
2025-02-12 15:00:18.510,23343,23348,23349,1,1
2025-02-12 15:00:18.570,23343,23348,23350,1,1
2025-02-12 15:00:18.774,23345,23350,23345,1,-1
2025-02-12 15:00:19.163,23345,23350,23350,1,1
2025-02-12 15:00:20.516,23344,23348,23348,2,2
2025-02-12 15:00:20.516,23344,23348,23349,1,1
2025-02-12 15:00:20.823,23346,23349,23349,1,1
2025-02-12 15:00:20.878,23347,23349,23349,1,1
2025-02-12 15:00:21.514,23349,23351,23349,1,-1
2025-02-12 15:00:21.527,23349,23351,23351,1,1
2025-02-12 15:00:21.676,23348,23352,23351,1,1
2025-02-12 15:00:21.705,23348,23352,23352,1,1
2025-02-12 15:00:21.705,23348,23352,23353,1,1
2025-02-12 15:00:22.060,23348,23353,23352,1,1
2025-02-12 15:00:22.576,23348,23350,23349,1,1
2025-02-12 15:00:22.576,23348,23350,23348,2,-2
2025-02-12 15:00:22.576,23348,23350,23347,2,-2
2025-02-12 15:00:23.141,23346,23348,23348,1,1
2025-02-12 15:00:23.142,23346,23348,23348,2,2
2025-02-12 15:00:25.075,23348,23350,23350,1,1
2025-02-12 15:00:25.845,23348,23350,23351,3,3
2025-02-12 15:00:25.845,23348,23350,23353,5,5
2025-02-12 15:00:25.845,23348,23350,23350,2,2
2025-02-12 15:00:25.925,23348,23350,23354,1,1
2025-02-12 15:00:27.283,23349,23352,23352,1,1
2025-02-12 15:00:27.506,23349,23352,23349,1,-1
2025-02-12 15:00:28.144,23349,23352,23349,1,-1
2025-02-12 15:00:29.800,23351,23353,23351,1,-1
2025-02-12 15:00:29.800,23351,23353,23349,2,-2
2025-02-12 15:00:29.800,23351,23353,23348,7,-7
2025-02-12 15:00:29.802,23351,23353,23350,1,-1
2025-02-12 15:00:29.803,23351,23353,23351,2,-2
2025-02-12 15:00:30.096,23349,23352,23349,2,-2
2025-02-12 15:00:30.096,23349,23352,23350,5,-5
2025-02-12 15:00:30.222,23349,23352,23352,1,1
2025-02-12 15:00:30.848,23350,23353,23350,1,-1
2025-02-12 15:00:31.951,23350,23353,23353,1,1
2025-02-12 15:00:32.126,23350,23353,23353,3,3
2025-02-12 15:00:32.207,23350,23353,23353,1,1
2025-02-12 15:00:32.251,23352,23354,23354,1,1
2025-02-12 15:00:32.253,23352,23354,23355,5,5
2025-02-12 15:00:32.254,23352,23354,23356,1,1
2025-02-12 15:00:32.655,23355,23357,23355,1,-1
2025-02-12 15:00:32.885,23354,23357,23354,1,-1
2025-02-12 15:00:33.496,23354,23356,23354,1,-1
2025-02-12 15:00:33.527,23354,23356,23353,1,-1
2025-02-12 15:00:33.829,23352,23356,23354,1,-1
2025-02-12 15:00:33.885,23352,23356,23356,1,1
2025-02-12 15:00:34.491,23352,23355,23356,1,1
2025-02-12 15:00:34.491,23352,23355,23355,1,1
2025-02-12 15:00:35.448,23355,23357,23355,1,-1
2025-02-12 15:00:37.166,23352,23354,23352,1,-1
2025-02-12 15:00:37.378,23351,23354,23354,1,1
2025-02-12 15:00:38.017,23351,23354,23354,1,1
2025-02-12 15:00:38.226,23352,23354,23354,1,1
2025-02-12 15:00:38.466,23352,23354,23352,1,-1
2025-02-12 15:00:39.417,23353,23354,23354,1,1
2025-02-12 15:00:40.217,23353,23355,23353,1,-1
2025-02-12 15:00:40.890,23351,23354,23353,1,1
2025-02-12 15:00:41.789,23351,23353,23351,1,-1
2025-02-12 15:00:42.461,23350,23353,23353,1,1
2025-02-12 15:00:44.547,23350,23352,23350,4,-4
2025-02-12 15:00:44.547,23350,23352,23350,1,-1
2025-02-12 15:00:44.547,23350,23352,23350,1,-1
2025-02-12 15:00:44.547,23350,23352,23350,1,-1
2025-02-12 15:00:46.219,23349,23352,23349,1,-1
2025-02-12 15:00:46.373,23349,23352,23349,1,-1
2025-02-12 15:00:49.243,23349,23352,23352,2,2
2025-02-12 15:00:49.243,23349,23352,23352,1,1
2025-02-12 15:00:49.244,23349,23352,23352,1,1
2025-02-12 15:00:49.244,23349,23352,23353,2,2
2025-02-12 15:00:50.475,23351,23354,23350,2,-2
2025-02-12 15:00:50.475,23351,23354,23349,1,-1
2025-02-12 15:00:50.475,23351,23354,23351,2,-2
2025-02-12 15:00:51.597,23349,23352,23349,1,-1
2025-02-12 15:00:52.764,23349,23352,23349,1,-1
2025-02-12 15:00:55.968,23349,23352,23350,1,-1
2025-02-12 15:00:55.981,23349,23352,23349,1,-1
2025-02-12 15:00:57.069,23349,23352,23352,1,1
2025-02-12 15:00:57.069,23349,23352,23353,2,2
2025-02-12 15:00:57.683,23349,23352,23349,3,-3
2025-02-12 15:00:57.683,23349,23352,23348,7,-7
2025-02-12 15:00:58.785,23348,23351,23351,2,2
2025-02-12 15:00:59.779,23349,23350,23350,1,1
2025-02-12 15:00:59.928,23349,23352,23352,2,2
2025-02-12 15:01:00.064,23349,23352,23351,1,1
2025-02-12 15:01:00.071,23349,23352,23352,1,1
2025-02-12 15:01:00.114,23349,23352,23352,1,1
2025-02-12 15:01:00.115,23349,23352,23352,1,1
2025-02-12 15:01:00.115,23349,23352,23352,1,1
2025-02-12 15:01:00.196,23349,23352,23353,1,1
2025-02-12 15:01:00.295,23351,23353,23353,1,1
2025-02-12 15:01:00.519,23351,23353,23353,2,2
2025-02-12 15:01:00.816,23351,23353,23351,1,-1
2025-02-12 15:01:01.880,23350,23352,23352,1,1
2025-02-12 15:01:01.976,23351,23354,23354,1,1
2025-02-12 15:01:01.976,23351,23354,23354,1,1
2025-02-12 15:01:01.978,23351,23354,23354,1,1
2025-02-12 15:01:01.978,23351,23354,23354,1,1
2025-02-12 15:01:01.978,23351,23354,23355,1,1
2025-02-12 15:01:02.590,23353,23355,23352,1,-1
2025-02-12 15:01:04.378,23351,23353,23353,1,1
2025-02-12 15:01:05.606,23353,23355,23355,2,2
2025-02-12 15:01:05.606,23353,23355,23355,1,1
2025-02-12 15:01:07.606,23354,23356,23356,14,14
2025-02-12 15:01:07.607,23354,23356,23357,2,2
2025-02-12 15:01:07.607,23354,23356,23357,1,1
2025-02-12 15:01:07.883,23355,23358,23358,1,1
2025-02-12 15:01:09.196,23355,23357,23357,1,1
2025-02-12 15:01:09.225,23355,23357,23358,1,1
2025-02-12 15:01:09.225,23355,23357,23358,1,1
2025-02-12 15:01:09.225,23355,23357,23357,1,1
2025-02-12 15:01:09.225,23355,23357,23358,1,1
2025-02-12 15:01:09.226,23355,23357,23359,1,1
2025-02-12 15:01:09.226,23355,23357,23359,1,1
2025-02-12 15:01:09.226,23355,23357,23359,1,1
2025-02-12 15:01:09.226,23355,23357,23359,1,1
2025-02-12 15:01:09.226,23355,23357,23359,1,1
2025-02-12 15:01:09.226,23355,23357,23359,1,1
2025-02-12 15:01:09.233,23355,23357,23360,1,1
2025-02-12 15:01:10.315,23356,23359,23355,1,-1
2025-02-12 15:01:13.385,23355,23358,23358,1,1
2025-02-12 15:01:13.830,23357,23359,23358,1,1
2025-02-12 15:01:14.316,23356,23359,23359,1,1
2025-02-12 15:01:14.376,23355,23359,23356,1,-1
2025-02-12 15:01:14.376,23355,23359,23355,4,-4
2025-02-12 15:01:15.102,23355,23357,23355,1,-1
2025-02-12 15:01:15.814,23355,23357,23355,5,-5
2025-02-12 15:01:15.980,23354,23356,23356,2,2
2025-02-12 15:01:16.671,23354,23355,23354,1,-1
2025-02-12 15:01:17.289,23354,23355,23355,4,4
2025-02-12 15:01:19.221,23355,23358,23358,1,1
2025-02-12 15:01:19.225,23355,23358,23358,1,1
2025-02-12 15:01:19.225,23355,23358,23358,1,1
2025-02-12 15:01:19.225,23355,23358,23358,1,1
2025-02-12 15:01:19.226,23355,23358,23358,1,1
2025-02-12 15:01:19.227,23355,23358,23358,1,1
2025-02-12 15:01:19.239,23355,23358,23359,1,1
2025-02-12 15:01:21.935,23355,23358,23358,6,6
2025-02-12 15:01:21.935,23355,23358,23358,2,2
2025-02-12 15:01:23.301,23357,23359,23360,2,2
2025-02-12 15:01:24.344,23357,23360,23357,1,-1
2025-02-12 15:01:24.419,23357,23360,23360,2,2
2025-02-12 15:01:26.717,23357,23360,23357,1,-1
2025-02-12 15:01:27.519,23357,23359,23359,2,2
2025-02-12 15:01:27.600,23357,23360,23360,1,1
2025-02-12 15:01:27.600,23357,23360,23360,1,1
2025-02-12 15:01:27.601,23357,23360,23360,1,1
2025-02-12 15:01:27.601,23357,23360,23360,1,1
2025-02-12 15:01:27.601,23357,23360,23360,1,1
2025-02-12 15:01:27.601,23357,23360,23360,1,1
2025-02-12 15:01:27.601,23357,23360,23360,1,1
2025-02-12 15:01:27.601,23357,23360,23360,1,1
2025-02-12 15:01:27.601,23357,23360,23360,1,1
2025-02-12 15:01:27.601,23357,23360,23360,1,1
2025-02-12 15:01:27.602,23357,23360,23361,1,1
2025-02-12 15:01:27.602,23357,23360,23358,1,-1
2025-02-12 15:01:27.602,23357,23360,23358,1,-1
2025-02-12 15:01:27.602,23357,23360,23357,3,-3
2025-02-12 15:01:28.902,23356,23358,23356,1,-1
2025-02-12 15:01:29.907,23355,23357,23357,1,1
2025-02-12 15:01:31.633,23355,23357,23355,3,-3
2025-02-12 15:01:31.633,23355,23357,23355,8,-8
2025-02-12 15:01:33.190,23353,23356,23355,1,1
2025-02-12 15:01:34.067,23355,23356,23356,1,1
2025-02-12 15:01:37.100,23355,23356,23355,1,-1
2025-02-12 15:01:42.098,23355,23356,23356,1,1
2025-02-12 15:01:42.224,23355,23356,23356,1,1
2025-02-12 15:01:42.225,23355,23356,23358,1,1
2025-02-12 15:01:42.226,23355,23356,23358,1,1
2025-02-12 15:01:42.226,23355,23356,23359,1,1
2025-02-12 15:01:43.373,23356,23359,23357,2,-2
2025-02-12 15:01:43.417,23356,23359,23359,2,2
2025-02-12 15:01:44.897,23358,23359,23359,3,3
2025-02-12 15:01:44.897,23358,23359,23360,2,2
2025-02-12 15:01:45.600,23358,23360,23360,3,3
2025-02-12 15:01:45.600,23358,23360,23361,2,2
2025-02-12 15:01:45.605,23358,23360,23358,1,-1
2025-02-12 15:01:49.230,23355,23358,23358,1,1
2025-02-12 15:01:49.498,23355,23358,23358,2,2
2025-02-12 15:01:51.074,23355,23358,23358,2,2
2025-02-12 15:01:54.795,23355,23358,23358,6,6
2025-02-12 15:01:54.795,23355,23358,23358,1,1
2025-02-12 15:01:56.094,23356,23359,23356,1,-1
2025-02-12 15:01:57.973,23356,23358,23357,1,-1
2025-02-12 15:01:59.021,23357,23358,23357,1,-1
2025-02-12 15:01:59.021,23357,23358,23356,1,-1
2025-02-12 15:02:02.377,23357,23358,23357,2,-2
2025-02-12 15:02:02.507,23356,23358,23358,3,3
2025-02-12 15:02:03.585,23356,23358,23358,2,2
2025-02-12 15:02:03.963,23356,23359,23356,3,-3
2025-02-12 15:02:04.269,23355,23358,23355,1,-1
2025-02-12 15:02:05.646,23355,23357,23355,2,-2
2025-02-12 15:02:08.541,23355,23357,23355,2,-2
2025-02-12 15:02:10.816,23355,23356,23356,2,2
2025-02-12 15:02:12.117,23355,23357,23355,1,-1
2025-02-12 15:02:13.586,23355,23356,23355,1,-1
2025-02-12 15:02:20.607,23354,23355,23355,4,4
2025-02-12 15:02:20.608,23354,23355,23356,2,2
2025-02-12 15:02:20.608,23354,23355,23356,4,4
2025-02-12 15:02:20.928,23356,23358,23356,1,-1
2025-02-12 15:02:20.928,23356,23358,23355,2,-2
2025-02-12 15:02:31.482,23355,23356,23355,1,-1
2025-02-12 15:02:31.601,23355,23356,23356,1,1
2025-02-12 15:02:36.144,23355,23357,23355,2,-2
2025-02-12 15:02:38.525,23355,23357,23355,1,-1
2025-02-12 15:02:40.750,23355,23357,23356,1,-1
2025-02-12 15:02:41.048,23355,23357,23355,1,-1
2025-02-12 15:02:41.049,23355,23357,23355,19,-19
2025-02-12 15:02:41.049,23355,23357,23354,2,-2
2025-02-12 15:02:41.690,23353,23355,23353,1,-1
2025-02-12 15:02:41.690,23353,23355,23353,1,-1
2025-02-12 15:02:42.380,23351,23354,23351,1,-1
2025-02-12 15:02:44.868,23351,23353,23351,1,-1
2025-02-12 15:02:45.340,23351,23353,23351,2,-2
2025-02-12 15:02:46.248,23350,23353,23350,1,-1
2025-02-12 15:02:46.342,23350,23353,23350,4,-4
2025-02-12 15:02:46.369,23350,23353,23350,5,-5
2025-02-12 15:02:46.462,23350,23353,23348,8,-8
2025-02-12 15:02:46.462,23350,23353,23349,2,-2
2025-02-12 15:02:46.463,23350,23353,23348,2,-2
2025-02-12 15:02:47.077,23347,23349,23349,1,1
2025-02-12 15:02:47.340,23347,23350,23347,2,-2
2025-02-12 15:02:48.588,23346,23349,23347,1,-1
2025-02-12 15:02:48.588,23346,23349,23347,1,-1
2025-02-12 15:02:49.417,23346,23348,23346,2,-2
2025-02-12 15:02:50.423,23345,23347,23345,1,-1
2025-02-12 15:02:50.880,23345,23347,23347,1,1
2025-02-12 15:02:51.714,23346,23348,23346,3,-3
2025-02-12 15:02:51.769,23346,23348,23346,1,-1
2025-02-12 15:02:51.782,23346,23348,23346,1,-1
2025-02-12 15:02:52.098,23345,23348,23346,1,-1
2025-02-12 15:02:52.303,23346,23348,23346,1,-1
2025-02-12 15:02:52.647,23345,23348,23345,1,-1
2025-02-12 15:02:54.063,23347,23348,23347,1,-1
2025-02-12 15:02:54.333,23345,23348,23346,1,-1
2025-02-12 15:02:55.921,23346,23348,23348,3,3
2025-02-12 15:02:55.922,23346,23348,23349,2,2
2025-02-12 15:02:56.054,23348,23350,23348,2,-2
2025-02-12 15:02:57.055,23348,23350,23348,2,-2
2025-02-12 15:02:57.085,23348,23350,23347,1,-1
2025-02-12 15:02:58.056,23347,23350,23347,2,-2
2025-02-12 15:03:00.801,23347,23350,23349,1,1
2025-02-12 15:03:00.852,23347,23350,23350,1,1
2025-02-12 15:03:00.852,23347,23350,23350,1,1
2025-02-12 15:03:00.854,23347,23350,23350,1,1
2025-02-12 15:03:00.856,23347,23350,23352,1,1
2025-02-12 15:03:00.857,23347,23350,23352,1,1
2025-02-12 15:03:00.932,23347,23350,23349,1,1
2025-02-12 15:03:00.932,23347,23350,23349,2,2
2025-02-12 15:03:00.960,23347,23350,23349,2,2
2025-02-12 15:03:00.960,23347,23350,23350,1,1
2025-02-12 15:03:01.632,23347,23350,23350,1,1
2025-02-12 15:03:01.725,23347,23350,23350,1,1
2025-02-12 15:03:01.726,23347,23350,23350,1,1
2025-02-12 15:03:01.741,23347,23350,23350,1,1
2025-02-12 15:03:01.770,23347,23350,23348,1,-1
2025-02-12 15:03:02.769,23347,23350,23347,2,-2
2025-02-12 15:03:06.381,23348,23349,23348,1,-1
2025-02-12 15:03:06.381,23348,23349,23348,2,-2
2025-02-12 15:03:06.646,23346,23348,23346,2,-2
2025-02-12 15:03:08.263,23345,23347,23345,3,-3
2025-02-12 15:03:08.263,23345,23347,23345,10,-10
2025-02-12 15:03:08.351,23344,23346,23346,1,1
2025-02-12 15:03:08.351,23344,23346,23347,1,1
2025-02-12 15:03:08.351,23344,23346,23347,1,1
2025-02-12 15:03:08.351,23344,23346,23347,1,1
2025-02-12 15:03:08.352,23344,23346,23348,1,1
2025-02-12 15:03:10.865,23344,23345,23345,1,1
2025-02-12 15:03:10.866,23344,23345,23345,2,2
2025-02-12 15:03:11.644,23345,23347,23345,1,-1
2025-02-12 15:03:11.999,23344,23347,23344,4,-4
2025-02-12 15:03:12.000,23344,23347,23344,1,-1
2025-02-12 15:03:14.536,23344,23346,23344,1,-1
2025-02-12 15:03:15.361,23343,23346,23343,1,-1
2025-02-12 15:03:15.403,23343,23346,23346,2,2
2025-02-12 15:03:19.333,23346,23347,23347,1,1
2025-02-12 15:03:19.362,23346,23348,23346,1,-1
2025-02-12 15:03:19.362,23346,23348,23347,1,-1
2025-02-12 15:03:20.362,23347,23348,23347,1,-1
2025-02-12 15:03:20.474,23347,23348,23348,1,1
2025-02-12 15:03:20.475,23347,23348,23349,1,1
2025-02-12 15:03:20.475,23347,23348,23350,1,1
2025-02-12 15:03:20.476,23347,23348,23351,1,1
2025-02-12 15:03:20.476,23347,23348,23350,1,1
2025-02-12 15:03:20.644,23350,23352,23350,1,-1
2025-02-12 15:03:21.362,23347,23350,23347,2,-2
2025-02-12 15:03:21.363,23347,23350,23347,2,-2
2025-02-12 15:03:37.452,23347,23348,23347,1,-1
2025-02-12 15:03:42.563,23347,23348,23347,1,-1
2025-02-12 15:03:42.600,23347,23348,23348,1,1
2025-02-12 15:03:42.601,23347,23348,23349,1,1
2025-02-12 15:03:42.601,23347,23348,23349,1,1
2025-02-12 15:03:42.601,23347,23348,23349,1,1
2025-02-12 15:03:42.601,23347,23348,23349,1,1
2025-02-12 15:03:43.562,23347,23350,23347,1,-1
2025-02-12 15:03:45.196,23347,23350,23348,1,-1
2025-02-12 15:03:50.076,23347,23349,23347,1,-1
2025-02-12 15:03:50.100,23347,23349,23349,1,1
2025-02-12 15:03:50.100,23347,23349,23349,1,1
2025-02-12 15:03:51.565,23348,23350,23348,1,-1
2025-02-12 15:03:53.866,23348,23350,23350,1,1
2025-02-12 15:04:01.868,23348,23349,23348,2,-2
2025-02-12 15:04:01.912,23348,23349,23347,1,-1
2025-02-12 15:04:03.095,23346,23347,23346,1,-1
2025-02-12 15:04:06.198,23345,23347,23345,6,-6
2025-02-12 15:04:06.198,23345,23347,23345,1,-1
2025-02-12 15:04:07.247,23344,23345,23344,1,-1
2025-02-12 15:04:09.249,23344,23345,23345,1,1
2025-02-12 15:04:09.249,23344,23345,23346,3,3
2025-02-12 15:04:09.403,23344,23347,23344,1,-1
2025-02-12 15:04:09.883,23344,23347,23344,1,-1
2025-02-12 15:04:12.900,23344,23346,23344,2,-2
2025-02-12 15:04:16.461,23345,23347,23347,1,1
2025-02-12 15:04:16.546,23345,23347,23345,1,-1
2025-02-12 15:04:16.672,23344,23347,23347,1,1
2025-02-12 15:04:16.901,23344,23347,23344,1,-1
2025-02-12 15:04:18.954,23345,23348,23345,3,-3
2025-02-12 15:04:18.954,23345,23348,23344,5,-5
2025-02-12 15:04:19.263,23343,23346,23343,1,-1
2025-02-12 15:04:19.351,23343,23346,23346,1,1
2025-02-12 15:04:19.351,23343,23346,23346,1,1
2025-02-12 15:04:19.903,23343,23346,23343,1,-1
2025-02-12 15:04:19.931,23343,23346,23343,1,-1
2025-02-12 15:04:20.931,23343,23346,23343,1,-1
2025-02-12 15:04:21.927,23343,23346,23346,1,1
2025-02-12 15:04:21.927,23343,23346,23347,3,3
2025-02-12 15:04:24.710,23344,23347,23344,1,-1
2025-02-12 15:04:30.597,23344,23347,23344,1,-1
2025-02-12 15:04:36.179,23344,23347,23344,1,-1
2025-02-12 15:04:36.226,23344,23347,23347,1,1
2025-02-12 15:04:36.227,23344,23347,23347,1,1
2025-02-12 15:04:37.283,23344,23347,23344,1,-1
2025-02-12 15:04:40.684,23345,23347,23346,1,-1
2025-02-12 15:04:40.684,23345,23347,23347,2,2
2025-02-12 15:04:42.349,23345,23348,23348,1,1
2025-02-12 15:05:01.315,23347,23348,23347,2,-2
2025-02-12 15:05:02.367,23347,23348,23347,1,-1
2025-02-12 15:05:02.709,23345,23347,23345,1,-1
2025-02-12 15:05:03.429,23345,23347,23347,1,1
2025-02-12 15:05:04.940,23345,23347,23347,1,1
2025-02-12 15:05:08.107,23346,23347,23346,1,-1
2025-02-12 15:05:17.430,23346,23347,23346,1,-1
2025-02-12 15:05:17.430,23346,23347,23345,2,-2
2025-02-12 15:05:17.430,23346,23347,23345,2,-2
2025-02-12 15:05:17.612,23344,23346,23344,2,-2
2025-02-12 15:05:24.319,23344,23346,23344,1,-1
2025-02-12 15:05:48.389,23345,23346,23345,1,-1
2025-02-12 15:05:51.951,23345,23346,23346,2,2
2025-02-12 15:05:51.951,23345,23346,23347,2,2
2025-02-12 15:05:54.340,23345,23347,23345,1,-1
2025-02-12 15:05:55.967,23345,23347,23347,1,1
2025-02-12 15:05:58.341,23345,23347,23345,1,-1
2025-02-12 15:06:04.205,23344,23347,23347,1,1
2025-02-12 15:06:14.421,23346,23348,23348,2,2
2025-02-12 15:06:14.421,23346,23348,23348,2,2
2025-02-12 15:06:14.421,23346,23348,23348,2,2
2025-02-12 15:06:14.475,23347,23349,23349,1,1
2025-02-12 15:06:14.476,23347,23349,23349,2,2
2025-02-12 15:06:15.439,23348,23350,23348,2,-2
2025-02-12 15:06:19.568,23348,23350,23350,2,2
2025-02-12 15:06:19.655,23348,23350,23350,1,1
2025-02-12 15:06:19.658,23348,23350,23350,6,6
2025-02-12 15:06:19.658,23348,23350,23350,2,2
2025-02-12 15:06:19.658,23348,23350,23350,1,1
2025-02-12 15:06:19.658,23348,23350,23350,1,1
2025-02-12 15:06:19.658,23348,23350,23350,1,1
2025-02-12 15:06:19.661,23348,23350,23351,4,4
2025-02-12 15:06:24.902,23350,23351,23350,2,-2
2025-02-12 15:06:24.975,23349,23351,23351,1,1
2025-02-12 15:06:24.975,23349,23351,23351,1,1
2025-02-12 15:06:24.976,23349,23351,23351,1,1
2025-02-12 15:06:24.977,23349,23351,23352,1,1
2025-02-12 15:06:24.981,23349,23351,23352,1,1
2025-02-12 15:06:25.260,23350,23352,23352,1,1
2025-02-12 15:06:25.695,23350,23352,23352,1,1
2025-02-12 15:06:25.901,23350,23353,23350,2,-2
2025-02-12 15:06:26.902,23350,23352,23350,1,-1
2025-02-12 15:06:28.612,23350,23352,23352,2,2
2025-02-12 15:06:28.902,23350,23353,23350,1,-1
2025-02-12 15:06:30.854,23351,23353,23353,4,4
2025-02-12 15:06:31.372,23352,23355,23352,1,-1
2025-02-12 15:06:33.353,23352,23354,23354,1,1
2025-02-12 15:06:38.517,23353,23355,23353,2,-2
2025-02-12 15:06:41.420,23352,23354,23354,5,5
2025-02-12 15:06:41.420,23352,23354,23355,3,3
2025-02-12 15:06:41.475,23352,23355,23355,1,1
2025-02-12 15:06:41.476,23352,23355,23355,1,1
2025-02-12 15:06:41.947,23353,23355,23353,1,-1
2025-02-12 15:06:43.178,23353,23355,23353,1,-1
2025-02-12 15:06:47.913,23352,23355,23352,2,-2
2025-02-12 15:06:49.722,23351,23354,23351,3,-3
2025-02-12 15:06:49.851,23350,23353,23353,1,1
2025-02-12 15:07:02.903,23351,23353,23351,5,-5
2025-02-12 15:07:09.932,23350,23351,23351,1,1
2025-02-12 15:07:14.602,23350,23351,23350,2,-2
2025-02-12 15:07:14.725,23349,23350,23350,1,1
2025-02-12 15:07:15.740,23349,23351,23349,1,-1
2025-02-12 15:07:19.190,23349,23351,23350,1,-1
2025-02-12 15:07:19.201,23349,23351,23349,1,-1
2025-02-12 15:07:20.262,23347,23350,23347,2,-2
2025-02-12 15:07:22.667,23348,23350,23349,1,-1
2025-02-12 15:07:25.056,23348,23349,23348,1,-1
2025-02-12 15:07:26.476,23345,23347,23345,1,-1
2025-02-12 15:07:29.247,23344,23347,23347,2,2
2025-02-12 15:07:37.731,23345,23347,23347,2,2
2025-02-12 15:07:38.074,23345,23349,23345,1,-1
2025-02-12 15:07:51.102,23347,23349,23347,2,-2
2025-02-12 15:07:56.062,23346,23348,23348,2,2
2025-02-12 15:07:56.062,23346,23348,23349,1,1
2025-02-12 15:07:56.446,23346,23349,23346,1,-1
2025-02-12 15:07:56.602,23346,23349,23349,3,3
2025-02-12 15:07:56.897,23347,23349,23349,3,3
2025-02-12 15:07:57.218,23347,23349,23349,1,1
2025-02-12 15:07:57.218,23347,23349,23350,2,2
2025-02-12 15:07:57.447,23347,23350,23347,1,-1
2025-02-12 15:07:57.627,23347,23350,23350,3,3
2025-02-12 15:07:59.298,23347,23350,23350,3,3
2025-02-12 15:08:11.297,23348,23349,23349,2,2
2025-02-12 15:08:11.351,23349,23350,23350,3,3
2025-02-12 15:08:16.568,23349,23351,23349,1,-1
2025-02-12 15:08:21.974,23349,23351,23351,1,1
2025-02-12 15:08:21.974,23349,23351,23351,1,1
2025-02-12 15:08:23.540,23349,23351,23350,1,1
2025-02-12 15:08:23.600,23349,23351,23351,1,1
2025-02-12 15:08:25.999,23349,23351,23349,1,-1
2025-02-12 15:08:27.398,23349,23351,23351,5,5
2025-02-12 15:08:28.875,23349,23350,23349,1,-1
2025-02-12 15:08:29.256,23349,23350,23348,2,-2
2025-02-12 15:08:29.256,23349,23350,23349,1,-1
2025-02-12 15:08:30.053,23346,23349,23346,1,-1
2025-02-12 15:08:30.310,23347,23348,23347,1,-1
2025-02-12 15:08:33.124,23345,23349,23345,1,-1
2025-02-12 15:08:33.515,23345,23348,23345,1,-1
2025-02-12 15:08:36.561,23345,23348,23345,2,-2
2025-02-12 15:08:38.033,23345,23348,23345,2,-2
2025-02-12 15:08:47.166,23345,23348,23345,1,-1
2025-02-12 15:08:50.875,23345,23348,23348,3,3
2025-02-12 15:08:50.875,23345,23348,23349,2,2
2025-02-12 15:08:51.010,23346,23348,23348,1,1
2025-02-12 15:08:54.411,23346,23349,23346,1,-1
2025-02-12 15:09:00.770,23346,23349,23349,1,1
2025-02-12 15:09:24.603,23346,23348,23346,1,-1
2025-02-12 15:09:24.703,23346,23348,23346,1,-1
2025-02-12 15:09:34.527,23346,23348,23346,1,-1
2025-02-12 15:09:47.933,23346,23347,23346,1,-1
2025-02-12 15:10:00.666,23345,23346,23345,1,-1
2025-02-12 15:10:00.666,23345,23346,23345,1,-1
2025-02-12 15:10:01.083,23344,23345,23345,1,1
2025-02-12 15:10:02.585,23344,23345,23345,2,2
2025-02-12 15:10:10.347,23344,23345,23344,1,-1
2025-02-12 15:10:15.695,23344,23345,23344,1,-1
2025-02-12 15:10:16.589,23344,23345,23344,1,-1
2025-02-12 15:10:17.221,23344,23345,23344,1,-1
2025-02-12 15:10:17.973,23344,23345,23344,1,-1
2025-02-12 15:10:18.652,23344,23345,23345,5,5
2025-02-12 15:10:19.331,23344,23345,23344,3,-3
2025-02-12 15:10:23.182,23344,23345,23345,1,1
2025-02-12 15:10:30.909,23344,23345,23345,1,1
2025-02-12 15:10:30.910,23344,23345,23345,3,3
2025-02-12 15:10:30.910,23344,23345,23345,1,1
2025-02-12 15:10:44.978,23344,23346,23345,4,4
2025-02-12 15:10:45.856,23344,23346,23345,1,1
2025-02-12 15:10:49.055,23344,23346,23346,1,1
2025-02-12 15:10:49.055,23344,23346,23346,1,1
2025-02-12 15:10:54.915,23346,23347,23347,4,4
2025-02-12 15:11:20.850,23346,23348,23348,1,1
2025-02-12 15:11:20.851,23346,23348,23348,1,1
2025-02-12 15:11:48.380,23347,23349,23347,1,-1
2025-02-12 15:11:48.380,23347,23349,23347,1,-1
2025-02-12 15:11:56.849,23346,23347,23346,1,-1
2025-02-12 15:12:06.267,23346,23347,23346,1,-1
2025-02-12 15:12:11.294,23345,23346,23346,1,1
2025-02-12 15:12:11.350,23345,23346,23346,1,1
2025-02-12 15:12:32.732,23345,23346,23345,1,-1
2025-02-12 15:12:32.733,23345,23346,23345,1,-1
2025-02-12 15:12:41.118,23344,23346,23344,3,-3
2025-02-12 15:12:56.973,23344,23345,23344,1,-1
2025-02-12 15:13:01.714,23344,23345,23344,1,-1
2025-02-12 15:13:04.041,23343,23344,23343,7,-7
2025-02-12 15:13:04.042,23343,23344,23342,1,-1
2025-02-12 15:13:04.128,23342,23343,23342,1,-1
2025-02-12 15:13:05.105,23342,23343,23343,1,1
2025-02-12 15:13:05.678,23342,23344,23342,1,-1
2025-02-12 15:13:06.565,23342,23344,23342,1,-1
2025-02-12 15:13:08.344,23341,23344,23341,1,-1
2025-02-12 15:13:08.368,23341,23344,23341,1,-1
2025-02-12 15:13:12.882,23341,23344,23341,1,-1
2025-02-12 15:13:24.884,23342,23343,23343,1,1
2025-02-12 15:13:25.994,23342,23344,23342,4,-4
2025-02-12 15:13:27.564,23341,23344,23341,5,-5
2025-02-12 15:13:29.579,23341,23343,23341,1,-1
2025-02-12 15:13:35.001,23341,23343,23339,2,-2
2025-02-12 15:13:35.001,23341,23343,23340,8,-8
2025-02-12 15:13:35.001,23341,23343,23341,1,-1
2025-02-12 15:13:35.233,23339,23341,23341,2,2
2025-02-12 15:13:36.109,23339,23341,23341,1,1
2025-02-12 15:13:47.202,23339,23340,23340,1,1
2025-02-12 15:13:51.118,23339,23340,23339,3,-3
2025-02-12 15:13:51.118,23339,23340,23338,2,-2
2025-02-12 15:13:51.118,23339,23340,23337,5,-5
2025-02-12 15:13:51.460,23337,23339,23339,1,1
2025-02-12 15:13:51.603,23337,23339,23337,1,-1
2025-02-12 15:13:55.368,23338,23340,23340,1,1
2025-02-12 15:13:55.368,23338,23340,23340,1,1
2025-02-12 15:14:02.689,23339,23341,23341,6,6
2025-02-12 15:14:08.804,23340,23342,23342,1,1
2025-02-12 15:14:24.100,23340,23342,23342,2,2
2025-02-12 15:14:29.403,23341,23343,23343,2,2
2025-02-12 15:14:39.349,23343,23345,23345,1,1
2025-02-12 15:14:39.349,23343,23345,23345,1,1
2025-02-12 15:14:43.012,23343,23345,23345,1,1
2025-02-12 15:14:47.347,23343,23345,23345,2,2
2025-02-12 15:14:50.145,23343,23345,23345,1,1
2025-02-12 15:14:52.460,23343,23345,23345,1,1
2025-02-12 15:15:02.602,23343,23345,23345,1,1
2025-02-12 15:15:03.433,23343,23345,23345,1,1
2025-02-12 15:15:03.433,23343,23345,23345,2,2
2025-02-12 15:15:03.442,23343,23345,23346,1,1
2025-02-12 15:15:03.475,23344,23346,23346,1,1
2025-02-12 15:15:12.176,23345,23346,23345,1,-1
2025-02-12 15:15:12.503,23344,23346,23346,1,1
2025-02-12 15:15:15.967,23344,23345,23344,1,-1
2025-02-12 15:15:30.727,23342,23344,23344,1,1
2025-02-12 15:15:41.483,23342,23344,23344,5,5
2025-02-12 15:15:43.726,23343,23345,23343,1,-1
2025-02-12 15:15:43.750,23343,23345,23343,1,-1
2025-02-12 15:15:43.753,23343,23345,23343,1,-1
2025-02-12 15:15:53.545,23343,23345,23343,3,-3
2025-02-12 15:16:07.437,23343,23345,23345,1,1
2025-02-12 15:16:08.409,23343,23344,23343,1,-1
2025-02-12 15:16:08.410,23343,23344,23343,1,-1
2025-02-12 15:16:08.906,23342,23343,23341,1,-1
2025-02-12 15:16:08.906,23342,23343,23342,7,-7
2025-02-12 15:16:08.907,23342,23343,23341,1,-1
2025-02-12 15:16:09.435,23340,23342,23342,4,4
2025-02-12 15:16:10.751,23340,23343,23342,1,1
2025-02-12 15:16:34.116,23340,23342,23340,1,-1
2025-02-12 15:16:35.659,23341,23342,23341,1,-1
2025-02-12 15:16:47.489,23340,23341,23341,1,1
2025-02-12 15:16:47.492,23340,23341,23342,4,4
2025-02-12 15:16:47.493,23340,23341,23343,1,1
2025-02-12 15:17:13.697,23341,23343,23343,1,1
2025-02-12 15:17:37.222,23341,23342,23341,2,-2
2025-02-12 15:17:38.099,23340,23342,23342,1,1
2025-02-12 15:17:38.100,23340,23342,23341,1,1
2025-02-12 15:17:38.101,23340,23342,23342,1,1
2025-02-12 15:17:38.121,23340,23342,23341,1,1
2025-02-12 15:17:39.898,23340,23341,23340,3,-3
2025-02-12 15:17:40.256,23340,23341,23340,1,-1
2025-02-12 15:17:40.669,23339,23341,23339,2,-2
2025-02-12 15:17:45.436,23339,23340,23339,2,-2
2025-02-12 15:17:45.436,23339,23340,23338,8,-8
2025-02-12 15:17:58.710,23338,23339,23339,1,1
2025-02-12 15:18:00.975,23338,23340,23340,1,1
2025-02-12 15:18:20.834,23341,23343,23341,1,-1
2025-02-12 15:18:34.583,23341,23343,23341,1,-1
2025-02-12 15:19:03.034,23341,23343,23341,1,-1
2025-02-12 15:19:05.202,23341,23343,23343,1,1
2025-02-12 15:19:05.202,23341,23343,23343,1,1
2025-02-12 15:19:05.230,23342,23344,23344,1,1
2025-02-12 15:19:37.478,23341,23343,23343,4,4
2025-02-12 15:19:37.478,23341,23343,23344,6,6
2025-02-12 15:19:37.478,23341,23343,23345,3,3
2025-02-12 15:19:37.638,23341,23344,23341,1,-1
2025-02-12 15:19:37.643,23341,23344,23341,1,-1
2025-02-12 15:19:37.647,23341,23344,23341,1,-1
2025-02-12 15:19:55.870,23342,23344,23344,1,1
2025-02-12 15:19:56.608,23343,23344,23343,1,-1
2025-02-12 15:19:59.049,23342,23344,23344,1,1
2025-02-12 15:20:11.827,23341,23342,23341,1,-1
2025-02-12 15:20:12.411,23341,23342,23341,1,-1
2025-02-12 15:20:48.138,23341,23343,23341,1,-1
2025-02-12 15:20:48.140,23341,23343,23340,1,-1
2025-02-12 15:20:48.140,23341,23343,23340,1,-1
2025-02-12 15:20:48.141,23341,23343,23340,1,-1
2025-02-12 15:21:37.857,23338,23340,23338,1,-1
2025-02-12 15:21:37.857,23338,23340,23338,7,-7
2025-02-12 15:21:37.880,23338,23340,23339,2,-2
2025-02-12 15:21:38.055,23336,23339,23339,1,1
2025-02-12 15:21:45.679,23337,23340,23337,1,-1
2025-02-12 15:22:01.380,23338,23340,23340,2,2
2025-02-12 15:22:21.898,23338,23341,23339,1,-1
2025-02-12 15:22:34.754,23339,23340,23339,1,-1
2025-02-12 15:22:40.947,23338,23339,23338,1,-1
2025-02-12 15:22:40.968,23338,23339,23338,1,-1
2025-02-12 15:22:42.415,23337,23338,23337,1,-1
2025-02-12 15:22:55.141,23337,23338,23337,1,-1
2025-02-12 15:23:04.603,23337,23338,23337,1,-1
2025-02-12 15:23:17.528,23337,23338,23337,1,-1
2025-02-12 15:23:17.528,23337,23338,23337,4,-4
2025-02-12 15:23:17.552,23337,23338,23337,1,-1
2025-02-12 15:23:17.628,23336,23338,23336,3,-3
2025-02-12 15:23:23.944,23335,23336,23335,1,-1
2025-02-12 15:23:24.013,23334,23336,23334,1,-1
2025-02-12 15:23:25.057,23334,23335,23334,1,-1
2025-02-12 15:23:25.653,23334,23335,23335,1,1
2025-02-12 15:23:25.834,23334,23336,23334,1,-1
2025-02-12 15:23:25.873,23334,23336,23336,1,1
2025-02-12 15:23:27.057,23334,23336,23334,1,-1
2025-02-12 15:23:29.964,23334,23335,23334,1,-1
2025-02-12 15:23:30.055,23334,23335,23334,1,-1
2025-02-12 15:23:35.232,23334,23335,23334,4,-4
2025-02-12 15:23:35.232,23334,23335,23333,19,-19
2025-02-12 15:23:35.232,23334,23335,23333,1,-1
2025-02-12 15:23:35.425,23332,23333,23332,1,-1
2025-02-12 15:23:35.429,23332,23333,23332,1,-1
2025-02-12 15:23:35.430,23332,23333,23332,12,-12
2025-02-12 15:23:35.485,23331,23332,23331,1,-1
2025-02-12 15:23:35.485,23331,23332,23330,3,-3
2025-02-12 15:23:35.498,23331,23332,23328,1,-1
2025-02-12 15:23:35.498,23331,23332,23329,1,-1
2025-02-12 15:23:35.498,23331,23332,23330,5,-5
2025-02-12 15:23:35.500,23331,23332,23329,1,-1
2025-02-12 15:23:35.611,23328,23330,23329,1,-1
2025-02-12 15:23:35.611,23328,23330,23328,2,-2
2025-02-12 15:23:35.625,23328,23330,23328,1,-1
2025-02-12 15:23:35.662,23328,23330,23328,1,-1
2025-02-12 15:23:35.686,23328,23330,23331,1,1
2025-02-12 15:23:35.695,23328,23330,23328,2,-2
2025-02-12 15:23:35.721,23328,23330,23328,2,-2
2025-02-12 15:23:35.731,23327,23331,23328,2,-2
2025-02-12 15:23:35.786,23327,23331,23328,2,-2
2025-02-12 15:23:35.962,23328,23330,23328,1,-1
2025-02-12 15:23:36.780,23329,23331,23331,1,1
2025-02-12 15:23:36.789,23329,23331,23329,2,-2
2025-02-12 15:23:44.529,23329,23330,23329,1,-1
2025-02-12 15:23:46.090,23329,23330,23329,2,-2
2025-02-12 15:23:46.091,23329,23330,23330,1,1
2025-02-12 15:23:48.787,23329,23332,23332,1,1
2025-02-12 15:23:52.540,23331,23332,23331,1,-1
2025-02-12 15:23:53.540,23331,23332,23331,1,-1
2025-02-12 15:23:55.968,23330,23331,23330,1,-1
2025-02-12 15:23:56.203,23330,23331,23331,1,1
2025-02-12 15:23:57.448,23330,23331,23330,1,-1
2025-02-12 15:23:59.725,23330,23331,23330,1,-1
2025-02-12 15:23:59.902,23330,23331,23330,1,-1
2025-02-12 15:23:59.903,23330,23331,23329,18,-18
2025-02-12 15:23:59.926,23330,23331,23328,1,-1
2025-02-12 15:24:00.017,23327,23328,23328,1,1
2025-02-12 15:24:00.890,23327,23328,23327,1,-1
2025-02-12 15:24:03.445,23327,23328,23327,1,-1
2025-02-12 15:24:03.445,23327,23328,23327,4,-4
2025-02-12 15:24:03.445,23327,23328,23327,1,-1
2025-02-12 15:24:03.445,23327,23328,23327,1,-1
2025-02-12 15:24:03.445,23327,23328,23327,6,-6
2025-02-12 15:24:03.445,23327,23328,23326,1,-1
2025-02-12 15:24:03.446,23327,23328,23326,1,-1
2025-02-12 15:24:03.671,23325,23326,23325,2,-2
2025-02-12 15:24:03.762,23323,23324,23323,1,-1
2025-02-12 15:24:03.934,23322,23324,23322,1,-1
2025-02-12 15:24:04.404,23323,23325,23325,2,2
2025-02-12 15:24:05.197,23324,23326,23324,1,-1
2025-02-12 15:24:05.197,23324,23326,23323,3,-3
2025-02-12 15:24:05.197,23324,23326,23322,1,-1
2025-02-12 15:24:09.287,23322,23325,23322,2,-2
2025-02-12 15:24:10.996,23323,23325,23323,1,-1
2025-02-12 15:24:13.505,23324,23325,23324,2,-2
2025-02-12 15:24:15.551,23323,23325,23324,1,-1
2025-02-12 15:24:16.417,23323,23325,23323,1,-1
2025-02-12 15:24:18.893,23324,23325,23324,1,-1
2025-02-12 15:24:20.431,23324,23325,23324,1,-1
2025-02-12 15:24:20.857,23323,23325,23323,1,-1
2025-02-12 15:24:22.005,23323,23325,23322,1,-1
2025-02-12 15:24:22.005,23323,23325,23323,2,-2
2025-02-12 15:24:23.925,23323,23325,23323,1,-1
2025-02-12 15:24:24.528,23322,23324,23322,4,-4
2025-02-12 15:24:30.072,23322,23324,23322,1,-1
2025-02-12 15:24:32.046,23321,23323,23321,1,-1
2025-02-12 15:24:32.291,23321,23323,23321,1,-1
2025-02-12 15:24:34.357,23321,23322,23321,1,-1
2025-02-12 15:24:34.358,23321,23322,23321,2,-2
2025-02-12 15:24:36.323,23321,23322,23321,1,-1
2025-02-12 15:24:36.585,23321,23322,23321,1,-1
2025-02-12 15:24:48.928,23321,23322,23322,1,1
2025-02-12 15:24:53.212,23321,23322,23322,1,1
2025-02-12 15:24:54.119,23321,23322,23322,1,1
2025-02-12 15:24:57.204,23321,23323,23323,1,1
2025-02-12 15:24:59.211,23321,23323,23321,1,-1
2025-02-12 15:24:59.999,23321,23323,23323,6,6
2025-02-12 15:25:00.000,23321,23323,23323,1,1
2025-02-12 15:25:00.000,23321,23323,23323,1,1
2025-02-12 15:25:00.193,23323,23324,23323,2,-2
2025-02-12 15:25:00.193,23323,23324,23322,1,-1
2025-02-12 15:25:02.290,23321,23324,23323,2,2
2025-02-12 15:25:06.175,23322,23324,23322,1,-1
2025-02-12 15:25:09.972,23322,23323,23322,1,-1
2025-02-12 15:25:14.046,23321,23322,23321,6,-6
2025-02-12 15:25:14.417,23320,23321,23321,1,1
2025-02-12 15:25:15.943,23320,23321,23320,1,-1
2025-02-12 15:25:16.044,23320,23321,23320,1,-1
2025-02-12 15:25:16.421,23320,23321,23321,1,1
2025-02-12 15:25:17.995,23320,23321,23321,1,1
2025-02-12 15:25:18.161,23320,23323,23321,2,-2
2025-02-12 15:25:20.204,23321,23324,23321,1,-1
2025-02-12 15:25:21.924,23321,23323,23321,1,-1
2025-02-12 15:25:26.324,23321,23323,23321,1,-1
2025-02-12 15:25:31.216,23321,23323,23322,1,-1
2025-02-12 15:25:32.252,23321,23323,23321,4,-4
2025-02-12 15:25:32.252,23321,23323,23320,1,-1
2025-02-12 15:25:38.611,23321,23323,23321,2,-2
2025-02-12 15:25:39.053,23321,23323,23321,2,-2
2025-02-12 15:25:39.053,23321,23323,23320,3,-3
2025-02-12 15:25:44.623,23321,23322,23321,1,-1
2025-02-12 15:25:45.616,23321,23322,23321,1,-1
2025-02-12 15:25:47.552,23320,23322,23322,1,1
2025-02-12 15:25:48.750,23321,23323,23321,2,-2
2025-02-12 15:25:49.003,23320,23323,23323,1,1
2025-02-12 15:25:52.986,23322,23323,23323,1,1
2025-02-12 15:25:52.987,23322,23323,23323,1,1
2025-02-12 15:25:52.987,23322,23323,23323,1,1
2025-02-12 15:25:52.987,23322,23323,23323,2,2
2025-02-12 15:25:55.569,23322,23324,23322,1,-1
2025-02-12 15:26:02.037,23323,23324,23323,1,-1
2025-02-12 15:26:08.910,23323,23324,23324,1,1
2025-02-12 15:26:08.911,23323,23324,23324,1,1
2025-02-12 15:26:19.853,23323,23325,23323,5,-5
2025-02-12 15:26:33.852,23324,23325,23325,1,1
2025-02-12 15:26:40.568,23326,23328,23328,1,1
2025-02-12 15:26:40.626,23326,23328,23328,7,7
2025-02-12 15:27:05.175,23328,23329,23329,1,1
2025-02-12 15:27:05.177,23328,23329,23330,3,3
2025-02-12 15:27:05.177,23328,23329,23330,2,2
2025-02-12 15:27:05.925,23330,23332,23330,1,-1
2025-02-12 15:27:07.249,23331,23332,23332,2,2
2025-02-12 15:27:07.249,23331,23332,23332,1,1
2025-02-12 15:27:11.035,23332,23333,23332,1,-1
2025-02-12 15:27:12.764,23332,23333,23332,1,-1
2025-02-12 15:27:15.089,23332,23333,23332,1,-1
2025-02-12 15:27:22.323,23330,23332,23332,4,4
2025-02-12 15:27:22.496,23332,23333,23332,1,-1
2025-02-12 15:27:23.048,23332,23333,23333,1,1
2025-02-12 15:27:28.826,23332,23333,23333,1,1
2025-02-12 15:27:31.281,23333,23334,23333,1,-1
2025-02-12 15:27:31.282,23333,23334,23333,2,-2
2025-02-12 15:27:48.269,23333,23334,23333,1,-1
2025-02-12 15:27:54.338,23332,23333,23332,1,-1
2025-02-12 15:27:54.338,23332,23333,23332,1,-1
2025-02-12 15:27:57.031,23331,23332,23331,1,-1
2025-02-12 15:28:11.908,23330,23332,23330,1,-1
2025-02-12 15:28:16.177,23329,23332,23329,3,-3
2025-02-12 15:28:16.678,23329,23331,23331,1,1
2025-02-12 15:28:32.652,23329,23331,23330,1,1
2025-02-12 15:28:34.330,23329,23330,23330,1,1
2025-02-12 15:28:39.660,23329,23331,23329,1,-1
2025-02-12 15:28:48.729,23330,23331,23331,1,1
2025-02-12 15:29:00.467,23329,23330,23330,2,2
2025-02-12 15:29:21.620,23329,23331,23329,2,-2
2025-02-12 15:29:30.945,23329,23330,23329,1,-1
2025-02-12 15:29:38.785,23328,23330,23330,1,1
2025-02-12 15:29:40.255,23328,23329,23328,1,-1
2025-02-12 15:29:40.289,23328,23329,23329,3,3
2025-02-12 15:29:53.500,23329,23330,23329,1,-1
2025-02-12 15:29:55.887,23329,23330,23329,1,-1
2025-02-12 15:29:55.887,23329,23330,23328,1,-1
2025-02-12 15:29:55.887,23329,23330,23328,1,-1
2025-02-12 15:29:55.888,23329,23330,23327,2,-2
2025-02-12 15:29:58.628,23325,23326,23326,1,1
2025-02-12 15:29:59.085,23325,23327,23325,1,-1
2025-02-12 15:29:59.126,23325,23327,23325,1,-1
2025-02-12 15:29:59.126,23325,23327,23324,1,-1
2025-02-12 15:29:59.128,23325,23327,23324,1,-1
2025-02-12 15:29:59.128,23325,23327,23323,1,-1
2025-02-12 15:29:59.130,23325,23327,23322,1,-1
2025-02-12 15:29:59.130,23325,23327,23321,1,-1
2025-02-12 15:29:59.146,23325,23327,23321,1,-1
2025-02-12 15:30:00.083,23322,23324,23322,1,-1
2025-02-12 15:30:00.564,23321,23324,23321,1,-1
2025-02-12 15:30:08.685,23321,23324,23321,2,-2
2025-02-12 15:30:09.073,23321,23323,23321,1,-1
2025-02-12 15:30:10.573,23321,23324,23321,6,-6
2025-02-12 15:30:10.574,23321,23324,23321,1,-1
2025-02-12 15:30:11.628,23321,23323,23321,1,-1
2025-02-12 15:30:11.628,23321,23323,23320,5,-5
2025-02-12 15:30:11.628,23321,23323,23319,2,-2
2025-02-12 15:30:11.790,23319,23322,23319,4,-4
2025-02-12 15:30:11.790,23319,23322,23318,2,-2
2025-02-12 15:30:11.875,23318,23321,23318,1,-1
2025-02-12 15:30:11.944,23318,23321,23320,1,1
2025-02-12 15:30:11.978,23318,23321,23318,1,-1
2025-02-12 15:30:13.724,23319,23321,23321,1,1
2025-02-12 15:30:18.653,23319,23321,23321,2,2
2025-02-12 15:30:24.164,23318,23319,23319,1,1
2025-02-12 15:30:26.537,23318,23320,23320,1,1
2025-02-12 15:30:41.585,23320,23321,23320,1,-1
2025-02-12 15:30:48.407,23320,23321,23320,1,-1
2025-02-12 15:30:49.233,23320,23321,23321,2,2
2025-02-12 15:30:52.200,23320,23322,23322,2,2
2025-02-12 15:31:01.270,23322,23324,23323,1,1
2025-02-12 15:31:01.613,23322,23323,23322,1,-1
2025-02-12 15:31:01.844,23322,23323,23322,1,-1
2025-02-12 15:31:01.845,23322,23323,23322,1,-1
2025-02-12 15:31:04.384,23320,23321,23320,7,-7
2025-02-12 15:31:04.555,23319,23320,23319,1,-1
2025-02-12 15:31:06.329,23318,23319,23319,1,1
2025-02-12 15:31:14.814,23318,23319,23318,1,-1
2025-02-12 15:31:15.204,23318,23319,23319,1,1
2025-02-12 15:31:17.813,23319,23321,23319,1,-1
2025-02-12 15:31:21.103,23318,23320,23318,1,-1
2025-02-12 15:31:27.980,23318,23320,23318,1,-1
2025-02-12 15:31:28.748,23318,23320,23318,1,-1
2025-02-12 15:31:29.298,23318,23319,23318,1,-1
2025-02-12 15:31:30.297,23318,23319,23318,1,-1
2025-02-12 15:31:30.772,23318,23319,23318,1,-1
2025-02-12 15:31:31.585,23318,23319,23318,1,-1
2025-02-12 15:31:31.588,23318,23319,23316,15,-15
2025-02-12 15:31:32.115,23315,23316,23316,1,1
2025-02-12 15:31:34.347,23315,23317,23315,1,-1
2025-02-12 15:31:34.423,23315,23317,23315,1,-1
2025-02-12 15:31:34.700,23315,23317,23315,1,-1
2025-02-12 15:31:36.873,23315,23317,23315,1,-1
2025-02-12 15:31:39.426,23315,23318,23315,1,-1
2025-02-12 15:31:41.445,23315,23317,23315,1,-1
2025-02-12 15:31:41.938,23314,23317,23315,1,-1
2025-02-12 15:31:45.891,23314,23316,23316,1,1
2025-02-12 15:31:47.127,23315,23317,23317,1,1
2025-02-12 15:31:52.265,23317,23319,23317,2,-2
2025-02-12 15:31:57.965,23317,23319,23317,4,-4
2025-02-12 15:31:57.965,23317,23319,23317,1,-1
2025-02-12 15:32:05.721,23315,23317,23317,1,1
2025-02-12 15:32:06.709,23315,23317,23316,1,1
2025-02-12 15:32:12.305,23316,23317,23316,1,-1
2025-02-12 15:32:13.166,23316,23317,23316,1,-1
2025-02-12 15:32:13.166,23316,23317,23315,1,-1
2025-02-12 15:32:16.798,23316,23317,23316,1,-1
2025-02-12 15:32:16.798,23316,23317,23316,1,-1
2025-02-12 15:32:16.798,23316,23317,23316,1,-1
2025-02-12 15:32:19.666,23315,23316,23315,1,-1
2025-02-12 15:32:27.335,23315,23316,23315,2,-2
2025-02-12 15:32:30.453,23315,23316,23315,1,-1
2025-02-12 15:32:31.861,23315,23316,23316,1,1
2025-02-12 15:32:31.862,23315,23316,23316,1,1
2025-02-12 15:32:34.832,23316,23317,23316,1,-1
2025-02-12 15:32:41.428,23316,23317,23316,2,-2
2025-02-12 15:32:47.677,23315,23317,23316,1,-1
2025-02-12 15:32:52.139,23315,23317,23317,1,1
2025-02-12 15:32:57.335,23315,23317,23317,1,1
2025-02-12 15:32:57.452,23316,23319,23317,1,-1
2025-02-12 15:33:00.027,23316,23319,23316,1,-1
2025-02-12 15:33:03.510,23316,23319,23316,1,-1
2025-02-12 15:33:29.883,23317,23319,23319,1,1
2025-02-12 15:33:37.336,23318,23319,23319,1,1
2025-02-12 15:33:39.434,23318,23320,23319,1,1
2025-02-12 15:33:56.994,23319,23320,23319,3,-3
2025-02-12 15:33:56.995,23319,23320,23319,1,-1
2025-02-12 15:34:02.341,23316,23318,23317,1,-1
2025-02-12 15:34:30.528,23317,23318,23317,2,-2
2025-02-12 15:34:41.334,23317,23318,23318,1,1
2025-02-12 15:34:54.651,23318,23319,23318,1,-1
2025-02-12 15:35:15.699,23317,23319,23319,1,1
2025-02-12 15:35:35.414,23317,23319,23319,1,1
2025-02-12 15:35:43.854,23317,23319,23319,1,1
2025-02-12 15:35:48.609,23317,23320,23319,1,1
2025-02-12 15:35:48.609,23317,23320,23319,1,1
2025-02-12 15:36:00.652,23319,23320,23320,5,5
2025-02-12 15:36:01.479,23319,23320,23319,1,-1
2025-02-12 15:36:03.948,23319,23320,23319,1,-1
2025-02-12 15:36:07.885,23319,23320,23320,11,11
2025-02-12 15:36:12.091,23320,23321,23321,1,1
2025-02-12 15:36:16.398,23320,23321,23320,2,-2
2025-02-12 15:36:19.420,23319,23321,23319,11,-11
2025-02-12 15:36:19.421,23319,23321,23317,2,-2
2025-02-12 15:36:19.421,23319,23321,23318,1,-1
2025-02-12 15:36:27.366,23317,23318,23317,1,-1
2025-02-12 15:36:29.628,23317,23318,23317,1,-1
2025-02-12 15:36:30.685,23316,23318,23318,1,1
2025-02-12 15:36:33.869,23316,23318,23316,1,-1
2025-02-12 15:36:33.870,23316,23318,23316,1,-1
2025-02-12 15:36:33.870,23316,23318,23316,1,-1
2025-02-12 15:36:33.870,23316,23318,23316,1,-1
2025-02-12 15:36:33.870,23316,23318,23316,1,-1
2025-02-12 15:36:45.991,23314,23316,23316,3,3
2025-02-12 15:36:53.775,23316,23318,23318,1,1
2025-02-12 15:36:58.399,23319,23321,23319,1,-1
2025-02-12 15:37:08.292,23319,23320,23319,1,-1
2025-02-12 15:37:26.517,23320,23321,23321,1,1
2025-02-12 15:37:30.545,23320,23321,23321,1,1
2025-02-12 15:37:34.546,23321,23323,23323,1,1
2025-02-12 15:37:38.547,23322,23323,23323,1,1
2025-02-12 15:37:39.350,23322,23323,23323,1,1
2025-02-12 15:37:39.350,23322,23323,23323,1,1
2025-02-12 15:37:39.351,23322,23323,23323,1,1
2025-02-12 15:37:44.224,23325,23327,23325,2,-2
2025-02-12 15:37:44.400,23325,23327,23326,1,-1
2025-02-12 15:37:44.402,23325,23327,23325,1,-1
2025-02-12 15:37:44.403,23325,23327,23325,1,-1
2025-02-12 15:37:44.949,23324,23325,23325,1,1
2025-02-12 15:37:48.391,23324,23325,23324,1,-1
2025-02-12 15:37:50.780,23322,23325,23322,1,-1
2025-02-12 15:37:55.993,23323,23325,23325,1,1
2025-02-12 15:38:04.456,23323,23324,23324,1,1
2025-02-12 15:38:08.540,23323,23325,23323,5,-5
2025-02-12 15:38:12.858,23320,23322,23322,1,1
2025-02-12 15:38:28.163,23320,23322,23322,1,1
2025-02-12 15:38:43.468,23321,23322,23322,1,1
2025-02-12 15:38:43.839,23321,23322,23322,2,2
2025-02-12 15:38:49.930,23322,23323,23322,5,-5
2025-02-12 15:39:00.073,23320,23321,23321,1,1
2025-02-12 15:39:02.362,23320,23321,23321,1,1
2025-02-12 15:39:09.585,23321,23323,23321,1,-1
2025-02-12 15:40:15.336,23323,23324,23324,1,1
2025-02-12 15:40:15.479,23324,23325,23323,1,-1
2025-02-12 15:40:38.908,23324,23325,23325,1,1
2025-02-12 15:40:39.779,23324,23326,23324,1,-1
2025-02-12 15:40:45.428,23325,23326,23325,1,-1
2025-02-12 15:40:55.320,23324,23325,23325,2,2
2025-02-12 15:40:55.811,23325,23326,23326,1,1
2025-02-12 15:40:55.811,23325,23326,23326,1,1
2025-02-12 15:40:58.669,23326,23327,23326,2,-2
2025-02-12 15:41:00.969,23325,23327,23327,1,1
2025-02-12 15:41:23.156,23325,23327,23327,1,1
2025-02-12 15:41:35.599,23327,23328,23327,2,-2
2025-02-12 15:41:42.441,23327,23328,23328,1,1
2025-02-12 15:41:44.439,23328,23329,23329,51,51
2025-02-12 15:41:44.440,23328,23329,23330,1,1
2025-02-12 15:41:44.440,23328,23329,23330,5,5
2025-02-12 15:41:44.440,23328,23329,23330,1,1
2025-02-12 15:41:44.440,23328,23329,23330,2,2
2025-02-12 15:41:44.440,23328,23329,23330,2,2
2025-02-12 15:41:44.441,23328,23329,23331,1,1
2025-02-12 15:41:47.285,23330,23332,23332,2,2
2025-02-12 15:41:47.325,23330,23332,23330,1,-1
2025-02-12 15:41:47.378,23330,23333,23333,2,2
2025-02-12 15:41:47.492,23330,23333,23333,1,1
2025-02-12 15:41:47.508,23330,23333,23333,1,1
2025-02-12 15:41:47.508,23330,23333,23334,1,1
2025-02-12 15:41:47.599,23331,23334,23334,1,1
2025-02-12 15:41:47.622,23331,23334,23334,7,7
2025-02-12 15:41:48.155,23332,23334,23332,1,-1
2025-02-12 15:41:51.330,23331,23333,23331,1,-1
2025-02-12 15:41:51.840,23331,23333,23333,2,2
2025-02-12 15:41:53.005,23331,23333,23333,1,1
2025-02-12 15:42:14.035,23332,23333,23333,2,2
2025-02-12 15:42:14.035,23332,23333,23333,3,3
2025-02-12 15:42:15.267,23332,23334,23334,1,1
2025-02-12 15:42:15.268,23332,23334,23334,1,1
2025-02-12 15:42:15.268,23332,23334,23334,1,1
2025-02-12 15:42:15.350,23333,23335,23335,1,1
2025-02-12 15:42:19.062,23334,23335,23335,1,1
2025-02-12 15:42:19.112,23334,23335,23335,1,1
2025-02-12 15:42:20.467,23334,23335,23335,1,1
2025-02-12 15:42:21.555,23334,23335,23335,1,1
2025-02-12 15:42:21.873,23334,23336,23336,1,1
2025-02-12 15:42:25.360,23334,23335,23335,2,2
2025-02-12 15:42:25.360,23334,23335,23336,1,1
2025-02-12 15:42:26.205,23334,23336,23334,2,-2
2025-02-12 15:42:26.417,23333,23335,23333,2,-2
2025-02-12 15:42:26.930,23332,23335,23335,1,1
2025-02-12 15:42:32.092,23333,23336,23333,1,-1
2025-02-12 15:42:35.984,23333,23335,23335,1,1
2025-02-12 15:42:39.751,23335,23336,23336,1,1
2025-02-12 15:42:42.171,23335,23336,23336,2,2
2025-02-12 15:42:53.353,23336,23337,23337,1,1
2025-02-12 15:42:58.241,23336,23337,23337,1,1
2025-02-12 15:42:59.784,23336,23337,23336,1,-1
2025-02-12 15:43:04.067,23336,23337,23336,1,-1
2025-02-12 15:43:20.068,23336,23337,23336,1,-1
2025-02-12 15:43:20.068,23336,23337,23336,3,-3
2025-02-12 15:43:26.541,23335,23337,23335,1,-1
2025-02-12 15:43:28.584,23335,23337,23335,3,-3
2025-02-12 15:43:28.584,23335,23337,23334,1,-1
2025-02-12 15:43:41.973,23335,23336,23336,1,1
2025-02-12 15:43:41.974,23335,23336,23336,1,1
2025-02-12 15:43:42.977,23335,23337,23337,1,1
2025-02-12 15:43:42.977,23335,23337,23337,5,5
2025-02-12 15:43:42.977,23335,23337,23337,4,4
2025-02-12 15:43:42.978,23335,23337,23338,1,1
2025-02-12 15:43:42.982,23335,23337,23338,3,3
2025-02-12 15:43:43.148,23337,23339,23339,1,1
2025-02-12 15:43:43.148,23337,23339,23339,1,1
2025-02-12 15:43:43.148,23337,23339,23339,1,1
2025-02-12 15:43:43.148,23337,23339,23339,1,1
2025-02-12 15:43:43.201,23337,23339,23340,1,1
2025-02-12 15:43:45.085,23338,23340,23340,1,1
2025-02-12 15:43:45.090,23338,23340,23340,6,6
2025-02-12 15:43:54.976,23339,23340,23339,1,-1
2025-02-12 15:43:54.976,23339,23340,23338,1,-1
2025-02-12 15:43:56.665,23337,23340,23339,2,2
2025-02-12 15:44:04.685,23339,23340,23340,1,1
2025-02-12 15:44:05.859,23339,23340,23340,1,1
2025-02-12 15:44:07.940,23339,23340,23339,1,-1
2025-02-12 15:44:07.941,23339,23340,23339,1,-1
2025-02-12 15:44:10.834,23338,23340,23338,1,-1
2025-02-12 15:44:14.510,23339,23340,23340,10,10
2025-02-12 15:44:14.512,23339,23340,23341,1,1
2025-02-12 15:44:14.745,23340,23341,23341,1,1
2025-02-12 15:44:14.745,23340,23341,23342,1,1
2025-02-12 15:44:25.557,23340,23342,23342,2,2
2025-02-12 15:44:29.985,23341,23343,23343,1,1
2025-02-12 15:44:30.931,23341,23343,23341,1,-1
2025-02-12 15:44:32.203,23341,23342,23342,1,1
2025-02-12 15:44:33.909,23342,23343,23342,2,-2
2025-02-12 15:44:34.757,23341,23343,23341,2,-2
2025-02-12 15:44:34.761,23341,23343,23340,1,-1
2025-02-12 15:44:38.981,23340,23341,23340,5,-5
2025-02-12 15:44:40.229,23339,23340,23340,1,1
2025-02-12 15:44:40.456,23339,23340,23340,1,1
2025-02-12 15:44:43.864,23339,23340,23339,1,-1
2025-02-12 15:44:49.326,23339,23340,23340,4,4
2025-02-12 15:44:53.934,23339,23341,23340,1,1
2025-02-12 15:45:02.729,23340,23341,23341,1,1
2025-02-12 15:45:02.729,23340,23341,23341,2,2
2025-02-12 15:45:03.139,23340,23342,23342,1,1
2025-02-12 15:45:03.139,23340,23342,23343,1,1
2025-02-12 15:45:03.144,23340,23342,23343,2,2
2025-02-12 15:45:05.315,23340,23343,23340,3,-3
2025-02-12 15:45:05.391,23340,23342,23340,1,-1
2025-02-12 15:45:12.739,23340,23341,23340,1,-1
2025-02-12 15:45:12.739,23340,23341,23340,1,-1
2025-02-12 15:45:12.739,23340,23341,23340,1,-1
2025-02-12 15:45:12.739,23340,23341,23340,1,-1
2025-02-12 15:45:12.976,23339,23341,23341,1,1
2025-02-12 15:45:18.326,23341,23343,23341,1,-1
2025-02-12 15:45:21.688,23341,23342,23341,1,-1
2025-02-12 15:45:24.523,23341,23342,23342,1,1
2025-02-12 15:45:26.930,23341,23342,23342,1,1
2025-02-12 15:45:31.927,23342,23343,23343,2,2
2025-02-12 15:45:33.540,23343,23344,23344,2,2
2025-02-12 15:45:33.540,23343,23344,23345,1,1
2025-02-12 15:45:33.629,23343,23345,23345,1,1
2025-02-12 15:45:33.631,23343,23345,23345,1,1
2025-02-12 15:45:33.631,23343,23345,23346,1,1
2025-02-12 15:45:33.766,23343,23346,23346,1,1
2025-02-12 15:45:41.260,23344,23346,23346,2,2
2025-02-12 15:45:43.261,23345,23346,23346,1,1
2025-02-12 15:45:44.149,23345,23346,23345,1,-1
2025-02-12 15:45:49.628,23345,23346,23346,1,1
2025-02-12 15:45:53.154,23346,23347,23347,2,2
2025-02-12 15:45:53.288,23346,23347,23347,1,1
2025-02-12 15:45:53.297,23346,23347,23347,1,1
2025-02-12 15:45:55.489,23346,23347,23347,2,2
2025-02-12 15:46:00.863,23346,23347,23347,1,1
2025-02-12 15:46:00.977,23346,23347,23347,1,1
2025-02-12 15:46:02.493,23346,23347,23347,2,2
2025-02-12 15:46:12.680,23346,23347,23346,2,-2
2025-02-12 15:46:14.589,23345,23346,23345,1,-1
2025-02-12 15:46:14.595,23345,23346,23345,3,-3
2025-02-12 15:46:14.595,23345,23346,23346,5,5
2025-02-12 15:46:14.600,23345,23346,23347,1,1
2025-02-12 15:46:14.601,23345,23346,23347,1,1
2025-02-12 15:46:18.044,23346,23347,23347,2,2
2025-02-12 15:46:19.301,23347,23348,23347,1,-1
2025-02-12 15:46:19.349,23347,23348,23348,1,1
2025-02-12 15:46:19.485,23347,23348,23347,1,-1
2025-02-12 15:46:20.609,23346,23348,23348,8,8
2025-02-12 15:46:34.535,23348,23349,23348,1,-1
2025-02-12 15:46:34.535,23348,23349,23348,1,-1
2025-02-12 15:46:43.608,23347,23348,23348,1,1
2025-02-12 15:46:43.725,23347,23349,23349,1,1
2025-02-12 15:46:43.726,23347,23349,23349,1,1
2025-02-12 15:46:43.727,23347,23349,23349,1,1
2025-02-12 15:46:46.859,23348,23349,23349,2,2
2025-02-12 15:46:47.001,23348,23350,23350,1,1
2025-02-12 15:46:47.020,23348,23350,23350,13,13
2025-02-12 15:46:47.029,23348,23350,23350,3,3
2025-02-12 15:46:47.164,23349,23351,23351,1,1
2025-02-12 15:46:51.966,23348,23350,23350,1,1
2025-02-12 15:46:53.590,23349,23350,23349,2,-2
2025-02-12 15:46:54.902,23348,23350,23350,1,1
2025-02-12 15:46:57.921,23349,23350,23350,1,1
2025-02-12 15:46:58.970,23349,23351,23349,1,-1
2025-02-12 15:46:59.549,23349,23351,23351,1,1
2025-02-12 15:47:03.152,23350,23351,23351,1,1
2025-02-12 15:47:03.269,23350,23351,23351,2,2
2025-02-12 15:47:03.269,23350,23351,23352,1,1
2025-02-12 15:47:03.354,23350,23352,23352,1,1
2025-02-12 15:47:06.128,23350,23352,23350,1,-1
2025-02-12 15:47:10.765,23351,23352,23352,8,8
2025-02-12 15:47:10.766,23351,23352,23352,1,1
2025-02-12 15:47:10.767,23351,23352,23353,3,3
2025-02-12 15:47:12.962,23352,23354,23354,1,1
2025-02-12 15:47:16.185,23352,23353,23353,1,1
2025-02-12 15:47:17.063,23352,23355,23355,1,1
2025-02-12 15:47:17.105,23352,23355,23355,1,1
2025-02-12 15:47:17.802,23352,23355,23352,1,-1
2025-02-12 15:47:21.491,23352,23353,23353,1,1
2025-02-12 15:47:23.095,23354,23356,23355,5,5
2025-02-12 15:47:23.114,23354,23356,23356,1,1
2025-02-12 15:47:23.114,23354,23356,23356,1,1
2025-02-12 15:47:23.114,23354,23356,23356,1,1
2025-02-12 15:47:23.259,23354,23357,23357,1,1
2025-02-12 15:47:24.354,23354,23357,23354,1,-1
2025-02-12 15:47:24.484,23353,23355,23355,1,1
2025-02-12 15:47:25.348,23354,23356,23354,1,-1
2025-02-12 15:47:32.612,23354,23355,23354,1,-1
2025-02-12 15:47:34.540,23353,23354,23354,1,1
2025-02-12 15:47:35.448,23353,23355,23353,1,-1
2025-02-12 15:47:37.272,23354,23355,23354,1,-1
2025-02-12 15:47:40.067,23353,23354,23354,2,2
2025-02-12 15:47:40.067,23353,23354,23355,1,1
2025-02-12 15:47:41.354,23353,23355,23353,1,-1
2025-02-12 15:47:45.999,23353,23355,23355,1,1
2025-02-12 15:47:48.984,23353,23355,23353,1,-1
2025-02-12 15:47:57.576,23353,23354,23353,1,-1
2025-02-12 15:47:57.576,23353,23354,23353,4,-4
2025-02-12 15:47:57.576,23353,23354,23353,5,-5
2025-02-12 15:47:59.466,23352,23353,23353,1,1
2025-02-12 15:48:03.306,23352,23353,23352,1,-1
2025-02-12 15:48:03.351,23351,23353,23353,1,1
2025-02-12 15:48:03.351,23351,23353,23353,1,1
2025-02-12 15:48:03.354,23351,23353,23353,1,1
2025-02-12 15:48:03.355,23351,23353,23355,1,1
2025-02-12 15:48:06.166,23351,23353,23351,1,-1
2025-02-12 15:48:10.262,23351,23352,23352,1,1
2025-02-12 15:48:10.350,23351,23352,23352,1,1
2025-02-12 15:48:10.351,23351,23352,23352,1,1
2025-02-12 15:48:13.976,23351,23352,23351,1,-1
2025-02-12 15:48:15.270,23351,23352,23351,2,-2
2025-02-12 15:48:15.824,23350,23351,23351,1,1
2025-02-12 15:48:21.178,23350,23352,23350,2,-2
2025-02-12 15:48:21.179,23350,23352,23350,1,-1
2025-02-12 15:48:24.268,23349,23351,23349,1,-1
2025-02-12 15:48:24.350,23348,23351,23351,1,1
2025-02-12 15:48:24.350,23348,23351,23351,1,1
2025-02-12 15:48:24.351,23348,23351,23351,1,1
2025-02-12 15:48:24.351,23348,23351,23351,1,1
2025-02-12 15:48:24.351,23348,23351,23352,1,1
2025-02-12 15:48:24.351,23348,23351,23352,1,1
2025-02-12 15:48:45.403,23350,23351,23351,1,1
2025-02-12 15:49:14.927,23350,23351,23350,1,-1
2025-02-12 15:49:14.975,23350,23351,23351,1,1
2025-02-12 15:49:14.976,23350,23351,23351,1,1
2025-02-12 15:49:14.976,23350,23351,23351,1,1
2025-02-12 15:49:14.976,23350,23351,23351,1,1
2025-02-12 15:49:14.977,23350,23351,23352,1,1
2025-02-12 15:49:14.977,23350,23351,23352,1,1
2025-02-12 15:49:14.982,23350,23351,23353,1,1
2025-02-12 15:49:25.070,23352,23353,23353,1,1
2025-02-12 15:49:25.070,23352,23353,23353,1,1
2025-02-12 15:49:28.895,23351,23353,23353,1,1
2025-02-12 15:49:28.896,23351,23353,23353,1,1
2025-02-12 15:49:29.791,23352,23354,23354,1,1
2025-02-12 15:49:33.381,23352,23353,23353,1,1
2025-02-12 15:49:39.350,23352,23353,23352,1,-1
2025-02-12 15:49:40.284,23350,23353,23353,1,1
2025-02-12 15:49:40.445,23350,23353,23353,1,1
2025-02-12 15:50:02.278,23351,23353,23353,1,1
2025-02-12 15:50:02.278,23351,23353,23353,1,1
2025-02-12 15:50:02.355,23352,23354,23354,1,1
2025-02-12 15:50:02.355,23352,23354,23352,1,-1
2025-02-12 15:50:02.356,23352,23354,23354,1,1
2025-02-12 15:50:02.724,23351,23353,23353,1,1
2025-02-12 15:50:02.724,23351,23353,23354,3,3
2025-02-12 15:50:02.733,23351,23353,23354,2,2
2025-02-12 15:50:02.820,23351,23353,23355,1,1
2025-02-12 15:50:02.867,23352,23355,23355,1,1
2025-02-12 15:50:06.290,23352,23354,23354,1,1
2025-02-12 15:50:06.350,23352,23354,23354,1,1
2025-02-12 15:50:14.229,23352,23353,23352,1,-1
2025-02-12 15:50:14.350,23350,23352,23352,1,1
2025-02-12 15:50:15.830,23350,23352,23352,4,4
2025-02-12 15:50:27.949,23352,23353,23352,1,-1
2025-02-12 15:50:52.841,23352,23353,23353,1,1
2025-02-12 15:50:52.852,23352,23353,23353,1,1
2025-02-12 15:51:02.101,23352,23353,23353,1,1
2025-02-12 15:51:02.227,23352,23355,23355,1,1
2025-02-12 15:51:15.462,23353,23354,23353,1,-1
2025-02-12 15:51:15.462,23353,23354,23353,1,-1
2025-02-12 15:51:19.711,23353,23354,23353,1,-1
2025-02-12 15:51:29.068,23353,23354,23353,1,-1
2025-02-12 15:51:40.265,23353,23354,23353,1,-1
2025-02-12 15:51:40.265,23353,23354,23353,1,-1
2025-02-12 15:51:40.351,23353,23354,23354,1,1
2025-02-12 15:51:49.686,23353,23354,23353,1,-1
2025-02-12 15:51:49.687,23353,23354,23353,1,-1
2025-02-12 15:51:49.687,23353,23354,23353,2,-2
2025-02-12 15:51:49.833,23352,23353,23353,1,1
2025-02-12 15:51:49.992,23352,23354,23352,1,-1
2025-02-12 15:52:00.145,23353,23354,23353,2,-2
2025-02-12 15:52:00.145,23353,23354,23352,1,-1
2025-02-12 15:52:06.080,23353,23354,23353,1,-1
2025-02-12 15:52:06.100,23353,23354,23354,1,1
2025-02-12 15:52:14.735,23353,23354,23353,1,-1
2025-02-12 15:52:31.580,23352,23353,23353,3,3
2025-02-12 15:52:31.580,23352,23353,23354,2,2
2025-02-12 15:52:38.569,23352,23353,23352,1,-1
2025-02-12 15:52:38.600,23352,23353,23354,1,1
2025-02-12 15:52:38.600,23352,23353,23353,1,1
2025-02-12 15:52:38.600,23352,23353,23353,1,1
2025-02-12 15:52:42.975,23352,23354,23354,1,1
2025-02-12 15:52:44.107,23353,23354,23354,1,1
2025-02-12 15:52:44.110,23353,23354,23355,1,1
2025-02-12 15:52:44.110,23353,23354,23355,9,9
2025-02-12 15:52:44.152,23353,23354,23356,1,1
2025-02-12 15:52:44.153,23353,23354,23356,1,1
2025-02-12 15:52:44.153,23353,23354,23356,1,1
2025-02-12 15:52:46.181,23356,23357,23357,1,1
2025-02-12 15:52:47.313,23356,23357,23357,4,4
2025-02-12 15:52:47.313,23356,23357,23358,22,22
2025-02-12 15:52:47.314,23356,23357,23359,4,4
2025-02-12 15:52:47.316,23356,23357,23360,1,1
2025-02-12 15:52:47.317,23356,23357,23360,14,14
2025-02-12 15:52:47.317,23356,23357,23361,1,1
2025-02-12 15:52:47.317,23356,23357,23361,1,1
2025-02-12 15:52:47.318,23356,23357,23360,1,1
2025-02-12 15:52:47.318,23356,23357,23361,2,2
2025-02-12 15:52:47.319,23356,23357,23361,1,1
2025-02-12 15:52:47.408,23361,23362,23362,1,1
2025-02-12 15:52:47.487,23360,23362,23360,1,-1
2025-02-12 15:52:47.587,23360,23362,23358,2,-2
2025-02-12 15:52:47.590,23360,23362,23360,1,-1
2025-02-12 15:52:47.607,23358,23361,23358,1,-1
2025-02-12 15:52:47.728,23358,23360,23360,1,1
2025-02-12 15:52:49.652,23357,23360,23357,1,-1
2025-02-12 15:52:49.903,23357,23360,23358,1,-1
2025-02-12 15:52:51.274,23357,23359,23359,1,1
2025-02-12 15:53:00.354,23357,23359,23359,1,1
2025-02-12 15:53:00.507,23357,23359,23359,3,3
2025-02-12 15:53:00.561,23357,23359,23357,1,-1
2025-02-12 15:53:07.618,23357,23358,23358,1,1
2025-02-12 15:53:07.811,23358,23360,23358,1,-1
2025-02-12 15:53:18.287,23357,23359,23358,1,-1
2025-02-12 15:53:19.602,23357,23359,23359,1,1
2025-02-12 15:53:19.602,23357,23359,23360,1,1
2025-02-12 15:53:26.833,23358,23360,23360,3,3
2025-02-12 15:53:34.529,23358,23359,23359,2,2
2025-02-12 15:53:34.603,23358,23360,23359,1,1
2025-02-12 15:53:36.882,23359,23360,23360,1,1
2025-02-12 15:53:50.789,23359,23360,23360,13,13
2025-02-12 15:53:56.139,23360,23361,23361,3,3
2025-02-12 15:53:56.139,23360,23361,23362,2,2
2025-02-12 15:53:57.563,23360,23362,23362,5,5
2025-02-12 15:54:04.130,23360,23361,23360,4,-4
2025-02-12 15:54:06.360,23359,23360,23360,1,1
2025-02-12 15:54:06.475,23359,23360,23360,1,1
2025-02-12 15:54:08.721,23359,23361,23361,1,1
2025-02-12 15:54:08.725,23359,23361,23361,1,1
2025-02-12 15:54:08.726,23359,23361,23361,1,1
2025-02-12 15:54:09.246,23359,23361,23359,1,-1
2025-02-12 15:54:19.597,23358,23359,23359,1,1
2025-02-12 15:54:22.662,23358,23359,23358,1,-1
2025-02-12 15:54:22.725,23358,23359,23359,1,1
2025-02-12 15:54:22.725,23358,23359,23359,1,1
2025-02-12 15:54:23.554,23358,23360,23358,2,-2
2025-02-12 15:54:23.555,23358,23360,23358,2,-2
2025-02-12 15:54:54.628,23358,23359,23358,1,-1
2025-02-12 15:54:58.847,23358,23359,23359,1,1
2025-02-12 15:54:58.976,23358,23359,23359,1,1
2025-02-12 15:54:58.981,23358,23359,23360,1,1
2025-02-12 15:55:01.358,23358,23359,23358,1,-1
2025-02-12 15:55:01.358,23358,23359,23358,3,-3
2025-02-12 15:55:01.359,23358,23359,23358,3,-3
2025-02-12 15:55:01.762,23357,23358,23359,2,2
2025-02-12 15:55:01.762,23357,23358,23358,2,2
2025-02-12 15:55:01.762,23357,23358,23359,1,1
2025-02-12 15:55:03.787,23357,23359,23359,1,1
2025-02-12 15:55:05.069,23358,23359,23358,1,-1
2025-02-12 15:55:08.586,23358,23359,23358,1,-1
2025-02-12 15:55:24.631,23357,23358,23358,1,1
2025-02-12 15:55:25.166,23357,23359,23359,2,2
2025-02-12 15:55:43.057,23358,23359,23359,1,1
2025-02-12 15:55:43.057,23358,23359,23359,4,4
2025-02-12 15:55:43.058,23358,23359,23360,3,3
2025-02-12 15:55:43.081,23358,23359,23359,1,1
2025-02-12 15:55:47.563,23359,23360,23359,1,-1
2025-02-12 15:55:51.582,23359,23360,23358,2,-2
2025-02-12 15:55:51.582,23359,23360,23359,1,-1
2025-02-12 15:55:53.227,23358,23359,23358,1,-1
2025-02-12 15:56:01.773,23357,23358,23357,1,-1
2025-02-12 15:56:02.007,23356,23358,23358,1,1
2025-02-12 15:56:02.007,23356,23358,23359,1,1
2025-02-12 15:56:02.099,23357,23359,23359,1,1
2025-02-12 15:56:02.721,23357,23360,23360,1,1
2025-02-12 15:56:02.811,23357,23360,23360,1,1
2025-02-12 15:56:05.240,23359,23360,23359,1,-1
2025-02-12 15:56:05.701,23357,23360,23357,1,-1
2025-02-12 15:56:15.919,23358,23359,23358,1,-1
2025-02-12 15:56:22.075,23358,23359,23359,1,1
2025-02-12 15:56:30.091,23359,23360,23360,1,1
2025-02-12 15:56:30.101,23359,23360,23361,1,1
2025-02-12 15:56:31.005,23359,23360,23359,1,-1
2025-02-12 15:56:31.100,23358,23360,23360,1,1
2025-02-12 15:56:31.101,23358,23360,23360,1,1
2025-02-12 15:56:39.865,23359,23360,23360,2,2
2025-02-12 15:56:54.606,23359,23361,23359,2,-2
2025-02-12 15:57:07.729,23360,23361,23361,4,4
2025-02-12 15:57:08.563,23361,23362,23362,1,1
2025-02-12 15:57:08.564,23361,23362,23362,1,1
2025-02-12 15:57:08.713,23361,23363,23363,4,4
2025-02-12 15:57:08.715,23361,23363,23363,4,4
2025-02-12 15:57:08.726,23361,23363,23363,2,2
2025-02-12 15:57:08.728,23361,23363,23363,4,4
2025-02-12 15:57:08.729,23361,23363,23363,5,5
2025-02-12 15:57:08.730,23361,23363,23364,1,1
2025-02-12 15:57:08.731,23361,23363,23364,2,2
2025-02-12 15:57:08.731,23361,23363,23364,4,4
2025-02-12 15:57:08.732,23361,23363,23365,2,2
2025-02-12 15:57:08.732,23361,23363,23365,2,2
2025-02-12 15:57:08.732,23361,23363,23365,2,2
2025-02-12 15:57:08.732,23361,23363,23365,4,4
2025-02-12 15:57:08.733,23361,23363,23364,2,2
2025-02-12 15:57:08.733,23361,23363,23365,1,1
2025-02-12 15:57:08.733,23361,23363,23365,36,36
2025-02-12 15:57:08.733,23361,23363,23365,2,2
2025-02-12 15:57:08.733,23361,23363,23365,1,1
2025-02-12 15:57:08.734,23361,23363,23365,3,3
2025-02-12 15:57:08.734,23361,23363,23365,1,1
2025-02-12 15:57:08.734,23361,23363,23365,1,1
2025-02-12 15:57:08.734,23361,23363,23365,1,1
2025-02-12 15:57:08.734,23361,23363,23365,2,2
2025-02-12 15:57:08.734,23361,23363,23365,1,1
2025-02-12 15:57:08.734,23361,23363,23365,1,1
2025-02-12 15:57:08.734,23361,23363,23365,1,1
2025-02-12 15:57:08.734,23361,23363,23365,1,1
2025-02-12 15:57:08.734,23361,23363,23365,2,2
2025-02-12 15:57:08.734,23361,23363,23365,1,1
2025-02-12 15:57:08.734,23361,23363,23365,1,1
2025-02-12 15:57:08.734,23361,23363,23365,1,1
2025-02-12 15:57:08.734,23361,23363,23365,1,1
2025-02-12 15:57:08.734,23361,23363,23365,44,44
2025-02-12 15:57:08.734,23361,23363,23365,1,1
2025-02-12 15:57:08.734,23361,23363,23365,1,1
2025-02-12 15:57:08.735,23361,23363,23365,1,1
2025-02-12 15:57:08.735,23361,23363,23365,48,48
2025-02-12 15:57:08.736,23361,23363,23366,1,1
2025-02-12 15:57:08.736,23361,23363,23366,1,1
2025-02-12 15:57:08.749,23361,23363,23366,1,1
2025-02-12 15:57:08.749,23361,23363,23366,6,6
2025-02-12 15:57:08.750,23361,23363,23366,1,1
2025-02-12 15:57:08.750,23361,23363,23367,1,1
2025-02-12 15:57:08.751,23361,23363,23368,1,1
2025-02-12 15:57:08.752,23361,23363,23368,1,1
2025-02-12 15:57:08.753,23361,23363,23368,1,1
2025-02-12 15:57:08.753,23361,23363,23368,1,1
2025-02-12 15:57:08.772,23361,23363,23368,2,2
2025-02-12 15:57:08.777,23361,23363,23368,1,1
2025-02-12 15:57:08.782,23361,23363,23367,1,1
2025-02-12 15:57:08.800,23361,23363,23369,4,4
2025-02-12 15:57:08.803,23361,23363,23369,1,1
2025-02-12 15:57:08.803,23361,23363,23369,1,1
2025-02-12 15:57:08.804,23361,23363,23369,1,1
2025-02-12 15:57:08.806,23361,23363,23369,1,1
2025-02-12 15:57:08.806,23361,23363,23369,2,2
2025-02-12 15:57:08.820,23361,23363,23370,2,2
2025-02-12 15:57:08.820,23361,23363,23370,1,1
2025-02-12 15:57:08.826,23361,23363,23370,1,1
2025-02-12 15:57:08.833,23361,23363,23370,1,1
2025-02-12 15:57:08.858,23367,23370,23370,1,1
2025-02-12 15:57:08.861,23367,23370,23370,3,3
2025-02-12 15:57:08.868,23367,23370,23370,1,1
2025-02-12 15:57:08.888,23367,23370,23367,1,-1
2025-02-12 15:57:08.943,23367,23370,23369,2,2
2025-02-12 15:57:08.943,23367,23370,23370,3,3
2025-02-12 15:57:08.986,23367,23369,23368,1,1
2025-02-12 15:57:08.986,23367,23369,23369,1,1
2025-02-12 15:57:08.992,23367,23369,23366,1,-1
2025-02-12 15:57:09.074,23367,23369,23366,1,-1
2025-02-12 15:57:09.107,23365,23367,23367,2,2
2025-02-12 15:57:09.107,23365,23367,23368,3,3
2025-02-12 15:57:09.124,23365,23367,23368,1,1
2025-02-12 15:57:09.124,23365,23367,23369,1,1
2025-02-12 15:57:09.150,23365,23367,23368,1,1
2025-02-12 15:57:09.150,23365,23367,23369,1,1
2025-02-12 15:57:09.166,23365,23367,23369,1,1
2025-02-12 15:57:09.168,23365,23367,23370,1,1
2025-02-12 15:57:09.168,23365,23367,23370,1,1
2025-02-12 15:57:09.169,23365,23367,23370,1,1
2025-02-12 15:57:09.184,23365,23367,23369,1,1
2025-02-12 15:57:09.190,23365,23367,23368,1,1
2025-02-12 15:57:09.209,23365,23367,23369,1,1
2025-02-12 15:57:09.333,23367,23369,23369,1,1
2025-02-12 15:57:09.339,23367,23369,23369,1,1
2025-02-12 15:57:09.350,23367,23369,23367,1,-1
2025-02-12 15:57:09.353,23367,23369,23367,1,-1
2025-02-12 15:57:09.572,23366,23368,23366,1,-1
2025-02-12 15:57:09.626,23366,23368,23368,1,1
2025-02-12 15:57:09.653,23366,23368,23368,1,1
2025-02-12 15:57:09.664,23366,23368,23368,1,1
2025-02-12 15:57:09.746,23366,23368,23368,1,1
2025-02-12 15:57:09.843,23366,23368,23366,1,-1
2025-02-12 15:57:12.689,23364,23367,23367,2,2
2025-02-12 15:57:13.689,23365,23367,23367,3,3
2025-02-12 15:57:13.690,23365,23367,23367,2,2
2025-02-12 15:57:14.099,23365,23368,23365,1,-1
2025-02-12 15:57:15.524,23365,23367,23367,1,1
2025-02-12 15:57:15.524,23365,23367,23368,4,4
2025-02-12 15:57:19.855,23366,23368,23368,1,1
2025-02-12 15:57:20.993,23366,23368,23366,1,-1
2025-02-12 15:57:21.195,23365,23367,23366,2,-2
2025-02-12 15:57:22.444,23365,23367,23367,1,1
2025-02-12 15:57:22.620,23365,23367,23367,3,3
2025-02-12 15:57:23.384,23365,23368,23368,1,1
2025-02-12 15:57:25.084,23365,23368,23365,1,-1
2025-02-12 15:57:25.179,23365,23368,23368,1,1
2025-02-12 15:57:25.311,23365,23368,23368,4,4
2025-02-12 15:57:27.034,23365,23368,23368,3,3
2025-02-12 15:57:29.259,23365,23368,23368,1,1
2025-02-12 15:57:30.255,23365,23368,23365,1,-1
2025-02-12 15:57:31.086,23365,23368,23365,1,-1
2025-02-12 15:57:32.286,23365,23367,23367,2,2
2025-02-12 15:57:32.538,23366,23368,23366,1,-1
2025-02-12 15:57:33.093,23366,23368,23367,1,-1
2025-02-12 15:57:33.184,23366,23368,23368,1,1
2025-02-12 15:57:34.381,23366,23369,23369,5,5
2025-02-12 15:57:34.574,23367,23369,23366,5,-5
2025-02-12 15:57:34.575,23367,23369,23367,1,-1
2025-02-12 15:57:34.632,23366,23367,23367,2,2
2025-02-12 15:57:35.195,23366,23369,23369,1,1
2025-02-12 15:57:35.394,23366,23369,23366,1,-1
2025-02-12 15:57:37.163,23367,23370,23370,1,1
2025-02-12 15:57:38.392,23367,23369,23367,1,-1
2025-02-12 15:57:38.392,23367,23369,23366,2,-2
2025-02-12 15:57:40.533,23366,23369,23369,2,2
2025-02-12 15:57:44.170,23367,23368,23367,1,-1
2025-02-12 15:57:48.829,23366,23368,23368,1,1
2025-02-12 15:57:50.352,23367,23368,23368,2,2
2025-02-12 15:57:50.353,23367,23368,23369,1,1
2025-02-12 15:57:50.353,23367,23368,23369,1,1
2025-02-12 15:57:50.354,23367,23368,23369,1,1
2025-02-12 15:57:50.354,23367,23368,23369,1,1
2025-02-12 15:57:50.354,23367,23368,23369,1,1
2025-02-12 15:57:51.643,23367,23370,23370,1,1
2025-02-12 15:57:52.808,23367,23369,23370,1,1
2025-02-12 15:57:56.552,23368,23370,23368,1,-1
2025-02-12 15:57:57.252,23369,23370,23370,1,1
2025-02-12 15:57:58.709,23369,23370,23369,1,-1
2025-02-12 15:58:01.668,23368,23370,23368,1,-1
2025-02-12 15:58:05.398,23367,23369,23369,1,1
2025-02-12 15:58:10.431,23368,23369,23369,1,1
2025-02-12 15:58:13.363,23368,23369,23368,1,-1
2025-02-12 15:58:13.737,23367,23368,23367,3,-3
2025-02-12 15:58:17.348,23367,23368,23367,1,-1
2025-02-12 15:58:19.892,23367,23368,23368,3,3
2025-02-12 15:58:19.892,23367,23368,23369,1,1
2025-02-12 15:58:20.451,23367,23369,23369,1,1
2025-02-12 15:58:22.879,23368,23370,23370,1,1
2025-02-12 15:58:22.880,23368,23370,23370,9,9
2025-02-12 15:58:24.204,23370,23371,23371,1,1
2025-02-12 15:58:24.633,23371,23372,23371,1,-1
2025-02-12 15:58:24.633,23371,23372,23370,1,-1
2025-02-12 15:58:29.271,23370,23372,23372,2,2
2025-02-12 15:58:29.479,23370,23372,23372,1,1
2025-02-12 15:58:31.636,23370,23371,23371,1,1
2025-02-12 15:58:33.852,23370,23371,23371,1,1
2025-02-12 15:58:34.059,23370,23371,23371,1,1
2025-02-12 15:58:36.179,23370,23371,23371,1,1
2025-02-12 15:58:36.228,23371,23372,23372,4,4
2025-02-12 15:58:37.237,23372,23373,23372,1,-1
2025-02-12 15:58:38.133,23371,23373,23373,2,2
2025-02-12 15:58:45.847,23372,23373,23372,1,-1
2025-02-12 15:58:48.416,23372,23373,23372,1,-1
2025-02-12 15:58:49.426,23372,23373,23373,1,1
2025-02-12 15:58:49.920,23372,23373,23372,1,-1
2025-02-12 15:58:51.552,23372,23373,23372,1,-1
2025-02-12 15:58:51.552,23372,23373,23372,1,-1
2025-02-12 15:58:54.379,23371,23372,23371,1,-1
2025-02-12 15:58:55.131,23371,23372,23372,1,1
2025-02-12 15:59:00.676,23372,23373,23372,1,-1
2025-02-12 15:59:00.678,23372,23373,23373,1,1
2025-02-12 15:59:00.727,23371,23373,23373,1,1
2025-02-12 15:59:02.569,23372,23373,23372,1,-1
2025-02-12 15:59:02.600,23372,23373,23373,1,1
2025-02-12 15:59:06.776,23372,23373,23372,1,-1
2025-02-12 15:59:08.646,23371,23372,23372,2,2
2025-02-12 15:59:08.701,23371,23372,23372,1,1
2025-02-12 15:59:08.703,23371,23372,23371,1,-1
2025-02-12 15:59:08.726,23371,23373,23373,1,1
2025-02-12 15:59:08.936,23371,23373,23371,1,-1
2025-02-12 15:59:09.428,23371,23373,23373,2,2
2025-02-12 15:59:16.110,23372,23373,23373,2,2
2025-02-12 15:59:16.110,23372,23373,23374,1,1
2025-02-12 15:59:21.917,23373,23374,23374,5,5
2025-02-12 15:59:22.366,23373,23375,23375,1,1
2025-02-12 15:59:22.370,23373,23375,23375,5,5
2025-02-12 15:59:22.409,23373,23375,23376,5,5
2025-02-12 15:59:22.476,23374,23377,23377,1,1
2025-02-12 15:59:22.549,23374,23377,23377,4,4
2025-02-12 15:59:22.565,23374,23377,23375,1,-1
2025-02-12 15:59:22.634,23374,23377,23377,1,1
2025-02-12 15:59:22.700,23374,23377,23374,1,-1
2025-02-12 15:59:22.714,23374,23377,23374,1,-1
2025-02-12 15:59:22.718,23374,23377,23374,2,-2
2025-02-12 15:59:22.829,23373,23376,23374,1,-1
2025-02-12 15:59:22.829,23373,23376,23376,7,7
2025-02-12 15:59:22.829,23373,23376,23377,2,2
2025-02-12 15:59:22.872,23374,23376,23376,1,1
2025-02-12 15:59:22.875,23374,23376,23376,1,1
2025-02-12 15:59:23.114,23374,23376,23374,1,-1
2025-02-12 15:59:23.274,23373,23374,23373,1,-1
2025-02-12 15:59:23.325,23373,23374,23374,1,1
2025-02-12 15:59:23.424,23374,23376,23376,1,1
2025-02-12 15:59:25.273,23374,23377,23377,1,1
2025-02-12 15:59:25.809,23374,23377,23376,1,1
2025-02-12 15:59:25.993,23376,23377,23376,2,-2
2025-02-12 15:59:26.359,23374,23376,23376,1,1
2025-02-12 15:59:26.816,23375,23376,23376,1,1
2025-02-12 15:59:26.816,23375,23376,23377,3,3
2025-02-12 15:59:28.038,23375,23377,23377,3,3
2025-02-12 15:59:28.100,23375,23378,23378,1,1
2025-02-12 15:59:28.100,23375,23378,23378,1,1
2025-02-12 15:59:30.082,23376,23378,23378,2,2
2025-02-12 15:59:31.081,23376,23378,23378,1,1
2025-02-12 15:59:31.593,23376,23378,23378,4,4
2025-02-12 15:59:31.669,23376,23379,23379,2,2
2025-02-12 15:59:32.169,23376,23379,23378,2,2
2025-02-12 15:59:32.961,23376,23378,23378,1,1
2025-02-12 15:59:33.326,23376,23379,23378,1,1
2025-02-12 15:59:33.483,23376,23379,23376,1,-1
2025-02-12 15:59:33.616,23376,23379,23379,1,1
2025-02-12 15:59:33.822,23377,23379,23377,1,-1
2025-02-12 15:59:33.826,23377,23379,23377,2,-2
2025-02-12 15:59:33.955,23376,23377,23377,1,1
2025-02-12 15:59:35.016,23377,23378,23378,1,1
2025-02-12 15:59:38.863,23377,23378,23379,3,3
2025-02-12 15:59:38.863,23377,23378,23378,2,2
2025-02-12 15:59:40.270,23378,23380,23378,1,-1
2025-02-12 15:59:40.270,23378,23380,23378,1,-1
2025-02-12 15:59:40.271,23378,23380,23378,1,-1
2025-02-12 15:59:40.542,23377,23379,23377,1,-1
2025-02-12 15:59:40.558,23377,23379,23377,1,-1
2025-02-12 15:59:40.628,23377,23379,23377,1,-1
2025-02-12 15:59:42.253,23378,23379,23378,5,-5
2025-02-12 15:59:43.111,23377,23379,23377,1,-1
2025-02-12 15:59:47.214,23377,23379,23379,3,3
2025-02-12 15:59:47.988,23377,23378,23378,1,1
2025-02-12 15:59:49.554,23377,23378,23377,1,-1
2025-02-12 15:59:50.243,23377,23378,23378,2,2
2025-02-12 15:59:50.656,23377,23380,23380,1,1
2025-02-12 15:59:50.762,23377,23380,23380,1,1
2025-02-12 15:59:50.770,23377,23380,23380,1,1
2025-02-12 15:59:50.776,23377,23380,23380,1,1
2025-02-12 15:59:50.778,23377,23380,23380,2,2
2025-02-12 15:59:50.798,23377,23380,23380,1,1
2025-02-12 15:59:50.809,23377,23380,23380,1,1
2025-02-12 15:59:50.963,23378,23380,23379,3,3
2025-02-12 15:59:51.174,23378,23380,23380,1,1
2025-02-12 15:59:51.174,23378,23380,23380,2,2
2025-02-12 15:59:52.896,23377,23379,23379,1,1
2025-02-12 15:59:52.896,23377,23379,23380,1,1
2025-02-12 15:59:53.313,23377,23380,23380,2,2
2025-02-12 15:59:55.301,23379,23380,23380,1,1
2025-02-12 15:59:55.301,23379,23380,23380,1,1
2025-02-12 15:59:55.479,23379,23380,23379,1,-1
2025-02-12 15:59:59.157,23378,23379,23379,1,1
2025-02-12 15:59:59.199,23378,23379,23379,2,2
2025-02-12 15:59:59.199,23378,23379,23380,10,10
2025-02-12 15:59:59.200,23378,23379,23380,1,1
2025-02-12 15:59:59.310,23379,23381,23381,1,1
2025-02-12 15:59:59.359,23379,23381,23381,2,2
2025-02-12 15:59:59.422,23379,23381,23381,4,4
2025-02-12 15:59:59.493,23379,23381,23386,5,5
2025-02-12 15:59:59.493,23379,23381,23385,19,19
2025-02-12 15:59:59.493,23379,23381,23384,13,13
2025-02-12 15:59:59.493,23379,23381,23382,9,9
2025-02-12 15:59:59.493,23379,23381,23381,6,6
2025-02-12 15:59:59.493,23379,23381,23383,8,8
2025-02-12 15:59:59.494,23379,23381,23384,1,1
2025-02-12 15:59:59.496,23379,23381,23384,1,1
2025-02-12 15:59:59.528,23379,23381,23384,1,1
2025-02-12 15:59:59.642,23383,23385,23385,2,2
2025-02-12 15:59:59.668,23383,23385,23383,1,-1
2025-02-12 15:59:59.747,23383,23385,23386,1,1
2025-02-12 15:59:59.751,23383,23385,23384,1,1
2025-02-12 15:59:59.770,23383,23385,23386,2,2
2025-02-12 15:59:59.998,23384,23385,23384,1,-1
2025-02-12 16:00:00.003,23384,23385,23383,1,-1
2025-02-12 16:00:00.074,23384,23385,23383,3,-3
2025-02-12 16:00:00.187,23382,23384,23384,1,1
2025-02-12 16:00:00.301,23383,23384,23384,1,1
2025-02-12 16:00:00.304,23383,23384,23384,3,3
2025-02-12 16:00:00.310,23383,23384,23385,2,2
2025-02-12 16:00:00.323,23383,23384,23385,1,1
2025-02-12 16:00:00.385,23384,23387,23386,1,1
2025-02-12 16:00:00.470,23384,23387,23385,1,-1
2025-02-12 16:00:00.471,23384,23387,23386,1,1
2025-02-12 16:00:00.495,23384,23387,23387,2,2
2025-02-12 16:00:00.511,23384,23387,23387,4,4
2025-02-12 16:00:00.511,23384,23387,23388,8,8
2025-02-12 16:00:00.513,23384,23387,23387,1,1
2025-02-12 16:00:00.513,23384,23387,23387,1,1
2025-02-12 16:00:00.548,23384,23387,23388,1,1
2025-02-12 16:00:00.608,23386,23388,23386,1,-1
2025-02-12 16:00:00.625,23386,23388,23385,1,-1
2025-02-12 16:00:00.635,23386,23388,23386,1,-1
2025-02-12 16:00:00.637,23386,23388,23386,1,-1
2025-02-12 16:00:00.638,23386,23388,23385,1,-1
2025-02-12 16:00:00.645,23386,23388,23386,1,-1
2025-02-12 16:00:00.662,23386,23388,23387,1,-1
2025-02-12 16:00:00.673,23386,23388,23388,1,1
2025-02-12 16:00:00.718,23386,23388,23386,3,-3
2025-02-12 16:00:00.720,23386,23388,23388,1,1
2025-02-12 16:00:00.806,23385,23388,23388,1,1
2025-02-12 16:00:00.825,23385,23388,23385,2,-2
2025-02-12 16:00:00.834,23385,23388,23388,1,1
2025-02-12 16:00:00.838,23385,23388,23388,1,1
2025-02-12 16:00:00.876,23385,23388,23388,1,1
2025-02-12 16:00:00.886,23385,23388,23388,1,1
2025-02-12 16:00:00.896,23385,23388,23389,1,1
2025-02-12 16:00:00.933,23385,23388,23387,2,2
2025-02-12 16:00:01.006,23385,23388,23388,1,1
2025-02-12 16:00:01.086,23385,23388,23388,1,1
2025-02-12 16:00:01.100,23385,23388,23388,1,1
2025-02-12 16:00:01.101,23385,23388,23389,1,1
2025-02-12 16:00:01.102,23385,23388,23389,1,1
2025-02-12 16:00:01.102,23385,23388,23386,2,-2
2025-02-12 16:00:01.102,23385,23388,23388,1,1
2025-02-12 16:00:01.362,23382,23384,23385,1,1
2025-02-12 16:00:01.457,23382,23384,23386,3,3
2025-02-12 16:00:01.459,23382,23384,23386,2,2
2025-02-12 16:00:01.459,23382,23384,23387,2,2
2025-02-12 16:00:01.478,23384,23387,23387,1,1
2025-02-12 16:00:01.481,23384,23387,23387,1,1
2025-02-12 16:00:01.506,23384,23387,23387,1,1
2025-02-12 16:00:01.530,23384,23387,23388,1,1
2025-02-12 16:00:01.541,23384,23387,23388,1,1
2025-02-12 16:00:01.682,23386,23388,23388,1,1
2025-02-12 16:00:01.722,23387,23389,23387,1,-1
2025-02-12 16:00:01.735,23387,23389,23387,1,-1
2025-02-12 16:00:01.765,23387,23389,23388,1,-1
2025-02-12 16:00:01.849,23386,23389,23386,1,-1
2025-02-12 16:00:01.861,23386,23389,23385,1,-1
2025-02-12 16:00:01.875,23386,23389,23384,1,-1
2025-02-12 16:00:01.882,23386,23389,23383,1,-1
2025-02-12 16:00:01.995,23383,23385,23383,1,-1
2025-02-12 16:00:02.003,23383,23385,23383,1,-1
2025-02-12 16:00:02.121,23382,23383,23382,1,-1
2025-02-12 16:00:02.375,23379,23380,23379,1,-1
2025-02-12 16:00:02.377,23379,23380,23379,1,-1
2025-02-12 16:00:02.378,23379,23380,23379,2,-2
2025-02-12 16:00:02.622,23378,23379,23379,2,2
2025-02-12 16:00:02.623,23378,23379,23380,5,5
2025-02-12 16:00:03.449,23379,23381,23381,1,1
2025-02-12 16:00:03.449,23379,23381,23382,1,1
2025-02-12 16:00:04.130,23379,23381,23381,1,1
2025-02-12 16:00:04.480,23379,23382,23382,1,1
2025-02-12 16:00:04.899,23379,23381,23381,1,1
2025-02-12 16:00:04.991,23379,23381,23381,1,1
2025-02-12 16:00:04.991,23379,23381,23382,1,1
2025-02-12 16:00:05.343,23378,23379,23378,1,-1
2025-02-12 16:00:05.940,23378,23381,23381,1,1
2025-02-12 16:00:07.482,23379,23382,23380,1,-1
2025-02-12 16:00:07.497,23379,23382,23380,1,-1
2025-02-12 16:00:07.534,23379,23382,23380,1,-1
2025-02-12 16:00:08.697,23380,23382,23382,2,2
2025-02-12 16:00:08.697,23380,23382,23383,1,1
2025-02-12 16:00:08.726,23380,23383,23383,1,1
2025-02-12 16:00:08.778,23380,23383,23383,1,1
2025-02-12 16:00:09.107,23380,23383,23382,2,2
2025-02-12 16:00:10.065,23381,23384,23381,1,-1
2025-02-12 16:00:10.843,23381,23384,23381,1,-1
2025-02-12 16:00:11.042,23380,23382,23380,1,-1
2025-02-12 16:00:12.203,23379,23381,23380,2,-2
2025-02-12 16:00:12.296,23379,23381,23380,1,-1
2025-02-12 16:00:12.299,23379,23381,23379,3,-3
2025-02-12 16:00:12.302,23379,23381,23378,1,-1
2025-02-12 16:00:12.302,23379,23381,23378,3,-3
2025-02-12 16:00:12.344,23379,23381,23377,1,-1
2025-02-12 16:00:13.777,23377,23379,23379,1,1
2025-02-12 16:00:16.061,23377,23379,23377,1,-1
2025-02-12 16:00:16.061,23377,23379,23377,1,-1
2025-02-12 16:00:16.062,23377,23379,23377,2,-2
2025-02-12 16:00:16.062,23377,23379,23377,1,-1
2025-02-12 16:00:16.148,23376,23378,23376,2,-2
2025-02-12 16:00:16.225,23375,23377,23377,1,1
2025-02-12 16:00:17.124,23375,23376,23375,1,-1
2025-02-12 16:00:17.461,23375,23376,23376,1,1
2025-02-12 16:00:17.822,23376,23379,23378,1,1
2025-02-12 16:00:19.926,23377,23379,23377,1,-1
2025-02-12 16:00:19.975,23376,23379,23379,1,1
2025-02-12 16:00:20.438,23377,23378,23378,1,1
2025-02-12 16:00:20.438,23377,23378,23378,1,1
2025-02-12 16:00:20.438,23377,23378,23378,1,1
2025-02-12 16:00:21.841,23378,23380,23378,5,-5
2025-02-12 16:00:25.286,23378,23380,23378,1,-1
2025-02-12 16:00:25.631,23377,23378,23377,1,-1
2025-02-12 16:00:26.826,23377,23378,23378,2,2
2025-02-12 16:00:29.755,23377,23378,23377,1,-1
2025-02-12 16:00:29.852,23376,23377,23377,1,1
2025-02-12 16:00:30.609,23376,23378,23378,2,2
2025-02-12 16:00:30.609,23376,23378,23380,1,1
2025-02-12 16:00:38.352,23376,23377,23377,2,2
2025-02-12 16:00:38.952,23376,23378,23378,2,2
2025-02-12 16:00:40.856,23378,23380,23380,3,3
2025-02-12 16:00:41.842,23379,23381,23381,1,1
2025-02-12 16:00:42.826,23379,23381,23381,1,1
2025-02-12 16:00:43.624,23381,23383,23383,2,2
2025-02-12 16:00:43.624,23381,23383,23383,1,1
2025-02-12 16:00:43.690,23381,23383,23382,1,1
2025-02-12 16:00:44.359,23381,23383,23383,1,1
2025-02-12 16:00:47.715,23380,23383,23380,1,-1
2025-02-12 16:00:49.473,23378,23381,23378,1,-1
2025-02-12 16:00:54.056,23379,23381,23379,1,-1
2025-02-12 16:00:55.080,23379,23381,23381,1,1
2025-02-12 16:01:01.250,23379,23381,23381,2,2
2025-02-12 16:01:01.250,23379,23381,23382,1,1
2025-02-12 16:01:07.715,23381,23382,23382,1,1
2025-02-12 16:01:07.725,23382,23383,23383,1,1
2025-02-12 16:01:07.726,23382,23383,23383,1,1
2025-02-12 16:01:08.811,23383,23384,23384,2,2
2025-02-12 16:01:08.812,23383,23384,23385,1,1
2025-02-12 16:01:08.813,23383,23384,23385,1,1
2025-02-12 16:01:08.813,23383,23384,23385,1,1
2025-02-12 16:01:08.813,23383,23384,23385,1,1
2025-02-12 16:01:08.850,23385,23386,23386,1,1
2025-02-12 16:01:08.851,23385,23386,23387,1,1
2025-02-12 16:01:08.851,23385,23386,23388,1,1
2025-02-12 16:01:08.857,23385,23386,23388,1,1
2025-02-12 16:01:11.530,23386,23388,23386,2,-2
2025-02-12 16:01:11.836,23384,23387,23384,1,-1
2025-02-12 16:01:13.856,23384,23387,23386,1,1
2025-02-12 16:01:15.205,23383,23386,23385,1,1
2025-02-12 16:01:17.214,23383,23385,23385,2,2
2025-02-12 16:01:24.027,23384,23385,23384,1,-1
2025-02-12 16:01:26.187,23384,23385,23384,2,-2
2025-02-12 16:01:26.512,23383,23385,23385,1,1
2025-02-12 16:01:27.602,23383,23385,23383,3,-3
2025-02-12 16:01:30.299,23381,23384,23384,1,1
2025-02-12 16:01:37.633,23382,23385,23385,5,5
2025-02-12 16:01:39.373,23383,23385,23385,2,2
2025-02-12 16:01:39.373,23383,23385,23386,3,3
2025-02-12 16:01:42.346,23384,23386,23386,1,1
2025-02-12 16:01:48.123,23382,23383,23383,2,2
2025-02-12 16:01:48.123,23382,23383,23384,3,3
2025-02-12 16:01:50.109,23382,23385,23385,5,5
2025-02-12 16:01:51.778,23383,23386,23386,1,1
2025-02-12 16:01:52.210,23383,23386,23385,1,1
2025-02-12 16:01:54.235,23383,23385,23385,1,1
2025-02-12 16:01:54.369,23383,23385,23385,1,1
2025-02-12 16:01:54.369,23383,23385,23386,1,1
2025-02-12 16:01:56.462,23383,23385,23385,2,2
2025-02-12 16:02:01.815,23384,23385,23384,1,-1
2025-02-12 16:02:01.854,23384,23385,23385,1,1
2025-02-12 16:02:01.854,23384,23385,23385,1,1
2025-02-12 16:02:02.135,23385,23386,23386,1,1
2025-02-12 16:02:03.173,23386,23387,23386,1,-1
2025-02-12 16:02:03.971,23385,23387,23385,1,-1
2025-02-12 16:02:05.012,23385,23387,23387,1,1
2025-02-12 16:02:05.974,23384,23387,23386,6,6
2025-02-12 16:02:06.377,23384,23387,23384,1,-1
2025-02-12 16:02:06.598,23385,23387,23385,1,-1
2025-02-12 16:02:06.774,23384,23386,23384,1,-1
2025-02-12 16:02:10.890,23383,23384,23384,1,1
2025-02-12 16:02:11.988,23384,23385,23385,1,1
2025-02-12 16:02:18.922,23385,23386,23386,1,1
2025-02-12 16:02:18.945,23385,23386,23386,1,1
2025-02-12 16:02:21.408,23386,23387,23386,1,-1
2025-02-12 16:02:21.426,23386,23387,23387,1,1
2025-02-12 16:02:21.451,23386,23387,23388,2,2
2025-02-12 16:02:21.453,23386,23387,23388,6,6
2025-02-12 16:02:21.476,23388,23389,23389,1,1
2025-02-12 16:02:21.476,23388,23389,23389,1,1
2025-02-12 16:02:21.612,23388,23389,23389,4,4
2025-02-12 16:02:21.612,23388,23389,23390,4,4
2025-02-12 16:02:21.750,23389,23390,23389,1,-1
2025-02-12 16:02:21.756,23389,23390,23390,1,1
2025-02-12 16:02:21.758,23389,23390,23390,1,1
2025-02-12 16:02:21.791,23389,23390,23390,1,1
2025-02-12 16:02:21.980,23389,23390,23390,1,1
2025-02-12 16:02:21.997,23389,23390,23390,1,1
2025-02-12 16:02:22.195,23389,23390,23390,1,1
2025-02-12 16:02:22.618,23389,23390,23390,1,1
2025-02-12 16:02:26.077,23389,23390,23390,1,1
2025-02-12 16:02:26.719,23389,23390,23389,1,-1
2025-02-12 16:02:26.738,23387,23389,23390,3,3
2025-02-12 16:02:26.738,23387,23389,23389,1,1
2025-02-12 16:02:27.018,23388,23390,23390,2,2
2025-02-12 16:02:29.491,23390,23391,23390,1,-1
2025-02-12 16:02:31.677,23390,23391,23390,1,-1
2025-02-12 16:02:31.677,23390,23391,23389,1,-1
2025-02-12 16:02:32.727,23390,23391,23390,1,-1
2025-02-12 16:02:32.934,23389,23390,23390,1,1
2025-02-12 16:02:33.449,23389,23391,23390,1,1
2025-02-12 16:02:36.477,23389,23391,23391,4,4
2025-02-12 16:02:36.477,23389,23391,23392,1,1
2025-02-12 16:02:36.720,23390,23392,23390,1,-1
2025-02-12 16:02:36.781,23389,23391,23389,1,-1
2025-02-12 16:02:36.830,23389,23391,23389,1,-1
2025-02-12 16:02:36.963,23389,23392,23392,1,1
2025-02-12 16:02:40.049,23390,23391,23390,1,-1
2025-02-12 16:02:40.049,23390,23391,23389,1,-1
2025-02-12 16:02:42.840,23389,23390,23389,2,-2
2025-02-12 16:02:43.207,23388,23390,23388,1,-1
2025-02-12 16:02:43.537,23388,23390,23390,2,2
2025-02-12 16:02:43.586,23388,23390,23391,1,1
2025-02-12 16:02:47.469,23389,23391,23389,1,-1
2025-02-12 16:02:49.246,23388,23389,23388,2,-2
2025-02-12 16:02:50.562,23388,23389,23389,1,1
2025-02-12 16:02:51.557,23388,23389,23388,1,-1
2025-02-12 16:02:52.267,23388,23389,23388,1,-1
2025-02-12 16:02:52.799,23388,23389,23389,2,2
2025-02-12 16:02:54.647,23388,23389,23388,1,-1
2025-02-12 16:02:56.121,23388,23389,23388,5,-5
2025-02-12 16:02:56.741,23387,23388,23388,1,1
2025-02-12 16:02:58.529,23387,23389,23389,1,1
2025-02-12 16:03:00.061,23387,23389,23387,1,-1
2025-02-12 16:03:00.061,23387,23389,23387,2,-2
2025-02-12 16:03:01.596,23386,23389,23389,1,1
2025-02-12 16:03:02.655,23388,23390,23388,1,-1
2025-02-12 16:03:02.924,23387,23390,23390,1,1
2025-02-12 16:03:02.942,23387,23390,23390,1,1
2025-02-12 16:03:02.945,23387,23390,23390,1,1
2025-02-12 16:03:03.137,23388,23391,23391,1,1
2025-02-12 16:03:04.954,23387,23390,23387,1,-1
2025-02-12 16:03:07.140,23387,23389,23389,1,1
2025-02-12 16:03:11.315,23386,23389,23388,1,1
2025-02-12 16:03:11.350,23386,23388,23388,1,1
2025-02-12 16:03:11.350,23386,23388,23388,1,1
2025-02-12 16:03:13.785,23386,23388,23387,1,1
2025-02-12 16:03:14.100,23386,23387,23387,1,1
2025-02-12 16:03:18.223,23386,23388,23386,3,-3
2025-02-12 16:03:18.248,23386,23388,23385,2,-2
2025-02-12 16:03:21.125,23384,23387,23384,1,-1
2025-02-12 16:03:24.450,23384,23387,23384,1,-1
2025-02-12 16:03:26.266,23386,23387,23387,1,1
2025-02-12 16:03:26.266,23386,23387,23387,1,1
2025-02-12 16:03:29.740,23387,23389,23390,3,3
2025-02-12 16:03:29.740,23387,23389,23389,2,2
2025-02-12 16:03:30.565,23388,23390,23388,1,-1
2025-02-12 16:03:31.059,23387,23390,23387,4,-4
2025-02-12 16:03:31.595,23386,23389,23388,2,2
2025-02-12 16:03:31.595,23386,23389,23389,3,3
2025-02-12 16:03:36.552,23386,23389,23386,1,-1
2025-02-12 16:03:41.371,23387,23389,23387,2,-2
2025-02-12 16:03:41.495,23385,23386,23386,1,1
2025-02-12 16:03:49.217,23385,23387,23387,1,1
2025-02-12 16:03:51.307,23385,23387,23387,1,1
2025-02-12 16:03:51.759,23385,23387,23389,9,9
2025-02-12 16:03:51.759,23385,23387,23390,19,19
2025-02-12 16:03:51.759,23385,23387,23388,5,5
2025-02-12 16:03:51.759,23385,23387,23387,4,4
2025-02-12 16:03:51.760,23385,23387,23390,1,1
2025-02-12 16:03:51.760,23385,23387,23390,1,1
2025-02-12 16:03:51.761,23385,23387,23390,1,1
2025-02-12 16:03:51.762,23385,23387,23390,1,1
2025-02-12 16:03:52.080,23388,23391,23388,1,-1
2025-02-12 16:03:57.078,23389,23391,23389,1,-1
2025-02-12 16:04:04.766,23388,23389,23389,1,1
2025-02-12 16:04:05.117,23388,23389,23389,1,1
2025-02-12 16:04:05.117,23388,23389,23390,1,1
2025-02-12 16:04:05.148,23388,23389,23392,2,2
2025-02-12 16:04:05.148,23388,23389,23391,3,3
2025-02-12 16:04:05.546,23390,23392,23391,1,1
2025-02-12 16:04:05.570,23390,23392,23391,1,1
2025-02-12 16:04:06.107,23389,23392,23392,1,1
2025-02-12 16:04:06.880,23388,23390,23390,1,1
2025-02-12 16:04:06.880,23388,23390,23390,3,3
2025-02-12 16:04:06.880,23388,23390,23390,1,1
2025-02-12 16:04:08.039,23390,23391,23390,1,-1
2025-02-12 16:04:11.019,23390,23391,23391,1,1
2025-02-12 16:04:11.019,23390,23391,23391,1,1
2025-02-12 16:04:14.515,23390,23391,23391,2,2
2025-02-12 16:04:15.998,23391,23392,23391,1,-1
2025-02-12 16:04:19.627,23391,23392,23392,1,1
2025-02-12 16:04:19.627,23391,23392,23392,1,1
2025-02-12 16:04:19.627,23391,23392,23392,1,1
2025-02-12 16:04:23.652,23392,23393,23393,1,1
2025-02-12 16:04:24.423,23392,23393,23392,1,-1
2025-02-12 16:04:30.259,23390,23392,23391,1,-1
2025-02-12 16:04:31.459,23390,23392,23392,9,9
2025-02-12 16:04:31.459,23390,23392,23393,1,1
2025-02-12 16:04:35.601,23390,23391,23391,1,1
2025-02-12 16:04:36.118,23390,23391,23391,1,1
2025-02-12 16:04:39.602,23391,23393,23391,1,-1
2025-02-12 16:04:40.306,23391,23393,23391,1,-1
2025-02-12 16:04:40.814,23390,23393,23393,1,1
2025-02-12 16:04:41.625,23390,23393,23390,1,-1
2025-02-12 16:04:41.993,23390,23393,23393,2,2
2025-02-12 16:04:45.822,23391,23393,23391,1,-1
2025-02-12 16:04:53.425,23391,23392,23392,1,1
2025-02-12 16:04:53.440,23391,23392,23392,1,1
2025-02-12 16:04:53.440,23391,23392,23392,1,1
2025-02-12 16:04:55.182,23391,23393,23393,1,1
2025-02-12 16:04:56.148,23391,23393,23393,1,1
2025-02-12 16:05:00.882,23391,23393,23391,2,-2
2025-02-12 16:05:00.977,23390,23391,23391,1,1
2025-02-12 16:05:00.978,23390,23391,23392,1,1
2025-02-12 16:05:01.068,23390,23391,23393,2,2
2025-02-12 16:05:01.101,23391,23393,23393,1,1
2025-02-12 16:05:01.101,23391,23393,23394,1,1
2025-02-12 16:05:01.101,23391,23393,23394,1,1
2025-02-12 16:05:01.102,23391,23393,23395,1,1
2025-02-12 16:05:01.102,23391,23393,23395,1,1
2025-02-12 16:05:01.102,23391,23393,23395,1,1
2025-02-12 16:05:01.102,23391,23393,23394,1,1
2025-02-12 16:05:01.102,23391,23393,23394,1,1
2025-02-12 16:05:01.102,23391,23393,23394,1,1
2025-02-12 16:05:01.103,23391,23393,23395,1,1
2025-02-12 16:05:01.206,23391,23393,23392,1,1
2025-02-12 16:05:01.297,23390,23393,23392,1,1
2025-02-12 16:05:01.304,23390,23393,23390,1,-1
2025-02-12 16:05:01.310,23390,23393,23393,1,1
2025-02-12 16:05:01.340,23390,23393,23393,1,1
2025-02-12 16:05:01.340,23390,23393,23394,3,3
2025-02-12 16:05:01.379,23390,23393,23393,1,1
2025-02-12 16:05:01.456,23390,23393,23393,1,1
2025-02-12 16:05:01.506,23391,23393,23393,1,1
2025-02-12 16:05:01.781,23391,23393,23393,1,1
2025-02-12 16:05:01.849,23391,23394,23394,4,4
2025-02-12 16:05:01.850,23391,23394,23392,1,-1
2025-02-12 16:05:05.567,23390,23393,23392,1,1
2025-02-12 16:05:07.301,23390,23392,23392,3,3
2025-02-12 16:05:07.301,23390,23392,23393,2,2
2025-02-12 16:05:07.656,23390,23393,23390,1,-1
2025-02-12 16:05:09.877,23391,23393,23391,1,-1
2025-02-12 16:05:09.877,23391,23393,23390,3,-3
2025-02-12 16:05:09.975,23390,23393,23393,1,1
2025-02-12 16:05:09.975,23390,23393,23393,1,1
2025-02-12 16:05:09.975,23390,23393,23393,1,1
2025-02-12 16:05:09.975,23390,23393,23393,1,1
2025-02-12 16:05:09.976,23390,23393,23394,1,1
2025-02-12 16:05:09.976,23390,23393,23394,1,1
2025-02-12 16:05:09.976,23390,23393,23394,1,1
2025-02-12 16:05:09.976,23390,23393,23394,1,1
2025-02-12 16:05:09.976,23390,23393,23394,1,1
2025-02-12 16:05:09.976,23390,23393,23394,1,1
2025-02-12 16:05:09.976,23390,23393,23394,1,1
2025-02-12 16:05:09.976,23390,23393,23395,1,1
2025-02-12 16:05:09.977,23390,23393,23395,1,1
2025-02-12 16:05:09.983,23390,23393,23394,1,1
2025-02-12 16:05:14.199,23392,23394,23392,6,-6
2025-02-12 16:05:15.838,23391,23392,23392,3,3
2025-02-12 16:05:16.325,23391,23394,23394,1,1
2025-02-12 16:05:17.074,23391,23394,23391,1,-1
2025-02-12 16:05:20.308,23391,23393,23393,3,3
2025-02-12 16:05:20.308,23391,23393,23394,7,7
2025-02-12 16:05:20.350,23391,23394,23394,1,1
2025-02-12 16:05:20.350,23391,23394,23394,1,1
2025-02-12 16:05:20.350,23391,23394,23394,1,1
2025-02-12 16:05:20.350,23391,23394,23395,1,1
2025-02-12 16:05:20.350,23391,23394,23395,1,1
2025-02-12 16:05:20.350,23391,23394,23395,1,1
2025-02-12 16:05:20.351,23391,23394,23395,1,1
2025-02-12 16:05:20.351,23391,23394,23395,1,1
2025-02-12 16:05:20.351,23391,23394,23395,1,1
2025-02-12 16:05:20.351,23391,23394,23395,1,1
2025-02-12 16:05:20.351,23391,23394,23395,1,1
2025-02-12 16:05:20.351,23391,23394,23395,1,1
2025-02-12 16:05:20.352,23391,23394,23395,1,1
2025-02-12 16:05:20.518,23393,23395,23395,3,3
2025-02-12 16:05:24.072,23391,23394,23394,1,1
2025-02-12 16:05:33.712,23391,23392,23391,3,-3
2025-02-12 16:05:34.376,23390,23392,23392,3,3
2025-02-12 16:05:34.376,23390,23392,23393,4,4
2025-02-12 16:05:34.476,23391,23393,23395,1,1
2025-02-12 16:05:34.476,23391,23393,23395,1,1
2025-02-12 16:05:34.476,23391,23393,23394,1,1
2025-02-12 16:05:34.476,23391,23393,23394,1,1
2025-02-12 16:05:34.476,23391,23393,23394,1,1
2025-02-12 16:05:34.476,23391,23393,23393,1,1
2025-02-12 16:05:34.476,23391,23393,23394,1,1
2025-02-12 16:05:34.477,23391,23393,23394,1,1
2025-02-12 16:05:34.481,23391,23393,23395,1,1
2025-02-12 16:05:37.333,23391,23393,23391,1,-1
2025-02-12 16:05:42.763,23391,23393,23391,1,-1
2025-02-12 16:05:42.851,23391,23393,23393,1,1
2025-02-12 16:05:42.851,23391,23393,23393,1,1
2025-02-12 16:05:48.061,23391,23392,23391,1,-1
2025-02-12 16:05:48.062,23391,23392,23391,2,-2
2025-02-12 16:05:48.500,23390,23392,23392,1,1
2025-02-12 16:05:51.048,23391,23392,23392,1,1
2025-02-12 16:05:51.100,23391,23393,23393,1,1
2025-02-12 16:05:51.101,23391,23393,23393,1,1
2025-02-12 16:05:51.101,23391,23393,23393,1,1
2025-02-12 16:05:51.902,23392,23394,23392,1,-1
2025-02-12 16:05:55.608,23392,23393,23392,2,-2
2025-02-12 16:05:56.369,23391,23393,23391,2,-2
2025-02-12 16:05:57.974,23391,23393,23391,1,-1
2025-02-12 16:05:58.864,23390,23391,23390,1,-1
2025-02-12 16:05:59.376,23390,23391,23390,1,-1
2025-02-12 16:06:00.455,23390,23391,23391,1,1
2025-02-12 16:06:01.362,23390,23391,23391,1,1
2025-02-12 16:06:02.762,23391,23392,23391,1,-1
2025-02-12 16:06:03.647,23390,23391,23391,1,1
2025-02-12 16:06:04.348,23390,23392,23390,1,-1
2025-02-12 16:06:04.709,23390,23392,23390,1,-1
2025-02-12 16:06:04.838,23390,23392,23390,12,-12
2025-02-12 16:06:04.839,23390,23392,23389,7,-7
2025-02-12 16:06:07.516,23388,23389,23388,5,-5
2025-02-12 16:06:09.210,23387,23389,23387,2,-2
2025-02-12 16:06:09.210,23387,23389,23386,2,-2
2025-02-12 16:06:10.484,23386,23387,23386,1,-1
2025-02-12 16:06:10.789,23386,23387,23386,1,-1
2025-02-12 16:06:10.856,23385,23387,23385,2,-2
2025-02-12 16:06:10.856,23385,23387,23385,2,-2
2025-02-12 16:06:13.437,23384,23386,23383,2,-2
2025-02-12 16:06:13.437,23384,23386,23384,3,-3
2025-02-12 16:06:14.757,23384,23386,23384,4,-4
2025-02-12 16:06:15.542,23384,23386,23384,2,-2
2025-02-12 16:06:16.563,23383,23385,23384,1,-1
2025-02-12 16:06:17.482,23384,23385,23385,2,2
2025-02-12 16:06:18.627,23385,23386,23386,1,1
2025-02-12 16:06:18.628,23385,23386,23386,1,1
2025-02-12 16:06:18.726,23385,23387,23387,1,1
2025-02-12 16:06:18.962,23385,23388,23385,1,-1
2025-02-12 16:06:20.452,23385,23388,23385,1,-1
2025-02-12 16:06:23.113,23385,23386,23386,1,1
2025-02-12 16:06:23.823,23386,23388,23386,1,-1
2025-02-12 16:06:26.923,23385,23387,23384,2,-2
2025-02-12 16:06:26.923,23385,23387,23385,3,-3
2025-02-12 16:06:31.693,23385,23387,23385,1,-1
2025-02-12 16:06:33.655,23385,23387,23385,1,-1
2025-02-12 16:06:36.521,23385,23387,23385,1,-1
2025-02-12 16:06:36.521,23385,23387,23384,2,-2
2025-02-12 16:06:39.128,23384,23387,23385,3,-3
2025-02-12 16:06:43.798,23385,23387,23385,1,-1
2025-02-12 16:06:48.625,23385,23386,23386,1,1
2025-02-12 16:06:48.648,23385,23386,23386,2,2
2025-02-12 16:06:49.982,23385,23387,23385,1,-1
2025-02-12 16:06:53.446,23385,23386,23385,1,-1
2025-02-12 16:06:54.205,23385,23386,23385,1,-1
2025-02-12 16:06:56.640,23385,23386,23385,1,-1
2025-02-12 16:07:05.668,23384,23385,23385,1,1
2025-02-12 16:07:06.799,23384,23386,23386,2,2
2025-02-12 16:07:06.857,23384,23387,23384,3,-3
2025-02-12 16:07:06.857,23384,23387,23384,3,-3
2025-02-12 16:07:08.195,23383,23385,23383,3,-3
2025-02-12 16:07:08.196,23383,23385,23383,1,-1
2025-02-12 16:07:08.327,23382,23383,23383,1,1
2025-02-12 16:07:08.327,23382,23383,23383,1,1
2025-02-12 16:07:08.643,23382,23385,23382,2,-2
2025-02-12 16:07:10.915,23382,23384,23383,1,-1
2025-02-12 16:07:12.061,23382,23384,23382,3,-3
2025-02-12 16:07:12.064,23382,23384,23382,3,-3
2025-02-12 16:07:17.743,23383,23384,23384,1,1
2025-02-12 16:07:23.337,23384,23385,23384,1,-1
2025-02-12 16:07:23.563,23384,23385,23384,1,-1
2025-02-12 16:07:25.092,23383,23385,23384,1,-1
2025-02-12 16:07:29.197,23384,23385,23384,1,-1
2025-02-12 16:07:29.266,23383,23385,23383,2,-2
2025-02-12 16:07:29.267,23383,23385,23383,1,-1
2025-02-12 16:07:29.268,23383,23385,23384,1,-1
2025-02-12 16:07:29.347,23383,23385,23385,3,3
2025-02-12 16:07:29.958,23383,23385,23383,1,-1
2025-02-12 16:07:33.222,23383,23385,23383,2,-2
2025-02-12 16:07:34.160,23382,23383,23383,1,1
2025-02-12 16:07:34.160,23382,23383,23383,3,3
2025-02-12 16:07:37.602,23383,23384,23383,1,-1
2025-02-12 16:07:37.603,23383,23384,23384,1,1
2025-02-12 16:07:37.963,23382,23385,23383,1,-1
2025-02-12 16:07:44.315,23382,23383,23382,1,-1
2025-02-12 16:07:45.127,23381,23383,23383,1,1
2025-02-12 16:07:47.077,23381,23383,23381,2,-2
2025-02-12 16:07:47.585,23381,23383,23383,2,2
2025-02-12 16:07:47.586,23381,23383,23383,2,2
2025-02-12 16:07:47.586,23381,23383,23384,1,1
2025-02-12 16:07:47.640,23383,23385,23383,1,-1
2025-02-12 16:07:47.640,23383,23385,23382,2,-2
2025-02-12 16:07:47.643,23383,23385,23382,2,-2
2025-02-12 16:07:47.643,23383,23385,23381,1,-1
2025-02-12 16:07:49.147,23381,23384,23381,1,-1
2025-02-12 16:07:50.427,23382,23384,23382,2,-2
2025-02-12 16:07:52.457,23381,23384,23381,1,-1
2025-02-12 16:08:03.815,23382,23383,23383,3,3
2025-02-12 16:08:04.140,23382,23385,23385,2,2
