2020-12-22 15:00:00.004,14039,14040,14036,110
2020-12-22 15:00:00.006,14035,14037,14035,1
2020-12-22 15:00:00.006,14035,14037,14035,2
2020-12-22 15:00:00.007,14035,14037,14035,8
2020-12-22 15:00:00.069,14033,14037,14033,2
2020-12-22 15:00:00.099,14033,14037,14037,2
2020-12-22 15:00:00.117,14033,14037,14036,1
2020-12-22 15:00:00.136,14033,14037,14033,3
2020-12-22 15:00:00.202,14033,14036,14033,2
2020-12-22 15:00:00.203,14033,14036,14032,4
2020-12-22 15:00:00.203,14033,14036,14031,3
2020-12-22 15:00:00.203,14033,14036,14030,11
2020-12-22 15:00:00.203,14033,14036,14029,4
2020-12-22 15:00:00.203,14033,14036,14028,1
2020-12-22 15:00:00.203,14033,14036,14027,5
2020-12-22 15:00:00.203,14033,14036,14026,2
2020-12-22 15:00:00.213,14033,14036,14026,2
2020-12-22 15:00:00.223,14033,14036,14026,2
2020-12-22 15:00:00.223,14033,14036,14026,15
2020-12-22 15:00:00.232,14033,14036,14036,1
2020-12-22 15:00:00.321,14025,14036,14026,3
2020-12-22 15:00:00.322,14025,14036,14026,2
2020-12-22 15:00:00.350,14025,14036,14034,2
2020-12-22 15:00:00.353,14025,14036,14027,4
2020-12-22 15:00:00.383,14025,14036,14025,4
2020-12-22 15:00:00.385,14025,14036,14025,1
2020-12-22 15:00:00.421,14025,14035,14025,1
2020-12-22 15:00:00.431,14025,14035,14025,1
2020-12-22 15:00:00.435,14025,14035,14023,2
2020-12-22 15:00:00.440,14025,14035,14023,2
2020-12-22 15:00:00.455,14025,14035,14022,2
2020-12-22 15:00:00.489,14025,14035,14022,2
2020-12-22 15:00:00.512,14025,14035,14022,1
2020-12-22 15:00:00.516,14025,14035,14022,1
2020-12-22 15:00:00.521,14025,14035,14022,8
2020-12-22 15:00:00.521,14025,14035,14021,2
2020-12-22 15:00:00.522,14025,14035,14021,1
2020-12-22 15:00:00.522,14025,14035,14020,2
2020-12-22 15:00:00.523,14025,14035,14020,2
2020-12-22 15:00:00.531,14025,14035,14026,3
2020-12-22 15:00:00.531,14025,14035,14031,1
2020-12-22 15:00:00.533,14025,14035,14020,1
2020-12-22 15:00:00.536,14025,14035,14020,3
2020-12-22 15:00:00.540,14020,14031,14020,1
2020-12-22 15:00:00.549,14020,14031,14031,1
2020-12-22 15:00:00.574,14020,14031,14021,1
2020-12-22 15:00:00.574,14020,14031,14020,1
2020-12-22 15:00:00.580,14020,14031,14020,3
2020-12-22 15:00:00.580,14020,14031,14020,1
2020-12-22 15:00:00.595,14020,14031,14020,1
2020-12-22 15:00:00.595,14020,14031,14020,1
2020-12-22 15:00:00.595,14020,14031,14020,1
2020-12-22 15:00:00.611,14020,14031,14021,1
2020-12-22 15:00:00.611,14020,14031,14020,1
2020-12-22 15:00:00.612,14020,14031,14020,2
2020-12-22 15:00:00.618,14020,14031,14020,3
2020-12-22 15:00:00.618,14020,14031,14018,1
2020-12-22 15:00:00.627,14020,14031,14018,1
2020-12-22 15:00:00.627,14020,14031,14018,2
2020-12-22 15:00:00.629,14020,14031,14018,1
2020-12-22 15:00:00.643,14020,14031,14016,2
2020-12-22 15:00:00.648,14020,14031,14016,2
2020-12-22 15:00:00.650,14020,14031,14016,4
2020-12-22 15:00:00.662,14020,14031,14019,1
2020-12-22 15:00:00.672,14017,14020,14017,1
2020-12-22 15:00:00.677,14017,14020,14016,1
2020-12-22 15:00:00.710,14017,14020,14016,1
2020-12-22 15:00:00.744,14017,14020,14016,2
2020-12-22 15:00:00.749,14017,14020,14018,1
2020-12-22 15:00:00.764,14017,14020,14019,1
2020-12-22 15:00:00.766,14017,14020,14018,1
2020-12-22 15:00:00.766,14017,14020,14019,1
2020-12-22 15:00:00.770,14017,14020,14017,1
2020-12-22 15:00:00.774,14017,14020,14016,2
2020-12-22 15:00:00.776,14017,14020,14016,2
2020-12-22 15:00:00.791,14015,14019,14015,1
2020-12-22 15:00:00.832,14015,14019,14015,1
2020-12-22 15:00:00.856,14015,14019,14015,1
2020-12-22 15:00:00.856,14015,14019,14014,1
2020-12-22 15:00:00.916,14014,14018,14018,1
2020-12-22 15:00:00.916,14014,14018,14019,2
2020-12-22 15:00:00.917,14014,14018,14014,1
2020-12-22 15:00:00.917,14014,14018,14013,1
2020-12-22 15:00:00.924,14014,14018,14013,2
2020-12-22 15:00:00.948,14014,14018,14012,1
2020-12-22 15:00:00.953,14014,14018,14012,2
2020-12-22 15:00:00.983,14014,14018,14012,1
2020-12-22 15:00:00.990,14014,14018,14012,1
2020-12-22 15:00:01.000,14014,14018,14012,1
2020-12-22 15:00:01.010,14014,14018,14014,1
2020-12-22 15:00:01.023,14014,14018,14015,3
2020-12-22 15:00:01.033,14014,14018,14012,1
2020-12-22 15:00:01.033,14014,14018,14012,1
2020-12-22 15:00:01.040,14011,14014,14014,1
2020-12-22 15:00:01.043,14011,14014,14012,1
2020-12-22 15:00:01.044,14011,14014,14011,1
2020-12-22 15:00:01.064,14011,14014,14011,4
2020-12-22 15:00:01.064,14011,14014,14010,2
2020-12-22 15:00:01.065,14011,14014,14013,1
2020-12-22 15:00:01.065,14011,14014,14014,3
2020-12-22 15:00:01.065,14011,14014,14015,2
2020-12-22 15:00:01.065,14011,14014,14013,2
2020-12-22 15:00:01.145,14011,14014,14013,4
2020-12-22 15:00:01.156,14011,14014,14013,2
2020-12-22 15:00:01.156,14011,14014,14013,1
2020-12-22 15:00:01.157,14011,14014,14011,1
2020-12-22 15:00:01.157,14011,14014,14010,1
2020-12-22 15:00:01.160,14011,14014,14010,2
2020-12-22 15:00:01.162,14011,14014,14014,1
2020-12-22 15:00:01.165,14010,14014,14014,1
2020-12-22 15:00:01.165,14010,14014,14015,2
2020-12-22 15:00:01.185,14010,14014,14011,1
2020-12-22 15:00:01.221,14010,14014,14010,1
2020-12-22 15:00:01.238,14010,14014,14011,1
2020-12-22 15:00:01.246,14010,14014,14010,1
2020-12-22 15:00:01.248,14010,14014,14010,3
2020-12-22 15:00:01.248,14010,14014,14009,1
2020-12-22 15:00:01.248,14010,14014,14008,1
2020-12-22 15:00:01.253,14010,14014,14009,2
2020-12-22 15:00:01.255,14010,14014,14009,1
2020-12-22 15:00:01.267,14010,14014,14009,1
2020-12-22 15:00:01.290,14008,14011,14011,1
2020-12-22 15:00:01.295,14008,14011,14011,2
2020-12-22 15:00:01.307,14008,14011,14009,1
2020-12-22 15:00:01.318,14008,14011,14009,1
2020-12-22 15:00:01.325,14008,14011,14009,2
2020-12-22 15:00:01.351,14008,14011,14011,1
2020-12-22 15:00:01.385,14008,14011,14009,1
2020-12-22 15:00:01.415,14008,14010,14010,1
2020-12-22 15:00:01.415,14008,14010,14011,2
2020-12-22 15:00:01.418,14008,14010,14008,1
2020-12-22 15:00:01.426,14008,14010,14009,1
2020-12-22 15:00:01.431,14008,14010,14008,1
2020-12-22 15:00:01.452,14008,14010,14008,1
2020-12-22 15:00:01.461,14008,14010,14008,4
2020-12-22 15:00:01.462,14008,14010,14008,2
2020-12-22 15:00:01.464,14008,14010,14009,4
2020-12-22 15:00:01.488,14008,14010,14008,2
2020-12-22 15:00:01.488,14008,14010,14008,1
2020-12-22 15:00:01.494,14008,14010,14008,2
2020-12-22 15:00:01.540,14008,14010,14010,1
2020-12-22 15:00:01.545,14008,14010,14008,4
2020-12-22 15:00:01.553,14008,14010,14008,1
2020-12-22 15:00:01.580,14008,14010,14009,1
2020-12-22 15:00:01.580,14008,14010,14010,2
2020-12-22 15:00:01.580,14008,14010,14011,1
2020-12-22 15:00:01.621,14008,14010,14011,3
2020-12-22 15:00:01.621,14008,14010,14012,1
2020-12-22 15:00:01.621,14008,14010,14013,2
2020-12-22 15:00:01.660,14008,14010,14013,2
2020-12-22 15:00:01.719,14009,14015,14014,1
2020-12-22 15:00:01.732,14009,14015,14009,1
2020-12-22 15:00:01.738,14009,14015,14008,1
2020-12-22 15:00:01.753,14009,14015,14014,1
2020-12-22 15:00:01.834,14009,14015,14011,1
2020-12-22 15:00:01.852,14009,14015,14010,2
2020-12-22 15:00:01.856,14009,14015,14010,1
2020-12-22 15:00:01.856,14009,14015,14010,1
2020-12-22 15:00:01.858,14009,14015,14009,2
2020-12-22 15:00:01.860,14009,14015,14009,1
2020-12-22 15:00:01.860,14009,14015,14009,2
2020-12-22 15:00:01.861,14009,14015,14010,1
2020-12-22 15:00:01.877,14009,14015,14011,5
2020-12-22 15:00:01.877,14009,14015,14012,1
2020-12-22 15:00:01.877,14009,14015,14013,4
2020-12-22 15:00:01.896,14009,14015,14014,3
2020-12-22 15:00:01.896,14009,14015,14015,1
2020-12-22 15:00:01.904,14009,14015,14011,1
2020-12-22 15:00:01.904,14009,14015,14010,2
2020-12-22 15:00:01.904,14009,14015,14010,3
2020-12-22 15:00:01.904,14009,14015,14009,2
2020-12-22 15:00:01.904,14009,14015,14008,3
2020-12-22 15:00:01.907,14009,14015,14008,1
2020-12-22 15:00:01.907,14009,14015,14007,3
2020-12-22 15:00:01.908,14009,14015,14014,1
2020-12-22 15:00:01.908,14009,14015,14015,3
2020-12-22 15:00:01.917,14008,14015,14008,1
2020-12-22 15:00:01.918,14008,14015,14007,2
2020-12-22 15:00:01.963,14008,14015,14007,1
2020-12-22 15:00:01.973,14008,14015,14006,1
2020-12-22 15:00:02.018,14008,14015,14015,1
2020-12-22 15:00:02.018,14008,14015,14016,2
2020-12-22 15:00:02.018,14008,14015,14017,1
2020-12-22 15:00:02.025,14008,14015,14007,1
2020-12-22 15:00:02.055,14006,14017,14006,1
2020-12-22 15:00:02.056,14006,14017,14006,1
2020-12-22 15:00:02.096,14006,14017,14006,2
2020-12-22 15:00:02.097,14006,14017,14006,1
2020-12-22 15:00:02.157,14006,14017,14011,1
2020-12-22 15:00:02.197,14010,14013,14010,1
2020-12-22 15:00:02.218,14010,14013,14011,1
2020-12-22 15:00:02.242,14010,14013,14009,1
2020-12-22 15:00:02.259,14010,14013,14012,1
2020-12-22 15:00:02.262,14010,14013,14013,1
2020-12-22 15:00:02.270,14010,14013,14009,1
2020-12-22 15:00:02.270,14010,14013,14013,2
2020-12-22 15:00:02.277,14010,14013,14010,1
2020-12-22 15:00:02.287,14010,14013,14010,1
2020-12-22 15:00:02.291,14010,14013,14010,1
2020-12-22 15:00:02.297,14010,14013,14010,2
2020-12-22 15:00:02.299,14010,14013,14009,1
2020-12-22 15:00:02.312,14010,14013,14009,2
2020-12-22 15:00:02.355,14010,14013,14009,1
2020-12-22 15:00:02.356,14010,14013,14009,1
2020-12-22 15:00:02.369,14010,14013,14009,1
2020-12-22 15:00:02.379,14010,14013,14011,1
2020-12-22 15:00:02.415,14009,14012,14012,2
2020-12-22 15:00:02.442,14009,14012,14015,1
2020-12-22 15:00:02.454,14009,14012,14012,1
2020-12-22 15:00:02.454,14009,14012,14012,3
2020-12-22 15:00:02.471,14009,14012,14010,1
2020-12-22 15:00:02.503,14009,14012,14010,1
2020-12-22 15:00:02.507,14009,14012,14009,1
2020-12-22 15:00:02.539,14009,14012,14014,2
2020-12-22 15:00:02.541,14010,14015,14010,1
2020-12-22 15:00:02.541,14010,14015,14009,3
2020-12-22 15:00:02.562,14010,14015,14011,1
2020-12-22 15:00:02.580,14010,14015,14010,1
2020-12-22 15:00:02.619,14010,14015,14012,2
2020-12-22 15:00:02.619,14010,14015,14013,2
2020-12-22 15:00:02.632,14010,14015,14015,6
2020-12-22 15:00:02.666,14014,14016,14016,2
2020-12-22 15:00:02.685,14014,14016,14014,1
2020-12-22 15:00:02.686,14014,14016,14014,2
2020-12-22 15:00:02.686,14014,14016,14018,1
2020-12-22 15:00:02.716,14014,14016,14015,1
2020-12-22 15:00:02.752,14014,14016,14013,3
2020-12-22 15:00:02.770,14014,14016,14013,1
2020-12-22 15:00:02.790,14014,14016,14016,2
2020-12-22 15:00:02.800,14014,14016,14018,1
2020-12-22 15:00:02.807,14014,14016,14018,2
2020-12-22 15:00:02.859,14014,14016,14015,1
2020-12-22 15:00:02.861,14014,14016,14017,2
2020-12-22 15:00:02.875,14014,14016,14014,4
2020-12-22 15:00:02.890,14014,14016,14014,3
2020-12-22 15:00:02.894,14014,14016,14014,1
2020-12-22 15:00:02.897,14014,14016,14013,2
2020-12-22 15:00:02.897,14014,14016,14013,1
2020-12-22 15:00:02.908,14014,14016,14013,2
2020-12-22 15:00:02.915,14012,14014,14014,2
2020-12-22 15:00:02.918,14012,14014,14015,3
2020-12-22 15:00:02.964,14012,14014,14014,4
2020-12-22 15:00:02.964,14012,14014,14015,1
2020-12-22 15:00:03.021,14012,14014,14016,3
2020-12-22 15:00:03.030,14012,14014,14015,4
2020-12-22 15:00:03.030,14012,14014,14014,1
2020-12-22 15:00:03.039,14012,14014,14013,1
2020-12-22 15:00:03.065,14013,14017,14013,4
2020-12-22 15:00:03.065,14013,14017,14012,2
2020-12-22 15:00:03.065,14013,14017,14011,1
2020-12-22 15:00:03.076,14013,14017,14013,1
2020-12-22 15:00:03.077,14013,14017,14015,1
2020-12-22 15:00:03.088,14013,14017,14015,1
2020-12-22 15:00:03.088,14013,14017,14016,3
2020-12-22 15:00:03.092,14013,14017,14013,1
2020-12-22 15:00:03.166,14013,14017,14017,1
2020-12-22 15:00:03.167,14013,14017,14014,1
2020-12-22 15:00:03.188,14013,14017,14013,2
2020-12-22 15:00:03.224,14013,14017,14011,1
2020-12-22 15:00:03.273,14013,14017,14015,1
2020-12-22 15:00:03.290,14012,14015,14015,1
2020-12-22 15:00:03.290,14012,14015,14016,3
2020-12-22 15:00:03.375,14012,14015,14013,1
2020-12-22 15:00:03.415,14011,14014,14014,1
2020-12-22 15:00:03.415,14011,14014,14015,1
2020-12-22 15:00:03.458,14011,14014,14015,1
2020-12-22 15:00:03.461,14011,14014,14015,2
2020-12-22 15:00:03.492,14011,14014,14015,1
2020-12-22 15:00:03.515,14011,14014,14018,1
2020-12-22 15:00:03.540,14016,14018,14018,7
2020-12-22 15:00:03.607,14016,14018,14017,1
2020-12-22 15:00:03.622,14016,14018,14016,1
2020-12-22 15:00:03.632,14016,14018,14016,4
2020-12-22 15:00:03.665,14015,14018,14018,3
2020-12-22 15:00:03.761,14015,14018,14015,1
2020-12-22 15:00:03.770,14015,14018,14014,1
2020-12-22 15:00:03.790,14013,14016,14016,1
2020-12-22 15:00:03.790,14013,14016,14017,1
2020-12-22 15:00:03.818,14013,14016,14015,1
2020-12-22 15:00:03.860,14013,14016,14018,2
2020-12-22 15:00:03.934,14015,14019,14020,3
2020-12-22 15:00:03.934,14015,14019,14021,1
2020-12-22 15:00:03.934,14015,14019,14023,4
2020-12-22 15:00:03.934,14015,14019,14024,2
2020-12-22 15:00:03.938,14015,14019,14014,1
2020-12-22 15:00:03.938,14015,14019,14013,2
2020-12-22 15:00:03.999,14015,14019,14014,1
2020-12-22 15:00:03.999,14015,14019,14011,3
2020-12-22 15:00:03.999,14015,14019,14022,1
2020-12-22 15:00:03.999,14015,14019,14023,6
2020-12-22 15:00:03.999,14015,14019,14024,1
2020-12-22 15:00:03.999,14015,14019,14011,1
2020-12-22 15:00:04.040,14010,14018,14018,1
2020-12-22 15:00:04.042,14010,14018,14010,1
2020-12-22 15:00:04.080,14010,14018,14010,1
2020-12-22 15:00:04.144,14010,14018,14010,1
2020-12-22 15:00:04.182,14010,14019,14010,2
2020-12-22 15:00:04.204,14010,14019,14010,1
2020-12-22 15:00:04.226,14010,14019,14010,2
2020-12-22 15:00:04.380,14010,14022,14012,1
2020-12-22 15:00:04.380,14010,14022,14010,1
2020-12-22 15:00:04.638,14010,14021,14010,1
2020-12-22 15:00:04.638,14010,14021,14009,1
2020-12-22 15:00:04.664,14010,14021,14009,1
2020-12-22 15:00:04.683,14008,14020,14007,1
2020-12-22 15:00:04.699,14008,14020,14007,1
2020-12-22 15:00:04.701,14008,14020,14020,2
2020-12-22 15:00:04.703,14008,14020,14007,1
2020-12-22 15:00:04.707,14008,14020,14007,2
2020-12-22 15:00:04.748,14008,14020,14007,1
2020-12-22 15:00:04.758,14008,14020,14007,1
2020-12-22 15:00:04.769,14008,14020,14007,1
2020-12-22 15:00:04.810,14007,14020,14007,5
2020-12-22 15:00:04.853,14007,14020,14019,1
2020-12-22 15:00:04.854,14007,14020,14020,1
2020-12-22 15:00:04.854,14007,14020,14021,1
2020-12-22 15:00:04.873,14007,14020,14020,1
2020-12-22 15:00:04.963,14007,14021,14007,1
2020-12-22 15:00:04.963,14007,14021,14006,1
2020-12-22 15:00:04.973,14007,14021,14006,1
2020-12-22 15:00:05.009,14007,14021,14011,1
2020-12-22 15:00:05.036,14007,14021,14013,1
2020-12-22 15:00:05.039,14007,14021,14018,1
2020-12-22 15:00:05.039,14007,14021,14019,1
2020-12-22 15:00:05.058,14013,14019,14013,1
2020-12-22 15:00:05.060,14013,14019,14011,1
2020-12-22 15:00:05.163,14013,14019,14013,1
2020-12-22 15:00:05.165,14012,14018,14018,1
2020-12-22 15:00:05.165,14012,14018,14019,1
2020-12-22 15:00:05.306,14013,14017,14013,1
2020-12-22 15:00:05.351,14013,14017,14017,1
2020-12-22 15:00:05.351,14013,14017,14018,3
2020-12-22 15:00:05.351,14013,14017,14019,1
2020-12-22 15:00:05.369,14013,14017,14020,1
2020-12-22 15:00:05.369,14013,14017,14021,3
2020-12-22 15:00:05.399,14013,14017,14018,1
2020-12-22 15:00:05.419,14014,14019,14019,1
2020-12-22 15:00:05.516,14014,14019,14020,4
2020-12-22 15:00:05.522,14014,14019,14021,2
2020-12-22 15:00:05.568,14017,14022,14017,1
2020-12-22 15:00:05.753,14017,14021,14021,1
2020-12-22 15:00:05.828,14018,14021,14018,1
2020-12-22 15:00:05.828,14018,14021,14017,1
2020-12-22 15:00:05.828,14018,14021,14017,1
2020-12-22 15:00:05.859,14018,14021,14017,1
2020-12-22 15:00:05.881,14018,14021,14018,2
2020-12-22 15:00:05.903,14018,14021,14019,1
2020-12-22 15:00:06.011,14015,14019,14018,1
2020-12-22 15:00:06.041,14017,14018,14018,3
2020-12-22 15:00:06.045,14017,14018,14020,2
2020-12-22 15:00:06.125,14017,14018,14018,2
2020-12-22 15:00:06.142,14017,14018,14018,1
2020-12-22 15:00:06.165,14017,14019,14019,1
2020-12-22 15:00:06.165,14017,14019,14020,2
2020-12-22 15:00:06.177,14017,14019,14021,2
2020-12-22 15:00:06.177,14017,14019,14022,3
2020-12-22 15:00:06.198,14017,14019,14022,4
2020-12-22 15:00:06.204,14017,14019,14018,1
2020-12-22 15:00:06.290,14018,14021,14021,1
2020-12-22 15:00:06.290,14018,14021,14022,4
2020-12-22 15:00:06.305,14018,14021,14023,1
2020-12-22 15:00:06.381,14018,14021,14018,3
2020-12-22 15:00:06.381,14018,14021,14017,2
2020-12-22 15:00:06.415,14016,14023,14023,1
2020-12-22 15:00:06.439,14016,14023,14023,2
2020-12-22 15:00:06.439,14016,14023,14024,1
2020-12-22 15:00:06.451,14016,14023,14017,1
2020-12-22 15:00:06.452,14016,14023,14018,1
2020-12-22 15:00:06.479,14016,14023,14016,1
2020-12-22 15:00:06.563,14016,14021,14021,1
2020-12-22 15:00:06.666,14016,14021,14016,1
2020-12-22 15:00:06.681,14016,14021,14021,1
2020-12-22 15:00:06.728,14016,14021,14016,1
2020-12-22 15:00:06.828,14017,14021,14021,1
2020-12-22 15:00:06.875,14017,14021,14020,1
2020-12-22 15:00:06.912,14017,14021,14018,1
2020-12-22 15:00:07.035,14018,14021,14018,1
2020-12-22 15:00:07.042,14018,14021,14018,2
2020-12-22 15:00:07.042,14018,14021,14018,1
2020-12-22 15:00:07.043,14018,14021,14016,1
2020-12-22 15:00:07.043,14018,14021,14016,1
2020-12-22 15:00:07.043,14018,14021,14016,1
2020-12-22 15:00:07.044,14018,14021,14015,1
2020-12-22 15:00:07.044,14018,14021,14015,1
2020-12-22 15:00:07.044,14018,14021,14014,1
2020-12-22 15:00:07.044,14018,14021,14014,2
2020-12-22 15:00:07.045,14018,14021,14014,1
2020-12-22 15:00:07.045,14018,14021,14013,1
2020-12-22 15:00:07.045,14018,14021,14013,1
2020-12-22 15:00:07.045,14018,14021,14012,1
2020-12-22 15:00:07.045,14018,14021,14012,1
2020-12-22 15:00:07.046,14018,14021,14011,1
2020-12-22 15:00:07.047,14018,14021,14011,1
2020-12-22 15:00:07.192,14012,14017,14015,1
2020-12-22 15:00:07.199,14012,14017,14016,1
2020-12-22 15:00:07.199,14012,14017,14017,3
2020-12-22 15:00:07.210,14012,14017,14017,1
2020-12-22 15:00:07.210,14012,14017,14018,1
2020-12-22 15:00:07.287,14012,14017,14018,1
2020-12-22 15:00:07.512,14014,14019,14012,1
2020-12-22 15:00:07.528,14014,14019,14017,1
2020-12-22 15:00:07.711,14012,14018,14012,1
2020-12-22 15:00:07.711,14012,14018,14011,1
2020-12-22 15:00:07.711,14012,14018,14010,2
2020-12-22 15:00:07.722,14012,14018,14010,1
2020-12-22 15:00:07.722,14012,14018,14008,3
2020-12-22 15:00:07.740,14012,14018,14009,1
2020-12-22 15:00:07.786,14012,14018,14008,3
2020-12-22 15:00:07.810,14007,14017,14017,1
2020-12-22 15:00:07.810,14007,14017,14018,1
2020-12-22 15:00:07.835,14007,14017,14018,1
2020-12-22 15:00:07.847,14007,14017,14011,3
2020-12-22 15:00:07.853,14007,14017,14018,1
2020-12-22 15:00:07.945,14012,14018,14012,1
2020-12-22 15:00:07.945,14012,14018,14017,1
2020-12-22 15:00:07.945,14012,14018,14018,1
2020-12-22 15:00:08.024,14012,14018,14012,1
2020-12-22 15:00:08.024,14012,14018,14011,1
2020-12-22 15:00:08.029,14012,14018,14011,1
2020-12-22 15:00:08.030,14012,14018,14009,1
2020-12-22 15:00:08.042,14008,14018,14008,2
2020-12-22 15:00:08.117,14008,14018,14017,1
2020-12-22 15:00:08.117,14008,14018,14018,1
2020-12-22 15:00:08.137,14008,14018,14009,1
2020-12-22 15:00:08.197,14013,14018,14018,2
2020-12-22 15:00:08.197,14013,14018,14019,2
2020-12-22 15:00:08.289,14013,14018,14016,1
2020-12-22 15:00:08.302,14013,14017,14017,1
2020-12-22 15:00:08.337,14013,14017,14017,1
2020-12-22 15:00:08.350,14013,14017,14013,1
2020-12-22 15:00:08.479,14012,14017,14012,3
2020-12-22 15:00:08.479,14012,14017,14008,3
2020-12-22 15:00:08.508,14012,14017,14007,1
2020-12-22 15:00:08.599,14006,14017,14006,2
2020-12-22 15:00:08.715,14011,14014,14014,1
2020-12-22 15:00:08.790,14012,14014,14014,1
2020-12-22 15:00:09.100,14012,14014,14014,1
2020-12-22 15:00:09.152,14012,14014,14012,2
2020-12-22 15:00:09.176,14011,14014,14014,1
2020-12-22 15:00:09.217,14011,14014,14015,1
2020-12-22 15:00:09.217,14011,14014,14015,5
2020-12-22 15:00:09.221,14011,14014,14016,1
2020-12-22 15:00:09.248,14011,14014,14014,1
2020-12-22 15:00:09.337,14012,14017,14014,1
2020-12-22 15:00:09.716,14012,14014,14015,1
2020-12-22 15:00:09.717,14012,14014,14015,1
2020-12-22 15:00:09.717,14012,14014,14017,1
2020-12-22 15:00:09.717,14012,14014,14018,5
2020-12-22 15:00:09.752,14012,14014,14014,1
2020-12-22 15:00:09.752,14012,14014,14013,4
2020-12-22 15:00:09.949,14013,14016,14016,1
2020-12-22 15:00:09.955,14013,14016,14016,3
2020-12-22 15:00:10.266,14015,14019,14019,1
2020-12-22 15:00:10.355,14015,14020,14015,1
2020-12-22 15:00:10.364,14015,14020,14013,1
2020-12-22 15:00:10.364,14015,14020,14012,2
2020-12-22 15:00:10.382,14015,14020,14016,1
2020-12-22 15:00:10.417,14012,14017,14017,1
2020-12-22 15:00:10.440,14012,14017,14016,1
2020-12-22 15:00:10.695,14012,14016,14016,1
2020-12-22 15:00:10.750,14012,14016,14016,2
2020-12-22 15:00:10.767,14012,14016,14013,1
2020-12-22 15:00:10.788,14012,14016,14018,1
2020-12-22 15:00:11.370,14013,14015,14013,1
2020-12-22 15:00:11.428,14012,14015,14015,1
2020-12-22 15:00:11.428,14012,14015,14016,1
2020-12-22 15:00:11.472,14012,14015,14016,1
2020-12-22 15:00:11.480,14012,14015,14017,1
2020-12-22 15:00:11.537,14012,14015,14018,1
2020-12-22 15:00:11.667,14014,14018,14014,1
2020-12-22 15:00:11.737,14014,14018,14018,3
2020-12-22 15:00:11.740,14014,14018,14014,1
2020-12-22 15:00:11.898,14013,14018,14017,1
2020-12-22 15:00:11.898,14013,14018,14018,1
2020-12-22 15:00:12.182,14013,14017,14017,1
2020-12-22 15:00:12.426,14016,14018,14018,1
2020-12-22 15:00:12.426,14016,14018,14019,1
2020-12-22 15:00:12.643,14016,14019,14019,1
2020-12-22 15:00:13.036,14016,14019,14019,1
2020-12-22 15:00:13.036,14016,14019,14020,2
2020-12-22 15:00:13.171,14018,14020,14020,1
2020-12-22 15:00:13.417,14018,14020,14020,2
2020-12-22 15:00:13.417,14018,14020,14020,6
2020-12-22 15:00:13.419,14018,14020,14021,1
2020-12-22 15:00:13.419,14018,14020,14021,1
2020-12-22 15:00:13.476,14018,14020,14020,1
2020-12-22 15:00:13.547,14020,14022,14020,1
2020-12-22 15:00:13.894,14020,14022,14022,1
2020-12-22 15:00:14.095,14022,14024,14022,1
2020-12-22 15:00:14.166,14021,14024,14024,2
2020-12-22 15:00:14.166,14021,14024,14025,1
2020-12-22 15:00:14.379,14022,14025,14025,1
2020-12-22 15:00:14.735,14023,14026,14022,1
2020-12-22 15:00:14.735,14023,14026,14022,1
2020-12-22 15:00:14.815,14021,14024,14021,6
2020-12-22 15:00:14.848,14021,14024,14021,1
2020-12-22 15:00:14.848,14021,14024,14020,1
2020-12-22 15:00:14.848,14021,14024,14019,2
2020-12-22 15:00:15.063,14019,14024,14023,1
2020-12-22 15:00:15.369,14019,14024,14021,1
2020-12-22 15:00:15.403,14019,14024,14024,1
2020-12-22 15:00:15.403,14019,14024,14025,2
2020-12-22 15:00:15.403,14019,14024,14026,1
2020-12-22 15:00:15.611,14020,14025,14023,1
2020-12-22 15:00:15.863,14020,14023,14020,1
2020-12-22 15:00:15.899,14020,14023,14020,1
2020-12-22 15:00:15.899,14020,14023,14019,1
2020-12-22 15:00:15.935,14019,14022,14020,2
2020-12-22 15:00:15.956,14019,14022,14019,1
2020-12-22 15:00:15.976,14019,14022,14019,1
2020-12-22 15:00:16.032,14019,14022,14018,1
2020-12-22 15:00:16.359,14019,14021,14021,1
2020-12-22 15:00:16.359,14019,14021,14022,1
2020-12-22 15:00:16.665,14020,14022,14020,1
2020-12-22 15:00:17.007,14020,14022,14022,1
2020-12-22 15:00:17.041,14020,14023,14020,1
2020-12-22 15:00:17.041,14020,14023,14019,1
2020-12-22 15:00:17.042,14020,14023,14019,1
2020-12-22 15:00:17.042,14020,14023,14019,2
2020-12-22 15:00:17.042,14020,14023,14018,1
2020-12-22 15:00:17.043,14020,14023,14018,1
2020-12-22 15:00:17.064,14020,14023,14021,2
2020-12-22 15:00:18.426,14020,14021,14020,1
2020-12-22 15:00:19.108,14020,14021,14021,1
2020-12-22 15:00:19.253,14020,14022,14022,1
2020-12-22 15:00:19.753,14021,14023,14023,2
2020-12-22 15:00:19.788,14021,14023,14021,1
2020-12-22 15:00:20.245,14023,14024,14024,2
2020-12-22 15:00:20.246,14023,14024,14024,3
2020-12-22 15:00:20.301,14023,14025,14023,1
2020-12-22 15:00:20.363,14023,14025,14023,2
2020-12-22 15:00:20.416,14023,14025,14025,1
2020-12-22 15:00:20.579,14023,14026,14023,1
2020-12-22 15:00:20.617,14023,14026,14025,2
2020-12-22 15:00:20.938,14023,14026,14026,2
2020-12-22 15:00:21.242,14023,14025,14023,3
2020-12-22 15:00:21.252,14023,14025,14022,1
2020-12-22 15:00:21.760,14024,14025,14024,1
2020-12-22 15:00:22.017,14024,14025,14025,1
2020-12-22 15:00:22.105,14024,14025,14024,1
2020-12-22 15:00:22.130,14024,14025,14024,1
2020-12-22 15:00:22.202,14022,14024,14022,4
2020-12-22 15:00:22.202,14022,14024,14021,5
2020-12-22 15:00:22.219,14022,14024,14021,3
2020-12-22 15:00:22.233,14022,14024,14021,3
2020-12-22 15:00:22.233,14022,14024,14020,3
2020-12-22 15:00:22.414,14020,14022,14021,1
2020-12-22 15:00:22.473,14020,14022,14022,4
2020-12-22 15:00:23.002,14021,14022,14022,1
2020-12-22 15:00:23.054,14021,14024,14024,1
2020-12-22 15:00:23.183,14021,14024,14024,5
2020-12-22 15:00:23.183,14021,14024,14025,2
2020-12-22 15:00:23.184,14021,14024,14025,3
2020-12-22 15:00:23.312,14022,14024,14022,1
2020-12-22 15:00:24.253,14022,14023,14023,1
2020-12-22 15:00:24.371,14023,14024,14023,1
2020-12-22 15:00:24.736,14023,14024,14024,2
2020-12-22 15:00:25.140,14023,14026,14026,1
2020-12-22 15:00:25.228,14023,14026,14026,2
2020-12-22 15:00:25.441,14025,14026,14026,1
2020-12-22 15:00:25.463,14025,14026,14025,5
2020-12-22 15:00:25.635,14023,14025,14025,1
2020-12-22 15:00:25.635,14023,14025,14025,2
2020-12-22 15:00:26.325,14025,14026,14025,4
2020-12-22 15:00:26.922,14024,14025,14025,1
2020-12-22 15:00:26.922,14024,14025,14026,1
2020-12-22 15:00:27.401,14025,14026,14026,1
2020-12-22 15:00:27.401,14025,14026,14026,1
2020-12-22 15:00:27.416,14025,14027,14025,2
2020-12-22 15:00:27.417,14025,14027,14025,1
2020-12-22 15:00:28.781,14025,14026,14026,2
2020-12-22 15:00:29.191,14025,14027,14027,1
2020-12-22 15:00:29.340,14026,14027,14027,2
2020-12-22 15:00:29.377,14026,14027,14027,1
2020-12-22 15:00:29.451,14026,14028,14028,2
2020-12-22 15:00:29.623,14026,14028,14028,1
2020-12-22 15:00:29.796,14026,14028,14026,4
2020-12-22 15:00:29.831,14026,14028,14028,1
2020-12-22 15:00:29.831,14026,14028,14029,1
2020-12-22 15:00:29.975,14026,14029,14026,1
2020-12-22 15:00:30.847,14027,14028,14027,3
2020-12-22 15:00:30.847,14027,14028,14026,1
2020-12-22 15:00:31.042,14026,14028,14026,1
2020-12-22 15:00:31.044,14026,14028,14027,1
2020-12-22 15:00:31.128,14026,14028,14027,1
2020-12-22 15:00:31.132,14026,14028,14026,1
2020-12-22 15:00:31.185,14026,14029,14026,1
2020-12-22 15:00:31.244,14026,14029,14029,2
2020-12-22 15:00:31.475,14026,14028,14026,2
2020-12-22 15:00:31.560,14026,14028,14026,1
2020-12-22 15:00:31.560,14026,14028,14026,1
2020-12-22 15:00:31.560,14026,14028,14026,1
2020-12-22 15:00:31.632,14026,14028,14025,1
2020-12-22 15:00:31.748,14025,14027,14027,1
2020-12-22 15:00:31.793,14025,14027,14025,2
2020-12-22 15:00:31.961,14025,14027,14025,1
2020-12-22 15:00:31.999,14025,14027,14025,2
2020-12-22 15:00:32.110,14025,14027,14025,1
2020-12-22 15:00:32.110,14025,14027,14025,3
2020-12-22 15:00:32.111,14025,14027,14024,2
2020-12-22 15:00:32.207,14023,14025,14025,4
2020-12-22 15:00:32.239,14023,14025,14026,1
2020-12-22 15:00:32.285,14023,14025,14025,1
2020-12-22 15:00:32.614,14023,14026,14026,2
2020-12-22 15:00:33.042,14023,14025,14023,1
2020-12-22 15:00:33.816,14022,14023,14023,1
2020-12-22 15:00:34.185,14022,14023,14023,1
2020-12-22 15:00:34.220,14022,14023,14024,2
2020-12-22 15:00:34.729,14022,14024,14024,3
2020-12-22 15:00:35.154,14022,14024,14024,1
2020-12-22 15:00:35.154,14022,14024,14025,4
2020-12-22 15:00:35.159,14022,14024,14023,1
2020-12-22 15:00:35.563,14023,14024,14023,1
2020-12-22 15:00:35.919,14022,14024,14024,1
2020-12-22 15:00:35.930,14022,14024,14024,1
2020-12-22 15:00:36.022,14022,14024,14024,2
2020-12-22 15:00:36.370,14023,14024,14024,1
2020-12-22 15:00:36.603,14022,14024,14024,2
2020-12-22 15:00:36.858,14022,14023,14023,4
2020-12-22 15:00:37.062,14022,14024,14024,1
2020-12-22 15:00:37.167,14023,14025,14023,1
2020-12-22 15:00:37.753,14023,14025,14025,2
2020-12-22 15:00:37.961,14023,14025,14023,1
2020-12-22 15:00:38.411,14022,14025,14023,2
2020-12-22 15:00:40.504,14023,14024,14024,4
2020-12-22 15:00:40.550,14024,14025,14024,1
2020-12-22 15:00:40.646,14024,14025,14024,2
2020-12-22 15:00:40.995,14023,14024,14023,1
2020-12-22 15:00:41.433,14023,14024,14023,1
2020-12-22 15:00:41.601,14023,14024,14023,7
2020-12-22 15:00:41.602,14023,14024,14022,7
2020-12-22 15:00:41.651,14023,14024,14021,2
2020-12-22 15:00:41.651,14023,14024,14021,2
2020-12-22 15:00:41.652,14023,14024,14020,2
2020-12-22 15:00:41.725,14019,14021,14019,1
2020-12-22 15:00:41.725,14019,14021,14018,1
2020-12-22 15:00:41.735,14019,14021,14020,1
2020-12-22 15:00:41.756,14019,14021,14018,8
2020-12-22 15:00:41.757,14019,14021,14018,1
2020-12-22 15:00:41.757,14019,14021,14020,4
2020-12-22 15:00:41.757,14019,14021,14021,1
2020-12-22 15:00:41.758,14019,14021,14021,2
2020-12-22 15:00:42.166,14019,14022,14022,1
2020-12-22 15:00:42.425,14021,14023,14023,1
2020-12-22 15:00:42.425,14021,14023,14023,1
2020-12-22 15:00:42.859,14020,14022,14022,1
2020-12-22 15:00:43.278,14021,14023,14023,1
2020-12-22 15:00:44.314,14022,14023,14023,3
2020-12-22 15:00:44.426,14022,14024,14024,4
2020-12-22 15:00:44.454,14022,14024,14025,1
2020-12-22 15:00:45.226,14023,14025,14023,2
2020-12-22 15:00:45.384,14023,14025,14025,2
2020-12-22 15:00:45.397,14023,14025,14023,1
2020-12-22 15:00:45.739,14023,14025,14025,2
2020-12-22 15:00:46.694,14023,14025,14024,1
2020-12-22 15:00:47.184,14023,14025,14025,1
2020-12-22 15:00:47.184,14023,14025,14026,2
2020-12-22 15:00:47.292,14025,14026,14025,1
2020-12-22 15:00:47.292,14025,14026,14025,1
2020-12-22 15:00:47.292,14025,14026,14024,1
2020-12-22 15:00:47.292,14025,14026,14023,1
2020-12-22 15:00:47.292,14025,14026,14023,1
2020-12-22 15:00:47.292,14025,14026,14023,1
2020-12-22 15:00:47.293,14025,14026,14024,1
2020-12-22 15:00:47.293,14025,14026,14024,1
2020-12-22 15:00:47.293,14025,14026,14024,1
2020-12-22 15:00:47.293,14025,14026,14024,1
2020-12-22 15:00:47.293,14025,14026,14022,1
2020-12-22 15:00:47.293,14025,14026,14022,1
2020-12-22 15:00:47.293,14025,14026,14022,1
2020-12-22 15:00:48.017,14023,14024,14023,1
2020-12-22 15:00:48.089,14023,14024,14024,1
2020-12-22 15:00:48.231,14023,14026,14026,1
2020-12-22 15:00:48.681,14025,14026,14025,1
2020-12-22 15:00:48.841,14024,14026,14025,1
2020-12-22 15:00:50.512,14025,14026,14026,1
2020-12-22 15:00:50.513,14025,14026,14026,1
2020-12-22 15:00:50.598,14026,14027,14026,1
2020-12-22 15:00:50.613,14026,14027,14026,1
2020-12-22 15:00:50.807,14025,14026,14026,1
2020-12-22 15:00:50.814,14025,14026,14026,1
2020-12-22 15:00:51.614,14026,14027,14026,1
2020-12-22 15:00:52.638,14026,14027,14027,1
2020-12-22 15:00:52.660,14026,14027,14027,1
2020-12-22 15:00:52.661,14026,14027,14027,5
2020-12-22 15:00:52.919,14026,14028,14026,1
2020-12-22 15:00:53.769,14027,14028,14027,1
2020-12-22 15:00:54.021,14026,14028,14027,1
2020-12-22 15:00:54.024,14026,14028,14026,1
2020-12-22 15:00:54.102,14026,14028,14028,1
2020-12-22 15:00:54.902,14026,14028,14028,1
2020-12-22 15:00:55.268,14026,14028,14028,2
2020-12-22 15:00:55.498,14026,14028,14026,2
2020-12-22 15:00:55.738,14027,14028,14027,4
2020-12-22 15:00:55.840,14026,14028,14026,1
2020-12-22 15:00:55.860,14026,14028,14026,1
2020-12-22 15:00:55.954,14026,14027,14026,1
2020-12-22 15:00:56.025,14026,14027,14025,1
2020-12-22 15:00:56.783,14025,14027,14025,6
2020-12-22 15:00:56.962,14024,14025,14024,5
2020-12-22 15:00:57.739,14023,14025,14023,1
2020-12-22 15:00:57.824,14023,14025,14025,3
2020-12-22 15:00:58.749,14023,14025,14023,1
2020-12-22 15:00:58.781,14023,14025,14023,11
2020-12-22 15:00:58.782,14023,14025,14022,5
2020-12-22 15:00:58.784,14023,14025,14022,1
2020-12-22 15:00:58.916,14021,14022,14021,3
2020-12-22 15:00:58.917,14021,14022,14020,12
2020-12-22 15:00:58.918,14021,14022,14019,1
2020-12-22 15:00:58.918,14021,14022,14019,1
2020-12-22 15:00:59.076,14019,14020,14019,1
2020-12-22 15:00:59.076,14019,14020,14018,2
2020-12-22 15:00:59.190,14017,14019,14017,2
2020-12-22 15:00:59.196,14017,14019,14017,1
2020-12-22 15:00:59.197,14017,14019,14017,1
2020-12-22 15:00:59.224,14017,14019,14017,1
2020-12-22 15:00:59.757,14016,14017,14017,1
2020-12-22 15:00:59.782,14016,14017,14019,2
2020-12-22 15:00:59.785,14016,14017,14019,1
2020-12-22 15:00:59.788,14016,14017,14020,1
2020-12-22 15:00:59.827,14018,14020,14018,1
2020-12-22 15:00:59.842,14018,14020,14017,1
2020-12-22 15:00:59.884,14018,14020,14019,1
2020-12-22 15:01:00.002,14017,14019,14017,2
2020-12-22 15:01:00.030,14017,14019,14019,1
2020-12-22 15:01:00.041,14016,14019,14018,1
2020-12-22 15:01:00.041,14016,14019,14016,3
2020-12-22 15:01:00.041,14016,14019,14015,1
2020-12-22 15:01:00.042,14016,14019,14017,1
2020-12-22 15:01:00.051,14016,14019,14016,3
2020-12-22 15:01:00.058,14016,14019,14018,1
2020-12-22 15:01:00.069,14016,14019,14016,1
2020-12-22 15:01:00.077,14016,14019,14016,1
2020-12-22 15:01:00.077,14016,14019,14015,1
2020-12-22 15:01:00.106,14016,14019,14016,2
2020-12-22 15:01:00.112,14016,14019,14015,1
2020-12-22 15:01:00.112,14016,14019,14016,1
2020-12-22 15:01:00.127,14016,14019,14015,3
2020-12-22 15:01:00.127,14016,14019,14014,4
2020-12-22 15:01:00.128,14016,14019,14014,2
2020-12-22 15:01:00.129,14016,14019,14014,2
2020-12-22 15:01:00.129,14016,14019,14015,3
2020-12-22 15:01:00.141,14016,14019,14014,1
2020-12-22 15:01:00.201,14013,14015,14013,1
2020-12-22 15:01:00.201,14013,14015,14014,1
2020-12-22 15:01:00.208,14013,14015,14013,2
2020-12-22 15:01:00.218,14013,14015,14013,2
2020-12-22 15:01:00.223,14013,14015,14013,2
2020-12-22 15:01:00.225,14013,14015,14013,1
2020-12-22 15:01:00.225,14013,14015,14013,1
2020-12-22 15:01:00.268,14013,14015,14014,1
2020-12-22 15:01:00.272,14013,14015,14015,2
2020-12-22 15:01:00.285,14013,14015,14014,2
2020-12-22 15:01:00.338,14013,14015,14013,4
2020-12-22 15:01:00.437,14013,14015,14015,1
2020-12-22 15:01:00.461,14013,14015,14013,20
2020-12-22 15:01:00.502,14013,14015,14015,1
2020-12-22 15:01:00.502,14013,14015,14016,1
2020-12-22 15:01:00.512,14013,14015,14017,2
2020-12-22 15:01:00.522,14013,14015,14017,1
2020-12-22 15:01:00.566,14014,14017,14014,1
2020-12-22 15:01:00.570,14014,14017,14013,1
2020-12-22 15:01:00.588,14014,14017,14017,1
2020-12-22 15:01:00.591,14014,14017,14017,1
2020-12-22 15:01:00.640,14014,14017,14018,1
2020-12-22 15:01:00.838,14013,14018,14018,1
2020-12-22 15:01:00.859,14013,14018,14018,1
2020-12-22 15:01:01.149,14015,14019,14015,1
2020-12-22 15:01:01.279,14015,14019,14019,1
2020-12-22 15:01:01.764,14017,14019,14017,1
2020-12-22 15:01:01.793,14017,14019,14017,1
2020-12-22 15:01:01.803,14017,14019,14017,1
2020-12-22 15:01:01.824,14017,14019,14017,1
2020-12-22 15:01:02.061,14015,14018,14015,1
2020-12-22 15:01:02.067,14015,14018,14015,1
2020-12-22 15:01:02.085,14015,14018,14015,2
2020-12-22 15:01:02.089,14015,14018,14015,1
2020-12-22 15:01:02.107,14015,14018,14015,1
2020-12-22 15:01:02.114,14015,14018,14015,1
2020-12-22 15:01:02.352,14015,14017,14015,2
2020-12-22 15:01:02.383,14015,14017,14017,1
2020-12-22 15:01:02.927,14016,14018,14018,1
2020-12-22 15:01:03.415,14016,14018,14017,1
2020-12-22 15:01:03.770,14016,14018,14018,1
2020-12-22 15:01:04.040,14017,14019,14019,2
2020-12-22 15:01:04.276,14017,14019,14019,4
2020-12-22 15:01:04.660,14019,14020,14019,1
2020-12-22 15:01:04.810,14019,14020,14020,1
2020-12-22 15:01:05.609,14019,14021,14019,1
2020-12-22 15:01:05.704,14019,14021,14021,1
2020-12-22 15:01:05.760,14019,14021,14021,1
2020-12-22 15:01:05.912,14020,14022,14022,1
2020-12-22 15:01:05.951,14020,14023,14020,1
2020-12-22 15:01:06.459,14020,14022,14020,1
2020-12-22 15:01:06.488,14020,14022,14022,1
2020-12-22 15:01:06.488,14020,14022,14023,2
2020-12-22 15:01:06.618,14021,14023,14021,1
2020-12-22 15:01:06.673,14020,14023,14023,1
2020-12-22 15:01:07.662,14021,14024,14023,1
2020-12-22 15:01:07.845,14022,14024,14023,1
2020-12-22 15:01:08.464,14022,14024,14022,1
2020-12-22 15:01:09.406,14021,14023,14021,1
2020-12-22 15:01:10.911,14021,14022,14021,2
2020-12-22 15:01:10.911,14021,14022,14020,2
2020-12-22 15:01:10.911,14021,14022,14019,3
2020-12-22 15:01:11.014,14019,14022,14019,1
2020-12-22 15:01:11.519,14019,14022,14019,1
2020-12-22 15:01:12.528,14020,14022,14022,1
2020-12-22 15:01:13.977,14021,14023,14023,2
2020-12-22 15:01:14.117,14022,14023,14022,1
2020-12-22 15:01:14.474,14020,14022,14022,2
2020-12-22 15:01:14.712,14021,14023,14021,3
2020-12-22 15:01:15.448,14020,14022,14022,1
2020-12-22 15:01:15.462,14020,14022,14020,1
2020-12-22 15:01:15.630,14020,14022,14020,2
2020-12-22 15:01:15.640,14020,14022,14019,1
2020-12-22 15:01:16.072,14018,14020,14020,1
2020-12-22 15:01:16.137,14018,14020,14019,1
2020-12-22 15:01:17.418,14020,14022,14020,1
2020-12-22 15:01:17.541,14019,14021,14021,1
2020-12-22 15:01:17.542,14019,14021,14021,1
2020-12-22 15:01:17.542,14019,14021,14021,1
2020-12-22 15:01:17.542,14019,14021,14022,1
2020-12-22 15:01:17.542,14019,14021,14022,1
2020-12-22 15:01:17.542,14019,14021,14022,1
2020-12-22 15:01:17.543,14019,14021,14022,1
2020-12-22 15:01:17.543,14019,14021,14022,1
2020-12-22 15:01:17.543,14019,14021,14022,1
2020-12-22 15:01:17.543,14019,14021,14022,1
2020-12-22 15:01:17.543,14019,14021,14022,1
2020-12-22 15:01:17.544,14019,14021,14022,1
2020-12-22 15:01:17.544,14019,14021,14022,1
2020-12-22 15:01:17.544,14019,14021,14022,1
2020-12-22 15:01:17.544,14019,14021,14022,1
2020-12-22 15:01:17.988,14021,14023,14022,4
2020-12-22 15:01:18.279,14021,14023,14021,1
2020-12-22 15:01:20.690,14020,14023,14023,1
2020-12-22 15:01:20.816,14020,14023,14020,1
2020-12-22 15:01:22.655,14020,14022,14021,1
2020-12-22 15:01:23.787,14020,14022,14021,1
2020-12-22 15:01:24.012,14020,14021,14020,1
2020-12-22 15:01:24.278,14020,14021,14021,1
2020-12-22 15:01:25.030,14020,14022,14021,1
2020-12-22 15:01:25.031,14020,14022,14021,1
2020-12-22 15:01:25.918,14020,14022,14022,6
2020-12-22 15:01:25.919,14020,14022,14022,3
2020-12-22 15:01:25.920,14020,14022,14023,2
2020-12-22 15:01:25.936,14020,14022,14022,1
2020-12-22 15:01:25.950,14020,14022,14022,1
2020-12-22 15:01:26.277,14022,14024,14022,1
2020-12-22 15:01:26.546,14020,14023,14020,2
2020-12-22 15:01:28.120,14022,14023,14023,1
2020-12-22 15:01:28.257,14022,14024,14023,1
2020-12-22 15:01:28.907,14022,14024,14024,2
2020-12-22 15:01:29.093,14024,14025,14025,1
2020-12-22 15:01:29.104,14024,14025,14024,1
2020-12-22 15:01:30.272,14024,14025,14025,1
2020-12-22 15:01:30.795,14024,14025,14024,1
2020-12-22 15:01:30.817,14024,14025,14023,2
2020-12-22 15:01:31.078,14023,14025,14023,2
2020-12-22 15:01:31.078,14023,14025,14022,6
2020-12-22 15:01:31.078,14023,14025,14021,2
2020-12-22 15:01:31.488,14021,14024,14024,3
2020-12-22 15:01:33.323,14023,14025,14025,4
2020-12-22 15:01:33.326,14023,14025,14025,3
2020-12-22 15:01:33.327,14023,14025,14025,4
2020-12-22 15:01:33.430,14025,14026,14025,1
2020-12-22 15:01:34.794,14024,14025,14025,9
2020-12-22 15:01:34.921,14025,14026,14025,1
2020-12-22 15:01:34.974,14025,14026,14026,1
2020-12-22 15:01:34.976,14025,14026,14025,1
2020-12-22 15:01:36.135,14025,14026,14025,1
2020-12-22 15:01:36.291,14025,14026,14025,1
2020-12-22 15:01:36.371,14025,14026,14025,1
2020-12-22 15:01:36.387,14025,14026,14024,1
2020-12-22 15:01:36.699,14025,14026,14025,1
2020-12-22 15:01:38.045,14025,14026,14025,1
2020-12-22 15:01:38.239,14025,14026,14026,1
2020-12-22 15:01:38.446,14025,14026,14026,5
2020-12-22 15:01:38.758,14026,14027,14027,1
2020-12-22 15:01:39.107,14026,14028,14026,1
2020-12-22 15:01:39.134,14026,14028,14025,6
2020-12-22 15:01:39.136,14026,14028,14025,4
2020-12-22 15:01:39.171,14025,14027,14027,1
2020-12-22 15:01:39.328,14025,14027,14025,1
2020-12-22 15:01:39.470,14025,14027,14027,1
2020-12-22 15:01:40.790,14026,14027,14026,1
2020-12-22 15:01:40.797,14026,14027,14026,1
2020-12-22 15:01:40.998,14025,14027,14027,1
2020-12-22 15:01:41.214,14026,14027,14027,2
2020-12-22 15:01:41.713,14026,14028,14028,2
2020-12-22 15:01:42.105,14026,14028,14027,1
2020-12-22 15:01:42.581,14027,14028,14027,1
2020-12-22 15:01:43.189,14026,14028,14026,2
2020-12-22 15:01:43.189,14026,14028,14025,7
2020-12-22 15:01:43.190,14026,14028,14025,1
2020-12-22 15:01:43.364,14024,14027,14027,1
2020-12-22 15:01:44.194,14024,14027,14025,4
2020-12-22 15:01:44.267,14024,14027,14026,2
2020-12-22 15:01:44.267,14024,14027,14026,1
2020-12-22 15:01:45.758,14025,14026,14026,1
2020-12-22 15:01:45.758,14025,14026,14026,1
2020-12-22 15:01:46.916,14025,14026,14026,2
2020-12-22 15:01:47.596,14025,14027,14027,2
2020-12-22 15:01:47.609,14025,14027,14027,5
2020-12-22 15:01:47.609,14025,14027,14027,1
2020-12-22 15:01:48.535,14026,14027,14026,1
2020-12-22 15:01:48.549,14026,14027,14026,1
2020-12-22 15:01:48.557,14026,14027,14026,1
2020-12-22 15:01:48.559,14026,14027,14026,1
2020-12-22 15:01:48.560,14026,14027,14026,1
2020-12-22 15:01:48.560,14026,14027,14026,1
2020-12-22 15:01:48.573,14026,14027,14025,1
2020-12-22 15:01:48.589,14026,14027,14025,1
2020-12-22 15:01:48.626,14026,14027,14025,1
2020-12-22 15:01:48.627,14026,14027,14026,1
2020-12-22 15:01:49.718,14026,14027,14026,3
2020-12-22 15:01:50.412,14025,14026,14025,7
2020-12-22 15:01:50.413,14025,14026,14025,2
2020-12-22 15:01:50.414,14025,14026,14025,1
2020-12-22 15:01:50.861,14025,14027,14027,2
2020-12-22 15:01:51.136,14025,14027,14025,1
2020-12-22 15:01:51.180,14025,14027,14025,1
2020-12-22 15:01:51.215,14025,14027,14025,1
2020-12-22 15:01:51.222,14025,14027,14024,1
2020-12-22 15:01:51.232,14025,14027,14024,1
2020-12-22 15:01:51.258,14025,14027,14024,1
2020-12-22 15:01:51.274,14025,14027,14024,1
2020-12-22 15:01:51.295,14024,14026,14024,1
2020-12-22 15:01:51.326,14024,14026,14024,1
2020-12-22 15:01:51.515,14024,14026,14025,1
2020-12-22 15:01:51.534,14024,14026,14026,1
2020-12-22 15:01:52.162,14024,14026,14024,1
2020-12-22 15:01:52.502,14024,14026,14024,1
2020-12-22 15:01:52.555,14023,14025,14025,1
2020-12-22 15:01:53.047,14024,14026,14026,4
2020-12-22 15:01:54.161,14024,14026,14026,2
2020-12-22 15:01:55.285,14024,14025,14025,4
2020-12-22 15:01:55.286,14024,14025,14025,1
2020-12-22 15:01:57.017,14025,14026,14026,3
2020-12-22 15:01:58.151,14025,14027,14027,2
2020-12-22 15:01:58.516,14025,14027,14025,3
2020-12-22 15:01:58.597,14025,14027,14027,2
2020-12-22 15:01:58.958,14025,14027,14025,1
2020-12-22 15:01:59.121,14026,14027,14026,1
2020-12-22 15:01:59.593,14026,14027,14027,4
2020-12-22 15:01:59.593,14026,14027,14027,1
2020-12-22 15:01:59.665,14026,14028,14026,1
2020-12-22 15:01:59.891,14026,14028,14026,3
2020-12-22 15:02:00.089,14026,14028,14026,1
2020-12-22 15:02:00.092,14026,14028,14026,2
2020-12-22 15:02:00.096,14026,14028,14025,3
2020-12-22 15:02:00.101,14026,14028,14025,1
2020-12-22 15:02:00.108,14026,14028,14024,1
2020-12-22 15:02:00.184,14024,14026,14026,1
2020-12-22 15:02:00.327,14024,14026,14026,1
2020-12-22 15:02:00.426,14024,14026,14024,1
2020-12-22 15:02:00.749,14024,14025,14025,4
2020-12-22 15:02:00.802,14024,14026,14026,2
2020-12-22 15:02:01.902,14024,14025,14025,1
2020-12-22 15:02:02.003,14024,14026,14025,1
2020-12-22 15:02:02.342,14024,14026,14024,1
2020-12-22 15:02:02.499,14024,14026,14025,4
2020-12-22 15:02:02.973,14025,14026,14026,2
2020-12-22 15:02:03.920,14025,14026,14026,1
2020-12-22 15:02:03.921,14025,14026,14026,1
2020-12-22 15:02:03.979,14025,14026,14027,2
2020-12-22 15:02:04.173,14026,14028,14026,1
2020-12-22 15:02:04.502,14026,14028,14026,1
2020-12-22 15:02:05.107,14026,14028,14026,1
2020-12-22 15:02:05.252,14026,14028,14028,1
2020-12-22 15:02:06.188,14026,14028,14026,1
2020-12-22 15:02:06.533,14027,14028,14027,1
2020-12-22 15:02:07.010,14027,14028,14027,3
2020-12-22 15:02:07.161,14027,14028,14028,11
2020-12-22 15:02:07.227,14028,14029,14029,10
2020-12-22 15:02:08.727,14028,14030,14030,5
2020-12-22 15:02:08.727,14028,14030,14030,13
2020-12-22 15:02:08.731,14028,14030,14031,1
2020-12-22 15:02:08.880,14030,14032,14032,1
2020-12-22 15:02:08.891,14030,14032,14033,1
2020-12-22 15:02:08.925,14031,14033,14032,2
2020-12-22 15:02:09.224,14030,14033,14032,2
2020-12-22 15:02:09.480,14030,14033,14033,1
2020-12-22 15:02:09.576,14030,14033,14030,1
2020-12-22 15:02:09.598,14030,14033,14030,1
2020-12-22 15:02:10.768,14030,14032,14030,4
2020-12-22 15:02:11.513,14030,14032,14030,1
2020-12-22 15:02:11.804,14030,14032,14032,1
2020-12-22 15:02:12.023,14030,14032,14032,1
2020-12-22 15:02:13.207,14030,14032,14031,1
2020-12-22 15:02:13.207,14030,14032,14032,4
2020-12-22 15:02:13.266,14030,14032,14032,1
2020-12-22 15:02:14.185,14031,14033,14033,1
2020-12-22 15:02:15.831,14032,14034,14034,4
2020-12-22 15:02:15.846,14032,14034,14034,1
2020-12-22 15:02:15.847,14032,14034,14034,9
2020-12-22 15:02:15.938,14033,14035,14033,1
2020-12-22 15:02:15.947,14033,14035,14035,1
2020-12-22 15:02:15.948,14033,14035,14035,9
2020-12-22 15:02:16.377,14034,14036,14036,1
2020-12-22 15:02:16.377,14034,14036,14036,3
2020-12-22 15:02:16.538,14035,14037,14037,1
2020-12-22 15:02:16.538,14035,14037,14037,1
2020-12-22 15:02:16.594,14036,14038,14038,4
2020-12-22 15:02:16.614,14036,14038,14037,3
2020-12-22 15:02:16.706,14036,14038,14038,1
2020-12-22 15:02:16.706,14036,14038,14038,1
2020-12-22 15:02:16.794,14037,14039,14037,2
2020-12-22 15:02:16.990,14037,14039,14037,1
2020-12-22 15:02:17.136,14037,14039,14039,1
2020-12-22 15:02:17.214,14037,14039,14039,1
2020-12-22 15:02:17.289,14037,14039,14039,1
2020-12-22 15:02:17.334,14037,14039,14039,1
2020-12-22 15:02:17.334,14037,14039,14039,4
2020-12-22 15:02:17.336,14037,14039,14038,1
2020-12-22 15:02:17.336,14037,14039,14038,1
2020-12-22 15:02:17.875,14037,14039,14039,5
2020-12-22 15:02:17.978,14038,14040,14040,5
2020-12-22 15:02:17.978,14038,14040,14040,2
2020-12-22 15:02:17.979,14038,14040,14039,1
2020-12-22 15:02:18.075,14038,14039,14039,1
2020-12-22 15:02:18.435,14038,14040,14039,1
2020-12-22 15:02:18.518,14038,14040,14039,1
2020-12-22 15:02:18.586,14038,14040,14040,2
2020-12-22 15:02:18.613,14038,14040,14040,1
2020-12-22 15:02:18.691,14038,14040,14040,1
2020-12-22 15:02:18.706,14038,14040,14039,1
2020-12-22 15:02:19.017,14038,14039,14039,2
2020-12-22 15:02:19.284,14038,14039,14038,1
2020-12-22 15:02:19.285,14038,14039,14038,1
2020-12-22 15:02:19.376,14037,14039,14039,1
2020-12-22 15:02:19.533,14037,14039,14039,1
2020-12-22 15:02:19.599,14037,14039,14039,1
2020-12-22 15:02:19.665,14036,14038,14038,1
2020-12-22 15:02:19.692,14036,14038,14038,1
2020-12-22 15:02:19.974,14037,14039,14039,1
2020-12-22 15:02:20.589,14036,14037,14037,1
2020-12-22 15:02:20.667,14036,14038,14038,2
2020-12-22 15:02:20.995,14037,14039,14037,1
2020-12-22 15:02:21.415,14036,14038,14038,2
2020-12-22 15:02:21.415,14036,14038,14039,1
2020-12-22 15:02:21.540,14037,14039,14039,3
2020-12-22 15:02:21.674,14038,14039,14038,1
2020-12-22 15:02:21.724,14038,14039,14039,1
2020-12-22 15:02:22.105,14038,14040,14038,1
2020-12-22 15:02:22.279,14038,14039,14039,1
2020-12-22 15:02:22.727,14038,14039,14039,1
2020-12-22 15:02:22.727,14038,14039,14040,2
2020-12-22 15:02:23.039,14038,14039,14038,1
2020-12-22 15:02:23.790,14038,14039,14038,1
2020-12-22 15:02:23.804,14038,14039,14039,1
2020-12-22 15:02:24.190,14038,14040,14040,1
2020-12-22 15:02:24.271,14038,14040,14040,2
2020-12-22 15:02:24.584,14039,14040,14040,2
2020-12-22 15:02:24.679,14039,14041,14039,1
2020-12-22 15:02:25.765,14039,14041,14040,1
2020-12-22 15:02:26.785,14039,14041,14041,1
2020-12-22 15:02:27.704,14040,14042,14040,1
2020-12-22 15:02:28.705,14041,14042,14042,1
2020-12-22 15:02:28.847,14041,14042,14042,1
2020-12-22 15:02:29.234,14041,14042,14041,1
2020-12-22 15:02:29.502,14041,14042,14041,1
2020-12-22 15:02:30.606,14041,14042,14042,2
2020-12-22 15:02:30.606,14041,14042,14043,1
2020-12-22 15:02:30.722,14041,14043,14042,1
2020-12-22 15:02:30.782,14041,14043,14042,1
2020-12-22 15:02:30.880,14041,14042,14041,1
2020-12-22 15:02:31.176,14041,14042,14042,3
2020-12-22 15:02:31.318,14042,14043,14042,2
2020-12-22 15:02:31.636,14042,14043,14042,3
2020-12-22 15:02:31.636,14042,14043,14042,1
2020-12-22 15:02:31.636,14042,14043,14042,1
2020-12-22 15:02:31.636,14042,14043,14042,1
2020-12-22 15:02:31.636,14042,14043,14042,2
2020-12-22 15:02:31.989,14041,14042,14042,5
2020-12-22 15:02:32.297,14041,14042,14042,2
2020-12-22 15:02:32.743,14041,14042,14041,5
2020-12-22 15:02:32.799,14040,14041,14041,1
2020-12-22 15:02:32.831,14040,14041,14041,1
2020-12-22 15:02:32.987,14040,14042,14041,1
2020-12-22 15:02:33.021,14040,14042,14042,2
2020-12-22 15:02:33.028,14040,14042,14042,3
2020-12-22 15:02:33.028,14040,14042,14043,2
2020-12-22 15:02:33.097,14041,14043,14043,1
2020-12-22 15:02:33.346,14041,14042,14042,1
2020-12-22 15:02:34.076,14041,14043,14043,5
2020-12-22 15:02:34.504,14042,14043,14043,1
2020-12-22 15:02:34.757,14042,14043,14042,1
2020-12-22 15:02:34.757,14042,14043,14042,1
2020-12-22 15:02:34.758,14042,14043,14041,1
2020-12-22 15:02:34.823,14040,14042,14041,2
2020-12-22 15:02:35.112,14040,14042,14042,1
2020-12-22 15:02:36.135,14041,14042,14042,2
2020-12-22 15:02:36.213,14041,14043,14043,1
2020-12-22 15:02:37.154,14041,14043,14043,1
2020-12-22 15:02:37.168,14041,14043,14043,1
2020-12-22 15:02:37.329,14042,14044,14044,2
2020-12-22 15:02:37.472,14042,14044,14044,1
2020-12-22 15:02:38.120,14042,14044,14042,3
2020-12-22 15:02:38.214,14042,14044,14042,1
2020-12-22 15:02:38.415,14042,14044,14042,1
2020-12-22 15:02:38.421,14042,14044,14042,1
2020-12-22 15:02:39.647,14042,14044,14044,5
2020-12-22 15:02:39.811,14043,14044,14044,1
2020-12-22 15:02:40.072,14043,14044,14044,2
2020-12-22 15:02:40.149,14043,14044,14043,1
2020-12-22 15:02:41.728,14043,14044,14043,1
2020-12-22 15:02:41.728,14043,14044,14042,4
2020-12-22 15:02:41.794,14042,14044,14042,1
2020-12-22 15:02:42.295,14042,14043,14043,1
2020-12-22 15:02:42.767,14042,14044,14044,2
2020-12-22 15:02:43.445,14042,14043,14043,1
2020-12-22 15:02:43.700,14042,14044,14044,2
2020-12-22 15:02:44.377,14042,14044,14044,2
2020-12-22 15:02:44.737,14042,14044,14043,1
2020-12-22 15:02:44.859,14042,14044,14044,1
2020-12-22 15:02:45.095,14042,14044,14044,1
2020-12-22 15:02:45.102,14042,14044,14042,2
2020-12-22 15:02:45.207,14042,14043,14043,4
2020-12-22 15:02:45.350,14042,14044,14044,1
2020-12-22 15:02:45.725,14043,14044,14043,1
2020-12-22 15:02:47.699,14042,14043,14043,1
2020-12-22 15:02:49.339,14042,14044,14043,1
2020-12-22 15:02:49.375,14042,14044,14044,1
2020-12-22 15:02:50.082,14042,14043,14043,1
2020-12-22 15:02:50.611,14042,14043,14043,1
2020-12-22 15:02:52.088,14043,14044,14043,1
2020-12-22 15:02:52.415,14042,14043,14042,7
2020-12-22 15:02:53.180,14042,14043,14043,1
2020-12-22 15:02:53.255,14042,14043,14043,2
2020-12-22 15:02:54.415,14042,14043,14043,2
2020-12-22 15:02:54.756,14042,14044,14042,2
2020-12-22 15:02:54.803,14042,14044,14042,1
2020-12-22 15:02:55.286,14042,14043,14043,3
2020-12-22 15:02:55.287,14042,14043,14043,2
2020-12-22 15:02:55.288,14042,14043,14043,1
2020-12-22 15:02:55.341,14042,14044,14042,1
2020-12-22 15:02:55.493,14042,14044,14044,2
2020-12-22 15:02:55.752,14042,14044,14044,1
2020-12-22 15:02:56.635,14043,14044,14044,1
2020-12-22 15:02:57.623,14043,14044,14043,1
2020-12-22 15:02:58.187,14042,14043,14043,1
2020-12-22 15:02:58.236,14042,14043,14042,1
2020-12-22 15:02:59.535,14042,14044,14042,1
2020-12-22 15:02:59.916,14042,14044,14042,4
2020-12-22 15:03:00.049,14042,14043,14042,1
2020-12-22 15:03:00.049,14042,14043,14042,2
2020-12-22 15:03:00.189,14041,14043,14043,1
2020-12-22 15:03:00.659,14041,14042,14041,1
2020-12-22 15:03:00.661,14041,14042,14041,1
2020-12-22 15:03:00.691,14040,14042,14040,1
2020-12-22 15:03:00.703,14040,14042,14040,2
2020-12-22 15:03:00.715,14040,14042,14040,1
2020-12-22 15:03:00.748,14040,14042,14040,1
2020-12-22 15:03:00.864,14039,14041,14039,1
2020-12-22 15:03:00.868,14039,14041,14039,1
2020-12-22 15:03:00.870,14039,14041,14039,1
2020-12-22 15:03:00.888,14039,14041,14038,1
2020-12-22 15:03:00.889,14039,14041,14040,2
2020-12-22 15:03:00.916,14038,14040,14038,1
2020-12-22 15:03:01.004,14038,14040,14038,1
2020-12-22 15:03:01.012,14038,14040,14040,1
2020-12-22 15:03:01.122,14038,14040,14039,1
2020-12-22 15:03:01.654,14039,14041,14040,1
2020-12-22 15:03:02.264,14039,14040,14039,2
2020-12-22 15:03:02.513,14038,14040,14040,3
2020-12-22 15:03:02.513,14038,14040,14041,2
2020-12-22 15:03:03.007,14040,14042,14042,1
2020-12-22 15:03:03.685,14041,14043,14041,1
2020-12-22 15:03:04.755,14041,14043,14041,1
2020-12-22 15:03:04.794,14041,14043,14041,1
2020-12-22 15:03:04.818,14041,14043,14041,1
2020-12-22 15:03:05.147,14041,14043,14042,1
2020-12-22 15:03:05.232,14042,14043,14042,1
2020-12-22 15:03:05.827,14042,14043,14043,4
2020-12-22 15:03:06.702,14042,14044,14044,4
2020-12-22 15:03:06.820,14043,14044,14043,1
2020-12-22 15:03:07.336,14043,14044,14044,5
2020-12-22 15:03:07.336,14043,14044,14044,5
2020-12-22 15:03:07.415,14044,14045,14045,7
2020-12-22 15:03:07.416,14044,14045,14045,16
2020-12-22 15:03:07.421,14044,14045,14045,1
2020-12-22 15:03:07.529,14044,14045,14045,1
2020-12-22 15:03:08.915,14045,14046,14046,3
2020-12-22 15:03:09.090,14045,14046,14046,1
2020-12-22 15:03:09.789,14045,14046,14045,1
2020-12-22 15:03:09.857,14045,14046,14046,1
2020-12-22 15:03:09.876,14045,14046,14046,1
2020-12-22 15:03:10.055,14045,14046,14046,2
2020-12-22 15:03:10.056,14045,14046,14046,10
2020-12-22 15:03:10.056,14045,14046,14046,1
2020-12-22 15:03:10.198,14046,14047,14047,1
2020-12-22 15:03:10.229,14046,14047,14046,1
2020-12-22 15:03:10.290,14046,14047,14047,1
2020-12-22 15:03:10.389,14046,14047,14047,1
2020-12-22 15:03:11.284,14046,14047,14047,1
2020-12-22 15:03:11.678,14047,14048,14048,2
2020-12-22 15:03:11.874,14048,14049,14049,1
2020-12-22 15:03:12.006,14048,14049,14049,1
2020-12-22 15:03:12.422,14048,14049,14049,4
2020-12-22 15:03:12.660,14049,14050,14049,1
2020-12-22 15:03:12.836,14049,14050,14049,2
2020-12-22 15:03:13.046,14048,14050,14050,1
2020-12-22 15:03:13.174,14048,14050,14050,1
2020-12-22 15:03:13.222,14048,14050,14050,1
2020-12-22 15:03:13.237,14048,14050,14050,1
2020-12-22 15:03:13.553,14049,14050,14050,1
2020-12-22 15:03:14.052,14049,14050,14050,1
2020-12-22 15:03:14.096,14049,14050,14049,3
2020-12-22 15:03:14.471,14049,14050,14050,1
2020-12-22 15:03:15.009,14048,14050,14049,1
2020-12-22 15:03:15.253,14048,14049,14049,2
2020-12-22 15:03:15.816,14048,14049,14048,1
2020-12-22 15:03:15.865,14048,14049,14049,1
2020-12-22 15:03:15.870,14048,14049,14049,1
2020-12-22 15:03:16.005,14047,14049,14048,3
2020-12-22 15:03:16.144,14046,14048,14048,1
2020-12-22 15:03:16.347,14046,14048,14048,2
2020-12-22 15:03:16.529,14047,14048,14047,2
2020-12-22 15:03:16.645,14046,14047,14046,1
2020-12-22 15:03:16.769,14046,14047,14047,1
2020-12-22 15:03:16.921,14046,14047,14047,2
2020-12-22 15:03:16.921,14046,14047,14048,1
2020-12-22 15:03:17.013,14046,14047,14049,1
2020-12-22 15:03:17.394,14047,14049,14049,1
2020-12-22 15:03:17.394,14047,14049,14050,1
2020-12-22 15:03:19.101,14048,14049,14049,1
2020-12-22 15:03:19.206,14048,14049,14049,1
2020-12-22 15:03:20.101,14048,14049,14049,1
2020-12-22 15:03:20.347,14048,14049,14049,1
2020-12-22 15:03:20.782,14048,14049,14049,3
2020-12-22 15:03:20.782,14048,14049,14050,1
2020-12-22 15:03:20.851,14049,14050,14050,1
2020-12-22 15:03:21.388,14049,14050,14049,1
2020-12-22 15:03:21.541,14049,14050,14049,5
2020-12-22 15:03:22.215,14049,14050,14050,1
2020-12-22 15:03:22.215,14049,14050,14050,7
2020-12-22 15:03:22.215,14049,14050,14050,5
2020-12-22 15:03:22.215,14049,14050,14050,2
2020-12-22 15:03:22.381,14050,14051,14050,1
2020-12-22 15:03:22.706,14050,14051,14051,2
2020-12-22 15:03:22.718,14050,14051,14050,1
2020-12-22 15:03:22.862,14050,14052,14052,1
2020-12-22 15:03:22.869,14050,14052,14050,1
2020-12-22 15:03:23.028,14050,14052,14052,1
2020-12-22 15:03:23.097,14050,14052,14052,1
2020-12-22 15:03:23.255,14051,14052,14052,2
2020-12-22 15:03:23.340,14051,14053,14051,1
2020-12-22 15:03:23.825,14051,14053,14051,1
2020-12-22 15:03:23.845,14051,14053,14053,1
2020-12-22 15:03:23.865,14051,14053,14051,1
2020-12-22 15:03:23.893,14051,14053,14051,1
2020-12-22 15:03:24.049,14050,14053,14053,1
2020-12-22 15:03:24.116,14050,14053,14053,1
2020-12-22 15:03:25.237,14051,14053,14051,1
2020-12-22 15:03:26.002,14051,14053,14053,1
2020-12-22 15:03:26.075,14051,14053,14051,3
2020-12-22 15:03:26.384,14050,14052,14052,1
2020-12-22 15:03:26.582,14051,14052,14052,1
2020-12-22 15:03:26.582,14051,14052,14053,8
2020-12-22 15:03:26.583,14051,14052,14053,1
2020-12-22 15:03:26.583,14051,14052,14053,8
2020-12-22 15:03:26.584,14051,14052,14053,1
2020-12-22 15:03:26.728,14051,14053,14052,1
2020-12-22 15:03:26.776,14051,14053,14053,2
2020-12-22 15:03:27.234,14051,14052,14051,1
2020-12-22 15:03:27.407,14050,14051,14051,1
2020-12-22 15:03:27.747,14050,14052,14052,2
2020-12-22 15:03:28.820,14050,14051,14051,1
2020-12-22 15:03:28.873,14050,14051,14052,1
2020-12-22 15:03:28.916,14050,14052,14052,1
2020-12-22 15:03:28.987,14050,14052,14050,1
2020-12-22 15:03:29.294,14050,14051,14051,1
2020-12-22 15:03:29.518,14050,14052,14050,1
2020-12-22 15:03:29.899,14050,14051,14050,1
2020-12-22 15:03:30.095,14050,14051,14051,1
2020-12-22 15:03:30.095,14050,14051,14051,1
2020-12-22 15:03:30.229,14050,14052,14052,1
2020-12-22 15:03:30.888,14050,14051,14051,1
2020-12-22 15:03:31.206,14051,14052,14051,2
2020-12-22 15:03:32.236,14051,14052,14051,1
2020-12-22 15:03:32.239,14051,14052,14051,1
2020-12-22 15:03:33.607,14051,14052,14052,1
2020-12-22 15:03:33.639,14051,14052,14052,1
2020-12-22 15:03:33.640,14051,14052,14052,1
2020-12-22 15:03:33.993,14051,14053,14053,2
2020-12-22 15:03:34.705,14051,14053,14053,1
2020-12-22 15:03:35.247,14052,14053,14053,1
2020-12-22 15:03:35.419,14052,14053,14053,1
2020-12-22 15:03:35.419,14052,14053,14053,1
2020-12-22 15:03:35.429,14052,14053,14053,1
2020-12-22 15:03:36.017,14052,14054,14054,3
2020-12-22 15:03:36.044,14053,14054,14053,2
2020-12-22 15:03:36.252,14053,14054,14054,1
2020-12-22 15:03:36.365,14053,14054,14054,1
2020-12-22 15:03:36.369,14053,14054,14054,1
2020-12-22 15:03:36.410,14053,14054,14053,1
2020-12-22 15:03:37.557,14053,14055,14055,1
2020-12-22 15:03:37.641,14053,14055,14055,1
2020-12-22 15:03:37.830,14054,14055,14055,1
2020-12-22 15:03:37.996,14054,14055,14055,2
2020-12-22 15:03:38.025,14054,14055,14055,3
2020-12-22 15:03:38.044,14054,14055,14055,2
2020-12-22 15:03:38.695,14055,14056,14056,2
2020-12-22 15:03:38.695,14055,14056,14056,3
2020-12-22 15:03:38.695,14055,14056,14056,1
2020-12-22 15:03:38.695,14055,14056,14056,1
2020-12-22 15:03:38.827,14055,14057,14057,2
2020-12-22 15:03:38.894,14055,14057,14057,1
2020-12-22 15:03:39.166,14056,14058,14058,1
2020-12-22 15:03:39.188,14056,14058,14058,1
2020-12-22 15:03:39.191,14056,14058,14058,1
2020-12-22 15:03:39.193,14056,14058,14057,1
2020-12-22 15:03:39.193,14056,14058,14057,1
2020-12-22 15:03:39.224,14056,14058,14057,1
2020-12-22 15:03:39.241,14056,14058,14056,2
2020-12-22 15:03:39.259,14056,14058,14055,1
2020-12-22 15:03:39.274,14056,14058,14055,3
2020-12-22 15:03:39.301,14055,14057,14055,1
2020-12-22 15:03:39.450,14055,14056,14055,1
2020-12-22 15:03:39.463,14055,14056,14055,1
2020-12-22 15:03:39.478,14055,14056,14055,1
2020-12-22 15:03:39.478,14055,14056,14055,1
2020-12-22 15:03:39.492,14055,14056,14054,1
2020-12-22 15:03:39.507,14055,14056,14054,1
2020-12-22 15:03:39.525,14055,14056,14054,1
2020-12-22 15:03:39.640,14053,14055,14055,5
2020-12-22 15:03:39.868,14054,14056,14054,1
2020-12-22 15:03:40.481,14054,14056,14056,1
2020-12-22 15:03:40.546,14054,14056,14056,1
2020-12-22 15:03:40.665,14054,14056,14057,2
2020-12-22 15:03:41.401,14056,14057,14057,4
2020-12-22 15:03:41.401,14056,14057,14058,9
2020-12-22 15:03:41.401,14056,14057,14059,4
2020-12-22 15:03:41.791,14057,14059,14059,2
2020-12-22 15:03:41.933,14057,14059,14059,2
2020-12-22 15:03:41.934,14057,14059,14059,1
2020-12-22 15:03:41.934,14057,14059,14059,1
2020-12-22 15:03:42.013,14057,14059,14060,1
2020-12-22 15:03:42.210,14058,14060,14058,1
2020-12-22 15:03:42.505,14058,14060,14060,1
2020-12-22 15:03:44.285,14058,14060,14059,3
2020-12-22 15:03:44.576,14058,14059,14059,2
2020-12-22 15:03:44.981,14058,14060,14060,1
2020-12-22 15:03:45.200,14058,14060,14060,2
2020-12-22 15:03:45.426,14058,14060,14060,1
2020-12-22 15:03:45.894,14058,14060,14060,1
2020-12-22 15:03:45.908,14058,14060,14060,1
2020-12-22 15:03:46.598,14059,14060,14060,1
2020-12-22 15:03:46.838,14059,14060,14060,1
2020-12-22 15:03:46.856,14059,14060,14060,1
2020-12-22 15:03:46.856,14059,14060,14061,1
2020-12-22 15:03:47.165,14059,14060,14059,2
2020-12-22 15:03:47.475,14058,14060,14060,1
2020-12-22 15:03:47.522,14058,14060,14060,1
2020-12-22 15:03:47.835,14058,14060,14060,1
2020-12-22 15:03:47.902,14058,14060,14060,1
2020-12-22 15:03:48.030,14058,14060,14060,3
2020-12-22 15:03:48.036,14058,14060,14060,1
2020-12-22 15:03:48.434,14058,14060,14058,7
2020-12-22 15:03:48.436,14058,14060,14057,3
2020-12-22 15:03:48.533,14058,14060,14056,4
2020-12-22 15:03:48.533,14058,14060,14056,2
2020-12-22 15:03:48.794,14055,14057,14055,2
2020-12-22 15:03:49.166,14054,14055,14055,4
2020-12-22 15:03:49.233,14054,14055,14055,1
2020-12-22 15:03:49.523,14054,14056,14054,6
2020-12-22 15:03:49.523,14054,14056,14053,6
2020-12-22 15:03:49.696,14053,14055,14055,1
2020-12-22 15:03:50.599,14052,14054,14054,1
2020-12-22 15:03:51.735,14052,14054,14052,2
2020-12-22 15:03:52.000,14052,14054,14053,1
2020-12-22 15:03:52.084,14052,14054,14054,1
2020-12-22 15:03:52.366,14052,14053,14053,1
2020-12-22 15:03:53.900,14052,14053,14052,2
2020-12-22 15:03:54.433,14051,14052,14051,2
2020-12-22 15:03:54.505,14051,14052,14052,1
2020-12-22 15:03:54.517,14051,14052,14052,1
2020-12-22 15:03:54.950,14051,14052,14052,1
2020-12-22 15:03:55.059,14051,14052,14052,3
2020-12-22 15:03:57.055,14052,14053,14053,1
2020-12-22 15:03:57.165,14053,14054,14054,1
2020-12-22 15:03:58.838,14053,14055,14054,1
2020-12-22 15:03:59.195,14053,14055,14053,1
2020-12-22 15:03:59.658,14053,14055,14055,3
2020-12-22 15:03:59.884,14054,14055,14053,2
2020-12-22 15:04:00.328,14053,14054,14054,3
2020-12-22 15:04:00.423,14053,14055,14055,1
2020-12-22 15:04:00.433,14053,14055,14055,1
2020-12-22 15:04:00.440,14053,14055,14054,1
2020-12-22 15:04:00.990,14054,14055,14054,1
2020-12-22 15:04:01.131,14054,14055,14055,2
2020-12-22 15:04:01.167,14055,14056,14056,1
2020-12-22 15:04:01.167,14055,14056,14056,1
2020-12-22 15:04:01.168,14055,14056,14056,1
2020-12-22 15:04:01.168,14055,14056,14056,1
2020-12-22 15:04:01.168,14055,14056,14056,3
2020-12-22 15:04:01.168,14055,14056,14056,2
2020-12-22 15:04:01.168,14055,14056,14056,1
2020-12-22 15:04:01.291,14056,14057,14056,1
2020-12-22 15:04:02.592,14056,14057,14057,1
2020-12-22 15:04:02.648,14056,14057,14056,1
2020-12-22 15:04:02.648,14056,14057,14056,1
2020-12-22 15:04:03.421,14056,14057,14057,2
2020-12-22 15:04:03.435,14056,14057,14056,1
2020-12-22 15:04:05.116,14056,14058,14056,1
2020-12-22 15:04:07.946,14055,14056,14055,4
2020-12-22 15:04:08.125,14054,14056,14054,1
2020-12-22 15:04:08.125,14054,14056,14053,3
2020-12-22 15:04:08.166,14053,14055,14055,2
2020-12-22 15:04:08.167,14053,14055,14056,3
2020-12-22 15:04:08.170,14053,14055,14056,1
2020-12-22 15:04:08.922,14054,14056,14054,2
2020-12-22 15:04:10.543,14054,14056,14055,1
2020-12-22 15:04:13.300,14054,14056,14054,1
2020-12-22 15:04:13.761,14054,14055,14055,3
2020-12-22 15:04:14.030,14055,14056,14055,1
2020-12-22 15:04:16.047,14055,14056,14055,2
2020-12-22 15:04:16.126,14055,14056,14055,4
2020-12-22 15:04:17.096,14054,14056,14055,1
2020-12-22 15:04:17.166,14054,14056,14056,2
2020-12-22 15:04:17.168,14054,14056,14056,2
2020-12-22 15:04:17.168,14054,14056,14056,1
2020-12-22 15:04:17.674,14055,14056,14056,3
2020-12-22 15:04:18.249,14055,14056,14056,3
2020-12-22 15:04:18.249,14055,14056,14056,4
2020-12-22 15:04:18.656,14055,14057,14056,1
2020-12-22 15:04:20.357,14055,14057,14057,1
2020-12-22 15:04:20.673,14057,14058,14057,5
2020-12-22 15:04:20.727,14057,14058,14058,1
2020-12-22 15:04:21.505,14057,14058,14057,1
2020-12-22 15:04:22.269,14057,14058,14057,1
2020-12-22 15:04:22.269,14057,14058,14056,2
2020-12-22 15:04:22.904,14056,14058,14056,3
2020-12-22 15:04:23.256,14056,14058,14056,1
2020-12-22 15:04:23.855,14056,14058,14058,1
2020-12-22 15:04:25.950,14057,14058,14058,1
2020-12-22 15:04:27.125,14057,14058,14058,5
2020-12-22 15:04:27.565,14057,14058,14057,1
2020-12-22 15:04:28.329,14057,14058,14058,2
2020-12-22 15:04:28.416,14057,14058,14058,2
2020-12-22 15:04:28.417,14057,14058,14058,1
2020-12-22 15:04:28.417,14057,14058,14058,1
2020-12-22 15:04:28.417,14057,14058,14058,3
2020-12-22 15:04:28.417,14057,14058,14058,1
2020-12-22 15:04:28.417,14057,14058,14058,2
2020-12-22 15:04:28.418,14057,14058,14059,2
2020-12-22 15:04:28.418,14057,14058,14059,1
2020-12-22 15:04:28.418,14057,14058,14059,1
2020-12-22 15:04:28.418,14057,14058,14059,1
2020-12-22 15:04:28.419,14057,14058,14059,1
2020-12-22 15:04:28.419,14057,14058,14060,1
2020-12-22 15:04:28.419,14057,14058,14060,1
2020-12-22 15:04:28.420,14057,14058,14060,1
2020-12-22 15:04:28.420,14057,14058,14060,1
2020-12-22 15:04:28.420,14057,14058,14060,1
2020-12-22 15:04:28.420,14057,14058,14060,1
2020-12-22 15:04:28.420,14057,14058,14060,1
2020-12-22 15:04:28.421,14057,14058,14060,1
2020-12-22 15:04:28.423,14057,14058,14060,1
2020-12-22 15:04:28.440,14057,14058,14060,2
2020-12-22 15:04:28.535,14057,14058,14061,5
2020-12-22 15:04:28.828,14059,14061,14061,1
2020-12-22 15:04:29.250,14059,14061,14061,1
2020-12-22 15:04:29.455,14059,14061,14061,2
2020-12-22 15:04:29.656,14060,14062,14062,1
2020-12-22 15:04:29.699,14060,14062,14062,1
2020-12-22 15:04:29.699,14060,14062,14062,1
2020-12-22 15:04:29.825,14060,14062,14062,1
2020-12-22 15:04:29.940,14060,14062,14061,1
2020-12-22 15:04:29.941,14060,14062,14061,1
2020-12-22 15:04:29.944,14060,14062,14062,1
2020-12-22 15:04:30.276,14060,14062,14060,2
2020-12-22 15:04:30.399,14059,14061,14059,1
2020-12-22 15:04:30.759,14059,14061,14059,1
2020-12-22 15:04:32.366,14060,14062,14060,1
2020-12-22 15:04:32.798,14060,14061,14061,1
2020-12-22 15:04:33.601,14060,14062,14060,1
2020-12-22 15:04:34.430,14061,14062,14061,1
2020-12-22 15:04:34.694,14061,14062,14062,3
2020-12-22 15:04:35.359,14061,14062,14061,1
2020-12-22 15:04:36.370,14061,14062,14062,1
2020-12-22 15:04:36.860,14061,14062,14061,1
2020-12-22 15:04:37.760,14061,14062,14062,2
2020-12-22 15:04:37.792,14061,14062,14062,1
2020-12-22 15:04:37.792,14061,14062,14062,1
2020-12-22 15:04:39.961,14061,14062,14061,1
2020-12-22 15:04:40.179,14061,14062,14062,3
2020-12-22 15:04:40.541,14061,14062,14062,1
2020-12-22 15:04:40.925,14061,14062,14062,2
2020-12-22 15:04:40.926,14061,14062,14062,2
2020-12-22 15:04:40.926,14061,14062,14062,1
2020-12-22 15:04:41.536,14061,14063,14061,4
2020-12-22 15:04:41.671,14060,14061,14060,14
2020-12-22 15:04:41.672,14060,14061,14059,3
2020-12-22 15:04:41.672,14060,14061,14059,1
2020-12-22 15:04:42.274,14058,14059,14059,1
2020-12-22 15:04:42.625,14058,14060,14060,3
2020-12-22 15:04:43.086,14058,14060,14060,1
2020-12-22 15:04:43.594,14058,14060,14060,3
2020-12-22 15:04:43.594,14058,14060,14061,1
2020-12-22 15:04:43.725,14058,14061,14058,1
2020-12-22 15:04:43.968,14058,14060,14059,3
2020-12-22 15:04:45.557,14058,14060,14060,1
2020-12-22 15:04:45.733,14058,14060,14060,3
2020-12-22 15:04:45.733,14058,14060,14061,1
2020-12-22 15:04:45.751,14058,14060,14059,1
2020-12-22 15:04:45.777,14058,14060,14059,1
2020-12-22 15:04:47.037,14059,14060,14059,2
2020-12-22 15:04:47.341,14059,14060,14059,1
2020-12-22 15:04:48.938,14059,14060,14059,1
2020-12-22 15:04:49.977,14059,14060,14060,1
2020-12-22 15:04:51.006,14059,14060,14060,2
2020-12-22 15:04:53.069,14060,14061,14061,1
2020-12-22 15:04:53.069,14060,14061,14061,1
2020-12-22 15:04:53.071,14060,14061,14060,1
2020-12-22 15:04:53.288,14060,14062,14060,2
2020-12-22 15:04:54.161,14060,14062,14060,1
2020-12-22 15:04:54.933,14060,14062,14062,1
2020-12-22 15:04:56.630,14061,14062,14061,1
2020-12-22 15:04:57.540,14061,14062,14062,1
2020-12-22 15:04:57.541,14061,14062,14062,2
2020-12-22 15:04:57.789,14061,14063,14062,1
2020-12-22 15:04:57.800,14061,14062,14062,1
2020-12-22 15:04:58.323,14061,14062,14062,1
2020-12-22 15:04:59.174,14061,14062,14062,1
2020-12-22 15:04:59.877,14061,14062,14061,4
2020-12-22 15:05:00.062,14061,14062,14061,1
2020-12-22 15:05:00.062,14061,14062,14060,1
2020-12-22 15:05:00.178,14061,14062,14062,1
2020-12-22 15:05:00.181,14061,14062,14062,1
2020-12-22 15:05:00.186,14061,14062,14062,1
2020-12-22 15:05:00.391,14061,14063,14062,2
2020-12-22 15:05:00.391,14061,14063,14063,2
2020-12-22 15:05:00.523,14061,14063,14063,1
2020-12-22 15:05:00.608,14061,14063,14063,2
2020-12-22 15:05:00.778,14061,14063,14063,1
2020-12-22 15:05:00.778,14061,14063,14064,3
2020-12-22 15:05:01.443,14062,14064,14062,2
2020-12-22 15:05:01.541,14062,14064,14064,1
2020-12-22 15:05:01.542,14062,14064,14064,1
2020-12-22 15:05:01.542,14062,14064,14064,1
2020-12-22 15:05:01.542,14062,14064,14064,2
2020-12-22 15:05:01.583,14062,14064,14064,1
2020-12-22 15:05:01.586,14062,14064,14062,1
2020-12-22 15:05:01.799,14062,14064,14064,2
2020-12-22 15:05:01.883,14062,14064,14064,3
2020-12-22 15:05:01.897,14062,14064,14064,3
2020-12-22 15:05:02.425,14063,14064,14064,1
2020-12-22 15:05:02.586,14063,14064,14064,1
2020-12-22 15:05:02.588,14063,14064,14063,1
2020-12-22 15:05:02.635,14063,14064,14064,1
2020-12-22 15:05:02.648,14063,14064,14063,1
2020-12-22 15:05:02.682,14063,14064,14064,1
2020-12-22 15:05:02.929,14063,14064,14064,7
2020-12-22 15:05:02.970,14063,14064,14065,1
2020-12-22 15:05:02.971,14063,14064,14065,6
2020-12-22 15:05:02.971,14063,14064,14065,4
2020-12-22 15:05:02.971,14063,14064,14065,1
2020-12-22 15:05:02.971,14063,14064,14065,2
2020-12-22 15:05:02.983,14063,14064,14065,1
2020-12-22 15:05:03.163,14065,14066,14065,1
2020-12-22 15:05:03.224,14065,14066,14066,1
2020-12-22 15:05:03.347,14065,14066,14066,1
2020-12-22 15:05:03.387,14065,14066,14066,1
2020-12-22 15:05:03.484,14065,14066,14066,1
2020-12-22 15:05:03.484,14065,14066,14066,1
2020-12-22 15:05:04.152,14065,14066,14066,1
2020-12-22 15:05:04.439,14065,14066,14066,1
2020-12-22 15:05:04.440,14065,14066,14066,3
2020-12-22 15:05:04.597,14066,14067,14066,2
2020-12-22 15:05:04.983,14066,14067,14066,1
2020-12-22 15:05:04.983,14066,14067,14066,1
2020-12-22 15:05:04.987,14066,14067,14065,1
2020-12-22 15:05:05.117,14064,14065,14065,1
2020-12-22 15:05:05.425,14064,14065,14065,1
2020-12-22 15:05:05.545,14064,14065,14065,4
2020-12-22 15:05:05.545,14064,14065,14066,1
2020-12-22 15:05:06.002,14064,14066,14066,1
2020-12-22 15:05:06.181,14064,14066,14066,5
2020-12-22 15:05:06.518,14064,14066,14066,1
2020-12-22 15:05:06.518,14064,14066,14066,1
2020-12-22 15:05:06.823,14065,14066,14066,1
2020-12-22 15:05:07.465,14065,14066,14065,3
2020-12-22 15:05:07.541,14064,14066,14066,2
2020-12-22 15:05:07.542,14064,14066,14066,1
2020-12-22 15:05:07.542,14064,14066,14066,2
2020-12-22 15:05:07.544,14064,14066,14066,1
2020-12-22 15:05:07.914,14065,14066,14065,2
2020-12-22 15:05:08.537,14064,14065,14065,2
2020-12-22 15:05:09.043,14064,14065,14065,2
2020-12-22 15:05:09.607,14064,14065,14064,7
2020-12-22 15:05:09.608,14064,14065,14063,1
2020-12-22 15:05:09.918,14062,14065,14065,1
2020-12-22 15:05:10.247,14062,14065,14065,1
2020-12-22 15:05:10.915,14062,14063,14062,2
2020-12-22 15:05:10.956,14062,14063,14063,1
2020-12-22 15:05:11.103,14061,14063,14063,2
2020-12-22 15:05:11.110,14061,14063,14063,1
2020-12-22 15:05:11.366,14061,14063,14063,1
2020-12-22 15:05:11.642,14061,14063,14063,4
2020-12-22 15:05:11.642,14061,14063,14064,12
2020-12-22 15:05:11.642,14061,14063,14065,4
2020-12-22 15:05:12.207,14062,14064,14064,2
2020-12-22 15:05:12.336,14063,14064,14064,2
2020-12-22 15:05:12.433,14063,14064,14063,1
2020-12-22 15:05:12.602,14062,14064,14062,1
2020-12-22 15:05:12.605,14062,14064,14062,1
2020-12-22 15:05:13.613,14061,14063,14063,1
2020-12-22 15:05:14.393,14062,14064,14064,2
2020-12-22 15:05:15.331,14063,14065,14065,1
2020-12-22 15:05:15.750,14064,14065,14065,1
2020-12-22 15:05:15.751,14064,14065,14065,11
2020-12-22 15:05:16.127,14064,14066,14065,1
2020-12-22 15:05:16.312,14064,14066,14064,9
2020-12-22 15:05:16.375,14064,14066,14064,1
2020-12-22 15:05:16.434,14063,14064,14063,4
2020-12-22 15:05:16.435,14063,14064,14063,1
2020-12-22 15:05:16.435,14063,14064,14063,5
2020-12-22 15:05:16.436,14063,14064,14063,8
2020-12-22 15:05:16.436,14063,14064,14063,1
2020-12-22 15:05:16.436,14063,14064,14063,1
2020-12-22 15:05:16.436,14063,14064,14063,1
2020-12-22 15:05:16.558,14062,14064,14062,1
2020-12-22 15:05:17.916,14062,14064,14064,3
2020-12-22 15:05:17.918,14062,14064,14063,2
2020-12-22 15:05:18.041,14062,14064,14064,1
2020-12-22 15:05:18.042,14062,14064,14064,2
2020-12-22 15:05:18.042,14062,14064,14065,1
2020-12-22 15:05:18.042,14062,14064,14065,1
2020-12-22 15:05:18.042,14062,14064,14065,1
2020-12-22 15:05:18.043,14062,14064,14065,1
2020-12-22 15:05:18.043,14062,14064,14065,1
2020-12-22 15:05:18.043,14062,14064,14065,1
2020-12-22 15:05:18.043,14062,14064,14065,1
2020-12-22 15:05:18.043,14062,14064,14065,1
2020-12-22 15:05:18.043,14062,14064,14065,1
2020-12-22 15:05:18.043,14062,14064,14065,3
2020-12-22 15:05:18.045,14062,14064,14065,1
2020-12-22 15:05:18.045,14062,14064,14065,1
2020-12-22 15:05:18.174,14064,14065,14064,1
2020-12-22 15:05:19.895,14063,14064,14064,2
2020-12-22 15:05:20.388,14063,14064,14063,1
2020-12-22 15:05:20.647,14062,14064,14062,1
2020-12-22 15:05:21.162,14062,14063,14063,1
2020-12-22 15:05:21.162,14062,14063,14064,5
2020-12-22 15:05:21.864,14062,14064,14064,2
2020-12-22 15:05:22.919,14064,14065,14064,4
2020-12-22 15:05:23.187,14064,14065,14064,5
2020-12-22 15:05:23.596,14064,14065,14064,3
2020-12-22 15:05:23.701,14063,14065,14063,2
2020-12-22 15:05:23.736,14063,14065,14063,6
2020-12-22 15:05:24.142,14062,14064,14062,1
2020-12-22 15:05:25.826,14063,14064,14063,1
2020-12-22 15:05:26.191,14063,14064,14064,1
2020-12-22 15:05:26.502,14063,14064,14063,1
2020-12-22 15:05:26.855,14062,14063,14063,2
2020-12-22 15:05:26.858,14062,14063,14062,4
2020-12-22 15:05:27.020,14062,14063,14062,1
2020-12-22 15:05:27.041,14062,14063,14063,1
2020-12-22 15:05:27.042,14062,14063,14063,2
2020-12-22 15:05:27.116,14062,14063,14062,1
2020-12-22 15:05:27.172,14062,14064,14062,1
2020-12-22 15:05:27.608,14062,14063,14063,1
2020-12-22 15:05:27.816,14062,14064,14064,1
2020-12-22 15:05:28.059,14062,14064,14064,1
2020-12-22 15:05:28.756,14062,14064,14064,1
2020-12-22 15:05:31.042,14062,14063,14062,27
2020-12-22 15:05:31.044,14062,14063,14061,3
2020-12-22 15:05:31.490,14060,14062,14060,4
2020-12-22 15:05:32.182,14061,14063,14061,7
2020-12-22 15:05:34.228,14061,14063,14061,15
2020-12-22 15:05:35.540,14061,14062,14061,2
2020-12-22 15:05:36.483,14060,14061,14061,1
2020-12-22 15:05:37.216,14060,14061,14061,1
2020-12-22 15:05:37.292,14060,14061,14061,1
2020-12-22 15:05:37.292,14060,14061,14061,1
2020-12-22 15:05:37.293,14060,14061,14061,1
2020-12-22 15:05:37.293,14060,14061,14062,1
2020-12-22 15:05:37.294,14060,14061,14062,1
2020-12-22 15:05:38.579,14060,14061,14060,3
2020-12-22 15:05:38.665,14060,14061,14060,22
2020-12-22 15:05:38.790,14059,14061,14059,4
2020-12-22 15:05:38.997,14059,14060,14060,5
2020-12-22 15:05:39.852,14058,14060,14060,1
2020-12-22 15:05:39.927,14058,14060,14060,1
2020-12-22 15:05:40.659,14058,14060,14060,1
2020-12-22 15:05:41.192,14058,14059,14059,1
2020-12-22 15:05:43.376,14058,14059,14059,1
2020-12-22 15:05:44.337,14059,14060,14059,1
2020-12-22 15:05:45.537,14058,14060,14060,5
2020-12-22 15:05:46.556,14060,14061,14060,1
2020-12-22 15:05:47.072,14060,14061,14060,1
2020-12-22 15:05:47.166,14060,14061,14061,1
2020-12-22 15:05:47.167,14060,14061,14061,1
2020-12-22 15:05:47.168,14060,14061,14061,1
2020-12-22 15:05:48.312,14060,14062,14060,1
2020-12-22 15:05:48.932,14060,14062,14060,7
2020-12-22 15:05:48.932,14060,14062,14059,3
2020-12-22 15:05:49.332,14060,14062,14060,3
2020-12-22 15:05:49.766,14061,14062,14061,2
2020-12-22 15:05:49.766,14061,14062,14060,3
2020-12-22 15:05:51.254,14060,14062,14060,1
2020-12-22 15:05:51.631,14060,14061,14060,1
2020-12-22 15:05:52.823,14059,14061,14059,1
2020-12-22 15:05:52.922,14059,14061,14060,1
2020-12-22 15:05:53.213,14059,14061,14059,1
2020-12-22 15:05:53.931,14060,14062,14060,1
2020-12-22 15:05:54.554,14059,14061,14060,1
2020-12-22 15:05:54.672,14059,14061,14061,5
2020-12-22 15:05:54.922,14059,14061,14061,5
2020-12-22 15:05:55.155,14059,14061,14061,5
2020-12-22 15:05:55.356,14060,14062,14062,5
2020-12-22 15:05:56.737,14060,14062,14060,1
2020-12-22 15:05:58.476,14061,14062,14061,1
2020-12-22 15:05:58.542,14060,14062,14062,1
2020-12-22 15:05:58.543,14060,14062,14062,1
2020-12-22 15:05:59.058,14060,14061,14060,6
2020-12-22 15:06:00.023,14059,14060,14060,1
2020-12-22 15:06:00.061,14059,14060,14060,1
2020-12-22 15:06:00.069,14059,14060,14059,1
2020-12-22 15:06:00.078,14059,14060,14059,1
2020-12-22 15:06:00.081,14059,14060,14059,1
2020-12-22 15:06:00.088,14059,14060,14059,1
2020-12-22 15:06:00.093,14059,14060,14059,1
2020-12-22 15:06:00.100,14059,14060,14058,2
2020-12-22 15:06:00.112,14059,14060,14060,2
2020-12-22 15:06:00.113,14059,14060,14059,1
2020-12-22 15:06:00.117,14059,14060,14058,1
2020-12-22 15:06:00.159,14059,14060,14058,1
2020-12-22 15:06:00.451,14058,14060,14060,5
2020-12-22 15:06:00.822,14059,14061,14061,1
2020-12-22 15:06:00.849,14059,14061,14061,2
2020-12-22 15:06:00.890,14059,14061,14061,1
2020-12-22 15:06:01.948,14059,14061,14059,3
2020-12-22 15:06:01.948,14059,14061,14058,2
2020-12-22 15:06:02.056,14058,14060,14058,5
2020-12-22 15:06:02.076,14058,14060,14060,1
2020-12-22 15:06:02.178,14058,14060,14058,3
2020-12-22 15:06:02.407,14058,14060,14060,2
2020-12-22 15:06:02.904,14058,14060,14058,1
2020-12-22 15:06:03.113,14058,14060,14058,1
2020-12-22 15:06:05.000,14058,14059,14059,2
2020-12-22 15:06:05.263,14058,14060,14058,1
2020-12-22 15:06:05.779,14058,14060,14058,1
2020-12-22 15:06:06.930,14059,14060,14059,1
2020-12-22 15:06:08.081,14059,14060,14060,1
2020-12-22 15:06:08.135,14059,14060,14059,3
2020-12-22 15:06:08.135,14059,14060,14058,4
2020-12-22 15:06:10.157,14057,14058,14058,4
2020-12-22 15:06:11.303,14058,14059,14058,6
2020-12-22 15:06:11.809,14057,14058,14057,1
2020-12-22 15:06:12.039,14057,14058,14057,1
2020-12-22 15:06:12.110,14057,14058,14057,1
2020-12-22 15:06:12.116,14057,14058,14057,1
2020-12-22 15:06:12.175,14056,14058,14056,1
2020-12-22 15:06:12.622,14056,14057,14057,1
2020-12-22 15:06:12.773,14056,14057,14058,1
2020-12-22 15:06:13.873,14056,14057,14057,1
2020-12-22 15:06:14.370,14056,14058,14056,1
2020-12-22 15:06:15.132,14056,14058,14056,1
2020-12-22 15:06:18.003,14056,14057,14057,1
2020-12-22 15:06:19.982,14056,14057,14057,2
2020-12-22 15:06:22.191,14057,14058,14057,1
2020-12-22 15:06:23.473,14057,14058,14057,1
2020-12-22 15:06:24.625,14057,14058,14058,5
2020-12-22 15:06:24.625,14057,14058,14058,1
2020-12-22 15:06:24.625,14057,14058,14058,1
2020-12-22 15:06:24.651,14057,14058,14057,1
2020-12-22 15:06:25.164,14057,14059,14057,1
2020-12-22 15:06:28.407,14058,14059,14058,1
2020-12-22 15:06:28.634,14058,14059,14059,1
2020-12-22 15:06:33.100,14058,14059,14058,1
2020-12-22 15:06:34.024,14057,14058,14058,1
2020-12-22 15:06:36.383,14057,14058,14058,5
2020-12-22 15:06:36.383,14057,14058,14059,7
2020-12-22 15:06:38.686,14058,14059,14058,2
2020-12-22 15:06:40.337,14058,14059,14058,1
2020-12-22 15:06:42.638,14058,14059,14059,5
2020-12-22 15:06:42.639,14058,14059,14059,1
2020-12-22 15:06:42.639,14058,14059,14059,2
2020-12-22 15:06:42.827,14059,14060,14060,1
2020-12-22 15:06:43.669,14059,14060,14060,1
2020-12-22 15:06:43.740,14059,14060,14060,2
2020-12-22 15:06:44.182,14060,14061,14061,1
2020-12-22 15:06:45.790,14060,14061,14061,1
2020-12-22 15:06:46.512,14060,14061,14060,1
2020-12-22 15:06:47.788,14060,14061,14061,1
2020-12-22 15:06:49.232,14060,14061,14060,1
2020-12-22 15:06:49.484,14060,14061,14060,1
2020-12-22 15:06:52.790,14060,14061,14061,1
2020-12-22 15:06:52.790,14060,14061,14061,1
2020-12-22 15:06:53.311,14061,14062,14062,1
2020-12-22 15:06:53.312,14061,14062,14062,11
2020-12-22 15:06:53.417,14062,14063,14063,1
2020-12-22 15:06:53.417,14062,14063,14063,1
2020-12-22 15:06:53.417,14062,14063,14063,2
2020-12-22 15:06:53.417,14062,14063,14063,5
2020-12-22 15:06:53.417,14062,14063,14063,5
2020-12-22 15:06:53.417,14062,14063,14063,1
2020-12-22 15:06:53.637,14062,14064,14064,3
2020-12-22 15:06:53.665,14062,14064,14064,17
2020-12-22 15:06:53.790,14063,14065,14065,12
2020-12-22 15:06:55.818,14065,14066,14066,1
2020-12-22 15:06:55.926,14065,14066,14066,2
2020-12-22 15:06:57.424,14064,14065,14065,2
2020-12-22 15:06:57.721,14064,14065,14064,2
2020-12-22 15:06:57.721,14064,14065,14063,6
2020-12-22 15:06:57.721,14064,14065,14062,2
2020-12-22 15:06:58.119,14062,14063,14062,1
2020-12-22 15:06:59.882,14062,14063,14062,2
2020-12-22 15:07:00.434,14062,14063,14062,1
2020-12-22 15:07:00.564,14061,14063,14063,1
2020-12-22 15:07:01.350,14061,14063,14062,1
2020-12-22 15:07:01.417,14061,14063,14061,1
2020-12-22 15:07:01.418,14061,14063,14061,1
2020-12-22 15:07:02.504,14060,14062,14062,2
2020-12-22 15:07:02.687,14060,14063,14062,1
2020-12-22 15:07:06.220,14061,14063,14063,5
2020-12-22 15:07:08.953,14063,14064,14064,1
2020-12-22 15:07:09.042,14063,14064,14063,1
2020-12-22 15:07:10.473,14063,14064,14064,1
2020-12-22 15:07:10.834,14064,14065,14064,1
2020-12-22 15:07:10.834,14064,14065,14063,1
2020-12-22 15:07:14.339,14064,14065,14065,2
2020-12-22 15:07:15.352,14065,14066,14066,1
2020-12-22 15:07:16.040,14065,14066,14065,1
2020-12-22 15:07:16.150,14065,14066,14066,3
2020-12-22 15:07:16.564,14064,14066,14065,1
2020-12-22 15:07:17.240,14064,14065,14065,1
2020-12-22 15:07:18.851,14064,14065,14065,3
2020-12-22 15:07:19.354,14064,14065,14064,1
2020-12-22 15:07:21.346,14063,14065,14065,1
2020-12-22 15:07:24.317,14064,14065,14064,1
2020-12-22 15:07:24.808,14063,14065,14065,1
2020-12-22 15:07:25.415,14063,14065,14065,4
2020-12-22 15:07:26.343,14063,14065,14065,4
2020-12-22 15:07:26.993,14063,14065,14063,1
2020-12-22 15:07:28.209,14063,14065,14065,1
2020-12-22 15:07:28.291,14063,14065,14063,1
2020-12-22 15:07:29.039,14064,14065,14064,1
2020-12-22 15:07:29.367,14063,14065,14065,1
2020-12-22 15:07:29.552,14063,14065,14063,5
2020-12-22 15:07:31.741,14062,14064,14062,1
2020-12-22 15:07:33.953,14063,14065,14063,1
2020-12-22 15:07:34.169,14063,14065,14063,1
2020-12-22 15:07:34.953,14062,14064,14064,1
2020-12-22 15:07:36.442,14063,14064,14064,1
2020-12-22 15:07:38.571,14064,14065,14064,1
2020-12-22 15:07:40.450,14064,14065,14064,1
2020-12-22 15:07:41.456,14064,14065,14065,1
2020-12-22 15:07:41.730,14064,14065,14064,1
2020-12-22 15:07:43.217,14064,14065,14065,6
2020-12-22 15:07:43.218,14064,14065,14065,4
2020-12-22 15:07:43.987,14065,14066,14065,1
2020-12-22 15:07:44.668,14064,14066,14066,1
2020-12-22 15:07:45.100,14064,14066,14066,1
2020-12-22 15:07:46.504,14065,14066,14065,1
2020-12-22 15:07:46.911,14065,14066,14065,1
2020-12-22 15:07:46.958,14065,14066,14065,1
2020-12-22 15:07:48.524,14065,14066,14066,1
2020-12-22 15:07:49.458,14065,14066,14065,1
2020-12-22 15:07:49.488,14065,14066,14066,1
2020-12-22 15:07:50.936,14065,14066,14065,1
2020-12-22 15:07:51.937,14064,14065,14065,1
2020-12-22 15:07:52.354,14064,14065,14065,1
2020-12-22 15:07:52.902,14064,14065,14065,1
2020-12-22 15:07:53.064,14064,14065,14065,2
2020-12-22 15:07:54.022,14064,14065,14064,2
2020-12-22 15:07:54.252,14064,14065,14065,1
2020-12-22 15:07:55.641,14064,14065,14065,2
2020-12-22 15:07:56.141,14064,14065,14065,1
2020-12-22 15:07:56.142,14064,14065,14065,7
2020-12-22 15:07:56.142,14064,14065,14065,3
2020-12-22 15:07:56.224,14065,14066,14065,2
2020-12-22 15:07:57.279,14064,14066,14065,1
2020-12-22 15:07:58.639,14065,14066,14065,1
2020-12-22 15:07:59.103,14064,14066,14066,1
2020-12-22 15:07:59.224,14065,14066,14066,2
2020-12-22 15:08:00.978,14064,14065,14065,1
2020-12-22 15:08:01.061,14064,14065,14065,1
2020-12-22 15:08:01.120,14064,14065,14066,7
2020-12-22 15:08:01.312,14065,14066,14066,1
2020-12-22 15:08:01.313,14065,14066,14066,5
2020-12-22 15:08:01.314,14065,14066,14066,10
2020-12-22 15:08:02.166,14066,14067,14066,1
2020-12-22 15:08:02.166,14066,14067,14065,1
2020-12-22 15:08:02.826,14066,14067,14067,1
2020-12-22 15:08:02.925,14066,14067,14067,1
2020-12-22 15:08:03.031,14066,14067,14067,1
2020-12-22 15:08:03.040,14066,14067,14067,1
2020-12-22 15:08:03.808,14066,14067,14066,4
2020-12-22 15:08:03.808,14066,14067,14065,1
2020-12-22 15:08:05.676,14065,14066,14066,1
2020-12-22 15:08:05.812,14065,14067,14067,1
2020-12-22 15:08:05.912,14065,14067,14066,1
2020-12-22 15:08:05.936,14065,14067,14067,1
2020-12-22 15:08:06.093,14065,14067,14067,1
2020-12-22 15:08:06.228,14065,14067,14067,1
2020-12-22 15:08:06.315,14066,14067,14067,1
2020-12-22 15:08:06.318,14066,14067,14067,1
2020-12-22 15:08:06.320,14066,14067,14067,2
2020-12-22 15:08:06.320,14066,14067,14067,3
2020-12-22 15:08:06.320,14066,14067,14067,6
2020-12-22 15:08:06.321,14066,14067,14067,4
2020-12-22 15:08:06.357,14066,14067,14067,1
2020-12-22 15:08:06.360,14066,14067,14067,12
2020-12-22 15:08:06.498,14067,14068,14068,1
2020-12-22 15:08:06.504,14067,14068,14068,4
2020-12-22 15:08:06.647,14067,14068,14068,1
2020-12-22 15:08:06.719,14067,14068,14068,1
2020-12-22 15:08:06.766,14067,14068,14067,2
2020-12-22 15:08:06.785,14067,14068,14068,1
2020-12-22 15:08:06.863,14067,14068,14067,2
2020-12-22 15:08:06.869,14067,14068,14068,1
2020-12-22 15:08:06.897,14067,14068,14068,1
2020-12-22 15:08:06.904,14067,14068,14068,1
2020-12-22 15:08:06.924,14067,14068,14068,1
2020-12-22 15:08:07.032,14067,14068,14068,4
2020-12-22 15:08:07.076,14067,14068,14068,1
2020-12-22 15:08:07.217,14067,14068,14068,1
2020-12-22 15:08:07.220,14067,14068,14068,7
2020-12-22 15:08:07.252,14067,14068,14068,1
2020-12-22 15:08:07.306,14067,14068,14068,1
2020-12-22 15:08:07.374,14067,14068,14068,1
2020-12-22 15:08:07.375,14067,14068,14068,25
2020-12-22 15:08:07.418,14068,14069,14068,1
2020-12-22 15:08:07.521,14068,14069,14069,1
2020-12-22 15:08:07.521,14068,14069,14069,4
2020-12-22 15:08:07.521,14068,14069,14069,2
2020-12-22 15:08:07.521,14068,14069,14069,2
2020-12-22 15:08:07.522,14068,14069,14069,1
2020-12-22 15:08:07.713,14068,14069,14069,1
2020-12-22 15:08:07.786,14068,14069,14069,1
2020-12-22 15:08:07.958,14068,14069,14069,1
2020-12-22 15:08:08.122,14068,14069,14069,1
2020-12-22 15:08:08.144,14068,14069,14069,1
2020-12-22 15:08:08.159,14068,14069,14069,5
2020-12-22 15:08:08.305,14069,14070,14070,1
2020-12-22 15:08:08.455,14069,14070,14070,6
2020-12-22 15:08:08.468,14069,14070,14070,1
2020-12-22 15:08:08.508,14069,14070,14070,1
2020-12-22 15:08:08.565,14069,14070,14070,3
2020-12-22 15:08:08.583,14069,14070,14070,1
2020-12-22 15:08:08.715,14069,14070,14070,1
2020-12-22 15:08:08.948,14069,14070,14070,1
2020-12-22 15:08:08.966,14069,14070,14070,1
2020-12-22 15:08:08.985,14069,14070,14070,1
2020-12-22 15:08:08.986,14069,14070,14070,14
2020-12-22 15:08:08.986,14069,14070,14070,7
2020-12-22 15:08:09.175,14070,14071,14071,2
2020-12-22 15:08:09.192,14070,14071,14071,3
2020-12-22 15:08:09.192,14070,14071,14072,1
2020-12-22 15:08:09.206,14070,14071,14072,4
2020-12-22 15:08:09.216,14070,14071,14072,1
2020-12-22 15:08:09.383,14071,14072,14072,2
2020-12-22 15:08:09.405,14071,14072,14072,2
2020-12-22 15:08:09.417,14071,14072,14072,2
2020-12-22 15:08:09.456,14071,14072,14072,1
2020-12-22 15:08:09.627,14071,14072,14072,2
2020-12-22 15:08:09.627,14071,14072,14072,6
2020-12-22 15:08:09.635,14071,14072,14072,1
2020-12-22 15:08:09.635,14071,14072,14073,3
2020-12-22 15:08:09.981,14072,14073,14073,1
2020-12-22 15:08:10.055,14072,14073,14073,1
2020-12-22 15:08:10.288,14072,14073,14073,1
2020-12-22 15:08:10.329,14073,14074,14074,1
2020-12-22 15:08:10.368,14073,14074,14074,1
2020-12-22 15:08:10.511,14073,14074,14074,1
2020-12-22 15:08:10.528,14073,14074,14073,1
2020-12-22 15:08:10.582,14073,14074,14074,1
2020-12-22 15:08:10.679,14073,14074,14074,1
2020-12-22 15:08:10.712,14073,14074,14073,2
2020-12-22 15:08:10.782,14073,14074,14074,1
2020-12-22 15:08:10.828,14073,14075,14075,1
2020-12-22 15:08:10.832,14073,14075,14075,2
2020-12-22 15:08:10.972,14073,14075,14075,2
2020-12-22 15:08:10.983,14073,14075,14075,1
2020-12-22 15:08:11.010,14073,14075,14075,4
2020-12-22 15:08:11.142,14073,14075,14075,1
2020-12-22 15:08:11.154,14073,14075,14075,1
2020-12-22 15:08:11.201,14073,14075,14075,2
2020-12-22 15:08:11.268,14073,14075,14075,1
2020-12-22 15:08:11.430,14073,14075,14075,1
2020-12-22 15:08:11.498,14073,14075,14073,2
2020-12-22 15:08:11.503,14073,14075,14074,1
2020-12-22 15:08:11.601,14073,14075,14074,1
2020-12-22 15:08:11.700,14073,14075,14075,1
2020-12-22 15:08:11.759,14073,14075,14075,1
2020-12-22 15:08:11.974,14073,14075,14075,1
2020-12-22 15:08:12.009,14073,14075,14075,1
2020-12-22 15:08:12.076,14074,14076,14076,2
2020-12-22 15:08:12.101,14074,14076,14076,2
2020-12-22 15:08:12.133,14074,14076,14076,2
2020-12-22 15:08:12.159,14074,14076,14074,1
2020-12-22 15:08:12.190,14074,14076,14076,1
2020-12-22 15:08:12.398,14074,14076,14075,1
2020-12-22 15:08:12.400,14074,14076,14074,1
2020-12-22 15:08:12.458,14074,14075,14074,1
2020-12-22 15:08:12.458,14074,14075,14073,4
2020-12-22 15:08:12.835,14072,14074,14074,3
2020-12-22 15:08:12.996,14072,14074,14072,1
2020-12-22 15:08:13.944,14072,14074,14074,1
2020-12-22 15:08:14.114,14073,14075,14075,1
2020-12-22 15:08:14.162,14073,14075,14073,1
2020-12-22 15:08:14.228,14073,14075,14073,2
2020-12-22 15:08:14.287,14073,14075,14074,1
2020-12-22 15:08:14.452,14072,14074,14075,1
2020-12-22 15:08:14.619,14073,14075,14075,1
2020-12-22 15:08:14.764,14073,14075,14075,1
2020-12-22 15:08:14.788,14073,14075,14075,1
2020-12-22 15:08:14.989,14073,14075,14075,1
2020-12-22 15:08:15.272,14074,14075,14075,3
2020-12-22 15:08:15.537,14074,14076,14076,1
2020-12-22 15:08:15.988,14075,14076,14075,2
2020-12-22 15:08:17.155,14075,14076,14075,1
2020-12-22 15:08:17.385,14074,14076,14076,1
2020-12-22 15:08:17.833,14075,14076,14076,1
2020-12-22 15:08:18.641,14075,14077,14075,1
2020-12-22 15:08:19.358,14076,14077,14077,1
2020-12-22 15:08:19.452,14076,14077,14077,1
2020-12-22 15:08:19.687,14076,14077,14076,5
2020-12-22 15:08:20.202,14076,14077,14077,1
2020-12-22 15:08:20.896,14076,14077,14076,2
2020-12-22 15:08:21.220,14076,14077,14077,2
2020-12-22 15:08:22.209,14077,14078,14078,1
2020-12-22 15:08:22.211,14077,14078,14078,9
2020-12-22 15:08:22.590,14077,14079,14079,2
2020-12-22 15:08:22.689,14078,14079,14079,2
2020-12-22 15:08:22.730,14078,14079,14079,1
2020-12-22 15:08:22.770,14078,14079,14079,1
2020-12-22 15:08:22.938,14078,14079,14079,1
2020-12-22 15:08:23.224,14078,14080,14080,1
2020-12-22 15:08:23.231,14078,14080,14080,5
2020-12-22 15:08:23.532,14079,14080,14079,2
2020-12-22 15:08:23.970,14079,14080,14080,1
2020-12-22 15:08:24.056,14079,14080,14079,5
2020-12-22 15:08:24.056,14079,14080,14078,5
2020-12-22 15:08:24.565,14078,14080,14078,4
2020-12-22 15:08:24.565,14078,14080,14077,9
2020-12-22 15:08:24.647,14078,14080,14077,1
2020-12-22 15:08:24.782,14077,14079,14079,1
2020-12-22 15:08:24.800,14077,14079,14079,6
2020-12-22 15:08:24.800,14077,14079,14080,1
2020-12-22 15:08:26.193,14079,14080,14079,2
2020-12-22 15:08:26.220,14079,14080,14078,1
2020-12-22 15:08:26.521,14078,14080,14080,1
2020-12-22 15:08:26.897,14079,14080,14080,6
2020-12-22 15:08:26.898,14079,14080,14080,1
2020-12-22 15:08:26.898,14079,14080,14080,4
2020-12-22 15:08:26.898,14079,14080,14080,3
2020-12-22 15:08:26.898,14079,14080,14080,4
2020-12-22 15:08:27.262,14080,14081,14081,1
2020-12-22 15:08:27.264,14080,14081,14081,5
2020-12-22 15:08:27.318,14080,14082,14081,1
2020-12-22 15:08:27.318,14080,14082,14080,3
2020-12-22 15:08:27.382,14080,14082,14080,1
2020-12-22 15:08:27.570,14080,14082,14082,1
2020-12-22 15:08:27.696,14081,14082,14082,2
2020-12-22 15:08:27.767,14081,14082,14081,1
2020-12-22 15:08:27.944,14081,14082,14081,1
2020-12-22 15:08:28.138,14081,14082,14081,2
2020-12-22 15:08:28.145,14081,14082,14082,10
2020-12-22 15:08:28.149,14081,14082,14082,1
2020-12-22 15:08:28.232,14082,14083,14081,1
2020-12-22 15:08:28.564,14081,14083,14083,1
2020-12-22 15:08:28.905,14082,14083,14083,1
2020-12-22 15:08:28.916,14082,14084,14082,1
2020-12-22 15:08:28.953,14082,14084,14084,5
2020-12-22 15:08:29.123,14083,14084,14084,2
2020-12-22 15:08:29.519,14083,14084,14084,1
2020-12-22 15:08:29.878,14084,14085,14085,1
2020-12-22 15:08:29.905,14084,14085,14085,1
2020-12-22 15:08:30.102,14084,14085,14085,2
2020-12-22 15:08:30.207,14084,14085,14085,1
2020-12-22 15:08:30.926,14084,14085,14084,1
2020-12-22 15:08:30.949,14084,14085,14084,2
2020-12-22 15:08:31.164,14083,14084,14084,1
2020-12-22 15:08:31.255,14083,14084,14084,1
2020-12-22 15:08:31.389,14083,14084,14084,1
2020-12-22 15:08:31.419,14083,14084,14084,1
2020-12-22 15:08:31.460,14083,14084,14085,1
2020-12-22 15:08:31.510,14083,14084,14085,1
2020-12-22 15:08:31.565,14083,14085,14083,1
2020-12-22 15:08:31.678,14083,14085,14085,2
2020-12-22 15:08:31.685,14083,14085,14083,1
2020-12-22 15:08:31.730,14083,14085,14083,2
2020-12-22 15:08:32.121,14083,14085,14083,1
2020-12-22 15:08:32.251,14082,14083,14083,1
2020-12-22 15:08:32.825,14082,14083,14083,1
2020-12-22 15:08:32.970,14082,14083,14082,2
2020-12-22 15:08:32.970,14082,14083,14082,2
2020-12-22 15:08:32.980,14082,14083,14082,1
2020-12-22 15:08:33.049,14081,14083,14083,3
2020-12-22 15:08:33.049,14081,14083,14084,3
2020-12-22 15:08:33.107,14081,14083,14082,2
2020-12-22 15:08:33.247,14081,14083,14083,1
2020-12-22 15:08:33.401,14081,14083,14081,1
2020-12-22 15:08:33.438,14081,14083,14082,1
2020-12-22 15:08:33.822,14080,14082,14082,2
2020-12-22 15:08:33.822,14080,14082,14083,7
2020-12-22 15:08:33.822,14080,14082,14083,2
2020-12-22 15:08:33.822,14080,14082,14083,14
2020-12-22 15:08:34.354,14081,14083,14083,1
2020-12-22 15:08:34.458,14081,14083,14082,1
2020-12-22 15:08:34.507,14081,14083,14081,1
2020-12-22 15:08:34.572,14081,14083,14081,1
2020-12-22 15:08:34.744,14081,14083,14081,2
2020-12-22 15:08:34.880,14081,14083,14082,1
2020-12-22 15:08:35.618,14080,14082,14081,1
2020-12-22 15:08:35.995,14080,14082,14082,1
2020-12-22 15:08:36.030,14080,14082,14082,1
2020-12-22 15:08:36.230,14080,14082,14082,1
2020-12-22 15:08:36.239,14080,14082,14082,1
2020-12-22 15:08:36.338,14081,14083,14081,1
2020-12-22 15:08:36.936,14081,14082,14082,1
2020-12-22 15:08:36.986,14081,14082,14081,2
2020-12-22 15:08:37.028,14081,14082,14081,1
2020-12-22 15:08:37.840,14081,14082,14081,1
2020-12-22 15:08:37.983,14081,14082,14081,11
2020-12-22 15:08:38.193,14080,14081,14080,2
2020-12-22 15:08:38.368,14080,14082,14082,2
2020-12-22 15:08:38.867,14081,14082,14082,1
2020-12-22 15:08:38.908,14081,14082,14083,2
2020-12-22 15:08:39.335,14081,14083,14083,2
2020-12-22 15:08:39.337,14081,14083,14082,4
2020-12-22 15:08:39.560,14081,14083,14081,4
2020-12-22 15:08:39.561,14081,14083,14081,12
2020-12-22 15:08:39.601,14081,14083,14082,7
2020-12-22 15:08:39.601,14081,14083,14083,3
2020-12-22 15:08:40.358,14081,14083,14081,1
2020-12-22 15:08:40.742,14081,14083,14081,2
2020-12-22 15:08:41.358,14081,14083,14083,2
2020-12-22 15:08:41.667,14081,14083,14081,15
2020-12-22 15:08:41.866,14081,14082,14081,1
2020-12-22 15:08:41.881,14081,14082,14081,2
2020-12-22 15:08:41.883,14081,14082,14081,2
2020-12-22 15:08:41.924,14080,14082,14082,1
2020-12-22 15:08:42.566,14080,14082,14080,2
2020-12-22 15:08:42.712,14080,14082,14082,1
2020-12-22 15:08:42.958,14080,14082,14080,1
2020-12-22 15:08:43.997,14080,14081,14080,1
2020-12-22 15:08:44.120,14080,14081,14080,1
2020-12-22 15:08:44.120,14080,14081,14080,8
2020-12-22 15:08:44.432,14079,14080,14080,1
2020-12-22 15:08:44.549,14079,14081,14081,2
2020-12-22 15:08:45.106,14079,14080,14080,1
2020-12-22 15:08:46.983,14079,14080,14079,4
2020-12-22 15:08:47.181,14078,14079,14078,1
2020-12-22 15:08:47.182,14078,14079,14078,5
2020-12-22 15:08:47.182,14078,14079,14078,1
2020-12-22 15:08:47.182,14078,14079,14078,7
2020-12-22 15:08:47.256,14078,14079,14078,1
2020-12-22 15:08:47.369,14077,14078,14077,2
2020-12-22 15:08:47.401,14077,14078,14078,1
2020-12-22 15:08:48.167,14077,14078,14078,1
2020-12-22 15:08:48.204,14077,14078,14078,1
2020-12-22 15:08:48.298,14077,14078,14078,1
2020-12-22 15:08:49.437,14078,14079,14078,2
2020-12-22 15:08:49.443,14078,14079,14078,1
2020-12-22 15:08:50.925,14077,14078,14077,1
2020-12-22 15:08:51.493,14076,14078,14078,1
2020-12-22 15:08:52.221,14077,14078,14078,4
2020-12-22 15:08:52.346,14078,14079,14079,1
2020-12-22 15:08:52.346,14078,14079,14079,3
2020-12-22 15:08:53.326,14078,14080,14078,5
2020-12-22 15:08:54.300,14077,14079,14079,2
2020-12-22 15:08:54.841,14077,14079,14079,1
2020-12-22 15:08:54.934,14077,14079,14077,1
2020-12-22 15:08:55.432,14078,14079,14079,1
2020-12-22 15:08:56.510,14079,14080,14080,5
2020-12-22 15:08:56.558,14079,14081,14079,1
2020-12-22 15:08:56.787,14079,14081,14081,1
2020-12-22 15:08:56.915,14079,14081,14081,1
2020-12-22 15:08:57.564,14080,14081,14081,1
2020-12-22 15:08:57.565,14080,14081,14081,9
2020-12-22 15:08:57.666,14081,14082,14081,1
2020-12-22 15:08:57.677,14081,14082,14081,1
2020-12-22 15:08:57.904,14080,14082,14080,1
2020-12-22 15:08:58.843,14080,14082,14080,1
2020-12-22 15:08:58.994,14080,14082,14080,4
2020-12-22 15:08:59.906,14080,14082,14082,3
2020-12-22 15:09:00.360,14081,14083,14083,1
2020-12-22 15:09:00.427,14081,14083,14083,1
2020-12-22 15:09:00.433,14081,14083,14083,1
2020-12-22 15:09:00.442,14081,14083,14083,1
2020-12-22 15:09:00.497,14081,14083,14083,1
2020-12-22 15:09:00.512,14081,14083,14083,10
2020-12-22 15:09:00.513,14081,14083,14083,4
2020-12-22 15:09:01.064,14083,14084,14084,4
2020-12-22 15:09:01.088,14083,14084,14083,1
2020-12-22 15:09:01.166,14083,14084,14084,1
2020-12-22 15:09:01.167,14083,14084,14084,1
2020-12-22 15:09:01.167,14083,14084,14084,1
2020-12-22 15:09:01.168,14083,14084,14084,3
2020-12-22 15:09:01.168,14083,14084,14084,2
2020-12-22 15:09:01.169,14083,14084,14085,1
2020-12-22 15:09:01.750,14083,14085,14085,9
2020-12-22 15:09:01.751,14083,14085,14084,1
2020-12-22 15:09:01.751,14083,14085,14084,1
2020-12-22 15:09:02.516,14084,14085,14085,1
2020-12-22 15:09:02.702,14084,14085,14084,1
2020-12-22 15:09:02.961,14084,14085,14085,3
2020-12-22 15:09:03.590,14084,14085,14084,1
2020-12-22 15:09:03.759,14083,14085,14083,1
2020-12-22 15:09:04.013,14082,14084,14084,5
2020-12-22 15:09:04.084,14082,14084,14082,1
2020-12-22 15:09:05.069,14081,14083,14082,4
2020-12-22 15:09:05.069,14081,14083,14083,3
2020-12-22 15:09:05.142,14081,14083,14083,1
2020-12-22 15:09:05.612,14081,14083,14083,1
2020-12-22 15:09:05.809,14081,14083,14083,5
2020-12-22 15:09:06.466,14081,14083,14081,10
2020-12-22 15:09:06.642,14080,14082,14082,1
2020-12-22 15:09:06.835,14080,14082,14080,1
2020-12-22 15:09:07.104,14080,14082,14082,4
2020-12-22 15:09:07.166,14080,14082,14082,2
2020-12-22 15:09:07.167,14080,14082,14082,1
2020-12-22 15:09:07.167,14080,14082,14082,1
2020-12-22 15:09:07.167,14080,14082,14083,1
2020-12-22 15:09:07.167,14080,14082,14083,1
2020-12-22 15:09:07.168,14080,14082,14083,1
2020-12-22 15:09:07.168,14080,14082,14083,1
2020-12-22 15:09:07.169,14080,14082,14083,1
2020-12-22 15:09:07.169,14080,14082,14083,1
2020-12-22 15:09:07.170,14080,14082,14083,1
2020-12-22 15:09:09.119,14080,14081,14080,1
2020-12-22 15:09:09.947,14080,14081,14080,1
2020-12-22 15:09:09.979,14080,14081,14081,1
2020-12-22 15:09:11.280,14080,14081,14081,1
2020-12-22 15:09:11.461,14080,14081,14081,1
2020-12-22 15:09:11.856,14080,14081,14081,2
2020-12-22 15:09:11.883,14080,14081,14082,1
2020-12-22 15:09:13.140,14080,14081,14081,1
2020-12-22 15:09:13.203,14080,14081,14081,1
2020-12-22 15:09:13.640,14080,14082,14082,1
2020-12-22 15:09:13.763,14080,14082,14082,1
2020-12-22 15:09:15.547,14081,14082,14082,1
2020-12-22 15:09:16.743,14081,14082,14082,2
2020-12-22 15:09:16.744,14081,14082,14082,4
2020-12-22 15:09:16.744,14081,14082,14082,8
2020-12-22 15:09:16.744,14081,14082,14082,3
2020-12-22 15:09:16.744,14081,14082,14082,2
2020-12-22 15:09:16.744,14081,14082,14082,1
2020-12-22 15:09:18.079,14082,14083,14082,1
2020-12-22 15:09:18.166,14081,14083,14083,1
2020-12-22 15:09:18.167,14081,14083,14083,2
2020-12-22 15:09:18.167,14081,14083,14084,1
2020-12-22 15:09:18.168,14081,14083,14084,1
2020-12-22 15:09:18.201,14081,14083,14082,1
2020-12-22 15:09:18.665,14083,14084,14083,1
2020-12-22 15:09:21.099,14083,14084,14084,1
2020-12-22 15:09:22.416,14083,14084,14083,9
2020-12-22 15:09:22.416,14083,14084,14082,1
2020-12-22 15:09:23.741,14082,14083,14083,1
2020-12-22 15:09:24.427,14082,14083,14082,5
2020-12-22 15:09:26.311,14082,14083,14082,5
2020-12-22 15:09:26.448,14081,14083,14082,1
2020-12-22 15:09:27.026,14081,14083,14081,1
2020-12-22 15:09:27.041,14081,14082,14082,1
2020-12-22 15:09:27.043,14081,14082,14083,1
2020-12-22 15:09:27.043,14081,14082,14083,1
2020-12-22 15:09:27.043,14081,14082,14083,1
2020-12-22 15:09:27.043,14081,14082,14083,1
2020-12-22 15:09:27.043,14081,14082,14083,1
2020-12-22 15:09:27.045,14081,14082,14083,1
2020-12-22 15:09:27.045,14081,14082,14083,1
2020-12-22 15:09:27.605,14081,14083,14083,3
2020-12-22 15:09:27.605,14081,14083,14083,2
2020-12-22 15:09:28.461,14082,14083,14083,1
2020-12-22 15:09:28.693,14082,14084,14084,1
