2020-10-20,15:00:00.042000,12867,12868,12868,56
2020-10-20,15:00:00.045000,12867,12868,12868,12
2020-10-20,15:00:00.048000,12867,12868,12868,2
2020-10-20,15:00:00.193000,12867,12869,12869,1
2020-10-20,15:00:00.240000,12867,12869,12869,1
2020-10-20,15:00:00.290000,12867,12869,12869,1
2020-10-20,15:00:00.321000,12868,12869,12868,1
2020-10-20,15:00:00.358000,12868,12869,12868,1
2020-10-20,15:00:00.564000,12868,12869,12868,2
2020-10-20,15:00:00.564000,12868,12869,12867,2
2020-10-20,15:00:00.653000,12868,12869,12867,1
2020-10-20,15:00:00.680000,12867,12869,12868,1
2020-10-20,15:00:00.680000,12867,12869,12869,1
2020-10-20,15:00:00.733000,12867,12869,12867,1
2020-10-20,15:00:00.746000,12867,12869,12868,1
2020-10-20,15:00:01.048000,12867,12869,12867,2
2020-10-20,15:00:01.048000,12867,12869,12866,2
2020-10-20,15:00:01.053000,12867,12869,12866,2
2020-10-20,15:00:01.097000,12866,12868,12866,4
2020-10-20,15:00:01.374000,12866,12867,12867,1
2020-10-20,15:00:01.537000,12867,12868,12867,1
2020-10-20,15:00:01.577000,12867,12868,12867,1
2020-10-20,15:00:01.675000,12867,12868,12867,2
2020-10-20,15:00:01.841000,12866,12868,12866,2
2020-10-20,15:00:01.953000,12866,12867,12867,1
2020-10-20,15:00:01.953000,12866,12867,12868,1
2020-10-20,15:00:02.536000,12866,12868,12868,1
2020-10-20,15:00:04.331000,12866,12867,12867,1
2020-10-20,15:00:04.871000,12866,12867,12867,1
2020-10-20,15:00:04.972000,12866,12868,12866,4
2020-10-20,15:00:04.972000,12866,12868,12866,1
2020-10-20,15:00:04.983000,12866,12868,12866,2
2020-10-20,15:00:05.090000,12865,12866,12866,1
2020-10-20,15:00:05.462000,12867,12868,12867,1
2020-10-20,15:00:07.293000,12866,12867,12867,2
2020-10-20,15:00:07.437000,12867,12868,12867,4
2020-10-20,15:00:08.204000,12866,12867,12867,3
2020-10-20,15:00:08.368000,12866,12868,12867,1
2020-10-20,15:00:08.554000,12867,12868,12868,5
2020-10-20,15:00:08.569000,12867,12868,12868,1
2020-10-20,15:00:09.276000,12868,12869,12868,1
2020-10-20,15:00:09.877000,12868,12869,12868,1
2020-10-20,15:00:10.122000,12868,12869,12868,1
2020-10-20,15:00:10.763000,12868,12869,12868,1
2020-10-20,15:00:11.054000,12868,12869,12868,2
2020-10-20,15:00:11.431000,12868,12869,12868,1
2020-10-20,15:00:12.311000,12867,12868,12868,2
2020-10-20,15:00:12.356000,12867,12868,12868,1
2020-10-20,15:00:13.264000,12868,12869,12868,3
2020-10-20,15:00:13.579000,12868,12869,12868,1
2020-10-20,15:00:14.131000,12868,12869,12868,1
2020-10-20,15:00:14.603000,12867,12868,12868,1
2020-10-20,15:00:14.603000,12867,12868,12867,2
2020-10-20,15:00:15.265000,12867,12869,12869,2
2020-10-20,15:00:16.083000,12868,12869,12868,1
2020-10-20,15:00:16.806000,12868,12869,12869,7
2020-10-20,15:00:16.966000,12868,12870,12868,10
2020-10-20,15:00:17.054000,12868,12869,12868,10
2020-10-20,15:00:17.057000,12868,12869,12867,1
2020-10-20,15:00:17.627000,12867,12868,12867,1
2020-10-20,15:00:17.738000,12867,12868,12867,1
2020-10-20,15:00:18.424000,12867,12868,12868,2
2020-10-20,15:00:18.684000,12867,12868,12867,1
2020-10-20,15:00:19.939000,12867,12868,12867,1
2020-10-20,15:00:20.969000,12867,12868,12868,1
2020-10-20,15:00:20.970000,12867,12868,12868,1
2020-10-20,15:00:21.499000,12867,12868,12868,1
2020-10-20,15:00:21.513000,12867,12868,12869,1
2020-10-20,15:00:22.197000,12867,12868,12868,3
2020-10-20,15:00:22.337000,12868,12869,12869,1
2020-10-20,15:00:23.519000,12867,12868,12868,1
2020-10-20,15:00:28.646000,12868,12869,12868,1
2020-10-20,15:00:28.646000,12868,12869,12868,2
2020-10-20,15:00:28.647000,12868,12869,12868,1
2020-10-20,15:00:28.652000,12868,12869,12867,18
2020-10-20,15:00:28.654000,12868,12869,12867,7
2020-10-20,15:00:28.789000,12866,12868,12868,1
2020-10-20,15:00:29.811000,12866,12867,12867,1
2020-10-20,15:00:30.243000,12866,12868,12867,4
2020-10-20,15:00:30.458000,12866,12867,12867,1
2020-10-20,15:00:30.868000,12866,12867,12867,1
2020-10-20,15:00:32.758000,12866,12867,12866,1
2020-10-20,15:00:32.988000,12866,12867,12867,1
2020-10-20,15:00:33.062000,12866,12867,12867,1
2020-10-20,15:00:33.365000,12866,12867,12866,5
2020-10-20,15:00:33.365000,12866,12867,12865,20
2020-10-20,15:00:33.643000,12865,12866,12866,3
2020-10-20,15:00:35.069000,12865,12867,12867,2
2020-10-20,15:00:35.071000,12865,12867,12866,4
2020-10-20,15:00:36.007000,12865,12866,12866,2
2020-10-20,15:00:36.229000,12865,12866,12866,4
2020-10-20,15:00:37.377000,12865,12866,12866,1
2020-10-20,15:00:38.850000,12865,12867,12867,1
2020-10-20,15:00:40.977000,12865,12867,12867,2
2020-10-20,15:00:43.084000,12866,12867,12866,2
2020-10-20,15:00:43.090000,12866,12867,12866,1
2020-10-20,15:00:43.554000,12865,12866,12865,5
2020-10-20,15:00:43.555000,12865,12866,12865,1
2020-10-20,15:00:44.415000,12864,12866,12865,1
2020-10-20,15:00:44.972000,12864,12866,12866,1
2020-10-20,15:00:47.442000,12864,12866,12864,1
2020-10-20,15:00:47.733000,12865,12866,12866,2
2020-10-20,15:00:49.320000,12865,12866,12866,2
2020-10-20,15:00:50.188000,12865,12867,12866,1
2020-10-20,15:00:51.537000,12865,12867,12867,1
2020-10-20,15:00:51.631000,12865,12867,12866,1
2020-10-20,15:00:57.019000,12866,12867,12867,2
2020-10-20,15:00:57.021000,12866,12867,12867,3
2020-10-20,15:00:57.202000,12866,12868,12866,2
2020-10-20,15:00:57.330000,12866,12868,12867,1
2020-10-20,15:00:57.521000,12866,12868,12867,1
2020-10-20,15:00:57.552000,12866,12868,12867,1
2020-10-20,15:00:57.798000,12867,12868,12868,6
2020-10-20,15:00:57.941000,12867,12868,12868,1
2020-10-20,15:00:57.959000,12867,12868,12868,2
2020-10-20,15:00:58.230000,12867,12868,12868,18
2020-10-20,15:01:00.026000,12868,12869,12868,1
2020-10-20,15:01:00.338000,12868,12869,12868,2
2020-10-20,15:01:01.637000,12867,12868,12868,1
2020-10-20,15:01:01.720000,12867,12868,12868,1
2020-10-20,15:01:01.993000,12867,12868,12868,1
2020-10-20,15:01:03.986000,12867,12868,12868,2
2020-10-20,15:01:04.858000,12867,12868,12868,2
2020-10-20,15:01:06.400000,12867,12868,12868,2
2020-10-20,15:01:07.208000,12867,12868,12868,2
2020-10-20,15:01:07.258000,12867,12868,12868,1
2020-10-20,15:01:07.306000,12867,12869,12867,1
2020-10-20,15:01:07.306000,12867,12869,12867,1
2020-10-20,15:01:07.306000,12867,12869,12867,1
2020-10-20,15:01:07.307000,12867,12869,12866,1
2020-10-20,15:01:07.307000,12867,12869,12866,1
2020-10-20,15:01:07.307000,12867,12869,12867,1
2020-10-20,15:01:07.309000,12867,12869,12867,1
2020-10-20,15:01:07.309000,12867,12869,12867,1
2020-10-20,15:01:07.311000,12867,12869,12866,1
2020-10-20,15:01:11.330000,12867,12868,12868,3
2020-10-20,15:01:12.909000,12867,12868,12868,1
2020-10-20,15:01:15.145000,12867,12868,12868,1
2020-10-20,15:01:15.157000,12867,12868,12867,2
2020-10-20,15:01:15.636000,12867,12869,12868,1
2020-10-20,15:01:18.859000,12867,12868,12868,1
2020-10-20,15:01:19.470000,12867,12868,12868,2
2020-10-20,15:01:20.295000,12867,12868,12868,1
2020-10-20,15:01:22.581000,12867,12868,12867,1
2020-10-20,15:01:23.437000,12867,12868,12867,1
2020-10-20,15:01:25.145000,12866,12867,12867,1
2020-10-20,15:01:29.407000,12866,12867,12866,2
2020-10-20,15:01:32.167000,12866,12867,12867,4
2020-10-20,15:01:32.185000,12866,12867,12866,1
2020-10-20,15:01:36.877000,12866,12867,12866,1
2020-10-20,15:01:40.182000,12866,12867,12867,4
2020-10-20,15:01:40.182000,12866,12867,12867,1
2020-10-20,15:01:40.306000,12867,12868,12867,1
2020-10-20,15:01:41.343000,12867,12868,12868,1
2020-10-20,15:01:41.582000,12867,12868,12868,1
2020-10-20,15:01:41.672000,12867,12868,12868,1
2020-10-20,15:01:46.519000,12866,12868,12868,1
2020-10-20,15:01:52.999000,12866,12867,12867,1
2020-10-20,15:01:54.153000,12866,12867,12867,2
2020-10-20,15:02:00.650000,12866,12867,12867,2
2020-10-20,15:02:02.766000,12866,12867,12867,1
2020-10-20,15:02:04.995000,12866,12867,12866,1
2020-10-20,15:02:04.995000,12866,12867,12866,2
2020-10-20,15:02:04.995000,12866,12867,12866,1
2020-10-20,15:02:04.996000,12866,12867,12866,7
2020-10-20,15:02:04.996000,12866,12867,12866,10
2020-10-20,15:02:04.996000,12866,12867,12866,6
2020-10-20,15:02:04.996000,12866,12867,12866,2
2020-10-20,15:02:04.996000,12866,12867,12866,1
2020-10-20,15:02:04.996000,12866,12867,12866,8
2020-10-20,15:02:07.555000,12865,12867,12866,1
2020-10-20,15:02:13.920000,12866,12867,12866,1
2020-10-20,15:02:17.118000,12866,12867,12866,1
2020-10-20,15:02:17.128000,12866,12867,12866,2
2020-10-20,15:02:22.410000,12866,12867,12866,1
2020-10-20,15:02:23.235000,12866,12867,12866,1
2020-10-20,15:02:23.503000,12866,12867,12866,1
2020-10-20,15:02:24.175000,12865,12866,12866,1
2020-10-20,15:02:24.359000,12865,12867,12865,1
2020-10-20,15:02:25.791000,12866,12867,12866,1
2020-10-20,15:02:27.049000,12866,12867,12866,3
2020-10-20,15:02:27.952000,12866,12867,12866,2
2020-10-20,15:02:27.952000,12866,12867,12866,2
2020-10-20,15:02:28.424000,12865,12866,12865,1
2020-10-20,15:02:33.262000,12865,12866,12865,2
2020-10-20,15:02:34.859000,12865,12866,12865,1
2020-10-20,15:02:35.831000,12865,12866,12866,4
2020-10-20,15:02:37.517000,12865,12867,12865,1
2020-10-20,15:02:43.672000,12865,12867,12866,1
2020-10-20,15:02:45.409000,12866,12867,12866,4
2020-10-20,15:02:45.410000,12866,12867,12866,6
2020-10-20,15:02:47.432000,12865,12866,12865,1
2020-10-20,15:02:48.775000,12866,12867,12866,1
2020-10-20,15:02:50.201000,12866,12867,12866,2
2020-10-20,15:02:50.646000,12866,12867,12867,10
2020-10-20,15:02:50.808000,12867,12868,12867,1
2020-10-20,15:02:51.414000,12866,12868,12867,1
2020-10-20,15:02:55.118000,12867,12868,12868,21
2020-10-20,15:02:55.118000,12867,12868,12868,7
2020-10-20,15:02:58.382000,12867,12869,12869,1
2020-10-20,15:02:59.561000,12867,12869,12868,1
2020-10-20,15:03:00.914000,12868,12869,12868,1
2020-10-20,15:03:05.464000,12868,12869,12869,17
2020-10-20,15:03:06.145000,12869,12870,12869,1
2020-10-20,15:03:06.502000,12869,12870,12869,1
2020-10-20,15:03:06.693000,12869,12870,12869,1
2020-10-20,15:03:06.858000,12869,12870,12869,1
2020-10-20,15:03:13.311000,12869,12870,12869,1
2020-10-20,15:03:13.311000,12869,12870,12869,2
2020-10-20,15:03:13.311000,12869,12870,12869,3
2020-10-20,15:03:16.421000,12868,12869,12868,2
2020-10-20,15:03:16.421000,12868,12869,12868,1
2020-10-20,15:03:16.422000,12868,12869,12868,1
2020-10-20,15:03:16.422000,12868,12869,12868,1
2020-10-20,15:03:25.157000,12868,12869,12868,1
2020-10-20,15:03:25.263000,12868,12869,12868,1
2020-10-20,15:03:26.396000,12867,12868,12867,1
2020-10-20,15:03:28.560000,12867,12868,12867,1
2020-10-20,15:03:31.577000,12867,12868,12867,1
2020-10-20,15:03:34.027000,12867,12868,12867,2
2020-10-20,15:03:37.385000,12866,12867,12866,7
2020-10-20,15:03:51.100000,12866,12867,12866,1
2020-10-20,15:03:52.265000,12866,12867,12866,1
2020-10-20,15:03:56.940000,12866,12867,12866,1
2020-10-20,15:04:02.408000,12866,12867,12867,1
2020-10-20,15:04:02.691000,12866,12867,12867,1
2020-10-20,15:04:03.481000,12866,12867,12866,2
2020-10-20,15:04:06.824000,12866,12867,12867,1
2020-10-20,15:04:24.419000,12866,12867,12866,1
2020-10-20,15:04:25.502000,12866,12867,12866,2
2020-10-20,15:04:31.661000,12866,12867,12866,2
2020-10-20,15:04:36.047000,12866,12867,12866,1
2020-10-20,15:04:36.732000,12866,12867,12866,1
2020-10-20,15:04:37.812000,12866,12867,12866,1
2020-10-20,15:04:39.446000,12866,12867,12866,2
2020-10-20,15:04:47.277000,12865,12866,12865,5
2020-10-20,15:04:54.445000,12865,12866,12866,1
2020-10-20,15:04:59.425000,12865,12866,12865,2
2020-10-20,15:05:00.380000,12865,12866,12865,6
2020-10-20,15:05:01.231000,12864,12865,12864,2
2020-10-20,15:05:01.333000,12864,12865,12864,1
2020-10-20,15:05:02.205000,12864,12865,12864,3
2020-10-20,15:05:12.586000,12863,12864,12864,1
2020-10-20,15:05:12.587000,12863,12864,12864,1
2020-10-20,15:05:16.794000,12864,12865,12864,4
2020-10-20,15:05:16.794000,12864,12865,12863,2
2020-10-20,15:05:16.930000,12863,12865,12863,1
2020-10-20,15:05:30.922000,12863,12864,12863,1
2020-10-20,15:05:32.950000,12863,12864,12863,2
2020-10-20,15:05:33.376000,12863,12864,12864,1
2020-10-20,15:05:39.758000,12863,12864,12863,4
2020-10-20,15:05:39.758000,12863,12864,12863,1
2020-10-20,15:05:39.758000,12863,12864,12863,5
2020-10-20,15:05:42.497000,12862,12864,12863,1
2020-10-20,15:05:42.716000,12862,12864,12862,1
2020-10-20,15:05:42.863000,12862,12864,12862,1
2020-10-20,15:05:48.534000,12862,12864,12863,1
2020-10-20,15:06:00.569000,12862,12863,12863,1
2020-10-20,15:06:00.569000,12862,12863,12863,2
2020-10-20,15:06:00.575000,12862,12863,12863,5
2020-10-20,15:06:01.307000,12863,12864,12863,1
2020-10-20,15:06:03.823000,12862,12863,12863,1
2020-10-20,15:06:04.611000,12863,12864,12863,5
2020-10-20,15:06:04.613000,12863,12864,12863,4
2020-10-20,15:06:04.673000,12863,12864,12863,4
2020-10-20,15:06:04.675000,12863,12864,12863,1
2020-10-20,15:06:04.797000,12862,12864,12863,1
2020-10-20,15:06:06.158000,12863,12864,12863,1
2020-10-20,15:06:06.159000,12863,12864,12863,2
2020-10-20,15:06:08.217000,12863,12864,12864,3
2020-10-20,15:06:10.579000,12863,12865,12863,1
2020-10-20,15:06:16.189000,12864,12865,12864,1
2020-10-20,15:06:16.976000,12864,12865,12864,2
2020-10-20,15:06:19.497000,12864,12865,12865,4
2020-10-20,15:06:31.838000,12864,12865,12865,2
2020-10-20,15:06:37.175000,12864,12866,12865,1
2020-10-20,15:06:55.254000,12865,12866,12866,20
2020-10-20,15:06:55.751000,12865,12867,12865,1
2020-10-20,15:07:14.074000,12866,12867,12866,1
2020-10-20,15:07:19.088000,12866,12867,12866,3
2020-10-20,15:07:28.231000,12866,12867,12867,1
2020-10-20,15:07:28.231000,12866,12867,12867,5
2020-10-20,15:07:30.099000,12867,12868,12868,10
2020-10-20,15:07:33.419000,12868,12869,12868,1
2020-10-20,15:07:41.054000,12868,12869,12869,17
2020-10-20,15:07:43.277000,12869,12870,12869,1
2020-10-20,15:07:48.970000,12869,12870,12869,1
2020-10-20,15:07:51.564000,12869,12870,12870,2
2020-10-20,15:07:51.564000,12869,12870,12870,10
2020-10-20,15:07:51.564000,12869,12870,12870,2
2020-10-20,15:07:51.564000,12869,12870,12870,5
2020-10-20,15:07:51.564000,12869,12870,12870,13
2020-10-20,15:07:51.709000,12870,12871,12871,1
2020-10-20,15:07:52.622000,12870,12871,12871,23
2020-10-20,15:07:53.321000,12870,12871,12871,1
2020-10-20,15:07:54.999000,12870,12872,12872,3
2020-10-20,15:07:58.032000,12870,12872,12872,1
2020-10-20,15:08:00.068000,12870,12872,12872,1
2020-10-20,15:08:01.862000,12871,12872,12872,1
2020-10-20,15:08:02.123000,12871,12872,12871,1
2020-10-20,15:08:02.408000,12871,12872,12872,1
2020-10-20,15:08:02.676000,12871,12872,12872,1
2020-10-20,15:08:02.766000,12871,12872,12871,1
2020-10-20,15:08:04.085000,12871,12872,12871,2
2020-10-20,15:08:04.085000,12871,12872,12871,2
2020-10-20,15:08:04.085000,12871,12872,12871,1
2020-10-20,15:08:04.086000,12871,12872,12871,2
2020-10-20,15:08:04.754000,12870,12871,12871,2
2020-10-20,15:08:05.618000,12870,12871,12870,5
2020-10-20,15:08:05.774000,12869,12870,12870,1
2020-10-20,15:08:08.502000,12870,12871,12870,1
2020-10-20,15:08:08.546000,12870,12871,12870,2
2020-10-20,15:08:10.842000,12869,12870,12869,4
2020-10-20,15:08:14.512000,12869,12870,12870,1
2020-10-20,15:08:15.004000,12870,12871,12870,1
2020-10-20,15:08:19.319000,12870,12871,12870,1
2020-10-20,15:08:19.785000,12870,12871,12870,3
2020-10-20,15:08:27.587000,12869,12870,12869,1
2020-10-20,15:08:30.033000,12868,12869,12868,2
2020-10-20,15:08:30.056000,12868,12869,12869,1
2020-10-20,15:08:34.437000,12868,12869,12869,1
2020-10-20,15:08:39.221000,12868,12869,12869,1
2020-10-20,15:08:46.951000,12868,12869,12869,1
2020-10-20,15:08:49.099000,12868,12869,12868,2
2020-10-20,15:08:55.697000,12868,12869,12868,1
2020-10-20,15:09:04.189000,12867,12868,12868,1
2020-10-20,15:09:12.422000,12868,12869,12868,2
2020-10-20,15:09:13.204000,12868,12869,12868,1
2020-10-20,15:09:16.434000,12868,12869,12868,1
2020-10-20,15:09:28.189000,12868,12869,12868,2
2020-10-20,15:09:28.278000,12868,12869,12868,1
2020-10-20,15:09:28.454000,12867,12868,12868,1
2020-10-20,15:09:34.245000,12868,12869,12868,1
2020-10-20,15:09:48.088000,12867,12868,12867,1
2020-10-20,15:09:48.325000,12867,12868,12867,1
2020-10-20,15:09:48.325000,12867,12868,12866,1
2020-10-20,15:10:10.200000,12866,12868,12868,1
2020-10-20,15:10:14.807000,12866,12867,12867,1
2020-10-20,15:10:38.732000,12866,12867,12866,1
2020-10-20,15:10:47.340000,12866,12867,12867,1
2020-10-20,15:11:00.723000,12866,12867,12866,1
2020-10-20,15:11:00.723000,12866,12867,12866,1
2020-10-20,15:11:00.723000,12866,12867,12866,4
2020-10-20,15:11:00.724000,12866,12867,12866,1
2020-10-20,15:11:00.724000,12866,12867,12866,1
2020-10-20,15:11:01.041000,12865,12867,12867,1
2020-10-20,15:11:01.822000,12866,12867,12866,4
2020-10-20,15:11:02.074000,12865,12866,12865,1
2020-10-20,15:11:02.525000,12865,12866,12866,1
2020-10-20,15:11:02.525000,12865,12866,12866,1
2020-10-20,15:11:02.525000,12865,12866,12866,1
2020-10-20,15:11:07.790000,12866,12867,12866,1
2020-10-20,15:11:08.123000,12865,12866,12866,1
2020-10-20,15:11:14.027000,12865,12867,12866,1
2020-10-20,15:11:19.294000,12866,12867,12866,1
2020-10-20,15:11:21.125000,12866,12867,12866,1
2020-10-20,15:11:31.984000,12865,12866,12866,1
2020-10-20,15:11:37.548000,12865,12866,12866,1
2020-10-20,15:11:39.011000,12865,12867,12866,2
2020-10-20,15:11:51.911000,12865,12866,12866,1
2020-10-20,15:11:54.769000,12865,12866,12865,4
2020-10-20,15:11:54.769000,12865,12866,12865,7
2020-10-20,15:11:55.024000,12864,12865,12864,3
2020-10-20,15:11:55.260000,12864,12865,12864,1
2020-10-20,15:12:06.483000,12864,12865,12864,4
2020-10-20,15:12:06.569000,12864,12865,12865,4
2020-10-20,15:12:10.580000,12864,12865,12865,1
2020-10-20,15:12:14.092000,12864,12865,12865,2
2020-10-20,15:12:18.210000,12865,12866,12865,1
2020-10-20,15:12:19.374000,12865,12866,12865,1
2020-10-20,15:12:25.877000,12865,12866,12865,4
2020-10-20,15:12:31.926000,12864,12865,12864,1
2020-10-20,15:12:31.926000,12864,12865,12864,1
2020-10-20,15:12:31.926000,12864,12865,12864,2
2020-10-20,15:12:41.865000,12864,12865,12864,1
2020-10-20,15:12:42.020000,12864,12865,12864,1
2020-10-20,15:12:43.571000,12864,12865,12865,2
2020-10-20,15:12:50.308000,12864,12865,12864,5
2020-10-20,15:12:51.889000,12864,12865,12865,2
2020-10-20,15:12:51.889000,12864,12865,12865,2
2020-10-20,15:12:51.889000,12864,12865,12865,1
2020-10-20,15:12:51.889000,12864,12865,12865,1
2020-10-20,15:12:51.889000,12864,12865,12865,1
2020-10-20,15:12:51.889000,12864,12865,12865,4
2020-10-20,15:12:51.889000,12864,12865,12865,4
2020-10-20,15:12:57.085000,12864,12866,12864,1
2020-10-20,15:13:07.023000,12865,12866,12865,1
2020-10-20,15:13:07.294000,12864,12866,12864,1
2020-10-20,15:13:09.770000,12864,12866,12864,1
2020-10-20,15:13:19.429000,12864,12865,12865,1
2020-10-20,15:13:27.183000,12865,12866,12865,1
2020-10-20,15:13:52.011000,12865,12866,12865,1
2020-10-20,15:13:52.011000,12865,12866,12865,4
2020-10-20,15:13:52.011000,12865,12866,12865,3
2020-10-20,15:14:24.541000,12864,12865,12864,1
2020-10-20,15:14:24.777000,12864,12865,12864,1
2020-10-20,15:14:25.261000,12864,12865,12865,1
2020-10-20,15:14:29.793000,12864,12865,12864,1
2020-10-20,15:14:31.665000,12864,12865,12865,2
2020-10-20,15:14:31.665000,12864,12865,12865,1
2020-10-20,15:14:41.689000,12864,12865,12865,1
2020-10-20,15:14:48.713000,12864,12865,12865,1
2020-10-20,15:14:50.803000,12865,12866,12865,1
2020-10-20,15:15:13.929000,12865,12866,12865,1
2020-10-20,15:15:46.311000,12865,12866,12865,1
2020-10-20,15:15:46.852000,12864,12866,12864,2
2020-10-20,15:16:06.250000,12864,12865,12864,12
2020-10-20,15:16:07.238000,12863,12864,12863,22
2020-10-20,15:16:07.308000,12862,12863,12863,1
2020-10-20,15:16:07.987000,12862,12863,12862,26
2020-10-20,15:16:11.280000,12861,12862,12861,27
2020-10-20,15:16:12.643000,12860,12861,12861,1
2020-10-20,15:16:16.282000,12860,12861,12860,24
2020-10-20,15:16:16.512000,12859,12860,12859,4
2020-10-20,15:16:16.674000,12858,12860,12860,2
2020-10-20,15:16:20.604000,12858,12859,12859,2
2020-10-20,15:16:23.874000,12858,12859,12859,1
2020-10-20,15:16:28.622000,12859,12860,12859,1
2020-10-20,15:16:28.807000,12859,12860,12860,1
2020-10-20,15:16:28.929000,12859,12860,12860,1
2020-10-20,15:16:29.088000,12859,12860,12859,1
2020-10-20,15:16:29.180000,12859,12860,12860,1
2020-10-20,15:16:29.181000,12859,12860,12860,1
2020-10-20,15:16:29.181000,12859,12860,12861,1
2020-10-20,15:16:29.182000,12859,12860,12861,1
2020-10-20,15:16:29.182000,12859,12860,12861,1
2020-10-20,15:16:29.182000,12859,12860,12861,1
2020-10-20,15:16:29.186000,12859,12860,12861,1
2020-10-20,15:16:29.186000,12859,12860,12861,1
2020-10-20,15:16:29.186000,12859,12860,12861,1
2020-10-20,15:16:29.208000,12859,12860,12860,1
2020-10-20,15:16:33.389000,12859,12860,12859,3
2020-10-20,15:16:33.837000,12859,12860,12859,5
2020-10-20,15:16:38.677000,12859,12860,12860,2
2020-10-20,15:16:38.678000,12859,12860,12860,1
2020-10-20,15:16:38.680000,12860,12861,12860,1
2020-10-20,15:16:38.705000,12860,12861,12860,1
2020-10-20,15:16:40.884000,12860,12861,12860,5
2020-10-20,15:16:41.772000,12860,12861,12860,1
2020-10-20,15:16:42.224000,12859,12860,12860,1
2020-10-20,15:16:42.450000,12859,12861,12860,1
2020-10-20,15:16:45.147000,12859,12860,12860,1
2020-10-20,15:16:52.797000,12859,12860,12859,6
2020-10-20,15:16:53.336000,12859,12860,12860,3
2020-10-20,15:16:58.008000,12859,12860,12860,5
2020-10-20,15:16:58.212000,12859,12861,12860,1
2020-10-20,15:17:01.096000,12859,12860,12860,1
2020-10-20,15:17:05.506000,12860,12861,12860,1
2020-10-20,15:17:09.064000,12859,12860,12860,1
2020-10-20,15:17:10.479000,12859,12860,12860,4
2020-10-20,15:17:11.725000,12860,12861,12860,1
2020-10-20,15:17:11.822000,12859,12860,12860,5
2020-10-20,15:17:13.271000,12859,12860,12860,1
2020-10-20,15:17:16.585000,12860,12861,12860,5
2020-10-20,15:17:17.778000,12860,12861,12860,5
2020-10-20,15:17:17.778000,12860,12861,12860,1
2020-10-20,15:17:38.461000,12859,12860,12860,1
2020-10-20,15:17:38.462000,12859,12860,12860,3
2020-10-20,15:17:38.462000,12859,12860,12860,2
2020-10-20,15:17:42.010000,12860,12861,12861,2
2020-10-20,15:17:43.684000,12860,12861,12861,5
2020-10-20,15:17:44.803000,12861,12863,12861,1
2020-10-20,15:17:44.804000,12861,12862,12861,1
2020-10-20,15:17:49.315000,12860,12861,12860,1
2020-10-20,15:17:55.104000,12860,12862,12860,4
2020-10-20,15:17:56.883000,12860,12861,12860,4
2020-10-20,15:18:04.161000,12860,12861,12860,1
2020-10-20,15:18:10.761000,12860,12861,12860,3
2020-10-20,15:18:10.762000,12860,12861,12860,1
2020-10-20,15:18:13.514000,12860,12861,12861,2
2020-10-20,15:18:21.473000,12861,12862,12862,11
2020-10-20,15:18:22.055000,12862,12863,12862,1
2020-10-20,15:18:23.215000,12862,12863,12863,2
2020-10-20,15:18:53.528000,12861,12862,12862,1
2020-10-20,15:19:05.250000,12861,12862,12862,1
2020-10-20,15:19:12.678000,12861,12862,12862,2
2020-10-20,15:19:14.281000,12861,12863,12861,3
2020-10-20,15:19:17.152000,12861,12863,12862,1
2020-10-20,15:19:17.427000,12861,12863,12861,1
2020-10-20,15:19:21.372000,12860,12862,12862,1
2020-10-20,15:19:28.502000,12861,12862,12862,1
2020-10-20,15:19:35.210000,12861,12862,12861,2
2020-10-20,15:19:38.745000,12860,12861,12861,4
2020-10-20,15:19:57.253000,12861,12863,12861,1
2020-10-20,15:19:59.561000,12861,12863,12863,1
2020-10-20,15:20:06.694000,12861,12862,12861,1
2020-10-20,15:20:07.250000,12861,12862,12861,1
2020-10-20,15:20:13.203000,12861,12862,12862,1
2020-10-20,15:20:35.822000,12862,12863,12862,2
2020-10-20,15:20:38.802000,12861,12862,12861,1
2020-10-20,15:21:16.413000,12860,12862,12862,1
2020-10-20,15:21:16.565000,12860,12862,12860,1
2020-10-20,15:21:33.169000,12860,12861,12860,1
2020-10-20,15:21:39.782000,12860,12861,12860,5
2020-10-20,15:21:42.494000,12860,12861,12861,1
2020-10-20,15:21:48.251000,12860,12861,12860,5
2020-10-20,15:21:50.285000,12859,12860,12860,1
2020-10-20,15:21:53.867000,12859,12860,12860,4
2020-10-20,15:21:59.455000,12860,12861,12860,3
2020-10-20,15:22:03.731000,12859,12860,12860,1
2020-10-20,15:22:04.088000,12859,12860,12860,1
2020-10-20,15:22:11.141000,12860,12861,12861,1
2020-10-20,15:22:11.141000,12860,12861,12861,2
2020-10-20,15:22:11.141000,12860,12861,12861,1
2020-10-20,15:22:16.028000,12860,12861,12860,4
2020-10-20,15:22:43.752000,12860,12861,12861,1
2020-10-20,15:22:50.976000,12861,12862,12862,1
2020-10-20,15:22:50.977000,12861,12862,12862,2
2020-10-20,15:22:57.435000,12862,12863,12862,1
2020-10-20,15:23:00.383000,12861,12863,12861,1
2020-10-20,15:23:03.814000,12862,12863,12863,1
2020-10-20,15:23:05.896000,12862,12863,12862,1
2020-10-20,15:23:12.470000,12862,12863,12863,2
2020-10-20,15:23:14.657000,12863,12864,12863,1
2020-10-20,15:23:14.991000,12863,12864,12863,1
2020-10-20,15:23:17.340000,12862,12864,12864,1
2020-10-20,15:23:28.005000,12862,12863,12863,1
2020-10-20,15:23:29.907000,12863,12864,12863,2
2020-10-20,15:23:37.361000,12863,12864,12863,5
2020-10-20,15:23:49.093000,12863,12864,12863,2
2020-10-20,15:23:59.167000,12862,12863,12862,9
2020-10-20,15:23:59.359000,12861,12862,12861,2
2020-10-20,15:23:59.422000,12861,12862,12861,1
2020-10-20,15:24:17.885000,12860,12861,12861,2
2020-10-20,15:24:17.886000,12860,12861,12861,1
2020-10-20,15:24:18.257000,12860,12861,12860,1
2020-10-20,15:24:19.278000,12860,12861,12860,1
2020-10-20,15:24:19.990000,12860,12861,12861,1
2020-10-20,15:24:21.020000,12860,12861,12860,19
2020-10-20,15:24:23.723000,12859,12860,12859,1
2020-10-20,15:24:34.683000,12859,12860,12859,1
2020-10-20,15:24:35.277000,12859,12860,12860,1
2020-10-20,15:24:37.124000,12859,12860,12859,9
2020-10-20,15:24:37.124000,12859,12860,12859,4
2020-10-20,15:24:37.124000,12859,12860,12859,6
2020-10-20,15:24:37.576000,12858,12859,12859,1
2020-10-20,15:24:40.642000,12858,12859,12860,1
2020-10-20,15:24:41.550000,12858,12859,12858,1
2020-10-20,15:24:42.420000,12858,12859,12858,1
2020-10-20,15:24:44.085000,12859,12860,12859,1
2020-10-20,15:24:48.662000,12858,12859,12859,1
2020-10-20,15:24:57.199000,12859,12860,12859,1
2020-10-20,15:25:00.784000,12859,12860,12860,3
2020-10-20,15:25:01.095000,12859,12860,12859,1
2020-10-20,15:25:01.892000,12858,12860,12860,2
2020-10-20,15:25:01.945000,12858,12860,12860,1
2020-10-20,15:25:02.070000,12858,12860,12860,1
2020-10-20,15:25:03.068000,12858,12860,12860,1
2020-10-20,15:25:05.562000,12858,12859,12859,2
2020-10-20,15:25:24.052000,12859,12860,12860,4
2020-10-20,15:25:25.572000,12860,12861,12860,1
2020-10-20,15:26:14.705000,12860,12861,12860,2
2020-10-20,15:26:18.046000,12860,12861,12860,1
2020-10-20,15:26:24.179000,12860,12861,12861,3
2020-10-20,15:26:30.261000,12861,12862,12862,2
2020-10-20,15:26:33.798000,12862,12863,12863,2
2020-10-20,15:26:43.193000,12862,12863,12863,1
2020-10-20,15:26:43.811000,12862,12863,12863,1
2020-10-20,15:26:45.798000,12863,12864,12863,1
2020-10-20,15:27:01.434000,12863,12864,12863,4
2020-10-20,15:27:01.434000,12863,12864,12863,7
2020-10-20,15:27:04.684000,12861,12862,12862,1
2020-10-20,15:27:14.590000,12861,12862,12861,1
2020-10-20,15:27:22.486000,12860,12861,12861,1
2020-10-20,15:27:23.505000,12860,12861,12861,1
2020-10-20,15:27:25.013000,12861,12862,12862,1
2020-10-20,15:27:59.033000,12861,12862,12861,7
2020-10-20,15:28:09.411000,12861,12862,12862,1
2020-10-20,15:28:31.308000,12861,12862,12861,2
2020-10-20,15:28:32.294000,12861,12862,12861,1
2020-10-20,15:28:32.295000,12861,12862,12861,2
2020-10-20,15:28:52.886000,12860,12861,12861,2
2020-10-20,15:29:12.423000,12860,12861,12861,2
2020-10-20,15:29:27.437000,12860,12861,12861,1
2020-10-20,15:29:29.435000,12861,12862,12861,1
2020-10-20,15:29:29.993000,12860,12861,12861,2
2020-10-20,15:29:45.586000,12860,12862,12861,1
2020-10-20,15:29:47.994000,12860,12861,12861,1
2020-10-20,15:29:48.352000,12860,12861,12861,2
2020-10-20,15:29:55.273000,12860,12861,12861,1
2020-10-20,15:29:56.062000,12861,12862,12862,2
2020-10-20,15:29:56.062000,12861,12862,12862,5
2020-10-20,15:30:03.779000,12862,12863,12863,4
2020-10-20,15:30:03.780000,12862,12863,12863,1
2020-10-20,15:30:03.780000,12862,12863,12863,1
2020-10-20,15:30:04.705000,12862,12864,12862,1
2020-10-20,15:30:10.030000,12862,12863,12862,2
2020-10-20,15:30:10.786000,12860,12862,12862,2
2020-10-20,15:30:22.381000,12861,12863,12862,1
2020-10-20,15:30:31.824000,12860,12861,12860,9
2020-10-20,15:30:31.825000,12860,12861,12860,3
2020-10-20,15:30:31.825000,12860,12861,12860,5
2020-10-20,15:30:31.825000,12860,12861,12860,3
2020-10-20,15:30:34.028000,12859,12860,12860,1
2020-10-20,15:30:44.193000,12860,12861,12861,2
2020-10-20,15:30:44.193000,12860,12861,12861,2
2020-10-20,15:30:55.805000,12861,12862,12862,1
2020-10-20,15:31:03.332000,12861,12862,12862,1
2020-10-20,15:31:03.332000,12861,12862,12863,1
2020-10-20,15:31:03.605000,12862,12863,12862,1
2020-10-20,15:31:06.072000,12862,12863,12863,1
2020-10-20,15:31:06.072000,12862,12863,12863,16
2020-10-20,15:31:06.181000,12863,12864,12864,1
2020-10-20,15:31:46.742000,12862,12863,12863,2
2020-10-20,15:31:46.742000,12862,12863,12863,1
2020-10-20,15:31:46.808000,12862,12864,12864,1
2020-10-20,15:31:47.124000,12862,12864,12862,2
2020-10-20,15:31:47.181000,12862,12864,12864,2
2020-10-20,15:31:47.181000,12862,12864,12864,1
2020-10-20,15:31:47.181000,12862,12864,12864,1
2020-10-20,15:31:47.184000,12862,12864,12864,1
2020-10-20,15:31:47.185000,12862,12864,12864,2
2020-10-20,15:31:47.185000,12862,12864,12864,1
2020-10-20,15:31:47.185000,12862,12864,12864,2
2020-10-20,15:31:47.185000,12862,12864,12864,1
2020-10-20,15:31:47.188000,12862,12864,12864,1
2020-10-20,15:31:47.188000,12862,12864,12865,1
2020-10-20,15:32:00.022000,12863,12864,12864,1
2020-10-20,15:32:38.337000,12863,12864,12864,1
2020-10-20,15:32:56.563000,12863,12864,12864,1
2020-10-20,15:32:56.684000,12863,12864,12864,1
2020-10-20,15:33:04.543000,12863,12864,12863,3
2020-10-20,15:33:15.056000,12862,12863,12863,1
2020-10-20,15:33:23.408000,12862,12863,12863,1
2020-10-20,15:33:23.408000,12862,12863,12863,1
2020-10-20,15:33:30.056000,12862,12863,12862,1
2020-10-20,15:33:33.486000,12862,12863,12862,4
2020-10-20,15:33:33.486000,12862,12863,12862,8
2020-10-20,15:33:38.333000,12860,12862,12862,2
2020-10-20,15:33:42.375000,12861,12862,12862,1
2020-10-20,15:33:49.600000,12862,12863,12862,1
2020-10-20,15:33:51.136000,12862,12863,12862,4
2020-10-20,15:34:12.304000,12862,12863,12862,2
2020-10-20,15:34:25.907000,12861,12862,12861,1
2020-10-20,15:34:35.187000,12861,12862,12862,2
2020-10-20,15:34:35.549000,12862,12863,12863,2
2020-10-20,15:34:56.071000,12862,12863,12863,1
2020-10-20,15:35:04.668000,12862,12863,12862,2
2020-10-20,15:35:04.669000,12862,12863,12862,1
2020-10-20,15:35:05.117000,12861,12863,12863,1
2020-10-20,15:35:05.130000,12861,12863,12863,1
2020-10-20,15:35:10.808000,12861,12862,12862,2
2020-10-20,15:35:37.343000,12862,12863,12863,1
2020-10-20,15:35:37.344000,12862,12863,12863,1
2020-10-20,15:35:54.614000,12862,12863,12863,1
2020-10-20,15:35:58.813000,12862,12863,12863,1
2020-10-20,15:36:00.577000,12863,12864,12863,1
2020-10-20,15:36:27.815000,12862,12863,12863,1
2020-10-20,15:37:03.174000,12863,12864,12864,1
2020-10-20,15:37:03.174000,12863,12864,12864,7
2020-10-20,15:37:03.174000,12863,12864,12864,3
2020-10-20,15:37:03.175000,12863,12864,12864,1
2020-10-20,15:37:13.528000,12863,12864,12864,2
2020-10-20,15:37:14.507000,12863,12865,12865,1
2020-10-20,15:37:57.228000,12864,12865,12864,1
2020-10-20,15:38:00.302000,12864,12865,12864,1
2020-10-20,15:38:00.303000,12864,12865,12864,2
2020-10-20,15:38:00.304000,12864,12865,12864,1
2020-10-20,15:38:17.977000,12863,12864,12864,2
2020-10-20,15:38:45.843000,12863,12864,12863,1
2020-10-20,15:39:19.616000,12863,12864,12864,2
2020-10-20,15:39:23.856000,12863,12864,12864,4
2020-10-20,15:39:23.856000,12863,12864,12864,5
2020-10-20,15:39:23.856000,12863,12864,12864,1
2020-10-20,15:39:39.303000,12864,12865,12865,16
2020-10-20,15:39:40.954000,12865,12866,12866,1
2020-10-20,15:39:41.105000,12865,12866,12866,1
2020-10-20,15:39:50.793000,12865,12866,12866,2
2020-10-20,15:39:56.518000,12865,12866,12865,1
2020-10-20,15:40:03.880000,12865,12866,12865,6
2020-10-20,15:40:09.157000,12865,12866,12866,2
2020-10-20,15:40:10.281000,12865,12866,12865,1
2020-10-20,15:40:51.531000,12865,12866,12865,1
2020-10-20,15:41:05.493000,12865,12866,12866,1
2020-10-20,15:41:05.494000,12865,12866,12866,2
2020-10-20,15:41:05.494000,12865,12866,12866,3
2020-10-20,15:41:05.494000,12865,12866,12866,4
2020-10-20,15:41:05.494000,12865,12866,12866,3
2020-10-20,15:41:10.557000,12866,12867,12866,1
2020-10-20,15:41:13.669000,12866,12867,12867,8
2020-10-20,15:41:14.877000,12867,12868,12867,2
2020-10-20,15:41:20.128000,12866,12867,12867,1
2020-10-20,15:41:23.291000,12867,12868,12867,1
2020-10-20,15:41:24.814000,12867,12868,12867,1
2020-10-20,15:41:26.923000,12866,12867,12867,1
2020-10-20,15:41:27.523000,12866,12867,12867,1
2020-10-20,15:41:32.967000,12866,12867,12867,3
2020-10-20,15:41:39.561000,12867,12868,12868,1
2020-10-20,15:41:46.681000,12867,12868,12868,2
2020-10-20,15:41:48.821000,12867,12868,12867,1
2020-10-20,15:41:52.601000,12867,12868,12867,1
2020-10-20,15:42:03.707000,12867,12868,12868,1
2020-10-20,15:42:05.166000,12867,12868,12868,2
2020-10-20,15:42:05.166000,12867,12868,12868,7
2020-10-20,15:42:05.166000,12867,12868,12868,2
2020-10-20,15:42:05.166000,12867,12868,12868,2
2020-10-20,15:42:05.166000,12867,12868,12868,3
2020-10-20,15:42:05.166000,12867,12868,12868,3
2020-10-20,15:42:18.961000,12868,12869,12868,1
2020-10-20,15:42:19.734000,12868,12869,12869,2
2020-10-20,15:42:34.209000,12868,12869,12868,1
2020-10-20,15:42:34.210000,12868,12869,12868,4
2020-10-20,15:42:34.210000,12868,12869,12868,2
2020-10-20,15:42:36.951000,12867,12868,12867,2
2020-10-20,15:42:36.952000,12867,12868,12867,2
2020-10-20,15:42:38.518000,12867,12868,12868,1
2020-10-20,15:42:38.518000,12867,12868,12868,1
2020-10-20,15:42:38.544000,12867,12868,12868,1
2020-10-20,15:42:38.569000,12867,12868,12868,1
2020-10-20,15:42:38.569000,12867,12868,12868,1
2020-10-20,15:42:38.595000,12867,12868,12868,1
2020-10-20,15:42:40.725000,12867,12868,12868,1
2020-10-20,15:42:45.464000,12867,12868,12868,1
2020-10-20,15:42:51.320000,12867,12868,12868,2
2020-10-20,15:42:52.312000,12867,12868,12867,1
2020-10-20,15:42:52.612000,12867,12868,12868,4
2020-10-20,15:42:52.612000,12867,12868,12868,4
2020-10-20,15:42:52.612000,12867,12868,12868,1
2020-10-20,15:43:06.811000,12868,12869,12868,1
2020-10-20,15:43:06.936000,12868,12869,12869,1
2020-10-20,15:43:07.015000,12868,12869,12868,1
2020-10-20,15:43:08.025000,12867,12868,12868,1
2020-10-20,15:43:24.644000,12868,12869,12869,1
2020-10-20,15:43:24.768000,12868,12869,12869,2
2020-10-20,15:43:33.154000,12868,12869,12868,1
2020-10-20,15:43:33.181000,12868,12869,12869,1
2020-10-20,15:43:33.181000,12868,12869,12869,1
2020-10-20,15:43:33.182000,12868,12869,12869,1
2020-10-20,15:43:33.182000,12868,12869,12869,1
2020-10-20,15:43:33.183000,12868,12869,12869,1
2020-10-20,15:43:33.183000,12868,12869,12869,1
2020-10-20,15:43:37.959000,12868,12869,12869,1
2020-10-20,15:43:56.004000,12868,12869,12868,1
2020-10-20,15:43:56.004000,12868,12869,12868,2
2020-10-20,15:43:56.056000,12867,12868,12868,1
2020-10-20,15:44:06.494000,12867,12868,12867,1
2020-10-20,15:44:06.494000,12867,12868,12867,4
2020-10-20,15:44:06.559000,12866,12867,12866,1
2020-10-20,15:44:07.309000,12866,12867,12866,1
2020-10-20,15:44:08.271000,12866,12867,12867,1
2020-10-20,15:44:08.272000,12866,12867,12867,1
2020-10-20,15:44:13.869000,12866,12868,12868,5
2020-10-20,15:44:14.188000,12867,12868,12868,1
2020-10-20,15:44:27.130000,12866,12868,12868,2
2020-10-20,15:44:28.576000,12866,12868,12868,1
2020-10-20,15:44:36.239000,12867,12868,12868,3
2020-10-20,15:44:45.835000,12867,12868,12868,1
2020-10-20,15:44:49.602000,12867,12868,12868,1
2020-10-20,15:44:50.651000,12867,12868,12868,1
2020-10-20,15:45:07.993000,12867,12868,12867,2
2020-10-20,15:45:08.039000,12867,12868,12866,1
2020-10-20,15:45:08.047000,12867,12868,12866,1
2020-10-20,15:45:12.471000,12866,12867,12867,1
2020-10-20,15:45:29.596000,12866,12867,12867,1
2020-10-20,15:45:29.803000,12866,12867,12867,1
2020-10-20,15:45:29.803000,12866,12867,12868,1
2020-10-20,15:45:44.690000,12866,12867,12866,1
2020-10-20,15:45:45.006000,12866,12867,12867,1
2020-10-20,15:45:45.191000,12866,12868,12868,1
2020-10-20,15:45:46.990000,12866,12868,12868,2
2020-10-20,15:46:15.739000,12866,12868,12868,2
2020-10-20,15:46:28.452000,12867,12868,12868,1
2020-10-20,15:46:33.469000,12867,12868,12867,4
2020-10-20,15:46:46.696000,12866,12867,12867,6
2020-10-20,15:46:50.446000,12866,12868,12866,1
2020-10-20,15:47:05.776000,12867,12868,12867,1
2020-10-20,15:47:05.981000,12867,12868,12868,2
2020-10-20,15:47:25.672000,12867,12868,12868,1
2020-10-20,15:47:26.452000,12867,12868,12868,1
2020-10-20,15:47:26.453000,12867,12868,12868,4
2020-10-20,15:47:32.284000,12868,12869,12868,1
2020-10-20,15:47:54.478000,12868,12869,12868,1
2020-10-20,15:48:00.737000,12868,12869,12868,2
2020-10-20,15:48:07.762000,12868,12869,12869,1
2020-10-20,15:48:24.282000,12868,12869,12868,2
2020-10-20,15:48:25.604000,12868,12869,12869,2
2020-10-20,15:48:28.187000,12868,12869,12868,1
2020-10-20,15:48:29.189000,12867,12869,12867,1
2020-10-20,15:48:32.801000,12867,12869,12869,2
2020-10-20,15:48:34.431000,12867,12868,12868,1
2020-10-20,15:48:46.906000,12867,12868,12868,1
2020-10-20,15:48:47.077000,12867,12868,12868,2
2020-10-20,15:48:54.915000,12867,12868,12868,1
2020-10-20,15:48:57.488000,12867,12868,12868,1
2020-10-20,15:48:57.488000,12867,12868,12868,4
2020-10-20,15:48:57.488000,12867,12868,12868,2
2020-10-20,15:48:57.488000,12867,12868,12868,2
2020-10-20,15:49:02.576000,12867,12869,12869,2
2020-10-20,15:49:07.736000,12868,12869,12868,1
2020-10-20,15:49:21.967000,12868,12869,12868,1
2020-10-20,15:49:29.833000,12867,12868,12868,1
2020-10-20,15:50:01.901000,12867,12868,12868,10
2020-10-20,15:50:18.735000,12868,12869,12868,2
2020-10-20,15:50:18.735000,12868,12869,12868,3
2020-10-20,15:50:18.735000,12868,12869,12868,10
2020-10-20,15:50:27.762000,12867,12868,12868,1
2020-10-20,15:50:33.907000,12867,12868,12868,1
2020-10-20,15:50:33.950000,12867,12868,12868,2
2020-10-20,15:50:33.950000,12867,12868,12868,2
2020-10-20,15:50:45.623000,12868,12869,12868,1
2020-10-20,15:51:03.255000,12867,12868,12868,1
2020-10-20,15:51:10.313000,12868,12869,12868,1
2020-10-20,15:51:16.474000,12868,12869,12868,1
2020-10-20,15:51:18.726000,12867,12868,12868,1
2020-10-20,15:51:29.772000,12868,12869,12868,1
2020-10-20,15:51:30.977000,12868,12869,12868,2
2020-10-20,15:51:31.431000,12867,12868,12868,4
2020-10-20,15:51:57.556000,12868,12869,12868,1
2020-10-20,15:51:58.375000,12868,12869,12868,1
2020-10-20,15:52:01.065000,12868,12869,12868,1
2020-10-20,15:52:02.414000,12868,12869,12868,1
2020-10-20,15:52:12.974000,12868,12869,12868,1
2020-10-20,15:52:36.948000,12868,12869,12868,1
2020-10-20,15:52:39.457000,12868,12869,12868,1
2020-10-20,15:52:54.779000,12868,12869,12869,1
2020-10-20,15:53:45.946000,12868,12869,12868,1
2020-10-20,15:54:01.202000,12867,12869,12868,1
2020-10-20,15:54:05.196000,12867,12868,12868,2
2020-10-20,15:54:12.684000,12868,12869,12868,1
2020-10-20,15:54:31.487000,12868,12869,12868,1
2020-10-20,15:54:49.401000,12868,12869,12868,1
2020-10-20,15:55:04.700000,12867,12868,12868,1
2020-10-20,15:55:05.605000,12867,12869,12867,1
2020-10-20,15:55:18.782000,12867,12868,12867,1
2020-10-20,15:55:18.782000,12867,12868,12867,3
2020-10-20,15:55:18.782000,12867,12868,12867,1
2020-10-20,15:55:18.782000,12867,12868,12867,10
2020-10-20,15:55:18.783000,12867,12868,12867,18
2020-10-20,15:55:18.784000,12867,12868,12866,2
2020-10-20,15:55:18.865000,12866,12867,12866,1
2020-10-20,15:55:18.891000,12866,12867,12866,2
2020-10-20,15:55:24.191000,12866,12868,12866,1
2020-10-20,15:55:27.059000,12867,12868,12867,1
2020-10-20,15:55:37.998000,12866,12867,12867,1
2020-10-20,15:55:44.501000,12866,12868,12867,1
2020-10-20,15:55:46.166000,12866,12868,12866,1
2020-10-20,15:55:56.334000,12867,12868,12868,17
2020-10-20,15:56:00.496000,12867,12869,12867,1
2020-10-20,15:56:01.571000,12868,12869,12868,1
2020-10-20,15:56:06.818000,12868,12869,12868,1
2020-10-20,15:56:37.554000,12867,12868,12868,4
2020-10-20,15:56:53.158000,12867,12868,12868,2
2020-10-20,15:57:04.819000,12867,12868,12868,1
2020-10-20,15:57:19.305000,12868,12869,12868,1
2020-10-20,15:57:30.252000,12868,12869,12868,1
2020-10-20,15:57:41.661000,12868,12869,12868,1
2020-10-20,15:57:47.331000,12868,12869,12868,2
2020-10-20,15:58:35.447000,12867,12868,12867,1
2020-10-20,15:58:35.563000,12867,12868,12868,2
2020-10-20,15:58:35.564000,12867,12868,12868,1
2020-10-20,15:58:35.566000,12867,12868,12868,1
2020-10-20,15:58:35.573000,12867,12868,12868,2
2020-10-20,15:58:35.574000,12867,12868,12868,3
2020-10-20,15:58:36.202000,12867,12868,12868,1
2020-10-20,15:58:36.306000,12867,12869,12869,1
2020-10-20,15:58:36.306000,12867,12869,12869,1
2020-10-20,15:58:36.306000,12867,12869,12869,1
2020-10-20,15:58:36.306000,12867,12869,12869,4
2020-10-20,15:58:36.307000,12867,12869,12869,1
2020-10-20,15:58:36.308000,12867,12869,12869,1
2020-10-20,15:58:36.308000,12867,12869,12869,1
2020-10-20,15:58:36.309000,12867,12869,12869,1
2020-10-20,15:58:36.309000,12867,12869,12869,1
2020-10-20,15:58:36.309000,12867,12869,12869,1
2020-10-20,15:58:36.311000,12867,12869,12869,1
2020-10-20,15:58:36.311000,12867,12869,12869,1
2020-10-20,15:58:39.997000,12868,12869,12869,1
2020-10-20,15:58:40.056000,12868,12869,12869,3
2020-10-20,15:58:48.175000,12868,12869,12868,4
2020-10-20,15:59:02.219000,12867,12868,12868,3
2020-10-20,15:59:09.071000,12867,12869,12867,2
2020-10-20,15:59:12.071000,12867,12869,12867,2
2020-10-20,15:59:21.781000,12867,12868,12867,1
2020-10-20,15:59:22.039000,12867,12868,12867,1
2020-10-20,15:59:25.893000,12867,12868,12867,1
2020-10-20,15:59:27.299000,12867,12868,12867,5
2020-10-20,15:59:30.629000,12866,12867,12867,1
2020-10-20,15:59:32.666000,12866,12867,12867,4
2020-10-20,15:59:33.104000,12867,12868,12867,1
2020-10-20,15:59:33.104000,12867,12868,12866,1
2020-10-20,15:59:43.087000,12867,12868,12867,1
2020-10-20,15:59:51.073000,12866,12868,12866,3
2020-10-20,15:59:51.181000,12866,12867,12867,1
2020-10-20,15:59:51.351000,12866,12867,12867,3
2020-10-20,15:59:54.073000,12866,12868,12866,1
2020-10-20,15:59:58.861000,12866,12868,12866,3
2020-10-20,15:59:59.156000,12866,12867,12866,1
2020-10-20,15:59:59.773000,12866,12867,12866,1
2020-10-20,15:59:59.830000,12866,12867,12866,1
2020-10-20,16:00:16.869000,12866,12867,12866,3
2020-10-20,16:00:17.433000,12866,12867,12866,1
2020-10-20,16:00:17.433000,12866,12867,12865,3
2020-10-20,16:00:17.643000,12865,12866,12865,2
2020-10-20,16:00:17.679000,12865,12866,12865,1
2020-10-20,16:00:17.689000,12865,12866,12865,2
2020-10-20,16:00:17.709000,12865,12866,12866,4
2020-10-20,16:00:17.721000,12865,12866,12866,1
2020-10-20,16:00:17.764000,12865,12866,12866,1
2020-10-20,16:00:18.147000,12865,12867,12865,1
2020-10-20,16:00:21.669000,12865,12866,12866,1
2020-10-20,16:00:27.181000,12865,12866,12865,1
2020-10-20,16:00:27.759000,12865,12866,12866,1
2020-10-20,16:00:38.308000,12865,12866,12866,3
2020-10-20,16:00:39.040000,12865,12866,12865,2
2020-10-20,16:00:43.345000,12865,12866,12866,1
2020-10-20,16:00:45.359000,12865,12866,12866,1
2020-10-20,16:00:49.060000,12865,12866,12865,1
2020-10-20,16:00:51.890000,12865,12866,12866,1
2020-10-20,16:01:05.377000,12865,12866,12865,1
2020-10-20,16:01:07.218000,12864,12866,12864,1
2020-10-20,16:01:10.953000,12865,12866,12866,3
2020-10-20,16:01:14.714000,12866,12867,12866,1
2020-10-20,16:01:21.928000,12866,12867,12867,11
2020-10-20,16:01:21.929000,12866,12868,12867,1
2020-10-20,16:01:30.055000,12867,12868,12867,1
2020-10-20,16:01:54.035000,12866,12867,12866,1
2020-10-20,16:01:54.146000,12866,12867,12866,2
2020-10-20,16:01:58.126000,12866,12867,12866,1
2020-10-20,16:02:10.617000,12866,12867,12867,1
2020-10-20,16:02:10.617000,12866,12867,12867,2
2020-10-20,16:02:15.510000,12867,12868,12868,16
2020-10-20,16:02:16.182000,12867,12869,12867,4
2020-10-20,16:02:32.862000,12867,12868,12867,1
2020-10-20,16:02:50.066000,12866,12868,12867,1
2020-10-20,16:03:30.562000,12868,12869,12869,1
2020-10-20,16:03:30.563000,12868,12869,12869,1
2020-10-20,16:03:30.588000,12868,12869,12869,1
2020-10-20,16:03:30.613000,12868,12869,12869,1
2020-10-20,16:03:30.639000,12868,12869,12869,1
2020-10-20,16:03:30.639000,12868,12869,12869,3
2020-10-20,16:03:36.934000,12869,12870,12870,6
2020-10-20,16:03:37.250000,12869,12870,12870,1
2020-10-20,16:03:37.287000,12869,12870,12870,1
2020-10-20,16:03:40.266000,12869,12870,12870,1
2020-10-20,16:03:48.686000,12869,12870,12870,2
2020-10-20,16:03:57.450000,12869,12870,12869,2
2020-10-20,16:04:14.388000,12868,12869,12869,1
2020-10-20,16:04:14.388000,12868,12869,12870,3
2020-10-20,16:04:14.457000,12868,12870,12868,2
2020-10-20,16:04:16.943000,12868,12869,12869,10
2020-10-20,16:04:22.286000,12869,12870,12870,1
2020-10-20,16:04:29.203000,12869,12870,12869,1
2020-10-20,16:04:33.778000,12869,12870,12870,2
2020-10-20,16:04:42.694000,12869,12870,12870,1
2020-10-20,16:04:59.242000,12868,12870,12870,2
2020-10-20,16:05:01.390000,12868,12870,12870,2
2020-10-20,16:05:02.923000,12869,12870,12870,3
2020-10-20,16:05:06.470000,12869,12870,12869,1
2020-10-20,16:05:08.518000,12868,12870,12870,3
2020-10-20,16:05:19.147000,12869,12870,12869,1
2020-10-20,16:05:19.147000,12869,12870,12869,1
2020-10-20,16:05:19.147000,12869,12870,12869,4
2020-10-20,16:05:22.951000,12868,12869,12869,1
2020-10-20,16:05:37.285000,12868,12869,12869,3
2020-10-20,16:05:39.599000,12868,12869,12868,2
2020-10-20,16:05:45.824000,12868,12869,12869,2
2020-10-20,16:06:03.029000,12868,12869,12869,1
2020-10-20,16:06:03.350000,12868,12869,12869,2
2020-10-20,16:06:03.356000,12868,12869,12870,2
2020-10-20,16:06:05.152000,12869,12870,12870,1
2020-10-20,16:06:18.854000,12869,12870,12869,1
2020-10-20,16:06:18.925000,12869,12870,12869,1
2020-10-20,16:06:47.326000,12868,12869,12868,5
2020-10-20,16:07:04.203000,12868,12869,12868,1
2020-10-20,16:07:04.857000,12868,12869,12868,2
2020-10-20,16:07:05.123000,12867,12868,12868,1
2020-10-20,16:07:05.163000,12867,12868,12868,1
2020-10-20,16:07:07.789000,12867,12868,12867,2
2020-10-20,16:07:18.197000,12867,12868,12867,3
2020-10-20,16:07:41.026000,12866,12867,12866,2
2020-10-20,16:07:41.026000,12866,12867,12865,11
2020-10-20,16:07:41.026000,12866,12867,12864,23
2020-10-20,16:07:41.111000,12865,12866,12865,1
2020-10-20,16:07:47.749000,12865,12866,12865,5
2020-10-20,16:07:48.317000,12865,12866,12865,1
2020-10-20,16:07:48.494000,12865,12866,12865,1
2020-10-20,16:07:49.192000,12865,12866,12865,1
2020-10-20,16:07:58.406000,12865,12866,12866,1
2020-10-20,16:07:58.839000,12865,12866,12865,1
2020-10-20,16:08:37.868000,12864,12865,12864,2
2020-10-20,16:08:39.655000,12864,12865,12864,1
2020-10-20,16:08:39.786000,12864,12865,12864,1
2020-10-20,16:08:42.307000,12864,12865,12864,1
2020-10-20,16:08:50.720000,12864,12865,12864,1
2020-10-20,16:09:01.892000,12863,12864,12864,3
2020-10-20,16:09:02.089000,12863,12865,12864,3
2020-10-20,16:09:08.168000,12864,12865,12865,1
2020-10-20,16:09:13.787000,12864,12865,12864,1
2020-10-20,16:09:26.332000,12864,12865,12864,3
2020-10-20,16:09:34.299000,12864,12865,12864,2
2020-10-20,16:09:53.149000,12863,12864,12863,1
2020-10-20,16:09:53.206000,12863,12864,12863,1
2020-10-20,16:09:59.349000,12863,12864,12864,1
2020-10-20,16:10:02.878000,12863,12864,12863,1
2020-10-20,16:10:02.878000,12863,12864,12863,13
2020-10-20,16:10:10.568000,12862,12863,12862,2
2020-10-20,16:10:11.794000,12862,12863,12862,1
2020-10-20,16:10:14.351000,12862,12863,12862,1
2020-10-20,16:10:15.898000,12862,12863,12863,2
2020-10-20,16:10:15.898000,12862,12863,12863,2
2020-10-20,16:10:15.899000,12862,12863,12863,2
2020-10-20,16:10:15.903000,12862,12863,12862,1
2020-10-20,16:10:21.897000,12862,12864,12864,1
2020-10-20,16:10:28.370000,12862,12864,12863,10
2020-10-20,16:10:35.936000,12863,12864,12863,1
2020-10-20,16:10:42.325000,12863,12864,12864,1
2020-10-20,16:10:42.325000,12863,12864,12864,1
2020-10-20,16:10:42.325000,12863,12864,12864,1
2020-10-20,16:11:01.944000,12864,12865,12864,1
2020-10-20,16:11:02.617000,12863,12864,12864,1
2020-10-20,16:11:03.521000,12863,12865,12865,2
2020-10-20,16:11:04.294000,12863,12865,12863,1
2020-10-20,16:11:10.626000,12863,12864,12863,1
2020-10-20,16:11:17.227000,12863,12865,12863,1
2020-10-20,16:11:17.227000,12863,12865,12863,2
2020-10-20,16:11:19.402000,12863,12865,12863,1
2020-10-20,16:11:20.413000,12863,12864,12864,1
2020-10-20,16:11:20.414000,12863,12864,12864,1
2020-10-20,16:11:29.328000,12864,12865,12865,1
2020-10-20,16:11:29.329000,12864,12865,12865,2
2020-10-20,16:11:33.193000,12864,12865,12864,1
2020-10-20,16:11:33.193000,12864,12865,12864,1
2020-10-20,16:12:19.554000,12864,12865,12865,1
2020-10-20,16:12:34.817000,12864,12866,12864,1
2020-10-20,16:14:18.140000,12864,12865,12864,2
2020-10-20,16:14:18.141000,12864,12865,12864,3
2020-10-20,16:14:50.421000,12863,12864,12863,1
2020-10-20,16:14:50.422000,12863,12864,12863,5
2020-10-20,16:14:50.422000,12863,12864,12863,1
2020-10-20,16:15:36.171000,12862,12863,12863,1
2020-10-20,16:15:36.172000,12862,12863,12863,1
2020-10-20,16:15:36.726000,12862,12864,12863,1
2020-10-20,16:15:36.726000,12862,12864,12862,3
2020-10-20,16:15:36.862000,12862,12864,12862,4
2020-10-20,16:15:37.050000,12862,12864,12862,4
2020-10-20,16:15:37.293000,12862,12863,12862,2
2020-10-20,16:15:38.326000,12862,12864,12862,1
2020-10-20,16:15:38.647000,12862,12864,12862,1
2020-10-20,16:15:38.703000,12862,12864,12862,1
2020-10-20,16:15:39.008000,12862,12864,12862,1
2020-10-20,16:15:39.014000,12862,12864,12862,1
2020-10-20,16:15:39.055000,12862,12864,12862,1
2020-10-20,16:15:39.067000,12862,12864,12862,1
2020-10-20,16:15:41.064000,12862,12864,12862,1
2020-10-20,16:15:59.385000,12862,12864,12862,1
2020-10-20,16:16:32.252000,12862,12864,12862,1
2020-10-20,16:16:58.093000,12862,12863,12863,1
2020-10-20,16:16:58.094000,12862,12863,12863,1
2020-10-20,16:16:58.181000,12862,12864,12864,1
2020-10-20,16:16:58.182000,12862,12864,12864,1
2020-10-20,16:16:58.182000,12862,12864,12864,1
2020-10-20,16:16:58.182000,12862,12864,12864,1
2020-10-20,16:16:58.182000,12862,12864,12864,1
2020-10-20,16:16:58.183000,12862,12864,12864,1
2020-10-20,16:16:58.184000,12862,12864,12864,1
2020-10-20,16:16:58.185000,12862,12864,12864,1
2020-10-20,16:16:58.185000,12862,12864,12864,1
2020-10-20,16:16:58.185000,12862,12864,12864,1
2020-10-20,16:16:58.185000,12862,12864,12864,1
2020-10-20,16:16:58.187000,12862,12864,12864,1
2020-10-20,16:16:58.187000,12862,12864,12865,1
2020-10-20,16:16:58.187000,12862,12864,12865,1
2020-10-20,16:16:58.187000,12862,12864,12865,1
2020-10-20,16:16:58.188000,12862,12864,12865,1
2020-10-20,16:16:58.189000,12862,12864,12865,1
2020-10-20,16:17:05.654000,12863,12864,12863,1
2020-10-20,16:17:27.384000,12863,12864,12863,2
2020-10-20,16:17:55.913000,12863,12864,12863,2
2020-10-20,16:18:03.426000,12863,12864,12864,2
2020-10-20,16:18:03.435000,12863,12864,12863,1
2020-10-20,16:18:03.436000,12863,12864,12863,1
2020-10-20,16:18:03.461000,12863,12864,12863,1
2020-10-20,16:18:03.487000,12863,12864,12863,1
2020-10-20,16:18:03.512000,12863,12864,12863,1
2020-10-20,16:18:03.537000,12863,12864,12863,1
2020-10-20,16:18:19.640000,12862,12864,12864,2
2020-10-20,16:18:59.498000,12862,12864,12862,1
2020-10-20,16:19:22.089000,12863,12864,12863,2
2020-10-20,16:20:04.145000,12863,12864,12864,5
2020-10-20,16:20:04.146000,12863,12864,12864,4
2020-10-20,16:20:04.146000,12863,12864,12864,3
2020-10-20,16:20:20.517000,12864,12865,12865,1
2020-10-20,16:20:20.517000,12864,12865,12865,1
2020-10-20,16:20:20.517000,12864,12865,12865,4
2020-10-20,16:20:20.518000,12864,12865,12865,5
2020-10-20,16:20:20.518000,12864,12865,12865,3
2020-10-20,16:20:20.518000,12864,12865,12865,2
2020-10-20,16:20:20.782000,12864,12866,12865,1
2020-10-20,16:20:48.172000,12865,12867,12865,2
2020-10-20,16:20:50.613000,12865,12866,12865,1
2020-10-20,16:21:09.446000,12866,12867,12867,5
2020-10-20,16:21:09.496000,12866,12867,12867,1
2020-10-20,16:21:09.507000,12866,12867,12867,1
2020-10-20,16:21:09.517000,12866,12867,12867,1
2020-10-20,16:21:09.529000,12866,12867,12867,1
2020-10-20,16:21:09.529000,12866,12867,12868,1
2020-10-20,16:21:09.762000,12866,12868,12868,1
2020-10-20,16:21:12.686000,12866,12868,12868,1
2020-10-20,16:21:20.995000,12866,12867,12867,1
2020-10-20,16:21:35.471000,12867,12868,12867,1
2020-10-20,16:21:35.568000,12867,12868,12867,1
2020-10-20,16:21:37.861000,12866,12868,12868,1
2020-10-20,16:21:44.579000,12866,12868,12868,1
2020-10-20,16:21:56.052000,12867,12868,12867,1
2020-10-20,16:22:05.170000,12867,12868,12868,2
2020-10-20,16:22:12.505000,12867,12868,12867,2
2020-10-20,16:22:12.506000,12867,12868,12867,1
2020-10-20,16:22:40.693000,12867,12868,12868,4
2020-10-20,16:22:50.622000,12867,12868,12868,1
2020-10-20,16:22:58.329000,12867,12868,12868,3
2020-10-20,16:22:58.330000,12867,12868,12868,2
2020-10-20,16:22:58.330000,12867,12868,12868,1
2020-10-20,16:23:09.796000,12867,12868,12868,2
2020-10-20,16:23:47.981000,12868,12869,12869,1
2020-10-20,16:24:13.489000,12868,12869,12868,3
2020-10-20,16:24:13.735000,12868,12869,12869,1
2020-10-20,16:24:14.029000,12868,12869,12869,1
2020-10-20,16:24:15.876000,12868,12869,12868,2
2020-10-20,16:24:38.976000,12868,12869,12868,1
2020-10-20,16:24:39.634000,12868,12869,12868,1
2020-10-20,16:24:40.393000,12868,12869,12868,1
2020-10-20,16:24:52.253000,12868,12869,12868,1
2020-10-20,16:25:13.987000,12868,12869,12868,1
2020-10-20,16:25:23.903000,12868,12869,12868,3
2020-10-20,16:25:24.189000,12867,12868,12868,1
2020-10-20,16:25:45,12867,12868,12867,1
2020-10-20,16:25:55.336000,12867,12868,12867,1
2020-10-20,16:26:18.876000,12867,12868,12867,1
2020-10-20,16:26:29.918000,12867,12868,12867,1
2020-10-20,16:26:29.918000,12867,12868,12867,3
2020-10-20,16:26:29.918000,12867,12868,12867,1
2020-10-20,16:26:29.918000,12867,12868,12867,8
2020-10-20,16:26:29.919000,12867,12868,12867,7
2020-10-20,16:26:30.026000,12866,12867,12866,1
2020-10-20,16:26:46.479000,12866,12867,12866,1
2020-10-20,16:26:46.542000,12866,12867,12866,1
2020-10-20,16:27:06.211000,12866,12867,12866,1
2020-10-20,16:27:15.844000,12866,12867,12866,4
2020-10-20,16:27:15.844000,12866,12867,12866,6
2020-10-20,16:27:17.708000,12865,12866,12866,1
2020-10-20,16:27:40.785000,12865,12866,12865,1
2020-10-20,16:28:13.015000,12865,12866,12866,3
2020-10-20,16:28:33.518000,12865,12866,12866,1
2020-10-20,16:29:12.773000,12866,12867,12866,4
2020-10-20,16:30:00.035000,12865,12866,12867,1
2020-10-20,16:31:04.186000,12865,12866,12866,1
2020-10-20,16:31:05.743000,12865,12866,12866,1
2020-10-20,16:31:58.724000,12866,12867,12866,2
2020-10-20,16:31:58.724000,12866,12867,12866,1
2020-10-20,16:32:01.549000,12865,12866,12866,1
2020-10-20,16:32:01.771000,12865,12867,12865,1
2020-10-20,16:32:21.671000,12865,12866,12866,1
2020-10-20,16:32:21.671000,12865,12866,12866,6
2020-10-20,16:32:23.868000,12866,12867,12866,1
2020-10-20,16:32:24.721000,12866,12867,12866,1
2020-10-20,16:32:38.666000,12866,12867,12867,22
2020-10-20,16:33:35.340000,12866,12867,12866,2
2020-10-20,16:33:35.442000,12866,12867,12867,1
2020-10-20,16:33:35.445000,12866,12867,12867,1
2020-10-20,16:33:35.447000,12866,12867,12867,1
2020-10-20,16:33:35.454000,12866,12867,12867,1
2020-10-20,16:33:53.129000,12866,12867,12866,2
2020-10-20,16:33:53.181000,12865,12867,12867,4
2020-10-20,16:34:19.347000,12866,12867,12867,1
2020-10-20,16:34:19.431000,12866,12867,12867,1
2020-10-20,16:34:19.431000,12866,12867,12868,1
2020-10-20,16:34:19.431000,12866,12867,12868,1
2020-10-20,16:34:19.432000,12866,12867,12868,1
2020-10-20,16:34:19.432000,12866,12867,12868,1
2020-10-20,16:34:19.432000,12866,12867,12868,1
2020-10-20,16:34:19.433000,12866,12867,12868,1
2020-10-20,16:34:19.433000,12866,12867,12868,1
2020-10-20,16:34:19.434000,12866,12867,12868,1
2020-10-20,16:34:19.434000,12866,12867,12868,1
2020-10-20,16:34:19.434000,12866,12867,12868,1
2020-10-20,16:34:19.435000,12866,12867,12868,1
2020-10-20,16:34:19.588000,12866,12868,12866,1
2020-10-20,16:34:43.417000,12866,12867,12867,1
2020-10-20,16:34:43.431000,12866,12867,12867,1
2020-10-20,16:35:17.231000,12867,12868,12868,4
2020-10-20,16:35:17.302000,12867,12868,12868,1
2020-10-20,16:36:35.584000,12868,12869,12868,2
2020-10-20,16:36:38.889000,12866,12868,12868,1
2020-10-20,16:37:04.584000,12867,12868,12868,7
2020-10-20,16:37:04.585000,12867,12868,12868,4
2020-10-20,16:37:06.505000,12867,12869,12867,2
2020-10-20,16:37:06.523000,12867,12869,12867,1
2020-10-20,16:37:12.456000,12866,12868,12867,1
2020-10-20,16:37:19.995000,12866,12868,12866,1
2020-10-20,16:38:40.420000,12866,12867,12866,5
2020-10-20,16:38:40.420000,12866,12867,12866,2
2020-10-20,16:38:40.420000,12866,12867,12866,1
2020-10-20,16:38:41.928000,12865,12867,12866,1
2020-10-20,16:38:57.524000,12866,12867,12866,2
2020-10-20,16:38:58.561000,12866,12867,12866,2
2020-10-20,16:39:15.672000,12865,12867,12866,1
2020-10-20,16:39:43.523000,12865,12866,12866,1
2020-10-20,16:39:44.709000,12865,12866,12866,1
2020-10-20,16:39:56.068000,12865,12866,12866,1
2020-10-20,16:40:16.644000,12865,12866,12866,1
2020-10-20,16:40:16.644000,12865,12866,12866,1
2020-10-20,16:40:40.194000,12866,12867,12867,2
2020-10-20,16:40:44.651000,12866,12867,12867,2
2020-10-20,16:40:45.989000,12866,12868,12867,1
2020-10-20,16:40:54.115000,12866,12867,12866,1
2020-10-20,16:41:00.203000,12866,12867,12866,1
2020-10-20,16:41:18.609000,12866,12867,12866,2
2020-10-20,16:42:02.199000,12866,12867,12867,3
2020-10-20,16:42:03.868000,12866,12867,12867,1
2020-10-20,16:42:03.869000,12866,12867,12867,1
2020-10-20,16:42:53.083000,12867,12868,12867,1
2020-10-20,16:43:18.354000,12867,12868,12867,2
2020-10-20,16:44:30.646000,12867,12868,12868,1
2020-10-20,16:44:43.542000,12867,12868,12867,3
2020-10-20,16:44:47.227000,12866,12868,12868,1
2020-10-20,16:45:10.635000,12866,12868,12868,1
2020-10-20,16:45:34.810000,12867,12868,12867,2
2020-10-20,16:46:27.757000,12866,12867,12866,1
2020-10-20,16:46:32.798000,12866,12867,12867,1
2020-10-20,16:46:44.946000,12866,12867,12866,1
2020-10-20,16:46:48.741000,12866,12867,12867,1
2020-10-20,16:46:48.741000,12866,12867,12867,2
2020-10-20,16:46:48.741000,12866,12867,12867,2
2020-10-20,16:47:33.278000,12867,12868,12868,3
2020-10-20,16:47:41.625000,12867,12868,12868,4
2020-10-20,16:49:43.099000,12867,12868,12867,3
2020-10-20,16:50:17.332000,12867,12868,12867,1
2020-10-20,16:50:49.951000,12867,12868,12867,2
2020-10-20,16:51:18.487000,12866,12867,12867,5
2020-10-20,16:52:22.055000,12866,12867,12866,3
2020-10-20,16:52:57.714000,12866,12867,12866,1
2020-10-20,16:54:12.258000,12867,12868,12867,1
2020-10-20,16:55:23.482000,12867,12868,12867,1
2020-10-20,16:57:37.465000,12866,12867,12867,4
2020-10-20,16:57:37.466000,12866,12867,12867,1
2020-10-20,16:57:42.653000,12867,12868,12867,1
2020-10-20,16:58:11.306000,12866,12867,12866,1
2020-10-20,16:58:18.004000,12866,12867,12866,12
2020-10-20,16:58:18.005000,12866,12867,12866,1
2020-10-20,16:58:57.385000,12865,12866,12865,1
2020-10-20,16:59:13.350000,12865,12866,12866,1
2020-10-20,16:59:36.930000,12865,12866,12865,1
2020-10-20,16:59:36.966000,12865,12866,12865,4
2020-10-20,16:59:36.966000,12865,12866,12865,13
2020-10-20,16:59:36.966000,12865,12866,12865,5
2020-10-20,16:59:36.966000,12865,12866,12865,6
2020-10-20,16:59:36.967000,12865,12866,12865,6
2020-10-20,16:59:37.005000,12865,12866,12864,1
2020-10-20,16:59:52.793000,12865,12866,12866,2
2020-10-20,16:59:52.793000,12865,12866,12866,1
2020-10-20,16:59:57.118000,12865,12866,12865,1
2020-10-20,17:00:11.742000,12865,12867,12865,1
2020-10-20,17:00:11.775000,12865,12867,12865,1
2020-10-20,17:00:12.203000,12865,12867,12865,1
2020-10-20,17:00:12.510000,12865,12867,12865,4
2020-10-20,17:00:12.602000,12865,12866,12865,1
2020-10-20,17:00:12.603000,12865,12866,12865,1
2020-10-20,17:00:12.935000,12864,12865,12865,2
2020-10-20,17:00:13.869000,12865,12866,12865,1
2020-10-20,17:00:15.187000,12865,12866,12866,1
2020-10-20,17:00:18.350000,12865,12866,12865,2
2020-10-20,17:00:21.119000,12864,12865,12864,1
2020-10-20,17:00:21.181000,12864,12865,12864,1
2020-10-20,17:00:21.181000,12864,12865,12864,2
2020-10-20,17:00:21.182000,12864,12865,12864,1
2020-10-20,17:00:23.788000,12864,12865,12864,1
2020-10-20,17:00:36.443000,12865,12866,12865,1
2020-10-20,17:00:39.498000,12865,12866,12866,1
2020-10-20,17:00:39.556000,12865,12867,12865,2
2020-10-20,17:00:39.557000,12865,12867,12865,1
2020-10-20,17:00:39.558000,12865,12867,12865,1
2020-10-20,17:00:39.558000,12865,12867,12865,1
2020-10-20,17:00:39.560000,12865,12867,12865,1
2020-10-20,17:00:39.560000,12865,12867,12865,1
2020-10-20,17:00:39.560000,12865,12867,12864,1
2020-10-20,17:00:39.560000,12865,12867,12864,1
2020-10-20,17:00:39.560000,12865,12867,12864,1
2020-10-20,17:01:26.089000,12865,12867,12867,1
2020-10-20,17:02:03.822000,12866,12867,12867,3
2020-10-20,17:02:03.931000,12866,12868,12868,1
2020-10-20,17:02:16.210000,12866,12868,12867,1
2020-10-20,17:02:21.246000,12866,12867,12867,1
2020-10-20,17:02:21.247000,12866,12867,12867,1
2020-10-20,17:02:24.822000,12866,12868,12868,1
2020-10-20,17:02:32.989000,12867,12868,12867,1
2020-10-20,17:02:42.553000,12867,12868,12868,1
2020-10-20,17:02:42.923000,12867,12868,12867,1
2020-10-20,17:05:05.833000,12867,12868,12868,1
2020-10-20,17:05:05.833000,12867,12868,12868,5
2020-10-20,17:05:06.503000,12868,12869,12868,1
2020-10-20,17:05:09.940000,12867,12869,12869,2
2020-10-20,17:05:09.955000,12867,12869,12868,1
2020-10-20,17:05:12.410000,12868,12869,12869,1
2020-10-20,17:06:00.919000,12868,12869,12868,1
2020-10-20,17:06:10.264000,12867,12868,12868,1
2020-10-20,17:06:19.532000,12867,12868,12868,1
2020-10-20,17:06:23.717000,12868,12869,12869,1
2020-10-20,17:06:33.892000,12868,12869,12869,1
2020-10-20,17:07:28.664000,12868,12869,12868,1
2020-10-20,17:07:28.925000,12868,12869,12869,1
2020-10-20,17:07:35.548000,12868,12869,12869,1
2020-10-20,17:07:55.404000,12868,12869,12869,1
2020-10-20,17:07:58.179000,12868,12869,12869,1
2020-10-20,17:08:29.212000,12868,12869,12869,2
2020-10-20,17:08:29.548000,12868,12869,12869,1
2020-10-20,17:08:30.098000,12868,12869,12869,1
2020-10-20,17:08:32.128000,12868,12869,12868,4
2020-10-20,17:08:36.920000,12868,12869,12869,2
2020-10-20,17:08:39.977000,12868,12869,12869,1
2020-10-20,17:08:41.828000,12868,12869,12869,12
2020-10-20,17:08:47.075000,12868,12870,12870,2
2020-10-20,17:08:47.800000,12868,12870,12870,1
2020-10-20,17:08:48.501000,12868,12870,12870,1
2020-10-20,17:08:50.073000,12869,12870,12870,1
2020-10-20,17:09:05.863000,12869,12870,12869,3
2020-10-20,17:09:05.864000,12869,12870,12869,1
2020-10-20,17:09:05.889000,12869,12870,12869,1
2020-10-20,17:09:05.914000,12869,12870,12869,1
2020-10-20,17:09:07.853000,12869,12870,12869,1
2020-10-20,17:09:07.854000,12869,12870,12869,1
2020-10-20,17:09:08.778000,12868,12869,12869,2
2020-10-20,17:09:11.258000,12868,12869,12869,1
2020-10-20,17:09:11.429000,12868,12869,12869,1
2020-10-20,17:09:16.639000,12868,12869,12869,2
2020-10-20,17:09:16.639000,12868,12869,12869,2
2020-10-20,17:09:20.040000,12868,12869,12869,2
2020-10-20,17:09:24.789000,12868,12869,12869,1
2020-10-20,17:09:30.086000,12868,12869,12868,1
2020-10-20,17:09:31.985000,12867,12869,12869,1
2020-10-20,17:09:34.800000,12867,12869,12869,1
2020-10-20,17:09:43.442000,12867,12869,12867,5
2020-10-20,17:09:43.714000,12867,12868,12868,1
2020-10-20,17:09:46.284000,12868,12869,12869,1
2020-10-20,17:09:47.509000,12868,12869,12869,1
2020-10-20,17:09:47.779000,12868,12869,12868,4
2020-10-20,17:09:48.588000,12867,12869,12869,1
2020-10-20,17:09:50.943000,12867,12869,12869,1
2020-10-20,17:10:15.246000,12868,12869,12868,6
2020-10-20,17:10:16.133000,12868,12869,12868,6
2020-10-20,17:10:18.775000,12868,12869,12869,2
2020-10-20,17:10:21.057000,12868,12869,12869,1
2020-10-20,17:10:22.198000,12868,12869,12869,1
2020-10-20,17:10:34.357000,12868,12869,12869,1
2020-10-20,17:10:35.536000,12868,12869,12868,4
2020-10-20,17:10:36.593000,12868,12869,12868,4
2020-10-20,17:10:36.975000,12868,12869,12868,3
2020-10-20,17:10:37.211000,12867,12868,12868,1
2020-10-20,17:10:37.453000,12867,12869,12869,1
2020-10-20,17:10:39.138000,12867,12869,12869,1
2020-10-20,17:10:40.345000,12868,12869,12869,1
2020-10-20,17:10:41.232000,12868,12869,12868,3
2020-10-20,17:10:41.943000,12867,12868,12868,1
2020-10-20,17:10:45.081000,12868,12869,12868,1
2020-10-20,17:10:46.478000,12867,12868,12868,1
2020-10-20,17:10:49.023000,12867,12869,12869,1
2020-10-20,17:10:49.921000,12868,12869,12868,2
2020-10-20,17:10:52.139000,12867,12868,12868,1
2020-10-20,17:10:55.209000,12867,12868,12868,1
2020-10-20,17:10:55.238000,12867,12868,12868,1
2020-10-20,17:10:55.255000,12867,12868,12868,2
2020-10-20,17:10:55.279000,12867,12868,12868,1
2020-10-20,17:10:55.669000,12868,12869,12868,1
2020-10-20,17:10:58.895000,12867,12868,12868,1
2020-10-20,17:11:01.239000,12867,12868,12868,1
2020-10-20,17:11:28.158000,12867,12869,12868,1
2020-10-20,17:11:50.894000,12868,12869,12868,4
2020-10-20,17:11:54.031000,12868,12869,12869,1
2020-10-20,17:11:55.005000,12868,12869,12869,1
2020-10-20,17:11:56.638000,12868,12869,12869,1
2020-10-20,17:12:01.503000,12868,12869,12868,1
2020-10-20,17:12:01.503000,12868,12869,12868,3
2020-10-20,17:12:01.504000,12868,12869,12868,2
2020-10-20,17:12:05.427000,12867,12869,12869,1
2020-10-20,17:12:29.086000,12868,12869,12868,3
2020-10-20,17:12:36.663000,12868,12869,12868,4
2020-10-20,17:12:56.031000,12868,12869,12868,3
2020-10-20,17:13:16.280000,12867,12868,12867,1
2020-10-20,17:14:00.229000,12867,12868,12867,1
2020-10-20,17:14:00.288000,12867,12868,12867,1
2020-10-20,17:14:00.295000,12867,12868,12867,1
2020-10-20,17:14:00.314000,12867,12868,12867,1
2020-10-20,17:14:00.479000,12867,12868,12867,1
2020-10-20,17:14:00.493000,12867,12868,12867,1
2020-10-20,17:14:00.498000,12867,12868,12867,1
2020-10-20,17:14:00.505000,12867,12868,12867,1
2020-10-20,17:14:00.506000,12867,12868,12867,1
2020-10-20,17:14:00.506000,12867,12868,12867,4
2020-10-20,17:14:00.506000,12867,12868,12867,4
2020-10-20,17:14:00.506000,12867,12868,12867,7
2020-10-20,17:14:00.579000,12866,12867,12866,1
2020-10-20,17:14:29,12866,12867,12866,2
2020-10-20,17:14:36.964000,12865,12866,12865,1
2020-10-20,17:14:38.803000,12865,12866,12865,1
2020-10-20,17:14:38.809000,12865,12866,12865,1
2020-10-20,17:14:39.195000,12865,12866,12865,1
2020-10-20,17:14:42.346000,12865,12866,12865,1
2020-10-20,17:14:56.744000,12865,12866,12865,5
2020-10-20,17:14:56.756000,12865,12866,12865,1
2020-10-20,17:14:59.142000,12865,12866,12866,2
2020-10-20,17:15:15.554000,12865,12866,12866,1
2020-10-20,17:15:22.011000,12866,12867,12867,1
2020-10-20,17:15:22.056000,12866,12867,12867,1
2020-10-20,17:15:22.056000,12866,12867,12867,1
2020-10-20,17:15:22.056000,12866,12867,12868,1
2020-10-20,17:15:22.057000,12866,12867,12868,1
2020-10-20,17:15:22.058000,12866,12867,12868,1
2020-10-20,17:15:22.058000,12866,12867,12868,1
2020-10-20,17:15:22.059000,12866,12867,12868,1
2020-10-20,17:15:22.059000,12866,12867,12868,1
2020-10-20,17:15:22.059000,12866,12867,12868,1
2020-10-20,17:17:25.547000,12867,12868,12868,1
2020-10-20,17:18:00.034000,12867,12868,12868,2
2020-10-20,17:18:00.056000,12867,12868,12868,1
2020-10-20,17:18:00.059000,12867,12868,12868,1
2020-10-20,17:18:32.938000,12867,12868,12868,1
2020-10-20,17:18:32.939000,12867,12868,12868,6
2020-10-20,17:18:45.404000,12868,12869,12868,1
2020-10-20,17:18:45.404000,12868,12869,12868,4
2020-10-20,17:18:45.430000,12867,12868,12868,1
2020-10-20,17:18:49.774000,12868,12869,12868,1
2020-10-20,17:18:49.774000,12868,12869,12868,1
2020-10-20,17:18:53.578000,12867,12869,12868,1
2020-10-20,17:19:03.117000,12867,12868,12868,3
2020-10-20,17:19:15.158000,12868,12869,12869,4
2020-10-20,17:19:15.163000,12868,12869,12869,8
2020-10-20,17:19:15.163000,12868,12869,12870,18
2020-10-20,17:19:17.187000,12869,12870,12869,1
2020-10-20,17:19:21.197000,12869,12870,12869,1
2020-10-20,17:19:30.564000,12868,12869,12868,1
2020-10-20,17:19:30.741000,12868,12869,12869,1
2020-10-20,17:19:30.741000,12868,12869,12868,1
2020-10-20,17:19:35.263000,12868,12869,12868,2
2020-10-20,17:20:05.578000,12867,12868,12868,4
2020-10-20,17:20:14.468000,12868,12869,12868,1
2020-10-20,17:20:14.780000,12867,12868,12868,1
2020-10-20,17:20:21.350000,12867,12869,12867,1
2020-10-20,17:21:22.004000,12868,12869,12869,2
2020-10-20,17:21:22.004000,12868,12869,12869,1
2020-10-20,17:22:02.477000,12868,12869,12868,1
2020-10-20,17:22:02.477000,12868,12869,12868,1
2020-10-20,17:22:02.477000,12868,12869,12868,5
2020-10-20,17:22:33.427000,12868,12869,12869,1
2020-10-20,17:23:42.381000,12868,12869,12869,2
2020-10-20,17:23:46.136000,12868,12870,12869,2
2020-10-20,17:23:46.734000,12868,12870,12869,1
2020-10-20,17:24:31.078000,12868,12869,12868,4
2020-10-20,17:24:31.078000,12868,12869,12868,4
2020-10-20,17:24:35.004000,12867,12868,12867,2
2020-10-20,17:25:06.734000,12867,12869,12867,1
2020-10-20,17:25:11.933000,12867,12868,12867,6
2020-10-20,17:25:15.210000,12866,12867,12867,2
2020-10-20,17:25:15.210000,12866,12867,12867,5
2020-10-20,17:25:15.211000,12866,12867,12867,7
2020-10-20,17:25:18.342000,12866,12868,12868,1
2020-10-20,17:26:43.663000,12866,12868,12868,2
2020-10-20,17:26:43.664000,12866,12868,12867,4
2020-10-20,17:26:46.024000,12866,12868,12866,8
2020-10-20,17:26:52.645000,12865,12867,12866,1
2020-10-20,17:27:09.085000,12865,12866,12866,1
2020-10-20,17:27:11.789000,12865,12866,12866,1
2020-10-20,17:27:20.557000,12865,12866,12866,1
2020-10-20,17:27:21.712000,12865,12866,12866,1
2020-10-20,17:27:23.380000,12866,12867,12866,1
2020-10-20,17:27:35.593000,12865,12866,12866,5
2020-10-20,17:27:48.616000,12866,12867,12866,3
2020-10-20,17:27:49.811000,12866,12867,12867,1
2020-10-20,17:27:51.977000,12866,12867,12866,1
2020-10-20,17:28:21.834000,12866,12867,12866,1
2020-10-20,17:28:37.454000,12866,12867,12867,1
2020-10-20,17:28:42.200000,12866,12868,12868,1
2020-10-20,17:29:02.754000,12866,12868,12866,2
2020-10-20,17:29:41.503000,12867,12868,12867,1
2020-10-20,17:30:59.707000,12867,12868,12867,7
2020-10-20,17:31:00.237000,12866,12867,12867,4
2020-10-20,17:31:00.707000,12866,12868,12868,1
2020-10-20,17:31:34.328000,12866,12868,12866,1
2020-10-20,17:32:08.715000,12866,12867,12867,2
2020-10-20,17:32:08.716000,12866,12867,12867,1
2020-10-20,17:32:08.716000,12866,12867,12867,3
2020-10-20,17:32:09.021000,12866,12868,12866,1
2020-10-20,17:33:14.681000,12867,12868,12867,1
2020-10-20,17:33:21.168000,12867,12868,12868,6
2020-10-20,17:33:47.545000,12867,12868,12868,1
2020-10-20,17:33:47.624000,12867,12868,12867,2
2020-10-20,17:33:47.625000,12867,12868,12867,1
2020-10-20,17:34:10.337000,12866,12868,12867,1
2020-10-20,17:34:43.647000,12867,12868,12868,1
2020-10-20,17:34:43.647000,12867,12868,12868,5
2020-10-20,17:34:43.647000,12867,12868,12868,2
2020-10-20,17:35:38.318000,12867,12868,12868,1
2020-10-20,17:36:17.076000,12867,12868,12868,1
2020-10-20,17:38:00.170000,12867,12868,12868,2
2020-10-20,17:38:27.612000,12867,12868,12867,1
2020-10-20,17:40:13.099000,12867,12868,12867,1
2020-10-20,17:40:40.147000,12867,12868,12867,2
2020-10-20,17:40:43.022000,12866,12867,12867,1
2020-10-20,17:42:02.872000,12866,12867,12867,1
2020-10-20,17:42:26.952000,12866,12867,12867,3
2020-10-20,17:42:29.651000,12866,12867,12867,1
2020-10-20,17:42:38.584000,12866,12867,12867,1
2020-10-20,17:43:05.770000,12866,12867,12867,1
2020-10-20,17:43:54.593000,12866,12867,12867,5
2020-10-20,17:44:37.224000,12866,12867,12867,1
2020-10-20,17:44:39.960000,12866,12867,12866,1
2020-10-20,17:44:39.961000,12866,12867,12866,1
2020-10-20,17:44:39.961000,12866,12867,12866,5
2020-10-20,17:44:39.961000,12866,12867,12866,1
2020-10-20,17:44:39.961000,12866,12867,12866,4
2020-10-20,17:44:39.961000,12866,12867,12866,10
2020-10-20,17:44:39.961000,12866,12867,12866,2
2020-10-20,17:44:39.997000,12866,12867,12865,3
2020-10-20,17:44:40.090000,12865,12866,12865,1
2020-10-20,17:44:40.181000,12865,12866,12865,1
2020-10-20,17:44:40.181000,12865,12866,12865,1
2020-10-20,17:44:40.182000,12865,12866,12865,1
2020-10-20,17:44:40.182000,12865,12866,12865,1
2020-10-20,17:44:40.183000,12865,12866,12865,1
2020-10-20,17:44:43.887000,12865,12866,12866,1
2020-10-20,17:44:45.188000,12865,12866,12865,1
2020-10-20,17:44:47.634000,12865,12866,12865,1
2020-10-20,17:44:47.823000,12865,12866,12865,1
2020-10-20,17:44:48.328000,12865,12866,12865,1
2020-10-20,17:44:52.761000,12865,12866,12865,5
2020-10-20,17:44:52.762000,12865,12866,12865,2
2020-10-20,17:45:11.004000,12864,12865,12865,1
2020-10-20,17:45:11.887000,12865,12866,12865,2
2020-10-20,17:45:14.593000,12865,12866,12865,1
2020-10-20,17:45:28.938000,12865,12866,12865,1
2020-10-20,17:45:30.847000,12865,12866,12866,6
2020-10-20,17:45:57.969000,12866,12867,12867,1
2020-10-20,17:45:57.969000,12866,12867,12867,1
2020-10-20,17:45:57.970000,12866,12867,12867,1
2020-10-20,17:45:57.970000,12866,12867,12867,1
2020-10-20,17:45:57.995000,12866,12867,12867,1
2020-10-20,17:45:58.054000,12866,12867,12867,1
2020-10-20,17:46:08.637000,12866,12867,12867,1
2020-10-20,17:46:08.638000,12866,12867,12867,1
2020-10-20,17:46:20.923000,12866,12867,12867,1
2020-10-20,17:46:20.924000,12866,12867,12867,1
2020-10-20,17:46:20.924000,12866,12867,12867,1
2020-10-20,17:46:21.269000,12866,12868,12867,1
2020-10-20,17:46:21.503000,12867,12868,12867,1
2020-10-20,17:47:02.133000,12867,12868,12867,2
2020-10-20,17:47:44.203000,12866,12868,12867,2
2020-10-20,17:48:49.708000,12867,12868,12867,1
2020-10-20,17:48:50.084000,12866,12867,12867,1
2020-10-20,17:48:50.155000,12866,12867,12868,3
2020-10-20,17:48:50.356000,12866,12868,12868,1
2020-10-20,17:48:50.531000,12866,12868,12868,1
2020-10-20,17:48:50.531000,12866,12868,12868,1
2020-10-20,17:48:50.591000,12866,12868,12868,1
2020-10-20,17:49:19.180000,12866,12867,12867,1
2020-10-20,17:49:53.359000,12866,12867,12866,1
2020-10-20,17:50:10.991000,12867,12868,12867,1
2020-10-20,17:50:11.223000,12867,12868,12867,1
2020-10-20,17:50:15.041000,12867,12868,12868,1
2020-10-20,17:51:15.555000,12868,12869,12868,1
2020-10-20,17:52:17.936000,12867,12868,12867,1
2020-10-20,17:52:23.361000,12867,12868,12868,1
2020-10-20,17:52:23.361000,12867,12868,12868,5
2020-10-20,17:52:23.361000,12867,12868,12868,1
2020-10-20,17:52:23.361000,12867,12868,12868,12
2020-10-20,17:52:23.361000,12867,12868,12868,2
2020-10-20,17:53:10.661000,12868,12869,12868,1
2020-10-20,17:53:21.626000,12868,12869,12869,1
2020-10-20,17:53:33.953000,12868,12869,12868,1
2020-10-20,17:54:31.844000,12868,12869,12868,1
2020-10-20,17:54:32.303000,12868,12869,12869,1
2020-10-20,17:54:50.940000,12868,12869,12869,3
2020-10-20,17:54:54.333000,12868,12869,12869,11
2020-10-20,17:54:54.333000,12868,12869,12869,3
2020-10-20,17:54:54.683000,12869,12870,12869,1
2020-10-20,17:54:54.929000,12868,12869,12869,1
2020-10-20,17:55:04.887000,12869,12870,12869,2
2020-10-20,17:55:08.301000,12869,12870,12869,1
2020-10-20,17:55:09.162000,12869,12870,12870,1
2020-10-20,17:55:09.393000,12869,12870,12870,2
2020-10-20,17:55:09.604000,12869,12870,12870,1
2020-10-20,17:55:09.642000,12869,12870,12870,1
2020-10-20,17:55:09.688000,12869,12870,12870,1
2020-10-20,17:55:10.059000,12869,12870,12870,1
2020-10-20,17:55:18.280000,12869,12870,12870,2
2020-10-20,17:55:23.638000,12869,12870,12869,1
2020-10-20,17:55:26.676000,12869,12870,12870,2
2020-10-20,17:55:30.430000,12869,12870,12870,1
2020-10-20,17:55:30.542000,12869,12870,12869,1
2020-10-20,17:55:30.613000,12869,12870,12870,1
2020-10-20,17:55:30.870000,12869,12870,12870,1
2020-10-20,17:55:31.404000,12869,12870,12870,1
2020-10-20,17:55:31.409000,12869,12870,12870,2
2020-10-20,17:55:35.710000,12869,12870,12870,1
2020-10-20,17:55:38.243000,12869,12870,12870,2
2020-10-20,17:55:38.259000,12869,12870,12870,1
2020-10-20,17:55:41.503000,12870,12871,12870,2
2020-10-20,17:55:42.689000,12870,12871,12870,1
2020-10-20,17:55:43.503000,12870,12871,12870,1
2020-10-20,17:55:44.007000,12870,12871,12870,2
2020-10-20,17:55:49.528000,12870,12871,12870,1
2020-10-20,17:55:49.562000,12870,12871,12870,1
2020-10-20,17:55:53.203000,12870,12871,12870,1
2020-10-20,17:55:53.452000,12870,12871,12870,1
2020-10-20,17:55:53.692000,12870,12871,12870,1
2020-10-20,17:56:01.595000,12870,12871,12870,1
2020-10-20,17:56:18.508000,12870,12871,12870,1
2020-10-20,17:56:43.771000,12869,12870,12870,5
2020-10-20,17:56:49.992000,12870,12871,12870,2
2020-10-20,17:56:50.012000,12870,12871,12869,2
2020-10-20,17:56:50.013000,12870,12871,12869,1
2020-10-20,17:56:50.057000,12869,12870,12869,2
2020-10-20,17:56:50.153000,12869,12870,12869,1
2020-10-20,17:56:50.153000,12869,12870,12869,1
2020-10-20,17:56:53.690000,12869,12870,12869,1
2020-10-20,17:56:55.194000,12869,12870,12870,2
2020-10-20,17:56:55.195000,12869,12870,12870,3
2020-10-20,17:56:58.688000,12869,12870,12869,1
2020-10-20,17:57:08.754000,12869,12870,12870,2
2020-10-20,17:57:44.352000,12869,12870,12870,1
2020-10-20,17:58:07.616000,12870,12871,12870,1
2020-10-20,17:58:07.617000,12870,12871,12870,1
2020-10-20,17:58:07.617000,12870,12871,12870,5
2020-10-20,17:58:31.633000,12869,12870,12869,1
2020-10-20,17:58:31.633000,12869,12870,12869,3
2020-10-20,17:58:31.633000,12869,12870,12869,5
2020-10-20,17:58:59.524000,12868,12869,12869,2
2020-10-20,17:59:02.854000,12868,12869,12868,1
2020-10-20,17:59:05.417000,12868,12869,12868,1
2020-10-20,17:59:17.042000,12868,12869,12869,1
2020-10-20,17:59:28.705000,12868,12869,12869,4
2020-10-20,17:59:29.385000,12868,12869,12869,2
2020-10-20,18:00:11.709000,12869,12870,12869,1
2020-10-20,18:00:11.914000,12869,12870,12869,1
2020-10-20,18:00:15.303000,12869,12870,12869,2
2020-10-20,18:00:18.313000,12869,12870,12869,1
2020-10-20,18:00:21.714000,12869,12870,12869,2
2020-10-20,18:00:30.545000,12869,12870,12869,1
2020-10-20,18:00:46.900000,12869,12870,12870,1
2020-10-20,18:00:46.900000,12869,12870,12870,4
2020-10-20,18:00:46.901000,12869,12870,12870,8
2020-10-20,18:00:47.388000,12869,12871,12871,1
2020-10-20,18:00:47.390000,12869,12871,12871,1
2020-10-20,18:00:47.400000,12869,12871,12871,1
2020-10-20,18:00:47.401000,12869,12871,12871,2
2020-10-20,18:00:47.410000,12869,12871,12871,1
2020-10-20,18:00:47.417000,12869,12871,12871,1
2020-10-20,18:00:47.417000,12869,12871,12871,1
2020-10-20,18:00:47.580000,12870,12871,12871,1
2020-10-20,18:00:47.689000,12870,12871,12871,1
2020-10-20,18:00:47.844000,12870,12871,12871,1
2020-10-20,18:00:54.861000,12870,12871,12871,1
2020-10-20,18:00:54.861000,12870,12871,12871,2
2020-10-20,18:00:54.862000,12870,12871,12871,4
2020-10-20,18:00:54.862000,12870,12871,12871,11
2020-10-20,18:00:55.179000,12871,12872,12872,4
2020-10-20,18:00:55.336000,12871,12872,12872,3
2020-10-20,18:00:55.440000,12871,12873,12873,1
2020-10-20,18:00:55.477000,12871,12873,12873,1
2020-10-20,18:00:55.493000,12871,12873,12873,1
2020-10-20,18:00:55.584000,12871,12873,12873,2
2020-10-20,18:00:55.616000,12871,12873,12873,1
2020-10-20,18:00:55.624000,12871,12873,12873,1
2020-10-20,18:00:55.627000,12871,12873,12873,6
2020-10-20,18:00:55.630000,12871,12873,12872,1
2020-10-20,18:00:55.655000,12871,12873,12872,1
2020-10-20,18:00:55.662000,12871,12873,12873,1
2020-10-20,18:00:55.667000,12871,12873,12873,3
2020-10-20,18:00:55.683000,12871,12873,12871,2
2020-10-20,18:00:55.753000,12871,12873,12872,1
2020-10-20,18:00:55.767000,12871,12873,12873,2
2020-10-20,18:00:55.767000,12871,12873,12873,1
2020-10-20,18:00:55.779000,12871,12873,12872,1
2020-10-20,18:00:55.827000,12871,12873,12872,1
2020-10-20,18:00:55.916000,12871,12873,12873,4
2020-10-20,18:00:55.968000,12871,12873,12871,1
2020-10-20,18:00:55.977000,12871,12873,12871,1
2020-10-20,18:00:56.169000,12871,12873,12873,1
2020-10-20,18:00:56.172000,12871,12873,12873,1
2020-10-20,18:00:56.278000,12872,12873,12873,1
2020-10-20,18:00:56.922000,12872,12873,12872,2
2020-10-20,18:00:58.724000,12871,12873,12871,1
2020-10-20,18:00:58.807000,12870,12871,12870,1
2020-10-20,18:01:01.008000,12870,12872,12872,1
2020-10-20,18:01:01.473000,12870,12872,12872,1
2020-10-20,18:01:08.798000,12870,12872,12872,1
2020-10-20,18:01:23.667000,12871,12872,12872,1
2020-10-20,18:01:25.043000,12871,12872,12871,2
2020-10-20,18:01:25.073000,12870,12871,12870,1
2020-10-20,18:01:43.079000,12870,12871,12871,5
2020-10-20,18:01:43.079000,12870,12871,12871,1
2020-10-20,18:02:13.631000,12871,12872,12871,1
2020-10-20,18:02:15.359000,12870,12871,12871,1
2020-10-20,18:02:30.465000,12870,12871,12871,1
2020-10-20,18:02:38.753000,12870,12871,12871,2
2020-10-20,18:02:42.658000,12870,12871,12871,2
2020-10-20,18:02:46.462000,12870,12871,12871,2
2020-10-20,18:02:50.468000,12870,12871,12871,2
2020-10-20,18:02:51.525000,12870,12871,12870,1
2020-10-20,18:02:55.805000,12870,12871,12871,2
2020-10-20,18:02:55.805000,12870,12871,12871,1
2020-10-20,18:02:55.857000,12870,12871,12871,1
2020-10-20,18:02:55.859000,12870,12871,12871,2
2020-10-20,18:02:55.873000,12870,12871,12871,4
2020-10-20,18:02:58.070000,12871,12872,12871,1
2020-10-20,18:03:02.563000,12871,12872,12871,1
2020-10-20,18:03:07.392000,12871,12872,12872,1
2020-10-20,18:03:12.855000,12871,12872,12872,1
2020-10-20,18:03:12.872000,12871,12872,12872,1
2020-10-20,18:03:16.849000,12871,12872,12872,1
2020-10-20,18:03:25.915000,12871,12872,12872,1
2020-10-20,18:03:27.932000,12871,12872,12872,5
2020-10-20,18:03:29.929000,12871,12872,12872,1
2020-10-20,18:03:44.986000,12871,12872,12872,1
2020-10-20,18:03:50.329000,12871,12872,12872,1
2020-10-20,18:03:51.097000,12871,12872,12871,7
2020-10-20,18:03:51.214000,12871,12872,12872,1
2020-10-20,18:03:55.934000,12871,12872,12872,1
2020-10-20,18:03:58.070000,12871,12872,12872,1
2020-10-20,18:04:03.174000,12872,12873,12872,1
2020-10-20,18:04:18.976000,12871,12872,12871,4
2020-10-20,18:04:19.458000,12870,12872,12872,5
2020-10-20,18:04:39.962000,12870,12871,12870,1
2020-10-20,18:04:40.364000,12870,12871,12871,3
2020-10-20,18:04:46.955000,12870,12871,12870,1
2020-10-20,18:04:47.555000,12870,12871,12870,5
2020-10-20,18:04:47.812000,12869,12871,12869,1
2020-10-20,18:05:00.461000,12868,12869,12869,1
2020-10-20,18:05:52.611000,12868,12869,12869,3
2020-10-20,18:06:02.338000,12869,12870,12869,3
2020-10-20,18:07:33.295000,12869,12870,12870,1
2020-10-20,18:07:43.260000,12869,12870,12869,1
2020-10-20,18:07:57.206000,12869,12870,12870,1
2020-10-20,18:09:38.243000,12869,12870,12870,1
2020-10-20,18:09:38.678000,12869,12870,12870,1
2020-10-20,18:09:46.295000,12869,12870,12870,4
2020-10-20,18:09:46.296000,12869,12870,12870,1
2020-10-20,18:09:46.296000,12869,12870,12870,1
2020-10-20,18:10:38.392000,12870,12871,12870,1
2020-10-20,18:10:39.147000,12869,12871,12869,1
2020-10-20,18:10:39.147000,12869,12871,12869,1
2020-10-20,18:10:39.148000,12869,12871,12869,2
2020-10-20,18:11:09.100000,12869,12870,12869,1
2020-10-20,18:11:27.707000,12869,12870,12869,2
2020-10-20,18:12:00.439000,12869,12870,12869,4
2020-10-20,18:12:19.220000,12869,12870,12870,1
2020-10-20,18:12:19.220000,12869,12870,12870,2
2020-10-20,18:12:35.033000,12869,12870,12870,1
2020-10-20,18:13:10.356000,12869,12871,12870,1
2020-10-20,18:13:10.823000,12869,12871,12871,1
2020-10-20,18:13:16.811000,12869,12871,12871,1
2020-10-20,18:13:18.383000,12870,12871,12871,1
2020-10-20,18:13:55.610000,12870,12871,12870,3
2020-10-20,18:14:01.183000,12870,12871,12870,2
2020-10-20,18:14:40.155000,12870,12871,12870,2
2020-10-20,18:14:40.156000,12870,12871,12870,1
2020-10-20,18:15:28.113000,12869,12870,12869,8
2020-10-20,18:15:30.850000,12869,12870,12869,1
2020-10-20,18:15:31.261000,12868,12870,12870,2
2020-10-20,18:15:31.485000,12868,12870,12870,2
2020-10-20,18:15:33.435000,12869,12870,12870,4
2020-10-20,18:15:33.540000,12869,12870,12870,1
2020-10-20,18:16:11.351000,12868,12869,12869,2
2020-10-20,18:17:03.579000,12868,12869,12868,10
2020-10-20,18:17:08.119000,12868,12869,12869,1
2020-10-20,18:17:19.613000,12868,12869,12869,1
2020-10-20,18:17:52.768000,12868,12869,12869,1
2020-10-20,18:18:23.779000,12868,12869,12869,1
2020-10-20,18:18:50.437000,12868,12869,12869,1
2020-10-20,18:19:31.876000,12868,12869,12868,2
2020-10-20,18:19:47.078000,12868,12869,12869,2
2020-10-20,18:19:47.272000,12868,12869,12868,2
2020-10-20,18:20:16.477000,12868,12869,12868,2
2020-10-20,18:20:16.484000,12868,12869,12868,1
2020-10-20,18:20:16.554000,12868,12869,12868,4
2020-10-20,18:20:17.651000,12867,12868,12868,1
2020-10-20,18:20:19.317000,12868,12869,12868,1
2020-10-20,18:20:24.567000,12868,12869,12868,1
2020-10-20,18:20:36.571000,12868,12869,12869,2
2020-10-20,18:20:48.455000,12867,12869,12869,2
2020-10-20,18:21:26.246000,12868,12869,12869,3
2020-10-20,18:22:13.474000,12869,12870,12869,1
2020-10-20,18:22:44.135000,12868,12869,12869,1
2020-10-20,18:24:03.331000,12868,12869,12869,1
2020-10-20,18:24:03.509000,12868,12869,12868,2
2020-10-20,18:24:04.303000,12868,12869,12869,1
2020-10-20,18:24:04.303000,12868,12869,12870,2
2020-10-20,18:24:07.982000,12868,12870,12870,1
2020-10-20,18:24:08.185000,12868,12870,12870,1
2020-10-20,18:24:44.549000,12869,12870,12870,1
2020-10-20,18:24:44.549000,12869,12870,12870,1
2020-10-20,18:24:44.549000,12869,12870,12870,4
2020-10-20,18:24:44.550000,12869,12870,12870,3
2020-10-20,18:24:55.875000,12870,12871,12870,1
2020-10-20,18:25:11.426000,12870,12871,12870,1
2020-10-20,18:25:24.275000,12870,12871,12870,1
2020-10-20,18:25:28.148000,12870,12871,12870,1
2020-10-20,18:25:28.655000,12870,12871,12870,1
2020-10-20,18:25:33.311000,12870,12871,12871,1
2020-10-20,18:25:47.686000,12870,12871,12870,1
2020-10-20,18:26:10.422000,12870,12871,12870,1
2020-10-20,18:26:38.280000,12869,12870,12870,2
2020-10-20,18:27:17.813000,12870,12871,12870,1
2020-10-20,18:27:32.302000,12870,12871,12871,6
2020-10-20,18:27:32.303000,12870,12871,12871,1
2020-10-20,18:27:34.127000,12871,12872,12872,1
2020-10-20,18:27:34.149000,12871,12872,12872,1
2020-10-20,18:27:34.181000,12871,12872,12872,1
2020-10-20,18:27:34.207000,12871,12872,12872,2
2020-10-20,18:27:35.230000,12871,12873,12871,1
2020-10-20,18:27:51.987000,12871,12873,12873,1
2020-10-20,18:27:52.183000,12871,12873,12873,6
2020-10-20,18:27:52.277000,12871,12873,12873,4
2020-10-20,18:27:52.716000,12872,12873,12873,3
2020-10-20,18:27:54.560000,12873,12874,12873,1
2020-10-20,18:28:04.538000,12873,12874,12874,1
2020-10-20,18:28:06.294000,12873,12874,12874,1
2020-10-20,18:28:06.308000,12873,12874,12874,20
2020-10-20,18:28:06.317000,12873,12874,12875,1
2020-10-20,18:28:06.667000,12873,12875,12875,1
2020-10-20,18:28:06.681000,12873,12875,12875,1
2020-10-20,18:28:07.273000,12873,12875,12875,4
2020-10-20,18:28:07.624000,12874,12875,12875,4
2020-10-20,18:28:07.625000,12874,12875,12875,41
2020-10-20,18:28:07.660000,12874,12875,12876,4
2020-10-20,18:28:07.734000,12875,12876,12876,2
2020-10-20,18:28:07.894000,12875,12876,12876,4
2020-10-20,18:28:07.895000,12875,12876,12876,3
2020-10-20,18:28:07.899000,12875,12876,12877,1
2020-10-20,18:28:07.989000,12876,12877,12877,2
2020-10-20,18:28:08.050000,12876,12877,12877,1
2020-10-20,18:28:08.150000,12876,12877,12877,1
2020-10-20,18:28:08.163000,12876,12877,12877,2
2020-10-20,18:28:08.163000,12876,12877,12877,2
2020-10-20,18:28:08.345000,12876,12877,12877,2
2020-10-20,18:28:08.431000,12876,12877,12877,4
2020-10-20,18:28:08.439000,12876,12877,12877,4
2020-10-20,18:28:08.761000,12876,12877,12877,1
2020-10-20,18:28:08.841000,12876,12877,12877,1
2020-10-20,18:28:08.846000,12876,12877,12877,1
2020-10-20,18:28:09.545000,12876,12877,12876,2
2020-10-20,18:28:11.548000,12876,12877,12876,1
2020-10-20,18:28:12.243000,12875,12877,12877,1
2020-10-20,18:28:17.622000,12876,12877,12877,5
2020-10-20,18:28:22.002000,12876,12877,12877,1
2020-10-20,18:28:22.073000,12877,12878,12877,1
2020-10-20,18:28:22.111000,12877,12878,12877,3
2020-10-20,18:28:22.470000,12876,12878,12876,4
2020-10-20,18:28:22.471000,12876,12878,12876,3
2020-10-20,18:28:22.558000,12876,12877,12876,1
2020-10-20,18:28:22.760000,12876,12877,12877,1
2020-10-20,18:28:25.187000,12876,12877,12876,1
2020-10-20,18:28:30.196000,12875,12876,12876,1
2020-10-20,18:28:30.840000,12875,12876,12875,1
2020-10-20,18:28:32.847000,12875,12876,12875,3
2020-10-20,18:28:40.036000,12875,12876,12875,1
2020-10-20,18:28:40.205000,12875,12876,12875,1
2020-10-20,18:28:48.297000,12875,12876,12876,1
2020-10-20,18:28:49.937000,12875,12876,12875,1
2020-10-20,18:28:52.532000,12875,12876,12875,1
2020-10-20,18:28:52.533000,12875,12876,12875,9
2020-10-20,18:28:55.307000,12874,12875,12875,2
2020-10-20,18:28:55.432000,12875,12876,12876,1
2020-10-20,18:29:04.353000,12875,12876,12876,1
2020-10-20,18:29:06.561000,12875,12876,12875,1
2020-10-20,18:29:26.040000,12874,12876,12876,1
2020-10-20,18:29:27.127000,12874,12876,12874,1
2020-10-20,18:29:30.558000,12874,12876,12876,1
2020-10-20,18:29:34.024000,12874,12876,12876,1
2020-10-20,18:29:35.300000,12875,12876,12876,1
2020-10-20,18:29:36.438000,12875,12876,12876,2
2020-10-20,18:29:36.526000,12875,12876,12876,2
2020-10-20,18:29:40.312000,12875,12876,12876,1
2020-10-20,18:29:49.018000,12875,12876,12876,2
2020-10-20,18:30:00.351000,12875,12876,12876,1
2020-10-20,18:30:00.352000,12875,12876,12876,1
2020-10-20,18:30:00.397000,12875,12876,12876,2
2020-10-20,18:30:00.554000,12875,12877,12875,1
2020-10-20,18:30:00.779000,12875,12877,12877,1
2020-10-20,18:30:01.132000,12875,12877,12877,3
2020-10-20,18:30:01.315000,12876,12877,12877,1
2020-10-20,18:30:01.498000,12876,12877,12877,1
2020-10-20,18:30:01.512000,12876,12877,12877,2
2020-10-20,18:30:01.812000,12876,12877,12877,2
2020-10-20,18:30:02.124000,12876,12877,12877,1
2020-10-20,18:30:02.125000,12876,12877,12877,1
2020-10-20,18:30:02.150000,12876,12877,12877,1
2020-10-20,18:30:02.150000,12876,12877,12877,7
2020-10-20,18:30:02.150000,12876,12877,12877,3
2020-10-20,18:30:02.150000,12876,12877,12877,3
2020-10-20,18:30:02.150000,12876,12877,12877,3
2020-10-20,18:30:02.371000,12876,12878,12878,2
2020-10-20,18:30:02.489000,12876,12878,12878,1
2020-10-20,18:30:02.590000,12876,12878,12878,1
2020-10-20,18:30:02.631000,12876,12878,12876,1
2020-10-20,18:30:02.673000,12876,12878,12878,2
2020-10-20,18:30:02.673000,12876,12878,12878,4
2020-10-20,18:30:02.875000,12877,12878,12878,3
2020-10-20,18:30:03.052000,12877,12878,12878,1
2020-10-20,18:30:03.083000,12877,12878,12878,1
2020-10-20,18:30:03.177000,12877,12878,12878,6
2020-10-20,18:30:03.179000,12877,12878,12878,4
2020-10-20,18:30:04.141000,12877,12878,12877,2
2020-10-20,18:30:04.914000,12877,12878,12878,6
2020-10-20,18:30:04.915000,12877,12878,12878,4
2020-10-20,18:30:04.915000,12877,12878,12878,2
2020-10-20,18:30:05.090000,12878,12879,12878,1
2020-10-20,18:30:06.736000,12878,12879,12878,1
2020-10-20,18:30:09.375000,12876,12877,12877,1
2020-10-20,18:30:12.034000,12876,12878,12878,1
2020-10-20,18:30:12.927000,12877,12878,12878,3
2020-10-20,18:30:22.858000,12877,12878,12878,1
2020-10-20,18:30:30.065000,12878,12879,12878,1
2020-10-20,18:30:30.067000,12878,12879,12878,1
2020-10-20,18:30:31.568000,12877,12878,12878,3
2020-10-20,18:30:31.568000,12877,12878,12879,7
2020-10-20,18:30:31.726000,12877,12879,12879,2
2020-10-20,18:30:31.775000,12877,12879,12879,1
2020-10-20,18:30:31.796000,12877,12879,12879,1
2020-10-20,18:30:31.799000,12877,12879,12879,1
2020-10-20,18:30:31.845000,12877,12879,12879,1
2020-10-20,18:30:31.879000,12877,12879,12879,1
2020-10-20,18:30:31.905000,12877,12879,12879,1
2020-10-20,18:30:31.931000,12877,12879,12879,1
2020-10-20,18:30:31.953000,12877,12879,12879,1
2020-10-20,18:30:32.040000,12877,12879,12879,1
2020-10-20,18:30:32.061000,12877,12879,12879,1
2020-10-20,18:30:32.381000,12877,12879,12879,1
2020-10-20,18:30:32.638000,12878,12879,12879,1
2020-10-20,18:30:33.521000,12878,12879,12878,1
2020-10-20,18:30:37.492000,12878,12879,12878,3
2020-10-20,18:30:38.602000,12877,12879,12877,1
2020-10-20,18:30:49.947000,12877,12878,12878,1
2020-10-20,18:30:51.594000,12877,12878,12877,1
2020-10-20,18:30:53.682000,12877,12878,12878,10
2020-10-20,18:30:53.683000,12877,12878,12878,5
2020-10-20,18:31:07.903000,12877,12878,12877,3
2020-10-20,18:31:07.980000,12877,12878,12878,1
2020-10-20,18:31:08.901000,12877,12878,12877,3
2020-10-20,18:31:08.936000,12876,12878,12878,2
2020-10-20,18:31:17.157000,12877,12878,12878,2
2020-10-20,18:31:20.841000,12877,12878,12877,10
2020-10-20,18:31:22.895000,12876,12878,12878,1
2020-10-20,18:31:28.923000,12876,12877,12877,1
2020-10-20,18:31:35.744000,12876,12877,12877,3
2020-10-20,18:31:44.804000,12877,12878,12877,2
2020-10-20,18:32:02.086000,12876,12877,12876,1
2020-10-20,18:32:05.344000,12875,12876,12876,1
2020-10-20,18:32:19.372000,12876,12877,12877,5
2020-10-20,18:32:57.967000,12876,12877,12877,5
2020-10-20,18:32:58.238000,12876,12877,12877,3
2020-10-20,18:33:02.404000,12876,12878,12878,1
2020-10-20,18:33:02.619000,12876,12878,12878,1
2020-10-20,18:33:04.094000,12877,12878,12878,1
2020-10-20,18:33:15.411000,12877,12878,12878,1
2020-10-20,18:33:26.163000,12877,12878,12877,3
2020-10-20,18:33:26.209000,12876,12877,12876,1
2020-10-20,18:33:30.564000,12876,12877,12876,1
2020-10-20,18:33:36.312000,12876,12877,12876,1
2020-10-20,18:33:37.494000,12876,12877,12876,4
2020-10-20,18:33:37.877000,12875,12877,12877,5
2020-10-20,18:33:59.171000,12876,12877,12876,1
2020-10-20,18:33:59.345000,12876,12877,12876,1
2020-10-20,18:34:03.196000,12876,12877,12876,1
2020-10-20,18:34:03.410000,12876,12877,12877,1
2020-10-20,18:34:09.426000,12876,12877,12876,1
2020-10-20,18:34:20.141000,12876,12877,12877,1
2020-10-20,18:34:20.672000,12876,12877,12877,4
2020-10-20,18:34:20.672000,12876,12877,12877,1
2020-10-20,18:34:20.672000,12876,12877,12877,2
2020-10-20,18:34:20.672000,12876,12877,12877,2
2020-10-20,18:34:20.673000,12876,12877,12877,2
2020-10-20,18:34:37.664000,12877,12878,12877,1
2020-10-20,18:34:38.078000,12877,12878,12878,1
2020-10-20,18:34:40.058000,12877,12878,12878,2
2020-10-20,18:34:40.974000,12877,12878,12877,1
2020-10-20,18:34:45.083000,12877,12878,12878,1
2020-10-20,18:34:51.939000,12877,12878,12877,1
2020-10-20,18:34:51.940000,12877,12878,12877,2
2020-10-20,18:34:51.940000,12877,12878,12877,4
2020-10-20,18:35:02.186000,12876,12877,12877,1
2020-10-20,18:35:02.656000,12876,12877,12877,2
2020-10-20,18:35:30.352000,12876,12877,12877,2
2020-10-20,18:35:35.066000,12877,12878,12877,2
2020-10-20,18:35:35.267000,12877,12878,12877,7
2020-10-20,18:35:35.367000,12876,12877,12876,1
2020-10-20,18:35:41.192000,12876,12877,12876,1
2020-10-20,18:35:46.062000,12876,12877,12876,1
2020-10-20,18:35:54.998000,12876,12877,12876,1
2020-10-20,18:35:59.121000,12876,12877,12877,1
2020-10-20,18:36:11.696000,12876,12877,12877,1
2020-10-20,18:36:12.183000,12876,12877,12877,2
2020-10-20,18:36:12.230000,12876,12877,12877,4
2020-10-20,18:36:12.231000,12876,12877,12877,4
2020-10-20,18:36:15.722000,12877,12878,12877,5
2020-10-20,18:36:17.526000,12877,12878,12877,1
2020-10-20,18:36:21.501000,12876,12877,12877,1
2020-10-20,18:36:22.665000,12876,12877,12877,1
2020-10-20,18:36:49.391000,12877,12878,12877,1
2020-10-20,18:36:50.377000,12876,12878,12878,1
2020-10-20,18:36:57.710000,12876,12878,12878,1
2020-10-20,18:37:01.607000,12877,12878,12878,3
2020-10-20,18:37:02.227000,12877,12878,12878,1
2020-10-20,18:37:16.385000,12877,12878,12877,3
2020-10-20,18:37:26.951000,12876,12877,12877,1
2020-10-20,18:37:28.640000,12876,12877,12877,3
2020-10-20,18:37:33.529000,12877,12878,12877,4
2020-10-20,18:37:49.578000,12877,12878,12877,1
2020-10-20,18:37:49.885000,12877,12878,12877,1
2020-10-20,18:37:49.885000,12877,12878,12877,4
2020-10-20,18:37:49.885000,12877,12878,12877,6
2020-10-20,18:37:50.427000,12876,12877,12877,1
2020-10-20,18:38:14.599000,12876,12877,12877,1
2020-10-20,18:38:26.652000,12876,12877,12877,1
2020-10-20,18:38:42.765000,12876,12877,12877,2
2020-10-20,18:38:50.370000,12876,12877,12877,1
2020-10-20,18:39:02.716000,12876,12877,12877,1
2020-10-20,18:39:10.701000,12876,12877,12876,1
2020-10-20,18:39:10.701000,12876,12877,12876,1
2020-10-20,18:39:10.701000,12876,12877,12876,4
2020-10-20,18:39:10.701000,12876,12877,12876,2
2020-10-20,18:39:10.701000,12876,12877,12876,4
2020-10-20,18:39:18.723000,12875,12876,12876,1
2020-10-20,18:39:22.695000,12875,12876,12876,1
2020-10-20,18:39:35.777000,12875,12876,12876,1
2020-10-20,18:39:39.183000,12875,12876,12876,1
2020-10-20,18:39:42.548000,12875,12876,12876,2
2020-10-20,18:39:42.548000,12875,12876,12877,1
2020-10-20,18:40:21.907000,12875,12877,12877,1
2020-10-20,18:40:22.321000,12875,12877,12877,1
2020-10-20,18:40:48.245000,12875,12876,12876,1
2020-10-20,18:41:04.033000,12875,12877,12875,1
2020-10-20,18:41:04.326000,12875,12877,12875,1
2020-10-20,18:41:30.767000,12875,12876,12875,4
2020-10-20,18:41:30.768000,12875,12876,12875,1
2020-10-20,18:41:30.968000,12875,12876,12876,3
2020-10-20,18:41:32.060000,12875,12876,12875,1
2020-10-20,18:41:40.697000,12875,12876,12875,2
2020-10-20,18:41:49.928000,12875,12876,12875,1
2020-10-20,18:41:56.810000,12875,12876,12875,1
2020-10-20,18:42:00.585000,12875,12876,12876,1
2020-10-20,18:42:00.585000,12875,12876,12876,3
2020-10-20,18:42:03.802000,12876,12877,12876,1
2020-10-20,18:42:54.816000,12876,12877,12876,1
2020-10-20,18:43:01.530000,12876,12877,12876,2
2020-10-20,18:43:17.743000,12875,12876,12875,1
2020-10-20,18:43:32.899000,12875,12877,12875,1
2020-10-20,18:44:27.871000,12875,12876,12875,1
2020-10-20,18:44:29.339000,12875,12876,12875,1
2020-10-20,18:44:39.725000,12875,12876,12875,1
2020-10-20,18:44:50,12874,12875,12875,1
2020-10-20,18:45:19.791000,12874,12875,12875,1
2020-10-20,18:45:20.100000,12874,12875,12875,2
2020-10-20,18:45:28.868000,12875,12876,12875,1
2020-10-20,18:45:48.073000,12874,12875,12875,1
2020-10-20,18:46:06.619000,12874,12875,12875,1
2020-10-20,18:46:07.056000,12874,12875,12875,1
2020-10-20,18:46:10.678000,12874,12875,12875,1
2020-10-20,18:46:27.579000,12874,12876,12876,4
2020-10-20,18:46:46.657000,12875,12876,12876,1
2020-10-20,18:47:03.026000,12875,12876,12876,1
2020-10-20,18:47:03.026000,12875,12876,12876,4
2020-10-20,18:47:03.026000,12875,12876,12876,4
2020-10-20,18:47:03.027000,12875,12876,12876,1
2020-10-20,18:47:32.991000,12875,12876,12875,1
2020-10-20,18:48:14.146000,12874,12876,12874,1
2020-10-20,18:48:38.063000,12875,12876,12875,1
2020-10-20,18:48:54.046000,12874,12876,12874,1
2020-10-20,18:48:54.529000,12874,12875,12875,3
2020-10-20,18:48:54.529000,12874,12875,12876,3
2020-10-20,18:50:29.774000,12875,12876,12875,3
2020-10-20,18:50:30.708000,12874,12876,12876,1
2020-10-20,18:50:31.179000,12874,12876,12874,1
2020-10-20,18:50:41.179000,12874,12876,12874,1
2020-10-20,18:50:58.310000,12874,12875,12875,2
2020-10-20,18:50:59.520000,12874,12875,12875,2
2020-10-20,18:50:59.886000,12874,12876,12875,1
2020-10-20,18:51:00.995000,12874,12875,12874,6
2020-10-20,18:51:22.679000,12874,12875,12874,1
2020-10-20,18:51:28.066000,12874,12875,12874,2
2020-10-20,18:51:33.622000,12874,12875,12874,2
2020-10-20,18:51:33.679000,12874,12875,12874,1
2020-10-20,18:51:45.358000,12873,12875,12873,9
2020-10-20,18:51:47.951000,12873,12874,12874,2
2020-10-20,18:51:59.182000,12874,12875,12874,1
2020-10-20,18:52:05.544000,12873,12874,12874,1
2020-10-20,18:52:06.620000,12874,12875,12874,2
2020-10-20,18:52:15.399000,12873,12875,12874,2
2020-10-20,18:52:15.400000,12873,12875,12874,2
2020-10-20,18:52:15.400000,12873,12875,12874,1
2020-10-20,18:52:28.074000,12873,12875,12874,1
2020-10-20,18:52:28.074000,12873,12875,12874,1
2020-10-20,18:52:51.279000,12874,12875,12874,1
2020-10-20,18:52:52.463000,12874,12875,12874,2
2020-10-20,18:52:55.517000,12874,12875,12875,8
2020-10-20,18:52:55.517000,12874,12875,12875,1
2020-10-20,18:52:55.518000,12874,12875,12875,3
2020-10-20,18:52:55.518000,12874,12875,12875,3
2020-10-20,18:52:55.518000,12874,12875,12875,1
2020-10-20,18:53:13.057000,12874,12875,12875,4
2020-10-20,18:53:13.188000,12874,12875,12875,1
2020-10-20,18:53:13.188000,12874,12875,12875,1
2020-10-20,18:53:13.188000,12874,12875,12876,1
2020-10-20,18:54:05.825000,12874,12875,12875,1
2020-10-20,18:54:05.885000,12874,12875,12875,1
2020-10-20,18:54:05.931000,12874,12876,12876,2
2020-10-20,18:54:51.437000,12875,12876,12875,1
2020-10-20,18:54:51.557000,12874,12876,12876,1
2020-10-20,18:54:51.767000,12874,12876,12876,3
2020-10-20,18:55:16.360000,12874,12876,12876,2
2020-10-20,18:55:16.431000,12874,12876,12876,2
2020-10-20,18:55:16.432000,12874,12876,12876,1
2020-10-20,18:55:16.432000,12874,12876,12876,1
2020-10-20,18:55:16.433000,12874,12876,12876,1
2020-10-20,18:55:16.433000,12874,12876,12876,1
2020-10-20,18:55:16.435000,12874,12876,12876,1
2020-10-20,18:55:16.617000,12874,12877,12877,1
2020-10-20,18:55:29.613000,12874,12876,12875,1
2020-10-20,18:55:59.895000,12874,12876,12874,10
2020-10-20,18:55:59.931000,12874,12875,12875,1
2020-10-20,18:56:08.414000,12874,12875,12874,1
2020-10-20,18:56:12.339000,12873,12874,12874,2
2020-10-20,18:57:10.727000,12874,12875,12875,2
2020-10-20,18:57:10.728000,12874,12875,12875,3
2020-10-20,18:58:15.280000,12875,12876,12875,1
2020-10-20,18:58:15.540000,12875,12876,12875,1
2020-10-20,18:58:19.155000,12874,12876,12876,1
2020-10-20,18:58:21.073000,12874,12876,12875,5
2020-10-20,18:58:33.532000,12875,12876,12876,4
