2019-04-23 15:00:00.016,11025,11026,11025,79,-79
2019-04-23 15:00:00.056,11025,11026,11025,2,-2
2019-04-23 15:00:00.085,11025,11026,11025,1,-1
2019-04-23 15:00:00.120,11025,11026,11026,2,2
2019-04-23 15:00:00.159,11025,11026,11025,1,-1
2019-04-23 15:00:00.230,11025,11026,11026,1,1
2019-04-23 15:00:00.266,11025,11026,11026,2,2
2019-04-23 15:00:00.275,11025,11026,11026,4,4
2019-04-23 15:00:00.324,11025,11026,11026,10,10
2019-04-23 15:00:00.336,11025,11026,11026,2,2
2019-04-23 15:00:00.357,11025,11026,11025,1,-1
2019-04-23 15:00:00.412,11025,11026,11026,2,2
2019-04-23 15:00:00.431,11025,11026,11026,1,1
2019-04-23 15:00:00.586,11026,11027,11027,1,1
2019-04-23 15:00:00.616,11026,11027,11027,1,1
2019-04-23 15:00:00.639,11026,11027,11027,1,1
2019-04-23 15:00:00.668,11026,11027,11027,15,15
2019-04-23 15:00:00.668,11026,11027,11028,2,2
2019-04-23 15:00:00.668,11026,11027,11026,1,-1
2019-04-23 15:00:00.733,11026,11028,11028,1,1
2019-04-23 15:00:00.753,11026,11028,11028,4,4
2019-04-23 15:00:00.840,11026,11028,11028,2,2
2019-04-23 15:00:01.056,11026,11028,11028,1,1
2019-04-23 15:00:01.091,11026,11028,11027,1,-1
2019-04-23 15:00:01.335,11027,11028,11027,2,-2
2019-04-23 15:00:01.558,11026,11028,11028,4,4
2019-04-23 15:00:01.661,11026,11028,11027,2,-2
2019-04-23 15:00:01.671,11026,11028,11028,1,1
2019-04-23 15:00:01.695,11026,11028,11027,1,-1
2019-04-23 15:00:01.858,11026,11027,11026,2,-2
2019-04-23 15:00:02.075,11026,11027,11027,2,2
2019-04-23 15:00:02.078,11026,11027,11027,2,2
2019-04-23 15:00:02.083,11026,11027,11028,2,2
2019-04-23 15:00:02.153,11026,11027,11028,1,1
2019-04-23 15:00:02.261,11026,11027,11027,1,1
2019-04-23 15:00:02.415,11026,11027,11026,2,-2
2019-04-23 15:00:02.459,11026,11027,11026,2,-2
2019-04-23 15:00:02.485,11026,11027,11026,1,-1
2019-04-23 15:00:02.634,11026,11027,11027,1,1
2019-04-23 15:00:02.677,11026,11027,11026,2,-2
2019-04-23 15:00:03.078,11026,11027,11027,1,1
2019-04-23 15:00:03.081,11026,11027,11027,1,1
2019-04-23 15:00:03.096,11026,11027,11027,1,1
2019-04-23 15:00:03.153,11026,11027,11026,2,-2
2019-04-23 15:00:03.451,11026,11027,11027,1,1
2019-04-23 15:00:03.485,11026,11027,11027,1,1
2019-04-23 15:00:03.532,11026,11027,11027,2,2
2019-04-23 15:00:03.706,11026,11027,11027,1,1
2019-04-23 15:00:03.738,11026,11027,11027,1,1
2019-04-23 15:00:03.750,11026,11027,11027,1,1
2019-04-23 15:00:04.049,11026,11027,11026,2,-2
2019-04-23 15:00:04.054,11026,11027,11027,2,2
2019-04-23 15:00:04.070,11026,11028,11028,2,2
2019-04-23 15:00:04.089,11026,11028,11028,2,2
2019-04-23 15:00:04.173,11026,11028,11028,2,2
2019-04-23 15:00:04.432,11027,11028,11027,1,-1
2019-04-23 15:00:04.432,11027,11028,11026,1,-1
2019-04-23 15:00:04.921,11026,11027,11027,2,2
2019-04-23 15:00:05.110,11026,11027,11026,8,-8
2019-04-23 15:00:05.387,11026,11027,11027,1,1
2019-04-23 15:00:05.526,11026,11027,11026,2,-2
2019-04-23 15:00:06.012,11026,11027,11026,2,-2
2019-04-23 15:00:06.182,11026,11027,11027,1,1
2019-04-23 15:00:06.194,11026,11027,11026,1,-1
2019-04-23 15:00:07.493,11026,11027,11026,1,-1
2019-04-23 15:00:08.985,11026,11027,11026,1,-1
2019-04-23 15:00:10.595,11025,11026,11026,1,1
2019-04-23 15:00:11.502,11025,11026,11026,2,2
2019-04-23 15:00:12.000,11025,11026,11026,5,5
2019-04-23 15:00:12.539,11025,11026,11026,1,1
2019-04-23 15:00:13.636,11025,11026,11026,5,5
2019-04-23 15:00:13.934,11025,11027,11025,1,-1
2019-04-23 15:00:14.356,11025,11027,11026,1,1
2019-04-23 15:00:14.815,11025,11026,11026,1,1
2019-04-23 15:00:15.437,11025,11026,11026,2,2
2019-04-23 15:00:15.453,11025,11026,11026,1,1
2019-04-23 15:00:15.607,11025,11026,11025,2,-2
2019-04-23 15:00:15.908,11025,11026,11026,1,1
2019-04-23 15:00:16.743,11025,11026,11025,1,-1
2019-04-23 15:00:16.902,11025,11026,11025,1,-1
2019-04-23 15:00:17.138,11025,11026,11025,1,-1
2019-04-23 15:00:18.453,11025,11026,11025,1,-1
2019-04-23 15:00:19.605,11025,11026,11025,1,-1
2019-04-23 15:00:21.722,11025,11026,11026,5,5
2019-04-23 15:00:22.184,11025,11026,11025,1,-1
2019-04-23 15:00:22.254,11025,11026,11026,1,1
2019-04-23 15:00:22.546,11025,11026,11026,1,1
2019-04-23 15:00:23.298,11025,11026,11026,1,1
2019-04-23 15:00:24.026,11025,11027,11025,38,-38
2019-04-23 15:00:24.264,11025,11026,11026,2,2
2019-04-23 15:00:24.711,11025,11026,11026,1,1
2019-04-23 15:00:25.549,11025,11026,11026,1,1
2019-04-23 15:00:25.580,11025,11026,11025,4,-4
2019-04-23 15:00:26.303,11025,11026,11026,1,1
2019-04-23 15:00:27.185,11025,11026,11026,5,5
2019-04-23 15:00:29.705,11025,11026,11026,1,1
2019-04-23 15:00:30.633,11025,11026,11025,5,-5
2019-04-23 15:00:30.769,11025,11026,11026,1,1
2019-04-23 15:00:32.316,11025,11026,11025,1,-1
2019-04-23 15:00:32.514,11025,11026,11026,3,3
2019-04-23 15:00:33.241,11025,11026,11026,5,5
2019-04-23 15:00:33.770,11025,11026,11026,2,2
2019-04-23 15:00:35.168,11025,11026,11025,2,-2
2019-04-23 15:00:35.929,11025,11026,11025,1,-1
2019-04-23 15:00:39.321,11025,11026,11025,1,-1
2019-04-23 15:00:39.454,11025,11026,11026,5,5
2019-04-23 15:00:39.797,11025,11026,11026,1,1
2019-04-23 15:00:40.828,11025,11026,11025,1,-1
2019-04-23 15:00:41.693,11025,11026,11026,1,1
2019-04-23 15:00:42.895,11025,11026,11025,1,-1
2019-04-23 15:00:43.201,11025,11026,11025,1,-1
2019-04-23 15:00:45.542,11025,11026,11026,5,5
2019-04-23 15:00:46.140,11025,11026,11025,1,-1
2019-04-23 15:00:47.020,11025,11026,11026,14,14
2019-04-23 15:00:50.207,11026,11027,11027,1,1
2019-04-23 15:00:51.482,11026,11027,11027,1,1
2019-04-23 15:00:53.110,11026,11027,11027,1,1
2019-04-23 15:00:53.265,11026,11027,11027,5,5
2019-04-23 15:00:53.679,11026,11027,11027,2,2
2019-04-23 15:00:57.514,11026,11027,11026,1,-1
2019-04-23 15:00:58.440,11026,11027,11026,2,-2
2019-04-23 15:00:58.963,11026,11027,11026,1,-1
2019-04-23 15:00:59.105,11026,11027,11027,2,2
2019-04-23 15:00:59.457,11026,11027,11027,4,4
2019-04-23 15:01:00.084,11026,11027,11027,1,1
2019-04-23 15:01:00.107,11026,11027,11027,1,1
2019-04-23 15:01:00.111,11026,11027,11026,1,-1
2019-04-23 15:01:00.140,11026,11027,11027,2,2
2019-04-23 15:01:00.202,11026,11027,11027,8,8
2019-04-23 15:01:00.414,11026,11027,11026,1,-1
2019-04-23 15:01:00.506,11026,11027,11027,5,5
2019-04-23 15:01:00.511,11026,11027,11026,1,-1
2019-04-23 15:01:00.596,11026,11027,11026,4,-4
2019-04-23 15:01:00.815,11026,11027,11026,2,-2
2019-04-23 15:01:01.136,11026,11027,11026,2,-2
2019-04-23 15:01:01.728,11026,11027,11027,3,3
2019-04-23 15:01:01.759,11026,11027,11027,2,2
2019-04-23 15:01:01.760,11026,11027,11027,2,2
2019-04-23 15:01:01.768,11026,11027,11027,2,2
2019-04-23 15:01:01.778,11026,11027,11026,2,-2
2019-04-23 15:01:01.807,11026,11027,11026,1,-1
2019-04-23 15:01:02.603,11026,11027,11027,1,1
2019-04-23 15:01:02.993,11026,11027,11027,6,6
2019-04-23 15:01:06.949,11026,11027,11027,5,5
2019-04-23 15:01:07.960,11026,11027,11026,1,-1
2019-04-23 15:01:08.169,11026,11027,11026,1,-1
2019-04-23 15:01:09.292,11026,11027,11027,4,4
2019-04-23 15:01:09.315,11026,11027,11027,2,2
2019-04-23 15:01:10.762,11026,11027,11026,1,-1
2019-04-23 15:01:11.178,11026,11027,11026,1,-1
2019-04-23 15:01:11.365,11026,11027,11027,2,2
2019-04-23 15:01:12.337,11026,11027,11026,1,-1
2019-04-23 15:01:13.938,11026,11027,11027,5,5
2019-04-23 15:01:14.349,11026,11027,11027,2,2
2019-04-23 15:01:14.591,11026,11027,11026,1,-1
2019-04-23 15:01:14.653,11026,11027,11026,5,-5
2019-04-23 15:01:14.909,11026,11027,11026,1,-1
2019-04-23 15:01:14.913,11026,11027,11026,1,-1
2019-04-23 15:01:15.145,11026,11027,11026,1,-1
2019-04-23 15:01:15.220,11025,11027,11026,1,-1
2019-04-23 15:01:15.528,11025,11026,11025,5,-5
2019-04-23 15:01:15.528,11025,11026,11025,3,-3
2019-04-23 15:01:15.529,11025,11026,11025,23,-23
2019-04-23 15:01:15.529,11025,11026,11025,13,-13
2019-04-23 15:01:15.529,11025,11026,11025,1,-1
2019-04-23 15:01:15.554,11025,11026,11025,3,-3
2019-04-23 15:01:15.556,11025,11026,11025,4,-4
2019-04-23 15:01:15.556,11025,11026,11025,12,-12
2019-04-23 15:01:15.576,11025,11026,11024,6,-6
2019-04-23 15:01:15.749,11024,11025,11025,2,2
2019-04-23 15:01:15.771,11024,11025,11025,3,3
2019-04-23 15:01:15.855,11024,11025,11025,1,1
2019-04-23 15:01:16.842,11024,11025,11024,5,-5
2019-04-23 15:01:18.377,11024,11025,11025,1,1
2019-04-23 15:01:18.548,11024,11025,11024,1,-1
2019-04-23 15:01:20.012,11024,11025,11024,1,-1
2019-04-23 15:01:22.043,11024,11025,11024,1,-1
2019-04-23 15:01:22.156,11024,11025,11025,5,5
2019-04-23 15:01:22.570,11024,11025,11025,2,2
2019-04-23 15:01:25.893,11024,11025,11025,2,2
2019-04-23 15:01:25.894,11024,11025,11025,1,1
2019-04-23 15:01:25.894,11024,11025,11025,1,1
2019-04-23 15:01:25.894,11024,11025,11025,1,1
2019-04-23 15:01:25.894,11024,11025,11025,1,1
2019-04-23 15:01:25.931,11024,11025,11025,1,1
2019-04-23 15:01:26.038,11024,11025,11024,1,-1
2019-04-23 15:01:26.114,11024,11025,11024,1,-1
2019-04-23 15:01:26.132,11024,11025,11024,1,-1
2019-04-23 15:01:26.146,11024,11025,11024,1,-1
2019-04-23 15:01:27.031,11024,11025,11025,1,1
2019-04-23 15:01:27.547,11024,11025,11025,1,1
2019-04-23 15:01:27.592,11024,11025,11025,1,1
2019-04-23 15:01:28.881,11024,11025,11025,2,2
2019-04-23 15:01:28.881,11024,11025,11026,3,3
2019-04-23 15:01:30.139,11025,11026,11025,2,-2
2019-04-23 15:01:35.136,11025,11026,11026,5,5
2019-04-23 15:01:35.431,11025,11026,11026,1,1
2019-04-23 15:01:35.556,11025,11026,11026,3,3
2019-04-23 15:01:35.681,11025,11026,11026,1,1
2019-04-23 15:01:35.681,11025,11026,11026,1,1
2019-04-23 15:01:35.725,11025,11026,11026,2,2
2019-04-23 15:01:35.725,11025,11026,11026,1,1
2019-04-23 15:01:35.746,11025,11026,11026,1,1
2019-04-23 15:01:35.751,11025,11026,11026,2,2
2019-04-23 15:01:35.751,11025,11026,11026,1,1
2019-04-23 15:01:35.962,11025,11026,11026,1,1
2019-04-23 15:01:37.629,11026,11027,11026,2,-2
2019-04-23 15:01:38.233,11026,11027,11026,1,-1
2019-04-23 15:01:40.742,11026,11027,11027,1,1
2019-04-23 15:01:42.637,11026,11027,11027,5,5
2019-04-23 15:01:42.936,11026,11027,11027,2,2
2019-04-23 15:01:43.248,11026,11027,11026,1,-1
2019-04-23 15:01:45.663,11026,11027,11027,5,5
2019-04-23 15:01:47.525,11026,11027,11026,1,-1
2019-04-23 15:01:48.820,11026,11027,11027,5,5
2019-04-23 15:01:49.458,11026,11027,11027,5,5
2019-04-23 15:01:53.439,11026,11027,11026,2,-2
2019-04-23 15:01:54.515,11026,11027,11027,5,5
2019-04-23 15:01:57.797,11026,11027,11027,2,2
2019-04-23 15:01:57.816,11026,11027,11027,1,1
2019-04-23 15:01:57.816,11026,11027,11027,2,2
2019-04-23 15:01:57.816,11026,11027,11027,1,1
2019-04-23 15:01:57.816,11026,11027,11027,5,5
2019-04-23 15:01:58.056,11026,11027,11027,1,1
2019-04-23 15:01:58.306,11027,11028,11027,8,-8
2019-04-23 15:01:58.365,11027,11028,11027,1,-1
2019-04-23 15:01:58.431,11027,11028,11027,4,-4
2019-04-23 15:01:59.100,11026,11028,11028,1,1
2019-04-23 15:01:59.372,11026,11028,11028,2,2
2019-04-23 15:01:59.931,11027,11028,11027,5,-5
2019-04-23 15:01:59.976,11027,11028,11027,2,-2
2019-04-23 15:01:59.976,11027,11028,11026,13,-13
2019-04-23 15:02:00.073,11026,11027,11027,1,1
2019-04-23 15:02:00.105,11026,11027,11027,1,1
2019-04-23 15:02:00.132,11026,11027,11028,1,1
2019-04-23 15:02:00.409,11026,11027,11027,1,1
2019-04-23 15:02:01.446,11026,11027,11026,2,-2
2019-04-23 15:02:01.862,11026,11027,11026,2,-2
2019-04-23 15:02:01.931,11025,11026,11026,1,1
2019-04-23 15:02:01.948,11025,11026,11025,1,-1
2019-04-23 15:02:02.515,11025,11027,11025,6,-6
2019-04-23 15:02:02.668,11025,11027,11027,1,1
2019-04-23 15:02:12.341,11025,11026,11026,1,1
2019-04-23 15:02:17.959,11025,11026,11025,1,-1
2019-04-23 15:02:19.345,11025,11026,11025,1,-1
2019-04-23 15:02:20.462,11025,11026,11025,1,-1
2019-04-23 15:02:21.015,11025,11026,11025,16,-16
2019-04-23 15:02:21.807,11025,11026,11025,1,-1
2019-04-23 15:02:21.860,11025,11026,11025,1,-1
2019-04-23 15:02:22.357,11025,11026,11025,2,-2
2019-04-23 15:02:22.459,11024,11025,11025,3,3
2019-04-23 15:02:22.985,11025,11026,11025,1,-1
2019-04-23 15:02:24.958,11025,11026,11026,2,2
2019-04-23 15:02:26.103,11025,11026,11025,1,-1
2019-04-23 15:02:31.313,11025,11026,11026,1,1
2019-04-23 15:02:31.481,11025,11026,11025,1,-1
2019-04-23 15:02:34.102,11025,11026,11025,1,-1
2019-04-23 15:02:37.184,11025,11026,11026,2,2
2019-04-23 15:02:37.184,11025,11026,11026,1,1
2019-04-23 15:02:37.185,11025,11026,11026,2,2
2019-04-23 15:02:38.064,11025,11026,11025,5,-5
2019-04-23 15:02:39.030,11025,11026,11025,1,-1
2019-04-23 15:02:40.126,11025,11026,11025,5,-5
2019-04-23 15:02:40.890,11025,11026,11026,2,2
2019-04-23 15:02:40.894,11025,11026,11026,2,2
2019-04-23 15:02:40.947,11025,11026,11026,2,2
2019-04-23 15:02:41.005,11025,11026,11025,1,-1
2019-04-23 15:02:42.001,11025,11026,11025,5,-5
2019-04-23 15:02:43.504,11025,11026,11025,2,-2
2019-04-23 15:02:43.543,11025,11026,11026,1,1
2019-04-23 15:02:44.598,11024,11025,11024,5,-5
2019-04-23 15:02:50.627,11024,11025,11024,5,-5
2019-04-23 15:02:51.486,11024,11025,11024,17,-17
2019-04-23 15:02:51.525,11024,11025,11025,1,1
2019-04-23 15:02:54.239,11024,11025,11024,2,-2
2019-04-23 15:02:55.871,11024,11025,11024,1,-1
2019-04-23 15:02:56.746,11024,11025,11024,1,-1
2019-04-23 15:02:57.347,11024,11025,11024,1,-1
2019-04-23 15:02:57.443,11024,11025,11024,1,-1
2019-04-23 15:02:57.607,11024,11025,11024,5,-5
2019-04-23 15:02:57.806,11024,11025,11024,1,-1
2019-04-23 15:02:58.035,11024,11025,11024,2,-2
2019-04-23 15:02:58.234,11023,11024,11024,1,1
2019-04-23 15:03:02.298,11023,11024,11023,1,-1
2019-04-23 15:03:03.174,11023,11024,11023,1,-1
2019-04-23 15:03:03.584,11023,11024,11023,2,-2
2019-04-23 15:03:09.644,11023,11024,11023,1,-1
2019-04-23 15:03:10.948,11023,11024,11023,1,-1
2019-04-23 15:03:11.421,11023,11024,11023,1,-1
2019-04-23 15:03:13.315,11023,11024,11024,2,2
2019-04-23 15:03:13.561,11023,11024,11023,1,-1
2019-04-23 15:03:14.687,11023,11024,11023,1,-1
2019-04-23 15:03:15.600,11023,11024,11023,1,-1
2019-04-23 15:03:15.681,11023,11024,11023,1,-1
2019-04-23 15:03:15.681,11023,11024,11023,1,-1
2019-04-23 15:03:15.806,11023,11024,11023,1,-1
2019-04-23 15:03:15.806,11023,11024,11023,1,-1
2019-04-23 15:03:15.806,11023,11024,11023,1,-1
2019-04-23 15:03:15.837,11023,11024,11023,11,-11
2019-04-23 15:03:18.701,11022,11023,11022,2,-2
2019-04-23 15:03:19.145,11022,11023,11022,1,-1
2019-04-23 15:03:19.181,11022,11023,11022,2,-2
2019-04-23 15:03:19.214,11022,11023,11022,1,-1
2019-04-23 15:03:19.214,11022,11023,11022,1,-1
2019-04-23 15:03:19.214,11022,11023,11022,1,-1
2019-04-23 15:03:25.201,11021,11022,11022,1,1
2019-04-23 15:03:25.663,11021,11022,11022,2,2
2019-04-23 15:03:25.887,11021,11022,11021,1,-1
2019-04-23 15:03:28.651,11021,11022,11022,1,1
2019-04-23 15:03:29.197,11021,11022,11021,1,-1
2019-04-23 15:03:29.571,11021,11022,11021,1,-1
2019-04-23 15:03:30.085,11021,11022,11021,1,-1
2019-04-23 15:03:30.780,11021,11022,11021,2,-2
2019-04-23 15:03:31.018,11021,11022,11021,2,-2
2019-04-23 15:03:31.255,11021,11022,11021,1,-1
2019-04-23 15:03:35.359,11020,11021,11020,3,-3
2019-04-23 15:03:36.769,11020,11021,11021,11,11
2019-04-23 15:03:36.830,11021,11022,11021,1,-1
2019-04-23 15:03:37.010,11021,11022,11021,1,-1
2019-04-23 15:03:37.016,11021,11022,11021,2,-2
2019-04-23 15:03:37.974,11021,11022,11021,1,-1
2019-04-23 15:03:40.314,11020,11021,11020,1,-1
2019-04-23 15:03:40.385,11020,11021,11020,1,-1
2019-04-23 15:03:41.474,11020,11021,11021,2,2
2019-04-23 15:03:43.810,11020,11021,11021,1,1
2019-04-23 15:03:47.153,11020,11021,11020,1,-1
2019-04-23 15:03:47.258,11020,11021,11021,1,1
2019-04-23 15:03:48.330,11020,11021,11020,3,-3
2019-04-23 15:03:49.146,11020,11021,11021,1,1
2019-04-23 15:03:50.124,11020,11021,11021,1,1
2019-04-23 15:03:51.363,11020,11021,11020,1,-1
2019-04-23 15:03:51.574,11020,11021,11021,1,1
2019-04-23 15:03:53.733,11020,11021,11020,4,-4
2019-04-23 15:03:54.072,11020,11021,11021,1,1
2019-04-23 15:03:54.418,11020,11021,11021,1,1
2019-04-23 15:03:54.752,11020,11021,11020,2,-2
2019-04-23 15:03:55.438,11020,11021,11021,1,1
2019-04-23 15:03:56.568,11020,11021,11021,1,1
2019-04-23 15:03:56.681,11020,11021,11021,3,3
2019-04-23 15:03:56.949,11020,11021,11020,1,-1
2019-04-23 15:03:59.657,11020,11021,11021,1,1
2019-04-23 15:04:01.889,11020,11021,11020,1,-1
2019-04-23 15:04:03.809,11020,11021,11020,2,-2
2019-04-23 15:04:04.542,11020,11021,11021,1,1
2019-04-23 15:04:06.362,11020,11021,11020,1,-1
2019-04-23 15:04:08.536,11020,11021,11020,4,-4
2019-04-23 15:04:09.528,11020,11021,11020,1,-1
2019-04-23 15:04:09.721,11020,11021,11020,1,-1
2019-04-23 15:04:09.820,11020,11021,11020,2,-2
2019-04-23 15:04:14.825,11020,11021,11020,1,-1
2019-04-23 15:04:16.124,11020,11021,11021,1,1
2019-04-23 15:04:18.181,11020,11021,11021,5,5
2019-04-23 15:04:18.229,11020,11021,11020,1,-1
2019-04-23 15:04:19.154,11020,11021,11020,1,-1
2019-04-23 15:04:21.882,11020,11021,11020,1,-1
2019-04-23 15:04:23.028,11020,11021,11021,1,1
2019-04-23 15:04:23.029,11020,11021,11021,1,1
2019-04-23 15:04:25.389,11020,11021,11021,1,1
2019-04-23 15:04:26.567,11020,11021,11021,5,5
2019-04-23 15:04:27.446,11020,11021,11021,1,1
2019-04-23 15:04:29.397,11020,11021,11021,1,1
2019-04-23 15:04:30.289,11020,11021,11021,1,1
2019-04-23 15:04:31.799,11020,11021,11021,2,2
2019-04-23 15:04:31.986,11020,11021,11021,4,4
2019-04-23 15:04:32.009,11020,11021,11021,1,1
2019-04-23 15:04:32.225,11021,11022,11021,1,-1
2019-04-23 15:04:32.399,11020,11021,11021,1,1
2019-04-23 15:04:32.818,11021,11022,11021,1,-1
2019-04-23 15:04:35.584,11021,11022,11021,2,-2
2019-04-23 15:04:40.973,11021,11022,11021,1,-1
2019-04-23 15:04:42.554,11021,11022,11021,1,-1
2019-04-23 15:04:43.507,11021,11022,11021,3,-3
2019-04-23 15:04:45.041,11021,11022,11021,2,-2
2019-04-23 15:04:48.554,11021,11022,11021,1,-1
2019-04-23 15:04:49.420,11021,11022,11021,1,-1
2019-04-23 15:04:49.663,11020,11021,11021,1,1
2019-04-23 15:04:50.318,11020,11021,11021,1,1
2019-04-23 15:04:51.050,11020,11021,11021,1,1
2019-04-23 15:04:54.044,11021,11022,11021,2,-2
2019-04-23 15:04:57.518,11021,11022,11021,1,-1
2019-04-23 15:05:02.986,11021,11022,11022,2,2
2019-04-23 15:05:05.232,11021,11022,11021,1,-1
2019-04-23 15:05:11.662,11021,11022,11021,1,-1
2019-04-23 15:05:21.928,11021,11022,11022,1,1
2019-04-23 15:05:24.911,11021,11022,11021,1,-1
2019-04-23 15:05:42.846,11021,11022,11021,2,-2
2019-04-23 15:05:48.196,11021,11022,11021,1,-1
2019-04-23 15:05:53.307,11021,11022,11021,1,-1
2019-04-23 15:05:53.369,11021,11022,11021,2,-2
2019-04-23 15:06:08.372,11021,11022,11021,1,-1
2019-04-23 15:06:17.344,11021,11022,11021,2,-2
2019-04-23 15:06:24.082,11021,11022,11021,1,-1
2019-04-23 15:06:26.546,11021,11022,11021,1,-1
2019-04-23 15:06:29.004,11021,11022,11021,2,-2
2019-04-23 15:06:30.314,11021,11022,11021,1,-1
2019-04-23 15:06:34.691,11021,11022,11021,1,-1
2019-04-23 15:06:35.243,11021,11022,11021,1,-1
2019-04-23 15:06:35.788,11021,11022,11021,1,-1
2019-04-23 15:06:37.979,11021,11022,11021,2,-2
2019-04-23 15:06:38.600,11021,11022,11021,1,-1
2019-04-23 15:06:39.347,11021,11022,11021,1,-1
2019-04-23 15:06:42.446,11021,11022,11022,1,1
2019-04-23 15:06:42.763,11021,11022,11021,1,-1
2019-04-23 15:06:42.999,11021,11022,11021,2,-2
2019-04-23 15:06:45.565,11021,11022,11021,1,-1
2019-04-23 15:06:46.086,11021,11022,11021,2,-2
2019-04-23 15:06:46.324,11021,11022,11021,1,-1
2019-04-23 15:06:46.412,11021,11022,11021,1,-1
2019-04-23 15:06:46.777,11021,11022,11021,5,-5
2019-04-23 15:06:47.245,11021,11022,11021,1,-1
2019-04-23 15:06:48.120,11021,11022,11021,2,-2
2019-04-23 15:06:48.358,11021,11022,11021,2,-2
2019-04-23 15:06:48.482,11021,11022,11021,2,-2
2019-04-23 15:06:50.822,11020,11021,11021,5,5
2019-04-23 15:06:52.343,11020,11021,11021,1,1
2019-04-23 15:06:54.313,11020,11021,11020,1,-1
2019-04-23 15:07:01.077,11020,11021,11020,3,-3
2019-04-23 15:07:01.338,11020,11021,11020,1,-1
2019-04-23 15:07:06.864,11020,11021,11020,2,-2
2019-04-23 15:07:08.266,11020,11021,11020,1,-1
2019-04-23 15:07:10.985,11020,11021,11020,1,-1
2019-04-23 15:07:11.075,11020,11021,11020,4,-4
2019-04-23 15:07:21.158,11020,11021,11020,1,-1
2019-04-23 15:07:21.376,11020,11021,11021,1,1
2019-04-23 15:07:21.530,11020,11021,11020,1,-1
2019-04-23 15:07:21.548,11020,11021,11021,10,10
2019-04-23 15:07:28.206,11020,11021,11020,2,-2
2019-04-23 15:07:33.446,11020,11021,11021,1,1
2019-04-23 15:07:33.667,11020,11021,11021,2,2
2019-04-23 15:08:06.536,11020,11021,11021,10,10
2019-04-23 15:08:09.651,11020,11021,11021,1,1
2019-04-23 15:08:15.806,11020,11021,11020,7,-7
2019-04-23 15:08:15.931,11020,11021,11020,14,-14
2019-04-23 15:08:16.056,11020,11021,11020,8,-8
2019-04-23 15:08:16.056,11020,11021,11020,19,-19
2019-04-23 15:08:16.056,11020,11021,11020,1,-1
2019-04-23 15:08:18.932,11019,11020,11020,1,1
2019-04-23 15:08:21.517,11019,11020,11019,2,-2
2019-04-23 15:08:23.718,11019,11020,11020,2,2
2019-04-23 15:08:24.493,11019,11020,11020,1,1
2019-04-23 15:08:25.044,11019,11020,11019,1,-1
2019-04-23 15:08:30.021,11019,11020,11019,5,-5
2019-04-23 15:08:30.275,11019,11020,11019,1,-1
2019-04-23 15:08:30.448,11019,11020,11019,1,-1
2019-04-23 15:08:31.160,11019,11020,11019,1,-1
2019-04-23 15:08:31.423,11019,11020,11019,1,-1
2019-04-23 15:08:31.601,11019,11020,11019,1,-1
2019-04-23 15:08:31.683,11019,11020,11019,7,-7
2019-04-23 15:08:34.158,11018,11019,11018,1,-1
2019-04-23 15:08:35.117,11018,11019,11019,1,1
2019-04-23 15:08:36.836,11018,11019,11018,1,-1
2019-04-23 15:08:38.335,11018,11019,11019,1,1
2019-04-23 15:08:40.036,11018,11019,11018,1,-1
2019-04-23 15:08:40.593,11018,11019,11018,1,-1
2019-04-23 15:08:41.327,11018,11019,11018,1,-1
2019-04-23 15:08:42.567,11018,11019,11019,1,1
2019-04-23 15:08:43.084,11018,11019,11018,3,-3
2019-04-23 15:08:43.138,11018,11019,11019,5,5
2019-04-23 15:08:44.359,11018,11019,11018,10,-10
2019-04-23 15:08:44.794,11018,11019,11018,1,-1
2019-04-23 15:08:46.153,11018,11019,11018,30,-30
2019-04-23 15:08:46.510,11018,11019,11018,1,-1
2019-04-23 15:08:46.510,11018,11019,11018,1,-1
2019-04-23 15:08:46.510,11018,11019,11018,2,-2
2019-04-23 15:08:46.936,11017,11018,11018,5,5
2019-04-23 15:08:46.940,11017,11018,11018,2,2
2019-04-23 15:08:51.088,11017,11018,11018,5,5
2019-04-23 15:08:52.773,11017,11018,11018,4,4
2019-04-23 15:08:53.395,11017,11018,11017,3,-3
2019-04-23 15:08:53.748,11017,11018,11017,1,-1
2019-04-23 15:08:55.364,11017,11018,11017,2,-2
2019-04-23 15:08:59.395,11017,11018,11017,1,-1
2019-04-23 15:09:05.283,11017,11018,11017,4,-4
2019-04-23 15:09:05.327,11017,11018,11017,1,-1
2019-04-23 15:09:08.596,11017,11018,11017,10,-10
2019-04-23 15:09:09.894,11017,11018,11018,1,1
2019-04-23 15:09:10.661,11017,11018,11017,1,-1
2019-04-23 15:09:10.708,11017,11018,11017,1,-1
2019-04-23 15:09:10.865,11017,11018,11017,1,-1
2019-04-23 15:09:11.427,11017,11018,11017,2,-2
2019-04-23 15:09:11.664,11017,11018,11017,1,-1
2019-04-23 15:09:12.434,11017,11018,11017,1,-1
2019-04-23 15:09:12.503,11017,11018,11017,1,-1
2019-04-23 15:09:12.677,11017,11018,11017,1,-1
2019-04-23 15:09:17.469,11017,11018,11017,1,-1
2019-04-23 15:09:18.380,11017,11018,11017,10,-10
2019-04-23 15:09:18.530,11017,11018,11017,3,-3
2019-04-23 15:09:19.805,11017,11018,11017,1,-1
2019-04-23 15:09:20.264,11017,11018,11017,1,-1
2019-04-23 15:09:20.402,11017,11018,11017,1,-1
2019-04-23 15:09:20.505,11017,11018,11017,1,-1
2019-04-23 15:09:21.362,11017,11018,11017,2,-2
2019-04-23 15:09:22.849,11016,11017,11017,1,1
2019-04-23 15:09:26.327,11016,11017,11017,1,1
2019-04-23 15:09:28.619,11016,11017,11017,5,5
2019-04-23 15:09:30.291,11016,11017,11017,1,1
2019-04-23 15:09:31.059,11016,11017,11016,1,-1
2019-04-23 15:09:31.354,11016,11017,11016,1,-1
2019-04-23 15:09:34.257,11016,11017,11017,1,1
2019-04-23 15:09:34.362,11016,11017,11017,1,1
2019-04-23 15:09:34.818,11016,11017,11016,1,-1
2019-04-23 15:09:42.277,11016,11017,11016,1,-1
2019-04-23 15:09:42.298,11016,11017,11016,2,-2
2019-04-23 15:09:42.543,11016,11017,11016,2,-2
2019-04-23 15:09:43.717,11016,11017,11016,5,-5
2019-04-23 15:09:44.249,11016,11017,11016,1,-1
2019-04-23 15:09:45.880,11016,11017,11016,6,-6
2019-04-23 15:09:45.977,11016,11017,11016,3,-3
2019-04-23 15:09:46.155,11016,11017,11016,1,-1
2019-04-23 15:09:47.178,11015,11017,11015,3,-3
2019-04-23 15:09:50.384,11015,11016,11015,5,-5
2019-04-23 15:09:51.010,11015,11016,11015,10,-10
2019-04-23 15:09:53.357,11015,11016,11015,9,-9
2019-04-23 15:09:53.431,11014,11015,11015,10,10
2019-04-23 15:09:55.361,11015,11016,11015,1,-1
2019-04-23 15:09:57.307,11015,11016,11016,1,1
2019-04-23 15:09:58.314,11015,11016,11015,2,-2
2019-04-23 15:09:58.999,11015,11016,11016,1,1
2019-04-23 15:09:59.115,11015,11016,11015,1,-1
2019-04-23 15:10:00.883,11015,11016,11015,1,-1
2019-04-23 15:10:01.776,11014,11015,11014,1,-1
2019-04-23 15:10:04.369,11014,11015,11014,1,-1
2019-04-23 15:10:04.595,11014,11015,11015,1,1
2019-04-23 15:10:05.397,11014,11015,11014,2,-2
2019-04-23 15:10:06.713,11014,11015,11014,10,-10
2019-04-23 15:10:07.088,11014,11015,11014,3,-3
2019-04-23 15:10:07.088,11014,11015,11013,1,-1
2019-04-23 15:10:07.499,11013,11015,11013,1,-1
2019-04-23 15:10:07.545,11013,11015,11015,2,2
2019-04-23 15:10:07.897,11013,11015,11015,1,1
2019-04-23 15:10:08.374,11014,11015,11014,1,-1
2019-04-23 15:10:08.375,11014,11015,11014,9,-9
2019-04-23 15:10:08.526,11014,11015,11015,1,1
2019-04-23 15:10:08.722,11014,11015,11014,1,-1
2019-04-23 15:10:08.749,11014,11015,11014,2,-2
2019-04-23 15:10:09.266,11014,11015,11014,1,-1
2019-04-23 15:10:10.680,11014,11015,11014,3,-3
2019-04-23 15:10:10.847,11014,11015,11014,1,-1
2019-04-23 15:10:11.673,11014,11015,11014,2,-2
2019-04-23 15:10:11.963,11013,11014,11014,2,2
2019-04-23 15:10:12.225,11013,11015,11014,1,-1
2019-04-23 15:10:12.225,11013,11015,11014,1,-1
2019-04-23 15:10:12.225,11013,11015,11015,1,1
2019-04-23 15:10:12.225,11013,11015,11015,1,1
2019-04-23 15:10:12.225,11013,11015,11015,1,1
2019-04-23 15:10:16.738,11013,11015,11015,1,1
2019-04-23 15:10:17.433,11013,11014,11014,1,1
2019-04-23 15:10:17.829,11013,11015,11013,2,-2
2019-04-23 15:10:20.595,11014,11015,11015,39,39
2019-04-23 15:10:20.835,11015,11016,11015,2,-2
2019-04-23 15:10:22.417,11015,11016,11016,1,1
2019-04-23 15:10:26.449,11015,11016,11016,1,1
2019-04-23 15:10:26.556,11015,11016,11016,14,14
2019-04-23 15:10:27.717,11016,11017,11017,4,4
2019-04-23 15:10:27.717,11016,11017,11017,1,1
2019-04-23 15:10:29.140,11016,11017,11017,1,1
2019-04-23 15:10:30.501,11016,11017,11016,10,-10
2019-04-23 15:10:32.484,11016,11017,11016,1,-1
2019-04-23 15:10:33.362,11016,11017,11017,1,1
2019-04-23 15:10:35.627,11016,11017,11017,1,1
2019-04-23 15:10:39.293,11016,11017,11016,5,-5
2019-04-23 15:10:51.653,11016,11017,11017,1,1
2019-04-23 15:10:53.988,11016,11017,11016,1,-1
2019-04-23 15:10:54.056,11016,11017,11016,1,-1
2019-04-23 15:10:57.712,11016,11017,11016,1,-1
2019-04-23 15:10:59.113,11016,11017,11016,1,-1
2019-04-23 15:11:00.457,11016,11017,11016,2,-2
2019-04-23 15:11:04.943,11016,11017,11016,2,-2
2019-04-23 15:11:05.183,11016,11017,11016,2,-2
2019-04-23 15:11:10.890,11015,11016,11016,1,1
2019-04-23 15:11:14.874,11015,11016,11015,1,-1
2019-04-23 15:11:15.746,11015,11016,11015,1,-1
2019-04-23 15:11:15.806,11015,11016,11015,1,-1
2019-04-23 15:11:15.931,11015,11016,11015,3,-3
2019-04-23 15:11:19.028,11014,11015,11015,1,1
2019-04-23 15:11:22.813,11014,11015,11015,1,1
2019-04-23 15:11:23.368,11014,11015,11014,1,-1
2019-04-23 15:11:27.874,11014,11015,11014,2,-2
2019-04-23 15:11:28.936,11014,11015,11014,2,-2
2019-04-23 15:11:29.040,11014,11015,11015,1,1
2019-04-23 15:11:34.484,11014,11015,11015,2,2
2019-04-23 15:11:41.056,11014,11015,11014,2,-2
2019-04-23 15:11:41.464,11014,11015,11014,1,-1
2019-04-23 15:11:49.107,11014,11015,11014,2,-2
2019-04-23 15:11:51.975,11014,11015,11014,1,-1
2019-04-23 15:11:55.765,11014,11015,11015,2,2
2019-04-23 15:11:55.903,11014,11015,11014,10,-10
2019-04-23 15:11:56.148,11014,11015,11014,1,-1
2019-04-23 15:11:56.149,11014,11015,11014,1,-1
2019-04-23 15:11:56.149,11014,11015,11014,1,-1
2019-04-23 15:11:56.150,11014,11015,11014,1,-1
2019-04-23 15:11:57.191,11014,11015,11014,1,-1
2019-04-23 15:11:59.192,11014,11015,11015,1,1
2019-04-23 15:12:02.822,11014,11015,11014,1,-1
2019-04-23 15:12:04.273,11014,11015,11014,3,-3
2019-04-23 15:12:07.536,11014,11015,11015,1,1
2019-04-23 15:12:08.976,11014,11015,11015,2,2
2019-04-23 15:12:12.249,11014,11015,11014,3,-3
2019-04-23 15:12:13.316,11014,11015,11014,1,-1
2019-04-23 15:12:22.683,11014,11015,11014,1,-1
2019-04-23 15:12:25.202,11014,11015,11014,10,-10
2019-04-23 15:12:26.804,11014,11015,11014,1,-1
2019-04-23 15:12:27.754,11014,11015,11014,10,-10
2019-04-23 15:12:27.806,11014,11015,11014,6,-6
2019-04-23 15:12:27.806,11014,11015,11014,1,-1
2019-04-23 15:12:29.803,11014,11015,11014,1,-1
2019-04-23 15:12:31.495,11013,11014,11014,2,2
2019-04-23 15:12:32.708,11013,11014,11013,1,-1
2019-04-23 15:12:34.632,11013,11014,11014,1,1
2019-04-23 15:12:36.981,11013,11014,11013,1,-1
2019-04-23 15:12:45.562,11013,11014,11014,1,1
2019-04-23 15:12:46.643,11013,11014,11013,3,-3
2019-04-23 15:12:48.665,11013,11014,11013,3,-3
2019-04-23 15:12:49.189,11013,11014,11014,1,1
2019-04-23 15:12:49.725,11013,11014,11014,2,2
2019-04-23 15:12:49.986,11013,11014,11013,1,-1
2019-04-23 15:12:50.230,11013,11014,11014,1,1
2019-04-23 15:12:51.848,11013,11014,11013,2,-2
2019-04-23 15:13:00.080,11013,11014,11014,1,1
2019-04-23 15:13:02.575,11013,11014,11013,2,-2
2019-04-23 15:13:02.924,11013,11014,11013,6,-6
2019-04-23 15:13:03.183,11013,11014,11013,3,-3
2019-04-23 15:13:04.741,11013,11014,11013,2,-2
2019-04-23 15:13:08.797,11013,11014,11013,1,-1
2019-04-23 15:13:12.933,11013,11014,11013,31,-31
2019-04-23 15:13:14.387,11012,11013,11013,1,1
2019-04-23 15:13:17.517,11012,11013,11013,4,4
2019-04-23 15:13:19.568,11012,11013,11013,1,1
2019-04-23 15:13:20.720,11012,11013,11013,1,1
2019-04-23 15:13:21.410,11012,11013,11013,1,1
2019-04-23 15:13:24.472,11012,11013,11013,1,1
2019-04-23 15:13:26.238,11012,11013,11013,1,1
2019-04-23 15:13:29.810,11012,11013,11013,5,5
2019-04-23 15:13:32.627,11012,11013,11013,1,1
2019-04-23 15:13:33.781,11012,11013,11013,1,1
2019-04-23 15:13:34.438,11012,11013,11013,3,3
2019-04-23 15:13:35.362,11012,11013,11012,1,-1
2019-04-23 15:13:35.459,11012,11013,11012,1,-1
2019-04-23 15:13:35.526,11012,11013,11013,1,1
2019-04-23 15:13:40.003,11012,11013,11012,6,-6
2019-04-23 15:13:41.122,11012,11013,11013,2,2
2019-04-23 15:13:43.799,11012,11013,11012,2,-2
2019-04-23 15:13:43.804,11012,11013,11012,2,-2
2019-04-23 15:13:43.818,11012,11013,11012,2,-2
2019-04-23 15:13:43.832,11012,11013,11012,2,-2
2019-04-23 15:13:44.700,11012,11013,11012,20,-20
2019-04-23 15:13:45.269,11012,11013,11012,1,-1
2019-04-23 15:13:45.269,11012,11013,11012,1,-1
2019-04-23 15:13:45.269,11012,11013,11012,1,-1
2019-04-23 15:13:45.270,11012,11013,11012,1,-1
2019-04-23 15:13:45.270,11012,11013,11012,1,-1
2019-04-23 15:13:46.070,11011,11012,11012,1,1
2019-04-23 15:13:46.286,11011,11012,11011,5,-5
2019-04-23 15:13:46.726,11011,11012,11011,5,-5
2019-04-23 15:13:46.943,11011,11012,11012,1,1
2019-04-23 15:13:47.028,11011,11012,11011,5,-5
2019-04-23 15:13:47.327,11011,11012,11011,5,-5
2019-04-23 15:13:47.607,11011,11012,11011,5,-5
2019-04-23 15:13:48.031,11011,11012,11011,1,-1
2019-04-23 15:13:49.861,11011,11012,11011,1,-1
2019-04-23 15:13:49.905,11011,11012,11012,1,1
2019-04-23 15:13:53.976,11011,11012,11011,4,-4
2019-04-23 15:13:54.026,11011,11012,11011,1,-1
2019-04-23 15:13:54.156,11011,11012,11012,1,1
2019-04-23 15:13:54.758,11011,11012,11012,1,1
2019-04-23 15:13:55.074,11011,11012,11011,1,-1
2019-04-23 15:13:57.116,11011,11012,11011,19,-19
2019-04-23 15:13:57.598,11011,11012,11011,5,-5
2019-04-23 15:13:57.786,11011,11012,11011,1,-1
2019-04-23 15:13:57.980,11011,11012,11011,5,-5
2019-04-23 15:13:58.135,11011,11012,11011,2,-2
2019-04-23 15:13:59.194,11011,11012,11011,5,-5
2019-04-23 15:13:59.485,11011,11012,11011,5,-5
2019-04-23 15:13:59.958,11011,11012,11011,1,-1
2019-04-23 15:14:00.430,11011,11012,11011,5,-5
2019-04-23 15:14:00.724,11011,11012,11011,5,-5
2019-04-23 15:14:00.742,11011,11012,11011,1,-1
2019-04-23 15:14:01.640,11011,11012,11011,1,-1
2019-04-23 15:14:01.985,11011,11012,11011,5,-5
2019-04-23 15:14:03.056,11011,11012,11011,4,-4
2019-04-23 15:14:03.417,11011,11012,11011,1,-1
2019-04-23 15:14:03.613,11011,11012,11011,1,-1
2019-04-23 15:14:03.663,11011,11012,11011,1,-1
2019-04-23 15:14:04.356,11011,11012,11011,1,-1
2019-04-23 15:14:05.077,11011,11012,11011,1,-1
2019-04-23 15:14:05.355,11011,11012,11011,3,-3
2019-04-23 15:14:05.482,11010,11012,11010,2,-2
2019-04-23 15:14:06.289,11010,11011,11011,1,1
2019-04-23 15:14:07.135,11010,11012,11010,3,-3
2019-04-23 15:14:07.245,11010,11011,11011,1,1
2019-04-23 15:14:08.602,11011,11012,11011,1,-1
2019-04-23 15:14:08.648,11011,11012,11011,5,-5
2019-04-23 15:14:08.804,11011,11012,11011,3,-3
2019-04-23 15:14:09.369,11011,11012,11011,1,-1
2019-04-23 15:14:13.056,11011,11012,11011,1,-1
2019-04-23 15:14:13.056,11011,11012,11011,1,-1
2019-04-23 15:14:13.230,11011,11012,11011,1,-1
2019-04-23 15:14:14.165,11010,11011,11010,1,-1
2019-04-23 15:14:16.945,11010,11011,11011,1,1
2019-04-23 15:14:16.987,11010,11011,11010,5,-5
2019-04-23 15:14:17.203,11010,11011,11010,1,-1
2019-04-23 15:14:17.363,11010,11011,11010,5,-5
2019-04-23 15:14:17.531,11010,11011,11010,1,-1
2019-04-23 15:14:17.972,11010,11011,11011,1,1
2019-04-23 15:14:18.150,11010,11011,11011,1,1
2019-04-23 15:14:18.279,11010,11011,11011,5,5
2019-04-23 15:14:20.181,11011,11012,11011,1,-1
2019-04-23 15:14:23.108,11011,11012,11011,1,-1
2019-04-23 15:14:23.687,11011,11012,11011,1,-1
2019-04-23 15:14:24.482,11011,11012,11011,2,-2
2019-04-23 15:14:25.916,11011,11012,11011,1,-1
2019-04-23 15:14:28.896,11011,11012,11011,1,-1
2019-04-23 15:14:28.896,11011,11012,11011,1,-1
2019-04-23 15:14:35.076,11010,11011,11010,1,-1
2019-04-23 15:14:39.885,11010,11011,11010,1,-1
2019-04-23 15:14:41.539,11010,11011,11010,1,-1
2019-04-23 15:14:42.630,11010,11011,11011,2,2
2019-04-23 15:14:43.026,11010,11011,11011,1,1
2019-04-23 15:14:47.670,11010,11012,11010,1,-1
2019-04-23 15:14:48.705,11011,11012,11011,1,1
2019-04-23 15:14:50.244,11011,11012,11011,2,-2
2019-04-23 15:14:51.664,11011,11012,11011,1,-1
2019-04-23 15:14:57.306,11011,11012,11012,2,2
2019-04-23 15:14:57.371,11011,11012,11011,4,-4
2019-04-23 15:14:57.431,11011,11012,11012,17,17
2019-04-23 15:14:57.692,11012,11013,11013,1,1
2019-04-23 15:14:58.826,11012,11013,11013,1,1
2019-04-23 15:14:59.896,11012,11013,11012,1,-1
2019-04-23 15:15:00.940,11012,11013,11013,25,25
2019-04-23 15:15:00.940,11012,11013,11014,5,5
2019-04-23 15:15:00.941,11012,11013,11013,1,1
2019-04-23 15:15:01.180,11013,11014,11013,1,-1
2019-04-23 15:15:01.360,11013,11014,11014,1,1
2019-04-23 15:15:01.424,11013,11014,11014,1,1
2019-04-23 15:15:02.147,11013,11014,11013,1,-1
2019-04-23 15:15:06.141,11012,11013,11013,1,1
2019-04-23 15:15:07.294,11012,11013,11012,1,-1
2019-04-23 15:15:09.004,11012,11013,11013,1,1
2019-04-23 15:15:18.147,11012,11013,11013,10,10
2019-04-23 15:15:21.966,11012,11013,11013,1,1
2019-04-23 15:15:22.401,11012,11013,11013,3,3
2019-04-23 15:15:23.991,11012,11013,11013,2,2
2019-04-23 15:15:25.389,11012,11013,11013,2,2
2019-04-23 15:15:27.077,11012,11013,11013,1,1
2019-04-23 15:15:35.555,11012,11013,11012,20,-20
2019-04-23 15:15:36.347,11012,11013,11012,2,-2
2019-04-23 15:15:36.485,11012,11013,11012,6,-6
2019-04-23 15:15:36.485,11012,11013,11012,1,-1
2019-04-23 15:15:40.624,11011,11012,11012,3,3
2019-04-23 15:15:40.864,11012,11013,11012,2,-2
2019-04-23 15:15:40.966,11012,11013,11012,1,-1
2019-04-23 15:15:41.183,11011,11012,11012,2,2
2019-04-23 15:15:42.673,11011,11013,11013,1,1
2019-04-23 15:15:47.659,11011,11012,11012,1,1
2019-04-23 15:15:47.814,11011,11012,11012,1,1
2019-04-23 15:15:57.451,11011,11012,11012,1,1
2019-04-23 15:15:59.671,11011,11012,11012,1,1
2019-04-23 15:16:02.323,11011,11012,11011,5,-5
2019-04-23 15:16:06.171,11011,11012,11012,1,1
2019-04-23 15:16:07.678,11011,11012,11012,2,2
2019-04-23 15:16:08.097,11011,11012,11012,1,1
2019-04-23 15:16:08.290,11011,11012,11012,2,2
2019-04-23 15:16:08.365,11012,11013,11012,1,-1
2019-04-23 15:16:08.895,11011,11012,11011,19,-19
2019-04-23 15:16:09.059,11011,11012,11011,1,-1
2019-04-23 15:16:14.068,11011,11012,11011,2,-2
2019-04-23 15:16:15.675,11011,11012,11011,1,-1
2019-04-23 15:16:19.853,11011,11012,11012,2,2
2019-04-23 15:16:23.104,11011,11012,11011,1,-1
2019-04-23 15:16:24.711,11011,11012,11011,1,-1
2019-04-23 15:16:25.669,11011,11012,11012,1,1
2019-04-23 15:16:25.925,11011,11012,11011,1,-1
2019-04-23 15:16:34.359,11011,11012,11011,2,-2
2019-04-23 15:16:34.445,11011,11012,11011,2,-2
2019-04-23 15:16:42.769,11011,11012,11011,1,-1
2019-04-23 15:16:44.398,11011,11012,11011,1,-1
2019-04-23 15:16:46.818,11011,11012,11011,1,-1
2019-04-23 15:16:52.973,11011,11012,11011,1,-1
2019-04-23 15:16:53.760,11011,11012,11012,1,1
2019-04-23 15:17:02.349,11011,11012,11011,1,-1
2019-04-23 15:17:02.357,11011,11012,11011,1,-1
2019-04-23 15:17:05.536,11011,11012,11011,10,-10
2019-04-23 15:17:09.378,11011,11012,11011,2,-2
2019-04-23 15:17:09.615,11011,11012,11011,2,-2
2019-04-23 15:17:09.852,11011,11012,11011,2,-2
2019-04-23 15:17:10.089,11011,11012,11011,2,-2
2019-04-23 15:17:10.473,11011,11012,11011,3,-3
2019-04-23 15:17:11.992,11011,11012,11011,1,-1
2019-04-23 15:17:12.110,11010,11011,11011,1,1
2019-04-23 15:17:14.865,11010,11011,11010,2,-2
2019-04-23 15:17:15.141,11010,11011,11011,1,1
2019-04-23 15:17:15.182,11010,11012,11011,1,-1
2019-04-23 15:17:25.359,11011,11012,11012,1,1
2019-04-23 15:17:25.544,11011,11012,11012,17,17
2019-04-23 15:17:25.544,11011,11012,11012,11,11
2019-04-23 15:17:25.544,11011,11012,11012,19,19
2019-04-23 15:17:25.544,11011,11012,11013,6,6
2019-04-23 15:17:25.544,11011,11012,11013,26,26
2019-04-23 15:17:25.545,11011,11012,11013,21,21
2019-04-23 15:17:25.556,11012,11013,11013,2,2
2019-04-23 15:17:25.556,11012,11013,11013,4,4
2019-04-23 15:17:25.557,11012,11013,11013,5,5
2019-04-23 15:17:27.341,11013,11014,11014,5,5
2019-04-23 15:17:27.590,11013,11014,11014,5,5
2019-04-23 15:17:27.913,11013,11014,11014,5,5
2019-04-23 15:17:28.120,11013,11014,11014,5,5
2019-04-23 15:17:28.256,11013,11014,11014,1,1
2019-04-23 15:17:31.197,11014,11015,11015,2,2
2019-04-23 15:17:31.644,11014,11015,11014,1,-1
2019-04-23 15:17:31.687,11014,11015,11014,1,-1
2019-04-23 15:17:32.106,11014,11015,11015,1,1
2019-04-23 15:17:32.658,11014,11015,11014,1,-1
2019-04-23 15:17:35.508,11014,11015,11014,1,-1
2019-04-23 15:17:38.432,11014,11015,11015,1,1
2019-04-23 15:17:40.793,11014,11015,11014,5,-5
2019-04-23 15:17:41.783,11014,11015,11015,1,1
2019-04-23 15:17:43.409,11014,11015,11014,10,-10
2019-04-23 15:17:43.892,11014,11015,11014,1,-1
2019-04-23 15:17:46.212,11014,11015,11015,1,1
2019-04-23 15:17:49.102,11014,11015,11015,1,1
2019-04-23 15:17:52.156,11014,11015,11014,5,-5
2019-04-23 15:17:53.914,11014,11015,11014,2,-2
2019-04-23 15:17:56.220,11014,11015,11015,1,1
2019-04-23 15:17:56.666,11014,11015,11014,1,-1
2019-04-23 15:18:00.638,11014,11015,11015,1,1
2019-04-23 15:18:02.307,11014,11015,11014,1,-1
2019-04-23 15:18:02.408,11014,11015,11015,2,2
2019-04-23 15:18:02.452,11014,11015,11015,1,1
2019-04-23 15:18:07.981,11014,11015,11015,1,1
2019-04-23 15:18:08.841,11014,11015,11015,1,1
2019-04-23 15:18:09.887,11014,11015,11015,1,1
2019-04-23 15:18:14.585,11014,11015,11015,1,1
2019-04-23 15:18:15.662,11014,11015,11014,2,-2
2019-04-23 15:18:20.947,11014,11015,11014,1,-1
2019-04-23 15:18:23.433,11014,11015,11014,10,-10
2019-04-23 15:18:25.612,11014,11015,11014,2,-2
2019-04-23 15:18:29.676,11013,11014,11014,1,1
2019-04-23 15:18:34.326,11013,11014,11014,1,1
2019-04-23 15:18:43.967,11013,11014,11014,1,1
2019-04-23 15:18:51.592,11013,11014,11014,1,1
2019-04-23 15:18:52.682,11013,11014,11014,1,1
2019-04-23 15:19:00.500,11013,11014,11014,4,4
2019-04-23 15:19:00.556,11013,11014,11014,2,2
2019-04-23 15:19:05.262,11013,11014,11014,1,1
2019-04-23 15:19:05.670,11013,11014,11014,1,1
2019-04-23 15:19:09.806,11013,11014,11014,1,1
2019-04-23 15:19:14.169,11014,11015,11014,2,-2
2019-04-23 15:19:16.026,11013,11014,11014,1,1
2019-04-23 15:19:17.144,11013,11014,11014,1,1
2019-04-23 15:19:17.382,11014,11015,11014,2,-2
2019-04-23 15:19:18.406,11013,11014,11014,1,1
2019-04-23 15:19:19.044,11013,11014,11014,1,1
2019-04-23 15:19:19.210,11013,11014,11014,1,1
2019-04-23 15:19:19.493,11013,11014,11014,1,1
2019-04-23 15:19:22.145,11013,11014,11014,1,1
2019-04-23 15:19:22.146,11013,11014,11014,4,4
2019-04-23 15:19:26.292,11013,11014,11014,1,1
2019-04-23 15:19:36.464,11014,11015,11015,2,2
2019-04-23 15:19:36.773,11014,11015,11015,2,2
2019-04-23 15:19:47.268,11014,11015,11015,4,4
2019-04-23 15:19:55.295,11014,11015,11015,6,6
2019-04-23 15:19:55.306,11014,11015,11015,2,2
2019-04-23 15:19:55.306,11014,11015,11015,20,20
2019-04-23 15:19:55.306,11014,11015,11015,4,4
2019-04-23 15:20:00.669,11015,11016,11015,1,-1
2019-04-23 15:20:00.748,11015,11016,11016,2,2
2019-04-23 15:20:01.023,11015,11016,11016,2,2
2019-04-23 15:20:02.880,11015,11016,11016,1,1
2019-04-23 15:20:05.558,11015,11016,11016,6,6
2019-04-23 15:20:06.066,11016,11017,11016,5,-5
2019-04-23 15:20:13.699,11016,11017,11017,1,1
2019-04-23 15:20:16.725,11016,11017,11017,1,1
2019-04-23 15:20:18.485,11016,11017,11017,1,1
2019-04-23 15:20:20.713,11016,11017,11016,1,-1
2019-04-23 15:20:23.876,11016,11017,11017,1,1
2019-04-23 15:20:24.098,11016,11017,11017,8,8
2019-04-23 15:20:24.098,11016,11017,11017,6,6
2019-04-23 15:20:24.098,11016,11017,11017,1,1
2019-04-23 15:20:25.233,11017,11018,11018,5,5
2019-04-23 15:20:28.104,11017,11018,11018,1,1
2019-04-23 15:20:28.282,11017,11018,11017,1,-1
2019-04-23 15:20:29.923,11017,11018,11017,15,-15
2019-04-23 15:20:31.381,11016,11017,11017,1,1
2019-04-23 15:20:34.007,11016,11017,11017,2,2
2019-04-23 15:20:36.479,11016,11017,11017,1,1
2019-04-23 15:20:36.686,11016,11017,11017,1,1
2019-04-23 15:20:39.126,11016,11017,11017,1,1
2019-04-23 15:20:43.272,11016,11017,11017,5,5
2019-04-23 15:20:43.364,11016,11017,11017,2,2
2019-04-23 15:20:50.586,11016,11017,11017,1,1
2019-04-23 15:21:00.183,11016,11017,11016,1,-1
2019-04-23 15:21:03.901,11016,11017,11017,1,1
2019-04-23 15:21:04.224,11016,11017,11017,1,1
2019-04-23 15:21:11.183,11016,11017,11016,2,-2
2019-04-23 15:21:18.252,11016,11017,11017,1,1
2019-04-23 15:21:18.773,11016,11017,11017,2,2
2019-04-23 15:21:23.502,11016,11017,11017,1,1
2019-04-23 15:21:24.371,11016,11017,11017,2,2
2019-04-23 15:21:25.507,11016,11017,11017,2,2
2019-04-23 15:21:26.548,11016,11017,11017,1,1
2019-04-23 15:21:27.046,11016,11017,11017,2,2
2019-04-23 15:21:28.423,11016,11017,11017,1,1
2019-04-23 15:21:29.245,11016,11017,11017,1,1
2019-04-23 15:21:30.761,11016,11017,11017,2,2
2019-04-23 15:21:34.212,11016,11017,11017,1,1
2019-04-23 15:21:34.632,11016,11017,11016,5,-5
2019-04-23 15:21:37.404,11016,11017,11017,1,1
2019-04-23 15:21:39.648,11016,11017,11017,5,5
2019-04-23 15:21:39.787,11016,11017,11017,3,3
2019-04-23 15:21:39.787,11016,11017,11017,1,1
2019-04-23 15:21:39.787,11016,11017,11017,6,6
2019-04-23 15:21:39.787,11016,11017,11017,1,1
2019-04-23 15:21:48.926,11017,11018,11017,1,-1
2019-04-23 15:21:54.837,11017,11018,11018,1,1
2019-04-23 15:21:56.874,11017,11018,11017,2,-2
2019-04-23 15:21:58.557,11017,11018,11018,1,1
2019-04-23 15:21:58.734,11017,11018,11018,2,2
2019-04-23 15:22:02.682,11017,11018,11017,11,-11
2019-04-23 15:22:04.769,11016,11017,11016,1,-1
2019-04-23 15:22:04.775,11016,11017,11017,1,1
2019-04-23 15:22:11.353,11017,11018,11017,1,-1
2019-04-23 15:22:15.016,11016,11017,11016,1,-1
2019-04-23 15:22:18.647,11016,11017,11017,1,1
2019-04-23 15:22:34.548,11016,11017,11016,1,-1
2019-04-23 15:22:48.072,11016,11017,11017,2,2
2019-04-23 15:23:04.673,11016,11017,11017,1,1
2019-04-23 15:23:05.378,11016,11017,11017,1,1
2019-04-23 15:23:08.523,11016,11017,11017,1,1
2019-04-23 15:23:13.926,11016,11017,11017,1,1
2019-04-23 15:23:17.156,11016,11017,11017,1,1
2019-04-23 15:23:18.652,11016,11017,11017,2,2
2019-04-23 15:23:19.602,11016,11017,11017,1,1
2019-04-23 15:23:24.164,11016,11017,11017,1,1
2019-04-23 15:23:24.165,11016,11017,11017,1,1
2019-04-23 15:23:24.166,11016,11017,11017,2,2
2019-04-23 15:23:24.170,11016,11017,11017,1,1
2019-04-23 15:23:24.178,11016,11017,11017,1,1
2019-04-23 15:23:24.178,11016,11017,11017,2,2
2019-04-23 15:23:24.181,11016,11017,11017,6,6
2019-04-23 15:23:24.417,11017,11018,11017,2,-2
2019-04-23 15:23:24.425,11017,11018,11017,2,-2
2019-04-23 15:23:24.426,11017,11018,11017,2,-2
2019-04-23 15:23:24.653,11017,11018,11017,2,-2
2019-04-23 15:23:24.681,11017,11018,11017,1,-1
2019-04-23 15:23:25.513,11016,11017,11016,1,-1
2019-04-23 15:23:25.738,11016,11017,11017,1,1
2019-04-23 15:23:30.621,11016,11017,11017,1,1
2019-04-23 15:23:38.594,11016,11017,11017,2,2
2019-04-23 15:23:53.163,11016,11017,11016,1,-1
2019-04-23 15:23:59.418,11016,11017,11016,20,-20
2019-04-23 15:24:01.079,11016,11017,11016,1,-1
2019-04-23 15:24:01.725,11016,11017,11016,12,-12
2019-04-23 15:24:01.725,11016,11017,11015,19,-19
2019-04-23 15:24:01.725,11016,11017,11015,12,-12
2019-04-23 15:24:01.725,11016,11017,11015,20,-20
2019-04-23 15:24:01.725,11016,11017,11015,3,-3
2019-04-23 15:24:01.725,11016,11017,11015,14,-14
2019-04-23 15:24:01.806,11015,11016,11015,10,-10
2019-04-23 15:24:01.806,11015,11016,11015,3,-3
2019-04-23 15:24:02.261,11014,11015,11014,2,-2
2019-04-23 15:24:05.814,11014,11015,11015,1,1
2019-04-23 15:24:08.085,11014,11015,11015,1,1
2019-04-23 15:24:08.323,11015,11016,11015,2,-2
2019-04-23 15:24:08.431,11015,11016,11015,1,-1
2019-04-23 15:24:19.477,11015,11016,11016,16,16
2019-04-23 15:24:19.728,11015,11016,11016,3,3
2019-04-23 15:24:20.091,11015,11016,11015,2,-2
2019-04-23 15:24:21.944,11015,11016,11015,1,-1
2019-04-23 15:24:23.967,11015,11016,11016,1,1
2019-04-23 15:24:27.418,11015,11016,11015,1,-1
2019-04-23 15:24:34.173,11015,11016,11016,1,1
2019-04-23 15:24:34.316,11015,11016,11016,1,1
2019-04-23 15:24:39.918,11015,11016,11016,1,1
2019-04-23 15:24:44.363,11015,11016,11016,1,1
2019-04-23 15:24:45.576,11015,11016,11016,2,2
2019-04-23 15:24:55.201,11015,11016,11016,1,1
2019-04-23 15:25:05.129,11016,11017,11016,1,-1
2019-04-23 15:25:06.181,11016,11017,11016,1,-1
2019-04-23 15:25:06.181,11016,11017,11016,1,-1
2019-04-23 15:25:07.564,11016,11017,11016,1,-1
2019-04-23 15:25:10.572,11016,11017,11016,2,-2
2019-04-23 15:25:45.279,11015,11016,11016,1,1
2019-04-23 15:25:59.161,11015,11016,11015,4,-4
2019-04-23 15:26:11.086,11015,11016,11015,1,-1
2019-04-23 15:26:11.327,11015,11016,11015,4,-4
2019-04-23 15:26:45.431,11015,11016,11015,1,-1
2019-04-23 15:27:10.593,11015,11016,11015,1,-1
2019-04-23 15:27:31.289,11015,11016,11015,1,-1
2019-04-23 15:27:36.991,11015,11016,11015,1,-1
2019-04-23 15:27:41.721,11015,11016,11015,2,-2
2019-04-23 15:27:44.858,11015,11016,11016,1,1
2019-04-23 15:28:18.450,11015,11016,11016,1,1
2019-04-23 15:28:19.392,11015,11016,11016,1,1
2019-04-23 15:28:25.479,11015,11016,11016,2,2
2019-04-23 15:28:27.043,11015,11016,11016,1,1
2019-04-23 15:28:28.805,11015,11016,11016,3,3
2019-04-23 15:28:30.597,11016,11017,11016,1,-1
2019-04-23 15:28:31.009,11015,11016,11016,1,1
2019-04-23 15:28:31.254,11016,11017,11016,1,-1
2019-04-23 15:28:49.028,11015,11016,11016,1,1
2019-04-23 15:28:50.059,11015,11016,11016,1,1
2019-04-23 15:28:56.088,11015,11016,11016,1,1
2019-04-23 15:28:58.848,11015,11016,11015,3,-3
2019-04-23 15:29:15.228,11015,11016,11016,1,1
2019-04-23 15:29:15.228,11015,11016,11016,1,1
2019-04-23 15:29:35.407,11015,11016,11016,1,1
2019-04-23 15:29:36.356,11015,11016,11015,1,-1
2019-04-23 15:29:39.112,11015,11016,11015,10,-10
2019-04-23 15:29:55.929,11015,11016,11015,1,-1
2019-04-23 15:30:00.075,11015,11016,11015,4,-4
2019-04-23 15:30:00.306,11015,11016,11015,1,-1
2019-04-23 15:30:00.476,11014,11016,11016,1,1
2019-04-23 15:30:00.513,11014,11016,11016,1,1
2019-04-23 15:30:01.287,11015,11016,11015,1,-1
2019-04-23 15:30:01.837,11015,11016,11015,1,-1
2019-04-23 15:30:02.718,11015,11016,11015,1,-1
2019-04-23 15:30:03.953,11014,11015,11015,1,1
2019-04-23 15:30:06.918,11015,11016,11016,3,3
2019-04-23 15:30:23.278,11015,11016,11016,1,1
2019-04-23 15:30:23.902,11015,11016,11016,1,1
2019-04-23 15:30:28.603,11015,11016,11016,4,4
2019-04-23 15:30:37.023,11015,11016,11016,1,1
2019-04-23 15:30:37.024,11015,11016,11016,2,2
2019-04-23 15:30:58.191,11016,11017,11016,2,-2
2019-04-23 15:31:29.683,11016,11017,11017,7,7
2019-04-23 15:31:29.806,11016,11017,11017,5,5
2019-04-23 15:31:29.931,11016,11017,11017,2,2
2019-04-23 15:31:29.931,11016,11017,11017,5,5
2019-04-23 15:31:29.931,11016,11017,11017,7,7
2019-04-23 15:31:29.931,11016,11017,11017,1,1
2019-04-23 15:31:29.932,11016,11017,11017,1,1
2019-04-23 15:31:29.932,11016,11017,11017,1,1
2019-04-23 15:31:30.056,11016,11017,11017,2,2
2019-04-23 15:31:35.524,11017,11018,11018,6,6
2019-04-23 15:31:38.724,11017,11018,11018,8,8
2019-04-23 15:31:38.884,11017,11018,11018,1,1
2019-04-23 15:32:00.518,11017,11018,11018,2,2
2019-04-23 15:32:07.363,11017,11018,11018,1,1
2019-04-23 15:32:07.994,11017,11018,11018,2,2
2019-04-23 15:32:13.834,11018,11019,11018,3,-3
2019-04-23 15:32:14.551,11017,11018,11018,1,1
2019-04-23 15:32:26.862,11018,11019,11018,1,-1
2019-04-23 15:32:26.863,11018,11019,11018,1,-1
2019-04-23 15:32:26.863,11018,11019,11018,1,-1
2019-04-23 15:32:26.863,11018,11019,11018,2,-2
2019-04-23 15:32:28.392,11017,11018,11018,1,1
2019-04-23 15:32:32.581,11017,11018,11018,1,1
2019-04-23 15:32:48.833,11017,11018,11017,2,-2
2019-04-23 15:32:54.636,11017,11018,11017,1,-1
2019-04-23 15:33:16.665,11017,11018,11018,1,1
2019-04-23 15:33:21.556,11017,11018,11017,14,-14
2019-04-23 15:33:26.680,11016,11017,11017,1,1
2019-04-23 15:33:35.291,11016,11017,11017,1,1
2019-04-23 15:33:50.268,11016,11017,11017,1,1
2019-04-23 15:33:51.061,11016,11017,11016,1,-1
2019-04-23 15:33:55.969,11016,11017,11016,2,-2
2019-04-23 15:34:03.682,11016,11017,11016,2,-2
2019-04-23 15:34:10.710,11016,11017,11016,1,-1
2019-04-23 15:34:45.108,11016,11017,11017,1,1
2019-04-23 15:34:45.813,11016,11017,11017,1,1
2019-04-23 15:35:09.015,11016,11017,11016,1,-1
2019-04-23 15:35:09.015,11016,11017,11016,1,-1
2019-04-23 15:35:09.015,11016,11017,11016,2,-2
2019-04-23 15:35:09.015,11016,11017,11016,1,-1
2019-04-23 15:35:09.015,11016,11017,11016,1,-1
2019-04-23 15:35:09.015,11016,11017,11016,1,-1
2019-04-23 15:35:09.017,11016,11017,11016,1,-1
2019-04-23 15:35:09.056,11016,11017,11016,5,-5
2019-04-23 15:35:09.056,11016,11017,11016,7,-7
2019-04-23 15:35:09.908,11015,11016,11016,1,1
2019-04-23 15:35:29.049,11015,11016,11016,1,1
2019-04-23 15:35:29.124,11015,11017,11017,1,1
2019-04-23 15:35:56.755,11015,11016,11015,2,-2
2019-04-23 15:35:57.223,11015,11016,11015,17,-17
2019-04-23 15:36:00.725,11014,11015,11015,1,1
2019-04-23 15:36:08.219,11014,11015,11015,2,2
2019-04-23 15:36:24.488,11015,11016,11015,1,-1
2019-04-23 15:36:44.243,11015,11016,11015,1,-1
2019-04-23 15:36:55.918,11015,11016,11015,1,-1
2019-04-23 15:37:05.693,11015,11016,11015,1,-1
2019-04-23 15:37:08.119,11015,11016,11015,1,-1
2019-04-23 15:37:11.448,11015,11016,11015,1,-1
2019-04-23 15:37:13.541,11015,11016,11015,1,-1
2019-04-23 15:37:22.468,11015,11016,11015,2,-2
2019-04-23 15:37:34.658,11015,11016,11015,1,-1
2019-04-23 15:37:42.473,11015,11016,11015,1,-1
2019-04-23 15:37:43.710,11015,11016,11015,1,-1
2019-04-23 15:37:44.271,11014,11015,11015,1,1
2019-04-23 15:37:59.488,11015,11016,11015,1,-1
2019-04-23 15:38:07.568,11015,11016,11015,1,-1
2019-04-23 15:38:23.470,11015,11016,11015,1,-1
2019-04-23 15:38:27.253,11015,11016,11015,1,-1
2019-04-23 15:38:35.222,11015,11016,11015,2,-2
2019-04-23 15:38:39.937,11015,11016,11015,1,-1
2019-04-23 15:38:47.575,11015,11016,11016,1,1
2019-04-23 15:38:52.892,11015,11016,11016,1,1
2019-04-23 15:38:52.894,11015,11016,11016,1,1
2019-04-23 15:38:54.497,11015,11016,11016,5,5
2019-04-23 15:38:54.556,11015,11016,11016,1,1
2019-04-23 15:38:55.219,11016,11017,11016,1,-1
2019-04-23 15:39:01.853,11016,11017,11016,2,-2
2019-04-23 15:39:01.945,11016,11017,11016,2,-2
2019-04-23 15:39:05.110,11016,11017,11016,1,-1
2019-04-23 15:39:06.654,11016,11017,11016,2,-2
2019-04-23 15:40:01.776,11016,11017,11016,1,-1
2019-04-23 15:40:10.729,11016,11017,11017,1,1
2019-04-23 15:40:11.220,11016,11017,11017,2,2
2019-04-23 15:40:11.221,11016,11017,11017,2,2
2019-04-23 15:41:52.177,11016,11017,11016,1,-1
2019-04-23 15:42:30.071,11016,11017,11016,1,-1
2019-04-23 15:42:30.161,11016,11017,11016,1,-1
2019-04-23 15:42:30.448,11016,11017,11016,2,-2
2019-04-23 15:42:31.620,11016,11017,11016,2,-2
2019-04-23 15:42:33.191,11016,11017,11016,2,-2
2019-04-23 15:42:39.596,11016,11017,11016,1,-1
2019-04-23 15:43:04.808,11015,11016,11016,5,5
2019-04-23 15:43:11.507,11015,11016,11016,1,1
2019-04-23 15:43:13.200,11015,11016,11016,1,1
2019-04-23 15:43:31.586,11015,11016,11016,1,1
2019-04-23 15:43:41.017,11015,11016,11016,1,1
2019-04-23 15:43:43.965,11015,11016,11016,1,1
2019-04-23 15:43:44.097,11015,11016,11016,1,1
2019-04-23 15:44:17.519,11015,11016,11016,1,1
2019-04-23 15:44:26.455,11015,11016,11016,1,1
2019-04-23 15:44:28.634,11015,11016,11015,1,-1
2019-04-23 15:44:30.712,11015,11016,11016,1,1
2019-04-23 15:44:31.442,11015,11016,11016,1,1
2019-04-23 15:44:35.775,11015,11016,11015,1,-1
2019-04-23 15:44:41.694,11015,11016,11015,1,-1
2019-04-23 15:44:58.159,11015,11016,11016,1,1
2019-04-23 15:44:58.159,11015,11016,11016,1,1
2019-04-23 15:44:58.159,11015,11016,11016,8,8
2019-04-23 15:44:58.159,11015,11016,11016,1,1
2019-04-23 15:45:07.534,11016,11017,11016,1,-1
2019-04-23 15:45:32.915,11016,11017,11016,1,-1
2019-04-23 15:46:37.270,11016,11017,11017,1,1
2019-04-23 15:46:45.060,11016,11017,11017,1,1
2019-04-23 15:46:51.161,11016,11017,11016,5,-5
2019-04-23 15:47:05.111,11016,11017,11016,1,-1
2019-04-23 15:47:08.776,11016,11017,11016,1,-1
2019-04-23 15:47:08.816,11015,11016,11016,1,1
2019-04-23 15:47:09.058,11015,11016,11016,2,2
2019-04-23 15:47:09.903,11016,11017,11016,2,-2
2019-04-23 15:48:28.539,11015,11016,11015,1,-1
2019-04-23 15:48:32.593,11015,11016,11015,1,-1
2019-04-23 15:48:35.124,11015,11016,11015,1,-1
2019-04-23 15:48:37.255,11015,11016,11015,1,-1
2019-04-23 15:48:59.210,11015,11016,11016,2,2
2019-04-23 15:50:08.228,11015,11016,11016,2,2
2019-04-23 15:50:17.529,11015,11016,11016,2,2
2019-04-23 15:50:21.080,11015,11016,11016,3,3
2019-04-23 15:50:21.306,11015,11016,11016,1,1
2019-04-23 15:50:46.557,11016,11017,11017,6,6
2019-04-23 15:50:59.648,11016,11017,11017,5,5
2019-04-23 15:51:02.453,11016,11017,11017,1,1
2019-04-23 15:51:13.516,11016,11017,11017,2,2
2019-04-23 15:51:13.516,11016,11017,11017,4,4
2019-04-23 15:51:29.082,11017,11018,11018,1,1
2019-04-23 15:52:02.868,11017,11018,11017,1,-1
2019-04-23 15:52:09.888,11017,11018,11017,5,-5
2019-04-23 15:52:18.840,11017,11018,11018,1,1
2019-04-23 15:52:28.006,11017,11018,11017,1,-1
2019-04-23 15:52:28.056,11017,11018,11017,1,-1
2019-04-23 15:52:28.558,11017,11018,11017,3,-3
2019-04-23 15:52:32.909,11016,11017,11017,3,3
2019-04-23 15:52:33.148,11016,11017,11017,1,1
2019-04-23 15:52:33.702,11016,11017,11017,1,1
2019-04-23 15:52:52.800,11016,11017,11017,1,1
2019-04-23 15:53:08.124,11016,11017,11017,1,1
2019-04-23 15:53:13.230,11016,11017,11016,1,-1
2019-04-23 15:53:21.137,11016,11017,11017,1,1
2019-04-23 15:53:24.144,11016,11017,11017,3,3
2019-04-23 15:53:35.133,11016,11017,11016,1,-1
2019-04-23 15:53:40.858,11016,11017,11016,8,-8
2019-04-23 15:53:40.931,11016,11017,11016,8,-8
2019-04-23 15:53:41.056,11016,11017,11016,3,-3
2019-04-23 15:53:41.056,11016,11017,11016,4,-4
2019-04-23 15:53:47.639,11015,11016,11016,1,1
2019-04-23 15:54:06.891,11015,11016,11016,1,1
2019-04-23 15:54:06.891,11015,11016,11017,1,1
2019-04-23 15:54:20.349,11016,11017,11016,8,-8
2019-04-23 15:54:20.433,11016,11017,11016,2,-2
2019-04-23 15:55:01.154,11016,11017,11017,8,8
2019-04-23 15:55:05.440,11017,11018,11017,1,-1
2019-04-23 15:55:29.919,11016,11017,11017,3,3
2019-04-23 15:55:37.705,11016,11017,11017,1,1
2019-04-23 15:55:37.708,11016,11017,11017,1,1
2019-04-23 15:55:40.170,11017,11018,11017,1,-1
2019-04-23 15:55:57.760,11016,11017,11016,1,-1
2019-04-23 15:55:58.553,11016,11017,11017,1,1
2019-04-23 15:56:20.412,11016,11017,11016,5,-5
2019-04-23 15:56:20.431,11016,11017,11016,1,-1
2019-04-23 15:56:48.438,11015,11016,11015,3,-3
2019-04-23 15:56:50.257,11015,11016,11015,1,-1
2019-04-23 15:56:51.674,11015,11016,11015,1,-1
2019-04-23 15:57:44.531,11015,11016,11015,1,-1
2019-04-23 15:58:05.306,11015,11016,11015,1,-1
2019-04-23 15:58:05.431,11015,11016,11015,4,-4
2019-04-23 15:58:05.556,11015,11016,11015,2,-2
2019-04-23 15:58:05.557,11015,11016,11015,11,-11
2019-04-23 15:58:59.658,11014,11015,11015,4,4
2019-04-23 15:59:22.891,11015,11016,11015,2,-2
2019-04-23 15:59:59.402,11015,11016,11015,2,-2
2019-04-23 16:00:03.636,11015,11016,11015,5,-5
2019-04-23 16:00:03.764,11015,11016,11016,2,2
2019-04-23 16:00:03.795,11015,11016,11016,1,1
2019-04-23 16:00:03.862,11015,11016,11015,5,-5
2019-04-23 16:00:03.863,11015,11016,11015,1,-1
2019-04-23 16:00:03.877,11015,11016,11015,2,-2
2019-04-23 16:00:03.883,11015,11016,11015,1,-1
2019-04-23 16:00:03.931,11015,11016,11015,2,-2
2019-04-23 16:00:04.017,11015,11016,11015,1,-1
2019-04-23 16:00:04.064,11014,11015,11014,2,-2
2019-04-23 16:00:04.101,11014,11015,11014,2,-2
2019-04-23 16:00:04.349,11014,11015,11014,1,-1
2019-04-23 16:00:04.394,11014,11015,11015,1,1
2019-04-23 16:00:04.434,11014,11015,11014,4,-4
2019-04-23 16:00:04.990,11014,11015,11015,2,2
2019-04-23 16:00:45.495,11014,11015,11014,1,-1
2019-04-23 16:00:55.104,11014,11015,11014,1,-1
2019-04-23 16:00:55.614,11014,11015,11015,1,1
2019-04-23 16:01:19.371,11014,11015,11015,1,1
2019-04-23 16:01:21.127,11014,11015,11014,1,-1
2019-04-23 16:01:39.486,11014,11015,11015,8,8
2019-04-23 16:01:39.681,11014,11015,11015,1,1
2019-04-23 16:01:39.681,11014,11015,11015,1,1
2019-04-23 16:01:39.921,11014,11015,11015,2,2
2019-04-23 16:01:39.921,11014,11015,11015,1,1
2019-04-23 16:01:39.921,11014,11015,11015,1,1
2019-04-23 16:01:39.921,11014,11015,11015,2,2
2019-04-23 16:01:39.921,11014,11015,11015,2,2
2019-04-23 16:01:39.921,11014,11015,11015,1,1
2019-04-23 16:01:39.922,11014,11015,11015,1,1
2019-04-23 16:01:40.159,11015,11016,11015,1,-1
2019-04-23 16:01:40.166,11015,11016,11015,2,-2
2019-04-23 16:01:56.506,11015,11016,11015,1,-1
2019-04-23 16:01:59.506,11015,11016,11015,2,-2
2019-04-23 16:02:17.772,11015,11016,11015,1,-1
2019-04-23 16:02:47.384,11015,11016,11016,1,1
2019-04-23 16:02:48.714,11015,11016,11016,1,1
2019-04-23 16:02:48.806,11015,11016,11016,1,1
2019-04-23 16:02:53.307,11016,11017,11017,1,1
2019-04-23 16:03:19.989,11015,11016,11016,1,1
2019-04-23 16:03:28.378,11015,11016,11016,2,2
2019-04-23 16:03:34.683,11015,11016,11016,1,1
2019-04-23 16:03:39.726,11015,11016,11016,2,2
2019-04-23 16:03:53.999,11016,11017,11016,1,-1
2019-04-23 16:03:53.999,11016,11017,11016,1,-1
2019-04-23 16:03:54.410,11015,11016,11016,1,1
2019-04-23 16:05:41.361,11015,11016,11016,1,1
2019-04-23 16:06:04.770,11016,11017,11016,1,-1
2019-04-23 16:06:37.406,11015,11016,11016,2,2
2019-04-23 16:06:38.833,11015,11016,11016,1,1
2019-04-23 16:06:49.278,11015,11016,11016,2,2
2019-04-23 16:06:49.516,11015,11017,11016,1,-1
2019-04-23 16:07:01.308,11016,11017,11017,7,7
2019-04-23 16:07:01.431,11016,11017,11017,6,6
2019-04-23 16:07:01.665,11016,11018,11017,1,-1
2019-04-23 16:07:01.669,11016,11018,11017,1,-1
2019-04-23 16:07:20.643,11016,11017,11017,1,1
2019-04-23 16:07:20.643,11016,11017,11018,8,8
2019-04-23 16:07:26.081,11016,11018,11018,1,1
2019-04-23 16:07:34.958,11017,11018,11018,1,1
2019-04-23 16:07:34.959,11017,11018,11018,1,1
2019-04-23 16:07:38.836,11017,11018,11017,1,-1
2019-04-23 16:07:39.689,11017,11018,11017,1,-1
2019-04-23 16:07:40.657,11017,11018,11017,1,-1
2019-04-23 16:07:41.604,11017,11018,11017,1,-1
2019-04-23 16:07:42.894,11017,11018,11017,1,-1
2019-04-23 16:07:56.281,11017,11018,11017,1,-1
2019-04-23 16:08:02.951,11016,11017,11017,1,1
2019-04-23 16:08:08.831,11016,11017,11017,1,1
2019-04-23 16:08:27.088,11017,11018,11017,2,-2
2019-04-23 16:08:38.831,11017,11018,11018,1,1
2019-04-23 16:08:41.684,11017,11018,11018,1,1
2019-04-23 16:08:43.243,11017,11018,11018,4,4
2019-04-23 16:08:48.454,11017,11018,11018,1,1
2019-04-23 16:09:03.093,11017,11018,11018,1,1
2019-04-23 16:09:12.766,11017,11018,11018,1,1
2019-04-23 16:09:32.745,11017,11018,11018,1,1
2019-04-23 16:09:55.246,11017,11018,11018,6,6
2019-04-23 16:09:55.306,11017,11018,11018,6,6
2019-04-23 16:09:55.547,11017,11019,11018,2,-2
2019-04-23 16:10:00.018,11017,11018,11018,1,1
2019-04-23 16:10:00.202,11017,11018,11018,2,2
2019-04-23 16:10:03.959,11017,11018,11018,1,1
2019-04-23 16:10:08.652,11017,11018,11018,1,1
2019-04-23 16:10:15.567,11017,11018,11018,1,1
2019-04-23 16:10:20.222,11017,11018,11018,4,4
2019-04-23 16:10:20.460,11018,11019,11018,2,-2
2019-04-23 16:10:25.724,11018,11019,11018,1,-1
2019-04-23 16:10:36.529,11017,11018,11018,1,1
2019-04-23 16:10:59.835,11017,11018,11018,1,1
2019-04-23 16:11:04.549,11017,11018,11018,5,5
2019-04-23 16:11:12.693,11017,11018,11018,1,1
2019-04-23 16:11:13.229,11017,11018,11018,1,1
2019-04-23 16:11:18.876,11017,11018,11018,5,5
2019-04-23 16:11:19.173,11017,11018,11018,2,2
2019-04-23 16:12:02.800,11018,11019,11019,1,1
2019-04-23 16:12:02.828,11018,11019,11019,1,1
2019-04-23 16:12:05.214,11018,11019,11019,1,1
2019-04-23 16:12:18.877,11018,11019,11019,1,1
2019-04-23 16:12:20.886,11018,11019,11019,3,3
2019-04-23 16:12:24.251,11018,11019,11019,1,1
2019-04-23 16:12:31.804,11018,11019,11019,1,1
2019-04-23 16:12:33.110,11018,11019,11019,2,2
2019-04-23 16:12:36.734,11018,11019,11019,10,10
2019-04-23 16:12:36.806,11018,11019,11019,2,2
2019-04-23 16:12:36.806,11018,11019,11019,5,5
2019-04-23 16:12:48.939,11019,11020,11019,7,-7
2019-04-23 16:12:59.241,11019,11020,11019,1,-1
2019-04-23 16:13:17.549,11019,11020,11019,1,-1
2019-04-23 16:13:24.021,11019,11020,11020,1,1
2019-04-23 16:13:27.160,11019,11020,11020,19,19
2019-04-23 16:13:38.753,11020,11021,11021,5,5
2019-04-23 16:13:41.423,11020,11021,11021,10,10
2019-04-23 16:13:42.262,11020,11021,11021,6,6
2019-04-23 16:14:02.117,11021,11022,11021,1,-1
2019-04-23 16:14:02.956,11021,11022,11022,1,1
2019-04-23 16:14:03.094,11021,11022,11022,1,1
2019-04-23 16:14:06.046,11021,11022,11022,1,1
2019-04-23 16:14:12.193,11021,11022,11022,1,1
2019-04-23 16:14:15.756,11021,11022,11022,1,1
2019-04-23 16:14:19.986,11021,11022,11022,1,1
2019-04-23 16:14:20.122,11021,11022,11022,2,2
2019-04-23 16:14:23.568,11021,11022,11022,1,1
2019-04-23 16:14:30.226,11021,11022,11021,1,-1
2019-04-23 16:14:31.737,11021,11022,11021,1,-1
2019-04-23 16:14:42.031,11021,11022,11021,1,-1
2019-04-23 16:14:52.720,11021,11022,11021,1,-1
2019-04-23 16:14:54.019,11021,11022,11021,1,-1
2019-04-23 16:14:54.882,11021,11022,11021,1,-1
2019-04-23 16:14:56.382,11021,11022,11021,9,-9
2019-04-23 16:14:56.431,11021,11022,11021,1,-1
2019-04-23 16:14:59.430,11020,11021,11021,2,2
2019-04-23 16:15:06.756,11020,11021,11021,1,1
2019-04-23 16:15:15.642,11020,11021,11021,1,1
2019-04-23 16:15:29.422,11020,11021,11021,1,1
2019-04-23 16:15:47.861,11020,11021,11020,10,-10
2019-04-23 16:15:47.931,11020,11021,11020,2,-2
2019-04-23 16:16:02.718,11020,11021,11020,1,-1
2019-04-23 16:16:02.980,11020,11021,11020,2,-2
2019-04-23 16:16:14.806,11020,11021,11021,1,1
2019-04-23 16:16:37.115,11020,11021,11021,1,1
2019-04-23 16:16:38.008,11020,11021,11021,1,1
2019-04-23 16:16:45.043,11020,11021,11021,1,1
2019-04-23 16:16:55.027,11020,11021,11021,1,1
2019-04-23 16:17:46.243,11020,11021,11021,1,1
2019-04-23 16:18:30.523,11020,11021,11021,1,1
2019-04-23 16:18:32.472,11020,11021,11020,1,-1
2019-04-23 16:19:06.829,11020,11021,11020,25,-25
2019-04-23 16:19:11.366,11020,11021,11020,1,-1
2019-04-23 16:19:14.427,11020,11021,11020,1,-1
2019-04-23 16:19:14.637,11020,11021,11020,2,-2
2019-04-23 16:19:24.544,11020,11021,11020,1,-1
2019-04-23 16:19:30.702,11020,11021,11020,1,-1
2019-04-23 16:19:52.927,11020,11021,11021,5,5
2019-04-23 16:19:55.104,11020,11021,11021,1,1
2019-04-23 16:21:50.139,11020,11021,11020,1,-1
2019-04-23 16:21:50.467,11020,11021,11021,12,12
2019-04-23 16:21:50.938,11020,11021,11021,2,2
2019-04-23 16:21:51.183,11020,11021,11021,2,2
2019-04-23 16:21:51.184,11020,11021,11021,2,2
2019-04-23 16:21:51.187,11020,11021,11021,2,2
2019-04-23 16:21:51.569,11020,11021,11021,2,2
2019-04-23 16:21:51.789,11020,11021,11021,2,2
2019-04-23 16:21:51.865,11020,11021,11021,2,2
2019-04-23 16:22:00.693,11020,11021,11021,1,1
2019-04-23 16:22:19.029,11020,11021,11021,1,1
2019-04-23 16:22:26.120,11020,11021,11021,1,1
2019-04-23 16:23:03.844,11020,11021,11021,1,1
2019-04-23 16:23:09.925,11020,11021,11021,6,6
2019-04-23 16:23:12.382,11020,11021,11021,1,1
2019-04-23 16:23:12.682,11020,11021,11021,1,1
2019-04-23 16:23:12.856,11021,11022,11021,2,-2
2019-04-23 16:23:15.604,11021,11022,11021,4,-4
2019-04-23 16:23:29.641,11021,11022,11021,1,-1
2019-04-23 16:23:29.642,11021,11022,11021,2,-2
2019-04-23 16:23:32.300,11020,11021,11021,1,1
2019-04-23 16:23:33.543,11020,11021,11021,1,1
2019-04-23 16:23:40.638,11020,11021,11021,1,1
2019-04-23 16:23:48.939,11020,11021,11021,1,1
2019-04-23 16:23:59.804,11020,11021,11020,10,-10
2019-04-23 16:23:59.806,11020,11021,11020,8,-8
2019-04-23 16:23:59.806,11020,11021,11020,6,-6
2019-04-23 16:24:04.449,11019,11020,11019,1,-1
2019-04-23 16:24:10.417,11019,11020,11019,1,-1
2019-04-23 16:24:15.057,11019,11020,11019,1,-1
2019-04-23 16:24:19.515,11019,11020,11019,1,-1
2019-04-23 16:24:34.475,11019,11020,11020,1,1
2019-04-23 16:24:45.724,11019,11020,11019,1,-1
2019-04-23 16:25:44.877,11019,11020,11019,1,-1
2019-04-23 16:25:55.846,11019,11020,11019,1,-1
2019-04-23 16:26:01.157,11019,11020,11019,1,-1
2019-04-23 16:26:15.011,11019,11020,11019,1,-1
2019-04-23 16:27:10.040,11019,11020,11019,2,-2
2019-04-23 16:27:31.194,11019,11020,11019,1,-1
2019-04-23 16:27:35.495,11019,11020,11019,2,-2
2019-04-23 16:27:40.000,11019,11020,11019,1,-1
2019-04-23 16:27:41.618,11019,11020,11019,1,-1
2019-04-23 16:27:41.806,11019,11020,11019,8,-8
2019-04-23 16:27:53.115,11018,11019,11018,2,-2
2019-04-23 16:28:08.085,11018,11019,11018,1,-1
2019-04-23 16:28:36.379,11018,11019,11019,1,1
2019-04-23 16:29:05.403,11018,11019,11019,1,1
2019-04-23 16:29:06.443,11018,11019,11018,2,-2
2019-04-23 16:29:23.981,11018,11019,11018,1,-1
2019-04-23 16:29:24.078,11018,11019,11018,1,-1
2019-04-23 16:29:24.079,11018,11019,11018,1,-1
2019-04-23 16:29:24.181,11018,11019,11018,6,-6
2019-04-23 16:29:24.181,11018,11019,11018,9,-9
2019-04-23 16:29:24.185,11018,11019,11018,1,-1
2019-04-23 16:29:24.306,11018,11019,11018,8,-8
2019-04-23 16:29:24.306,11018,11019,11018,3,-3
2019-04-23 16:29:26.335,11017,11018,11017,1,-1
2019-04-23 16:29:33.702,11017,11018,11017,6,-6
2019-04-23 16:29:53.121,11017,11018,11017,1,-1
2019-04-23 16:29:55.839,11017,11018,11017,1,-1
2019-04-23 16:30:00.146,11017,11018,11017,1,-1
2019-04-23 16:30:10.684,11016,11017,11017,1,1
2019-04-23 16:30:11.238,11016,11018,11018,1,1
2019-04-23 16:30:23.886,11017,11018,11018,1,1
2019-04-23 16:30:39.556,11017,11018,11018,1,1
2019-04-23 16:30:39.681,11017,11018,11018,2,2
2019-04-23 16:30:39.681,11017,11018,11018,1,1
2019-04-23 16:30:39.681,11017,11018,11018,4,4
2019-04-23 16:30:39.681,11017,11018,11018,4,4
2019-04-23 16:30:42.310,11018,11019,11019,1,1
2019-04-23 16:31:22.249,11018,11019,11018,1,-1
2019-04-23 16:31:49.527,11018,11019,11019,1,1
2019-04-23 16:31:49.536,11018,11019,11019,4,4
2019-04-23 16:32:07.249,11019,11020,11019,3,-3
2019-04-23 16:32:32.437,11019,11020,11020,1,1
2019-04-23 16:32:40.796,11019,11020,11020,1,1
2019-04-23 16:33:22.060,11019,11020,11019,2,-2
2019-04-23 16:33:22.060,11019,11020,11019,1,-1
2019-04-23 16:33:25.455,11019,11020,11020,1,1
2019-04-23 16:33:27.944,11019,11020,11020,1,1
2019-04-23 16:33:48.103,11019,11020,11019,8,-8
2019-04-23 16:34:14.754,11018,11019,11018,10,-10
2019-04-23 16:34:14.808,11018,11019,11018,2,-2
2019-04-23 16:34:41.302,11017,11018,11018,1,1
2019-04-23 16:34:50.825,11017,11018,11018,1,1
2019-04-23 16:34:57.899,11017,11018,11018,1,1
2019-04-23 16:34:58.308,11017,11018,11018,1,1
2019-04-23 16:34:58.431,11017,11018,11018,8,8
2019-04-23 16:34:58.431,11017,11018,11018,1,1
2019-04-23 16:34:58.556,11017,11018,11018,1,1
2019-04-23 16:34:58.556,11017,11018,11018,1,1
2019-04-23 16:35:04.409,11018,11019,11018,1,-1
2019-04-23 16:35:19.051,11018,11019,11018,1,-1
2019-04-23 16:36:05.617,11018,11019,11018,1,-1
2019-04-23 16:36:36.224,11018,11019,11018,1,-1
2019-04-23 16:38:08.038,11018,11019,11018,4,-4
2019-04-23 16:38:20.890,11018,11019,11018,2,-2
2019-04-23 16:39:04.790,11018,11019,11018,1,-1
2019-04-23 16:39:07.659,11018,11019,11018,1,-1
2019-04-23 16:39:10.759,11018,11019,11019,5,5
2019-04-23 16:39:10.779,11018,11019,11018,1,-1
2019-04-23 16:40:26.896,11018,11019,11018,1,-1
2019-04-23 16:40:56.123,11018,11019,11018,5,-5
2019-04-23 16:40:56.398,11018,11019,11018,8,-8
2019-04-23 16:40:56.558,11018,11019,11018,2,-2
2019-04-23 16:41:47.349,11017,11018,11018,1,1
2019-04-23 16:41:47.431,11017,11018,11018,1,1
2019-04-23 16:41:47.556,11017,11018,11018,1,1
2019-04-23 16:41:50.579,11017,11018,11018,2,2
2019-04-23 16:43:23.643,11017,11018,11018,1,1
2019-04-23 16:43:30.864,11017,11018,11018,1,1
2019-04-23 16:43:52.131,11017,11018,11018,2,2
2019-04-23 16:44:13.892,11017,11018,11018,1,1
2019-04-23 16:45:09.296,11017,11018,11018,1,1
2019-04-23 16:45:13.729,11017,11018,11018,1,1
2019-04-23 16:45:20.526,11017,11018,11017,2,-2
2019-04-23 16:45:20.942,11017,11018,11018,2,2
2019-04-23 16:45:22.431,11017,11018,11018,1,1
2019-04-23 16:45:29.903,11017,11018,11018,1,1
2019-04-23 16:46:31.709,11017,11018,11018,1,1
2019-04-23 16:47:07.621,11017,11018,11018,1,1
2019-04-23 16:47:28.279,11017,11018,11018,1,1
2019-04-23 16:48:49.693,11017,11018,11018,1,1
2019-04-23 16:49:24.668,11017,11018,11018,2,2
2019-04-23 16:49:36.403,11017,11018,11018,1,1
2019-04-23 16:49:47.332,11018,11019,11019,2,2
2019-04-23 16:49:47.333,11018,11019,11019,5,5
2019-04-23 16:50:36.775,11019,11020,11020,1,1
2019-04-23 16:51:18.109,11019,11020,11020,1,1
2019-04-23 16:51:21.558,11019,11020,11020,2,2
2019-04-23 16:51:38.064,11019,11020,11020,1,1
2019-04-23 16:51:45.172,11019,11020,11020,1,1
2019-04-23 16:52:07.472,11019,11020,11020,1,1
2019-04-23 16:52:11.981,11019,11020,11020,1,1
2019-04-23 16:52:27.577,11019,11020,11020,2,2
2019-04-23 16:52:28.505,11019,11020,11020,1,1
2019-04-23 16:52:39.273,11019,11020,11020,1,1
2019-04-23 16:52:43.777,11019,11020,11020,1,1
2019-04-23 16:52:44.017,11020,11021,11020,1,-1
2019-04-23 16:53:03.129,11019,11020,11020,2,2
2019-04-23 16:53:14.534,11019,11020,11020,1,1
2019-04-23 16:53:20.805,11019,11020,11019,1,-1
2019-04-23 16:53:22.092,11019,11020,11020,1,1
2019-04-23 16:53:41.009,11019,11020,11020,1,1
2019-04-23 16:53:55.670,11019,11020,11020,2,2
2019-04-23 16:53:55.881,11019,11020,11020,2,2
2019-04-23 16:53:56.660,11019,11021,11021,2,2
2019-04-23 16:53:57.742,11019,11021,11021,2,2
2019-04-23 16:54:02.949,11019,11021,11021,2,2
2019-04-23 16:54:03.382,11019,11021,11021,2,2
2019-04-23 16:54:07.011,11019,11020,11020,1,1
2019-04-23 16:54:08.539,11019,11020,11020,1,1
2019-04-23 16:54:08.539,11019,11020,11021,1,1
2019-04-23 16:54:11.793,11019,11020,11020,1,1
2019-04-23 16:54:14.016,11019,11020,11020,1,1
2019-04-23 16:54:40.709,11019,11021,11021,1,1
2019-04-23 16:55:01.679,11020,11021,11021,1,1
2019-04-23 16:55:03.509,11020,11021,11021,1,1
2019-04-23 16:55:12.091,11020,11021,11021,1,1
2019-04-23 16:55:14.998,11020,11021,11021,1,1
2019-04-23 16:55:29.470,11020,11021,11021,3,3
2019-04-23 16:55:40.574,11020,11021,11020,10,-10
2019-04-23 16:55:40.589,11020,11021,11021,3,3
2019-04-23 16:55:40.681,11020,11021,11020,4,-4
2019-04-23 16:55:40.806,11020,11021,11020,2,-2
2019-04-23 16:55:41.182,11020,11021,11020,2,-2
2019-04-23 16:56:15.837,11019,11020,11020,1,1
2019-04-23 16:56:55.931,11019,11020,11020,1,1
2019-04-23 16:57:58.434,11019,11020,11020,1,1
2019-04-23 16:58:18.711,11019,11020,11020,1,1
2019-04-23 16:59:25.898,11019,11020,11019,3,-3
2019-04-23 17:00:14.984,11019,11020,11019,5,-5
2019-04-23 17:00:15.723,11019,11020,11019,2,-2
2019-04-23 17:00:25.073,11018,11019,11018,1,-1
2019-04-23 17:00:48.456,11018,11019,11018,1,-1
2019-04-23 17:01:21.563,11018,11019,11018,1,-1
2019-04-23 17:01:51.257,11018,11019,11018,1,-1
2019-04-23 17:01:58.867,11018,11019,11018,1,-1
2019-04-23 17:02:06.839,11018,11019,11018,1,-1
2019-04-23 17:02:11.583,11018,11019,11018,11,-11
2019-04-23 17:02:11.681,11018,11019,11018,2,-2
2019-04-23 17:02:38.548,11017,11018,11017,10,-10
2019-04-23 17:02:48.283,11017,11018,11017,1,-1
2019-04-23 17:03:48.825,11017,11018,11018,2,2
2019-04-23 17:03:48.825,11017,11018,11018,1,1
2019-04-23 17:03:48.931,11017,11018,11018,2,2
2019-04-23 17:04:19.205,11018,11019,11018,1,-1
2019-04-23 17:05:02.673,11018,11019,11019,2,2
2019-04-23 17:05:38.536,11018,11019,11019,2,2
2019-04-23 17:06:27.464,11018,11019,11019,1,1
2019-04-23 17:08:07.106,11018,11019,11019,2,2
2019-04-23 17:08:22.632,11018,11019,11019,1,1
2019-04-23 17:08:22.632,11018,11019,11019,2,2
2019-04-23 17:08:46.094,11019,11020,11019,1,-1
2019-04-23 17:09:11.452,11019,11020,11019,7,-7
2019-04-23 17:09:11.452,11019,11020,11018,1,-1
2019-04-23 17:09:57.247,11018,11019,11018,10,-10
2019-04-23 17:09:59.143,11018,11019,11018,1,-1
2019-04-23 17:10:05.369,11017,11018,11018,2,2
2019-04-23 17:10:42.016,11018,11019,11018,1,-1
2019-04-23 17:11:25.396,11018,11019,11018,2,-2
2019-04-23 17:11:36.473,11018,11019,11018,2,-2
2019-04-23 17:12:41.651,11017,11018,11018,2,2
2019-04-23 17:12:49.394,11017,11018,11018,2,2
2019-04-23 17:13:15.016,11017,11018,11018,5,5
2019-04-23 17:14:34.414,11017,11018,11017,1,-1
2019-04-23 17:15:27.697,11017,11018,11017,1,-1
2019-04-23 17:15:31.457,11017,11018,11017,1,-1
2019-04-23 17:15:39.322,11017,11018,11017,1,-1
2019-04-23 17:16:05.556,11017,11018,11018,1,1
2019-04-23 17:16:05.783,11017,11018,11018,1,1
2019-04-23 17:16:05.812,11017,11018,11018,1,1
2019-04-23 17:16:05.851,11017,11018,11018,2,2
2019-04-23 17:16:05.852,11017,11018,11018,4,4
2019-04-23 17:16:05.852,11017,11018,11018,1,1
2019-04-23 17:16:05.852,11017,11018,11018,2,2
2019-04-23 17:16:05.852,11017,11018,11018,2,2
2019-04-23 17:17:28.313,11018,11019,11018,2,-2
2019-04-23 17:18:14.288,11017,11018,11018,1,1
2019-04-23 17:18:19.375,11017,11018,11018,1,1
2019-04-23 17:18:57.260,11017,11018,11018,1,1
2019-04-23 17:18:57.308,11017,11019,11018,1,-1
2019-04-23 17:18:57.321,11017,11019,11018,1,-1
2019-04-23 17:18:57.322,11017,11019,11018,1,-1
2019-04-23 17:19:12.761,11017,11018,11018,1,1
2019-04-23 17:19:12.763,11017,11018,11018,2,2
2019-04-23 17:19:15.355,11018,11019,11018,10,-10
2019-04-23 17:21:01.813,11017,11018,11018,1,1
2019-04-23 17:21:26.801,11018,11019,11018,1,-1
2019-04-23 17:22:24.313,11018,11019,11018,1,-1
2019-04-23 17:22:54.800,11018,11019,11019,1,1
2019-04-23 17:23:11.684,11018,11019,11019,1,1
2019-04-23 17:23:20.673,11018,11019,11018,1,-1
2019-04-23 17:23:20.673,11018,11019,11018,1,-1
2019-04-23 17:23:20.681,11018,11019,11018,1,-1
2019-04-23 17:23:20.727,11018,11019,11018,1,-1
2019-04-23 17:23:29.049,11017,11018,11018,1,1
2019-04-23 17:23:30.012,11017,11018,11018,1,1
2019-04-23 17:25:10.758,11017,11018,11018,1,1
2019-04-23 17:25:56.931,11017,11019,11018,1,-1
2019-04-23 17:25:57.056,11017,11018,11018,1,1
2019-04-23 17:26:16.757,11017,11018,11018,1,1
2019-04-23 17:27:09.989,11017,11018,11018,1,1
2019-04-23 17:27:27.437,11017,11018,11017,1,-1
2019-04-23 17:27:32.480,11017,11018,11017,2,-2
2019-04-23 17:27:46.081,11017,11018,11017,1,-1
2019-04-23 17:27:52.997,11017,11018,11017,4,-4
2019-04-23 17:28:00.194,11017,11018,11017,4,-4
2019-04-23 17:28:07.526,11017,11018,11017,1,-1
2019-04-23 17:28:11.349,11017,11018,11017,1,-1
2019-04-23 17:28:11.349,11017,11018,11017,1,-1
2019-04-23 17:28:40.610,11017,11018,11017,2,-2
2019-04-23 17:28:46.026,11017,11018,11017,1,-1
2019-04-23 17:28:46.557,11017,11018,11017,6,-6
2019-04-23 17:29:16.419,11016,11017,11016,4,-4
2019-04-23 17:29:16.524,11016,11017,11016,1,-1
2019-04-23 17:29:16.575,11016,11017,11017,1,1
2019-04-23 17:29:16.631,11016,11017,11016,1,-1
2019-04-23 17:29:16.632,11016,11017,11016,7,-7
2019-04-23 17:29:17.095,11016,11017,11016,1,-1
2019-04-23 17:29:23.039,11016,11017,11016,1,-1
2019-04-23 17:29:25.032,11016,11017,11017,2,2
2019-04-23 17:29:38.160,11016,11017,11016,10,-10
2019-04-23 17:29:39.306,11016,11017,11016,3,-3
2019-04-23 17:29:41.806,11016,11017,11016,1,-1
2019-04-23 17:29:54.742,11016,11017,11016,1,-1
2019-04-23 17:29:59.353,11016,11017,11016,3,-3
2019-04-23 17:30:03.550,11016,11017,11016,3,-3
2019-04-23 17:30:14.113,11016,11017,11016,3,-3
2019-04-23 17:30:19.276,11016,11017,11016,3,-3
2019-04-23 17:30:23.101,11016,11017,11016,1,-1
2019-04-23 17:30:26.686,11016,11017,11016,1,-1
2019-04-23 17:30:36.941,11016,11017,11016,1,-1
2019-04-23 17:30:38.243,11016,11017,11016,1,-1
2019-04-23 17:30:47.315,11016,11017,11016,1,-1
2019-04-23 17:31:11.648,11015,11016,11015,1,-1
2019-04-23 17:31:11.768,11015,11016,11015,1,-1
2019-04-23 17:31:22.049,11015,11016,11016,1,1
2019-04-23 17:31:27.327,11015,11016,11016,1,1
2019-04-23 17:31:28.177,11015,11016,11016,2,2
2019-04-23 17:31:41.963,11015,11016,11016,1,1
2019-04-23 17:31:44.497,11015,11016,11016,1,1
2019-04-23 17:31:57.028,11015,11016,11016,1,1
2019-04-23 17:32:30.399,11015,11016,11016,1,1
2019-04-23 17:32:32.360,11015,11016,11016,1,1
2019-04-23 17:33:24.845,11015,11016,11016,1,1
2019-04-23 17:33:25.339,11015,11016,11016,6,6
2019-04-23 17:34:21.439,11016,11017,11016,16,-16
2019-04-23 17:34:25.769,11016,11017,11016,1,-1
2019-04-23 17:34:27.572,11016,11017,11016,1,-1
2019-04-23 17:34:33.945,11016,11017,11016,1,-1
2019-04-23 17:34:36.234,11015,11016,11016,1,1
2019-04-23 17:36:13.806,11016,11017,11017,1,1
2019-04-23 17:36:13.931,11016,11017,11017,1,1
2019-04-23 17:36:22.092,11016,11017,11017,1,1
2019-04-23 17:37:02.517,11016,11017,11017,1,1
2019-04-23 17:37:10.351,11016,11017,11017,1,1
2019-04-23 17:37:10.351,11016,11017,11017,4,4
2019-04-23 17:37:10.431,11016,11017,11017,2,2
2019-04-23 17:37:25.774,11016,11018,11016,5,-5
2019-04-23 17:39:04.806,11016,11017,11017,1,1
2019-04-23 17:39:42.261,11016,11017,11016,1,-1
2019-04-23 17:40:07.678,11016,11017,11017,2,2
2019-04-23 17:40:08.161,11017,11018,11016,1,-1
2019-04-23 17:40:18.435,11016,11017,11017,1,1
2019-04-23 17:40:26.183,11017,11018,11017,1,-1
2019-04-23 17:40:38.795,11017,11018,11017,1,-1
2019-04-23 17:40:49.021,11016,11017,11017,1,1
2019-04-23 17:40:53.499,11016,11017,11017,1,1
2019-04-23 17:41:53.905,11016,11017,11017,1,1
2019-04-23 17:44:46.234,11016,11017,11016,4,-4
2019-04-23 17:44:46.234,11016,11017,11016,1,-1
2019-04-23 17:44:46.235,11016,11017,11016,1,-1
2019-04-23 17:44:46.305,11016,11017,11016,16,-16
2019-04-23 17:44:46.717,11015,11016,11016,1,1
2019-04-23 17:44:51.431,11016,11017,11016,2,-2
2019-04-23 17:44:59.806,11016,11017,11016,1,-1
2019-04-23 17:45:09.548,11016,11017,11016,1,-1
2019-04-23 17:45:09.952,11015,11017,11015,1,-1
2019-04-23 17:46:12.431,11016,11017,11016,1,1
2019-04-23 17:46:20.266,11016,11017,11016,1,-1
2019-04-23 17:46:48.303,11016,11017,11016,1,-1
2019-04-23 17:47:30.904,11016,11017,11016,2,-2
2019-04-23 17:47:31.141,11016,11017,11016,2,-2
2019-04-23 17:47:33.457,11015,11016,11016,1,1
2019-04-23 17:47:33.467,11015,11016,11016,1,1
2019-04-23 17:47:40.456,11015,11016,11016,1,1
2019-04-23 17:47:43.060,11015,11016,11015,5,-5
2019-04-23 17:47:44.281,11015,11016,11015,1,-1
2019-04-23 17:47:53.471,11015,11016,11016,1,1
2019-04-23 17:48:02.732,11015,11016,11016,1,1
2019-04-23 17:48:26.174,11015,11016,11016,1,1
2019-04-23 17:48:26.181,11015,11016,11016,1,1
2019-04-23 17:48:26.181,11015,11016,11016,1,1
2019-04-23 17:48:26.181,11015,11016,11016,1,1
2019-04-23 17:48:27.156,11016,11017,11016,4,-4
2019-04-23 17:48:27.181,11015,11016,11016,8,8
2019-04-23 17:48:27.181,11015,11016,11016,1,1
2019-04-23 17:48:27.306,11015,11016,11016,2,2
2019-04-23 17:48:38.494,11016,11017,11016,1,-1
2019-04-23 17:48:40.899,11015,11016,11016,1,1
2019-04-23 17:48:40.931,11016,11017,11016,1,-1
2019-04-23 17:49:23.500,11016,11017,11016,1,-1
2019-04-23 17:49:23.931,11016,11017,11016,1,-1
2019-04-23 17:49:24.057,11016,11017,11016,5,-5
2019-04-23 17:50:12.252,11015,11016,11016,1,1
2019-04-23 17:50:12.686,11016,11017,11016,1,-1
2019-04-23 17:50:12.804,11016,11017,11016,1,-1
2019-04-23 17:50:16.738,11015,11016,11016,2,2
2019-04-23 17:50:28.968,11015,11016,11016,1,1
2019-04-23 17:50:48.019,11015,11016,11016,1,1
2019-04-23 17:51:24.331,11015,11016,11016,2,2
2019-04-23 17:52:17.109,11015,11016,11015,3,-3
2019-04-23 17:52:19.607,11015,11016,11015,3,-3
2019-04-23 17:52:53.585,11015,11016,11016,1,1
2019-04-23 17:53:05.560,11015,11016,11015,3,-3
2019-04-23 17:53:17.562,11015,11016,11015,7,-7
2019-04-23 17:54:00.937,11015,11016,11015,1,-1
2019-04-23 17:54:11.703,11015,11016,11015,1,-1
2019-04-23 17:54:36.319,11015,11016,11015,1,-1
2019-04-23 17:54:57.211,11015,11016,11016,5,5
2019-04-23 17:55:07.474,11015,11016,11015,1,-1
2019-04-23 17:55:07.474,11015,11016,11015,1,-1
2019-04-23 17:55:07.556,11015,11016,11015,2,-2
2019-04-23 17:55:07.556,11015,11016,11015,3,-3
2019-04-23 17:55:07.683,11015,11016,11015,32,-32
2019-04-23 17:55:07.806,11015,11016,11015,8,-8
2019-04-23 17:55:07.806,11015,11016,11015,16,-16
2019-04-23 17:55:21.493,11014,11015,11014,1,-1
2019-04-23 17:55:23.418,11014,11015,11015,2,2
2019-04-23 17:55:37.787,11014,11015,11015,3,3
2019-04-23 17:55:41.751,11014,11015,11015,2,2
2019-04-23 17:55:46.474,11014,11015,11015,1,1
2019-04-23 17:55:49.510,11014,11015,11015,1,1
2019-04-23 17:56:04.980,11014,11015,11015,1,1
2019-04-23 17:56:26.308,11014,11015,11015,1,1
2019-04-23 17:56:31.822,11014,11015,11015,1,1
2019-04-23 17:56:39.276,11014,11015,11015,2,2
2019-04-23 17:57:22.675,11014,11015,11015,1,1
2019-04-23 17:57:22.681,11014,11015,11015,1,1
2019-04-23 17:57:22.806,11014,11015,11015,1,1
2019-04-23 17:57:23.056,11014,11015,11015,1,1
2019-04-23 17:57:23.181,11014,11015,11015,11,11
2019-04-23 17:57:23.306,11014,11015,11015,3,3
2019-04-23 17:57:30.404,11015,11016,11015,3,-3
2019-04-23 17:57:33.070,11015,11016,11016,1,1
2019-04-23 17:57:35.639,11015,11016,11016,1,1
2019-04-23 17:57:37.907,11015,11016,11016,1,1
2019-04-23 17:57:45.091,11015,11016,11016,1,1
2019-04-23 17:58:03.182,11015,11016,11015,1,-1
2019-04-23 17:58:12.547,11015,11016,11015,1,-1
2019-04-23 17:58:13.150,11014,11015,11015,1,1
2019-04-23 17:58:56.569,11015,11016,11015,2,-2
2019-04-23 17:59:04.348,11015,11016,11015,1,-1
2019-04-23 17:59:20.500,11015,11016,11016,6,6
2019-04-23 17:59:20.936,11016,11017,11017,3,3
2019-04-23 17:59:25.015,11016,11017,11017,2,2
2019-04-23 17:59:57.176,11016,11017,11017,1,1
2019-04-23 18:00:11.141,11016,11017,11017,1,1
2019-04-23 18:00:11.756,11016,11017,11017,1,1
2019-04-23 18:00:45.431,11016,11017,11016,1,-1
2019-04-23 18:00:45.556,11016,11017,11016,1,-1
2019-04-23 18:00:55.568,11015,11016,11016,1,1
2019-04-23 18:01:00.072,11015,11016,11016,1,1
2019-04-23 18:01:16.519,11015,11016,11015,1,-1
2019-04-23 18:02:26.654,11015,11016,11016,2,2
2019-04-23 18:02:28.463,11015,11016,11015,2,-2
2019-04-23 18:03:43.302,11015,11016,11015,2,-2
2019-04-23 18:04:09.018,11015,11016,11016,1,1
2019-04-23 18:04:20.573,11015,11016,11015,2,-2
2019-04-23 18:04:20.692,11015,11016,11016,2,2
2019-04-23 18:04:25.339,11015,11016,11016,2,2
2019-04-23 18:04:25.339,11015,11016,11016,1,1
2019-04-23 18:04:30.652,11015,11016,11016,11,11
2019-04-23 18:04:30.681,11015,11016,11016,1,1
2019-04-23 18:04:30.681,11015,11016,11016,1,1
2019-04-23 18:04:30.681,11015,11016,11016,3,3
2019-04-23 18:04:30.681,11015,11016,11016,6,6
2019-04-23 18:04:30.681,11015,11016,11016,1,1
2019-04-23 18:04:30.923,11016,11017,11016,2,-2
2019-04-23 18:05:11.482,11016,11017,11016,1,-1
2019-04-23 18:05:26.931,11016,11017,11016,1,-1
2019-04-23 18:05:26.931,11016,11017,11016,1,-1
2019-04-23 18:05:33.836,11015,11016,11016,1,1
2019-04-23 18:06:16.888,11015,11016,11016,1,1
2019-04-23 18:07:25.845,11015,11016,11016,1,1
2019-04-23 18:07:25.846,11015,11016,11016,1,1
2019-04-23 18:07:25.848,11015,11016,11016,1,1
2019-04-23 18:07:25.887,11015,11016,11016,2,2
2019-04-23 18:07:25.887,11015,11016,11016,1,1
2019-04-23 18:07:25.905,11015,11016,11016,1,1
2019-04-23 18:07:33.056,11015,11016,11016,1,1
2019-04-23 18:07:42.765,11015,11016,11016,1,1
2019-04-23 18:08:12.637,11015,11016,11016,1,1
2019-04-23 18:08:13.619,11015,11016,11016,10,10
2019-04-23 18:08:13.681,11015,11016,11016,2,2
2019-04-23 18:08:13.681,11015,11016,11016,2,2
2019-04-23 18:08:13.681,11015,11016,11016,2,2
2019-04-23 18:08:13.682,11015,11016,11016,1,1
2019-04-23 18:08:13.682,11015,11016,11016,1,1
2019-04-23 18:08:13.683,11015,11016,11016,1,1
2019-04-23 18:08:13.684,11015,11016,11016,4,4
2019-04-23 18:08:13.726,11015,11016,11016,1,1
2019-04-23 18:08:25.083,11016,11017,11016,1,-1
2019-04-23 18:09:03.584,11016,11017,11016,2,-2
2019-04-23 18:09:23.267,11016,11017,11016,1,-1
2019-04-23 18:09:24.206,11016,11017,11016,2,-2
2019-04-23 18:09:27.851,11016,11017,11016,1,-1
2019-04-23 18:10:04.332,11016,11017,11016,3,-3
2019-04-23 18:10:35.850,11015,11016,11016,1,1
2019-04-23 18:10:36.578,11015,11016,11016,1,1
2019-04-23 18:10:36.840,11015,11016,11016,1,1
2019-04-23 18:10:37.096,11015,11016,11016,1,1
2019-04-23 18:11:47.688,11015,11016,11016,1,1
2019-04-23 18:12:08.692,11015,11016,11015,1,-1
2019-04-23 18:12:19.551,11015,11016,11015,1,-1
2019-04-23 18:12:23.564,11015,11016,11016,2,2
2019-04-23 18:13:23.264,11015,11016,11016,10,10
2019-04-23 18:13:37.819,11015,11016,11016,10,10
2019-04-23 18:13:37.931,11015,11016,11016,5,5
2019-04-23 18:13:37.994,11015,11016,11016,8,8
2019-04-23 18:13:38.056,11015,11016,11016,3,3
2019-04-23 18:13:38.056,11015,11016,11016,2,2
2019-04-23 18:13:38.056,11015,11016,11016,3,3
2019-04-23 18:14:59.580,11016,11017,11017,1,1
2019-04-23 18:15:10.583,11016,11017,11017,1,1
2019-04-23 18:15:33.096,11016,11017,11017,1,1
2019-04-23 18:15:42.778,11016,11017,11017,1,1
2019-04-23 18:16:05.461,11016,11017,11017,1,1
2019-04-23 18:16:14.227,11016,11017,11017,1,1
2019-04-23 18:16:29.888,11016,11017,11016,7,-7
2019-04-23 18:16:38.425,11015,11016,11016,1,1
2019-04-23 18:16:48.426,11015,11016,11016,1,1
2019-04-23 18:18:05.301,11015,11016,11016,1,1
2019-04-23 18:18:28.459,11015,11016,11015,1,-1
2019-04-23 18:19:04.536,11015,11016,11015,1,-1
2019-04-23 18:19:07.043,11015,11016,11015,1,-1
2019-04-23 18:19:13.074,11015,11016,11015,1,-1
2019-04-23 18:19:28.149,11015,11016,11015,25,-25
2019-04-23 18:19:28.181,11015,11016,11015,8,-8
2019-04-23 18:19:31.429,11015,11016,11015,1,-1
2019-04-23 18:19:36.429,11015,11016,11015,3,-3
2019-04-23 18:19:36.442,11014,11015,11015,2,2
2019-04-23 18:19:36.991,11014,11015,11015,4,4
2019-04-23 18:19:40.006,11014,11015,11015,1,1
2019-04-23 18:19:40.292,11014,11015,11015,1,1
2019-04-23 18:19:40.600,11014,11015,11015,1,1
2019-04-23 18:21:09.171,11015,11016,11016,2,2
2019-04-23 18:21:09.171,11015,11016,11016,1,1
2019-04-23 18:21:09.183,11015,11016,11016,2,2
2019-04-23 18:21:37.044,11015,11016,11015,25,-25
2019-04-23 18:21:37.044,11015,11016,11014,32,-32
2019-04-23 18:21:37.164,11014,11015,11014,55,-55
2019-04-23 18:21:37.235,11013,11014,11014,1,1
2019-04-23 18:21:37.437,11013,11014,11014,5,5
2019-04-23 18:21:37.617,11013,11014,11014,1,1
2019-04-23 18:21:56.951,11014,11015,11014,4,-4
2019-04-23 18:21:59.489,11014,11015,11015,2,2
2019-04-23 18:22:20.162,11014,11015,11015,1,1
2019-04-23 18:23:32.418,11014,11015,11014,1,-1
2019-04-23 18:23:51.301,11014,11015,11014,1,-1
2019-04-23 18:23:58.975,11014,11015,11014,2,-2
2019-04-23 18:23:59.053,11014,11015,11014,3,-3
2019-04-23 18:23:59.054,11014,11015,11014,1,-1
2019-04-23 18:23:59.055,11014,11015,11014,1,-1
2019-04-23 18:23:59.056,11014,11015,11014,1,-1
2019-04-23 18:24:11.936,11014,11015,11014,1,-1
2019-04-23 18:24:38.855,11014,11015,11014,1,-1
2019-04-23 18:24:38.855,11014,11015,11014,1,-1
2019-04-23 18:24:38.857,11014,11015,11014,1,-1
2019-04-23 18:24:38.858,11014,11015,11014,2,-2
2019-04-23 18:24:38.858,11014,11015,11014,1,-1
2019-04-23 18:24:38.860,11014,11015,11014,1,-1
2019-04-23 18:24:38.894,11014,11015,11014,1,-1
2019-04-23 18:24:38.894,11014,11015,11014,2,-2
2019-04-23 18:24:38.894,11014,11015,11014,4,-4
2019-04-23 18:24:39.211,11013,11014,11013,6,-6
2019-04-23 18:24:39.215,11013,11014,11013,2,-2
2019-04-23 18:24:39.366,11013,11014,11013,1,-1
2019-04-23 18:24:51.782,11013,11014,11013,1,-1
2019-04-23 18:25:09.644,11013,11014,11013,1,-1
2019-04-23 18:25:10.093,11013,11014,11013,1,-1
2019-04-23 18:25:23.597,11013,11014,11013,1,-1
2019-04-23 18:25:39.187,11013,11014,11013,1,-1
2019-04-23 18:25:46.469,11013,11014,11014,1,1
2019-04-23 18:25:46.789,11013,11014,11014,1,1
2019-04-23 18:25:47.173,11013,11014,11014,1,1
2019-04-23 18:25:47.509,11013,11014,11014,1,1
2019-04-23 18:25:47.861,11013,11014,11014,1,1
2019-04-23 18:25:50.168,11014,11015,11014,4,-4
2019-04-23 18:25:50.168,11014,11015,11013,76,-76
2019-04-23 18:25:50.181,11013,11014,11013,10,-10
2019-04-23 18:25:50.181,11013,11014,11013,3,-3
2019-04-23 18:25:50.333,11012,11013,11013,1,1
2019-04-23 18:25:50.439,11012,11013,11013,5,5
2019-04-23 18:25:50.481,11012,11013,11012,5,-5
2019-04-23 18:25:50.562,11012,11013,11013,5,5
2019-04-23 18:25:50.607,11012,11013,11012,1,-1
2019-04-23 18:25:50.668,11012,11013,11012,1,-1
2019-04-23 18:25:51.189,11012,11013,11012,2,-2
2019-04-23 18:25:51.479,11012,11013,11012,1,-1
2019-04-23 18:25:56.638,11012,11013,11012,6,-6
2019-04-23 18:25:56.684,11012,11013,11012,2,-2
2019-04-23 18:26:01.566,11012,11013,11012,2,-2
2019-04-23 18:26:01.698,11012,11013,11012,2,-2
2019-04-23 18:26:11.309,11012,11013,11012,1,-1
2019-04-23 18:26:24.890,11012,11013,11012,6,-6
2019-04-23 18:26:46.350,11012,11013,11012,1,-1
2019-04-23 18:26:50.153,11012,11013,11012,2,-2
2019-04-23 18:27:14.384,11012,11013,11012,6,-6
2019-04-23 18:27:15.940,11012,11013,11012,4,-4
2019-04-23 18:27:23.275,11012,11013,11012,1,-1
2019-04-23 18:27:31.879,11012,11013,11013,1,1
2019-04-23 18:27:36.255,11012,11013,11013,1,1
2019-04-23 18:27:46.403,11012,11013,11013,2,2
2019-04-23 18:27:46.431,11012,11013,11013,2,2
2019-04-23 18:28:03.160,11013,11014,11013,12,-12
2019-04-23 18:28:03.160,11013,11014,11012,22,-22
2019-04-23 18:28:04.059,11012,11013,11013,5,5
2019-04-23 18:28:11.859,11012,11013,11012,9,-9
2019-04-23 18:28:12.246,11011,11012,11012,1,1
2019-04-23 18:28:13.121,11012,11013,11012,1,-1
2019-04-23 18:28:16.607,11011,11012,11012,7,7
2019-04-23 18:28:33.212,11012,11013,11013,1,1
2019-04-23 18:28:47.445,11012,11013,11013,1,1
2019-04-23 18:29:10.427,11012,11013,11012,10,-10
2019-04-23 18:29:18.450,11012,11013,11012,3,-3
2019-04-23 18:29:18.684,11011,11012,11012,5,5
2019-04-23 18:29:20.571,11011,11012,11011,1,-1
2019-04-23 18:29:20.715,11011,11012,11011,1,-1
2019-04-23 18:29:21.974,11011,11012,11011,1,-1
2019-04-23 18:29:22.342,11011,11012,11012,1,1
2019-04-23 18:29:23.631,11011,11012,11012,1,1
2019-04-23 18:29:25.039,11011,11012,11012,1,1
2019-04-23 18:29:40.181,11012,11013,11012,1,-1
2019-04-23 18:29:53.270,11012,11013,11012,4,-4
2019-04-23 18:30:07.376,11011,11012,11011,5,-5
2019-04-23 18:30:07.745,11011,11012,11011,3,-3
2019-04-23 18:30:13.479,11011,11012,11011,34,-34
2019-04-23 18:30:13.556,11010,11011,11010,3,-3
2019-04-23 18:30:13.739,11010,11011,11010,1,-1
2019-04-23 18:30:13.832,11010,11011,11010,1,-1
2019-04-23 18:30:13.925,11010,11011,11010,3,-3
2019-04-23 18:30:20.894,11010,11011,11011,2,2
2019-04-23 18:30:25.158,11011,11012,11011,1,-1
2019-04-23 18:30:26.810,11011,11012,11011,1,-1
2019-04-23 18:30:34.371,11011,11012,11011,8,-8
2019-04-23 18:30:34.371,11011,11012,11010,4,-4
2019-04-23 18:30:49.721,11010,11011,11011,1,1
2019-04-23 18:30:50.146,11010,11011,11011,2,2
2019-04-23 18:30:50.272,11010,11011,11010,5,-5
2019-04-23 18:30:51.640,11010,11011,11010,1,-1
2019-04-23 18:30:55.725,11010,11011,11010,1,-1
2019-04-23 18:31:22.115,11010,11011,11010,1,-1
2019-04-23 18:31:30.216,11010,11011,11010,3,-3
2019-04-23 18:31:34.543,11010,11011,11011,1,1
2019-04-23 18:31:47.592,11010,11011,11011,2,2
2019-04-23 18:31:51.241,11010,11011,11011,2,2
2019-04-23 18:31:51.740,11010,11011,11010,5,-5
2019-04-23 18:31:56.358,11010,11011,11011,1,1
2019-04-23 18:32:11.286,11010,11011,11011,1,1
2019-04-23 18:32:13.772,11010,11011,11011,1,1
2019-04-23 18:32:16.124,11010,11011,11011,1,1
2019-04-23 18:32:20.830,11010,11011,11011,1,1
2019-04-23 18:32:25.338,11010,11011,11011,1,1
2019-04-23 18:32:27.534,11010,11011,11011,1,1
2019-04-23 18:32:47.603,11010,11011,11011,1,1
2019-04-23 18:32:52.943,11010,11011,11011,2,2
2019-04-23 18:32:57.595,11010,11011,11011,2,2
2019-04-23 18:33:09.753,11010,11011,11010,6,-6
2019-04-23 18:33:10.224,11010,11011,11011,2,2
2019-04-23 18:33:28.530,11010,11011,11011,10,10
2019-04-23 18:33:28.806,11010,11011,11011,2,2
2019-04-23 18:33:36.887,11011,11012,11011,1,-1
2019-04-23 18:34:40.291,11011,11012,11011,1,-1
2019-04-23 18:34:45.146,11011,11012,11011,1,-1
2019-04-23 18:35:33.667,11011,11012,11011,1,-1
2019-04-23 18:35:51.779,11011,11012,11011,1,-1
2019-04-23 18:36:27.321,11011,11012,11012,2,2
2019-04-23 18:36:40.073,11011,11012,11012,2,2
2019-04-23 18:36:42.494,11011,11012,11011,2,-2
2019-04-23 18:36:42.495,11011,11012,11011,11,-11
2019-04-23 18:36:42.495,11011,11012,11011,5,-5
2019-04-23 18:36:45.837,11010,11011,11011,3,3
2019-04-23 18:36:49.912,11011,11012,11011,1,-1
2019-04-23 18:36:52.439,11011,11012,11011,1,-1
2019-04-23 18:36:54.236,11011,11012,11012,2,2
2019-04-23 18:37:09.277,11011,11012,11012,1,1
2019-04-23 18:37:16.672,11011,11012,11011,15,-15
2019-04-23 18:37:18.305,11011,11012,11012,1,1
2019-04-23 18:37:30.684,11011,11012,11012,24,24
2019-04-23 18:37:30.684,11011,11012,11013,6,6
2019-04-23 18:37:47.388,11012,11013,11013,1,1
2019-04-23 18:37:53.768,11012,11013,11013,1,1
2019-04-23 18:37:59.555,11012,11013,11013,1,1
2019-04-23 18:38:04.811,11012,11013,11012,2,-2
2019-04-23 18:38:09.505,11012,11013,11012,2,-2
2019-04-23 18:38:45.158,11012,11013,11012,1,-1
2019-04-23 18:39:09.546,11012,11013,11012,1,-1
2019-04-23 18:40:01.472,11012,11013,11013,2,2
2019-04-23 18:40:07.207,11012,11013,11012,1,-1
2019-04-23 18:40:11.424,11012,11013,11013,1,1
2019-04-23 18:40:18.918,11012,11013,11012,3,-3
2019-04-23 18:40:31.000,11012,11013,11012,1,-1
2019-04-23 18:40:35.432,11012,11013,11012,2,-2
2019-04-23 18:41:15.226,11012,11013,11012,1,-1
2019-04-23 18:41:29.964,11012,11013,11012,1,-1
2019-04-23 18:41:56.969,11012,11013,11012,1,-1
2019-04-23 18:42:06.572,11012,11013,11012,1,-1
2019-04-23 18:42:12.137,11012,11013,11012,1,-1
2019-04-23 18:42:26.420,11012,11013,11013,5,5
2019-04-23 18:42:32.062,11012,11013,11013,1,1
2019-04-23 18:42:51.276,11013,11014,11013,1,-1
2019-04-23 18:42:51.537,11013,11014,11013,1,-1
2019-04-23 18:43:53.802,11013,11014,11013,2,-2
2019-04-23 18:44:15.864,11013,11014,11013,5,-5
2019-04-23 18:44:33.443,11013,11014,11013,1,-1
2019-04-23 18:44:33.443,11013,11014,11013,1,-1
2019-04-23 18:44:35.610,11013,11014,11013,1,-1
2019-04-23 18:44:42.346,11013,11014,11013,1,-1
2019-04-23 18:44:53.517,11012,11013,11012,1,-1
2019-04-23 18:45:36.651,11012,11013,11013,1,1
2019-04-23 18:45:46.066,11012,11013,11013,2,2
2019-04-23 18:45:57.122,11012,11013,11013,1,1
2019-04-23 18:45:57.826,11012,11013,11013,5,5
2019-04-23 18:47:34.184,11013,11014,11014,1,1
2019-04-23 18:47:36.901,11013,11014,11014,1,1
2019-04-23 18:47:42.840,11013,11014,11014,1,1
2019-04-23 18:47:45.750,11013,11014,11014,1,1
2019-04-23 18:47:49.266,11013,11014,11014,2,2
2019-04-23 18:48:08.894,11014,11015,11014,1,-1
2019-04-23 18:48:27.608,11014,11015,11015,1,1
2019-04-23 18:48:28.379,11014,11015,11015,1,1
2019-04-23 18:48:35.346,11014,11015,11015,1,1
2019-04-23 18:48:43.061,11014,11015,11015,1,1
2019-04-23 18:48:56.805,11014,11015,11015,1,1
2019-04-23 18:48:57.050,11014,11015,11015,1,1
2019-04-23 18:48:57.272,11014,11015,11015,1,1
2019-04-23 18:49:05.803,11014,11015,11015,1,1
2019-04-23 18:49:22.555,11014,11015,11015,1,1
2019-04-23 18:49:48.375,11014,11015,11015,1,1
2019-04-23 18:49:50.961,11014,11015,11015,1,1
2019-04-23 18:49:57.871,11014,11015,11015,2,2
2019-04-23 18:50:03.489,11014,11015,11015,1,1
2019-04-23 18:50:36.296,11014,11015,11015,9,9
2019-04-23 18:50:57.556,11014,11015,11015,8,8
2019-04-23 18:51:19.125,11014,11015,11015,2,2
2019-04-23 18:51:19.165,11014,11015,11015,2,2
2019-04-23 18:51:24.554,11014,11015,11015,1,1
2019-04-23 18:51:24.554,11014,11015,11015,5,5
2019-04-23 18:51:24.554,11014,11015,11015,1,1
2019-04-23 18:51:26.904,11015,11016,11016,1,1
2019-04-23 18:51:30.603,11015,11016,11015,2,-2
2019-04-23 18:51:35.587,11015,11016,11015,2,-2
2019-04-23 18:51:48.072,11015,11016,11015,7,-7
2019-04-23 18:51:48.181,11014,11015,11015,1,1
2019-04-23 18:51:48.181,11014,11015,11015,2,2
2019-04-23 18:52:21.445,11015,11016,11015,1,-1
2019-04-23 18:52:26.770,11015,11016,11015,1,-1
2019-04-23 18:52:27.646,11015,11016,11015,1,-1
2019-04-23 18:52:33.933,11015,11016,11015,2,-2
2019-04-23 18:52:44.540,11014,11015,11015,1,1
2019-04-23 18:52:47.004,11015,11016,11016,1,1
2019-04-23 18:53:23.426,11014,11015,11015,2,2
2019-04-23 18:53:53.381,11014,11015,11014,10,-10
2019-04-23 18:53:53.431,11014,11015,11014,7,-7
2019-04-23 18:54:58.851,11014,11015,11014,3,-3
2019-04-23 18:55:08.892,11014,11015,11014,5,-5
2019-04-23 18:55:08.892,11014,11015,11014,1,-1
2019-04-23 18:55:17.308,11014,11015,11015,2,2
2019-04-23 18:55:18.231,11014,11015,11015,1,1
2019-04-23 18:55:18.306,11014,11015,11015,1,1
2019-04-23 18:55:18.431,11014,11015,11015,12,12
2019-04-23 18:55:23.960,11015,11016,11015,1,-1
2019-04-23 18:55:30.847,11015,11016,11015,1,-1
2019-04-23 18:55:40.851,11015,11016,11016,1,1
2019-04-23 18:55:43.151,11015,11016,11015,3,-3
2019-04-23 18:55:53.772,11015,11016,11015,1,-1
2019-04-23 18:56:07.889,11015,11016,11016,1,1
2019-04-23 18:56:08.056,11015,11016,11016,1,1
2019-04-23 18:56:08.218,11015,11016,11016,1,1
2019-04-23 18:56:08.561,11015,11016,11016,1,1
2019-04-23 18:56:09.214,11015,11016,11016,1,1
2019-04-23 18:56:09.550,11015,11016,11016,1,1
2019-04-23 18:56:10.073,11015,11016,11016,1,1
2019-04-23 18:56:10.183,11015,11016,11016,9,9
2019-04-23 18:56:20.613,11016,11017,11016,5,-5
2019-04-23 18:56:20.619,11016,11017,11017,1,1
2019-04-23 18:56:20.975,11016,11017,11017,1,1
2019-04-23 18:56:21.904,11016,11017,11016,1,-1
2019-04-23 18:56:32.273,11016,11017,11016,1,-1
2019-04-23 18:56:44.734,11016,11017,11016,1,-1
2019-04-23 18:56:47.108,11016,11017,11016,1,-1
2019-04-23 18:57:00.298,11016,11017,11016,2,-2
2019-04-23 18:57:08.583,11016,11017,11016,4,-4
2019-04-23 18:57:08.584,11016,11017,11016,2,-2
2019-04-23 18:57:23.180,11015,11016,11016,1,1
2019-04-23 18:58:06.029,11015,11016,11016,1,1
2019-04-23 18:58:06.432,11015,11017,11016,1,-1
2019-04-23 18:59:01.741,11016,11017,11016,2,-2
2019-04-23 18:59:20.831,11016,11017,11016,1,-1
2019-04-23 18:59:46.006,11016,11017,11017,1,1
2019-04-23 19:00:01.377,11016,11017,11017,13,13
2019-04-23 19:00:02.226,11017,11018,11018,1,1
2019-04-23 19:00:08.681,11017,11018,11018,1,1
2019-04-23 19:00:08.935,11017,11018,11018,1,1
2019-04-23 19:00:09.067,11017,11018,11018,1,1
2019-04-23 19:00:09.223,11017,11018,11018,1,1
2019-04-23 19:00:09.325,11017,11018,11018,1,1
2019-04-23 19:00:09.472,11017,11018,11018,1,1
2019-04-23 19:00:09.656,11017,11018,11018,1,1
2019-04-23 19:00:09.835,11017,11018,11018,1,1
2019-04-23 19:00:10.035,11017,11018,11018,1,1
2019-04-23 19:00:17.428,11017,11018,11018,10,10
2019-04-23 19:00:18.077,11017,11018,11018,4,4
2019-04-23 19:00:18.181,11017,11018,11018,2,2
2019-04-23 19:00:18.360,11017,11018,11018,5,5
2019-04-23 19:00:24.267,11018,11019,11019,1,1
2019-04-23 19:00:27.199,11018,11019,11019,1,1
2019-04-23 19:00:28.137,11018,11019,11019,2,2
2019-04-23 19:00:29.591,11018,11019,11019,1,1
2019-04-23 19:00:32.642,11018,11019,11019,2,2
2019-04-23 19:00:33.368,11018,11019,11019,2,2
2019-04-23 19:00:36.162,11018,11019,11019,1,1
2019-04-23 19:00:38.469,11018,11019,11019,2,2
2019-04-23 19:00:53.579,11018,11019,11019,1,1
2019-04-23 19:00:54.267,11018,11019,11019,1,1
2019-04-23 19:00:57.692,11018,11019,11019,1,1
2019-04-23 19:00:58.513,11018,11019,11019,1,1
2019-04-23 19:00:58.516,11018,11019,11019,12,12
2019-04-23 19:01:00.557,11019,11020,11019,1,-1
2019-04-23 19:01:02.078,11018,11019,11019,1,1
2019-04-23 19:01:06.681,11018,11019,11019,5,5
2019-04-23 19:01:07.265,11018,11019,11019,1,1
2019-04-23 19:01:26.739,11018,11019,11019,1,1
2019-04-23 19:01:54.122,11018,11019,11019,1,1
2019-04-23 19:02:11.067,11018,11019,11019,1,1
2019-04-23 19:02:25.616,11018,11019,11018,1,-1
2019-04-23 19:02:27.337,11018,11019,11018,1,-1
2019-04-23 19:02:39.834,11018,11019,11018,3,-3
2019-04-23 19:02:42.554,11017,11018,11018,1,1
2019-04-23 19:03:04.844,11017,11018,11018,1,1
2019-04-23 19:03:08.355,11017,11018,11018,1,1
2019-04-23 19:03:11.975,11017,11018,11018,1,1
2019-04-23 19:03:12.510,11017,11018,11018,1,1
2019-04-23 19:03:17.205,11017,11018,11018,1,1
2019-04-23 19:03:17.507,11017,11018,11018,1,1
2019-04-23 19:03:19.659,11017,11018,11018,1,1
