2020-01-07 15:00:00.082,11864,11867,11867,30
2020-01-07 15:00:00.399,11866,11867,11867,6
2020-01-07 15:00:00.608,11866,11867,11866,1
2020-01-07 15:00:00.670,11866,11867,11867,13
2020-01-07 15:00:00.785,11866,11867,11867,3
2020-01-07 15:00:00.785,11866,11867,11868,2
2020-01-07 15:00:00.790,11866,11867,11868,1
2020-01-07 15:00:00.792,11866,11867,11866,5
2020-01-07 15:00:00.792,11866,11867,11865,1
2020-01-07 15:00:00.955,11865,11867,11865,6
2020-01-07 15:00:00.988,11865,11867,11866,1
2020-01-07 15:00:01.347,11866,11867,11867,4
2020-01-07 15:00:01.708,11866,11868,11868,3
2020-01-07 15:00:01.742,11866,11868,11867,1
2020-01-07 15:00:02.199,11867,11868,11867,1
2020-01-07 15:00:02.254,11866,11868,11868,4
2020-01-07 15:00:02.422,11866,11868,11866,8
2020-01-07 15:00:03.626,11867,11868,11868,1
2020-01-07 15:00:06.015,11866,11867,11866,1
2020-01-07 15:00:06.376,11866,11867,11866,1
2020-01-07 15:00:07.031,11865,11866,11865,1
2020-01-07 15:00:07.430,11865,11866,11865,1
2020-01-07 15:00:07.569,11865,11866,11865,6
2020-01-07 15:00:07.678,11865,11866,11866,1
2020-01-07 15:00:07.987,11865,11866,11865,2
2020-01-07 15:00:09.222,11865,11866,11865,2
2020-01-07 15:00:10.795,11865,11866,11866,1
2020-01-07 15:00:11.130,11865,11866,11866,2
2020-01-07 15:00:11.535,11865,11866,11865,1
2020-01-07 15:00:12.710,11865,11866,11866,1
2020-01-07 15:00:12.822,11865,11866,11865,10
2020-01-07 15:00:12.876,11864,11865,11865,2
2020-01-07 15:00:13.411,11864,11866,11864,1
2020-01-07 15:00:16.456,11865,11866,11865,1
2020-01-07 15:00:16.496,11864,11866,11864,1
2020-01-07 15:00:16.719,11864,11865,11865,2
2020-01-07 15:00:16.719,11864,11865,11866,9
2020-01-07 15:00:16.940,11864,11866,11864,6
2020-01-07 15:00:17.253,11864,11866,11866,2
2020-01-07 15:00:17.978,11865,11866,11865,2
2020-01-07 15:00:17.978,11865,11866,11864,2
2020-01-07 15:00:18.898,11865,11866,11865,1
2020-01-07 15:00:19.480,11865,11866,11866,2
2020-01-07 15:00:20.144,11865,11866,11865,1
2020-01-07 15:00:20.610,11865,11866,11865,4
2020-01-07 15:00:20.848,11864,11866,11864,12
2020-01-07 15:00:21.045,11864,11865,11865,1
2020-01-07 15:00:21.306,11864,11865,11865,1
2020-01-07 15:00:22.327,11864,11865,11865,1
2020-01-07 15:00:23.608,11864,11865,11864,2
2020-01-07 15:00:23.809,11864,11865,11865,1
2020-01-07 15:00:26.549,11864,11865,11865,7
2020-01-07 15:00:27.966,11865,11866,11865,6
2020-01-07 15:00:29.092,11865,11866,11865,11
2020-01-07 15:00:29.964,11864,11865,11864,1
2020-01-07 15:00:30.879,11864,11865,11865,1
2020-01-07 15:00:31.657,11864,11865,11864,1
2020-01-07 15:00:32.194,11864,11865,11865,1
2020-01-07 15:00:34.070,11864,11865,11865,1
2020-01-07 15:00:34.501,11864,11865,11865,4
2020-01-07 15:00:35.695,11865,11866,11865,1
2020-01-07 15:00:39.298,11865,11866,11865,2
2020-01-07 15:00:41.749,11865,11866,11865,1
2020-01-07 15:00:46.125,11865,11866,11866,3
2020-01-07 15:00:46.235,11865,11866,11866,3
2020-01-07 15:00:46.443,11866,11867,11866,2
2020-01-07 15:00:46.679,11866,11867,11867,3
2020-01-07 15:00:46.690,11866,11867,11867,1
2020-01-07 15:00:46.807,11866,11868,11868,1
2020-01-07 15:00:46.813,11866,11868,11868,1
2020-01-07 15:00:46.985,11867,11868,11868,1
2020-01-07 15:00:47.006,11867,11868,11867,1
2020-01-07 15:00:47.343,11867,11868,11868,1
2020-01-07 15:00:47.610,11867,11868,11868,1
2020-01-07 15:00:49.827,11868,11869,11868,1
2020-01-07 15:00:52.854,11868,11869,11868,1
2020-01-07 15:00:52.987,11868,11869,11868,2
2020-01-07 15:00:53.237,11868,11869,11868,2
2020-01-07 15:00:53.237,11868,11869,11867,4
2020-01-07 15:00:55.967,11868,11869,11868,1
2020-01-07 15:00:59.513,11867,11868,11868,3
2020-01-07 15:00:59.513,11867,11868,11869,1
2020-01-07 15:01:00.085,11867,11869,11867,3
2020-01-07 15:01:00.133,11867,11869,11867,1
2020-01-07 15:01:00.184,11867,11869,11869,2
2020-01-07 15:01:00.327,11867,11869,11869,3
2020-01-07 15:01:00.335,11867,11869,11869,5
2020-01-07 15:01:00.349,11867,11869,11867,1
2020-01-07 15:01:01.441,11867,11869,11867,5
2020-01-07 15:01:01.514,11867,11869,11867,1
2020-01-07 15:01:03.066,11866,11868,11868,3
2020-01-07 15:01:03.360,11866,11867,11867,2
2020-01-07 15:01:05.088,11866,11868,11866,8
2020-01-07 15:01:05.348,11866,11867,11867,2
2020-01-07 15:01:07.112,11866,11867,11866,1
2020-01-07 15:01:12.815,11866,11867,11866,1
2020-01-07 15:01:15.844,11866,11867,11866,2
2020-01-07 15:01:15.921,11866,11867,11866,1
2020-01-07 15:01:17.868,11866,11867,11867,1
2020-01-07 15:01:21.489,11866,11867,11866,1
2020-01-07 15:01:21.610,11866,11867,11866,4
2020-01-07 15:01:21.610,11866,11867,11866,3
2020-01-07 15:01:21.880,11865,11866,11866,4
2020-01-07 15:01:22.278,11866,11867,11867,1
2020-01-07 15:01:22.473,11866,11867,11866,1
2020-01-07 15:01:26.037,11866,11867,11866,3
2020-01-07 15:01:28.014,11865,11866,11866,1
2020-01-07 15:01:32.286,11865,11866,11866,1
2020-01-07 15:01:34.118,11865,11866,11866,1
2020-01-07 15:01:38.503,11866,11867,11866,1
2020-01-07 15:01:39.065,11866,11867,11866,1
2020-01-07 15:01:41.518,11865,11866,11866,2
2020-01-07 15:01:43.765,11866,11867,11866,1
2020-01-07 15:01:45.780,11866,11867,11867,1
2020-01-07 15:01:46.007,11866,11867,11866,1
2020-01-07 15:01:51.380,11866,11867,11867,1
2020-01-07 15:01:51.654,11866,11867,11866,1
2020-01-07 15:01:55.352,11866,11867,11867,3
2020-01-07 15:01:59.208,11866,11867,11867,1
2020-01-07 15:01:59.263,11866,11867,11866,1
2020-01-07 15:02:00.991,11866,11867,11866,1
2020-01-07 15:02:02.440,11866,11867,11867,10
2020-01-07 15:02:02.518,11866,11867,11867,9
2020-01-07 15:02:02.610,11866,11867,11867,4
2020-01-07 15:02:02.652,11866,11867,11867,1
2020-01-07 15:02:03.677,11867,11868,11868,1
2020-01-07 15:02:09.836,11867,11868,11868,6
2020-01-07 15:02:10.167,11868,11869,11869,1
2020-01-07 15:02:10.473,11868,11869,11869,1
2020-01-07 15:02:10.496,11868,11869,11869,1
2020-01-07 15:02:10.496,11868,11869,11869,3
2020-01-07 15:02:10.682,11868,11869,11869,5
2020-01-07 15:02:12.948,11868,11869,11868,3
2020-01-07 15:02:16.125,11868,11869,11868,2
2020-01-07 15:02:23.959,11867,11868,11867,14
2020-01-07 15:02:25.881,11867,11868,11867,1
2020-01-07 15:02:29.292,11866,11867,11867,10
2020-01-07 15:02:32.082,11866,11867,11867,1
2020-01-07 15:02:36.431,11866,11867,11867,1
2020-01-07 15:02:37.792,11866,11867,11867,1
2020-01-07 15:02:41.261,11866,11867,11867,8
2020-01-07 15:02:41.775,11866,11867,11867,2
2020-01-07 15:02:45.090,11866,11867,11866,1
2020-01-07 15:02:45.110,11866,11867,11866,3
2020-01-07 15:02:45.118,11866,11867,11866,1
2020-01-07 15:02:45.118,11866,11867,11866,1
2020-01-07 15:02:45.122,11866,11867,11866,1
2020-01-07 15:02:45.124,11866,11867,11866,1
2020-01-07 15:02:45.124,11866,11867,11866,1
2020-01-07 15:02:45.125,11866,11867,11866,1
2020-01-07 15:02:45.126,11866,11867,11866,16
2020-01-07 15:02:45.244,11865,11867,11865,1
2020-01-07 15:02:45.244,11865,11867,11865,1
2020-01-07 15:02:45.245,11865,11867,11865,1
2020-01-07 15:02:45.245,11865,11867,11865,1
2020-01-07 15:02:45.477,11865,11866,11866,1
2020-01-07 15:02:46.800,11865,11866,11865,15
2020-01-07 15:02:47.216,11864,11865,11865,1
2020-01-07 15:02:47.243,11864,11865,11865,2
2020-01-07 15:02:48.496,11864,11865,11865,1
2020-01-07 15:02:48.570,11864,11865,11866,5
2020-01-07 15:02:49.572,11865,11866,11865,10
2020-01-07 15:02:50.014,11864,11866,11866,1
2020-01-07 15:02:53.587,11864,11865,11865,1
2020-01-07 15:02:59.359,11864,11865,11864,1
2020-01-07 15:02:59.871,11864,11865,11864,1
2020-01-07 15:03:00.280,11864,11865,11864,6
2020-01-07 15:03:01.185,11864,11865,11864,2
2020-01-07 15:03:01.501,11864,11865,11864,6
2020-01-07 15:03:02.195,11863,11865,11863,1
2020-01-07 15:03:02.785,11863,11864,11863,1
2020-01-07 15:03:03.023,11863,11864,11863,1
2020-01-07 15:03:03.271,11863,11864,11863,1
2020-01-07 15:03:06.087,11863,11864,11863,1
2020-01-07 15:03:07.274,11863,11864,11863,3
2020-01-07 15:03:09.277,11863,11864,11863,6
2020-01-07 15:03:09.522,11863,11864,11863,1
2020-01-07 15:03:10.924,11863,11864,11863,5
2020-01-07 15:03:12.309,11863,11864,11863,1
2020-01-07 15:03:12.326,11863,11864,11863,1
2020-01-07 15:03:13.189,11863,11864,11863,1
2020-01-07 15:03:13.911,11863,11864,11864,1
2020-01-07 15:03:14.303,11863,11864,11863,5
2020-01-07 15:03:16.898,11863,11864,11863,1
2020-01-07 15:03:18.583,11863,11864,11863,3
2020-01-07 15:03:18.626,11863,11864,11863,2
2020-01-07 15:03:19.207,11862,11863,11863,2
2020-01-07 15:03:19.220,11862,11863,11863,2
2020-01-07 15:03:23.352,11862,11863,11862,4
2020-01-07 15:03:24.852,11862,11863,11862,3
2020-01-07 15:03:25.182,11862,11863,11863,5
2020-01-07 15:03:26.665,11862,11863,11862,7
2020-01-07 15:03:26.949,11862,11863,11862,5
2020-01-07 15:03:27.003,11862,11863,11863,1
2020-01-07 15:03:27.088,11862,11863,11863,1
2020-01-07 15:03:27.254,11862,11863,11862,1
2020-01-07 15:03:27.547,11862,11863,11862,16
2020-01-07 15:03:27.586,11862,11863,11862,2
2020-01-07 15:03:28.309,11861,11862,11862,1
2020-01-07 15:03:29.985,11861,11862,11861,1
2020-01-07 15:03:30.630,11861,11862,11861,1
2020-01-07 15:03:33.357,11861,11862,11861,1
2020-01-07 15:03:34.530,11861,11862,11861,1
2020-01-07 15:03:34.893,11861,11862,11861,1
2020-01-07 15:03:34.945,11861,11862,11862,3
2020-01-07 15:03:35.298,11861,11862,11861,1
2020-01-07 15:03:35.631,11861,11862,11861,1
2020-01-07 15:03:35.896,11861,11862,11861,5
2020-01-07 15:03:36.134,11861,11862,11861,2
2020-01-07 15:03:36.852,11861,11862,11861,12
2020-01-07 15:03:37.565,11861,11862,11861,6
2020-01-07 15:03:38.465,11860,11861,11860,2
2020-01-07 15:03:38.524,11860,11861,11860,1
2020-01-07 15:03:38.621,11860,11861,11861,1
2020-01-07 15:03:38.773,11860,11861,11860,1
2020-01-07 15:03:39.654,11860,11861,11860,1
2020-01-07 15:03:42.039,11860,11861,11860,1
2020-01-07 15:03:42.376,11860,11861,11860,2
2020-01-07 15:03:43.036,11860,11861,11860,1
2020-01-07 15:03:43.348,11860,11861,11860,3
2020-01-07 15:03:43.489,11860,11861,11860,1
2020-01-07 15:03:43.790,11860,11861,11860,2
2020-01-07 15:03:43.860,11860,11861,11860,6
2020-01-07 15:03:43.860,11860,11861,11860,1
2020-01-07 15:03:43.860,11860,11861,11860,1
2020-01-07 15:03:44.233,11859,11860,11860,1
2020-01-07 15:03:44.531,11859,11860,11859,2
2020-01-07 15:03:44.576,11859,11860,11860,1
2020-01-07 15:03:44.657,11859,11860,11860,1
2020-01-07 15:03:44.670,11859,11860,11860,1
2020-01-07 15:03:46.149,11859,11860,11860,1
2020-01-07 15:03:46.354,11859,11861,11860,1
2020-01-07 15:03:47.438,11859,11861,11859,2
2020-01-07 15:03:48.484,11859,11860,11860,1
2020-01-07 15:03:48.637,11859,11860,11860,1
2020-01-07 15:03:49.105,11859,11860,11859,1
2020-01-07 15:03:49.289,11859,11860,11860,1
2020-01-07 15:03:51.557,11859,11860,11860,1
2020-01-07 15:03:51.702,11859,11860,11860,1
2020-01-07 15:03:51.863,11859,11860,11860,1
2020-01-07 15:03:52.304,11859,11860,11860,1
2020-01-07 15:03:54.328,11859,11860,11860,3
2020-01-07 15:03:56.433,11859,11860,11859,1
2020-01-07 15:03:56.502,11859,11860,11859,16
2020-01-07 15:03:56.880,11858,11859,11859,1
2020-01-07 15:03:58.876,11858,11859,11858,2
2020-01-07 15:03:59.031,11858,11859,11858,1
2020-01-07 15:04:00.570,11858,11859,11858,1
2020-01-07 15:04:00.761,11858,11859,11858,1
2020-01-07 15:04:01.879,11858,11859,11858,1
2020-01-07 15:04:01.907,11858,11859,11858,2
2020-01-07 15:04:02.184,11858,11859,11859,5
2020-01-07 15:04:02.214,11858,11859,11858,1
2020-01-07 15:04:02.244,11858,11859,11858,1
2020-01-07 15:04:02.244,11858,11859,11858,1
2020-01-07 15:04:02.256,11858,11859,11858,1
2020-01-07 15:04:02.259,11858,11859,11858,1
2020-01-07 15:04:02.261,11858,11859,11858,1
2020-01-07 15:04:02.261,11858,11859,11858,3
2020-01-07 15:04:04.356,11858,11859,11858,11
2020-01-07 15:04:04.358,11858,11859,11857,15
2020-01-07 15:04:05.003,11857,11858,11858,1
2020-01-07 15:04:05.531,11857,11858,11858,2
2020-01-07 15:04:06.256,11857,11858,11858,1
2020-01-07 15:04:06.763,11857,11858,11858,1
2020-01-07 15:04:06.903,11857,11858,11858,5
2020-01-07 15:04:07.258,11858,11859,11858,1
2020-01-07 15:04:07.282,11858,11859,11859,1
2020-01-07 15:04:07.443,11858,11859,11858,1
2020-01-07 15:04:07.444,11858,11859,11858,1
2020-01-07 15:04:07.467,11858,11859,11858,1
2020-01-07 15:04:07.507,11857,11859,11858,1
2020-01-07 15:04:07.556,11857,11859,11857,1
2020-01-07 15:04:07.652,11857,11859,11857,1
2020-01-07 15:04:07.690,11857,11859,11857,5
2020-01-07 15:04:08.127,11857,11858,11858,2
2020-01-07 15:04:08.779,11857,11859,11858,1
2020-01-07 15:04:10.226,11858,11859,11858,2
2020-01-07 15:04:10.328,11858,11859,11858,3
2020-01-07 15:04:11.427,11858,11859,11858,1
2020-01-07 15:04:11.427,11858,11859,11858,1
2020-01-07 15:04:11.470,11858,11859,11858,1
2020-01-07 15:04:11.481,11858,11859,11858,2
2020-01-07 15:04:11.491,11858,11859,11858,1
2020-01-07 15:04:11.509,11858,11859,11858,1
2020-01-07 15:04:11.520,11858,11859,11858,1
2020-01-07 15:04:11.532,11858,11859,11858,2
2020-01-07 15:04:11.539,11858,11859,11858,1
2020-01-07 15:04:11.670,11858,11859,11858,1
2020-01-07 15:04:12.022,11858,11859,11859,6
2020-01-07 15:04:12.110,11859,11860,11859,1
2020-01-07 15:04:12.128,11859,11860,11859,1
2020-01-07 15:04:12.235,11858,11859,11859,1
2020-01-07 15:04:12.397,11858,11860,11859,1
2020-01-07 15:04:12.465,11858,11860,11859,2
2020-01-07 15:04:12.472,11858,11860,11859,1
2020-01-07 15:04:12.485,11859,11860,11859,1
2020-01-07 15:04:12.929,11858,11860,11859,1
2020-01-07 15:04:13.246,11858,11860,11858,3
2020-01-07 15:04:13.641,11859,11860,11859,2
2020-01-07 15:04:14.141,11859,11860,11859,2
2020-01-07 15:04:15.166,11859,11860,11859,1
2020-01-07 15:04:15.404,11859,11860,11859,1
2020-01-07 15:04:15.928,11859,11860,11859,1
2020-01-07 15:04:16.099,11859,11860,11859,4
2020-01-07 15:04:16.883,11859,11860,11859,1
2020-01-07 15:04:17.100,11859,11860,11859,1
2020-01-07 15:04:18.266,11859,11860,11860,1
2020-01-07 15:04:18.534,11859,11860,11859,8
2020-01-07 15:04:18.900,11859,11860,11860,1
2020-01-07 15:04:19.701,11859,11860,11859,4
2020-01-07 15:04:19.701,11859,11860,11858,11
2020-01-07 15:04:19.894,11858,11859,11858,1
2020-01-07 15:04:21.276,11858,11859,11858,1
2020-01-07 15:04:21.293,11858,11859,11858,1
2020-01-07 15:04:21.349,11858,11859,11858,1
2020-01-07 15:04:21.363,11858,11859,11858,1
2020-01-07 15:04:21.365,11858,11859,11858,1
2020-01-07 15:04:21.366,11858,11859,11858,1
2020-01-07 15:04:21.408,11858,11859,11859,1
2020-01-07 15:04:22.227,11858,11859,11859,1
2020-01-07 15:04:27.376,11858,11859,11859,1
2020-01-07 15:04:28.580,11858,11859,11859,1
2020-01-07 15:04:28.836,11858,11859,11859,1
2020-01-07 15:04:28.875,11858,11859,11859,1
2020-01-07 15:04:29.142,11859,11860,11859,2
2020-01-07 15:04:29.793,11859,11860,11859,1
2020-01-07 15:04:29.869,11859,11860,11859,1
2020-01-07 15:04:29.869,11859,11860,11858,1
2020-01-07 15:04:29.886,11859,11860,11858,1
2020-01-07 15:04:29.887,11859,11860,11858,1
2020-01-07 15:04:29.887,11859,11860,11858,1
2020-01-07 15:04:29.888,11859,11860,11858,2
2020-01-07 15:04:29.893,11859,11860,11858,1
2020-01-07 15:04:29.955,11859,11860,11858,1
2020-01-07 15:04:30.952,11858,11859,11858,2
2020-01-07 15:04:34.418,11858,11859,11858,1
2020-01-07 15:04:34.583,11858,11859,11859,1
2020-01-07 15:04:35.748,11858,11859,11859,1
2020-01-07 15:04:36.504,11858,11859,11858,1
2020-01-07 15:04:36.769,11858,11859,11859,1
2020-01-07 15:04:37.364,11858,11859,11858,1
2020-01-07 15:04:40.012,11858,11859,11858,2
2020-01-07 15:04:41.381,11858,11859,11859,1
2020-01-07 15:04:42.765,11858,11859,11858,6
2020-01-07 15:04:42.829,11858,11859,11859,1
2020-01-07 15:04:43.518,11858,11859,11859,3
2020-01-07 15:04:43.627,11858,11859,11859,5
2020-01-07 15:04:44.260,11859,11860,11859,1
2020-01-07 15:04:45.288,11859,11860,11859,1
2020-01-07 15:04:47.237,11859,11860,11859,1
2020-01-07 15:04:47.682,11859,11860,11859,1
2020-01-07 15:04:48.629,11859,11860,11860,34
2020-01-07 15:04:50.911,11860,11861,11860,1
2020-01-07 15:04:51.610,11860,11861,11861,7
2020-01-07 15:04:52.253,11860,11861,11861,2
2020-01-07 15:04:52.519,11860,11861,11861,1
2020-01-07 15:04:53.012,11860,11861,11861,1
2020-01-07 15:04:53.603,11860,11861,11861,1
2020-01-07 15:04:53.629,11860,11861,11861,7
2020-01-07 15:04:56.607,11861,11862,11861,1
2020-01-07 15:04:58.361,11861,11862,11861,1
2020-01-07 15:04:59.306,11861,11862,11861,2
2020-01-07 15:04:59.744,11861,11862,11862,4
2020-01-07 15:05:00.477,11861,11862,11862,5
2020-01-07 15:05:00.712,11861,11863,11862,3
2020-01-07 15:05:00.713,11861,11863,11862,2
2020-01-07 15:05:01.429,11862,11863,11863,2
2020-01-07 15:05:02.361,11862,11863,11863,2
2020-01-07 15:05:02.375,11862,11863,11863,3
2020-01-07 15:05:02.821,11862,11863,11863,1
2020-01-07 15:05:04.699,11862,11863,11863,2
2020-01-07 15:05:06.065,11862,11863,11863,1
2020-01-07 15:05:07.092,11862,11863,11862,1
2020-01-07 15:05:09.890,11862,11863,11863,1
2020-01-07 15:05:13.255,11862,11863,11863,1
2020-01-07 15:05:15.129,11862,11863,11862,5
2020-01-07 15:05:16.234,11861,11863,11863,1
2020-01-07 15:05:20.922,11861,11862,11862,1
2020-01-07 15:05:21.893,11861,11862,11862,4
2020-01-07 15:05:22.304,11862,11863,11863,2
2020-01-07 15:05:24.296,11862,11863,11862,1
2020-01-07 15:05:27.214,11861,11863,11863,10
2020-01-07 15:05:27.751,11862,11863,11862,3
2020-01-07 15:05:50.757,11862,11863,11863,2
2020-01-07 15:05:51.731,11862,11863,11863,1
2020-01-07 15:05:53.606,11862,11863,11863,2
2020-01-07 15:05:53.735,11862,11863,11863,2
2020-01-07 15:05:53.813,11862,11863,11863,1
2020-01-07 15:05:56.343,11862,11863,11863,11
2020-01-07 15:05:58.687,11863,11864,11863,6
2020-01-07 15:05:59.913,11863,11864,11864,2
2020-01-07 15:06:04.714,11863,11864,11864,1
2020-01-07 15:06:05.042,11863,11864,11863,2
2020-01-07 15:06:05.089,11863,11864,11863,1
2020-01-07 15:06:05.584,11863,11864,11864,1
2020-01-07 15:06:08.583,11863,11864,11864,1
2020-01-07 15:06:08.774,11863,11864,11864,19
2020-01-07 15:06:09.423,11864,11865,11865,8
2020-01-07 15:06:10.750,11865,11866,11865,1
2020-01-07 15:06:12.549,11865,11866,11866,2
2020-01-07 15:06:13.493,11865,11866,11866,1
2020-01-07 15:06:13.671,11866,11867,11866,1
2020-01-07 15:06:14.486,11866,11867,11866,1
2020-01-07 15:06:17.734,11866,11867,11867,1
2020-01-07 15:06:18.261,11866,11867,11866,1
2020-01-07 15:06:21.296,11866,11867,11866,1
2020-01-07 15:06:24.632,11866,11867,11867,1
2020-01-07 15:06:26.275,11866,11867,11867,5
2020-01-07 15:06:26.295,11866,11867,11868,1
2020-01-07 15:06:26.391,11867,11868,11867,1
2020-01-07 15:06:26.417,11867,11868,11868,1
2020-01-07 15:06:26.461,11867,11868,11868,1
2020-01-07 15:06:27.006,11867,11868,11867,1
2020-01-07 15:06:29.145,11866,11867,11867,1
2020-01-07 15:06:31.437,11867,11868,11868,1
2020-01-07 15:06:31.705,11867,11868,11868,2
2020-01-07 15:06:32.605,11867,11868,11868,5
2020-01-07 15:06:32.665,11867,11868,11868,6
2020-01-07 15:06:33.797,11868,11869,11869,1
2020-01-07 15:06:33.971,11868,11869,11869,5
2020-01-07 15:06:33.985,11868,11870,11870,5
2020-01-07 15:06:34.129,11868,11870,11870,3
2020-01-07 15:06:34.195,11868,11870,11869,1
2020-01-07 15:06:34.203,11868,11870,11870,2
2020-01-07 15:06:34.664,11869,11870,11870,1
2020-01-07 15:06:34.829,11869,11870,11869,2
2020-01-07 15:06:34.977,11869,11870,11869,3
2020-01-07 15:06:37.984,11869,11870,11869,1
2020-01-07 15:06:39.176,11869,11870,11869,1
2020-01-07 15:06:39.452,11869,11870,11870,2
2020-01-07 15:06:40.840,11869,11870,11869,4
2020-01-07 15:06:42.361,11868,11869,11868,6
2020-01-07 15:06:42.544,11867,11869,11869,1
2020-01-07 15:06:43.237,11867,11868,11868,1
2020-01-07 15:06:43.457,11867,11868,11868,1
2020-01-07 15:06:45.395,11867,11868,11868,1
2020-01-07 15:06:46.475,11867,11868,11867,5
2020-01-07 15:06:48.436,11866,11867,11867,1
2020-01-07 15:06:48.532,11866,11867,11867,2
2020-01-07 15:06:49.411,11866,11867,11867,1
2020-01-07 15:06:53.722,11866,11867,11867,1
2020-01-07 15:06:54.057,11866,11867,11867,1
2020-01-07 15:07:02.585,11866,11867,11867,1
2020-01-07 15:07:02.857,11866,11867,11867,6
2020-01-07 15:07:03.186,11866,11867,11867,3
2020-01-07 15:07:03.186,11866,11867,11868,3
2020-01-07 15:07:03.815,11867,11868,11867,1
2020-01-07 15:07:13.476,11867,11868,11868,4
2020-01-07 15:07:13.563,11867,11868,11868,1
2020-01-07 15:07:14.665,11868,11869,11869,6
2020-01-07 15:07:16.186,11869,11870,11870,1
2020-01-07 15:07:16.407,11869,11870,11870,3
2020-01-07 15:07:16.407,11869,11870,11871,2
2020-01-07 15:07:16.518,11869,11871,11871,2
2020-01-07 15:07:17.618,11870,11871,11871,2
2020-01-07 15:07:17.965,11871,11872,11871,5
2020-01-07 15:07:17.965,11871,11872,11870,1
2020-01-07 15:07:18.101,11871,11872,11872,1
2020-01-07 15:07:18.140,11871,11872,11872,1
2020-01-07 15:07:18.181,11871,11872,11872,1
2020-01-07 15:07:18.556,11871,11872,11871,1
2020-01-07 15:07:18.921,11871,11872,11872,1
2020-01-07 15:07:22.103,11871,11872,11872,1
2020-01-07 15:07:22.905,11871,11872,11872,1
2020-01-07 15:07:23.064,11871,11872,11872,1
2020-01-07 15:07:25.356,11871,11872,11872,1
2020-01-07 15:07:25.417,11871,11872,11872,1
2020-01-07 15:07:25.874,11871,11872,11872,1
2020-01-07 15:07:27.035,11871,11872,11872,12
2020-01-07 15:07:27.035,11871,11872,11873,3
2020-01-07 15:07:28.963,11871,11872,11872,1
2020-01-07 15:07:29.290,11871,11872,11872,11
2020-01-07 15:07:29.290,11871,11872,11873,4
2020-01-07 15:07:29.336,11871,11872,11871,1
2020-01-07 15:07:30.439,11871,11872,11871,1
2020-01-07 15:07:34.071,11871,11872,11872,1
2020-01-07 15:07:35.529,11871,11872,11872,1
2020-01-07 15:07:37.818,11871,11872,11872,2
2020-01-07 15:07:40.079,11871,11872,11872,3
2020-01-07 15:07:40.145,11871,11872,11872,3
2020-01-07 15:07:42.294,11871,11872,11872,1
2020-01-07 15:07:42.524,11871,11872,11872,1
2020-01-07 15:07:42.747,11871,11872,11872,1
2020-01-07 15:07:43.440,11871,11872,11872,1
2020-01-07 15:07:43.485,11871,11872,11872,2
2020-01-07 15:07:45.473,11872,11873,11873,19
2020-01-07 15:07:46.530,11872,11874,11874,1
2020-01-07 15:07:46.610,11872,11873,11873,1
2020-01-07 15:07:46.667,11872,11873,11873,1
2020-01-07 15:07:46.728,11872,11873,11874,1
2020-01-07 15:07:47.235,11873,11874,11874,3
2020-01-07 15:07:47.237,11873,11874,11874,1
2020-01-07 15:07:47.294,11873,11874,11875,1
2020-01-07 15:07:47.323,11873,11874,11875,1
2020-01-07 15:07:47.757,11873,11875,11873,2
2020-01-07 15:07:48.178,11873,11874,11874,1
2020-01-07 15:07:48.665,11873,11874,11874,2
2020-01-07 15:07:48.900,11873,11874,11874,1
2020-01-07 15:07:48.900,11873,11874,11874,1
2020-01-07 15:07:49.888,11874,11875,11874,5
2020-01-07 15:07:50.023,11874,11875,11874,1
2020-01-07 15:07:50.223,11873,11874,11874,2
2020-01-07 15:07:50.435,11873,11874,11874,1
2020-01-07 15:07:51.358,11873,11875,11875,5
2020-01-07 15:07:51.574,11873,11875,11875,1
2020-01-07 15:07:52.301,11874,11876,11876,1
2020-01-07 15:07:52.519,11874,11876,11876,2
2020-01-07 15:07:52.555,11874,11876,11876,1
2020-01-07 15:07:53.066,11875,11876,11876,2
2020-01-07 15:07:53.073,11875,11876,11876,2
2020-01-07 15:07:53.726,11875,11877,11875,1
2020-01-07 15:07:54.308,11875,11877,11875,1
2020-01-07 15:07:55.668,11875,11877,11877,1
2020-01-07 15:07:55.772,11875,11877,11877,5
2020-01-07 15:07:55.779,11875,11877,11877,1
2020-01-07 15:07:56.236,11876,11877,11876,1
2020-01-07 15:07:56.527,11876,11877,11877,1
2020-01-07 15:07:56.528,11876,11877,11877,1
2020-01-07 15:07:56.567,11876,11877,11877,2
2020-01-07 15:07:56.589,11876,11877,11877,2
2020-01-07 15:07:56.593,11876,11877,11877,1
2020-01-07 15:07:56.598,11876,11877,11878,1
2020-01-07 15:07:56.599,11876,11877,11878,1
2020-01-07 15:07:56.663,11876,11878,11878,1
2020-01-07 15:07:56.721,11876,11878,11878,1
2020-01-07 15:07:56.744,11876,11878,11876,4
2020-01-07 15:07:57.101,11876,11878,11878,1
2020-01-07 15:07:58.562,11876,11877,11877,4
2020-01-07 15:07:58.985,11877,11878,11878,4
2020-01-07 15:07:59.007,11877,11878,11877,2
2020-01-07 15:07:59.616,11877,11878,11878,1
2020-01-07 15:07:59.645,11877,11878,11877,1
2020-01-07 15:08:00.176,11877,11878,11878,1
2020-01-07 15:08:00.591,11877,11878,11877,1
2020-01-07 15:08:00.965,11877,11878,11877,1
2020-01-07 15:08:01.509,11877,11878,11878,1
2020-01-07 15:08:01.830,11877,11879,11877,5
2020-01-07 15:08:01.880,11877,11879,11878,1
2020-01-07 15:08:03.122,11877,11878,11878,1
2020-01-07 15:08:03.249,11877,11878,11878,1
2020-01-07 15:08:03.362,11878,11879,11878,1
2020-01-07 15:08:03.757,11877,11879,11877,20
2020-01-07 15:08:04.869,11877,11878,11878,6
2020-01-07 15:08:04.898,11877,11878,11877,1
2020-01-07 15:08:04.918,11877,11878,11877,1
2020-01-07 15:08:07.139,11876,11877,11877,1
2020-01-07 15:08:08.364,11876,11877,11876,8
2020-01-07 15:08:08.842,11875,11876,11876,1
2020-01-07 15:08:09.141,11875,11876,11876,5
2020-01-07 15:08:09.780,11875,11877,11877,4
2020-01-07 15:08:12.124,11875,11876,11876,1
2020-01-07 15:08:13.365,11876,11877,11876,1
2020-01-07 15:08:13.553,11875,11877,11877,1
2020-01-07 15:08:14.231,11875,11876,11876,1
2020-01-07 15:08:15.544,11875,11876,11876,2
2020-01-07 15:08:16.057,11875,11876,11876,2
2020-01-07 15:08:16.404,11875,11876,11876,2
2020-01-07 15:08:18.367,11876,11877,11876,2
2020-01-07 15:08:19.763,11876,11877,11876,1
2020-01-07 15:08:21.270,11876,11877,11876,2
2020-01-07 15:08:22.249,11875,11876,11876,1
2020-01-07 15:08:24.110,11875,11876,11875,16
2020-01-07 15:08:24.224,11875,11876,11876,5
2020-01-07 15:08:24.672,11874,11875,11874,1
2020-01-07 15:08:24.966,11874,11875,11875,1
2020-01-07 15:08:25.310,11874,11875,11875,1
2020-01-07 15:08:25.310,11874,11875,11876,8
2020-01-07 15:08:30.736,11875,11876,11875,1
2020-01-07 15:08:32.645,11874,11876,11874,1
2020-01-07 15:08:33.814,11875,11876,11876,1
2020-01-07 15:08:38.104,11875,11876,11876,1
2020-01-07 15:08:38.486,11875,11876,11876,2
2020-01-07 15:08:39.461,11875,11876,11876,5
2020-01-07 15:08:43.324,11875,11876,11876,1
2020-01-07 15:08:49.985,11875,11876,11876,1
2020-01-07 15:08:50.032,11875,11876,11876,2
2020-01-07 15:08:50.110,11875,11876,11876,5
2020-01-07 15:08:50.667,11876,11877,11876,1
2020-01-07 15:08:53.293,11876,11877,11877,1
2020-01-07 15:08:53.311,11876,11877,11877,1
2020-01-07 15:08:53.346,11876,11877,11877,1
2020-01-07 15:08:53.360,11876,11877,11877,4
2020-01-07 15:08:53.360,11876,11877,11877,3
2020-01-07 15:08:53.360,11876,11877,11877,2
2020-01-07 15:08:53.360,11876,11877,11877,2
2020-01-07 15:08:53.476,11876,11877,11877,7
2020-01-07 15:08:53.476,11876,11877,11877,3
2020-01-07 15:08:53.476,11876,11877,11877,2
2020-01-07 15:08:53.518,11877,11878,11878,4
2020-01-07 15:08:53.614,11877,11878,11878,11
2020-01-07 15:08:54.515,11878,11879,11878,1
2020-01-07 15:08:54.730,11878,11879,11879,3
2020-01-07 15:08:55.229,11878,11879,11878,1
2020-01-07 15:08:57.070,11878,11879,11879,1
2020-01-07 15:08:57.491,11878,11879,11879,1
2020-01-07 15:08:58.191,11878,11879,11879,1
2020-01-07 15:08:58.192,11878,11879,11879,1
2020-01-07 15:08:58.209,11878,11879,11879,1
2020-01-07 15:08:58.228,11878,11879,11879,1
2020-01-07 15:08:58.234,11878,11879,11879,1
2020-01-07 15:08:58.878,11879,11880,11880,2
2020-01-07 15:08:59.019,11879,11880,11880,1
2020-01-07 15:08:59.067,11879,11880,11880,1
2020-01-07 15:08:59.591,11879,11880,11880,1
2020-01-07 15:08:59.736,11879,11880,11880,1
2020-01-07 15:09:00.119,11879,11880,11879,1
2020-01-07 15:09:01.423,11879,11880,11880,2
2020-01-07 15:09:01.896,11879,11880,11879,2
2020-01-07 15:09:02.403,11879,11880,11880,1
2020-01-07 15:09:02.586,11879,11880,11880,1
2020-01-07 15:09:03.595,11879,11881,11879,1
2020-01-07 15:09:04.736,11879,11880,11879,8
2020-01-07 15:09:04.928,11878,11880,11880,1
2020-01-07 15:09:05.966,11879,11880,11879,1
2020-01-07 15:09:06.384,11879,11880,11879,1
2020-01-07 15:09:06.502,11878,11880,11880,1
2020-01-07 15:09:06.764,11878,11880,11880,2
2020-01-07 15:09:06.771,11878,11880,11880,1
2020-01-07 15:09:06.777,11878,11880,11880,1
2020-01-07 15:09:06.786,11878,11880,11879,1
2020-01-07 15:09:06.803,11878,11880,11879,1
2020-01-07 15:09:06.824,11878,11880,11879,2
2020-01-07 15:09:06.824,11878,11880,11880,1
2020-01-07 15:09:06.831,11878,11880,11880,1
2020-01-07 15:09:06.831,11878,11880,11880,1
2020-01-07 15:09:06.998,11879,11880,11880,1
2020-01-07 15:09:07.332,11879,11880,11880,1
2020-01-07 15:09:07.528,11879,11880,11880,1
2020-01-07 15:09:07.532,11879,11880,11879,1
2020-01-07 15:09:08.339,11879,11880,11880,1
2020-01-07 15:09:09.133,11879,11880,11879,1
2020-01-07 15:09:09.784,11879,11880,11880,1
2020-01-07 15:09:10.055,11879,11880,11880,1
2020-01-07 15:09:10.557,11879,11880,11880,1
2020-01-07 15:09:10.560,11879,11880,11880,1
2020-01-07 15:09:10.563,11879,11880,11880,1
2020-01-07 15:09:10.618,11879,11880,11880,1
2020-01-07 15:09:10.618,11879,11880,11880,1
2020-01-07 15:09:10.795,11879,11881,11880,1
2020-01-07 15:09:10.846,11879,11881,11880,1
2020-01-07 15:09:10.861,11880,11881,11880,9
2020-01-07 15:09:11.060,11879,11881,11881,1
2020-01-07 15:09:11.145,11879,11881,11881,2
2020-01-07 15:09:11.179,11879,11881,11881,1
2020-01-07 15:09:11.287,11879,11881,11881,1
2020-01-07 15:09:11.635,11879,11881,11881,1
2020-01-07 15:09:12.414,11880,11881,11880,1
2020-01-07 15:09:14.155,11880,11881,11881,1
2020-01-07 15:09:14.158,11880,11881,11881,1
2020-01-07 15:09:14.164,11880,11881,11881,1
2020-01-07 15:09:14.165,11880,11881,11881,1
2020-01-07 15:09:14.168,11880,11881,11881,1
2020-01-07 15:09:14.199,11880,11881,11881,1
2020-01-07 15:09:14.205,11880,11881,11881,2
2020-01-07 15:09:14.291,11880,11881,11881,1
2020-01-07 15:09:14.748,11880,11881,11880,1
2020-01-07 15:09:15.054,11880,11881,11880,1
2020-01-07 15:09:15.532,11880,11881,11881,4
2020-01-07 15:09:15.863,11881,11882,11881,7
2020-01-07 15:09:17.513,11880,11881,11881,5
2020-01-07 15:09:17.527,11880,11881,11882,1
2020-01-07 15:09:17.536,11880,11881,11882,1
2020-01-07 15:09:17.539,11880,11881,11882,2
2020-01-07 15:09:17.578,11880,11881,11882,1
2020-01-07 15:09:17.584,11880,11881,11882,1
2020-01-07 15:09:17.590,11880,11881,11882,1
2020-01-07 15:09:17.683,11880,11882,11882,1
2020-01-07 15:09:17.747,11880,11882,11882,1
2020-01-07 15:09:17.866,11880,11882,11880,1
2020-01-07 15:09:18.060,11880,11882,11882,1
2020-01-07 15:09:18.610,11880,11881,11880,2
2020-01-07 15:09:18.743,11879,11881,11881,1
2020-01-07 15:09:19.121,11879,11880,11880,1
2020-01-07 15:09:19.763,11879,11880,11880,1
2020-01-07 15:09:20.326,11879,11880,11880,3
2020-01-07 15:09:20.864,11879,11880,11879,44
2020-01-07 15:09:21.089,11878,11879,11879,1
2020-01-07 15:09:21.406,11878,11879,11879,1
2020-01-07 15:09:21.409,11878,11879,11879,1
2020-01-07 15:09:21.415,11878,11879,11879,1
2020-01-07 15:09:21.443,11878,11879,11879,2
2020-01-07 15:09:21.449,11878,11879,11879,1
2020-01-07 15:09:21.452,11878,11879,11880,1
2020-01-07 15:09:21.634,11878,11879,11880,1
2020-01-07 15:09:24.043,11879,11880,11880,3
2020-01-07 15:09:24.067,11879,11880,11880,2
2020-01-07 15:09:25.845,11879,11880,11880,1
2020-01-07 15:09:25.849,11879,11880,11880,2
2020-01-07 15:09:25.852,11879,11880,11881,1
2020-01-07 15:09:25.852,11879,11880,11881,1
2020-01-07 15:09:25.855,11879,11880,11881,1
2020-01-07 15:09:25.871,11879,11881,11880,1
2020-01-07 15:09:25.908,11879,11881,11880,1
2020-01-07 15:09:25.910,11879,11881,11881,1
2020-01-07 15:09:25.910,11879,11881,11881,1
2020-01-07 15:09:26.001,11879,11881,11880,1
2020-01-07 15:09:26.060,11879,11881,11881,1
2020-01-07 15:09:26.877,11879,11880,11879,1
2020-01-07 15:09:26.987,11879,11880,11879,15
2020-01-07 15:09:28.396,11879,11880,11880,2
2020-01-07 15:09:28.824,11879,11880,11880,1
2020-01-07 15:09:28.829,11879,11880,11880,1
2020-01-07 15:09:28.880,11879,11880,11880,2
2020-01-07 15:09:29.130,11879,11880,11880,1
2020-01-07 15:09:29.706,11879,11880,11880,3
2020-01-07 15:09:31.326,11879,11880,11880,2
2020-01-07 15:09:31.567,11879,11880,11880,1
2020-01-07 15:09:31.571,11879,11880,11880,1
2020-01-07 15:09:31.578,11879,11880,11880,1
2020-01-07 15:09:31.586,11879,11880,11880,1
2020-01-07 15:09:31.589,11879,11880,11880,1
2020-01-07 15:09:31.595,11879,11880,11880,1
2020-01-07 15:09:31.598,11879,11880,11880,1
2020-01-07 15:09:31.599,11879,11880,11880,1
2020-01-07 15:09:31.605,11879,11880,11880,1
2020-01-07 15:09:31.608,11879,11880,11880,1
2020-01-07 15:09:31.610,11879,11880,11880,5
2020-01-07 15:09:31.610,11879,11880,11880,1
2020-01-07 15:09:31.687,11879,11880,11881,1
2020-01-07 15:09:32.058,11880,11881,11881,1
2020-01-07 15:09:32.534,11880,11881,11881,2
2020-01-07 15:09:32.749,11880,11881,11880,1
2020-01-07 15:09:33.216,11880,11881,11880,1
2020-01-07 15:09:33.236,11880,11881,11880,11
2020-01-07 15:09:33.655,11879,11880,11880,1
2020-01-07 15:09:36.233,11879,11880,11880,1
2020-01-07 15:09:36.281,11879,11881,11881,2
2020-01-07 15:09:36.289,11879,11881,11881,1
2020-01-07 15:09:36.339,11879,11881,11881,2
2020-01-07 15:09:36.347,11879,11881,11881,1
2020-01-07 15:09:36.373,11879,11881,11881,1
2020-01-07 15:09:37.940,11880,11881,11880,1
2020-01-07 15:09:38.971,11880,11881,11881,1
2020-01-07 15:09:38.971,11880,11881,11881,1
2020-01-07 15:09:38.992,11880,11881,11881,1
2020-01-07 15:09:38.994,11880,11881,11881,1
2020-01-07 15:09:39.058,11880,11881,11882,1
2020-01-07 15:09:39.061,11880,11881,11882,1
2020-01-07 15:09:39.062,11880,11881,11882,1
2020-01-07 15:09:39.063,11880,11881,11882,1
2020-01-07 15:09:39.207,11881,11882,11882,1
2020-01-07 15:09:41.147,11881,11882,11881,1
2020-01-07 15:09:43.074,11881,11882,11881,1
2020-01-07 15:09:43.352,11881,11882,11882,1
2020-01-07 15:09:43.365,11881,11882,11882,1
2020-01-07 15:09:43.372,11881,11882,11882,1
2020-01-07 15:09:43.373,11881,11882,11882,2
2020-01-07 15:09:43.375,11881,11882,11882,1
2020-01-07 15:09:43.400,11881,11882,11883,1
2020-01-07 15:09:43.401,11881,11882,11883,2
2020-01-07 15:09:43.422,11881,11882,11883,1
2020-01-07 15:09:43.511,11881,11883,11881,10
2020-01-07 15:09:43.588,11881,11883,11881,1
2020-01-07 15:09:43.594,11881,11883,11883,1
2020-01-07 15:09:46.015,11881,11882,11882,1
2020-01-07 15:09:46.026,11881,11882,11882,1
2020-01-07 15:09:46.029,11881,11882,11882,1
2020-01-07 15:09:46.062,11881,11882,11883,1
2020-01-07 15:09:46.069,11881,11882,11883,1
2020-01-07 15:09:46.071,11881,11882,11883,1
2020-01-07 15:09:46.112,11882,11883,11882,1
2020-01-07 15:09:46.205,11882,11883,11883,1
2020-01-07 15:09:47.917,11882,11883,11883,1
2020-01-07 15:09:49.066,11882,11883,11883,1
2020-01-07 15:09:49.073,11882,11883,11883,2
2020-01-07 15:09:49.074,11882,11883,11883,1
2020-01-07 15:09:49.077,11882,11883,11883,1
2020-01-07 15:09:49.086,11882,11883,11883,1
2020-01-07 15:09:49.103,11882,11883,11883,1
2020-01-07 15:09:49.130,11882,11883,11883,1
2020-01-07 15:09:49.138,11882,11883,11884,1
2020-01-07 15:09:49.140,11882,11883,11884,1
2020-01-07 15:09:49.236,11882,11884,11884,1
2020-01-07 15:09:49.440,11882,11883,11883,1
2020-01-07 15:09:49.555,11882,11884,11882,1
2020-01-07 15:09:51.095,11882,11884,11882,5
2020-01-07 15:09:51.293,11882,11883,11883,3
2020-01-07 15:09:51.361,11883,11884,11883,5
2020-01-07 15:09:51.718,11882,11884,11884,1
2020-01-07 15:09:51.724,11882,11884,11884,1
2020-01-07 15:09:51.733,11882,11884,11884,1
2020-01-07 15:09:51.748,11882,11884,11884,2
2020-01-07 15:09:51.760,11882,11884,11884,1
2020-01-07 15:09:51.770,11882,11884,11884,1
2020-01-07 15:09:51.956,11882,11884,11884,1
2020-01-07 15:09:51.977,11882,11884,11882,1
2020-01-07 15:09:52.056,11882,11884,11884,1
2020-01-07 15:09:52.982,11883,11884,11883,3
2020-01-07 15:09:53.299,11883,11884,11883,1
2020-01-07 15:09:53.393,11883,11884,11883,1
2020-01-07 15:09:53.435,11883,11884,11882,1
2020-01-07 15:09:55.013,11881,11883,11883,1
2020-01-07 15:09:56.014,11881,11882,11882,3
2020-01-07 15:09:56.384,11881,11882,11881,1
2020-01-07 15:09:57.491,11881,11882,11881,15
2020-01-07 15:09:57.735,11880,11881,11881,1
2020-01-07 15:09:58.201,11880,11881,11881,1
2020-01-07 15:10:00.699,11881,11882,11881,5
2020-01-07 15:10:00.699,11881,11882,11880,2
2020-01-07 15:10:01.231,11880,11882,11882,15
2020-01-07 15:10:01.255,11880,11882,11882,3
2020-01-07 15:10:04.758,11881,11882,11882,3
2020-01-07 15:10:04.862,11882,11883,11882,7
2020-01-07 15:10:09.864,11881,11882,11881,11
2020-01-07 15:10:10.314,11880,11881,11880,1
2020-01-07 15:10:10.519,11880,11881,11881,1
2020-01-07 15:10:14.011,11880,11881,11880,1
2020-01-07 15:10:14.865,11880,11881,11880,29
2020-01-07 15:10:16.924,11879,11880,11880,1
2020-01-07 15:10:19.712,11879,11880,11880,5
2020-01-07 15:10:21.825,11879,11880,11879,4
2020-01-07 15:10:22.673,11879,11880,11879,3
2020-01-07 15:10:22.861,11879,11880,11879,3
2020-01-07 15:10:25.187,11879,11880,11879,1
2020-01-07 15:10:25.867,11879,11880,11879,1
2020-01-07 15:10:27.149,11879,11880,11879,1
2020-01-07 15:10:29.491,11879,11880,11879,1
2020-01-07 15:10:29.546,11879,11880,11879,1
2020-01-07 15:10:31.754,11879,11880,11879,1
2020-01-07 15:10:35.375,11879,11880,11879,1
2020-01-07 15:10:35.691,11879,11880,11879,1
2020-01-07 15:10:39.026,11879,11880,11879,1
2020-01-07 15:10:39.763,11879,11880,11879,1
2020-01-07 15:10:42.000,11879,11880,11879,3
2020-01-07 15:10:44.418,11879,11880,11879,1
2020-01-07 15:10:47.199,11879,11880,11879,1
2020-01-07 15:10:47.705,11879,11880,11879,3
2020-01-07 15:10:52.307,11879,11880,11880,1
2020-01-07 15:10:53.824,11879,11880,11879,6
2020-01-07 15:10:59.909,11878,11879,11879,1
2020-01-07 15:11:04.941,11878,11879,11879,1
2020-01-07 15:11:05.477,11878,11879,11879,6
2020-01-07 15:11:05.477,11878,11879,11880,8
2020-01-07 15:11:07.156,11879,11880,11879,1
2020-01-07 15:11:08.968,11879,11880,11879,1
2020-01-07 15:11:09.028,11879,11880,11879,1
2020-01-07 15:11:11.444,11878,11879,11879,3
2020-01-07 15:11:12.842,11878,11879,11879,4
2020-01-07 15:11:13.217,11879,11880,11879,2
2020-01-07 15:11:15.625,11879,11880,11879,3
2020-01-07 15:11:15.736,11879,11880,11879,2
2020-01-07 15:11:35.003,11878,11879,11879,1
2020-01-07 15:11:35.313,11878,11879,11878,1
2020-01-07 15:11:36.016,11878,11879,11879,1
2020-01-07 15:11:43.590,11878,11879,11879,1
2020-01-07 15:11:44.236,11878,11879,11879,3
2020-01-07 15:11:44.238,11878,11879,11879,3
2020-01-07 15:11:49.549,11878,11879,11879,1
2020-01-07 15:11:55.320,11878,11879,11878,14
2020-01-07 15:11:56.841,11877,11878,11877,1
2020-01-07 15:12:03.137,11877,11878,11877,1
2020-01-07 15:12:04.068,11877,11878,11878,1
2020-01-07 15:12:05.396,11877,11878,11877,1
2020-01-07 15:12:05.428,11877,11878,11878,1
2020-01-07 15:12:05.431,11877,11878,11877,1
2020-01-07 15:12:07.805,11877,11878,11878,1
2020-01-07 15:12:08.669,11877,11878,11877,1
2020-01-07 15:12:08.789,11877,11878,11877,1
2020-01-07 15:12:15.149,11877,11878,11877,1
2020-01-07 15:12:17.809,11877,11878,11877,5
2020-01-07 15:12:21.056,11877,11878,11877,5
2020-01-07 15:12:21.782,11877,11878,11877,1
2020-01-07 15:12:23.939,11877,11878,11878,1
2020-01-07 15:12:25.398,11877,11879,11877,1
2020-01-07 15:12:27.831,11877,11878,11878,1
2020-01-07 15:12:31.761,11877,11878,11877,1
2020-01-07 15:12:41.583,11877,11878,11877,1
2020-01-07 15:12:47.790,11877,11878,11878,1
2020-01-07 15:12:54.069,11877,11878,11877,1
2020-01-07 15:13:15.391,11877,11878,11878,1
2020-01-07 15:13:15.535,11877,11878,11878,5
2020-01-07 15:13:15.535,11877,11878,11878,3
2020-01-07 15:13:15.840,11878,11879,11878,1
2020-01-07 15:13:16.567,11878,11879,11878,1
2020-01-07 15:13:21.745,11878,11879,11879,1
2020-01-07 15:13:23.164,11878,11879,11878,1
2020-01-07 15:13:23.603,11878,11879,11879,1
2020-01-07 15:13:23.843,11878,11879,11879,1
2020-01-07 15:13:25.236,11878,11879,11879,1
2020-01-07 15:13:29.763,11879,11880,11880,1
2020-01-07 15:13:31.398,11879,11880,11880,7
2020-01-07 15:13:31.485,11879,11880,11880,1
2020-01-07 15:13:31.619,11879,11880,11880,1
2020-01-07 15:13:33.082,11879,11880,11880,1
2020-01-07 15:13:33.110,11879,11880,11880,4
2020-01-07 15:13:33.235,11879,11880,11880,3
2020-01-07 15:13:33.277,11879,11880,11880,1
2020-01-07 15:13:33.277,11879,11880,11880,3
2020-01-07 15:13:33.622,11879,11880,11880,1
2020-01-07 15:13:33.622,11879,11880,11880,3
2020-01-07 15:13:33.720,11879,11880,11880,2
2020-01-07 15:13:33.736,11879,11880,11880,1
2020-01-07 15:13:33.813,11879,11880,11880,1
2020-01-07 15:13:33.824,11879,11880,11880,1
2020-01-07 15:13:33.836,11879,11880,11880,1
2020-01-07 15:13:35.293,11880,11881,11880,1
2020-01-07 15:13:38.178,11879,11881,11881,4
2020-01-07 15:13:40.243,11880,11881,11881,3
2020-01-07 15:13:42.190,11880,11881,11881,1
2020-01-07 15:13:42.439,11880,11881,11881,1
2020-01-07 15:13:42.508,11880,11881,11881,2
2020-01-07 15:13:42.508,11880,11881,11881,4
2020-01-07 15:13:42.508,11880,11881,11881,1
2020-01-07 15:13:43.370,11880,11881,11881,1
2020-01-07 15:13:47.296,11881,11882,11881,1
2020-01-07 15:13:49.567,11881,11882,11881,1
2020-01-07 15:13:51.501,11881,11882,11882,1
2020-01-07 15:13:52.181,11881,11882,11882,1
2020-01-07 15:13:55.083,11881,11882,11881,1
2020-01-07 15:14:02.541,11880,11881,11881,2
2020-01-07 15:14:08.924,11880,11881,11880,1
2020-01-07 15:14:09.171,11880,11881,11881,1
2020-01-07 15:14:09.267,11880,11881,11881,1
2020-01-07 15:14:20.755,11880,11881,11880,7
2020-01-07 15:14:27.386,11879,11880,11880,1
2020-01-07 15:14:33.712,11879,11880,11880,3
2020-01-07 15:14:45.029,11879,11880,11879,11
2020-01-07 15:14:56.830,11878,11879,11878,2
2020-01-07 15:14:58.017,11878,11879,11879,1
2020-01-07 15:15:05.033,11878,11879,11878,1
2020-01-07 15:15:05.281,11878,11879,11878,1
2020-01-07 15:15:05.483,11877,11878,11877,2
2020-01-07 15:15:05.530,11877,11878,11878,2
2020-01-07 15:15:05.563,11877,11878,11878,2
2020-01-07 15:15:07.291,11877,11878,11878,1
2020-01-07 15:15:15.499,11877,11878,11877,4
2020-01-07 15:15:15.610,11877,11878,11877,9
2020-01-07 15:15:19.222,11876,11877,11877,1
2020-01-07 15:15:24.360,11876,11877,11877,5
2020-01-07 15:15:27.718,11876,11877,11877,1
2020-01-07 15:15:33.855,11876,11877,11877,1
2020-01-07 15:15:35.486,11876,11877,11876,11
2020-01-07 15:15:37.847,11875,11876,11875,1
2020-01-07 15:15:38.068,11875,11876,11875,7
2020-01-07 15:15:39.390,11874,11875,11874,2
2020-01-07 15:15:39.785,11874,11875,11874,1
2020-01-07 15:15:39.861,11874,11875,11874,8
2020-01-07 15:15:43.738,11873,11874,11873,2
2020-01-07 15:15:44.170,11873,11874,11873,2
2020-01-07 15:15:45.435,11872,11873,11873,1
2020-01-07 15:15:45.889,11872,11873,11873,1
2020-01-07 15:15:46.058,11872,11874,11872,2
2020-01-07 15:15:47.687,11873,11874,11873,1
2020-01-07 15:15:48.296,11873,11874,11873,1
2020-01-07 15:15:50.575,11873,11874,11873,1
2020-01-07 15:15:50.928,11873,11874,11873,1
2020-01-07 15:15:53.251,11873,11874,11873,9
2020-01-07 15:15:54.541,11873,11874,11873,1
2020-01-07 15:15:55.025,11873,11874,11873,1
2020-01-07 15:15:57.104,11873,11874,11874,1
2020-01-07 15:15:58.111,11873,11874,11874,7
2020-01-07 15:15:58.650,11874,11875,11875,2
2020-01-07 15:16:00.221,11874,11876,11874,19
2020-01-07 15:16:12.424,11874,11875,11875,1
2020-01-07 15:16:14.876,11874,11875,11874,6
2020-01-07 15:16:18.804,11874,11875,11874,1
2020-01-07 15:16:18.830,11874,11875,11874,1
2020-01-07 15:16:19.132,11874,11875,11874,1
2020-01-07 15:16:29.002,11874,11875,11874,1
2020-01-07 15:16:43.486,11874,11875,11874,1
2020-01-07 15:16:43.676,11874,11875,11874,1
2020-01-07 15:16:44.839,11873,11875,11873,1
2020-01-07 15:16:46.728,11874,11875,11874,1
2020-01-07 15:16:47.416,11874,11875,11874,1
2020-01-07 15:17:04.745,11873,11874,11874,1
2020-01-07 15:17:11.468,11874,11875,11874,1
2020-01-07 15:17:12.713,11874,11875,11874,1
2020-01-07 15:17:12.735,11874,11875,11874,1
2020-01-07 15:17:13.548,11873,11874,11874,1
2020-01-07 15:17:14.550,11873,11874,11873,5
2020-01-07 15:17:17.522,11873,11874,11873,1
2020-01-07 15:17:17.863,11873,11874,11873,7
2020-01-07 15:17:18.050,11873,11874,11873,4
2020-01-07 15:17:19.491,11873,11874,11873,1
2020-01-07 15:17:19.493,11873,11874,11873,1
2020-01-07 15:17:29.157,11873,11874,11873,1
2020-01-07 15:17:32.009,11873,11874,11873,4
2020-01-07 15:17:33.659,11873,11874,11873,3
2020-01-07 15:17:34.116,11873,11874,11873,1
2020-01-07 15:17:35.456,11873,11874,11873,1
2020-01-07 15:17:35.861,11873,11874,11873,1
2020-01-07 15:17:37.470,11873,11874,11873,6
2020-01-07 15:17:38.363,11872,11873,11873,1
2020-01-07 15:17:39.869,11872,11873,11873,5
2020-01-07 15:17:40.685,11872,11873,11873,1
2020-01-07 15:17:41.871,11872,11873,11873,1
2020-01-07 15:17:42.547,11872,11873,11873,1
2020-01-07 15:17:51.363,11872,11873,11872,1
2020-01-07 15:17:52.950,11872,11873,11872,10
2020-01-07 15:17:54.346,11871,11872,11872,1
2020-01-07 15:17:54.672,11871,11872,11872,1
2020-01-07 15:17:55.886,11871,11872,11872,1
2020-01-07 15:18:12.004,11871,11872,11871,1
2020-01-07 15:18:13.717,11871,11872,11871,1
2020-01-07 15:18:14.040,11871,11872,11871,2
2020-01-07 15:18:14.325,11871,11872,11871,1
2020-01-07 15:18:15.131,11871,11872,11871,1
2020-01-07 15:18:21.268,11871,11872,11871,2
2020-01-07 15:18:23.765,11871,11872,11871,1
2020-01-07 15:18:24.519,11871,11872,11871,1
2020-01-07 15:18:27.989,11870,11872,11870,1
2020-01-07 15:18:29.251,11871,11872,11871,1
2020-01-07 15:18:30.069,11871,11872,11871,1
2020-01-07 15:18:32.922,11870,11871,11871,1
2020-01-07 15:18:47.029,11870,11871,11870,1
2020-01-07 15:18:54.600,11870,11871,11870,1
2020-01-07 15:18:55.449,11870,11871,11870,1
2020-01-07 15:19:02.677,11870,11871,11870,9
2020-01-07 15:19:02.825,11870,11871,11870,1
2020-01-07 15:19:03.202,11869,11870,11870,6
2020-01-07 15:19:03.203,11869,11870,11870,1
2020-01-07 15:19:03.886,11869,11870,11870,2
2020-01-07 15:19:04.791,11869,11870,11869,1
2020-01-07 15:19:04.899,11869,11870,11869,1
2020-01-07 15:19:05.090,11869,11870,11869,3
2020-01-07 15:19:08.991,11868,11869,11868,1
2020-01-07 15:19:11.787,11868,11869,11868,1
2020-01-07 15:19:12.604,11868,11869,11868,1
2020-01-07 15:19:14.361,11868,11869,11868,1
2020-01-07 15:19:15.159,11868,11869,11868,1
2020-01-07 15:19:15.314,11868,11869,11868,1
2020-01-07 15:19:17.844,11868,11869,11868,1
2020-01-07 15:19:19.307,11868,11869,11868,2
2020-01-07 15:19:19.610,11868,11869,11868,1
2020-01-07 15:19:19.891,11868,11869,11868,1
2020-01-07 15:19:20.100,11868,11869,11869,1
2020-01-07 15:19:20.785,11868,11869,11868,1
2020-01-07 15:19:26.739,11868,11869,11869,1
2020-01-07 15:19:26.860,11868,11869,11869,4
2020-01-07 15:19:26.876,11868,11869,11869,1
2020-01-07 15:19:27.873,11869,11870,11870,1
2020-01-07 15:19:28.470,11869,11870,11869,2
2020-01-07 15:19:28.803,11869,11870,11869,2
2020-01-07 15:19:34.079,11869,11870,11869,1
2020-01-07 15:19:40.686,11869,11870,11869,1
2020-01-07 15:19:42.715,11869,11870,11869,1
2020-01-07 15:19:47.657,11869,11870,11869,3
2020-01-07 15:19:49.844,11869,11870,11869,1
2020-01-07 15:19:54.591,11869,11870,11869,1
2020-01-07 15:19:55.301,11869,11870,11870,1
2020-01-07 15:19:56.705,11869,11870,11869,2
2020-01-07 15:20:00.464,11869,11870,11870,1
2020-01-07 15:20:01.240,11869,11870,11870,1
2020-01-07 15:20:02.154,11869,11870,11870,1
2020-01-07 15:20:02.236,11869,11870,11870,12
2020-01-07 15:20:02.312,11869,11870,11870,3
2020-01-07 15:20:02.338,11869,11870,11870,3
2020-01-07 15:20:04.054,11870,11871,11871,5
2020-01-07 15:20:04.054,11870,11871,11872,2
2020-01-07 15:20:04.610,11870,11871,11871,1
2020-01-07 15:20:05.435,11870,11871,11871,1
2020-01-07 15:20:06.101,11870,11872,11870,2
2020-01-07 15:20:06.266,11870,11871,11871,1
2020-01-07 15:20:08.384,11871,11872,11872,1
2020-01-07 15:20:10.405,11871,11872,11872,1
2020-01-07 15:20:13.356,11871,11872,11871,1
2020-01-07 15:20:24.537,11871,11872,11871,5
2020-01-07 15:20:26.659,11871,11872,11871,2
2020-01-07 15:20:32.535,11871,11872,11871,1
2020-01-07 15:20:37.499,11871,11872,11871,1
2020-01-07 15:20:40.544,11871,11872,11871,1
2020-01-07 15:20:48.392,11871,11872,11871,1
2020-01-07 15:20:53.476,11870,11871,11871,1
2020-01-07 15:21:00.352,11870,11871,11871,1
2020-01-07 15:21:04.974,11870,11871,11870,1
2020-01-07 15:21:05.585,11870,11871,11870,1
2020-01-07 15:21:06.127,11869,11870,11870,2
2020-01-07 15:21:12.216,11869,11870,11869,2
2020-01-07 15:21:12.741,11869,11870,11869,1
2020-01-07 15:21:15.254,11868,11869,11868,1
2020-01-07 15:21:15.342,11868,11869,11868,14
2020-01-07 15:21:15.964,11867,11868,11867,2
2020-01-07 15:21:16.077,11867,11868,11867,1
2020-01-07 15:21:16.466,11867,11868,11867,1
2020-01-07 15:21:16.966,11867,11868,11867,1
2020-01-07 15:21:17.486,11866,11867,11867,1
2020-01-07 15:21:18.550,11866,11867,11866,1
2020-01-07 15:21:18.650,11866,11867,11866,1
2020-01-07 15:21:18.770,11866,11867,11866,4
2020-01-07 15:21:19.113,11866,11867,11867,2
2020-01-07 15:21:22.092,11866,11867,11866,3
2020-01-07 15:21:23.930,11866,11867,11866,1
2020-01-07 15:21:24.744,11866,11867,11867,1
2020-01-07 15:21:26.116,11866,11867,11866,1
2020-01-07 15:21:27.873,11866,11867,11867,1
2020-01-07 15:21:29.374,11866,11867,11867,4
2020-01-07 15:21:31.254,11866,11867,11867,1
2020-01-07 15:21:36.469,11866,11867,11867,1
2020-01-07 15:21:39.765,11866,11867,11867,9
2020-01-07 15:21:40.841,11866,11867,11867,5
2020-01-07 15:21:42.400,11867,11868,11867,1
2020-01-07 15:21:42.632,11867,11868,11867,1
2020-01-07 15:21:42.632,11867,11868,11866,1
2020-01-07 15:21:44.548,11867,11868,11867,1
2020-01-07 15:21:46.383,11867,11868,11867,1
2020-01-07 15:21:48.661,11867,11868,11867,1
2020-01-07 15:21:52.730,11867,11868,11867,1
2020-01-07 15:21:53.876,11867,11868,11867,1
2020-01-07 15:21:59.865,11867,11868,11867,4
2020-01-07 15:22:00.586,11866,11867,11866,4
2020-01-07 15:22:00.726,11866,11867,11867,1
2020-01-07 15:22:04.951,11866,11867,11867,6
2020-01-07 15:22:05.867,11867,11868,11867,1
2020-01-07 15:22:06.123,11867,11868,11868,1
2020-01-07 15:22:06.883,11867,11868,11867,5
2020-01-07 15:22:08.300,11867,11868,11867,1
2020-01-07 15:22:14.190,11867,11868,11867,4
2020-01-07 15:22:17.592,11867,11868,11867,1
2020-01-07 15:22:18.963,11867,11868,11867,1
2020-01-07 15:22:21.709,11867,11868,11867,1
2020-01-07 15:22:22.242,11867,11868,11867,1
2020-01-07 15:22:23.861,11867,11868,11867,1
2020-01-07 15:22:24.264,11867,11868,11867,1
2020-01-07 15:22:35.989,11867,11868,11867,1
2020-01-07 15:22:38.844,11867,11868,11867,1
2020-01-07 15:22:44.853,11867,11868,11867,1
2020-01-07 15:22:45.860,11867,11868,11867,1
2020-01-07 15:22:49.505,11867,11868,11867,5
2020-01-07 15:22:50.191,11867,11868,11867,1
2020-01-07 15:22:55.835,11866,11867,11866,16
2020-01-07 15:22:58.388,11866,11867,11867,1
2020-01-07 15:23:00.935,11866,11867,11866,1
2020-01-07 15:23:02.910,11866,11867,11867,1
2020-01-07 15:23:03.889,11866,11867,11866,1
2020-01-07 15:23:04.290,11866,11867,11866,1
2020-01-07 15:23:05.345,11865,11866,11866,1
2020-01-07 15:23:05.497,11865,11866,11865,10
2020-01-07 15:23:05.637,11865,11866,11865,1
2020-01-07 15:23:05.753,11865,11866,11866,1
2020-01-07 15:23:12.476,11865,11866,11865,5
2020-01-07 15:23:13.541,11865,11866,11865,5
2020-01-07 15:23:14.145,11865,11866,11865,2
2020-01-07 15:23:14.840,11864,11865,11865,2
2020-01-07 15:23:18.357,11864,11865,11864,4
2020-01-07 15:23:19.886,11864,11865,11864,3
2020-01-07 15:23:21.140,11864,11865,11864,2
2020-01-07 15:23:21.140,11864,11865,11863,18
2020-01-07 15:23:21.612,11863,11864,11863,1
2020-01-07 15:23:21.736,11862,11863,11863,1
2020-01-07 15:23:22.841,11863,11864,11863,1
2020-01-07 15:23:24.245,11863,11864,11863,1
2020-01-07 15:23:24.594,11863,11864,11863,1
2020-01-07 15:23:26.280,11863,11865,11863,1
2020-01-07 15:23:27.237,11863,11865,11863,4
2020-01-07 15:23:27.360,11864,11865,11864,5
2020-01-07 15:23:29.080,11864,11865,11864,1
2020-01-07 15:23:29.384,11864,11865,11864,1
2020-01-07 15:23:33.071,11864,11865,11864,1
2020-01-07 15:23:33.633,11864,11865,11864,1
2020-01-07 15:23:34.148,11864,11865,11864,1
2020-01-07 15:23:34.963,11863,11865,11865,2
2020-01-07 15:23:34.990,11864,11865,11865,3
2020-01-07 15:23:35.135,11864,11865,11864,1
2020-01-07 15:23:35.494,11864,11865,11864,2
2020-01-07 15:23:36.960,11864,11865,11864,1
2020-01-07 15:23:40.835,11864,11865,11864,1
2020-01-07 15:23:41.659,11864,11865,11864,1
2020-01-07 15:23:42.647,11864,11865,11864,1
2020-01-07 15:23:42.907,11864,11865,11864,2
2020-01-07 15:23:47.445,11864,11865,11864,1
2020-01-07 15:23:50.000,11864,11865,11864,1
2020-01-07 15:23:50.096,11864,11865,11864,1
2020-01-07 15:23:54.114,11864,11865,11864,5
2020-01-07 15:23:57.501,11864,11865,11864,1
2020-01-07 15:24:05.176,11864,11865,11865,1
2020-01-07 15:24:09.111,11864,11865,11865,1
2020-01-07 15:24:14.088,11864,11865,11865,2
2020-01-07 15:24:14.501,11864,11865,11865,1
2020-01-07 15:24:18.726,11864,11865,11865,1
2020-01-07 15:24:19.817,11864,11865,11865,1
2020-01-07 15:24:19.958,11864,11865,11865,3
2020-01-07 15:24:20.562,11864,11865,11864,1
2020-01-07 15:24:21.861,11864,11865,11865,1
2020-01-07 15:24:26.794,11864,11865,11865,1
2020-01-07 15:24:26.985,11864,11865,11865,3
2020-01-07 15:24:36.195,11865,11866,11865,2
2020-01-07 15:24:44.580,11865,11866,11865,1
2020-01-07 15:24:46.234,11865,11866,11865,1
2020-01-07 15:24:50.179,11865,11866,11865,1
2020-01-07 15:24:50.606,11865,11866,11866,1
2020-01-07 15:24:54.547,11865,11866,11866,1
2020-01-07 15:24:56.394,11865,11866,11866,1
2020-01-07 15:25:01.678,11866,11867,11867,7
2020-01-07 15:25:02.340,11866,11867,11867,1
2020-01-07 15:25:04.676,11867,11868,11867,1
2020-01-07 15:25:07.366,11866,11867,11867,1
2020-01-07 15:25:09.854,11867,11868,11868,3
2020-01-07 15:25:10.209,11867,11868,11867,1
2020-01-07 15:25:10.235,11866,11867,11867,1
2020-01-07 15:25:10.404,11866,11868,11867,1
2020-01-07 15:25:10.404,11866,11868,11868,1
2020-01-07 15:25:11.974,11867,11868,11868,1
2020-01-07 15:25:14.187,11867,11868,11868,2
2020-01-07 15:25:14.343,11867,11868,11868,4
2020-01-07 15:25:15.633,11867,11868,11868,2
2020-01-07 15:25:17.939,11867,11868,11868,1
2020-01-07 15:25:37.202,11867,11868,11867,1
2020-01-07 15:25:37.209,11867,11868,11867,1
2020-01-07 15:25:37.247,11867,11868,11867,1
2020-01-07 15:25:37.273,11867,11868,11867,1
2020-01-07 15:25:37.301,11867,11868,11867,1
2020-01-07 15:25:37.306,11867,11868,11867,1
2020-01-07 15:25:37.520,11867,11868,11867,1
2020-01-07 15:25:37.590,11867,11868,11867,2
2020-01-07 15:25:37.610,11867,11868,11867,3
2020-01-07 15:25:38.589,11866,11867,11866,1
2020-01-07 15:25:43.706,11866,11867,11866,2
2020-01-07 15:25:51.165,11865,11866,11866,1
2020-01-07 15:25:53.908,11865,11867,11867,1
2020-01-07 15:25:55.342,11866,11867,11866,1
2020-01-07 15:25:59.917,11865,11866,11866,1
2020-01-07 15:26:04.159,11866,11867,11866,5
2020-01-07 15:26:12.345,11866,11867,11866,1
2020-01-07 15:26:19.776,11866,11867,11867,1
2020-01-07 15:26:20.405,11866,11867,11866,1
2020-01-07 15:26:28.201,11866,11867,11866,6
2020-01-07 15:26:28.201,11866,11867,11866,6
2020-01-07 15:26:28.235,11866,11867,11866,6
2020-01-07 15:26:28.360,11865,11866,11866,1
2020-01-07 15:26:29.657,11865,11866,11866,1
2020-01-07 15:26:43.517,11865,11866,11866,1
2020-01-07 15:27:23.505,11865,11866,11865,8
2020-01-07 15:27:23.505,11865,11866,11865,9
2020-01-07 15:27:24.231,11864,11865,11865,1
2020-01-07 15:27:30.022,11864,11865,11864,1
2020-01-07 15:27:30.298,11864,11865,11864,1
2020-01-07 15:27:30.360,11864,11865,11864,2
2020-01-07 15:27:30.528,11864,11865,11864,1
2020-01-07 15:27:30.610,11864,11865,11864,4
2020-01-07 15:27:30.610,11864,11865,11864,4
2020-01-07 15:27:31.367,11864,11865,11864,1
2020-01-07 15:27:31.618,11864,11865,11864,13
2020-01-07 15:27:32.024,11863,11864,11863,1
2020-01-07 15:27:32.611,11863,11864,11863,1
2020-01-07 15:27:32.854,11863,11864,11863,1
2020-01-07 15:27:33.085,11863,11864,11863,1
2020-01-07 15:27:33.096,11863,11864,11863,1
2020-01-07 15:27:33.360,11863,11864,11863,1
2020-01-07 15:27:33.598,11863,11864,11863,1
2020-01-07 15:27:34.178,11863,11864,11863,1
2020-01-07 15:27:34.613,11863,11864,11863,1
2020-01-07 15:27:36.567,11863,11864,11863,7
2020-01-07 15:27:36.652,11862,11864,11863,1
2020-01-07 15:27:37.713,11862,11863,11863,1
2020-01-07 15:27:37.860,11862,11863,11862,5
2020-01-07 15:27:37.985,11862,11863,11862,2
2020-01-07 15:27:38.041,11862,11863,11862,1
2020-01-07 15:27:38.324,11861,11862,11861,1
2020-01-07 15:27:38.325,11861,11862,11861,3
2020-01-07 15:27:38.327,11861,11862,11861,2
2020-01-07 15:27:38.329,11861,11862,11861,3
2020-01-07 15:27:38.360,11861,11862,11861,1
2020-01-07 15:27:38.360,11861,11862,11861,5
2020-01-07 15:27:38.361,11861,11862,11861,9
2020-01-07 15:27:38.528,11860,11861,11860,2
2020-01-07 15:27:38.629,11860,11861,11860,1
2020-01-07 15:27:38.662,11860,11861,11860,1
2020-01-07 15:27:38.664,11860,11861,11860,1
2020-01-07 15:27:38.668,11860,11861,11860,1
2020-01-07 15:27:38.669,11860,11861,11860,7
2020-01-07 15:27:38.735,11860,11861,11860,1
2020-01-07 15:27:38.736,11860,11861,11860,1
2020-01-07 15:27:38.737,11860,11861,11860,9
2020-01-07 15:27:38.739,11860,11861,11860,1
2020-01-07 15:27:38.739,11860,11861,11860,2
2020-01-07 15:27:38.740,11860,11861,11860,3
2020-01-07 15:27:38.740,11860,11861,11860,3
2020-01-07 15:27:38.740,11860,11861,11860,2
2020-01-07 15:27:38.740,11860,11861,11860,3
2020-01-07 15:27:38.742,11860,11861,11860,1
2020-01-07 15:27:38.742,11860,11861,11860,1
2020-01-07 15:27:38.742,11860,11861,11860,1
2020-01-07 15:27:38.860,11860,11861,11860,5
2020-01-07 15:27:38.986,11859,11860,11859,4
2020-01-07 15:27:38.986,11859,11860,11859,3
2020-01-07 15:27:38.986,11859,11860,11859,3
2020-01-07 15:27:38.997,11859,11860,11859,1
2020-01-07 15:27:39.298,11858,11859,11858,1
2020-01-07 15:27:39.333,11858,11859,11859,5
2020-01-07 15:27:39.575,11858,11859,11859,1
2020-01-07 15:27:39.576,11858,11859,11859,3
2020-01-07 15:27:40.505,11859,11860,11859,1
2020-01-07 15:27:40.611,11859,11860,11859,12
2020-01-07 15:27:41.486,11858,11859,11859,1
2020-01-07 15:27:42.111,11858,11859,11858,14
2020-01-07 15:27:42.127,11858,11859,11858,1
2020-01-07 15:27:42.235,11858,11859,11858,1
2020-01-07 15:27:42.336,11858,11859,11858,2
2020-01-07 15:27:42.610,11857,11858,11857,1
2020-01-07 15:27:42.613,11857,11858,11857,2
2020-01-07 15:27:42.827,11857,11858,11857,1
2020-01-07 15:27:42.897,11857,11858,11857,1
2020-01-07 15:27:42.900,11857,11858,11857,1
2020-01-07 15:27:42.901,11857,11858,11857,3
2020-01-07 15:27:42.901,11857,11858,11857,3
2020-01-07 15:27:42.901,11857,11858,11857,3
2020-01-07 15:27:42.902,11857,11858,11857,4
2020-01-07 15:27:42.902,11857,11858,11857,3
2020-01-07 15:27:43.071,11857,11858,11858,1
2020-01-07 15:27:43.188,11857,11858,11857,1
2020-01-07 15:27:43.234,11857,11858,11857,1
2020-01-07 15:27:43.236,11857,11858,11857,1
2020-01-07 15:27:43.244,11857,11858,11857,2
2020-01-07 15:27:43.638,11856,11857,11856,1
2020-01-07 15:27:43.719,11856,11857,11856,1
2020-01-07 15:27:43.764,11856,11857,11855,1
2020-01-07 15:27:43.779,11856,11857,11855,1
2020-01-07 15:27:43.854,11856,11857,11855,1
2020-01-07 15:27:43.876,11855,11857,11855,4
2020-01-07 15:27:43.903,11855,11857,11855,2
2020-01-07 15:27:43.969,11855,11857,11855,1
2020-01-07 15:27:43.996,11855,11856,11855,1
2020-01-07 15:27:44.040,11855,11856,11855,2
2020-01-07 15:27:44.300,11855,11856,11856,4
2020-01-07 15:27:44.300,11855,11856,11856,7
2020-01-07 15:27:44.300,11855,11856,11856,1
2020-01-07 15:27:44.300,11855,11856,11856,3
2020-01-07 15:27:44.300,11855,11856,11856,2
2020-01-07 15:27:44.320,11855,11856,11856,3
2020-01-07 15:27:44.464,11856,11857,11856,2
2020-01-07 15:27:44.530,11856,11857,11857,1
2020-01-07 15:27:44.600,11856,11857,11857,3
2020-01-07 15:27:44.785,11856,11857,11856,1
2020-01-07 15:27:44.913,11856,11857,11857,1
2020-01-07 15:27:45.710,11856,11857,11856,2
2020-01-07 15:27:45.775,11856,11857,11856,2
2020-01-07 15:27:46.379,11856,11857,11856,4
2020-01-07 15:27:46.883,11856,11857,11855,3
2020-01-07 15:27:47.106,11856,11857,11856,1
2020-01-07 15:27:47.840,11855,11857,11855,2
2020-01-07 15:27:48.048,11855,11856,11855,2
2020-01-07 15:27:48.048,11855,11856,11855,2
2020-01-07 15:27:48.049,11855,11856,11855,2
2020-01-07 15:27:48.049,11855,11856,11855,1
2020-01-07 15:27:48.051,11855,11856,11855,2
2020-01-07 15:27:48.051,11855,11856,11855,1
2020-01-07 15:27:48.051,11855,11856,11855,1
2020-01-07 15:27:48.052,11855,11856,11855,2
2020-01-07 15:27:48.052,11855,11856,11855,1
2020-01-07 15:27:48.090,11855,11856,11855,2
2020-01-07 15:27:48.098,11855,11856,11855,1
2020-01-07 15:27:48.373,11855,11856,11856,1
2020-01-07 15:27:48.435,11855,11856,11856,1
2020-01-07 15:27:48.486,11856,11857,11857,8
2020-01-07 15:27:48.486,11856,11857,11857,1
2020-01-07 15:27:48.489,11856,11857,11857,2
2020-01-07 15:27:48.489,11856,11857,11857,1
2020-01-07 15:27:48.489,11856,11857,11857,1
2020-01-07 15:27:48.493,11856,11857,11857,1
2020-01-07 15:27:48.526,11856,11857,11857,2
2020-01-07 15:27:48.529,11856,11857,11857,2
2020-01-07 15:27:48.610,11856,11858,11856,1
2020-01-07 15:27:49.621,11857,11858,11858,1
2020-01-07 15:27:49.814,11858,11859,11858,1
2020-01-07 15:27:50.209,11858,11859,11858,1
2020-01-07 15:27:51.110,11858,11859,11859,5
2020-01-07 15:27:51.115,11858,11859,11859,1
2020-01-07 15:27:51.874,11858,11860,11858,1
2020-01-07 15:27:53.759,11859,11860,11860,1
2020-01-07 15:27:53.853,11859,11860,11860,1
2020-01-07 15:27:54.379,11860,11861,11860,15
2020-01-07 15:27:55.998,11860,11861,11860,10
2020-01-07 15:27:56.150,11860,11861,11861,2
2020-01-07 15:27:56.520,11860,11861,11860,1
2020-01-07 15:27:56.520,11860,11861,11859,13
2020-01-07 15:27:57.561,11859,11860,11859,1
2020-01-07 15:27:59.926,11859,11860,11860,1
2020-01-07 15:28:00.500,11859,11860,11860,14
2020-01-07 15:28:00.857,11859,11861,11859,1
2020-01-07 15:28:02.664,11860,11861,11860,1
2020-01-07 15:28:05.159,11860,11861,11860,3
2020-01-07 15:28:05.246,11860,11861,11861,1
2020-01-07 15:28:05.253,11860,11861,11861,1
2020-01-07 15:28:06.223,11860,11861,11861,2
2020-01-07 15:28:07.049,11860,11861,11860,1
2020-01-07 15:28:08.560,11860,11861,11860,4
2020-01-07 15:28:08.560,11860,11861,11859,1
2020-01-07 15:28:09.279,11859,11860,11860,10
2020-01-07 15:28:13.021,11859,11860,11859,1
2020-01-07 15:28:13.838,11859,11860,11859,1
2020-01-07 15:28:16.625,11858,11860,11860,1
2020-01-07 15:28:18.801,11859,11860,11860,2
2020-01-07 15:28:18.803,11859,11860,11860,2
2020-01-07 15:28:18.860,11859,11860,11860,2
2020-01-07 15:28:18.860,11859,11860,11860,4
2020-01-07 15:28:18.863,11859,11860,11860,1
2020-01-07 15:28:18.863,11859,11860,11860,1
2020-01-07 15:28:18.863,11859,11860,11860,2
2020-01-07 15:28:18.863,11859,11860,11860,1
2020-01-07 15:28:18.863,11859,11860,11860,1
2020-01-07 15:28:21.353,11859,11860,11859,1
2020-01-07 15:28:21.856,11859,11860,11860,1
2020-01-07 15:28:22.296,11859,11860,11859,2
2020-01-07 15:28:22.861,11859,11860,11860,1
2020-01-07 15:28:23.491,11860,11861,11860,1
2020-01-07 15:28:23.841,11860,11861,11860,5
2020-01-07 15:28:25.655,11859,11860,11860,1
2020-01-07 15:28:25.989,11859,11861,11859,1
2020-01-07 15:28:27.999,11859,11860,11859,1
2020-01-07 15:28:33.668,11859,11860,11859,4
2020-01-07 15:28:34.970,11859,11860,11859,5
2020-01-07 15:28:36.980,11859,11860,11859,1
2020-01-07 15:28:37.054,11859,11860,11859,3
2020-01-07 15:28:37.235,11859,11860,11860,4
2020-01-07 15:28:37.235,11859,11860,11860,13
2020-01-07 15:28:37.391,11859,11861,11861,5
2020-01-07 15:28:37.488,11860,11861,11861,5
2020-01-07 15:28:38.918,11860,11862,11860,1
2020-01-07 15:28:39.613,11860,11862,11860,2
2020-01-07 15:28:39.734,11860,11862,11860,1
2020-01-07 15:28:45.644,11861,11862,11861,1
2020-01-07 15:28:47.416,11861,11862,11862,7
2020-01-07 15:28:48.977,11862,11863,11863,1
2020-01-07 15:28:49.782,11862,11863,11863,1
2020-01-07 15:28:50.338,11862,11863,11863,1
2020-01-07 15:28:50.672,11862,11863,11863,1
2020-01-07 15:28:51.963,11863,11864,11863,1
2020-01-07 15:28:53.162,11862,11863,11862,1
2020-01-07 15:28:54.154,11862,11863,11863,1
2020-01-07 15:28:55.148,11862,11863,11862,1
2020-01-07 15:28:56.114,11862,11863,11863,6
2020-01-07 15:28:58.040,11862,11863,11862,1
2020-01-07 15:29:01.165,11863,11864,11863,5
2020-01-07 15:29:01.166,11863,11864,11863,2
2020-01-07 15:29:03.560,11863,11864,11862,1
2020-01-07 15:29:03.872,11862,11864,11862,1
2020-01-07 15:29:04.197,11862,11864,11864,1
2020-01-07 15:29:04.697,11862,11864,11864,1
2020-01-07 15:29:04.738,11862,11864,11864,10
2020-01-07 15:29:04.928,11862,11864,11864,1
2020-01-07 15:29:05.165,11863,11864,11864,1
2020-01-07 15:29:05.612,11863,11864,11864,1
2020-01-07 15:29:06.073,11863,11864,11864,1
2020-01-07 15:29:06.566,11863,11864,11864,1
2020-01-07 15:29:06.815,11863,11864,11864,1
2020-01-07 15:29:07.256,11863,11864,11863,1
2020-01-07 15:29:09.025,11863,11864,11864,1
2020-01-07 15:29:09.485,11864,11865,11865,1
2020-01-07 15:29:11.212,11865,11866,11865,1
2020-01-07 15:29:12.170,11865,11866,11866,4
2020-01-07 15:29:15.863,11865,11866,11865,3
2020-01-07 15:29:17.677,11864,11865,11865,3
2020-01-07 15:29:20.377,11864,11865,11864,1
2020-01-07 15:29:24.758,11863,11864,11863,2
2020-01-07 15:29:28.027,11862,11863,11862,1
2020-01-07 15:29:29.454,11862,11863,11862,2
2020-01-07 15:29:30.915,11861,11862,11862,1
2020-01-07 15:29:31.262,11861,11863,11863,1
2020-01-07 15:29:32.516,11861,11862,11861,1
2020-01-07 15:29:33.006,11861,11862,11861,1
2020-01-07 15:29:33.181,11861,11862,11861,1
2020-01-07 15:29:33.418,11861,11862,11861,1
2020-01-07 15:29:33.733,11861,11862,11861,1
2020-01-07 15:29:33.861,11861,11862,11861,1
2020-01-07 15:29:34.316,11860,11861,11860,1
2020-01-07 15:29:34.799,11860,11861,11860,1
2020-01-07 15:29:35.022,11860,11861,11860,1
2020-01-07 15:29:35.260,11860,11862,11860,1
2020-01-07 15:29:37.116,11860,11861,11860,1
2020-01-07 15:29:37.824,11860,11861,11860,4
2020-01-07 15:29:37.850,11860,11861,11860,1
2020-01-07 15:29:41.556,11860,11861,11861,2
2020-01-07 15:29:41.656,11861,11862,11861,1
2020-01-07 15:29:43.012,11861,11862,11861,12
2020-01-07 15:29:46.982,11860,11862,11860,1
2020-01-07 15:29:50.121,11860,11861,11860,1
2020-01-07 15:29:50.376,11860,11861,11860,1
2020-01-07 15:29:51.487,11860,11861,11860,6
2020-01-07 15:29:53.117,11860,11861,11860,1
2020-01-07 15:29:53.397,11860,11861,11860,4
2020-01-07 15:29:53.485,11860,11861,11860,1
2020-01-07 15:30:00.063,11859,11860,11859,2
2020-01-07 15:30:00.876,11859,11860,11859,1
2020-01-07 15:30:00.891,11859,11860,11859,2
2020-01-07 15:30:00.891,11859,11860,11858,3
2020-01-07 15:30:00.891,11859,11860,11858,5
2020-01-07 15:30:02.022,11858,11859,11858,1
2020-01-07 15:30:02.411,11859,11860,11859,1
2020-01-07 15:30:02.486,11858,11859,11859,3
2020-01-07 15:30:02.606,11858,11859,11858,1
2020-01-07 15:30:02.618,11858,11860,11858,1
2020-01-07 15:30:02.847,11858,11860,11858,2
2020-01-07 15:30:03.193,11858,11860,11858,4
2020-01-07 15:30:03.493,11858,11860,11860,1
2020-01-07 15:30:08.618,11859,11860,11860,1
2020-01-07 15:30:09.021,11859,11860,11860,1
2020-01-07 15:30:09.128,11859,11860,11859,2
2020-01-07 15:30:09.415,11859,11860,11859,1
2020-01-07 15:30:09.453,11859,11860,11859,1
2020-01-07 15:30:09.505,11858,11859,11859,2
2020-01-07 15:30:10.410,11858,11859,11858,10
2020-01-07 15:30:10.410,11858,11859,11858,5
2020-01-07 15:30:11.103,11857,11858,11857,3
2020-01-07 15:30:12.268,11857,11858,11857,1
2020-01-07 15:30:12.274,11857,11858,11857,1
2020-01-07 15:30:12.958,11857,11858,11857,17
2020-01-07 15:30:12.958,11857,11858,11856,3
2020-01-07 15:30:12.993,11856,11858,11856,1
2020-01-07 15:30:13.306,11857,11858,11857,1
2020-01-07 15:30:13.398,11856,11858,11857,1
2020-01-07 15:30:13.482,11856,11858,11856,2
2020-01-07 15:30:14.745,11856,11857,11856,2
2020-01-07 15:30:15.583,11856,11857,11856,1
2020-01-07 15:30:16.288,11856,11857,11856,3
2020-01-07 15:30:16.950,11855,11856,11855,1
2020-01-07 15:30:17.298,11855,11856,11856,1
2020-01-07 15:30:17.455,11856,11857,11856,1
2020-01-07 15:30:17.514,11856,11857,11856,1
2020-01-07 15:30:17.736,11856,11857,11857,4
2020-01-07 15:30:17.846,11856,11857,11857,1
2020-01-07 15:30:18.275,11857,11858,11857,1
2020-01-07 15:30:18.568,11857,11858,11857,1
2020-01-07 15:30:18.764,11857,11858,11857,1
2020-01-07 15:30:20.399,11856,11857,11857,1
2020-01-07 15:30:21.860,11856,11857,11856,1
2020-01-07 15:30:24.405,11856,11857,11856,1
2020-01-07 15:30:26.780,11855,11856,11855,1
2020-01-07 15:30:26.893,11855,11856,11855,2
2020-01-07 15:30:26.940,11855,11856,11856,5
2020-01-07 15:30:27.039,11855,11856,11855,2
2020-01-07 15:30:28.313,11855,11856,11856,1
2020-01-07 15:30:28.580,11855,11856,11856,3
2020-01-07 15:30:28.736,11855,11856,11856,16
2020-01-07 15:30:29.147,11856,11857,11856,1
2020-01-07 15:30:29.874,11856,11857,11857,1
2020-01-07 15:30:30.548,11856,11857,11856,10
2020-01-07 15:30:32.220,11856,11857,11856,2
2020-01-07 15:30:32.419,11856,11857,11856,1
2020-01-07 15:30:35.596,11856,11857,11856,1
2020-01-07 15:30:36.057,11856,11857,11857,1
2020-01-07 15:30:36.801,11856,11857,11856,2
2020-01-07 15:30:40.360,11856,11857,11856,4
2020-01-07 15:30:40.928,11856,11857,11856,1
2020-01-07 15:30:42.192,11855,11856,11856,1
2020-01-07 15:30:44.694,11856,11857,11856,2
2020-01-07 15:30:44.709,11856,11857,11855,2
2020-01-07 15:30:50.196,11855,11856,11855,1
2020-01-07 15:30:50.774,11855,11856,11856,1
2020-01-07 15:30:52.376,11855,11856,11855,2
2020-01-07 15:30:53.471,11855,11856,11855,1
2020-01-07 15:30:54.027,11855,11856,11855,1
2020-01-07 15:30:57.945,11855,11856,11855,1
2020-01-07 15:31:00.122,11855,11856,11855,1
2020-01-07 15:31:00.562,11855,11856,11855,5
2020-01-07 15:31:00.610,11855,11856,11855,1
2020-01-07 15:31:00.610,11855,11856,11855,9
2020-01-07 15:31:00.610,11855,11856,11855,4
2020-01-07 15:31:00.610,11855,11856,11855,4
2020-01-07 15:31:00.675,11855,11856,11856,2
2020-01-07 15:31:00.735,11855,11856,11855,1
2020-01-07 15:31:01.985,11854,11855,11854,4
2020-01-07 15:31:01.985,11854,11855,11854,4
2020-01-07 15:31:02.110,11854,11855,11854,3
2020-01-07 15:31:02.110,11854,11855,11854,8
2020-01-07 15:31:02.305,11853,11854,11855,1
2020-01-07 15:31:03.168,11853,11854,11853,2
2020-01-07 15:31:03.240,11853,11854,11853,1
2020-01-07 15:31:03.349,11853,11854,11854,1
2020-01-07 15:31:04.423,11853,11854,11854,14
2020-01-07 15:31:04.423,11853,11854,11854,1
2020-01-07 15:31:04.423,11853,11854,11854,2
2020-01-07 15:31:04.423,11853,11854,11854,2
2020-01-07 15:31:04.423,11853,11854,11854,1
2020-01-07 15:31:05.749,11853,11854,11853,1
2020-01-07 15:31:06.077,11853,11854,11853,25
2020-01-07 15:31:08.450,11852,11853,11852,1
2020-01-07 15:31:08.817,11852,11853,11852,1
2020-01-07 15:31:09.245,11852,11853,11852,1
2020-01-07 15:31:09.450,11852,11853,11852,4
2020-01-07 15:31:09.485,11852,11853,11852,5
2020-01-07 15:31:09.485,11852,11853,11852,1
2020-01-07 15:31:09.485,11852,11853,11852,4
2020-01-07 15:31:09.493,11852,11853,11852,1
2020-01-07 15:31:09.525,11852,11853,11852,1
2020-01-07 15:31:09.650,11851,11852,11852,1
2020-01-07 15:31:09.724,11851,11852,11852,1
2020-01-07 15:31:11.532,11851,11852,11851,1
2020-01-07 15:31:11.680,11851,11852,11851,1
2020-01-07 15:31:11.714,11851,11852,11851,1
2020-01-07 15:31:12.451,11851,11852,11851,1
2020-01-07 15:31:12.648,11851,11852,11851,2
2020-01-07 15:31:14.480,11851,11852,11851,1
2020-01-07 15:31:14.575,11851,11852,11851,1
2020-01-07 15:31:14.685,11851,11852,11851,1
2020-01-07 15:31:15.776,11851,11852,11851,1
2020-01-07 15:31:16.082,11851,11852,11852,1
2020-01-07 15:31:16.204,11851,11852,11851,5
2020-01-07 15:31:17.178,11851,11852,11851,2
2020-01-07 15:31:17.596,11851,11852,11851,6
2020-01-07 15:31:17.596,11851,11852,11850,34
2020-01-07 15:31:17.611,11851,11852,11851,1
2020-01-07 15:31:17.713,11851,11852,11850,1
2020-01-07 15:31:17.745,11850,11851,11850,1
2020-01-07 15:31:17.761,11850,11851,11849,1
2020-01-07 15:31:17.785,11850,11851,11849,1
2020-01-07 15:31:17.894,11849,11851,11849,1
2020-01-07 15:31:17.910,11849,11851,11849,2
2020-01-07 15:31:18.297,11849,11850,11850,8
2020-01-07 15:31:18.483,11850,11851,11851,1
2020-01-07 15:31:18.530,11850,11851,11850,1
2020-01-07 15:31:19.445,11850,11851,11850,1
2020-01-07 15:31:19.941,11850,11851,11850,1
2020-01-07 15:31:20.338,11850,11851,11850,1
2020-01-07 15:31:20.690,11850,11851,11850,2
2020-01-07 15:31:20.690,11850,11851,11850,3
2020-01-07 15:31:20.690,11850,11851,11850,2
2020-01-07 15:31:21.173,11849,11850,11850,1
2020-01-07 15:31:21.700,11849,11850,11849,10
2020-01-07 15:31:21.989,11849,11850,11849,1
2020-01-07 15:31:21.989,11849,11850,11848,14
2020-01-07 15:31:22.329,11848,11849,11848,1
2020-01-07 15:31:22.926,11848,11849,11848,2
2020-01-07 15:31:22.927,11848,11849,11848,2
2020-01-07 15:31:22.930,11848,11849,11848,4
2020-01-07 15:31:22.932,11848,11849,11848,2
2020-01-07 15:31:22.982,11848,11849,11848,3
2020-01-07 15:31:23.281,11847,11848,11848,2
2020-01-07 15:31:23.610,11847,11848,11848,1
2020-01-07 15:31:24.241,11848,11849,11848,10
2020-01-07 15:31:25.165,11847,11848,11847,4
2020-01-07 15:31:25.268,11847,11848,11847,1
2020-01-07 15:31:25.277,11847,11848,11847,1
2020-01-07 15:31:25.294,11847,11848,11847,1
2020-01-07 15:31:26.118,11847,11848,11848,1
2020-01-07 15:31:26.236,11847,11848,11847,1
2020-01-07 15:31:26.644,11847,11848,11847,2
2020-01-07 15:31:27.310,11847,11848,11847,1
2020-01-07 15:31:28.008,11847,11848,11847,2
2020-01-07 15:31:28.860,11847,11848,11848,4
2020-01-07 15:31:29.343,11848,11849,11848,4
2020-01-07 15:31:29.928,11848,11849,11848,1
2020-01-07 15:31:30.234,11848,11849,11849,7
2020-01-07 15:31:30.309,11849,11850,11850,13
2020-01-07 15:31:30.499,11850,11851,11851,1
2020-01-07 15:31:30.718,11850,11851,11850,6
2020-01-07 15:31:30.817,11850,11851,11850,1
2020-01-07 15:31:31.159,11850,11851,11850,1
2020-01-07 15:31:31.174,11850,11851,11850,1
2020-01-07 15:31:33.056,11848,11850,11848,1
2020-01-07 15:31:33.863,11849,11850,11849,1
2020-01-07 15:31:33.867,11849,11850,11849,1
2020-01-07 15:31:34.127,11849,11850,11850,1
2020-01-07 15:31:34.636,11849,11850,11850,1
2020-01-07 15:31:35.554,11849,11850,11850,1
2020-01-07 15:31:36.110,11849,11850,11849,2
2020-01-07 15:31:36.742,11848,11850,11849,1
2020-01-07 15:31:38.339,11848,11849,11848,3
2020-01-07 15:31:38.354,11848,11849,11848,2
2020-01-07 15:31:38.446,11847,11848,11847,1
2020-01-07 15:31:38.451,11847,11848,11847,1
2020-01-07 15:31:38.461,11847,11848,11847,1
2020-01-07 15:31:38.468,11847,11848,11847,2
2020-01-07 15:31:38.472,11847,11848,11847,1
2020-01-07 15:31:38.485,11847,11848,11847,2
2020-01-07 15:31:38.485,11847,11848,11847,4
2020-01-07 15:31:38.485,11847,11848,11847,3
2020-01-07 15:31:38.486,11847,11848,11847,3
2020-01-07 15:31:38.610,11847,11848,11847,2
2020-01-07 15:31:38.610,11847,11848,11847,1
2020-01-07 15:31:39.931,11846,11847,11846,1
2020-01-07 15:31:40.424,11846,11847,11846,1
2020-01-07 15:31:40.982,11846,11847,11847,1
2020-01-07 15:31:41.138,11846,11847,11847,1
2020-01-07 15:31:42.466,11847,11848,11847,1
2020-01-07 15:31:42.977,11847,11848,11848,1
2020-01-07 15:31:43.025,11847,11848,11847,1
2020-01-07 15:31:43.887,11847,11848,11847,4
2020-01-07 15:31:44.149,11847,11848,11848,7
2020-01-07 15:31:44.336,11847,11848,11847,1
2020-01-07 15:31:45.265,11847,11848,11848,1
2020-01-07 15:31:45.610,11847,11848,11847,1
2020-01-07 15:31:46.558,11846,11847,11846,2
2020-01-07 15:31:46.657,11846,11847,11847,1
2020-01-07 15:31:49.311,11846,11847,11847,4
2020-01-07 15:31:49.586,11846,11847,11847,5
2020-01-07 15:31:49.587,11846,11847,11847,2
2020-01-07 15:31:49.588,11846,11847,11847,2
2020-01-07 15:31:49.588,11846,11847,11847,2
2020-01-07 15:31:49.588,11846,11847,11847,1
2020-01-07 15:31:52.005,11847,11848,11847,1
2020-01-07 15:31:52.815,11847,11848,11847,7
2020-01-07 15:31:53.631,11847,11848,11848,1
2020-01-07 15:31:53.735,11847,11848,11848,1
2020-01-07 15:31:54.972,11848,11849,11849,5
2020-01-07 15:31:55.340,11848,11849,11849,1
2020-01-07 15:31:55.398,11848,11849,11848,1
2020-01-07 15:31:55.594,11848,11849,11849,1
2020-01-07 15:31:55.737,11849,11850,11849,1
2020-01-07 15:31:55.947,11849,11850,11849,1
2020-01-07 15:31:56.654,11849,11850,11849,1
2020-01-07 15:31:57.456,11849,11850,11850,1
2020-01-07 15:31:58.196,11849,11850,11849,8
2020-01-07 15:32:02.629,11849,11850,11849,5
2020-01-07 15:32:03.100,11849,11850,11849,1
2020-01-07 15:32:03.824,11849,11850,11850,2
2020-01-07 15:32:05.306,11849,11850,11850,1
2020-01-07 15:32:07.892,11849,11850,11850,23
2020-01-07 15:32:07.892,11849,11850,11850,3
2020-01-07 15:32:07.981,11849,11850,11850,1
2020-01-07 15:32:07.981,11849,11850,11850,3
2020-01-07 15:32:07.985,11849,11850,11850,17
2020-01-07 15:32:08.111,11850,11851,11851,2
2020-01-07 15:32:08.111,11850,11851,11851,6
2020-01-07 15:32:08.111,11850,11851,11851,1
2020-01-07 15:32:08.111,11850,11851,11851,3
2020-01-07 15:32:08.111,11850,11851,11851,6
2020-01-07 15:32:08.111,11850,11851,11851,6
2020-01-07 15:32:08.485,11851,11852,11852,2
2020-01-07 15:32:08.837,11851,11852,11851,2
2020-01-07 15:32:09.578,11851,11852,11851,1
2020-01-07 15:32:10.605,11850,11852,11850,1
2020-01-07 15:32:12.576,11850,11852,11852,1
2020-01-07 15:32:12.689,11850,11852,11850,5
2020-01-07 15:32:14.044,11850,11851,11851,1
2020-01-07 15:32:15.240,11850,11851,11851,1
2020-01-07 15:32:16.208,11850,11852,11850,1
2020-01-07 15:32:18.066,11850,11851,11851,1
2020-01-07 15:32:19.309,11851,11852,11852,10
2020-01-07 15:32:19.692,11852,11853,11853,10
2020-01-07 15:32:19.736,11853,11854,11853,5
2020-01-07 15:32:20.330,11852,11854,11854,5
2020-01-07 15:32:20.634,11853,11854,11853,1
2020-01-07 15:32:21.375,11853,11854,11854,1
2020-01-07 15:32:21.449,11853,11854,11854,5
2020-01-07 15:32:21.496,11854,11855,11854,1
2020-01-07 15:32:24.495,11854,11855,11855,7
2020-01-07 15:32:24.653,11854,11855,11854,5
2020-01-07 15:32:25.788,11854,11855,11854,1
2020-01-07 15:32:26.567,11852,11853,11853,1
2020-01-07 15:32:26.567,11852,11853,11853,1
2020-01-07 15:32:26.569,11852,11853,11853,1
2020-01-07 15:32:26.569,11852,11853,11853,1
2020-01-07 15:32:27.840,11852,11854,11853,1
2020-01-07 15:32:30.111,11852,11853,11852,1
2020-01-07 15:32:30.690,11851,11852,11853,1
2020-01-07 15:32:30.842,11851,11853,11853,2
2020-01-07 15:32:30.969,11851,11853,11852,1
2020-01-07 15:32:31.346,11851,11853,11851,6
2020-01-07 15:32:32.458,11851,11852,11851,1
2020-01-07 15:32:32.963,11851,11853,11851,2
2020-01-07 15:32:34.428,11851,11853,11851,1
2020-01-07 15:32:35.801,11851,11852,11851,1
2020-01-07 15:32:37.735,11851,11852,11851,2
2020-01-07 15:32:37.860,11851,11852,11851,1
2020-01-07 15:32:43.187,11851,11852,11851,1
2020-01-07 15:32:46.163,11851,11852,11852,2
2020-01-07 15:32:49.804,11851,11852,11851,2
2020-01-07 15:32:49.818,11851,11852,11851,1
2020-01-07 15:32:49.818,11851,11852,11851,2
2020-01-07 15:32:49.829,11851,11852,11851,1
2020-01-07 15:32:49.831,11851,11852,11851,1
2020-01-07 15:32:49.860,11851,11852,11851,9
2020-01-07 15:32:49.860,11851,11852,11851,2
2020-01-07 15:32:49.985,11851,11852,11851,2
2020-01-07 15:32:50.325,11850,11851,11850,1
2020-01-07 15:32:51.551,11850,11851,11851,2
2020-01-07 15:32:55.096,11851,11852,11851,1
2020-01-07 15:32:56.315,11851,11852,11851,4
2020-01-07 15:32:58.403,11850,11852,11852,1
2020-01-07 15:32:59.946,11850,11851,11851,1
2020-01-07 15:33:01.369,11851,11852,11851,1
2020-01-07 15:33:01.369,11851,11852,11850,2
2020-01-07 15:33:02.160,11850,11852,11851,1
2020-01-07 15:33:02.161,11850,11852,11851,2
2020-01-07 15:33:02.162,11850,11852,11851,1
2020-01-07 15:33:02.190,11850,11852,11851,1
2020-01-07 15:33:02.235,11850,11851,11851,1
2020-01-07 15:33:02.235,11850,11851,11851,3
2020-01-07 15:33:02.609,11851,11852,11851,6
2020-01-07 15:33:05.707,11851,11852,11851,1
2020-01-07 15:33:07.075,11850,11851,11851,1
2020-01-07 15:33:07.156,11850,11851,11851,2
2020-01-07 15:33:07.156,11850,11851,11851,1
2020-01-07 15:33:07.157,11850,11851,11851,6
2020-01-07 15:33:07.360,11851,11852,11852,11
2020-01-07 15:33:07.485,11851,11852,11852,4
2020-01-07 15:33:07.485,11851,11852,11852,3
2020-01-07 15:33:07.485,11851,11852,11852,2
2020-01-07 15:33:07.571,11851,11852,11852,1
2020-01-07 15:33:07.571,11851,11852,11852,3
2020-01-07 15:33:07.603,11851,11852,11852,1
2020-01-07 15:33:07.610,11851,11852,11852,1
2020-01-07 15:33:07.611,11851,11852,11852,2
2020-01-07 15:33:07.648,11851,11852,11852,1
2020-01-07 15:33:15.023,11852,11853,11852,1
2020-01-07 15:33:16.182,11852,11853,11853,7
2020-01-07 15:33:17.235,11852,11853,11853,2
2020-01-07 15:33:17.266,11852,11853,11853,1
2020-01-07 15:33:17.267,11852,11853,11853,2
2020-01-07 15:33:17.267,11852,11853,11853,1
2020-01-07 15:33:17.267,11852,11853,11853,1
2020-01-07 15:33:17.994,11853,11854,11854,4
2020-01-07 15:33:18.076,11853,11854,11853,1
2020-01-07 15:33:19.083,11853,11854,11853,1
2020-01-07 15:33:23.097,11853,11854,11854,4
2020-01-07 15:33:24.014,11853,11854,11853,1
2020-01-07 15:33:24.419,11853,11854,11854,1
2020-01-07 15:33:24.795,11853,11854,11854,3
2020-01-07 15:33:28.570,11853,11854,11853,1
2020-01-07 15:33:28.575,11853,11854,11853,1
2020-01-07 15:33:29.130,11853,11854,11853,2
2020-01-07 15:33:29.235,11853,11854,11853,1
2020-01-07 15:33:29.538,11852,11853,11853,2
2020-01-07 15:33:29.736,11852,11853,11853,2
2020-01-07 15:33:29.939,11852,11853,11853,1
2020-01-07 15:33:33.157,11853,11854,11853,1
2020-01-07 15:33:35.875,11853,11854,11854,1
2020-01-07 15:33:36.491,11853,11854,11853,2
2020-01-07 15:33:36.555,11853,11854,11853,3
2020-01-07 15:33:36.555,11853,11854,11853,3
2020-01-07 15:33:36.555,11853,11854,11853,2
2020-01-07 15:33:38.499,11852,11853,11853,1
2020-01-07 15:33:39.470,11852,11853,11853,1
2020-01-07 15:33:41.711,11852,11853,11852,1
2020-01-07 15:33:41.793,11852,11853,11852,2
2020-01-07 15:33:43.034,11851,11852,11851,1
2020-01-07 15:33:43.813,11851,11852,11851,1
2020-01-07 15:33:45.533,11851,11852,11851,2
2020-01-07 15:33:45.610,11851,11852,11851,1
2020-01-07 15:33:49.562,11850,11851,11850,1
2020-01-07 15:33:50.310,11850,11851,11850,2
2020-01-07 15:33:51.923,11850,11851,11850,1
2020-01-07 15:33:52.195,11850,11851,11850,1
2020-01-07 15:33:53.101,11850,11851,11851,2
2020-01-07 15:33:53.140,11850,11851,11850,1
2020-01-07 15:33:58.033,11850,11851,11850,1
2020-01-07 15:34:00.256,11850,11851,11851,1
2020-01-07 15:34:01.563,11850,11851,11850,1
2020-01-07 15:34:03.611,11850,11851,11851,1
2020-01-07 15:34:04.950,11850,11851,11850,1
2020-01-07 15:34:05.068,11850,11851,11850,2
2020-01-07 15:34:05.341,11850,11851,11850,1
2020-01-07 15:34:07.432,11850,11851,11851,1
2020-01-07 15:34:07.735,11850,11851,11850,3
2020-01-07 15:34:07.735,11850,11851,11850,4
2020-01-07 15:34:07.903,11850,11851,11850,4
2020-01-07 15:34:07.903,11850,11851,11850,1
2020-01-07 15:34:07.985,11850,11851,11850,2
2020-01-07 15:34:07.985,11850,11851,11850,1
2020-01-07 15:34:08.171,11849,11850,11849,2
2020-01-07 15:34:08.686,11849,11850,11849,1
2020-01-07 15:34:08.919,11849,11850,11849,1
2020-01-07 15:34:09.206,11849,11850,11849,1
2020-01-07 15:34:09.430,11849,11850,11849,1
2020-01-07 15:34:09.622,11849,11850,11850,1
2020-01-07 15:34:10.054,11849,11850,11849,1
2020-01-07 15:34:10.115,11849,11850,11849,2
2020-01-07 15:34:10.286,11849,11850,11849,1
2020-01-07 15:34:10.549,11849,11850,11849,1
2020-01-07 15:34:13.773,11848,11849,11849,1
2020-01-07 15:34:14.577,11849,11850,11850,1
2020-01-07 15:34:14.669,11849,11850,11849,1
2020-01-07 15:34:14.748,11849,11850,11850,1
2020-01-07 15:34:16.220,11849,11850,11849,1
2020-01-07 15:34:16.223,11849,11850,11849,1
2020-01-07 15:34:16.228,11849,11850,11849,2
2020-01-07 15:34:17.649,11848,11849,11849,1
2020-01-07 15:34:20.423,11849,11850,11850,6
2020-01-07 15:34:21.588,11849,11850,11850,5
2020-01-07 15:34:22.735,11849,11850,11850,4
2020-01-07 15:34:22.860,11849,11850,11850,1
2020-01-07 15:34:23.352,11850,11851,11850,2
2020-01-07 15:34:25.715,11850,11851,11851,3
2020-01-07 15:34:25.716,11850,11851,11851,3
2020-01-07 15:34:25.716,11850,11851,11851,4
2020-01-07 15:34:25.735,11850,11851,11851,1
2020-01-07 15:34:25.735,11850,11851,11851,2
2020-01-07 15:34:25.735,11850,11851,11851,2
2020-01-07 15:34:25.735,11850,11851,11851,3
2020-01-07 15:34:26.619,11851,11852,11851,3
2020-01-07 15:34:26.860,11851,11852,11852,1
2020-01-07 15:34:30.429,11852,11853,11852,1
2020-01-07 15:34:31.663,11851,11853,11853,1
2020-01-07 15:34:35.235,11852,11853,11853,3
2020-01-07 15:34:40.966,11852,11853,11853,2
2020-01-07 15:34:42.354,11852,11853,11853,1
2020-01-07 15:34:42.960,11852,11853,11852,1
2020-01-07 15:34:45.235,11852,11853,11852,6
2020-01-07 15:34:46.611,11851,11852,11852,1
2020-01-07 15:34:49.773,11851,11852,11852,1
2020-01-07 15:34:50.485,11851,11852,11851,1
2020-01-07 15:34:50.738,11850,11852,11852,1
2020-01-07 15:34:54.868,11850,11852,11850,4
2020-01-07 15:34:57.236,11851,11852,11851,2
2020-01-07 15:34:59.912,11851,11852,11851,3
2020-01-07 15:35:03.376,11850,11851,11850,1
2020-01-07 15:35:03.617,11850,11851,11850,1
2020-01-07 15:35:03.803,11850,11851,11850,1
2020-01-07 15:35:11.223,11850,11851,11851,1
2020-01-07 15:35:11.224,11850,11851,11851,1
2020-01-07 15:35:11.235,11850,11851,11851,4
2020-01-07 15:35:11.235,11850,11851,11851,2
2020-01-07 15:35:14.004,11851,11852,11851,1
2020-01-07 15:35:15.477,11851,11852,11851,3
2020-01-07 15:35:16.469,11851,11852,11851,2
2020-01-07 15:35:20.841,11851,11852,11851,2
2020-01-07 15:35:30.379,11851,11852,11851,1
2020-01-07 15:35:41.632,11851,11852,11852,1
2020-01-07 15:35:46.402,11851,11852,11852,1
2020-01-07 15:35:46.444,11851,11852,11852,6
2020-01-07 15:35:46.830,11851,11852,11852,1
2020-01-07 15:35:48.832,11851,11852,11852,1
2020-01-07 15:35:49.483,11851,11852,11852,3
2020-01-07 15:35:49.483,11851,11852,11853,1
2020-01-07 15:35:52.249,11851,11852,11852,1
2020-01-07 15:35:52.655,11851,11852,11852,2
2020-01-07 15:35:52.791,11851,11852,11852,2
2020-01-07 15:35:52.791,11851,11852,11853,1
2020-01-07 15:35:52.985,11851,11852,11852,2
2020-01-07 15:35:56.950,11851,11853,11853,1
2020-01-07 15:36:02.617,11852,11853,11852,1
2020-01-07 15:36:12.548,11852,11853,11852,1
2020-01-07 15:36:12.695,11852,11853,11852,1
2020-01-07 15:36:12.754,11852,11853,11853,1
2020-01-07 15:36:12.767,11852,11853,11852,1
2020-01-07 15:36:12.860,11852,11853,11852,3
2020-01-07 15:36:27.955,11851,11852,11852,1
2020-01-07 15:36:28.123,11851,11852,11852,1
2020-01-07 15:36:28.579,11851,11852,11852,1
2020-01-07 15:36:29.070,11851,11852,11852,1
2020-01-07 15:36:31.962,11852,11853,11852,1
2020-01-07 15:36:33.850,11851,11853,11852,1
2020-01-07 15:36:36.979,11851,11852,11852,1
2020-01-07 15:36:37.500,11851,11852,11852,1
2020-01-07 15:36:39.012,11851,11852,11852,2
2020-01-07 15:36:43.610,11852,11853,11853,10
2020-01-07 15:36:43.735,11852,11853,11853,7
2020-01-07 15:36:43.860,11852,11853,11853,8
2020-01-07 15:36:46.746,11853,11854,11853,1
2020-01-07 15:36:48.514,11852,11854,11852,1
2020-01-07 15:36:54.723,11852,11853,11852,2
2020-01-07 15:36:54.723,11852,11853,11852,1
2020-01-07 15:36:54.947,11851,11852,11851,22
2020-01-07 15:36:59.453,11851,11852,11851,3
2020-01-07 15:37:04.280,11850,11851,11851,1
2020-01-07 15:37:10.114,11850,11851,11851,1
2020-01-07 15:37:13.328,11851,11852,11851,1
2020-01-07 15:37:13.373,11851,11852,11852,1
2020-01-07 15:37:13.377,11851,11852,11852,1
2020-01-07 15:37:15.137,11851,11852,11852,1
2020-01-07 15:37:17.216,11852,11853,11852,1
2020-01-07 15:37:17.251,11852,11853,11853,1
2020-01-07 15:37:17.610,11852,11853,11853,1
2020-01-07 15:37:17.735,11852,11853,11853,6
2020-01-07 15:37:17.735,11852,11853,11853,4
2020-01-07 15:37:23.862,11852,11853,11852,1
2020-01-07 15:37:24.594,11852,11853,11853,1
2020-01-07 15:37:37.618,11852,11853,11853,1
2020-01-07 15:37:42.855,11852,11853,11853,1
2020-01-07 15:37:53.368,11852,11853,11852,1
2020-01-07 15:37:54.885,11852,11853,11852,2
2020-01-07 15:37:56.877,11852,11853,11852,1
2020-01-07 15:37:56.878,11852,11853,11852,1
2020-01-07 15:37:56.878,11852,11853,11852,4
2020-01-07 15:37:56.878,11852,11853,11852,1
2020-01-07 15:38:01.240,11851,11852,11852,1
2020-01-07 15:38:02.180,11851,11852,11851,1
2020-01-07 15:38:03.562,11851,11852,11852,1
2020-01-07 15:38:09.860,11851,11852,11851,9
2020-01-07 15:38:09.985,11851,11852,11851,13
2020-01-07 15:38:14.047,11850,11851,11850,2
2020-01-07 15:38:14.047,11850,11851,11850,5
2020-01-07 15:38:14.047,11850,11851,11850,3
2020-01-07 15:38:14.047,11850,11851,11850,8
2020-01-07 15:38:14.047,11850,11851,11850,1
2020-01-07 15:38:14.053,11850,11851,11850,1
2020-01-07 15:38:14.486,11849,11850,11850,1
2020-01-07 15:38:14.977,11849,11850,11850,2
2020-01-07 15:38:19.085,11849,11850,11849,1
2020-01-07 15:38:25.491,11849,11850,11849,1
2020-01-07 15:38:27.499,11849,11850,11849,2
2020-01-07 15:38:28.208,11849,11850,11849,5
2020-01-07 15:38:29.238,11849,11850,11849,2
2020-01-07 15:38:30.079,11849,11850,11849,1
2020-01-07 15:38:30.576,11849,11850,11849,2
2020-01-07 15:38:31.449,11848,11849,11849,1
2020-01-07 15:38:32.538,11848,11849,11848,4
2020-01-07 15:38:32.999,11848,11849,11848,1
2020-01-07 15:38:33.227,11848,11849,11848,1
2020-01-07 15:38:33.543,11848,11849,11848,2
2020-01-07 15:38:34.317,11848,11849,11849,2
2020-01-07 15:38:35.023,11848,11849,11848,1
2020-01-07 15:38:35.993,11848,11849,11848,1
2020-01-07 15:38:36.113,11848,11849,11848,4
2020-01-07 15:38:36.142,11848,11849,11848,1
2020-01-07 15:38:36.169,11848,11849,11848,2
2020-01-07 15:38:36.207,11848,11849,11848,1
2020-01-07 15:38:36.207,11848,11849,11848,3
2020-01-07 15:38:36.207,11848,11849,11848,2
2020-01-07 15:38:36.207,11848,11849,11848,3
2020-01-07 15:38:36.235,11848,11849,11848,4
2020-01-07 15:38:36.235,11848,11849,11848,2
2020-01-07 15:38:36.235,11848,11849,11848,1
2020-01-07 15:38:36.235,11848,11849,11848,9
2020-01-07 15:38:36.236,11848,11849,11848,2
2020-01-07 15:38:36.236,11848,11849,11848,1
2020-01-07 15:38:36.236,11848,11849,11848,1
2020-01-07 15:38:36.236,11848,11849,11848,2
2020-01-07 15:38:37.728,11847,11848,11847,4
2020-01-07 15:38:38.330,11847,11848,11848,1
2020-01-07 15:38:38.465,11847,11848,11847,1
2020-01-07 15:38:38.895,11847,11848,11848,2
2020-01-07 15:38:42.101,11847,11848,11847,1
2020-01-07 15:38:42.186,11847,11848,11847,1
2020-01-07 15:38:42.471,11847,11848,11848,1
2020-01-07 15:38:46.278,11847,11848,11847,4
2020-01-07 15:38:47.894,11847,11848,11847,1
2020-01-07 15:38:48.426,11847,11848,11847,2
2020-01-07 15:38:49.075,11846,11847,11847,2
2020-01-07 15:38:50.585,11846,11847,11847,1
2020-01-07 15:38:53.031,11846,11847,11846,1
2020-01-07 15:38:57.571,11846,11847,11847,1
2020-01-07 15:38:59.925,11846,11847,11847,13
2020-01-07 15:38:59.986,11847,11848,11847,3
2020-01-07 15:39:00.021,11847,11848,11847,2
2020-01-07 15:39:00.148,11847,11848,11847,1
2020-01-07 15:39:00.437,11847,11848,11847,4
2020-01-07 15:39:01.540,11847,11848,11847,1
2020-01-07 15:39:02.173,11847,11848,11847,1
2020-01-07 15:39:02.437,11847,11848,11847,1
2020-01-07 15:39:02.839,11846,11847,11846,1
2020-01-07 15:39:03.280,11846,11847,11846,1
2020-01-07 15:39:04.365,11846,11847,11847,2
2020-01-07 15:39:05.141,11846,11847,11846,1
2020-01-07 15:39:06.192,11846,11847,11846,5
2020-01-07 15:39:08.583,11846,11847,11846,2
2020-01-07 15:39:11.020,11846,11847,11847,1
2020-01-07 15:39:11.114,11846,11847,11847,2
2020-01-07 15:39:11.114,11846,11847,11847,10
2020-01-07 15:39:11.307,11847,11848,11847,5
2020-01-07 15:39:11.517,11847,11848,11847,1
2020-01-07 15:39:12.026,11846,11847,11847,1
2020-01-07 15:39:12.147,11846,11847,11846,1
2020-01-07 15:39:12.845,11846,11847,11846,1
2020-01-07 15:39:13.444,11846,11847,11846,1
2020-01-07 15:39:14.167,11846,11847,11847,1
2020-01-07 15:39:14.352,11846,11847,11847,2
2020-01-07 15:39:15.643,11846,11847,11847,1
2020-01-07 15:39:15.856,11846,11847,11846,6
2020-01-07 15:39:16.052,11846,11847,11847,1
2020-01-07 15:39:17.388,11846,11847,11847,2
2020-01-07 15:39:18.598,11847,11848,11847,1
2020-01-07 15:39:18.877,11846,11847,11846,1
2020-01-07 15:39:20.678,11846,11847,11846,1
2020-01-07 15:39:20.703,11846,11847,11847,1
2020-01-07 15:39:22.732,11846,11847,11847,1
2020-01-07 15:39:22.873,11846,11847,11847,1
2020-01-07 15:39:23.905,11846,11847,11846,1
2020-01-07 15:39:25.389,11846,11847,11847,5
2020-01-07 15:39:28.597,11846,11847,11847,1
2020-01-07 15:39:29.022,11846,11847,11846,1
2020-01-07 15:39:29.421,11846,11847,11847,1
2020-01-07 15:39:29.422,11846,11847,11847,2
2020-01-07 15:39:29.422,11846,11847,11847,2
2020-01-07 15:39:29.422,11846,11847,11847,5
2020-01-07 15:39:30.148,11847,11848,11847,1
2020-01-07 15:39:30.451,11847,11848,11848,2
2020-01-07 15:39:32.430,11847,11848,11848,2
2020-01-07 15:39:34.182,11847,11848,11848,1
2020-01-07 15:39:36.239,11847,11848,11847,1
2020-01-07 15:39:37.570,11847,11848,11848,1
2020-01-07 15:39:42.439,11847,11848,11847,1
2020-01-07 15:39:46.615,11847,11848,11848,1
2020-01-07 15:39:46.725,11847,11848,11848,1
2020-01-07 15:39:48.463,11847,11848,11847,1
2020-01-07 15:39:48.861,11847,11848,11848,12
2020-01-07 15:39:50.356,11848,11849,11848,1
2020-01-07 15:39:51.385,11848,11849,11848,1
2020-01-07 15:39:54.405,11848,11849,11848,2
2020-01-07 15:39:55.485,11848,11849,11849,9
2020-01-07 15:39:58.710,11849,11850,11850,13
2020-01-07 15:39:58.946,11849,11850,11850,1
2020-01-07 15:39:59.240,11849,11850,11850,1
2020-01-07 15:39:59.984,11849,11850,11850,1
2020-01-07 15:40:00.361,11849,11850,11849,1
2020-01-07 15:40:01.235,11849,11851,11851,2
2020-01-07 15:40:05.486,11850,11851,11851,1
2020-01-07 15:40:05.487,11850,11851,11851,2
2020-01-07 15:40:05.581,11850,11851,11851,2
2020-01-07 15:40:05.610,11850,11851,11851,1
2020-01-07 15:40:06.489,11851,11852,11851,1
2020-01-07 15:40:06.860,11850,11851,11851,1
2020-01-07 15:40:06.860,11850,11851,11851,1
2020-01-07 15:40:07.320,11850,11851,11851,2
2020-01-07 15:40:07.320,11850,11851,11852,2
2020-01-07 15:40:07.320,11850,11851,11851,1
2020-01-07 15:40:08.384,11850,11851,11851,1
2020-01-07 15:40:08.522,11850,11851,11851,1
2020-01-07 15:40:10.742,11850,11851,11851,1
2020-01-07 15:40:10.742,11850,11851,11852,2
2020-01-07 15:40:11.542,11850,11851,11851,1
2020-01-07 15:40:12.174,11851,11852,11852,1
2020-01-07 15:40:12.404,11851,11852,11851,1
2020-01-07 15:40:12.729,11851,11852,11851,1
2020-01-07 15:40:13.344,11851,11852,11851,1
2020-01-07 15:40:13.437,11851,11852,11851,1
2020-01-07 15:40:16.788,11850,11851,11850,7
2020-01-07 15:40:17.110,11849,11850,11849,1
2020-01-07 15:40:17.235,11849,11850,11849,1
2020-01-07 15:40:18.180,11848,11850,11850,1
2020-01-07 15:40:18.182,11848,11850,11850,6
2020-01-07 15:40:18.677,11849,11850,11849,1
2020-01-07 15:40:20.974,11849,11850,11850,1
2020-01-07 15:40:25.373,11849,11850,11850,1
2020-01-07 15:40:25.426,11849,11850,11849,1
2020-01-07 15:40:26.835,11848,11849,11849,1
2020-01-07 15:40:35.692,11848,11849,11848,1
2020-01-07 15:40:35.881,11848,11849,11848,1
2020-01-07 15:40:37.779,11848,11849,11848,1
2020-01-07 15:40:37.953,11847,11849,11848,1
2020-01-07 15:40:38.151,11847,11848,11848,1
2020-01-07 15:40:45.180,11847,11848,11848,1
2020-01-07 15:40:49.112,11848,11849,11848,10
2020-01-07 15:40:52.228,11848,11849,11848,1
2020-01-07 15:40:52.805,11848,11849,11848,5
2020-01-07 15:40:53.411,11848,11849,11848,4
2020-01-07 15:40:54.568,11848,11849,11848,5
2020-01-07 15:40:56.463,11847,11848,11848,1
2020-01-07 15:40:56.841,11847,11849,11849,1
2020-01-07 15:40:58.578,11848,11849,11848,2
2020-01-07 15:40:58.986,11848,11849,11848,2
2020-01-07 15:41:02.340,11848,11849,11848,1
2020-01-07 15:41:03.215,11848,11849,11848,1
2020-01-07 15:41:03.838,11848,11849,11848,1
2020-01-07 15:41:09.194,11847,11848,11848,6
2020-01-07 15:41:09.194,11847,11848,11848,1
2020-01-07 15:41:12.062,11848,11849,11848,7
2020-01-07 15:41:23.124,11848,11849,11849,2
2020-01-07 15:41:23.486,11848,11849,11849,9
2020-01-07 15:41:31.086,11848,11849,11849,1
2020-01-07 15:41:42.001,11849,11850,11850,2
2020-01-07 15:41:42.798,11849,11850,11849,1
2020-01-07 15:41:43.020,11849,11850,11849,1
2020-01-07 15:41:43.275,11848,11849,11849,1
2020-01-07 15:41:44.885,11848,11849,11849,1
2020-01-07 15:41:45.105,11848,11849,11849,1
2020-01-07 15:41:48.049,11849,11850,11849,1
2020-01-07 15:41:48.981,11849,11850,11849,1
2020-01-07 15:41:49.042,11849,11850,11849,2
2020-01-07 15:41:51.562,11848,11849,11848,1
2020-01-07 15:41:52.314,11848,11849,11848,2
2020-01-07 15:41:53.440,11848,11849,11849,1
2020-01-07 15:41:56.545,11849,11850,11849,1
2020-01-07 15:41:56.980,11849,11850,11849,6
2020-01-07 15:41:56.980,11849,11850,11848,2
2020-01-07 15:42:05.421,11849,11850,11850,1
2020-01-07 15:42:09.629,11849,11850,11850,1
2020-01-07 15:42:13.532,11850,11851,11851,2
2020-01-07 15:42:13.839,11850,11851,11850,6
2020-01-07 15:42:13.839,11850,11851,11849,17
2020-01-07 15:42:13.891,11849,11850,11850,1
2020-01-07 15:42:14.958,11849,11850,11850,5
2020-01-07 15:42:19.483,11849,11850,11850,1
2020-01-07 15:42:20.295,11849,11850,11850,1
2020-01-07 15:42:20.689,11849,11850,11850,1
2020-01-07 15:42:24.696,11849,11850,11850,5
2020-01-07 15:42:29.434,11849,11850,11850,1
2020-01-07 15:42:29.842,11849,11850,11849,1
2020-01-07 15:42:34.636,11849,11850,11849,2
2020-01-07 15:42:34.636,11849,11850,11849,1
2020-01-07 15:42:34.855,11848,11850,11849,1
2020-01-07 15:42:36.325,11848,11849,11849,5
2020-01-07 15:42:39.074,11848,11850,11849,1
2020-01-07 15:42:45.553,11849,11850,11849,1
2020-01-07 15:42:48.487,11848,11849,11849,4
2020-01-07 15:42:48.610,11849,11850,11849,1
2020-01-07 15:42:49.312,11848,11850,11850,1
2020-01-07 15:43:07.013,11849,11850,11849,5
2020-01-07 15:43:15.910,11849,11850,11849,1
2020-01-07 15:43:16.735,11849,11850,11850,2
2020-01-07 15:43:16.735,11849,11850,11850,4
2020-01-07 15:43:17.386,11849,11850,11850,1
2020-01-07 15:43:17.386,11849,11850,11850,3
2020-01-07 15:43:17.387,11849,11850,11850,1
2020-01-07 15:43:17.387,11849,11850,11850,1
2020-01-07 15:43:17.387,11849,11850,11850,1
2020-01-07 15:43:17.387,11849,11850,11850,2
2020-01-07 15:43:26.635,11850,11851,11850,1
2020-01-07 15:43:34.690,11850,11851,11850,1
2020-01-07 15:43:37.039,11850,11851,11850,10
2020-01-07 15:43:41.734,11850,11851,11850,1
2020-01-07 15:43:42.455,11850,11851,11850,2
2020-01-07 15:43:43.867,11850,11851,11851,1
2020-01-07 15:43:46.524,11850,11851,11851,1
2020-01-07 15:43:50.558,11850,11851,11851,1
2020-01-07 15:43:50.558,11850,11851,11850,1
2020-01-07 15:43:51.050,11850,11851,11851,1
2020-01-07 15:43:54.891,11849,11850,11850,4
2020-01-07 15:44:05.754,11850,11851,11850,7
2020-01-07 15:44:05.754,11850,11851,11850,6
2020-01-07 15:44:05.754,11850,11851,11850,1
2020-01-07 15:44:05.787,11850,11851,11850,1
2020-01-07 15:44:06.225,11849,11850,11849,1
2020-01-07 15:44:07.107,11849,11850,11849,1
2020-01-07 15:44:13.695,11849,11850,11850,2
2020-01-07 15:44:17.570,11849,11850,11850,1
2020-01-07 15:44:17.895,11849,11850,11850,2
2020-01-07 15:44:17.969,11849,11850,11850,1
2020-01-07 15:44:18.314,11849,11850,11850,3
2020-01-07 15:44:24.840,11850,11851,11850,1
2020-01-07 15:44:26.681,11850,11851,11850,5
2020-01-07 15:44:30.110,11850,11851,11851,4
2020-01-07 15:44:30.235,11850,11851,11851,6
2020-01-07 15:44:30.360,11850,11851,11851,9
2020-01-07 15:44:30.485,11850,11851,11851,3
2020-01-07 15:44:30.485,11850,11851,11851,2
2020-01-07 15:44:30.486,11850,11851,11851,1
2020-01-07 15:44:30.486,11850,11851,11851,1
2020-01-07 15:44:30.486,11850,11851,11851,2
2020-01-07 15:44:30.486,11850,11851,11851,1
2020-01-07 15:44:30.737,11851,11852,11852,2
2020-01-07 15:44:31.127,11851,11852,11852,1
2020-01-07 15:44:33.613,11851,11852,11852,1
2020-01-07 15:44:34.237,11851,11852,11851,1
2020-01-07 15:44:38.698,11851,11852,11852,1
2020-01-07 15:44:40.735,11851,11852,11852,1
2020-01-07 15:44:43.036,11851,11853,11852,2
2020-01-07 15:44:47.182,11852,11853,11853,14
2020-01-07 15:44:47.459,11853,11854,11854,1
2020-01-07 15:44:49.658,11853,11854,11854,3
2020-01-07 15:44:49.971,11853,11854,11854,1
2020-01-07 15:44:50.800,11853,11854,11853,1
2020-01-07 15:44:54.324,11853,11854,11853,2
2020-01-07 15:44:54.890,11852,11854,11854,1
2020-01-07 15:44:58.941,11853,11854,11854,1
2020-01-07 15:44:59.231,11853,11854,11854,1
2020-01-07 15:45:01.497,11853,11854,11854,5
2020-01-07 15:45:01.735,11853,11854,11853,4
2020-01-07 15:45:01.735,11853,11854,11853,1
2020-01-07 15:45:11.050,11852,11853,11852,4
2020-01-07 15:45:12.378,11851,11852,11852,1
2020-01-07 15:45:13.032,11852,11853,11852,1
2020-01-07 15:45:16.470,11852,11853,11853,1
2020-01-07 15:45:16.846,11852,11853,11853,1
2020-01-07 15:45:17.176,11852,11853,11852,1
2020-01-07 15:45:17.305,11852,11853,11853,1
2020-01-07 15:45:18.875,11852,11853,11853,1
2020-01-07 15:45:23.840,11853,11854,11854,1
2020-01-07 15:45:28.383,11853,11854,11853,2
2020-01-07 15:45:31.242,11853,11854,11853,1
2020-01-07 15:45:35.607,11853,11854,11854,3
2020-01-07 15:45:36.409,11853,11855,11855,2
2020-01-07 15:45:36.529,11853,11855,11855,2
2020-01-07 15:45:36.536,11853,11855,11855,1
2020-01-07 15:45:36.631,11853,11855,11855,1
2020-01-07 15:45:38.228,11854,11855,11855,1
2020-01-07 15:45:38.245,11854,11855,11855,2
2020-01-07 15:45:40.737,11854,11855,11854,1
2020-01-07 15:45:40.857,11854,11855,11855,1
2020-01-07 15:45:42.851,11854,11855,11855,5
2020-01-07 15:45:43.181,11854,11855,11855,4
2020-01-07 15:45:45.615,11854,11855,11855,1
2020-01-07 15:45:48.031,11854,11855,11855,1
2020-01-07 15:45:49.565,11854,11855,11855,3
2020-01-07 15:45:49.565,11854,11855,11855,1
2020-01-07 15:45:49.565,11854,11855,11855,12
2020-01-07 15:45:49.568,11854,11855,11855,3
2020-01-07 15:45:49.568,11854,11855,11855,1
2020-01-07 15:45:50.547,11855,11856,11856,2
2020-01-07 15:45:50.588,11855,11856,11856,2
2020-01-07 15:45:50.591,11855,11856,11856,1
2020-01-07 15:45:50.592,11855,11856,11856,2
2020-01-07 15:45:50.610,11855,11856,11856,2
2020-01-07 15:45:50.610,11855,11856,11856,3
2020-01-07 15:45:50.610,11855,11856,11856,1
2020-01-07 15:45:50.761,11856,11857,11857,4
2020-01-07 15:45:50.846,11856,11857,11857,1
2020-01-07 15:45:50.846,11856,11857,11857,2
2020-01-07 15:45:50.860,11856,11857,11857,1
