2019-08-20,15:00:00.074000,10519,10520,10520,57
2019-08-20,15:00:00.075000,10519,10520,10520,3
2019-08-20,15:00:00.198000,10519,10520,10520,1
2019-08-20,15:00:01.112000,10519,10520,10520,1
2019-08-20,15:00:01.258000,10519,10520,10520,1
2019-08-20,15:00:01.275000,10519,10520,10520,1
2019-08-20,15:00:01.386000,10519,10520,10520,1
2019-08-20,15:00:01.386000,10519,10520,10520,1
2019-08-20,15:00:01.400000,10519,10520,10520,4
2019-08-20,15:00:01.646000,10520,10521,10521,1
2019-08-20,15:00:02.041000,10520,10521,10521,1
2019-08-20,15:00:02.225000,10520,10521,10521,2
2019-08-20,15:00:02.277000,10520,10521,10521,2
2019-08-20,15:00:02.479000,10520,10522,10521,2
2019-08-20,15:00:02.587000,10520,10522,10520,1
2019-08-20,15:00:02.618000,10520,10522,10522,1
2019-08-20,15:00:02.625000,10520,10522,10522,1
2019-08-20,15:00:03.302000,10520,10522,10521,2
2019-08-20,15:00:03.302000,10520,10522,10520,1
2019-08-20,15:00:04.335000,10521,10522,10521,1
2019-08-20,15:00:06.106000,10520,10521,10520,1
2019-08-20,15:00:06.249000,10520,10521,10520,2
2019-08-20,15:00:06.555000,10520,10521,10520,2
2019-08-20,15:00:07.440000,10520,10521,10520,2
2019-08-20,15:00:07.778000,10520,10521,10520,2
2019-08-20,15:00:08.218000,10520,10521,10520,2
2019-08-20,15:00:08.386000,10519,10520,10520,1
2019-08-20,15:00:08.532000,10519,10520,10520,1
2019-08-20,15:00:08.581000,10519,10520,10520,1
2019-08-20,15:00:09.612000,10519,10520,10520,1
2019-08-20,15:00:09.788000,10519,10520,10520,1
2019-08-20,15:00:10.209000,10519,10520,10520,2
2019-08-20,15:00:11.560000,10520,10521,10520,1
2019-08-20,15:00:14.877000,10520,10521,10521,1
2019-08-20,15:00:15.163000,10520,10521,10520,2
2019-08-20,15:00:15.312000,10520,10521,10520,1
2019-08-20,15:00:15.736000,10520,10521,10520,6
2019-08-20,15:00:15.999000,10520,10521,10520,5
2019-08-20,15:00:16.294000,10519,10520,10520,1
2019-08-20,15:00:16.746000,10519,10521,10521,3
2019-08-20,15:00:18.081000,10520,10521,10520,1
2019-08-20,15:00:20.756000,10519,10520,10520,2
2019-08-20,15:00:21.656000,10519,10520,10520,2
2019-08-20,15:00:21.689000,10519,10520,10520,1
2019-08-20,15:00:26.381000,10519,10520,10520,2
2019-08-20,15:00:27.180000,10520,10521,10521,1
2019-08-20,15:00:28.592000,10520,10521,10520,3
2019-08-20,15:00:28.839000,10519,10520,10520,1
2019-08-20,15:00:29.728000,10519,10520,10520,2
2019-08-20,15:00:30.626000,10520,10521,10520,1
2019-08-20,15:00:31.025000,10519,10521,10519,1
2019-08-20,15:00:32.733000,10519,10520,10519,2
2019-08-20,15:00:33.470000,10519,10520,10520,1
2019-08-20,15:00:36.077000,10519,10520,10520,3
2019-08-20,15:00:38.728000,10519,10520,10520,2
2019-08-20,15:00:38.959000,10519,10520,10519,2
2019-08-20,15:00:39.885000,10519,10520,10520,1
2019-08-20,15:00:41.751000,10519,10520,10519,1
2019-08-20,15:00:42.213000,10519,10520,10519,1
2019-08-20,15:00:42.562000,10519,10520,10519,1
2019-08-20,15:00:43.415000,10519,10520,10520,1
2019-08-20,15:00:44.962000,10519,10520,10519,1
2019-08-20,15:00:47.788000,10519,10520,10520,3
2019-08-20,15:00:48.958000,10519,10520,10520,11
2019-08-20,15:00:49.786000,10519,10520,10519,16
2019-08-20,15:00:50.777000,10519,10520,10520,4
2019-08-20,15:00:52.736000,10520,10521,10520,1
2019-08-20,15:00:52.793000,10520,10521,10521,5
2019-08-20,15:00:54.505000,10520,10521,10520,1
2019-08-20,15:00:54.524000,10520,10521,10519,1
2019-08-20,15:00:54.625000,10519,10520,10520,3
2019-08-20,15:00:54.626000,10519,10520,10520,2
2019-08-20,15:00:54.706000,10519,10520,10520,2
2019-08-20,15:00:54.802000,10519,10520,10520,2
2019-08-20,15:00:55.633000,10520,10521,10520,1
2019-08-20,15:00:55.706000,10519,10520,10520,1
2019-08-20,15:00:55.859000,10520,10521,10520,1
2019-08-20,15:00:55.859000,10520,10521,10519,3
2019-08-20,15:00:59.992000,10519,10520,10520,3
2019-08-20,15:00:59.992000,10519,10520,10521,2
2019-08-20,15:01:00.679000,10520,10521,10521,1
2019-08-20,15:01:06.761000,10520,10521,10521,1
2019-08-20,15:01:07.566000,10520,10521,10520,1
2019-08-20,15:01:07.571000,10520,10521,10521,2
2019-08-20,15:01:10.322000,10520,10521,10520,5
2019-08-20,15:01:12.889000,10519,10520,10520,1
2019-08-20,15:01:12.918000,10519,10520,10520,1
2019-08-20,15:01:13.167000,10519,10520,10520,1
2019-08-20,15:01:14.728000,10519,10520,10520,1
2019-08-20,15:01:20.563000,10519,10520,10520,5
2019-08-20,15:01:22.646000,10519,10520,10520,1
2019-08-20,15:01:23.333000,10519,10520,10519,3
2019-08-20,15:01:27.924000,10519,10520,10519,1
2019-08-20,15:01:28.304000,10519,10520,10519,4
2019-08-20,15:01:31.541000,10519,10520,10520,1
2019-08-20,15:01:34.209000,10519,10520,10519,1
2019-08-20,15:01:35.020000,10519,10520,10520,1
2019-08-20,15:01:38.778000,10519,10520,10520,1
2019-08-20,15:01:45.854000,10519,10520,10519,1
2019-08-20,15:01:46.616000,10519,10520,10519,25
2019-08-20,15:01:46.820000,10518,10520,10519,2
2019-08-20,15:01:48.242000,10518,10519,10519,1
2019-08-20,15:01:49.872000,10518,10519,10519,1
2019-08-20,15:01:50.603000,10518,10519,10518,1
2019-08-20,15:01:53.746000,10518,10519,10519,3
2019-08-20,15:01:57.474000,10518,10519,10518,38
2019-08-20,15:01:57.724000,10517,10518,10518,1
2019-08-20,15:01:57.749000,10517,10518,10518,1
2019-08-20,15:01:57.759000,10517,10518,10518,1
2019-08-20,15:01:58.386000,10517,10518,10517,21
2019-08-20,15:01:58.456000,10517,10518,10517,3
2019-08-20,15:01:58.457000,10517,10518,10517,1
2019-08-20,15:01:58.457000,10517,10518,10517,2
2019-08-20,15:01:58.457000,10517,10518,10517,2
2019-08-20,15:02:00.154000,10517,10518,10517,3
2019-08-20,15:02:00.234000,10517,10518,10517,18
2019-08-20,15:02:02.159000,10516,10517,10517,1
2019-08-20,15:02:02.189000,10516,10517,10516,3
2019-08-20,15:02:02.470000,10516,10517,10516,1
2019-08-20,15:02:05.356000,10516,10517,10516,5
2019-08-20,15:02:06.028000,10516,10517,10516,5
2019-08-20,15:02:06.823000,10516,10517,10516,1
2019-08-20,15:02:07.691000,10516,10517,10516,5
2019-08-20,15:02:08.541000,10516,10517,10516,1
2019-08-20,15:02:09.070000,10516,10517,10516,1
2019-08-20,15:02:09.995000,10516,10517,10516,1
2019-08-20,15:02:10.831000,10515,10516,10516,2
2019-08-20,15:02:11.661000,10515,10516,10516,1
2019-08-20,15:02:11.733000,10515,10516,10516,5
2019-08-20,15:02:12.008000,10515,10516,10516,1
2019-08-20,15:02:13.059000,10515,10516,10516,1
2019-08-20,15:02:14.799000,10515,10516,10515,1
2019-08-20,15:02:16.220000,10515,10516,10516,1
2019-08-20,15:02:19.643000,10515,10516,10516,1
2019-08-20,15:02:19.650000,10515,10516,10515,1
2019-08-20,15:02:21.016000,10515,10516,10516,1
2019-08-20,15:02:23.322000,10515,10516,10516,1
2019-08-20,15:02:23.607000,10515,10516,10515,1
2019-08-20,15:02:24.135000,10515,10516,10516,1
2019-08-20,15:02:24.212000,10515,10516,10516,1
2019-08-20,15:02:24.623000,10515,10516,10515,1
2019-08-20,15:02:25.007000,10515,10516,10516,1
2019-08-20,15:02:26.045000,10515,10516,10515,1
2019-08-20,15:02:26.288000,10515,10516,10515,1
2019-08-20,15:02:29.644000,10515,10516,10516,1
2019-08-20,15:02:29.892000,10515,10516,10515,5
2019-08-20,15:02:30.082000,10515,10516,10515,5
2019-08-20,15:02:32.696000,10515,10516,10515,5
2019-08-20,15:02:32.801000,10515,10516,10515,3
2019-08-20,15:02:32.922000,10515,10516,10515,5
2019-08-20,15:02:35.708000,10515,10516,10515,5
2019-08-20,15:02:35.884000,10515,10516,10515,5
2019-08-20,15:02:36.160000,10515,10516,10515,2
2019-08-20,15:02:36.665000,10515,10516,10516,1
2019-08-20,15:02:38.871000,10515,10516,10515,2
2019-08-20,15:02:50.691000,10515,10516,10516,23
2019-08-20,15:02:50.706000,10515,10516,10516,2
2019-08-20,15:02:50.706000,10515,10516,10516,4
2019-08-20,15:02:51.301000,10516,10517,10516,1
2019-08-20,15:02:58.514000,10516,10517,10517,1
2019-08-20,15:02:59.229000,10516,10517,10516,2
2019-08-20,15:03:00.344000,10516,10517,10517,3
2019-08-20,15:03:00.456000,10516,10517,10517,3
2019-08-20,15:03:00.456000,10516,10517,10517,2
2019-08-20,15:03:00.502000,10516,10517,10516,1
2019-08-20,15:03:04.904000,10517,10518,10518,1
2019-08-20,15:03:12.139000,10517,10518,10518,3
2019-08-20,15:03:12.749000,10518,10519,10519,1
2019-08-20,15:03:14.221000,10518,10519,10518,1
2019-08-20,15:03:18.760000,10518,10519,10518,2
2019-08-20,15:03:21.048000,10518,10519,10519,1
2019-08-20,15:03:25.583000,10518,10519,10519,1
2019-08-20,15:03:33.239000,10519,10520,10519,3
2019-08-20,15:03:34.838000,10518,10519,10519,2
2019-08-20,15:03:34.845000,10518,10519,10519,1
2019-08-20,15:03:37.175000,10519,10520,10519,1
2019-08-20,15:03:43.594000,10519,10520,10519,5
2019-08-20,15:03:44.437000,10519,10520,10519,5
2019-08-20,15:03:48.323000,10519,10520,10519,5
2019-08-20,15:03:52.280000,10519,10520,10519,5
2019-08-20,15:03:54.924000,10519,10520,10519,1
2019-08-20,15:03:56.420000,10519,10520,10519,5
2019-08-20,15:04:01.704000,10519,10520,10519,3
2019-08-20,15:04:02.163000,10519,10520,10519,3
2019-08-20,15:04:04.491000,10519,10520,10519,1
2019-08-20,15:04:07.857000,10518,10519,10519,5
2019-08-20,15:04:11.074000,10518,10519,10519,1
2019-08-20,15:04:11.766000,10518,10519,10519,1
2019-08-20,15:04:12.005000,10518,10519,10519,1
2019-08-20,15:04:17.226000,10518,10519,10519,2
2019-08-20,15:04:20.849000,10518,10519,10519,1
2019-08-20,15:04:21.265000,10518,10519,10519,1
2019-08-20,15:04:21.420000,10518,10519,10519,1
2019-08-20,15:04:22.342000,10518,10519,10519,2
2019-08-20,15:04:34.189000,10518,10519,10519,1
2019-08-20,15:04:37.621000,10518,10519,10519,1
2019-08-20,15:04:45.177000,10518,10519,10518,1
2019-08-20,15:04:52.804000,10518,10519,10518,1
2019-08-20,15:04:53.492000,10518,10519,10518,5
2019-08-20,15:04:58.287000,10518,10519,10518,3
2019-08-20,15:05:15.839000,10518,10519,10518,1
2019-08-20,15:05:16.001000,10518,10519,10518,1
2019-08-20,15:05:16.081000,10518,10519,10518,2
2019-08-20,15:05:16.206000,10518,10519,10518,9
2019-08-20,15:05:16.206000,10518,10519,10518,5
2019-08-20,15:05:25.627000,10517,10518,10518,1
2019-08-20,15:05:29.801000,10517,10518,10518,16
2019-08-20,15:05:35.861000,10518,10519,10518,1
2019-08-20,15:05:40.211000,10518,10519,10518,3
2019-08-20,15:05:45.179000,10518,10519,10518,1
2019-08-20,15:06:02.269000,10518,10519,10518,8
2019-08-20,15:06:02.331000,10518,10519,10518,2
2019-08-20,15:06:06.489000,10517,10518,10517,2
2019-08-20,15:06:13.303000,10517,10518,10517,1
2019-08-20,15:06:24.563000,10517,10518,10517,10
2019-08-20,15:06:36.080000,10516,10517,10516,1
2019-08-20,15:06:36.422000,10516,10517,10517,1
2019-08-20,15:06:41.339000,10516,10517,10517,4
2019-08-20,15:06:45.966000,10516,10517,10517,1
2019-08-20,15:06:48.111000,10516,10517,10517,2
2019-08-20,15:06:58.472000,10516,10517,10517,1
2019-08-20,15:07:01.979000,10516,10517,10517,4
2019-08-20,15:07:01.979000,10516,10517,10517,2
2019-08-20,15:07:04.229000,10517,10518,10517,8
2019-08-20,15:07:08.733000,10517,10518,10518,10
2019-08-20,15:07:11.843000,10518,10519,10518,1
2019-08-20,15:07:16.541000,10518,10519,10518,4
2019-08-20,15:07:21.336000,10518,10519,10519,1
2019-08-20,15:07:23.267000,10518,10519,10518,1
2019-08-20,15:07:42.369000,10518,10519,10518,1
2019-08-20,15:07:43.977000,10518,10519,10518,1
2019-08-20,15:07:44.405000,10518,10519,10518,1
2019-08-20,15:07:44.448000,10518,10519,10519,1
2019-08-20,15:07:54.103000,10518,10519,10518,1
2019-08-20,15:08:05.950000,10518,10519,10518,2
2019-08-20,15:08:08.846000,10518,10519,10518,1
2019-08-20,15:08:11.428000,10518,10519,10518,2
2019-08-20,15:08:12.596000,10518,10519,10519,1
2019-08-20,15:08:27.027000,10518,10519,10519,2
2019-08-20,15:08:35.108000,10518,10519,10519,1
2019-08-20,15:08:36.025000,10518,10519,10519,1
2019-08-20,15:08:41.037000,10518,10519,10519,13
2019-08-20,15:08:51.763000,10519,10520,10520,2
2019-08-20,15:09:09.131000,10519,10520,10520,9
2019-08-20,15:09:10.513000,10519,10520,10520,1
2019-08-20,15:09:11.261000,10519,10520,10520,1
2019-08-20,15:09:18.090000,10519,10520,10520,2
2019-08-20,15:09:24.092000,10519,10520,10520,1
2019-08-20,15:09:26.684000,10519,10520,10520,1
2019-08-20,15:09:27.633000,10519,10520,10520,1
2019-08-20,15:09:27.787000,10519,10520,10520,1
2019-08-20,15:09:29.458000,10519,10520,10520,1
2019-08-20,15:09:29.745000,10519,10520,10520,2
2019-08-20,15:09:29.831000,10519,10520,10520,6
2019-08-20,15:09:29.956000,10519,10520,10520,4
2019-08-20,15:09:30.081000,10519,10520,10520,1
2019-08-20,15:09:31.156000,10519,10520,10520,1
2019-08-20,15:09:31.332000,10519,10520,10520,8
2019-08-20,15:09:31.641000,10519,10521,10520,1
2019-08-20,15:09:31.670000,10519,10521,10520,1
2019-08-20,15:09:31.981000,10519,10521,10520,1
2019-08-20,15:09:33.201000,10519,10520,10520,2
2019-08-20,15:09:35.853000,10520,10521,10520,1
2019-08-20,15:09:46.229000,10519,10520,10519,2
2019-08-20,15:09:46.331000,10519,10520,10519,4
2019-08-20,15:09:47.466000,10518,10519,10519,1
2019-08-20,15:09:50.712000,10518,10519,10519,1
2019-08-20,15:09:51.960000,10518,10519,10519,1
2019-08-20,15:09:56.335000,10518,10519,10519,1
2019-08-20,15:10:00.742000,10518,10519,10519,2
2019-08-20,15:10:02.317000,10519,10520,10520,1
2019-08-20,15:10:02.613000,10519,10520,10519,2
2019-08-20,15:10:13.116000,10519,10520,10519,2
2019-08-20,15:10:30.408000,10519,10520,10520,2
2019-08-20,15:10:35.356000,10519,10520,10519,1
2019-08-20,15:10:50.768000,10519,10520,10520,6
2019-08-20,15:10:59.223000,10520,10521,10520,1
2019-08-20,15:11:09.755000,10520,10521,10520,2
2019-08-20,15:11:37.748000,10520,10521,10520,1
2019-08-20,15:12:16.723000,10520,10521,10520,7
2019-08-20,15:12:40.916000,10519,10520,10520,1
2019-08-20,15:12:45.428000,10519,10521,10519,16
2019-08-20,15:12:49.757000,10519,10520,10519,3
2019-08-20,15:12:51.380000,10518,10519,10519,2
2019-08-20,15:12:52.294000,10519,10520,10519,5
2019-08-20,15:12:52.943000,10519,10520,10519,2
2019-08-20,15:12:58.631000,10519,10520,10519,3
2019-08-20,15:12:58.823000,10518,10519,10519,1
2019-08-20,15:13:05.802000,10518,10519,10518,1
2019-08-20,15:13:09.313000,10518,10519,10519,1
2019-08-20,15:13:09.313000,10518,10519,10520,4
2019-08-20,15:13:21.419000,10518,10519,10519,1
2019-08-20,15:13:27.339000,10519,10520,10519,1
2019-08-20,15:13:27.635000,10518,10520,10519,1
2019-08-20,15:13:39.261000,10518,10519,10519,1
2019-08-20,15:13:48.890000,10518,10519,10519,3
2019-08-20,15:13:59.937000,10518,10519,10519,1
2019-08-20,15:14:06.748000,10518,10519,10519,1
2019-08-20,15:14:11.583000,10518,10519,10518,4
2019-08-20,15:14:11.706000,10518,10519,10518,9
2019-08-20,15:14:17.717000,10517,10518,10518,1
2019-08-20,15:14:22.995000,10517,10518,10518,1
2019-08-20,15:14:25.924000,10517,10518,10518,2
2019-08-20,15:14:30.639000,10517,10518,10518,2
2019-08-20,15:14:39.503000,10517,10518,10517,3
2019-08-20,15:14:43.229000,10517,10518,10518,10
2019-08-20,15:14:56.154000,10518,10519,10519,4
2019-08-20,15:14:56.206000,10518,10519,10519,7
2019-08-20,15:14:59.262000,10519,10520,10519,1
2019-08-20,15:15:03.494000,10519,10520,10519,5
2019-08-20,15:15:08.642000,10519,10520,10519,1
2019-08-20,15:15:11.579000,10518,10519,10519,1
2019-08-20,15:15:16.766000,10518,10519,10518,5
2019-08-20,15:15:36.825000,10518,10519,10519,1
2019-08-20,15:15:39.296000,10518,10519,10519,1
2019-08-20,15:15:50.581000,10518,10519,10518,8
2019-08-20,15:15:53.422000,10517,10518,10518,1
2019-08-20,15:15:56.695000,10517,10518,10518,1
2019-08-20,15:16:12.081000,10518,10519,10518,2
2019-08-20,15:16:13.180000,10517,10518,10518,5
2019-08-20,15:16:25.112000,10517,10518,10518,1
2019-08-20,15:16:31.161000,10517,10518,10517,5
2019-08-20,15:16:31.206000,10517,10518,10517,15
2019-08-20,15:16:31.380000,10517,10518,10517,1
2019-08-20,15:16:38.279000,10517,10518,10517,4
2019-08-20,15:16:38.413000,10517,10518,10517,6
2019-08-20,15:16:52.075000,10516,10517,10517,2
2019-08-20,15:16:52.632000,10516,10517,10516,1
2019-08-20,15:16:55.640000,10516,10517,10516,1
2019-08-20,15:16:56.404000,10516,10517,10516,1
2019-08-20,15:17:07.083000,10516,10517,10517,2
2019-08-20,15:17:33.220000,10516,10517,10516,25
2019-08-20,15:17:37.767000,10516,10517,10517,1
2019-08-20,15:17:53.931000,10516,10517,10516,2
2019-08-20,15:17:57.727000,10516,10517,10516,1
2019-08-20,15:18:05.333000,10516,10517,10516,3
2019-08-20,15:18:08.982000,10516,10517,10516,12
2019-08-20,15:18:10.065000,10515,10516,10516,4
2019-08-20,15:18:25.996000,10516,10517,10517,1
2019-08-20,15:18:26.020000,10516,10517,10516,1
2019-08-20,15:18:27.531000,10516,10517,10517,7
2019-08-20,15:18:30.333000,10516,10517,10517,1
2019-08-20,15:18:31.172000,10516,10517,10516,2
2019-08-20,15:18:42.178000,10516,10517,10516,1
2019-08-20,15:18:43.146000,10516,10517,10516,1
2019-08-20,15:18:43.543000,10516,10517,10516,1
2019-08-20,15:18:45.244000,10516,10517,10516,7
2019-08-20,15:18:45.244000,10516,10517,10516,1
2019-08-20,15:18:45.331000,10515,10516,10516,14
2019-08-20,15:18:47.172000,10515,10516,10516,1
2019-08-20,15:18:59.932000,10515,10516,10515,1
2019-08-20,15:18:59.997000,10515,10516,10515,4
2019-08-20,15:19:02.968000,10515,10516,10515,1
2019-08-20,15:19:07.710000,10515,10516,10515,1
2019-08-20,15:19:09.137000,10515,10516,10515,1
2019-08-20,15:19:09.956000,10515,10516,10515,1
2019-08-20,15:19:16.661000,10515,10516,10515,2
2019-08-20,15:19:20.136000,10515,10516,10515,1
2019-08-20,15:19:23.532000,10515,10516,10515,1
2019-08-20,15:19:24.735000,10515,10516,10515,1
2019-08-20,15:19:30.941000,10515,10516,10515,1
2019-08-20,15:19:42.782000,10515,10516,10515,1
2019-08-20,15:19:43.082000,10515,10516,10515,27
2019-08-20,15:19:43.171000,10515,10516,10515,1
2019-08-20,15:19:43.206000,10515,10516,10515,2
2019-08-20,15:19:43.256000,10515,10516,10515,3
2019-08-20,15:19:43.307000,10515,10516,10515,3
2019-08-20,15:19:52.668000,10514,10515,10515,2
2019-08-20,15:20:06.820000,10514,10515,10515,3
2019-08-20,15:20:06.916000,10514,10515,10514,2
2019-08-20,15:20:06.920000,10514,10515,10514,1
2019-08-20,15:20:09.295000,10514,10515,10515,1
2019-08-20,15:20:11.400000,10514,10515,10514,1
2019-08-20,15:20:14.422000,10514,10515,10514,1
2019-08-20,15:20:20.571000,10514,10515,10515,1
2019-08-20,15:20:26.212000,10514,10515,10515,1
2019-08-20,15:20:27.797000,10514,10515,10514,21
2019-08-20,15:20:32.488000,10514,10515,10515,1
2019-08-20,15:20:36.065000,10514,10515,10515,1
2019-08-20,15:20:38.897000,10514,10515,10515,2
2019-08-20,15:20:39.082000,10514,10515,10515,9
2019-08-20,15:20:48.293000,10515,10516,10516,5
2019-08-20,15:20:49.474000,10515,10517,10515,1
2019-08-20,15:21:03.221000,10516,10517,10517,6
2019-08-20,15:21:03.485000,10517,10518,10517,1
2019-08-20,15:21:12.234000,10517,10518,10517,1
2019-08-20,15:21:21.306000,10517,10518,10518,5
2019-08-20,15:21:22.078000,10517,10518,10518,8
2019-08-20,15:21:22.081000,10517,10518,10518,4
2019-08-20,15:21:29.654000,10518,10519,10518,10
2019-08-20,15:21:29.957000,10518,10519,10518,2
2019-08-20,15:21:41.623000,10517,10518,10518,1
2019-08-20,15:21:42.558000,10517,10518,10518,1
2019-08-20,15:21:45.003000,10517,10518,10518,5
2019-08-20,15:21:45.680000,10517,10518,10518,4
2019-08-20,15:22:08.998000,10518,10519,10518,1
2019-08-20,15:22:17.841000,10518,10519,10519,15
2019-08-20,15:22:18.014000,10518,10520,10519,1
2019-08-20,15:22:18.419000,10519,10520,10520,3
2019-08-20,15:22:18.456000,10519,10520,10520,1
2019-08-20,15:22:18.456000,10519,10520,10520,17
2019-08-20,15:22:18.497000,10519,10520,10520,4
2019-08-20,15:22:18.581000,10519,10520,10520,2
2019-08-20,15:22:18.582000,10519,10520,10520,2
2019-08-20,15:22:18.706000,10519,10520,10520,1
2019-08-20,15:22:19.215000,10519,10520,10520,1
2019-08-20,15:22:20.450000,10519,10520,10519,1
2019-08-20,15:22:21.529000,10519,10520,10520,1
2019-08-20,15:22:21.529000,10519,10520,10520,2
2019-08-20,15:22:21.529000,10519,10520,10520,1
2019-08-20,15:22:21.589000,10519,10520,10520,1
2019-08-20,15:22:21.605000,10519,10520,10520,2
2019-08-20,15:22:28.883000,10520,10521,10520,1
2019-08-20,15:22:35.473000,10520,10521,10521,61
2019-08-20,15:22:35.582000,10520,10522,10522,1
2019-08-20,15:22:35.624000,10520,10522,10521,1
2019-08-20,15:22:35.831000,10521,10522,10522,5
2019-08-20,15:22:35.831000,10521,10522,10522,7
2019-08-20,15:22:37.478000,10521,10522,10521,1
2019-08-20,15:22:37.594000,10521,10522,10522,1
2019-08-20,15:22:41.267000,10521,10523,10523,2
2019-08-20,15:22:41.632000,10521,10523,10523,1
2019-08-20,15:22:41.786000,10521,10523,10523,1
2019-08-20,15:22:42.703000,10521,10523,10523,2
2019-08-20,15:22:46.524000,10522,10523,10522,1
2019-08-20,15:22:49.569000,10522,10523,10522,1
2019-08-20,15:22:49.698000,10522,10523,10523,2
2019-08-20,15:22:51.549000,10522,10523,10523,2
2019-08-20,15:22:53.038000,10522,10523,10522,1
2019-08-20,15:22:53.657000,10521,10522,10522,1
2019-08-20,15:22:55.180000,10521,10522,10522,1
2019-08-20,15:22:58.870000,10521,10522,10521,4
2019-08-20,15:23:01.727000,10521,10522,10521,1
2019-08-20,15:23:06.073000,10521,10522,10522,1
2019-08-20,15:23:06.650000,10521,10522,10522,1
2019-08-20,15:23:07.697000,10521,10522,10522,1
2019-08-20,15:23:08.657000,10521,10522,10521,1
2019-08-20,15:23:12.239000,10521,10522,10522,1
2019-08-20,15:23:13.614000,10521,10522,10522,11
2019-08-20,15:23:23.061000,10522,10523,10522,1
2019-08-20,15:23:27.920000,10522,10523,10523,29
2019-08-20,15:23:30.712000,10523,10524,10523,2
2019-08-20,15:23:31.888000,10523,10524,10523,2
2019-08-20,15:23:31.956000,10523,10524,10523,1
2019-08-20,15:23:31.968000,10523,10524,10523,2
2019-08-20,15:23:34.485000,10522,10523,10523,4
2019-08-20,15:23:39.387000,10522,10523,10523,1
2019-08-20,15:23:47.229000,10522,10523,10523,1
2019-08-20,15:23:49.311000,10522,10523,10523,1
2019-08-20,15:23:54.477000,10522,10523,10523,4
2019-08-20,15:23:55.067000,10522,10523,10523,16
2019-08-20,15:24:02.794000,10523,10524,10524,7
2019-08-20,15:24:02.889000,10523,10524,10524,2
2019-08-20,15:24:03.039000,10523,10524,10524,1
2019-08-20,15:24:06.817000,10523,10524,10524,2
2019-08-20,15:24:09.297000,10523,10524,10524,5
2019-08-20,15:24:10.809000,10523,10524,10524,2
2019-08-20,15:24:12.036000,10523,10524,10524,1
2019-08-20,15:24:13.235000,10523,10524,10524,1
2019-08-20,15:24:14.516000,10523,10524,10523,1
2019-08-20,15:24:18.272000,10523,10524,10523,2
2019-08-20,15:24:19.744000,10522,10523,10523,1
2019-08-20,15:24:35.642000,10522,10523,10523,1
2019-08-20,15:24:42.107000,10522,10523,10523,1
2019-08-20,15:24:48.296000,10522,10523,10522,15
2019-08-20,15:24:48.375000,10521,10523,10522,1
2019-08-20,15:25:04.239000,10521,10522,10522,1
2019-08-20,15:25:04.866000,10522,10523,10522,1
2019-08-20,15:25:13.357000,10521,10523,10521,1
2019-08-20,15:25:23.893000,10521,10522,10522,1
2019-08-20,15:25:24.405000,10521,10522,10522,1
2019-08-20,15:25:29.123000,10521,10522,10522,4
2019-08-20,15:25:50.469000,10522,10523,10522,2
2019-08-20,15:25:52.272000,10522,10523,10523,1
2019-08-20,15:25:56.088000,10522,10523,10523,1
2019-08-20,15:25:56.487000,10522,10523,10522,1
2019-08-20,15:25:59.561000,10522,10523,10522,3
2019-08-20,15:26:04.628000,10522,10523,10522,5
2019-08-20,15:26:43.951000,10521,10522,10522,1
2019-08-20,15:26:46.536000,10521,10522,10522,1
2019-08-20,15:26:51.624000,10521,10522,10522,1
2019-08-20,15:26:59.492000,10521,10522,10522,6
2019-08-20,15:27:04.728000,10521,10522,10522,1
2019-08-20,15:27:15.522000,10521,10522,10522,1
2019-08-20,15:27:29.467000,10522,10523,10522,1
2019-08-20,15:27:32.764000,10522,10523,10522,1
2019-08-20,15:27:54.286000,10522,10523,10523,1
2019-08-20,15:27:54.785000,10522,10523,10522,1
2019-08-20,15:28:29.502000,10522,10523,10523,1
2019-08-20,15:28:30.282000,10522,10523,10523,11
2019-08-20,15:28:31.333000,10523,10524,10523,3
2019-08-20,15:28:39.192000,10523,10524,10524,2
2019-08-20,15:28:48.330000,10523,10524,10523,5
2019-08-20,15:28:48.330000,10523,10524,10523,2
2019-08-20,15:28:48.330000,10523,10524,10523,2
2019-08-20,15:28:48.456000,10522,10523,10522,4
2019-08-20,15:28:49.010000,10522,10523,10523,1
2019-08-20,15:28:55.932000,10522,10523,10523,1
2019-08-20,15:29:01.431000,10522,10523,10523,2
2019-08-20,15:29:02.707000,10522,10523,10523,12
2019-08-20,15:29:02.890000,10522,10524,10523,1
2019-08-20,15:29:05.683000,10523,10524,10523,1
2019-08-20,15:29:13.900000,10523,10524,10523,1
2019-08-20,15:29:20.786000,10523,10524,10524,1
2019-08-20,15:29:20.968000,10523,10524,10524,1
2019-08-20,15:29:22.204000,10523,10524,10523,1
2019-08-20,15:29:35.032000,10523,10524,10524,6
2019-08-20,15:29:35.081000,10523,10524,10524,4
2019-08-20,15:29:35.082000,10523,10524,10524,2
2019-08-20,15:29:38.557000,10524,10525,10524,1
2019-08-20,15:29:39.765000,10524,10525,10524,3
2019-08-20,15:29:39.946000,10524,10525,10524,1
2019-08-20,15:29:41.294000,10524,10525,10524,1
2019-08-20,15:29:55.662000,10523,10524,10523,1
2019-08-20,15:29:57.464000,10523,10524,10524,2
2019-08-20,15:30:01.074000,10523,10524,10523,2
2019-08-20,15:30:01.075000,10523,10524,10523,2
2019-08-20,15:30:01.366000,10523,10524,10524,3
2019-08-20,15:30:02.159000,10523,10525,10525,1
2019-08-20,15:30:02.225000,10523,10525,10525,5
2019-08-20,15:30:02.264000,10523,10525,10525,1
2019-08-20,15:30:02.309000,10523,10525,10525,1
2019-08-20,15:30:02.340000,10523,10525,10525,3
2019-08-20,15:30:03.896000,10524,10525,10524,2
2019-08-20,15:30:04.436000,10523,10524,10523,1
2019-08-20,15:30:17.201000,10523,10524,10523,1
2019-08-20,15:30:18.314000,10523,10524,10524,2
2019-08-20,15:30:30.306000,10524,10525,10524,1
2019-08-20,15:30:45.740000,10524,10525,10524,1
2019-08-20,15:30:46.323000,10524,10525,10524,1
2019-08-20,15:30:53.372000,10524,10525,10524,1
2019-08-20,15:30:56.814000,10524,10525,10524,2
2019-08-20,15:30:58.044000,10524,10525,10524,1
2019-08-20,15:31:01.305000,10524,10525,10524,2
2019-08-20,15:31:20.039000,10523,10524,10524,2
2019-08-20,15:31:20.081000,10523,10524,10524,1
2019-08-20,15:31:23.510000,10524,10525,10525,1
2019-08-20,15:31:30.889000,10524,10525,10525,1
2019-08-20,15:31:34.526000,10524,10525,10524,1
2019-08-20,15:31:35.348000,10523,10525,10525,4
2019-08-20,15:31:37.397000,10523,10525,10525,1
2019-08-20,15:31:50.193000,10524,10525,10524,4
2019-08-20,15:31:52.953000,10524,10525,10524,1
2019-08-20,15:31:58.344000,10524,10525,10525,1
2019-08-20,15:31:58.581000,10524,10525,10524,1
2019-08-20,15:32:01.872000,10524,10525,10525,1
2019-08-20,15:32:14.754000,10524,10525,10525,1
2019-08-20,15:32:23.509000,10524,10525,10525,2
2019-08-20,15:32:35.131000,10524,10525,10525,1
2019-08-20,15:32:35.583000,10524,10525,10525,1
2019-08-20,15:32:36.230000,10524,10525,10525,1
2019-08-20,15:32:36.402000,10524,10525,10525,1
2019-08-20,15:32:38.295000,10524,10525,10525,1
2019-08-20,15:32:46.236000,10524,10525,10524,1
2019-08-20,15:32:54.305000,10524,10525,10524,2
2019-08-20,15:32:56.053000,10524,10525,10524,1
2019-08-20,15:32:56.646000,10524,10525,10524,1
2019-08-20,15:32:57.541000,10524,10525,10525,1
2019-08-20,15:33:01.206000,10524,10525,10524,1
2019-08-20,15:33:19.974000,10524,10525,10524,1
2019-08-20,15:33:26.221000,10524,10525,10525,1
2019-08-20,15:33:29.374000,10524,10525,10524,2
2019-08-20,15:34:13.551000,10524,10525,10524,11
2019-08-20,15:34:13.834000,10523,10524,10524,2
2019-08-20,15:34:23.805000,10524,10525,10525,1
2019-08-20,15:34:36.929000,10524,10525,10524,3
2019-08-20,15:34:45.963000,10524,10525,10524,5
2019-08-20,15:34:45.965000,10524,10525,10524,2
2019-08-20,15:34:45.966000,10524,10525,10524,1
2019-08-20,15:34:45.966000,10524,10525,10524,3
2019-08-20,15:34:45.966000,10524,10525,10524,1
2019-08-20,15:34:45.966000,10524,10525,10524,2
2019-08-20,15:34:54.552000,10523,10524,10523,2
2019-08-20,15:34:54.553000,10523,10524,10523,5
2019-08-20,15:34:54.581000,10523,10524,10523,2
2019-08-20,15:35:06.763000,10522,10524,10524,1
2019-08-20,15:35:18.136000,10522,10523,10522,5
2019-08-20,15:35:37.986000,10522,10523,10523,2
2019-08-20,15:35:43.689000,10522,10523,10522,2
2019-08-20,15:35:43.706000,10522,10523,10522,12
2019-08-20,15:36:03.205000,10521,10522,10521,26
2019-08-20,15:36:03.260000,10521,10522,10521,1
2019-08-20,15:36:03.285000,10521,10522,10521,1
2019-08-20,15:36:03.385000,10521,10522,10521,1
2019-08-20,15:36:03.386000,10521,10522,10521,1
2019-08-20,15:36:05.102000,10521,10522,10522,1
2019-08-20,15:36:09.424000,10521,10522,10521,2
2019-08-20,15:36:15.007000,10521,10522,10521,1
2019-08-20,15:36:15.424000,10521,10522,10521,3
2019-08-20,15:36:30.865000,10521,10522,10521,3
2019-08-20,15:36:32.006000,10521,10522,10521,2
2019-08-20,15:36:32.698000,10520,10521,10521,1
2019-08-20,15:36:32.855000,10520,10521,10520,9
2019-08-20,15:36:38.594000,10520,10521,10520,2
2019-08-20,15:37:03.093000,10520,10521,10520,1
2019-08-20,15:37:13.435000,10520,10521,10520,1
2019-08-20,15:37:17.207000,10520,10521,10521,5
2019-08-20,15:37:33.469000,10521,10522,10521,1
2019-08-20,15:37:42.308000,10521,10522,10521,1
2019-08-20,15:37:42.331000,10521,10522,10521,1
2019-08-20,15:37:42.458000,10521,10522,10521,1
2019-08-20,15:37:50.021000,10520,10521,10520,22
2019-08-20,15:37:50.693000,10519,10520,10520,1
2019-08-20,15:37:51.927000,10519,10520,10520,5
2019-08-20,15:37:52.310000,10519,10520,10520,1
2019-08-20,15:37:57.593000,10519,10520,10520,1
2019-08-20,15:38:26.951000,10519,10520,10520,1
2019-08-20,15:38:42.929000,10519,10520,10520,1
2019-08-20,15:38:43.081000,10519,10520,10520,18
2019-08-20,15:38:53.343000,10520,10521,10521,2
2019-08-20,15:38:58.502000,10521,10522,10521,1
2019-08-20,15:39:08.932000,10521,10522,10521,1
2019-08-20,15:39:08.956000,10521,10522,10521,2
2019-08-20,15:39:38.725000,10520,10521,10521,1
2019-08-20,15:39:49.137000,10520,10521,10520,1
2019-08-20,15:40:01.456000,10520,10521,10521,2
2019-08-20,15:40:21.792000,10521,10522,10521,3
2019-08-20,15:40:45.741000,10521,10522,10521,1
2019-08-20,15:40:54.068000,10520,10521,10521,1
2019-08-20,15:41:36.931000,10520,10521,10521,1
2019-08-20,15:41:41.774000,10521,10522,10521,1
2019-08-20,15:41:41.774000,10521,10522,10520,3
2019-08-20,15:42:03.253000,10520,10521,10521,4
2019-08-20,15:42:13.212000,10520,10521,10521,1
2019-08-20,15:42:13.456000,10520,10521,10521,1
2019-08-20,15:42:15.194000,10521,10522,10521,2
2019-08-20,15:42:23.852000,10521,10522,10522,10
2019-08-20,15:43:24.193000,10521,10522,10522,3
2019-08-20,15:43:26.839000,10522,10523,10522,1
2019-08-20,15:43:48.759000,10521,10522,10522,2
2019-08-20,15:43:56.486000,10521,10522,10522,2
2019-08-20,15:43:56.493000,10521,10522,10522,1
2019-08-20,15:44:27.046000,10521,10523,10521,2
2019-08-20,15:44:36.798000,10522,10523,10523,1
2019-08-20,15:44:44.191000,10522,10523,10523,5
2019-08-20,15:44:44.206000,10522,10523,10523,3
2019-08-20,15:44:44.456000,10523,10524,10523,1
2019-08-20,15:45:09.865000,10523,10524,10524,1
2019-08-20,15:45:16.563000,10523,10524,10524,6
2019-08-20,15:45:16.563000,10523,10524,10525,4
2019-08-20,15:45:17.409000,10523,10525,10525,1
2019-08-20,15:45:19.487000,10523,10524,10524,1
2019-08-20,15:45:23.564000,10523,10524,10524,2
2019-08-20,15:46:06.860000,10524,10525,10525,2
2019-08-20,15:46:06.871000,10524,10525,10525,6
2019-08-20,15:46:06.872000,10524,10525,10525,2
2019-08-20,15:46:06.872000,10524,10525,10525,2
2019-08-20,15:46:15.931000,10525,10526,10525,1
2019-08-20,15:46:28.956000,10525,10526,10526,5
2019-08-20,15:46:28.956000,10525,10526,10526,4
2019-08-20,15:46:29.101000,10525,10526,10526,1
2019-08-20,15:46:29.101000,10525,10526,10526,9
2019-08-20,15:46:29.101000,10525,10526,10526,2
2019-08-20,15:46:29.115000,10525,10526,10526,2
2019-08-20,15:46:29.206000,10525,10526,10526,2
2019-08-20,15:46:29.206000,10525,10526,10526,1
2019-08-20,15:46:29.206000,10525,10526,10526,1
2019-08-20,15:46:29.206000,10525,10526,10526,2
2019-08-20,15:46:29.231000,10525,10526,10526,1
2019-08-20,15:46:32.155000,10526,10527,10527,1
2019-08-20,15:46:32.241000,10526,10527,10527,4
2019-08-20,15:46:32.467000,10526,10527,10527,2
2019-08-20,15:46:33.388000,10526,10527,10526,1
2019-08-20,15:46:34.789000,10526,10527,10526,1
2019-08-20,15:46:34.824000,10526,10527,10526,1
2019-08-20,15:46:40.596000,10526,10527,10526,1
2019-08-20,15:46:40.607000,10526,10527,10527,1
2019-08-20,15:46:46.800000,10526,10527,10527,1
2019-08-20,15:46:52.606000,10526,10527,10526,1
2019-08-20,15:47:03.892000,10526,10527,10527,1
2019-08-20,15:47:26.192000,10526,10527,10526,1
2019-08-20,15:47:28.560000,10526,10527,10526,1
2019-08-20,15:47:32.663000,10526,10527,10526,1
2019-08-20,15:47:33.265000,10526,10527,10526,1
2019-08-20,15:47:48.797000,10526,10527,10526,7
2019-08-20,15:47:52.616000,10526,10527,10526,1
2019-08-20,15:47:53.998000,10526,10527,10526,1
2019-08-20,15:47:57.958000,10526,10527,10527,1
2019-08-20,15:48:00.415000,10526,10527,10526,1
2019-08-20,15:48:00.971000,10526,10527,10526,1
2019-08-20,15:48:16.018000,10525,10526,10526,1
2019-08-20,15:48:29.971000,10525,10526,10526,1
2019-08-20,15:48:40.624000,10525,10526,10526,1
2019-08-20,15:48:47.347000,10525,10526,10526,1
2019-08-20,15:48:52.227000,10525,10526,10526,2
2019-08-20,15:48:55.904000,10525,10526,10526,1
2019-08-20,15:49:06.052000,10525,10526,10526,2
2019-08-20,15:49:16.736000,10525,10526,10526,1
2019-08-20,15:49:26.902000,10525,10526,10526,1
2019-08-20,15:49:28.874000,10525,10526,10525,12
2019-08-20,15:49:36.626000,10525,10526,10525,2
2019-08-20,15:49:45.731000,10524,10525,10525,2
2019-08-20,15:49:54.063000,10524,10525,10525,1
2019-08-20,15:50:03.120000,10524,10525,10525,3
2019-08-20,15:50:03.193000,10524,10525,10525,1
2019-08-20,15:50:03.193000,10524,10525,10525,1
2019-08-20,15:50:03.193000,10524,10525,10525,4
2019-08-20,15:50:03.202000,10524,10525,10525,1
2019-08-20,15:50:03.202000,10524,10525,10525,1
2019-08-20,15:50:03.206000,10525,10526,10525,3
2019-08-20,15:50:12.104000,10524,10525,10525,1
2019-08-20,15:50:12.206000,10525,10526,10525,1
2019-08-20,15:50:26.498000,10525,10526,10525,1
2019-08-20,15:50:28.415000,10525,10526,10525,1
2019-08-20,15:50:52.261000,10524,10525,10524,1
2019-08-20,15:50:57.167000,10524,10525,10524,1
2019-08-20,15:51:01.686000,10524,10525,10524,5
2019-08-20,15:51:05.013000,10523,10524,10524,1
2019-08-20,15:51:15.660000,10523,10524,10524,1
2019-08-20,15:51:18.543000,10523,10524,10524,1
2019-08-20,15:51:32.050000,10524,10525,10524,3
2019-08-20,15:51:54.785000,10523,10524,10523,5
2019-08-20,15:51:54.831000,10523,10524,10523,1
2019-08-20,15:52:06.359000,10523,10524,10523,1
2019-08-20,15:52:12.822000,10522,10524,10523,1
2019-08-20,15:52:12.822000,10522,10524,10522,2
2019-08-20,15:52:44.894000,10523,10524,10523,1
2019-08-20,15:53:15.128000,10523,10524,10524,1
2019-08-20,15:53:25.294000,10523,10524,10524,1
2019-08-20,15:53:48.935000,10523,10525,10523,2
2019-08-20,15:54:05.833000,10524,10525,10525,2
2019-08-20,15:54:07.781000,10524,10525,10524,1
2019-08-20,15:54:14.933000,10524,10525,10524,1
2019-08-20,15:54:24.125000,10523,10524,10523,10
2019-08-20,15:54:24.511000,10523,10524,10523,5
2019-08-20,15:54:46.249000,10522,10523,10523,6
2019-08-20,15:54:52.762000,10522,10523,10523,1
2019-08-20,15:55:31.882000,10522,10523,10522,1
2019-08-20,15:55:31.888000,10522,10523,10522,3
2019-08-20,15:55:31.911000,10522,10523,10522,1
2019-08-20,15:55:31.912000,10522,10523,10522,1
2019-08-20,15:55:31.913000,10522,10523,10522,1
2019-08-20,15:55:31.918000,10522,10523,10522,1
2019-08-20,15:55:31.954000,10522,10523,10522,6
2019-08-20,15:55:33.519000,10521,10522,10521,1
2019-08-20,15:55:36.370000,10521,10522,10521,3
2019-08-20,15:55:46.452000,10521,10522,10521,2
2019-08-20,15:55:52.072000,10521,10522,10521,1
2019-08-20,15:55:56.440000,10521,10522,10521,1
2019-08-20,15:56:04.871000,10521,10522,10521,1
2019-08-20,15:56:06.246000,10521,10522,10521,1
2019-08-20,15:56:06.677000,10521,10522,10521,2
2019-08-20,15:56:06.677000,10521,10522,10521,2
2019-08-20,15:56:07.437000,10520,10521,10521,1
2019-08-20,15:56:13.163000,10520,10521,10521,1
2019-08-20,15:56:13.453000,10520,10521,10520,2
2019-08-20,15:56:24.568000,10520,10521,10520,3
2019-08-20,15:56:34.836000,10520,10521,10521,1
2019-08-20,15:56:39.778000,10520,10521,10521,1
2019-08-20,15:56:46.098000,10520,10521,10521,2
2019-08-20,15:57:32.215000,10521,10522,10521,1
2019-08-20,15:57:33.373000,10520,10521,10520,1
2019-08-20,15:57:38.247000,10520,10521,10521,1
2019-08-20,15:57:44.032000,10520,10521,10521,1
2019-08-20,15:58:16.193000,10520,10521,10521,1
2019-08-20,15:58:32.838000,10520,10521,10520,1
2019-08-20,15:58:45.299000,10520,10521,10521,6
2019-08-20,15:58:49.908000,10521,10522,10521,1
2019-08-20,15:58:57.613000,10521,10522,10521,1
2019-08-20,16:00:00.261000,10520,10521,10521,1
2019-08-20,16:00:19.172000,10520,10521,10521,1
2019-08-20,16:00:19.403000,10520,10521,10521,4
2019-08-20,16:00:31.499000,10520,10521,10521,1
2019-08-20,16:00:42.190000,10520,10521,10521,1
2019-08-20,16:00:44.393000,10520,10521,10521,1
2019-08-20,16:00:44.951000,10520,10521,10521,1
2019-08-20,16:00:46.008000,10521,10522,10521,1
2019-08-20,16:00:51.864000,10521,10522,10521,1
2019-08-20,16:01:32.553000,10521,10522,10521,4
2019-08-20,16:01:54.926000,10520,10521,10521,1
2019-08-20,16:01:58.052000,10520,10521,10521,1
2019-08-20,16:02:03.459000,10520,10521,10521,1
2019-08-20,16:02:22.911000,10520,10521,10520,5
2019-08-20,16:02:31.592000,10520,10521,10520,2
2019-08-20,16:02:38.421000,10520,10521,10521,1
2019-08-20,16:02:39.993000,10520,10521,10521,14
2019-08-20,16:02:43.008000,10521,10522,10521,1
2019-08-20,16:03:21.433000,10520,10521,10520,1
2019-08-20,16:03:21.444000,10520,10521,10520,1
2019-08-20,16:03:21.456000,10520,10521,10520,10
2019-08-20,16:03:21.456000,10520,10521,10520,10
2019-08-20,16:03:21.581000,10520,10521,10520,3
2019-08-20,16:03:21.581000,10520,10521,10520,2
2019-08-20,16:03:21.702000,10520,10521,10520,1
2019-08-20,16:03:24.164000,10519,10520,10520,9
2019-08-20,16:03:33.949000,10519,10520,10520,1
2019-08-20,16:03:37.914000,10519,10520,10520,1
2019-08-20,16:04:15.460000,10519,10520,10520,1
2019-08-20,16:04:22.808000,10519,10520,10520,2
2019-08-20,16:04:24.240000,10519,10520,10520,1
2019-08-20,16:04:25.508000,10520,10521,10520,1
2019-08-20,16:04:39.750000,10519,10521,10519,1
2019-08-20,16:05:01.857000,10519,10520,10520,8
2019-08-20,16:05:02.081000,10520,10521,10520,2
2019-08-20,16:05:07.652000,10520,10521,10520,1
2019-08-20,16:05:12.889000,10520,10521,10520,3
2019-08-20,16:05:19.050000,10519,10520,10520,2
2019-08-20,16:05:19.050000,10519,10520,10520,2
2019-08-20,16:05:19.050000,10519,10520,10520,1
2019-08-20,16:05:31.870000,10519,10520,10520,1
2019-08-20,16:06:28.714000,10519,10521,10521,1
2019-08-20,16:06:38.184000,10519,10521,10519,1
2019-08-20,16:06:49.069000,10520,10521,10520,1
2019-08-20,16:07:36.314000,10519,10520,10520,10
2019-08-20,16:07:38.618000,10520,10521,10520,2
2019-08-20,16:08:05.038000,10520,10521,10521,1
2019-08-20,16:08:09.670000,10520,10521,10521,1
2019-08-20,16:08:17.405000,10520,10521,10521,14
2019-08-20,16:08:17.456000,10520,10521,10521,1
2019-08-20,16:08:45.601000,10521,10522,10522,1
2019-08-20,16:09:11.753000,10521,10522,10522,1
2019-08-20,16:09:14.630000,10521,10522,10522,1
2019-08-20,16:09:21.931000,10521,10522,10522,1
2019-08-20,16:09:39.106000,10521,10522,10522,1
2019-08-20,16:10:23.151000,10521,10522,10521,1
2019-08-20,16:10:23.488000,10521,10522,10521,2
2019-08-20,16:11:24.532000,10520,10521,10520,1
2019-08-20,16:11:24.633000,10520,10521,10521,2
2019-08-20,16:11:41.698000,10520,10521,10521,1
2019-08-20,16:11:44.329000,10520,10521,10521,2
2019-08-20,16:11:44.761000,10520,10521,10521,2
2019-08-20,16:11:47.113000,10520,10521,10521,2
2019-08-20,16:11:47.206000,10520,10521,10521,1
2019-08-20,16:11:59.474000,10520,10521,10520,3
2019-08-20,16:12:33.494000,10520,10521,10520,1
2019-08-20,16:12:49.831000,10520,10521,10520,1
2019-08-20,16:12:50.063000,10520,10521,10520,1
2019-08-20,16:13:39.999000,10519,10520,10520,1
2019-08-20,16:13:42.111000,10519,10520,10520,1
2019-08-20,16:13:42.441000,10520,10521,10520,2
2019-08-20,16:14:07.885000,10520,10521,10521,2
2019-08-20,16:14:22.004000,10520,10521,10521,1
2019-08-20,16:15:33.498000,10520,10521,10520,3
2019-08-20,16:15:33.566000,10520,10521,10520,3
2019-08-20,16:15:44.842000,10519,10520,10519,2
2019-08-20,16:15:44.985000,10519,10520,10519,1
2019-08-20,16:16:00.100000,10519,10520,10519,1
2019-08-20,16:16:01.569000,10519,10520,10520,1
2019-08-20,16:16:02.008000,10520,10521,10520,1
2019-08-20,16:16:02.508000,10520,10521,10520,1
2019-08-20,16:16:17.467000,10519,10520,10520,1
2019-08-20,16:16:26.973000,10519,10520,10520,3
2019-08-20,16:16:52.572000,10520,10521,10521,2
2019-08-20,16:17:14.331000,10520,10521,10520,1
2019-08-20,16:17:28.071000,10520,10521,10520,2
2019-08-20,16:18:09.880000,10520,10521,10520,2
2019-08-20,16:18:12.180000,10520,10521,10520,4
2019-08-20,16:18:12.206000,10520,10521,10520,2
2019-08-20,16:18:12.437000,10519,10521,10520,1
2019-08-20,16:18:20.503000,10519,10520,10520,2
2019-08-20,16:18:37.970000,10520,10521,10520,1
2019-08-20,16:19:01.881000,10520,10521,10520,1
2019-08-20,16:19:19.960000,10520,10521,10521,8
2019-08-20,16:19:26.077000,10521,10522,10522,3
2019-08-20,16:20:25.317000,10520,10521,10521,1
2019-08-20,16:20:25.617000,10520,10522,10522,1
2019-08-20,16:20:26.023000,10520,10522,10522,1
2019-08-20,16:21:03.096000,10521,10522,10522,10
2019-08-20,16:21:03.206000,10521,10522,10522,15
2019-08-20,16:21:03.331000,10521,10522,10522,4
2019-08-20,16:21:07.169000,10522,10523,10522,1
2019-08-20,16:21:23.369000,10522,10523,10523,1
2019-08-20,16:21:40.170000,10521,10522,10522,1
2019-08-20,16:21:41.838000,10521,10523,10523,1
2019-08-20,16:22:02.039000,10522,10523,10522,2
2019-08-20,16:22:06.161000,10522,10523,10522,1
2019-08-20,16:22:13.099000,10521,10522,10522,1
2019-08-20,16:22:20.879000,10521,10522,10522,1
2019-08-20,16:22:22.599000,10521,10522,10522,1
2019-08-20,16:22:53.715000,10521,10522,10521,1
2019-08-20,16:23:09.184000,10521,10522,10521,1
2019-08-20,16:23:32.456000,10521,10522,10521,5
2019-08-20,16:23:32.581000,10521,10522,10521,2
2019-08-20,16:24:04.967000,10521,10522,10521,2
2019-08-20,16:24:44.816000,10521,10522,10521,1
2019-08-20,16:25:11.662000,10521,10522,10521,1
2019-08-20,16:25:14.445000,10521,10522,10521,1
2019-08-20,16:25:15.234000,10521,10522,10521,2
2019-08-20,16:25:39.028000,10520,10522,10522,1
2019-08-20,16:25:45.604000,10521,10522,10522,3
2019-08-20,16:25:57.948000,10520,10521,10521,1
2019-08-20,16:25:59.691000,10520,10521,10521,1
2019-08-20,16:26:38.046000,10521,10522,10522,1
2019-08-20,16:27:17.118000,10521,10522,10521,2
2019-08-20,16:27:34.405000,10521,10522,10522,1
2019-08-20,16:27:42.805000,10521,10522,10522,1
2019-08-20,16:27:54.392000,10521,10522,10522,1
2019-08-20,16:27:57.453000,10521,10522,10522,2
2019-08-20,16:27:57.550000,10521,10522,10522,3
2019-08-20,16:28:05.009000,10522,10523,10522,1
2019-08-20,16:28:16.899000,10521,10522,10521,2
2019-08-20,16:28:19.075000,10521,10522,10521,2
2019-08-20,16:28:19.613000,10521,10522,10521,1
2019-08-20,16:28:24.155000,10520,10521,10521,1
2019-08-20,16:28:27.205000,10521,10522,10521,2
2019-08-20,16:30:01.035000,10521,10522,10521,1
2019-08-20,16:30:01.218000,10521,10522,10521,2
2019-08-20,16:30:02.295000,10521,10522,10521,1
2019-08-20,16:30:08.206000,10521,10522,10522,3
2019-08-20,16:30:32.508000,10522,10523,10522,1
2019-08-20,16:31:04.095000,10522,10523,10522,3
2019-08-20,16:31:23.983000,10520,10521,10521,3
2019-08-20,16:31:24.764000,10521,10522,10522,1
2019-08-20,16:31:25.342000,10521,10522,10521,1
2019-08-20,16:32:05.376000,10521,10522,10521,3
2019-08-20,16:33:20.271000,10520,10521,10520,7
2019-08-20,16:33:20.271000,10520,10521,10520,3
2019-08-20,16:33:20.305000,10520,10521,10520,3
2019-08-20,16:33:20.305000,10520,10521,10520,15
2019-08-20,16:33:20.331000,10520,10521,10520,9
2019-08-20,16:33:20.331000,10520,10521,10520,1
2019-08-20,16:33:37.344000,10519,10520,10520,1
2019-08-20,16:33:59.365000,10519,10520,10519,1
2019-08-20,16:34:00.411000,10519,10520,10519,2
2019-08-20,16:34:01.743000,10519,10520,10519,3
2019-08-20,16:34:02.166000,10519,10520,10519,4
2019-08-20,16:34:03.668000,10519,10520,10519,2
2019-08-20,16:34:04.644000,10519,10520,10519,1
2019-08-20,16:34:11.184000,10519,10520,10519,4
2019-08-20,16:34:11.184000,10519,10520,10519,5
2019-08-20,16:34:11.184000,10519,10520,10519,2
2019-08-20,16:34:11.184000,10519,10520,10519,9
2019-08-20,16:34:17.106000,10518,10519,10519,2
2019-08-20,16:34:24.867000,10518,10519,10518,1
2019-08-20,16:34:24.993000,10518,10519,10518,1
2019-08-20,16:34:25.043000,10518,10519,10518,3
2019-08-20,16:34:26.634000,10518,10519,10518,10
2019-08-20,16:34:26.944000,10518,10519,10518,10
2019-08-20,16:34:28.010000,10518,10519,10518,1
2019-08-20,16:34:28.032000,10518,10519,10518,1
2019-08-20,16:34:32.312000,10517,10518,10518,3
2019-08-20,16:34:33.449000,10517,10518,10518,1
2019-08-20,16:34:36.456000,10517,10518,10518,1
2019-08-20,16:34:40.204000,10517,10518,10518,2
2019-08-20,16:34:47.202000,10518,10519,10518,1
2019-08-20,16:34:49.957000,10518,10519,10518,1
2019-08-20,16:34:50.094000,10517,10518,10518,1
2019-08-20,16:35:05.426000,10518,10519,10518,2
2019-08-20,16:35:10.291000,10517,10518,10518,2
2019-08-20,16:35:15.742000,10517,10518,10517,1
2019-08-20,16:35:16.075000,10517,10518,10517,1
2019-08-20,16:35:19.235000,10517,10518,10518,2
2019-08-20,16:35:19.242000,10517,10518,10518,1
2019-08-20,16:35:19.494000,10518,10519,10518,2
2019-08-20,16:35:29.419000,10518,10519,10519,1
2019-08-20,16:35:32.903000,10518,10519,10519,2
2019-08-20,16:35:33.132000,10518,10519,10519,2
2019-08-20,16:35:33.992000,10519,10520,10520,3
2019-08-20,16:35:34.141000,10519,10521,10521,1
2019-08-20,16:35:58.800000,10519,10521,10521,1
2019-08-20,16:35:59.218000,10519,10521,10519,1
2019-08-20,16:36:30.721000,10520,10521,10521,18
2019-08-20,16:36:30.831000,10520,10521,10521,1
2019-08-20,16:36:51.472000,10520,10521,10521,1
2019-08-20,16:37:08.917000,10520,10521,10521,1
2019-08-20,16:37:25.068000,10521,10522,10522,10
2019-08-20,16:37:25.912000,10521,10522,10522,3
2019-08-20,16:37:33.462000,10522,10523,10522,2
2019-08-20,16:37:33.463000,10522,10523,10522,2
2019-08-20,16:37:33.464000,10522,10523,10522,1
2019-08-20,16:37:33.581000,10522,10523,10522,2
2019-08-20,16:37:35.596000,10522,10523,10522,1
2019-08-20,16:37:43.492000,10522,10523,10522,1
2019-08-20,16:39:13.648000,10521,10523,10521,1
2019-08-20,16:39:58.633000,10521,10522,10521,1
2019-08-20,16:40:23.044000,10521,10522,10522,3
2019-08-20,16:40:23.045000,10521,10522,10522,2
2019-08-20,16:40:23.045000,10521,10522,10522,6
2019-08-20,16:40:23.045000,10521,10522,10522,3
2019-08-20,16:40:23.045000,10521,10522,10522,1
2019-08-20,16:40:23.047000,10521,10522,10522,2
2019-08-20,16:40:24.206000,10522,10523,10523,1
2019-08-20,16:40:24.331000,10522,10523,10523,7
2019-08-20,16:40:24.456000,10522,10523,10523,9
2019-08-20,16:40:24.581000,10522,10523,10523,1
2019-08-20,16:40:25.585000,10523,10524,10523,1
2019-08-20,16:40:32.089000,10522,10523,10523,1
2019-08-20,16:40:40.801000,10522,10523,10523,3
2019-08-20,16:40:48.112000,10522,10523,10523,1
2019-08-20,16:40:48.625000,10522,10523,10523,1
2019-08-20,16:40:56.592000,10522,10523,10522,1
2019-08-20,16:41:00.351000,10521,10523,10523,1
2019-08-20,16:41:13.171000,10521,10522,10522,1
2019-08-20,16:41:15.030000,10521,10522,10522,1
2019-08-20,16:41:34.910000,10521,10522,10521,6
2019-08-20,16:42:16.085000,10520,10521,10521,1
2019-08-20,16:43:04.884000,10520,10521,10521,7
2019-08-20,16:44:00.411000,10521,10522,10521,4
2019-08-20,16:44:00.456000,10521,10522,10521,2
2019-08-20,16:44:03.660000,10520,10521,10521,2
2019-08-20,16:44:09.768000,10520,10521,10521,3
2019-08-20,16:44:10.027000,10521,10522,10521,2
2019-08-20,16:44:27.105000,10520,10521,10521,5
2019-08-20,16:44:35.501000,10520,10521,10521,1
2019-08-20,16:45:09.123000,10520,10521,10521,1
2019-08-20,16:45:21.659000,10520,10521,10520,10
2019-08-20,16:45:22.044000,10520,10521,10520,8
2019-08-20,16:45:22.081000,10519,10520,10520,2
2019-08-20,16:45:58.081000,10520,10521,10520,9
2019-08-20,16:46:22.168000,10519,10520,10520,3
2019-08-20,16:46:43.588000,10520,10521,10521,2
2019-08-20,16:46:48.644000,10520,10522,10521,1
2019-08-20,16:46:48.945000,10520,10521,10521,1
2019-08-20,16:46:48.949000,10520,10521,10521,1
2019-08-20,16:46:49.090000,10520,10522,10520,1
2019-08-20,16:47:32.032000,10520,10521,10521,1
2019-08-20,16:47:58.260000,10520,10521,10520,3
2019-08-20,16:47:58.521000,10520,10521,10521,3
2019-08-20,16:47:58.521000,10520,10521,10522,23
2019-08-20,16:47:58.581000,10520,10521,10521,3
2019-08-20,16:47:58.581000,10520,10521,10521,1
2019-08-20,16:47:59.834000,10521,10522,10521,1
2019-08-20,16:48:01.611000,10521,10522,10521,1
2019-08-20,16:48:09.949000,10520,10522,10520,1
2019-08-20,16:48:18.775000,10521,10522,10521,1
2019-08-20,16:48:26.252000,10521,10522,10521,1
2019-08-20,16:48:38.643000,10521,10522,10522,3
2019-08-20,16:48:38.706000,10521,10522,10522,1
2019-08-20,16:48:38.831000,10521,10522,10522,1
2019-08-20,16:49:12.206000,10521,10522,10522,9
2019-08-20,16:49:38.539000,10522,10523,10522,1
2019-08-20,16:49:49.930000,10521,10522,10521,6
2019-08-20,16:49:50.161000,10520,10521,10520,3
2019-08-20,16:49:51.483000,10520,10521,10521,3
2019-08-20,16:50:12.926000,10521,10522,10522,1
2019-08-20,16:50:41.455000,10521,10522,10522,1
2019-08-20,16:51:11.773000,10522,10523,10522,1
2019-08-20,16:51:15.210000,10522,10523,10522,1
2019-08-20,16:51:58.676000,10521,10522,10521,3
2019-08-20,16:52:08.988000,10521,10522,10521,2
2019-08-20,16:52:22.063000,10520,10522,10521,4
2019-08-20,16:52:23.458000,10520,10521,10521,1
2019-08-20,16:52:50.040000,10520,10521,10520,5
2019-08-20,16:52:56.464000,10519,10520,10520,1
2019-08-20,16:53:00.027000,10520,10521,10520,5
2019-08-20,16:53:18.163000,10519,10520,10519,1
2019-08-20,16:53:20.571000,10519,10520,10519,3
2019-08-20,16:53:22.515000,10519,10520,10519,5
2019-08-20,16:53:24.811000,10519,10520,10519,5
2019-08-20,16:53:27.083000,10519,10520,10519,5
2019-08-20,16:53:29.060000,10519,10520,10519,2
2019-08-20,16:53:31.364000,10519,10520,10519,3
2019-08-20,16:53:32.492000,10519,10520,10519,4
2019-08-20,16:53:39.385000,10519,10520,10519,10
2019-08-20,16:53:39.816000,10519,10520,10519,3
2019-08-20,16:53:39.831000,10518,10519,10519,1
2019-08-20,16:53:41.116000,10518,10519,10519,1
2019-08-20,16:53:46.091000,10518,10519,10519,2
2019-08-20,16:53:56.425000,10518,10519,10519,1
2019-08-20,16:53:56.848000,10518,10519,10519,1
2019-08-20,16:53:59.832000,10518,10519,10519,1
2019-08-20,16:54:16.705000,10518,10519,10519,1
2019-08-20,16:54:28.736000,10518,10519,10519,1
2019-08-20,16:54:32.460000,10519,10520,10519,2
2019-08-20,16:54:50.390000,10519,10520,10519,2
2019-08-20,16:54:58.332000,10519,10520,10520,2
2019-08-20,16:54:59.465000,10519,10521,10519,1
2019-08-20,16:55:03.833000,10519,10520,10519,1
2019-08-20,16:55:13.860000,10519,10520,10519,2
2019-08-20,16:55:27.463000,10519,10520,10519,5
2019-08-20,16:55:33.245000,10519,10520,10519,10
2019-08-20,16:55:49.627000,10519,10520,10519,1
2019-08-20,16:56:16.437000,10519,10520,10519,1
2019-08-20,16:56:32.348000,10519,10520,10520,1
2019-08-20,16:56:35.939000,10519,10520,10519,1
2019-08-20,16:56:37.082000,10519,10520,10519,3
2019-08-20,16:58:25.530000,10518,10519,10519,1
2019-08-20,16:58:25.581000,10518,10519,10519,3
2019-08-20,16:58:53.706000,10518,10519,10519,2
2019-08-20,16:59:03.916000,10518,10520,10520,1
2019-08-20,16:59:24.501000,10519,10520,10519,2
2019-08-20,16:59:54.089000,10519,10520,10519,1
2019-08-20,17:00:07.573000,10519,10520,10519,6
2019-08-20,17:00:07.573000,10519,10520,10519,5
2019-08-20,17:00:07.821000,10518,10519,10519,19
2019-08-20,17:00:07.821000,10518,10519,10520,7
2019-08-20,17:00:12.011000,10518,10519,10519,1
2019-08-20,17:00:12.011000,10518,10519,10519,2
2019-08-20,17:00:12.012000,10518,10519,10519,1
2019-08-20,17:00:47.680000,10518,10519,10519,1
2019-08-20,17:01:00.037000,10518,10519,10519,1
2019-08-20,17:01:07.245000,10518,10519,10519,1
2019-08-20,17:01:19.675000,10518,10519,10519,1
2019-08-20,17:02:27.976000,10518,10519,10519,2
2019-08-20,17:02:28.081000,10518,10519,10519,1
2019-08-20,17:03:07.838000,10519,10520,10519,2
2019-08-20,17:03:16.076000,10518,10519,10519,1
2019-08-20,17:03:39.348000,10518,10519,10519,1
2019-08-20,17:03:51.598000,10518,10519,10519,1
2019-08-20,17:03:54.157000,10518,10519,10519,1
2019-08-20,17:03:54.331000,10518,10519,10519,1
2019-08-20,17:04:26.647000,10519,10520,10519,1
2019-08-20,17:05:06.117000,10519,10520,10519,10
2019-08-20,17:05:06.206000,10519,10520,10519,2
2019-08-20,17:05:42.060000,10518,10519,10519,1
2019-08-20,17:06:09.481000,10518,10519,10519,1
2019-08-20,17:06:23.350000,10518,10519,10519,1
2019-08-20,17:07:04.447000,10518,10519,10518,8
2019-08-20,17:07:04.456000,10518,10519,10518,17
2019-08-20,17:07:04.718000,10517,10518,10518,1
2019-08-20,17:07:04.874000,10517,10518,10517,1
2019-08-20,17:07:05.175000,10517,10518,10517,1
2019-08-20,17:07:05.758000,10517,10518,10518,1
2019-08-20,17:07:08.148000,10517,10518,10517,2
2019-08-20,17:07:08.195000,10517,10518,10518,1
2019-08-20,17:07:09.216000,10517,10518,10518,1
2019-08-20,17:07:09.916000,10517,10518,10518,1
2019-08-20,17:07:11.462000,10517,10518,10518,1
2019-08-20,17:07:15.695000,10517,10518,10518,1
2019-08-20,17:07:16.716000,10517,10518,10518,1
2019-08-20,17:07:19.339000,10517,10518,10518,1
2019-08-20,17:07:20.967000,10517,10518,10518,1
2019-08-20,17:07:25.213000,10517,10518,10518,1
2019-08-20,17:07:28.749000,10517,10518,10518,3
2019-08-20,17:07:28.751000,10517,10518,10518,2
2019-08-20,17:07:32.730000,10517,10518,10518,1
2019-08-20,17:08:31.309000,10518,10519,10518,1
2019-08-20,17:08:34.243000,10518,10519,10519,1
2019-08-20,17:09:03.845000,10517,10518,10518,1
2019-08-20,17:09:13.977000,10517,10518,10517,1
2019-08-20,17:09:21.732000,10517,10518,10518,1
2019-08-20,17:09:21.833000,10518,10519,10519,1
2019-08-20,17:09:21.833000,10518,10519,10519,1
2019-08-20,17:09:35.885000,10518,10519,10519,1
2019-08-20,17:09:58.057000,10518,10519,10519,1
2019-08-20,17:10:03.768000,10518,10519,10518,1
2019-08-20,17:10:23.119000,10518,10519,10519,7
2019-08-20,17:10:23.119000,10518,10519,10519,1
2019-08-20,17:10:28.429000,10518,10520,10518,5
2019-08-20,17:10:40.356000,10518,10519,10518,1
2019-08-20,17:10:43.497000,10518,10519,10518,1
2019-08-20,17:10:55.966000,10518,10519,10518,3
2019-08-20,17:10:55.966000,10518,10519,10518,5
2019-08-20,17:11:15.069000,10517,10518,10518,4
2019-08-20,17:11:15.083000,10518,10519,10519,1
2019-08-20,17:11:24.175000,10518,10519,10519,1
2019-08-20,17:11:24.992000,10518,10520,10520,1
2019-08-20,17:11:34.567000,10518,10520,10518,1
2019-08-20,17:11:38.701000,10518,10519,10518,4
2019-08-20,17:12:25.422000,10518,10519,10518,1
2019-08-20,17:12:36.648000,10518,10519,10518,1
2019-08-20,17:12:51.729000,10518,10519,10518,3
2019-08-20,17:13:03.211000,10518,10519,10519,1
2019-08-20,17:13:32.581000,10518,10519,10519,1
2019-08-20,17:13:45.681000,10518,10519,10518,2
2019-08-20,17:13:46.748000,10518,10519,10518,2
2019-08-20,17:13:49.733000,10518,10519,10519,3
2019-08-20,17:13:59.027000,10518,10519,10519,3
2019-08-20,17:13:59.995000,10518,10519,10518,3
2019-08-20,17:14:00.945000,10518,10519,10518,3
2019-08-20,17:14:04.680000,10518,10519,10518,1
2019-08-20,17:14:09.448000,10518,10519,10518,1
2019-08-20,17:14:10.447000,10518,10519,10519,5
2019-08-20,17:14:14.392000,10518,10519,10518,1
2019-08-20,17:14:21.727000,10518,10519,10519,5
2019-08-20,17:14:37.988000,10518,10519,10519,4
2019-08-20,17:14:45.684000,10518,10519,10519,1
2019-08-20,17:14:53.250000,10518,10520,10520,1
2019-08-20,17:15:00.509000,10519,10520,10519,1
2019-08-20,17:15:04.735000,10519,10520,10519,1
2019-08-20,17:15:07.519000,10518,10519,10519,2
2019-08-20,17:15:17.663000,10518,10519,10518,6
2019-08-20,17:15:17.706000,10518,10519,10518,5
2019-08-20,17:15:17.707000,10518,10519,10518,2
2019-08-20,17:15:18.220000,10517,10518,10518,5
2019-08-20,17:15:31.097000,10517,10518,10518,1
2019-08-20,17:15:37.945000,10517,10518,10518,2
2019-08-20,17:15:50.038000,10517,10518,10518,1
2019-08-20,17:16:07.570000,10518,10519,10519,5
2019-08-20,17:16:20.144000,10518,10519,10519,4
2019-08-20,17:16:25.396000,10518,10519,10518,3
2019-08-20,17:16:25.396000,10518,10519,10518,3
2019-08-20,17:16:25.396000,10518,10519,10518,3
2019-08-20,17:16:38.338000,10517,10518,10518,5
2019-08-20,17:16:40.512000,10518,10519,10518,1
2019-08-20,17:16:41.220000,10518,10519,10518,1
2019-08-20,17:16:41.220000,10518,10519,10518,1
2019-08-20,17:16:43.335000,10517,10518,10518,1
2019-08-20,17:16:43.492000,10517,10518,10518,1
2019-08-20,17:16:54.446000,10517,10518,10518,5
2019-08-20,17:16:56.658000,10517,10518,10518,1
2019-08-20,17:17:02.236000,10517,10518,10518,3
2019-08-20,17:17:05.486000,10517,10518,10517,49
2019-08-20,17:17:05.492000,10517,10518,10517,1
2019-08-20,17:17:05.540000,10517,10518,10517,1
2019-08-20,17:17:06.996000,10516,10517,10516,1
2019-08-20,17:17:07.183000,10516,10517,10516,1
2019-08-20,17:17:07.213000,10516,10517,10516,1
2019-08-20,17:17:10.834000,10516,10517,10517,1
2019-08-20,17:17:14.570000,10516,10517,10516,5
2019-08-20,17:17:17.071000,10516,10517,10517,5
2019-08-20,17:17:18.735000,10516,10517,10516,1
2019-08-20,17:17:21.948000,10516,10517,10516,1
2019-08-20,17:17:29.654000,10516,10517,10517,1
2019-08-20,17:17:58.351000,10516,10517,10517,4
2019-08-20,17:18:03.894000,10516,10517,10517,4
2019-08-20,17:18:03.956000,10516,10517,10517,4
2019-08-20,17:18:05.135000,10517,10518,10517,1
2019-08-20,17:18:05.876000,10516,10518,10516,1
2019-08-20,17:18:08.010000,10516,10518,10516,2
2019-08-20,17:18:23.092000,10516,10517,10516,1
2019-08-20,17:18:28.303000,10516,10517,10516,1
2019-08-20,17:18:41.410000,10516,10517,10516,1
2019-08-20,17:18:45.871000,10516,10517,10516,1
2019-08-20,17:18:48.376000,10516,10517,10516,3
2019-08-20,17:18:53.636000,10516,10517,10517,4
2019-08-20,17:18:53.963000,10516,10517,10516,1
2019-08-20,17:19:10.381000,10516,10517,10516,1
2019-08-20,17:19:11.782000,10516,10517,10517,8
2019-08-20,17:19:30.018000,10517,10518,10517,1
2019-08-20,17:19:39.164000,10517,10518,10518,1
2019-08-20,17:19:39.206000,10518,10519,10518,3
2019-08-20,17:19:39.316000,10518,10519,10518,1
2019-08-20,17:19:39.331000,10518,10519,10518,1
2019-08-20,17:19:56.488000,10518,10519,10519,2
2019-08-20,17:20:08.274000,10518,10519,10519,1
2019-08-20,17:21:08.698000,10518,10519,10518,2
2019-08-20,17:21:13.798000,10518,10519,10518,3
2019-08-20,17:21:21.894000,10517,10518,10518,10
2019-08-20,17:21:48.132000,10517,10518,10518,1
2019-08-20,17:21:57.975000,10517,10518,10518,6
2019-08-20,17:21:59.167000,10517,10519,10519,2
2019-08-20,17:22:08.434000,10517,10518,10518,1
2019-08-20,17:22:35.081000,10517,10518,10518,1
2019-08-20,17:22:54.453000,10517,10519,10518,1
2019-08-20,17:23:00.555000,10517,10518,10518,3
2019-08-20,17:23:05.708000,10517,10518,10517,1
2019-08-20,17:23:11.951000,10517,10519,10518,1
2019-08-20,17:23:37.559000,10518,10519,10518,1
2019-08-20,17:23:53.527000,10518,10519,10518,2
2019-08-20,17:23:53.581000,10518,10519,10518,2
2019-08-20,17:23:59.011000,10518,10519,10518,1
2019-08-20,17:24:00.533000,10518,10519,10518,3
2019-08-20,17:24:17.579000,10518,10519,10518,4
2019-08-20,17:24:56.157000,10517,10519,10518,1
2019-08-20,17:24:57.152000,10517,10518,10518,1
2019-08-20,17:24:57.152000,10517,10518,10518,1
2019-08-20,17:25:34.828000,10518,10519,10518,2
2019-08-20,17:25:50.566000,10518,10519,10519,9
2019-08-20,17:26:00.653000,10518,10519,10519,2
2019-08-20,17:26:00.653000,10518,10519,10519,2
2019-08-20,17:26:00.654000,10518,10519,10519,12
2019-08-20,17:26:00.654000,10518,10519,10519,1
2019-08-20,17:26:00.704000,10518,10519,10519,3
2019-08-20,17:26:17.637000,10519,10520,10519,5
2019-08-20,17:26:28.193000,10519,10520,10519,2
2019-08-20,17:27:00.662000,10519,10520,10520,1
2019-08-20,17:27:28.413000,10519,10520,10520,2
2019-08-20,17:27:34.221000,10519,10520,10520,1
2019-08-20,17:27:42.362000,10519,10520,10520,1
2019-08-20,17:27:48.284000,10519,10520,10520,3
2019-08-20,17:27:52.614000,10519,10520,10520,1
2019-08-20,17:27:53.470000,10519,10520,10520,1
2019-08-20,17:27:54.054000,10519,10520,10520,2
2019-08-20,17:28:27.916000,10519,10520,10520,6
2019-08-20,17:28:28.998000,10519,10520,10520,2
2019-08-20,17:28:38.245000,10519,10520,10519,1
2019-08-20,17:29:28.258000,10519,10520,10519,1
2019-08-20,17:30:04.272000,10519,10520,10520,4
2019-08-20,17:30:15.927000,10520,10521,10520,3
2019-08-20,17:30:43.378000,10520,10521,10520,1
2019-08-20,17:30:47.079000,10519,10521,10521,1
2019-08-20,17:31:04.214000,10519,10521,10521,1
2019-08-20,17:31:09.143000,10519,10521,10521,1
2019-08-20,17:31:26.581000,10520,10521,10520,1
2019-08-20,17:31:39.427000,10520,10521,10520,1
2019-08-20,17:31:49.215000,10520,10521,10521,1
2019-08-20,17:32:08.954000,10520,10521,10520,1
2019-08-20,17:32:10.270000,10520,10521,10521,1
2019-08-20,17:32:32.702000,10520,10521,10521,1
2019-08-20,17:32:44.021000,10520,10521,10521,1
2019-08-20,17:32:54.463000,10520,10521,10521,1
2019-08-20,17:33:12.832000,10520,10521,10521,3
2019-08-20,17:33:34.050000,10520,10521,10521,10
2019-08-20,17:33:34.400000,10520,10521,10521,6
2019-08-20,17:33:34.451000,10520,10521,10521,3
2019-08-20,17:34:00.659000,10521,10522,10521,1
2019-08-20,17:34:08.079000,10521,10522,10521,1
2019-08-20,17:34:58.745000,10521,10522,10521,1
2019-08-20,17:35:22.057000,10521,10522,10521,1
2019-08-20,17:35:56.787000,10520,10521,10521,1
2019-08-20,17:36:02.720000,10520,10521,10521,3
2019-08-20,17:36:15.199000,10520,10521,10521,3
2019-08-20,17:36:51.520000,10520,10521,10521,4
2019-08-20,17:37:08.148000,10520,10521,10521,9
2019-08-20,17:37:08.152000,10520,10521,10521,1
2019-08-20,17:37:08.152000,10520,10521,10521,2
2019-08-20,17:37:48.468000,10521,10522,10522,1
2019-08-20,17:37:49.658000,10521,10522,10522,3
2019-08-20,17:37:49.666000,10521,10522,10522,3
2019-08-20,17:37:49.695000,10521,10522,10522,1
2019-08-20,17:37:49.701000,10521,10522,10522,1
2019-08-20,17:37:49.706000,10521,10522,10522,1
2019-08-20,17:37:49.728000,10521,10522,10522,1
2019-08-20,17:37:49.733000,10521,10522,10522,1
2019-08-20,17:37:49.737000,10521,10522,10522,2
2019-08-20,17:37:49.758000,10521,10522,10522,1
2019-08-20,17:38:04.508000,10521,10522,10522,1
2019-08-20,17:38:11.457000,10521,10522,10522,2
2019-08-20,17:38:11.581000,10521,10522,10522,2
2019-08-20,17:38:20.571000,10522,10523,10522,1
2019-08-20,17:38:25.361000,10522,10523,10522,1
2019-08-20,17:39:03.970000,10521,10522,10521,1
2019-08-20,17:39:03.970000,10521,10522,10521,1
2019-08-20,17:39:03.970000,10521,10522,10521,1
2019-08-20,17:39:17.371000,10520,10521,10520,4
2019-08-20,17:39:47.691000,10520,10521,10520,1
2019-08-20,17:39:50.929000,10520,10521,10521,1
2019-08-20,17:40:54.228000,10521,10522,10521,1
2019-08-20,17:42:23.502000,10521,10522,10521,3
2019-08-20,17:42:49.331000,10520,10521,10520,4
2019-08-20,17:43:03.998000,10519,10520,10519,1
2019-08-20,17:43:31.348000,10519,10520,10520,1
2019-08-20,17:43:50.136000,10519,10520,10520,1
2019-08-20,17:44:23.920000,10520,10521,10520,3
2019-08-20,17:45:03.719000,10519,10520,10520,1
2019-08-20,17:45:32.370000,10520,10521,10520,1
2019-08-20,17:45:32.456000,10520,10521,10520,1
2019-08-20,17:45:53.766000,10519,10521,10519,1
2019-08-20,17:45:57.051000,10520,10521,10520,1
2019-08-20,17:46:02.446000,10519,10520,10520,3
2019-08-20,17:46:44.577000,10520,10521,10520,1
2019-08-20,17:47:41.386000,10520,10521,10521,6
2019-08-20,17:47:41.432000,10520,10521,10521,2
2019-08-20,17:47:51.294000,10521,10522,10521,1
2019-08-20,17:48:30.840000,10521,10522,10521,1
2019-08-20,17:50:25.207000,10520,10521,10521,1
2019-08-20,17:51:01.758000,10520,10521,10520,2
2019-08-20,17:51:29.536000,10520,10521,10520,1
2019-08-20,17:51:31.232000,10520,10521,10520,1
2019-08-20,17:51:34.906000,10519,10520,10520,1
2019-08-20,17:51:43.480000,10520,10521,10520,1
2019-08-20,17:51:44.144000,10520,10521,10520,1
2019-08-20,17:51:51.916000,10520,10521,10520,1
2019-08-20,17:52:03.968000,10519,10520,10520,1
2019-08-20,17:52:43.807000,10520,10521,10521,1
2019-08-20,17:52:46.519000,10520,10521,10520,1
2019-08-20,17:52:50.715000,10519,10520,10520,1
2019-08-20,17:52:53.958000,10520,10521,10521,1
2019-08-20,17:52:56.731000,10519,10521,10521,1
2019-08-20,17:53:19.606000,10519,10521,10521,1
2019-08-20,17:53:38.322000,10520,10521,10520,1
2019-08-20,17:54:39.258000,10520,10521,10521,3
2019-08-20,17:55:02.706000,10521,10522,10521,1
2019-08-20,17:55:54.389000,10521,10522,10521,1
2019-08-20,17:56:08.003000,10521,10522,10521,1
2019-08-20,17:56:18.802000,10521,10522,10521,1
2019-08-20,17:56:33.498000,10520,10521,10521,1
2019-08-20,17:56:42.068000,10520,10521,10521,1
2019-08-20,17:57:02.960000,10520,10521,10521,1
2019-08-20,17:57:58.311000,10520,10521,10520,12
2019-08-20,17:58:19.595000,10519,10520,10520,4
2019-08-20,17:58:26.215000,10520,10521,10520,1
2019-08-20,17:58:27.694000,10519,10520,10520,1
2019-08-20,17:58:46.434000,10519,10520,10520,2
2019-08-20,17:59:06.568000,10520,10521,10521,6
2019-08-20,17:59:46.316000,10520,10521,10520,1
2019-08-20,17:59:46.318000,10520,10521,10521,2
2019-08-20,17:59:47.708000,10520,10522,10520,1
2019-08-20,18:00:32.658000,10520,10521,10520,1
2019-08-20,18:00:32.971000,10520,10521,10520,1
2019-08-20,18:00:33.046000,10520,10521,10520,1
2019-08-20,18:00:33.068000,10520,10521,10520,4
2019-08-20,18:00:46.141000,10520,10521,10521,2
2019-08-20,18:00:46.141000,10520,10521,10521,1
2019-08-20,18:00:50.246000,10521,10522,10521,1
2019-08-20,18:02:02.176000,10521,10522,10521,1
2019-08-20,18:02:23.457000,10521,10522,10521,1
2019-08-20,18:02:33.296000,10521,10522,10521,1
2019-08-20,18:02:46.269000,10520,10521,10521,2
2019-08-20,18:02:46.740000,10520,10521,10521,2
2019-08-20,18:02:46.998000,10521,10522,10521,2
2019-08-20,18:03:56.098000,10521,10522,10522,4
2019-08-20,18:03:56.206000,10521,10522,10522,9
2019-08-20,18:04:10.466000,10521,10523,10523,1
2019-08-20,18:04:10.803000,10521,10523,10523,1
2019-08-20,18:04:10.940000,10521,10523,10523,1
2019-08-20,18:04:17.700000,10521,10523,10521,1
2019-08-20,18:04:27.760000,10522,10523,10523,5
2019-08-20,18:04:34.756000,10522,10523,10523,1
2019-08-20,18:04:39.661000,10522,10523,10523,2
2019-08-20,18:04:43.300000,10522,10523,10523,1
2019-08-20,18:04:45.018000,10522,10523,10523,1
2019-08-20,18:05:04.746000,10522,10523,10523,1
2019-08-20,18:05:13.351000,10522,10523,10523,4
2019-08-20,18:05:13.351000,10522,10523,10523,2
2019-08-20,18:05:13.352000,10522,10523,10523,2
2019-08-20,18:05:13.456000,10522,10523,10523,2
2019-08-20,18:05:13.458000,10522,10523,10523,6
2019-08-20,18:05:24.695000,10523,10524,10524,1
2019-08-20,18:05:24.696000,10523,10524,10524,1
2019-08-20,18:05:33.423000,10523,10524,10524,4
2019-08-20,18:05:38.170000,10523,10524,10524,1
2019-08-20,18:05:42.992000,10523,10524,10524,1
2019-08-20,18:05:43.019000,10523,10524,10524,1
2019-08-20,18:05:48.240000,10523,10524,10524,1
2019-08-20,18:05:49.599000,10523,10524,10524,1
2019-08-20,18:05:54.590000,10523,10524,10524,1
2019-08-20,18:05:57.929000,10523,10524,10524,2
2019-08-20,18:05:57.959000,10524,10525,10525,2
2019-08-20,18:05:58.137000,10524,10525,10525,3
2019-08-20,18:05:58.320000,10524,10525,10525,1
2019-08-20,18:06:08.371000,10524,10525,10524,3
2019-08-20,18:06:14.390000,10523,10524,10524,1
2019-08-20,18:06:17.588000,10523,10524,10524,1
2019-08-20,18:06:19.011000,10523,10524,10524,1
2019-08-20,18:06:23.461000,10523,10524,10524,1
2019-08-20,18:06:31.433000,10523,10524,10523,3
2019-08-20,18:06:31.433000,10523,10524,10522,2
2019-08-20,18:06:33.329000,10522,10523,10522,1
2019-08-20,18:06:56.985000,10522,10523,10523,1
2019-08-20,18:06:58.851000,10522,10524,10524,3
2019-08-20,18:07:07.242000,10522,10523,10522,1
2019-08-20,18:07:17.508000,10522,10523,10523,1
2019-08-20,18:07:25.478000,10522,10523,10522,5
2019-08-20,18:08:46.271000,10521,10522,10522,1
2019-08-20,18:08:48.527000,10522,10523,10522,1
2019-08-20,18:09:26.581000,10522,10523,10522,1
2019-08-20,18:10:49.869000,10521,10523,10522,1
2019-08-20,18:11:09.088000,10522,10523,10522,1
2019-08-20,18:11:39.644000,10522,10523,10522,1
2019-08-20,18:13:33.858000,10522,10523,10522,2
2019-08-20,18:13:39.659000,10522,10523,10522,4
2019-08-20,18:13:39.667000,10522,10523,10522,1
2019-08-20,18:13:39.668000,10522,10523,10522,2
2019-08-20,18:13:39.669000,10522,10523,10522,2
2019-08-20,18:13:42.965000,10521,10522,10522,2
2019-08-20,18:14:07.436000,10521,10522,10521,2
2019-08-20,18:14:07.437000,10521,10522,10521,8
2019-08-20,18:14:34.831000,10520,10521,10521,2
2019-08-20,18:14:59.805000,10521,10522,10521,3
2019-08-20,18:15:27.089000,10520,10521,10521,2
2019-08-20,18:16:45.733000,10520,10521,10521,2
2019-08-20,18:16:56.343000,10520,10521,10521,2
2019-08-20,18:16:56.343000,10520,10521,10521,2
2019-08-20,18:16:56.404000,10520,10521,10521,2
2019-08-20,18:16:56.404000,10520,10521,10521,5
2019-08-20,18:16:56.446000,10520,10521,10521,2
2019-08-20,18:16:56.447000,10520,10521,10521,3
2019-08-20,18:16:56.456000,10520,10521,10521,3
2019-08-20,18:16:56.713000,10521,10522,10521,2
2019-08-20,18:17:00.493000,10521,10522,10521,2
2019-08-20,18:18:54.115000,10521,10522,10522,2
2019-08-20,18:18:54.115000,10521,10522,10522,1
2019-08-20,18:18:54.166000,10521,10522,10522,3
2019-08-20,18:19:36.820000,10522,10523,10523,1
2019-08-20,18:19:54.809000,10522,10523,10522,1
2019-08-20,18:19:57.194000,10522,10523,10522,1
2019-08-20,18:20:18.710000,10522,10523,10523,1
2019-08-20,18:20:19.234000,10522,10523,10523,1
2019-08-20,18:20:24.952000,10522,10523,10522,1
2019-08-20,18:20:33.656000,10522,10523,10523,1
2019-08-20,18:20:59.801000,10522,10523,10523,3
2019-08-20,18:21:37.066000,10522,10523,10523,1
2019-08-20,18:22:32.927000,10522,10523,10523,1
2019-08-20,18:22:34.260000,10522,10523,10523,2
2019-08-20,18:22:35.947000,10522,10523,10523,1
2019-08-20,18:22:51.387000,10522,10523,10523,1
2019-08-20,18:22:55.318000,10522,10523,10523,10
2019-08-20,18:23:04.206000,10522,10523,10523,2
2019-08-20,18:24:01.906000,10523,10524,10523,3
2019-08-20,18:24:14.172000,10522,10523,10523,1
2019-08-20,18:25:00.243000,10522,10523,10523,2
2019-08-20,18:25:03.060000,10522,10524,10522,1
2019-08-20,18:25:27.414000,10522,10523,10523,1
2019-08-20,18:26:48.972000,10523,10524,10523,2
2019-08-20,18:27:21.085000,10522,10523,10523,1
2019-08-20,18:27:27.590000,10522,10523,10523,1
2019-08-20,18:27:55.421000,10522,10523,10522,2
2019-08-20,18:28:09.865000,10522,10523,10523,1
2019-08-20,18:28:37.966000,10522,10523,10522,1
2019-08-20,18:29:36.223000,10522,10523,10523,7
2019-08-20,18:29:46.800000,10522,10523,10522,1
2019-08-20,18:29:49.367000,10522,10523,10522,1
2019-08-20,18:29:52.732000,10522,10523,10523,1
2019-08-20,18:29:56.182000,10522,10523,10522,1
2019-08-20,18:29:56.241000,10522,10523,10523,1
2019-08-20,18:30:34.712000,10522,10523,10523,2
2019-08-20,18:30:35.372000,10523,10524,10524,1
2019-08-20,18:30:35.458000,10523,10524,10523,1
2019-08-20,18:30:35.478000,10523,10524,10522,1
2019-08-20,18:30:39.625000,10522,10524,10522,1
2019-08-20,18:30:45.693000,10522,10523,10523,1
2019-08-20,18:31:47.759000,10522,10523,10522,10
2019-08-20,18:31:47.759000,10522,10523,10522,2
2019-08-20,18:31:47.759000,10522,10523,10522,1
2019-08-20,18:31:47.761000,10522,10523,10522,1
2019-08-20,18:31:58.538000,10521,10522,10521,2
2019-08-20,18:32:06.436000,10521,10522,10521,6
2019-08-20,18:32:06.583000,10521,10522,10521,3
2019-08-20,18:32:06.706000,10521,10522,10521,6
2019-08-20,18:32:08.207000,10520,10521,10521,1
2019-08-20,18:32:08.476000,10520,10521,10521,1
2019-08-20,18:32:23.187000,10520,10521,10521,2
2019-08-20,18:32:34.090000,10520,10521,10521,1
2019-08-20,18:32:53.894000,10520,10521,10521,5
2019-08-20,18:33:03.428000,10520,10521,10520,1
2019-08-20,18:33:33.606000,10520,10521,10521,1
2019-08-20,18:33:33.610000,10520,10521,10521,1
2019-08-20,18:33:46.690000,10520,10521,10520,2
2019-08-20,18:33:47.692000,10520,10521,10520,1
2019-08-20,18:34:01.679000,10520,10521,10520,1
2019-08-20,18:34:07.421000,10520,10521,10520,1
2019-08-20,18:34:42.126000,10520,10521,10521,1
2019-08-20,18:35:09.062000,10520,10521,10520,2
2019-08-20,18:35:22.245000,10520,10521,10520,3
2019-08-20,18:35:23.750000,10520,10521,10520,1
2019-08-20,18:35:28.012000,10520,10521,10520,10
2019-08-20,18:35:28.497000,10520,10521,10520,4
2019-08-20,18:35:34.965000,10519,10520,10520,1
2019-08-20,18:35:51.582000,10519,10520,10519,9
2019-08-20,18:36:03.237000,10519,10520,10519,3
2019-08-20,18:36:03.331000,10519,10520,10519,1
2019-08-20,18:36:04.111000,10519,10520,10519,1
2019-08-20,18:36:13.604000,10519,10520,10519,3
2019-08-20,18:36:22.783000,10519,10520,10519,2
2019-08-20,18:36:22.785000,10519,10520,10519,3
2019-08-20,18:36:22.831000,10519,10520,10519,3
2019-08-20,18:36:30.518000,10519,10520,10519,4
2019-08-20,18:36:52.790000,10519,10520,10519,1
2019-08-20,18:36:59.714000,10519,10520,10519,4
2019-08-20,18:37:08.148000,10519,10520,10520,4
2019-08-20,18:37:08.151000,10519,10520,10520,4
2019-08-20,18:37:08.151000,10519,10520,10520,1
2019-08-20,18:37:08.151000,10519,10520,10520,1
2019-08-20,18:37:17.031000,10519,10521,10519,2
2019-08-20,18:37:17.401000,10519,10521,10519,1
2019-08-20,18:37:38.561000,10519,10520,10520,3
2019-08-20,18:37:57.551000,10519,10521,10521,1
2019-08-20,18:39:21.111000,10519,10520,10520,5
2019-08-20,18:39:26.546000,10520,10521,10521,2
2019-08-20,18:39:45.712000,10520,10521,10521,1
2019-08-20,18:40:48.563000,10520,10521,10521,5
2019-08-20,18:40:48.727000,10521,10522,10522,1
2019-08-20,18:41:12.708000,10521,10522,10522,1
2019-08-20,18:41:20.854000,10521,10522,10521,2
2019-08-20,18:41:28.833000,10520,10521,10521,5
2019-08-20,18:41:28.833000,10520,10521,10522,5
2019-08-20,18:41:29.083000,10521,10522,10522,1
2019-08-20,18:41:33.185000,10520,10521,10520,3
2019-08-20,18:41:54.986000,10520,10521,10521,1
2019-08-20,18:42:02.956000,10520,10521,10521,3
2019-08-20,18:42:36.433000,10521,10522,10521,1
2019-08-20,18:43:16.189000,10521,10522,10521,10
2019-08-20,18:43:26.934000,10520,10521,10521,1
2019-08-20,18:43:26.934000,10520,10521,10521,3
2019-08-20,18:43:26.956000,10520,10521,10521,6
2019-08-20,18:43:50.852000,10520,10522,10520,3
2019-08-20,18:44:21.833000,10521,10522,10521,2
2019-08-20,18:44:42.116000,10520,10521,10520,1
2019-08-20,18:44:42.122000,10520,10521,10520,2
2019-08-20,18:44:42.139000,10520,10521,10520,1
2019-08-20,18:46:16.970000,10519,10520,10520,1
2019-08-20,18:46:17.474000,10520,10521,10520,1
2019-08-20,18:46:17.474000,10520,10521,10519,2
2019-08-20,18:46:17.496000,10520,10521,10519,3
2019-08-20,18:46:36.838000,10520,10521,10520,1
2019-08-20,18:46:54.561000,10520,10521,10520,3
2019-08-20,18:47:15.378000,10520,10521,10520,1
2019-08-20,18:47:56.132000,10520,10521,10520,2
2019-08-20,18:48:42.542000,10520,10521,10520,2
2019-08-20,18:48:42.581000,10520,10521,10520,1
2019-08-20,18:48:43.063000,10519,10520,10520,2
2019-08-20,18:49:14.951000,10519,10520,10519,4
2019-08-20,18:49:26.076000,10519,10520,10520,1
2019-08-20,18:49:42.742000,10519,10520,10520,3
2019-08-20,18:49:42.834000,10520,10521,10521,1
2019-08-20,18:49:50.915000,10520,10521,10521,3
2019-08-20,18:49:57.516000,10520,10521,10521,1
2019-08-20,18:50:34.085000,10520,10521,10521,1
2019-08-20,18:51:05.912000,10520,10521,10521,1
2019-08-20,18:52:32.589000,10520,10521,10520,1
2019-08-20,18:53:00.356000,10520,10521,10521,9
2019-08-20,18:53:06.169000,10521,10522,10522,3
2019-08-20,18:53:47.333000,10522,10523,10522,2
2019-08-20,18:54:10.378000,10520,10522,10522,1
2019-08-20,18:54:37.650000,10521,10522,10522,1
2019-08-20,18:54:48.565000,10521,10522,10522,2
2019-08-20,18:54:54.997000,10521,10522,10522,2
2019-08-20,18:55:11.300000,10521,10522,10522,1
2019-08-20,18:55:46.957000,10521,10522,10521,1
2019-08-20,18:56:50.395000,10520,10521,10521,4
2019-08-20,18:57:04.990000,10521,10522,10521,1
2019-08-20,18:57:35.128000,10521,10522,10521,1
2019-08-20,18:57:40.472000,10520,10521,10521,1
2019-08-20,18:57:51.439000,10520,10521,10521,4
2019-08-20,18:58:02.056000,10520,10521,10521,3
2019-08-20,18:58:24.043000,10520,10521,10520,15
2019-08-20,18:58:55.499000,10519,10520,10519,2
2019-08-20,18:58:55.581000,10519,10520,10519,15
2019-08-20,18:58:55.706000,10519,10520,10519,5
2019-08-20,18:58:55.707000,10519,10520,10519,5
2019-08-20,18:58:55.831000,10519,10520,10519,2
2019-08-20,18:58:55.831000,10519,10520,10519,4
2019-08-20,18:58:55.881000,10519,10520,10519,2
2019-08-20,18:59:19.400000,10519,10520,10519,1
2019-08-20,18:59:26.381000,10519,10520,10520,3
2019-08-20,18:59:26.961000,10519,10520,10519,2
2019-08-20,18:59:27.757000,10519,10520,10519,2
2019-08-20,18:59:29.395000,10518,10520,10519,2
2019-08-20,18:59:32.085000,10518,10520,10519,1
2019-08-20,18:59:44.827000,10518,10520,10519,1
2019-08-20,19:00:00.288000,10519,10521,10520,4
2019-08-20,19:00:00.295000,10519,10521,10520,1
2019-08-20,19:00:02.129000,10520,10521,10520,1
2019-08-20,19:00:03.805000,10520,10521,10521,1
2019-08-20,19:00:04.005000,10520,10521,10521,1
2019-08-20,19:00:04.205000,10520,10521,10521,1
2019-08-20,19:00:04.409000,10520,10521,10521,1
2019-08-20,19:00:04.607000,10520,10521,10521,1
2019-08-20,19:00:04.686000,10520,10521,10521,1
2019-08-20,19:00:04.694000,10520,10521,10521,2
2019-08-20,19:00:04.703000,10520,10521,10521,1
2019-08-20,19:00:04.721000,10520,10521,10521,1
2019-08-20,19:00:04.729000,10520,10521,10521,2
2019-08-20,19:00:04.754000,10520,10521,10521,1
2019-08-20,19:00:04.758000,10520,10521,10521,1
2019-08-20,19:00:06.035000,10520,10521,10521,5
2019-08-20,19:00:34.846000,10520,10521,10520,4
2019-08-20,19:00:45.929000,10520,10521,10521,1
2019-08-20,19:00:45.956000,10520,10521,10521,1
2019-08-20,19:00:54.339000,10520,10521,10520,1
2019-08-20,19:01:05.837000,10520,10521,10520,1
2019-08-20,19:02:36.638000,10520,10521,10520,4
2019-08-20,19:02:52.002000,10520,10521,10520,2
2019-08-20,19:02:53.634000,10520,10521,10520,1
2019-08-20,19:02:53.639000,10520,10521,10520,3
2019-08-20,19:03:00.034000,10519,10521,10520,1
2019-08-20,19:03:13.096000,10520,10521,10520,1
2019-08-20,19:03:16.081000,10520,10521,10520,4
2019-08-20,19:03:16.081000,10520,10521,10520,1
2019-08-20,19:03:41.770000,10520,10521,10520,2
2019-08-20,19:03:48.649000,10519,10520,10520,1
2019-08-20,19:03:55.937000,10520,10521,10520,1
2019-08-20,19:03:59.141000,10520,10521,10520,1
2019-08-20,19:04:00.297000,10520,10521,10520,1
2019-08-20,19:04:44.803000,10519,10520,10520,6
2019-08-20,19:05:16.984000,10519,10521,10520,1
2019-08-20,19:06:05.937000,10519,10520,10519,1
2019-08-20,19:06:23.135000,10519,10520,10519,8
2019-08-20,19:06:23.135000,10519,10520,10519,7
2019-08-20,19:06:23.135000,10519,10520,10519,4
2019-08-20,19:06:23.137000,10519,10520,10518,1
2019-08-20,19:06:23.138000,10519,10520,10518,1
2019-08-20,19:06:23.174000,10519,10520,10518,2
2019-08-20,19:06:23.174000,10519,10520,10518,4
2019-08-20,19:06:23.175000,10519,10520,10518,14
2019-08-20,19:06:23.175000,10519,10520,10518,5
2019-08-20,19:06:23.204000,10519,10520,10518,1
2019-08-20,19:06:23.207000,10518,10519,10518,2
2019-08-20,19:06:23.209000,10518,10519,10518,2
2019-08-20,19:06:23.281000,10518,10519,10518,1
2019-08-20,19:06:23.296000,10518,10519,10518,2
2019-08-20,19:06:23.332000,10517,10519,10517,1
2019-08-20,19:06:23.332000,10517,10519,10517,2
2019-08-20,19:06:24.877000,10517,10519,10517,1
2019-08-20,19:06:24.960000,10517,10519,10517,2
2019-08-20,19:06:25.081000,10517,10518,10517,1
2019-08-20,19:06:27.254000,10517,10518,10517,1
2019-08-20,19:06:37.707000,10518,10519,10518,1
2019-08-20,19:06:38.781000,10517,10518,10517,1
2019-08-20,19:06:43.011000,10517,10518,10518,5
2019-08-20,19:06:43.592000,10517,10518,10517,5
2019-08-20,19:06:50.127000,10517,10518,10518,1
2019-08-20,19:06:51.211000,10517,10518,10518,1
2019-08-20,19:06:51.456000,10518,10519,10518,3
2019-08-20,19:06:57.081000,10517,10518,10518,1
2019-08-20,19:07:42.779000,10517,10518,10518,5
2019-08-20,19:07:42.992000,10517,10518,10517,2
2019-08-20,19:07:47.256000,10517,10518,10517,10
2019-08-20,19:07:55.085000,10517,10518,10517,4
2019-08-20,19:07:59.897000,10517,10518,10517,2
2019-08-20,19:07:59.947000,10517,10518,10517,3
2019-08-20,19:08:05.380000,10516,10517,10516,1
2019-08-20,19:08:05.719000,10516,10517,10516,4
2019-08-20,19:08:05.724000,10516,10517,10516,4
2019-08-20,19:08:05.782000,10516,10517,10516,1
2019-08-20,19:08:05.788000,10516,10517,10516,1
2019-08-20,19:08:05.806000,10516,10517,10516,4
2019-08-20,19:08:05.864000,10516,10517,10516,4
2019-08-20,19:08:05.891000,10516,10517,10516,2
2019-08-20,19:08:05.940000,10516,10517,10516,2
2019-08-20,19:08:05.990000,10516,10517,10516,2
2019-08-20,19:08:05.995000,10516,10517,10516,2
2019-08-20,19:08:06.044000,10516,10517,10516,2
2019-08-20,19:08:06.090000,10516,10517,10516,2
2019-08-20,19:08:06.138000,10516,10517,10516,2
2019-08-20,19:08:06.199000,10516,10517,10516,2
2019-08-20,19:08:06.209000,10516,10517,10516,2
2019-08-20,19:08:06.280000,10516,10517,10516,2
2019-08-20,19:08:06.290000,10516,10517,10516,2
2019-08-20,19:08:06.356000,10516,10517,10516,1
2019-08-20,19:08:06.935000,10516,10517,10516,9
2019-08-20,19:08:06.935000,10516,10517,10515,15
2019-08-20,19:08:06.997000,10515,10517,10515,2
2019-08-20,19:08:07.025000,10515,10517,10515,1
2019-08-20,19:08:07.283000,10515,10516,10515,1
2019-08-20,19:08:07.876000,10515,10516,10515,2
2019-08-20,19:08:08.243000,10515,10516,10516,1
2019-08-20,19:08:08.245000,10515,10516,10516,1
2019-08-20,19:08:08.258000,10515,10516,10516,1
2019-08-20,19:08:16.743000,10516,10517,10516,1
2019-08-20,19:08:16.750000,10516,10517,10516,1
2019-08-20,19:08:16.778000,10516,10517,10516,1
2019-08-20,19:08:16.778000,10516,10517,10516,1
2019-08-20,19:08:16.779000,10516,10517,10516,1
2019-08-20,19:08:16.779000,10516,10517,10516,2
2019-08-20,19:08:16.779000,10516,10517,10516,2
2019-08-20,19:08:18.220000,10516,10517,10516,1
2019-08-20,19:08:18.654000,10516,10517,10516,1
2019-08-20,19:08:25.920000,10515,10516,10516,3
2019-08-20,19:08:28.970000,10515,10516,10516,1
2019-08-20,19:08:31.301000,10515,10517,10515,1
2019-08-20,19:08:33.350000,10516,10517,10516,1
2019-08-20,19:08:35.948000,10516,10517,10516,2
2019-08-20,19:08:37.694000,10516,10517,10516,1
2019-08-20,19:08:37.960000,10516,10517,10516,1
2019-08-20,19:08:40.065000,10516,10517,10516,5
2019-08-20,19:08:52.494000,10516,10517,10516,1
2019-08-20,19:09:16.460000,10516,10517,10516,6
2019-08-20,19:09:16.581000,10516,10517,10516,1
2019-08-20,19:09:26.027000,10516,10517,10516,3
2019-08-20,19:09:30.766000,10515,10516,10516,2
2019-08-20,19:09:36.503000,10515,10516,10516,5
2019-08-20,19:09:44.393000,10516,10517,10516,2
2019-08-20,19:10:01.463000,10516,10517,10516,2
2019-08-20,19:10:07.957000,10516,10517,10516,1
2019-08-20,19:10:20.414000,10516,10517,10517,1
2019-08-20,19:10:20.617000,10516,10517,10517,1
2019-08-20,19:10:23.111000,10516,10517,10517,1
2019-08-20,19:10:32.038000,10516,10517,10517,4
2019-08-20,19:11:26.465000,10516,10517,10516,4
2019-08-20,19:11:26.554000,10516,10517,10517,1
2019-08-20,19:11:32.608000,10516,10517,10517,2
2019-08-20,19:12:56.213000,10517,10518,10518,1
2019-08-20,19:12:56.672000,10517,10518,10517,1
2019-08-20,19:13:38.156000,10517,10518,10517,4
2019-08-20,19:13:38.206000,10517,10518,10517,2
2019-08-20,19:13:54.328000,10517,10518,10517,1
2019-08-20,19:13:55.662000,10516,10517,10517,2
2019-08-20,19:14:04.403000,10516,10517,10517,1
2019-08-20,19:14:16.991000,10516,10517,10517,2
2019-08-20,19:14:19.656000,10516,10517,10517,2
2019-08-20,19:14:27.951000,10517,10518,10517,1
2019-08-20,19:14:29.886000,10516,10517,10517,1
2019-08-20,19:14:33.243000,10516,10517,10517,1
2019-08-20,19:14:35.408000,10516,10518,10516,5
2019-08-20,19:14:53.030000,10516,10517,10516,1
2019-08-20,19:14:53.415000,10516,10517,10517,1
2019-08-20,19:14:54.456000,10516,10517,10517,2
2019-08-20,19:14:59.779000,10517,10518,10518,5
2019-08-20,19:15:23.492000,10517,10518,10517,1
2019-08-20,19:15:23.955000,10516,10518,10516,2
2019-08-20,19:15:45.583000,10517,10518,10517,3
2019-08-20,19:15:52.497000,10517,10518,10517,1
2019-08-20,19:15:56.885000,10517,10518,10518,5
2019-08-20,19:15:56.956000,10517,10518,10518,2
2019-08-20,19:15:56.956000,10517,10518,10518,1
2019-08-20,19:16:09.082000,10518,10519,10518,1
2019-08-20,19:16:26.508000,10517,10518,10518,1
2019-08-20,19:16:29.427000,10517,10518,10517,2
2019-08-20,19:16:40.752000,10517,10518,10517,1
2019-08-20,19:17:03.386000,10517,10518,10517,1
2019-08-20,19:17:07.835000,10516,10517,10517,1
2019-08-20,19:17:17.980000,10516,10517,10517,1
2019-08-20,19:17:29.547000,10516,10517,10517,1
2019-08-20,19:18:04.122000,10516,10517,10517,2
2019-08-20,19:18:25.183000,10516,10517,10517,6
2019-08-20,19:18:25.184000,10516,10517,10517,2
2019-08-20,19:18:25.184000,10516,10517,10517,2
2019-08-20,19:18:25.185000,10516,10517,10517,9
2019-08-20,19:18:25.185000,10516,10517,10517,2
2019-08-20,19:18:25.206000,10517,10518,10517,2
2019-08-20,19:18:38.593000,10517,10518,10517,10
2019-08-20,19:19:03.952000,10516,10517,10517,1
2019-08-20,19:19:06.997000,10516,10517,10517,1
2019-08-20,19:19:10.956000,10516,10517,10517,3
2019-08-20,19:19:28.798000,10517,10518,10517,2
2019-08-20,19:19:34.537000,10517,10518,10518,2
2019-08-20,19:19:39.876000,10517,10518,10518,1
2019-08-20,19:19:52.322000,10517,10518,10518,2
2019-08-20,19:20:29.804000,10517,10518,10518,1
2019-08-20,19:20:52.907000,10517,10518,10518,1
2019-08-20,19:20:55.442000,10517,10518,10518,1
2019-08-20,19:20:59.259000,10517,10518,10518,1
2019-08-20,19:21:36.099000,10517,10518,10517,6
2019-08-20,19:21:36.206000,10517,10518,10517,3
2019-08-20,19:22:32.445000,10516,10517,10517,1
2019-08-20,19:22:42.297000,10516,10517,10517,2
2019-08-20,19:22:50.433000,10516,10517,10517,3
2019-08-20,19:23:30.957000,10516,10517,10516,3
2019-08-20,19:23:31.082000,10516,10517,10516,27
2019-08-20,19:23:34.995000,10515,10516,10516,1
2019-08-20,19:23:40.832000,10515,10516,10515,1
2019-08-20,19:23:42.244000,10515,10516,10515,1
2019-08-20,19:23:44.218000,10515,10516,10516,1
2019-08-20,19:23:50.434000,10515,10516,10516,1
2019-08-20,19:24:04.543000,10516,10517,10516,1
2019-08-20,19:24:20.675000,10516,10517,10517,4
2019-08-20,19:24:56.201000,10516,10517,10517,1
2019-08-20,19:25:16.199000,10516,10517,10516,2
2019-08-20,19:25:16.621000,10515,10516,10516,1
2019-08-20,19:25:19.446000,10515,10516,10516,1
2019-08-20,19:25:19.446000,10515,10516,10516,1
2019-08-20,19:25:35.982000,10516,10517,10516,1
2019-08-20,19:26:13.187000,10516,10517,10517,1
2019-08-20,19:26:37.135000,10516,10517,10517,1
2019-08-20,19:26:38.334000,10516,10517,10517,1
2019-08-20,19:27:21.881000,10517,10518,10518,1
2019-08-20,19:27:56.255000,10517,10519,10519,5
2019-08-20,19:27:57.486000,10518,10519,10519,1
2019-08-20,19:28:01.867000,10518,10519,10518,5
2019-08-20,19:28:07.515000,10518,10519,10518,5
2019-08-20,19:28:29.920000,10518,10519,10518,4
2019-08-20,19:28:57.388000,10518,10519,10518,2
2019-08-20,19:29:16.085000,10518,10519,10519,1
2019-08-20,19:30:01.529000,10518,10519,10518,9
2019-08-20,19:30:59.138000,10517,10518,10517,1
2019-08-20,19:31:13.573000,10517,10518,10518,1
2019-08-20,19:31:19.935000,10517,10518,10518,2
2019-08-20,19:31:21.211000,10518,10519,10519,1
2019-08-20,19:32:08.710000,10518,10519,10519,9
2019-08-20,19:32:08.740000,10518,10519,10519,1
2019-08-20,19:32:08.740000,10518,10519,10519,1
2019-08-20,19:32:08.894000,10519,10520,10519,1
2019-08-20,19:32:23.746000,10518,10519,10519,1
2019-08-20,19:32:48.209000,10518,10519,10519,1
2019-08-20,19:32:59.335000,10518,10520,10519,2
2019-08-20,19:33:02.404000,10518,10520,10519,1
2019-08-20,19:33:59.279000,10518,10519,10519,1
2019-08-20,19:34:06.749000,10518,10519,10519,1
2019-08-20,19:34:14.597000,10519,10520,10520,5
2019-08-20,19:34:32.257000,10519,10520,10519,1
2019-08-20,19:34:53.204000,10519,10520,10519,1
2019-08-20,19:35:09.872000,10519,10520,10520,2
2019-08-20,19:35:10.194000,10519,10520,10520,1
2019-08-20,19:35:18.655000,10519,10520,10520,4
2019-08-20,19:35:23.461000,10519,10520,10520,1
2019-08-20,19:36:12.461000,10519,10520,10520,1
2019-08-20,19:36:27.208000,10519,10520,10520,6
2019-08-20,19:36:27.331000,10519,10520,10520,5
2019-08-20,19:36:27.331000,10519,10520,10520,5
2019-08-20,19:36:27.331000,10519,10520,10520,1
2019-08-20,19:36:27.331000,10519,10520,10520,1
2019-08-20,19:36:48.884000,10520,10521,10520,1
2019-08-20,19:36:50.767000,10520,10521,10520,1
2019-08-20,19:37:03.647000,10520,10521,10520,4
2019-08-20,19:37:19.319000,10520,10521,10521,1
2019-08-20,19:37:19.585000,10520,10521,10521,1
2019-08-20,19:37:20.490000,10520,10521,10521,10
2019-08-20,19:37:20.490000,10520,10521,10521,2
2019-08-20,19:37:20.490000,10520,10521,10521,4
2019-08-20,19:37:20.490000,10520,10521,10521,4
2019-08-20,19:37:20.491000,10520,10521,10521,4
2019-08-20,19:37:20.505000,10520,10521,10521,2
2019-08-20,19:37:20.505000,10520,10521,10521,2
2019-08-20,19:37:20.607000,10521,10522,10522,3
2019-08-20,19:37:21.009000,10521,10522,10521,1
2019-08-20,19:37:21.645000,10521,10522,10521,1
2019-08-20,19:37:28.883000,10521,10522,10522,2
2019-08-20,19:37:29.974000,10521,10522,10522,5
2019-08-20,19:37:31.753000,10521,10522,10522,3
2019-08-20,19:37:31.754000,10521,10522,10522,1
2019-08-20,19:37:31.764000,10521,10522,10522,1
2019-08-20,19:37:31.789000,10521,10522,10522,2
2019-08-20,19:37:31.790000,10521,10522,10522,1
2019-08-20,19:37:31.795000,10521,10522,10522,2
2019-08-20,19:37:32.169000,10521,10522,10522,2
2019-08-20,19:37:32.169000,10521,10522,10522,4
2019-08-20,19:37:32.195000,10521,10522,10522,1
2019-08-20,19:37:33.981000,10521,10522,10522,1
2019-08-20,19:37:39.969000,10521,10522,10522,1
2019-08-20,19:38:00.011000,10521,10522,10522,3
2019-08-20,19:38:02.529000,10521,10522,10522,1
2019-08-20,19:38:03.913000,10521,10522,10522,5
2019-08-20,19:38:11.228000,10521,10522,10521,2
2019-08-20,19:38:17.055000,10520,10521,10521,1
2019-08-20,19:38:26.815000,10521,10522,10521,2
2019-08-20,19:38:37.449000,10520,10521,10521,7
2019-08-20,19:38:47.974000,10520,10521,10520,7
2019-08-20,19:38:47.981000,10520,10521,10520,3
2019-08-20,19:38:58.605000,10520,10521,10520,1
2019-08-20,19:39:23.991000,10520,10521,10520,1
2019-08-20,19:39:26.253000,10520,10521,10520,1
2019-08-20,19:39:30.800000,10520,10521,10520,1
2019-08-20,19:39:55.247000,10520,10521,10520,2
2019-08-20,19:40:17.270000,10520,10521,10521,4
2019-08-20,19:40:17.331000,10520,10521,10521,2
2019-08-20,19:40:17.456000,10520,10521,10521,3
2019-08-20,19:40:57.586000,10521,10522,10521,1
2019-08-20,19:41:02.136000,10521,10522,10522,1
2019-08-20,19:41:02.438000,10521,10522,10521,2
2019-08-20,19:41:13.364000,10521,10522,10521,2
2019-08-20,19:41:13.364000,10521,10522,10521,2
2019-08-20,19:42:28.695000,10521,10522,10521,1
2019-08-20,19:42:29.151000,10521,10522,10521,1
2019-08-20,19:42:39.340000,10521,10522,10521,1
2019-08-20,19:42:59.507000,10521,10522,10522,1
2019-08-20,19:43:45.151000,10521,10522,10522,1
2019-08-20,19:44:11.912000,10521,10522,10522,1
2019-08-20,19:44:22.676000,10521,10522,10522,4
2019-08-20,19:44:22.743000,10521,10522,10522,6
2019-08-20,19:44:22.743000,10521,10522,10523,19
2019-08-20,19:44:22.832000,10522,10523,10523,1
2019-08-20,19:44:42.929000,10522,10523,10522,1
2019-08-20,19:44:49.097000,10522,10523,10523,1
2019-08-20,19:44:59.058000,10522,10523,10523,2
2019-08-20,19:45:04.641000,10522,10523,10523,2
2019-08-20,19:45:05.650000,10522,10523,10523,1
2019-08-20,19:45:15.021000,10522,10523,10523,1
2019-08-20,19:45:56.162000,10522,10523,10523,2
2019-08-20,19:46:01.057000,10522,10523,10522,4
2019-08-20,19:46:16.329000,10521,10522,10522,2
2019-08-20,19:46:47.555000,10521,10522,10522,1
2019-08-20,19:47:00.107000,10521,10522,10522,1
2019-08-20,19:47:00.206000,10521,10522,10522,4
2019-08-20,19:47:38.818000,10522,10523,10522,1
2019-08-20,19:47:43.859000,10522,10523,10523,1
2019-08-20,19:47:44.026000,10522,10523,10523,1
2019-08-20,19:47:44.298000,10522,10523,10522,1
2019-08-20,19:47:58.870000,10522,10523,10522,1
2019-08-20,19:48:04.351000,10522,10523,10522,3
2019-08-20,19:48:32.334000,10521,10522,10521,11
2019-08-20,19:48:32.456000,10521,10522,10521,3
2019-08-20,19:48:32.456000,10521,10522,10521,3
2019-08-20,19:48:32.456000,10521,10522,10521,2
2019-08-20,19:48:55.047000,10520,10521,10521,1
2019-08-20,19:48:58.217000,10520,10521,10521,1
2019-08-20,19:49:08.062000,10521,10522,10521,1
2019-08-20,19:49:08.062000,10521,10522,10520,9
2019-08-20,19:49:08.189000,10520,10522,10520,1
2019-08-20,19:49:27.130000,10520,10521,10520,1
2019-08-20,19:49:50.326000,10520,10521,10520,2
2019-08-20,19:50:00.001000,10520,10521,10521,1
2019-08-20,19:50:00.081000,10520,10521,10521,2
2019-08-20,19:50:00.208000,10521,10522,10522,2
2019-08-20,19:50:06.352000,10521,10522,10522,2
2019-08-20,19:50:06.914000,10521,10522,10521,3
2019-08-20,19:50:07.240000,10520,10521,10521,2
2019-08-20,19:50:17.827000,10521,10522,10521,1
2019-08-20,19:50:29.224000,10521,10522,10521,1
2019-08-20,19:52:19.850000,10521,10522,10521,1
2019-08-20,19:52:34.938000,10521,10522,10521,8
2019-08-20,19:52:52.837000,10521,10522,10521,1
2019-08-20,19:53:19.932000,10521,10522,10522,2
2019-08-20,19:53:37.873000,10521,10522,10522,1
2019-08-20,19:54:22.446000,10521,10522,10521,1
2019-08-20,19:54:32.532000,10521,10522,10521,1
2019-08-20,19:55:01.286000,10521,10522,10522,1
2019-08-20,19:55:05.882000,10521,10522,10522,2
2019-08-20,19:55:10.507000,10521,10522,10522,1
2019-08-20,19:55:22.245000,10521,10522,10521,1
2019-08-20,19:55:27.429000,10521,10522,10521,14
2019-08-20,19:55:41.444000,10520,10521,10520,5
2019-08-20,19:55:51.949000,10520,10521,10520,1
2019-08-20,19:55:54.597000,10520,10521,10520,1
2019-08-20,19:56:01.678000,10520,10521,10520,1
2019-08-20,19:56:06.335000,10520,10521,10521,2
2019-08-20,19:56:14.203000,10520,10521,10520,2
2019-08-20,19:56:17.780000,10520,10521,10521,1
2019-08-20,19:56:18.960000,10520,10521,10521,1
2019-08-20,19:56:22.248000,10520,10521,10521,5
2019-08-20,19:57:07.072000,10520,10522,10521,1
2019-08-20,19:57:18.643000,10521,10522,10522,3
2019-08-20,19:57:18.706000,10521,10522,10522,5
2019-08-20,19:57:18.820000,10521,10522,10522,1
2019-08-20,19:57:18.832000,10522,10523,10523,2
2019-08-20,19:57:57.387000,10522,10523,10523,6
2019-08-20,19:58:05.257000,10522,10523,10523,1
2019-08-20,19:58:05.620000,10522,10523,10523,1
2019-08-20,19:58:10.236000,10522,10523,10523,3
2019-08-20,19:58:14.606000,10522,10523,10523,4
2019-08-20,19:58:15.207000,10523,10524,10523,1
2019-08-20,19:58:16.571000,10523,10524,10524,1
2019-08-20,19:58:16.870000,10523,10524,10523,3
2019-08-20,19:58:16.916000,10523,10524,10523,1
2019-08-20,19:58:17.444000,10523,10524,10524,8
2019-08-20,19:58:17.456000,10523,10524,10524,17
2019-08-20,19:58:17.457000,10523,10524,10524,3
2019-08-20,19:58:17.581000,10523,10524,10524,4
2019-08-20,19:58:23.595000,10524,10525,10524,2
2019-08-20,19:58:23.706000,10524,10525,10524,1
2019-08-20,19:58:23.706000,10524,10525,10524,4
2019-08-20,19:58:38.662000,10523,10525,10524,1
2019-08-20,19:58:40.033000,10523,10525,10525,1
2019-08-20,19:58:50.989000,10523,10524,10524,1
2019-08-20,19:58:51.086000,10523,10525,10524,1
2019-08-20,19:58:55.532000,10523,10524,10524,1
2019-08-20,19:58:55.665000,10523,10524,10524,1
2019-08-20,19:58:56.198000,10523,10524,10524,1
2019-08-20,19:58:58.736000,10523,10524,10524,1
2019-08-20,19:58:59.021000,10523,10524,10524,1
2019-08-20,19:59:02.360000,10523,10524,10524,3
2019-08-20,19:59:02.364000,10523,10524,10524,1
2019-08-20,19:59:03.860000,10523,10524,10524,1
2019-08-20,19:59:06.207000,10524,10525,10525,4
2019-08-20,19:59:11.473000,10523,10525,10525,1
2019-08-20,19:59:29.092000,10523,10524,10524,1
2019-08-20,19:59:29.207000,10524,10525,10525,1
2019-08-20,19:59:36.168000,10523,10524,10524,1
2019-08-20,19:59:49.928000,10523,10524,10523,1
2019-08-20,19:59:57.840000,10523,10524,10524,1
2019-08-20,20:00:02.044000,10523,10524,10524,2
2019-08-20,20:00:08.361000,10523,10524,10523,1
2019-08-20,20:00:18.421000,10523,10524,10524,1
2019-08-20,20:00:31.182000,10523,10524,10524,3
2019-08-20,20:00:33.944000,10523,10524,10524,3
2019-08-20,20:00:43.994000,10524,10525,10525,2
2019-08-20,20:00:44.637000,10524,10525,10525,1
2019-08-20,20:00:52.444000,10524,10525,10525,3
2019-08-20,20:00:53.140000,10524,10525,10525,3
2019-08-20,20:00:57.399000,10524,10525,10525,1
2019-08-20,20:00:59.604000,10524,10525,10524,2
2019-08-20,20:01:03.504000,10524,10525,10524,1
2019-08-20,20:01:09.149000,10524,10525,10525,5
2019-08-20,20:01:09.149000,10524,10525,10525,3
2019-08-20,20:01:09.150000,10524,10525,10525,1
2019-08-20,20:01:09.150000,10524,10525,10525,2
2019-08-20,20:01:09.150000,10524,10525,10525,2
2019-08-20,20:01:09.150000,10524,10525,10525,2
2019-08-20,20:01:09.150000,10524,10525,10525,9
2019-08-20,20:01:09.150000,10524,10525,10525,3
2019-08-20,20:01:09.150000,10524,10525,10525,1
2019-08-20,20:01:09.150000,10524,10525,10525,1
2019-08-20,20:01:09.151000,10524,10525,10525,5
2019-08-20,20:01:09.151000,10524,10525,10525,2
2019-08-20,20:01:09.151000,10524,10525,10525,1
2019-08-20,20:01:10.513000,10525,10526,10525,1
2019-08-20,20:01:12.721000,10525,10526,10525,1
2019-08-20,20:01:22.016000,10525,10526,10526,1
2019-08-20,20:01:22.149000,10525,10526,10525,1
2019-08-20,20:01:22.247000,10525,10526,10526,1
2019-08-20,20:01:22.365000,10525,10526,10526,2
2019-08-20,20:01:22.464000,10525,10526,10525,3
2019-08-20,20:01:22.467000,10525,10526,10526,3
2019-08-20,20:01:22.484000,10525,10526,10526,1
2019-08-20,20:01:22.688000,10525,10526,10525,1
2019-08-20,20:01:22.860000,10525,10526,10525,1
2019-08-20,20:01:23.587000,10525,10526,10526,1
2019-08-20,20:01:24.285000,10525,10526,10525,1
2019-08-20,20:01:26.688000,10525,10526,10525,1
2019-08-20,20:01:29.373000,10525,10526,10526,1
2019-08-20,20:01:36.519000,10525,10526,10525,2
2019-08-20,20:01:39.832000,10525,10526,10525,2
2019-08-20,20:01:44.093000,10525,10526,10526,1
2019-08-20,20:01:46.302000,10525,10526,10525,1
2019-08-20,20:01:52.477000,10525,10526,10525,1
2019-08-20,20:01:57.117000,10525,10526,10526,1
2019-08-20,20:01:57.622000,10525,10526,10525,1
2019-08-20,20:01:58.928000,10525,10526,10526,1
2019-08-20,20:02:12.476000,10525,10526,10526,5
2019-08-20,20:02:12.674000,10525,10526,10526,5
2019-08-20,20:02:16.704000,10525,10526,10526,1
2019-08-20,20:02:18.690000,10525,10526,10526,2
2019-08-20,20:02:19.086000,10525,10526,10526,1
2019-08-20,20:02:27.505000,10525,10526,10526,1
2019-08-20,20:02:42.868000,10525,10526,10525,1
2019-08-20,20:02:43.512000,10525,10526,10525,4
2019-08-20,20:02:43.512000,10525,10526,10525,5
2019-08-20,20:02:43.512000,10525,10526,10525,4
2019-08-20,20:02:43.512000,10525,10526,10525,1
2019-08-20,20:02:50.377000,10524,10525,10525,1
2019-08-20,20:02:53.887000,10524,10525,10525,1
2019-08-20,20:03:58.120000,10524,10525,10525,6
2019-08-20,20:03:59.149000,10524,10525,10525,1
2019-08-20,20:03:59.894000,10524,10525,10524,1
2019-08-20,20:04:13.783000,10524,10525,10524,1
2019-08-20,20:04:15.196000,10524,10525,10524,1
2019-08-20,20:04:24.617000,10524,10525,10524,1
2019-08-20,20:04:26.422000,10524,10525,10524,1
2019-08-20,20:04:27.555000,10524,10525,10524,3
2019-08-20,20:04:31.604000,10524,10525,10524,1
2019-08-20,20:04:31.756000,10524,10525,10524,1
2019-08-20,20:04:34.486000,10524,10525,10524,1
2019-08-20,20:04:38.465000,10524,10525,10524,1
2019-08-20,20:04:51.307000,10524,10525,10525,1
2019-08-20,20:04:51.431000,10524,10525,10524,3
2019-08-20,20:04:54.241000,10524,10525,10524,1
2019-08-20,20:05:30.264000,10523,10524,10524,2
2019-08-20,20:05:56.287000,10523,10524,10524,1
2019-08-20,20:06:48.094000,10523,10524,10523,2
2019-08-20,20:06:49.791000,10523,10524,10523,2
2019-08-20,20:07:01.008000,10523,10524,10524,1
2019-08-20,20:07:16.508000,10523,10524,10524,1
2019-08-20,20:07:16.583000,10523,10524,10524,3
2019-08-20,20:07:16.583000,10523,10524,10524,5
2019-08-20,20:07:16.584000,10523,10524,10524,5
2019-08-20,20:07:16.754000,10523,10524,10524,1
2019-08-20,20:07:59.326000,10523,10524,10523,13
2019-08-20,20:07:59.827000,10522,10523,10522,6
2019-08-20,20:08:03.661000,10522,10523,10522,2
2019-08-20,20:08:10.456000,10522,10523,10522,1
2019-08-20,20:08:13.896000,10522,10523,10523,1
2019-08-20,20:08:16.751000,10522,10523,10522,1
2019-08-20,20:08:44.706000,10521,10522,10522,2
2019-08-20,20:09:21.917000,10521,10522,10521,1
2019-08-20,20:09:47.227000,10521,10522,10522,1
2019-08-20,20:09:55.170000,10521,10522,10522,2
2019-08-20,20:09:55.170000,10521,10522,10522,2
2019-08-20,20:09:55.175000,10521,10522,10522,1
2019-08-20,20:10:07.336000,10522,10523,10523,1
2019-08-20,20:10:10.160000,10522,10523,10522,1
2019-08-20,20:10:10.161000,10522,10523,10522,1
2019-08-20,20:10:10.206000,10522,10523,10522,1
2019-08-20,20:10:10.235000,10522,10523,10522,1
2019-08-20,20:10:29.891000,10522,10523,10523,2
2019-08-20,20:10:40.007000,10522,10523,10523,1
2019-08-20,20:10:52.498000,10523,10524,10524,4
2019-08-20,20:10:52.499000,10523,10524,10524,2
2019-08-20,20:10:52.581000,10523,10525,10524,1
2019-08-20,20:10:58.840000,10523,10524,10524,2
2019-08-20,20:11:08.670000,10524,10525,10524,1
2019-08-20,20:11:18.965000,10523,10524,10524,1
2019-08-20,20:11:22.659000,10523,10524,10523,3
2019-08-20,20:11:25.438000,10522,10523,10523,1
2019-08-20,20:11:49.567000,10522,10523,10523,1
2019-08-20,20:11:57.179000,10522,10523,10523,1
2019-08-20,20:11:57.845000,10522,10523,10523,1
2019-08-20,20:12:35.278000,10522,10523,10523,1
2019-08-20,20:12:36.407000,10522,10523,10523,1
2019-08-20,20:12:52.336000,10522,10523,10523,1
2019-08-20,20:12:54.040000,10522,10523,10523,1
2019-08-20,20:13:15.245000,10522,10523,10523,1
2019-08-20,20:13:35.292000,10523,10524,10524,1
2019-08-20,20:13:35.331000,10523,10524,10524,2
