2024-07-09 15:00:00.026,23856,23857,23856,149,-149
2024-07-09 15:00:00.027,23853,23857,23857,1,1
2024-07-09 15:00:00.028,23853,23857,23858,1,1
2024-07-09 15:00:00.084,23853,23858,23858,3,3
2024-07-09 15:00:00.226,23853,23856,23853,1,-1
2024-07-09 15:00:00.226,23853,23856,23856,1,1
2024-07-09 15:00:00.230,23853,23856,23853,1,-1
2024-07-09 15:00:00.233,23853,23856,23853,1,-1
2024-07-09 15:00:00.234,23853,23856,23853,1,-1
2024-07-09 15:00:00.243,23853,23856,23853,1,-1
2024-07-09 15:00:00.265,23853,23856,23857,1,1
2024-07-09 15:00:00.325,23854,23857,23856,1,1
2024-07-09 15:00:00.325,23854,23857,23857,1,1
2024-07-09 15:00:00.341,23854,23857,23853,1,-1
2024-07-09 15:00:00.410,23853,23856,23856,1,1
2024-07-09 15:00:00.410,23853,23856,23853,1,-1
2024-07-09 15:00:00.424,23853,23856,23857,3,3
2024-07-09 15:00:00.497,23853,23856,23859,1,1
2024-07-09 15:00:00.516,23853,23856,23859,1,1
2024-07-09 15:00:00.517,23853,23856,23859,2,2
2024-07-09 15:00:00.530,23857,23860,23860,3,3
2024-07-09 15:00:00.530,23857,23860,23861,1,1
2024-07-09 15:00:00.584,23857,23860,23860,1,1
2024-07-09 15:00:00.661,23859,23862,23861,2,2
2024-07-09 15:00:00.666,23859,23862,23862,1,1
2024-07-09 15:00:00.666,23859,23862,23863,1,1
2024-07-09 15:00:00.679,23859,23862,23859,2,-2
2024-07-09 15:00:00.715,23859,23862,23858,1,-1
2024-07-09 15:00:00.715,23859,23862,23857,1,-1
2024-07-09 15:00:00.802,23858,23861,23862,1,1
2024-07-09 15:00:00.802,23858,23861,23861,1,1
2024-07-09 15:00:00.803,23858,23861,23859,1,-1
2024-07-09 15:00:00.870,23858,23861,23859,1,-1
2024-07-09 15:00:00.876,23858,23861,23858,2,-2
2024-07-09 15:00:00.878,23858,23861,23857,1,-1
2024-07-09 15:00:00.914,23855,23859,23855,1,-1
2024-07-09 15:00:00.915,23855,23859,23855,1,-1
2024-07-09 15:00:00.940,23855,23859,23855,1,-1
2024-07-09 15:00:00.965,23855,23859,23855,1,-1
2024-07-09 15:00:00.968,23855,23859,23854,2,-2
2024-07-09 15:00:00.972,23855,23859,23854,1,-1
2024-07-09 15:00:00.975,23855,23859,23854,1,-1
2024-07-09 15:00:01.011,23855,23859,23854,1,-1
2024-07-09 15:00:01.086,23854,23857,23855,1,-1
2024-07-09 15:00:01.086,23854,23857,23855,1,-1
2024-07-09 15:00:01.196,23854,23859,23854,2,-2
2024-07-09 15:00:01.196,23854,23859,23853,4,-4
2024-07-09 15:00:01.200,23854,23859,23852,3,-3
2024-07-09 15:00:01.200,23854,23859,23852,1,-1
2024-07-09 15:00:01.226,23854,23859,23852,5,-5
2024-07-09 15:00:01.252,23854,23859,23853,2,-2
2024-07-09 15:00:01.253,23854,23859,23853,1,-1
2024-07-09 15:00:01.353,23852,23856,23852,1,-1
2024-07-09 15:00:01.357,23852,23856,23854,3,-3
2024-07-09 15:00:01.365,23852,23856,23852,1,-1
2024-07-09 15:00:01.367,23852,23856,23852,1,-1
2024-07-09 15:00:01.372,23852,23856,23851,1,-1
2024-07-09 15:00:01.373,23852,23856,23851,1,-1
2024-07-09 15:00:01.373,23852,23856,23851,1,-1
2024-07-09 15:00:01.376,23852,23856,23851,1,-1
2024-07-09 15:00:01.396,23851,23856,23851,1,-1
2024-07-09 15:00:01.406,23851,23856,23851,1,-1
2024-07-09 15:00:01.406,23851,23856,23850,1,-1
2024-07-09 15:00:01.512,23851,23856,23854,1,1
2024-07-09 15:00:01.535,23852,23855,23852,1,-1
2024-07-09 15:00:01.586,23852,23855,23855,3,3
2024-07-09 15:00:01.926,23856,23860,23856,1,-1
2024-07-09 15:00:01.950,23856,23860,23855,1,-1
2024-07-09 15:00:02.361,23855,23857,23853,1,-1
2024-07-09 15:00:02.387,23855,23857,23857,1,1
2024-07-09 15:00:02.387,23855,23857,23856,3,-3
2024-07-09 15:00:03.116,23854,23857,23859,1,1
2024-07-09 15:00:03.981,23858,23860,23858,1,-1
2024-07-09 15:00:04.564,23858,23860,23858,1,-1
2024-07-09 15:00:05.091,23858,23859,23859,1,1
2024-07-09 15:00:05.100,23858,23859,23859,1,1
2024-07-09 15:00:05.553,23858,23859,23858,1,-1
2024-07-09 15:00:05.553,23858,23859,23857,1,-1
2024-07-09 15:00:05.952,23857,23858,23858,1,1
2024-07-09 15:00:06.377,23857,23858,23857,2,-2
2024-07-09 15:00:06.490,23855,23857,23856,1,-1
2024-07-09 15:00:06.546,23855,23857,23855,1,-1
2024-07-09 15:00:07.377,23853,23856,23856,1,1
2024-07-09 15:00:07.564,23853,23856,23856,1,1
2024-07-09 15:00:08.069,23852,23854,23854,1,1
2024-07-09 15:00:08.947,23852,23854,23853,1,1
2024-07-09 15:00:09.031,23852,23854,23852,1,-1
2024-07-09 15:00:09.828,23851,23853,23851,2,-2
2024-07-09 15:00:09.829,23851,23853,23852,1,-1
2024-07-09 15:00:09.855,23851,23853,23853,1,1
2024-07-09 15:00:10.137,23851,23853,23853,4,4
2024-07-09 15:00:10.206,23853,23855,23853,1,-1
2024-07-09 15:00:10.472,23852,23854,23853,1,-1
2024-07-09 15:00:11.499,23852,23853,23853,1,1
2024-07-09 15:00:11.637,23852,23854,23853,1,1
2024-07-09 15:00:12.620,23852,23855,23854,1,1
2024-07-09 15:00:13.004,23853,23856,23856,1,1
2024-07-09 15:00:13.324,23853,23856,23856,1,1
2024-07-09 15:00:14.113,23855,23857,23855,1,-1
2024-07-09 15:00:14.467,23853,23857,23854,1,-1
2024-07-09 15:00:14.736,23853,23856,23856,1,1
2024-07-09 15:00:15.054,23853,23856,23853,1,-1
2024-07-09 15:00:16.143,23854,23856,23856,1,1
2024-07-09 15:00:16.143,23854,23856,23857,1,1
2024-07-09 15:00:16.269,23854,23857,23854,1,-1
2024-07-09 15:00:16.454,23854,23857,23857,2,2
2024-07-09 15:00:18.087,23855,23857,23857,1,1
2024-07-09 15:00:18.089,23855,23857,23856,2,2
2024-07-09 15:00:18.775,23856,23858,23858,2,2
2024-07-09 15:00:19.542,23857,23859,23859,1,1
2024-07-09 15:00:20.406,23857,23858,23858,1,1
2024-07-09 15:00:20.801,23857,23858,23857,1,-1
2024-07-09 15:00:20.802,23857,23858,23857,1,-1
2024-07-09 15:00:20.911,23855,23857,23855,1,-1
2024-07-09 15:00:20.924,23855,23857,23854,1,-1
2024-07-09 15:00:22.477,23854,23856,23856,3,3
2024-07-09 15:00:23.140,23854,23856,23854,2,-2
2024-07-09 15:00:24.043,23853,23856,23854,1,-1
2024-07-09 15:00:25.206,23853,23856,23853,3,-3
2024-07-09 15:00:25.207,23853,23856,23853,1,-1
2024-07-09 15:00:26.081,23853,23854,23854,1,1
2024-07-09 15:00:26.623,23853,23856,23853,4,-4
2024-07-09 15:00:26.909,23853,23856,23853,1,-1
2024-07-09 15:00:30.675,23854,23855,23854,1,-1
2024-07-09 15:00:32.329,23854,23855,23855,1,1
2024-07-09 15:00:32.735,23854,23855,23855,2,2
2024-07-09 15:00:32.735,23854,23855,23856,3,3
2024-07-09 15:00:34.404,23854,23855,23854,1,-1
2024-07-09 15:00:34.988,23854,23855,23854,1,-1
2024-07-09 15:00:35.124,23854,23855,23854,1,-1
2024-07-09 15:00:35.321,23854,23855,23855,1,1
2024-07-09 15:00:36.992,23854,23856,23854,1,-1
2024-07-09 15:00:36.994,23854,23856,23854,1,-1
2024-07-09 15:00:37.442,23854,23855,23854,3,-3
2024-07-09 15:00:37.533,23853,23855,23854,1,-1
2024-07-09 15:00:38.242,23853,23855,23853,1,-1
2024-07-09 15:00:38.336,23853,23855,23853,1,-1
2024-07-09 15:00:38.772,23853,23854,23854,1,1
2024-07-09 15:00:39.372,23853,23855,23853,1,-1
2024-07-09 15:00:41.767,23853,23854,23853,1,-1
2024-07-09 15:00:43.611,23853,23854,23853,1,-1
2024-07-09 15:00:43.611,23853,23854,23853,3,-3
2024-07-09 15:00:43.968,23853,23854,23854,1,1
2024-07-09 15:00:44.449,23853,23854,23854,1,1
2024-07-09 15:00:44.545,23853,23855,23853,1,-1
2024-07-09 15:00:46.415,23853,23854,23854,1,1
2024-07-09 15:00:47.367,23853,23854,23853,10,-10
2024-07-09 15:00:47.367,23853,23854,23853,1,-1
2024-07-09 15:00:48.653,23852,23853,23852,1,-1
2024-07-09 15:00:48.654,23852,23853,23852,3,-3
2024-07-09 15:00:48.658,23852,23853,23851,3,-3
2024-07-09 15:00:49.868,23850,23853,23850,1,-1
2024-07-09 15:00:49.930,23850,23853,23850,4,-4
2024-07-09 15:00:49.931,23850,23853,23850,2,-2
2024-07-09 15:00:50.250,23850,23852,23850,3,-3
2024-07-09 15:00:53.176,23850,23851,23850,1,-1
2024-07-09 15:00:53.864,23850,23851,23851,1,1
2024-07-09 15:00:55.128,23850,23851,23851,1,1
2024-07-09 15:00:55.128,23850,23851,23852,5,5
2024-07-09 15:00:55.149,23850,23853,23853,1,1
2024-07-09 15:00:55.276,23850,23853,23853,1,1
2024-07-09 15:00:55.301,23850,23853,23853,10,10
2024-07-09 15:00:55.401,23852,23854,23854,2,2
2024-07-09 15:00:55.524,23852,23854,23854,2,2
2024-07-09 15:00:55.524,23852,23854,23855,2,2
2024-07-09 15:00:55.755,23853,23855,23853,1,-1
2024-07-09 15:00:55.887,23850,23852,23851,1,-1
2024-07-09 15:00:56.052,23850,23852,23850,1,-1
2024-07-09 15:00:56.219,23850,23852,23850,1,-1
2024-07-09 15:00:56.567,23850,23852,23850,1,-1
2024-07-09 15:00:56.681,23850,23852,23850,1,-1
2024-07-09 15:00:56.771,23850,23852,23850,1,-1
2024-07-09 15:00:58.067,23850,23851,23851,1,1
2024-07-09 15:00:58.073,23850,23851,23851,2,2
2024-07-09 15:00:58.076,23850,23851,23851,1,1
2024-07-09 15:00:58.120,23850,23851,23850,3,-3
2024-07-09 15:00:59.918,23851,23852,23851,1,-1
2024-07-09 15:00:59.919,23851,23852,23850,1,-1
2024-07-09 15:00:59.919,23851,23852,23851,1,-1
2024-07-09 15:00:59.931,23851,23852,23850,1,-1
2024-07-09 15:01:00.015,23851,23852,23850,3,-3
2024-07-09 15:01:00.016,23851,23852,23850,1,-1
2024-07-09 15:01:00.017,23851,23852,23849,1,-1
2024-07-09 15:01:00.017,23851,23852,23848,1,-1
2024-07-09 15:01:00.017,23851,23852,23849,1,-1
2024-07-09 15:01:00.018,23851,23852,23848,1,-1
2024-07-09 15:01:00.018,23851,23852,23848,1,-1
2024-07-09 15:01:00.018,23851,23852,23848,1,-1
2024-07-09 15:01:00.018,23851,23852,23848,1,-1
2024-07-09 15:01:00.018,23851,23852,23848,1,-1
2024-07-09 15:01:00.031,23851,23852,23847,2,-2
2024-07-09 15:01:00.031,23851,23852,23847,1,-1
2024-07-09 15:01:00.032,23851,23852,23847,1,-1
2024-07-09 15:01:00.032,23851,23852,23847,1,-1
2024-07-09 15:01:00.058,23851,23852,23847,2,-2
2024-07-09 15:01:00.059,23851,23852,23847,1,-1
2024-07-09 15:01:00.059,23851,23852,23846,3,-3
2024-07-09 15:01:00.222,23847,23849,23851,1,1
2024-07-09 15:01:00.321,23849,23851,23848,1,-1
2024-07-09 15:01:00.321,23849,23851,23849,3,-3
2024-07-09 15:01:00.343,23849,23851,23848,3,-3
2024-07-09 15:01:01.489,23849,23851,23849,1,-1
2024-07-09 15:01:01.805,23849,23851,23851,3,3
2024-07-09 15:01:02.810,23849,23850,23850,1,1
2024-07-09 15:01:02.927,23849,23850,23849,1,-1
2024-07-09 15:01:04.216,23849,23850,23850,5,5
2024-07-09 15:01:04.378,23849,23850,23850,5,5
2024-07-09 15:01:04.378,23849,23850,23850,6,6
2024-07-09 15:01:04.379,23849,23850,23850,3,3
2024-07-09 15:01:04.379,23849,23850,23850,1,1
2024-07-09 15:01:05.233,23850,23852,23850,2,-2
2024-07-09 15:01:06.160,23850,23852,23850,3,-3
2024-07-09 15:01:07.263,23850,23852,23850,1,-1
2024-07-09 15:01:08.530,23850,23852,23850,1,-1
2024-07-09 15:01:08.530,23850,23852,23850,1,-1
2024-07-09 15:01:11.547,23851,23852,23851,1,-1
2024-07-09 15:01:11.590,23851,23852,23852,3,3
2024-07-09 15:01:11.590,23851,23852,23853,2,2
2024-07-09 15:01:12.043,23851,23853,23851,1,-1
2024-07-09 15:01:12.046,23851,23853,23850,3,-3
2024-07-09 15:01:12.952,23849,23852,23852,2,2
2024-07-09 15:01:12.954,23849,23852,23850,1,-1
2024-07-09 15:01:14.854,23850,23852,23850,1,-1
2024-07-09 15:01:15.798,23849,23850,23850,1,1
2024-07-09 15:01:15.799,23849,23850,23850,1,1
2024-07-09 15:01:18.108,23850,23851,23851,1,1
2024-07-09 15:01:20.399,23851,23853,23851,1,-1
2024-07-09 15:01:21.151,23851,23853,23851,1,-1
2024-07-09 15:01:23.975,23851,23853,23853,1,1
2024-07-09 15:01:24.294,23851,23853,23853,1,1
2024-07-09 15:01:24.495,23851,23853,23853,1,1
2024-07-09 15:01:24.806,23851,23853,23851,2,-2
2024-07-09 15:01:27.444,23851,23853,23853,1,1
2024-07-09 15:01:27.459,23851,23853,23851,1,-1
2024-07-09 15:01:28.167,23851,23853,23851,1,-1
2024-07-09 15:01:28.517,23851,23853,23851,1,-1
2024-07-09 15:01:28.968,23852,23853,23852,1,-1
2024-07-09 15:01:29.246,23852,23853,23852,1,-1
2024-07-09 15:01:30.521,23850,23852,23853,2,2
2024-07-09 15:01:30.521,23850,23852,23852,3,3
2024-07-09 15:01:30.523,23850,23852,23855,1,1
2024-07-09 15:01:30.524,23850,23852,23855,1,1
2024-07-09 15:01:30.525,23850,23852,23855,1,1
2024-07-09 15:01:31.158,23854,23856,23854,1,-1
2024-07-09 15:01:32.998,23854,23856,23856,1,1
2024-07-09 15:01:32.999,23854,23856,23857,1,1
2024-07-09 15:01:32.999,23854,23856,23857,1,1
2024-07-09 15:01:32.999,23854,23856,23855,1,1
2024-07-09 15:01:34.596,23855,23858,23858,1,1
2024-07-09 15:01:35.476,23855,23858,23858,2,2
2024-07-09 15:01:36.758,23855,23857,23855,1,-1
2024-07-09 15:01:37.578,23855,23857,23857,1,1
2024-07-09 15:01:39.337,23855,23858,23858,10,10
2024-07-09 15:01:39.337,23855,23858,23859,14,14
2024-07-09 15:01:39.337,23855,23858,23860,15,15
2024-07-09 15:01:39.337,23855,23858,23861,6,6
2024-07-09 15:01:39.337,23855,23858,23862,2,2
2024-07-09 15:01:39.338,23855,23858,23862,4,4
2024-07-09 15:01:39.338,23855,23858,23862,1,1
2024-07-09 15:01:39.338,23855,23858,23862,3,3
2024-07-09 15:01:39.340,23855,23858,23860,1,1
2024-07-09 15:01:39.340,23855,23858,23860,3,3
2024-07-09 15:01:39.340,23855,23858,23859,1,1
2024-07-09 15:01:39.340,23855,23858,23859,1,1
2024-07-09 15:01:39.340,23855,23858,23860,1,1
2024-07-09 15:01:39.341,23855,23858,23859,1,1
2024-07-09 15:01:39.624,23858,23860,23858,1,-1
2024-07-09 15:01:39.626,23858,23860,23858,1,-1
2024-07-09 15:01:40.037,23858,23860,23858,1,-1
2024-07-09 15:01:40.118,23858,23860,23857,2,-2
2024-07-09 15:01:41.173,23856,23858,23856,1,-1
2024-07-09 15:01:41.174,23856,23858,23856,1,-1
2024-07-09 15:01:41.622,23855,23857,23855,1,-1
2024-07-09 15:01:42.174,23855,23857,23855,1,-1
2024-07-09 15:01:42.463,23855,23857,23857,1,1
2024-07-09 15:01:42.464,23855,23857,23855,2,-2
2024-07-09 15:01:43.376,23855,23858,23858,3,3
2024-07-09 15:01:43.381,23855,23858,23855,1,-1
2024-07-09 15:01:44.740,23855,23858,23855,1,-1
2024-07-09 15:01:44.830,23855,23858,23855,2,-2
2024-07-09 15:01:45.046,23855,23857,23855,1,-1
2024-07-09 15:01:45.046,23855,23857,23855,1,-1
2024-07-09 15:01:45.046,23855,23857,23855,3,-3
2024-07-09 15:01:45.046,23855,23857,23855,2,-2
2024-07-09 15:01:45.139,23855,23857,23855,1,-1
2024-07-09 15:01:45.561,23853,23855,23855,1,1
2024-07-09 15:01:46.917,23856,23858,23856,1,-1
2024-07-09 15:01:49.644,23854,23857,23854,1,-1
2024-07-09 15:01:50.857,23854,23857,23854,1,-1
2024-07-09 15:01:52.165,23855,23856,23855,1,-1
2024-07-09 15:01:54.626,23853,23856,23853,2,-2
2024-07-09 15:01:54.626,23853,23856,23853,2,-2
2024-07-09 15:01:54.626,23853,23856,23852,1,-1
2024-07-09 15:01:54.724,23850,23852,23850,1,-1
2024-07-09 15:01:58.511,23850,23852,23850,3,-3
2024-07-09 15:01:58.512,23850,23852,23849,4,-4
2024-07-09 15:01:58.512,23850,23852,23849,1,-1
2024-07-09 15:01:58.513,23850,23852,23849,1,-1
2024-07-09 15:01:58.513,23850,23852,23849,1,-1
2024-07-09 15:01:58.513,23850,23852,23849,1,-1
2024-07-09 15:01:58.513,23850,23852,23849,1,-1
2024-07-09 15:01:58.513,23850,23852,23849,1,-1
2024-07-09 15:01:58.515,23850,23852,23849,3,-3
2024-07-09 15:01:59.985,23849,23850,23849,1,-1
2024-07-09 15:02:00.451,23849,23850,23849,1,-1
2024-07-09 15:02:00.930,23848,23849,23848,1,-1
2024-07-09 15:02:01.470,23848,23849,23849,1,1
2024-07-09 15:02:02.309,23848,23849,23849,4,4
2024-07-09 15:02:02.309,23848,23849,23849,1,1
2024-07-09 15:02:05.841,23848,23850,23849,1,1
2024-07-09 15:02:05.842,23848,23850,23850,1,1
2024-07-09 15:02:09.215,23849,23850,23849,3,-3
2024-07-09 15:02:11.819,23849,23850,23850,1,1
2024-07-09 15:02:11.820,23849,23850,23849,1,-1
2024-07-09 15:02:11.863,23849,23850,23848,4,-4
2024-07-09 15:02:12.504,23847,23848,23847,4,-4
2024-07-09 15:02:12.753,23846,23848,23846,1,-1
2024-07-09 15:02:13.094,23846,23848,23848,1,1
2024-07-09 15:02:13.623,23846,23848,23846,1,-1
2024-07-09 15:02:13.953,23846,23848,23846,1,-1
2024-07-09 15:02:17.512,23847,23849,23847,1,-1
2024-07-09 15:02:18.728,23846,23848,23846,1,-1
2024-07-09 15:02:18.934,23845,23847,23847,1,1
2024-07-09 15:02:21.371,23845,23846,23846,1,1
2024-07-09 15:02:23.251,23846,23848,23846,1,-1
2024-07-09 15:02:23.256,23846,23848,23848,2,2
2024-07-09 15:02:23.267,23846,23848,23846,4,-4
2024-07-09 15:02:24.351,23846,23848,23846,1,-1
2024-07-09 15:02:24.441,23846,23848,23846,4,-4
2024-07-09 15:02:28.312,23846,23848,23846,1,-1
2024-07-09 15:02:30.974,23846,23848,23846,1,-1
2024-07-09 15:02:30.984,23846,23848,23846,1,-1
2024-07-09 15:02:32.435,23846,23847,23846,9,-9
2024-07-09 15:02:32.661,23845,23846,23845,6,-6
2024-07-09 15:02:35.731,23844,23845,23844,1,-1
2024-07-09 15:02:35.732,23844,23845,23844,1,-1
2024-07-09 15:02:36.030,23844,23845,23844,1,-1
2024-07-09 15:02:37.661,23843,23845,23843,1,-1
2024-07-09 15:02:41.120,23843,23845,23845,1,1
2024-07-09 15:02:41.121,23843,23845,23846,1,1
2024-07-09 15:02:41.121,23843,23845,23845,3,3
2024-07-09 15:02:41.121,23843,23845,23845,1,1
2024-07-09 15:02:41.121,23843,23845,23845,1,1
2024-07-09 15:02:41.121,23843,23845,23845,1,1
2024-07-09 15:02:41.121,23843,23845,23845,11,11
2024-07-09 15:02:41.121,23843,23845,23845,5,5
2024-07-09 15:02:41.563,23846,23847,23846,1,-1
2024-07-09 15:02:41.563,23846,23847,23845,7,-7
2024-07-09 15:02:41.564,23846,23847,23845,1,-1
2024-07-09 15:02:41.974,23844,23845,23844,1,-1
2024-07-09 15:02:42.609,23843,23845,23843,2,-2
2024-07-09 15:02:44.464,23843,23845,23843,1,-1
2024-07-09 15:02:44.464,23843,23845,23843,1,-1
2024-07-09 15:02:44.464,23843,23845,23843,1,-1
2024-07-09 15:02:45.764,23843,23844,23843,2,-2
2024-07-09 15:02:46.385,23843,23844,23843,2,-2
2024-07-09 15:02:47.131,23842,23844,23844,2,2
2024-07-09 15:02:49.974,23842,23845,23845,1,1
2024-07-09 15:02:51.923,23843,23844,23843,1,-1
2024-07-09 15:02:52.001,23843,23844,23840,19,-19
2024-07-09 15:02:52.001,23843,23844,23841,12,-12
2024-07-09 15:02:52.001,23843,23844,23842,10,-10
2024-07-09 15:02:52.001,23843,23844,23843,1,-1
2024-07-09 15:02:52.002,23843,23844,23839,3,-3
2024-07-09 15:02:52.003,23843,23844,23840,18,-18
2024-07-09 15:02:52.003,23843,23844,23838,1,-1
2024-07-09 15:02:52.004,23843,23844,23839,1,-1
2024-07-09 15:02:52.004,23843,23844,23839,1,-1
2024-07-09 15:02:52.010,23843,23844,23839,1,-1
2024-07-09 15:02:52.051,23838,23840,23838,1,-1
2024-07-09 15:02:52.056,23838,23840,23838,1,-1
2024-07-09 15:02:52.056,23838,23840,23838,1,-1
2024-07-09 15:02:52.082,23838,23840,23837,2,-2
2024-07-09 15:02:52.082,23838,23840,23836,5,-5
2024-07-09 15:02:53.302,23840,23842,23840,1,-1
2024-07-09 15:02:53.419,23838,23841,23838,5,-5
2024-07-09 15:02:55.595,23838,23841,23838,1,-1
2024-07-09 15:02:58.217,23838,23840,23840,1,1
2024-07-09 15:02:58.775,23838,23840,23838,7,-7
2024-07-09 15:02:58.776,23838,23840,23838,1,-1
2024-07-09 15:02:58.850,23838,23840,23838,1,-1
2024-07-09 15:02:58.990,23837,23838,23838,1,1
2024-07-09 15:02:59.158,23837,23840,23840,5,5
2024-07-09 15:02:59.158,23837,23840,23841,2,2
2024-07-09 15:02:59.611,23839,23841,23839,1,-1
2024-07-09 15:03:00.169,23839,23841,23839,1,-1
2024-07-09 15:03:00.196,23839,23841,23840,1,-1
2024-07-09 15:03:00.601,23838,23840,23840,2,2
2024-07-09 15:03:01.849,23838,23840,23838,1,-1
2024-07-09 15:03:03.131,23836,23838,23838,1,1
2024-07-09 15:03:03.181,23837,23838,23837,1,-1
2024-07-09 15:03:04.915,23837,23838,23838,1,1
2024-07-09 15:03:04.915,23837,23838,23838,1,1
2024-07-09 15:03:04.915,23837,23838,23838,1,1
2024-07-09 15:03:04.916,23837,23838,23838,2,2
2024-07-09 15:03:04.917,23837,23838,23838,1,1
2024-07-09 15:03:04.917,23837,23838,23839,1,1
2024-07-09 15:03:04.918,23837,23838,23838,2,2
2024-07-09 15:03:06.496,23839,23840,23840,2,2
2024-07-09 15:03:07.001,23840,23841,23841,1,1
2024-07-09 15:03:07.596,23841,23842,23842,1,1
2024-07-09 15:03:08.721,23841,23843,23843,1,1
2024-07-09 15:03:09.709,23841,23843,23842,1,1
2024-07-09 15:03:10.637,23840,23842,23842,1,1
2024-07-09 15:03:10.660,23840,23842,23840,1,-1
2024-07-09 15:03:12.321,23840,23842,23842,1,1
2024-07-09 15:03:12.399,23841,23843,23843,1,1
2024-07-09 15:03:14.481,23842,23844,23844,1,1
2024-07-09 15:03:15.220,23842,23843,23843,1,1
2024-07-09 15:03:16.326,23842,23843,23841,10,-10
2024-07-09 15:03:16.326,23842,23843,23842,6,-6
2024-07-09 15:03:17.282,23840,23842,23842,1,1
2024-07-09 15:03:17.999,23840,23842,23840,1,-1
2024-07-09 15:03:18.688,23840,23842,23842,1,1
2024-07-09 15:03:19.379,23840,23843,23843,1,1
2024-07-09 15:03:20.646,23840,23843,23843,1,1
2024-07-09 15:03:20.705,23840,23843,23843,1,1
2024-07-09 15:03:21.068,23841,23843,23841,3,-3
2024-07-09 15:03:21.452,23840,23843,23840,2,-2
2024-07-09 15:03:22.244,23840,23843,23840,3,-3
2024-07-09 15:03:22.928,23840,23842,23842,1,1
2024-07-09 15:03:23.639,23840,23842,23842,1,1
2024-07-09 15:03:24.367,23841,23843,23843,1,1
2024-07-09 15:03:25.017,23841,23843,23842,1,1
2024-07-09 15:03:25.754,23841,23843,23843,1,1
2024-07-09 15:03:28.183,23840,23842,23840,1,-1
2024-07-09 15:03:28.905,23840,23842,23840,1,-1
2024-07-09 15:03:30.639,23840,23842,23842,1,1
2024-07-09 15:03:31.188,23840,23842,23840,1,-1
2024-07-09 15:03:32.220,23840,23842,23842,1,1
2024-07-09 15:03:38.400,23841,23843,23841,1,-1
2024-07-09 15:03:38.815,23840,23843,23840,1,-1
2024-07-09 15:03:41.226,23840,23842,23840,1,-1
2024-07-09 15:03:41.481,23840,23842,23840,2,-2
2024-07-09 15:03:43.452,23840,23842,23842,1,1
2024-07-09 15:03:45.717,23840,23843,23840,1,-1
2024-07-09 15:03:45.717,23840,23843,23839,1,-1
2024-07-09 15:03:46.404,23839,23840,23840,2,2
2024-07-09 15:03:46.673,23840,23842,23842,1,1
2024-07-09 15:03:48.454,23840,23842,23842,1,1
2024-07-09 15:03:51.903,23840,23842,23840,1,-1
2024-07-09 15:03:56.613,23840,23842,23840,10,-10
2024-07-09 15:03:56.613,23840,23842,23839,5,-5
2024-07-09 15:03:56.614,23840,23842,23838,2,-2
2024-07-09 15:03:56.614,23840,23842,23838,4,-4
2024-07-09 15:03:56.615,23840,23842,23838,6,-6
2024-07-09 15:03:56.615,23840,23842,23837,2,-2
2024-07-09 15:03:56.616,23840,23842,23837,1,-1
2024-07-09 15:03:56.617,23840,23842,23836,2,-2
2024-07-09 15:03:56.618,23840,23842,23836,3,-3
2024-07-09 15:03:56.864,23835,23836,23836,3,3
2024-07-09 15:04:00.551,23836,23837,23837,1,1
2024-07-09 15:04:00.562,23836,23837,23836,1,-1
2024-07-09 15:04:02.053,23837,23839,23837,1,-1
2024-07-09 15:04:03.001,23837,23839,23838,1,-1
2024-07-09 15:04:03.079,23838,23839,23839,12,12
2024-07-09 15:04:03.079,23838,23839,23839,2,2
2024-07-09 15:04:03.079,23838,23839,23839,6,6
2024-07-09 15:04:03.079,23838,23839,23839,1,1
2024-07-09 15:04:03.079,23838,23839,23839,4,4
2024-07-09 15:04:03.079,23838,23839,23839,4,4
2024-07-09 15:04:03.080,23838,23839,23839,1,1
2024-07-09 15:04:03.080,23838,23839,23839,1,1
2024-07-09 15:04:03.080,23838,23839,23839,3,3
2024-07-09 15:04:03.080,23838,23839,23839,1,1
2024-07-09 15:04:03.080,23838,23839,23841,1,1
2024-07-09 15:04:03.081,23838,23839,23840,1,1
2024-07-09 15:04:03.081,23838,23839,23840,1,1
2024-07-09 15:04:03.081,23838,23839,23841,1,1
2024-07-09 15:04:03.082,23838,23839,23840,1,1
2024-07-09 15:04:05.514,23837,23840,23839,1,1
2024-07-09 15:04:08.575,23838,23839,23838,2,-2
2024-07-09 15:04:08.860,23837,23839,23837,7,-7
2024-07-09 15:04:08.860,23837,23839,23836,2,-2
2024-07-09 15:04:08.860,23837,23839,23836,1,-1
2024-07-09 15:04:08.936,23835,23837,23835,4,-4
2024-07-09 15:04:09.137,23834,23835,23834,2,-2
2024-07-09 15:04:09.137,23834,23835,23833,4,-4
2024-07-09 15:04:10.224,23833,23835,23835,1,1
2024-07-09 15:04:10.373,23834,23836,23834,1,-1
2024-07-09 15:04:11.545,23833,23836,23833,3,-3
2024-07-09 15:04:11.844,23833,23835,23833,2,-2
2024-07-09 15:04:13.081,23833,23835,23833,1,-1
2024-07-09 15:04:13.461,23834,23835,23835,1,1
2024-07-09 15:04:13.642,23834,23836,23834,1,-1
2024-07-09 15:04:13.736,23833,23836,23833,1,-1
2024-07-09 15:04:14.364,23833,23836,23833,2,-2
2024-07-09 15:04:15.871,23833,23834,23833,3,-3
2024-07-09 15:04:18.170,23833,23834,23833,4,-4
2024-07-09 15:04:19.122,23833,23834,23833,2,-2
2024-07-09 15:04:19.122,23833,23834,23832,2,-2
2024-07-09 15:04:19.242,23832,23834,23832,1,-1
2024-07-09 15:04:19.478,23832,23833,23832,2,-2
2024-07-09 15:04:19.479,23832,23833,23832,1,-1
2024-07-09 15:04:19.479,23832,23833,23832,6,-6
2024-07-09 15:04:19.535,23831,23833,23831,1,-1
2024-07-09 15:04:20.552,23831,23833,23831,1,-1
2024-07-09 15:04:21.615,23831,23833,23831,1,-1
2024-07-09 15:04:21.615,23831,23833,23830,2,-2
2024-07-09 15:04:22.444,23830,23832,23830,2,-2
2024-07-09 15:04:24.103,23831,23833,23831,1,-1
2024-07-09 15:04:24.950,23831,23834,23831,4,-4
2024-07-09 15:04:28.890,23830,23831,23831,1,1
2024-07-09 15:04:31.293,23830,23831,23831,1,1
2024-07-09 15:04:31.369,23830,23831,23831,1,1
2024-07-09 15:04:32.932,23830,23831,23830,1,-1
2024-07-09 15:04:33.259,23830,23831,23831,2,2
2024-07-09 15:04:33.259,23830,23831,23832,2,2
2024-07-09 15:04:33.369,23830,23833,23833,6,6
2024-07-09 15:04:33.369,23830,23833,23834,2,2
2024-07-09 15:04:33.420,23832,23834,23832,1,-1
2024-07-09 15:04:33.732,23832,23834,23832,2,-2
2024-07-09 15:04:34.229,23832,23834,23834,1,1
2024-07-09 15:04:36.966,23832,23834,23834,2,2
2024-07-09 15:04:38.100,23833,23834,23833,1,-1
2024-07-09 15:04:40.273,23832,23835,23832,1,-1
2024-07-09 15:04:42.493,23832,23834,23832,4,-4
2024-07-09 15:04:42.494,23832,23834,23832,2,-2
2024-07-09 15:04:42.515,23832,23834,23832,1,-1
2024-07-09 15:04:42.574,23831,23832,23832,2,2
2024-07-09 15:04:45.939,23831,23833,23831,1,-1
2024-07-09 15:04:47.502,23831,23833,23831,4,-4
2024-07-09 15:04:47.707,23831,23833,23831,1,-1
2024-07-09 15:04:47.893,23831,23833,23833,1,1
2024-07-09 15:04:47.914,23831,23833,23833,2,2
2024-07-09 15:04:48.380,23831,23834,23831,1,-1
2024-07-09 15:04:49.410,23831,23832,23831,1,-1
2024-07-09 15:04:49.657,23831,23832,23832,3,3
2024-07-09 15:04:49.922,23831,23833,23831,2,-2
2024-07-09 15:04:49.922,23831,23833,23830,13,-13
2024-07-09 15:04:49.922,23831,23833,23829,1,-1
2024-07-09 15:04:50.077,23829,23831,23829,2,-2
2024-07-09 15:04:50.156,23828,23830,23828,1,-1
2024-07-09 15:04:50.312,23828,23830,23828,2,-2
2024-07-09 15:04:50.341,23828,23830,23828,1,-1
2024-07-09 15:04:50.348,23828,23830,23828,1,-1
2024-07-09 15:04:50.376,23828,23830,23828,1,-1
2024-07-09 15:04:50.409,23827,23829,23827,1,-1
2024-07-09 15:04:50.425,23827,23829,23826,1,-1
2024-07-09 15:04:50.566,23826,23828,23828,1,1
2024-07-09 15:04:51.981,23827,23830,23830,2,2
2024-07-09 15:04:55.303,23829,23831,23828,4,-4
2024-07-09 15:04:55.303,23829,23831,23829,3,-3
2024-07-09 15:04:56.545,23827,23830,23827,1,-1
2024-07-09 15:04:56.967,23826,23829,23829,2,2
2024-07-09 15:04:57.197,23827,23830,23827,1,-1
2024-07-09 15:04:57.448,23827,23830,23830,1,1
2024-07-09 15:04:57.798,23828,23831,23828,4,-4
2024-07-09 15:04:57.798,23828,23831,23827,6,-6
2024-07-09 15:04:59.419,23827,23829,23827,3,-3
2024-07-09 15:04:59.419,23827,23829,23826,2,-2
2024-07-09 15:05:02.834,23826,23828,23829,1,1
2024-07-09 15:05:02.834,23826,23828,23828,1,1
2024-07-09 15:05:03.069,23827,23830,23830,3,3
2024-07-09 15:05:03.069,23827,23830,23831,11,11
2024-07-09 15:05:03.069,23827,23830,23831,1,1
2024-07-09 15:05:03.074,23827,23830,23832,6,6
2024-07-09 15:05:03.365,23830,23832,23832,3,3
2024-07-09 15:05:03.365,23830,23832,23833,1,1
2024-07-09 15:05:03.423,23831,23833,23831,1,-1
2024-07-09 15:05:03.919,23831,23833,23831,1,-1
2024-07-09 15:05:05.425,23832,23833,23832,3,-3
2024-07-09 15:05:05.909,23831,23833,23833,1,1
2024-07-09 15:05:06.115,23831,23834,23834,4,4
2024-07-09 15:05:07.036,23832,23834,23832,1,-1
2024-07-09 15:05:07.146,23832,23834,23832,2,-2
2024-07-09 15:05:07.146,23832,23834,23832,1,-1
2024-07-09 15:05:08.029,23833,23834,23833,1,-1
2024-07-09 15:05:08.997,23829,23832,23832,1,1
2024-07-09 15:05:10.932,23829,23832,23832,3,3
2024-07-09 15:05:10.932,23829,23832,23833,1,1
2024-07-09 15:05:12.124,23831,23833,23833,1,1
2024-07-09 15:05:13.229,23833,23834,23834,1,1
2024-07-09 15:05:14.648,23834,23835,23834,1,-1
2024-07-09 15:05:14.648,23834,23835,23833,5,-5
2024-07-09 15:05:14.649,23834,23835,23833,3,-3
2024-07-09 15:05:14.649,23834,23835,23833,1,-1
2024-07-09 15:05:14.798,23834,23835,23835,1,1
2024-07-09 15:05:15.241,23834,23835,23835,1,1
2024-07-09 15:05:15.473,23834,23835,23834,1,-1
2024-07-09 15:05:17.686,23834,23835,23834,2,-2
2024-07-09 15:05:18.013,23834,23835,23834,2,-2
2024-07-09 15:05:20.335,23834,23835,23835,4,4
2024-07-09 15:05:21.669,23834,23835,23834,1,-1
2024-07-09 15:05:22.318,23834,23835,23835,9,9
2024-07-09 15:05:22.320,23834,23835,23836,1,1
2024-07-09 15:05:22.320,23834,23835,23836,2,2
2024-07-09 15:05:22.320,23834,23835,23836,1,1
2024-07-09 15:05:22.320,23834,23835,23836,2,2
2024-07-09 15:05:23.614,23835,23837,23837,1,1
2024-07-09 15:05:25.007,23836,23838,23838,3,3
2024-07-09 15:05:25.007,23836,23838,23838,1,1
2024-07-09 15:05:25.632,23837,23839,23837,1,-1
2024-07-09 15:05:27.300,23837,23839,23839,1,1
2024-07-09 15:05:29.733,23837,23838,23838,1,1
2024-07-09 15:05:32.104,23836,23838,23838,1,1
2024-07-09 15:05:33.492,23838,23839,23839,1,1
2024-07-09 15:05:34.558,23838,23839,23838,3,-3
2024-07-09 15:05:35.604,23838,23839,23838,1,-1
2024-07-09 15:05:35.663,23838,23839,23839,1,1
2024-07-09 15:05:36.760,23838,23839,23839,1,1
2024-07-09 15:05:37.259,23839,23840,23839,1,-1
2024-07-09 15:05:38.666,23838,23840,23840,1,1
2024-07-09 15:05:42.653,23837,23839,23839,1,1
2024-07-09 15:05:43.224,23837,23839,23837,3,-3
2024-07-09 15:05:43.224,23837,23839,23837,2,-2
2024-07-09 15:05:46.616,23835,23837,23835,1,-1
2024-07-09 15:05:48.723,23835,23837,23837,5,5
2024-07-09 15:05:50.342,23837,23839,23839,1,1
2024-07-09 15:05:50.534,23838,23840,23840,1,1
2024-07-09 15:05:51.199,23839,23840,23840,2,2
2024-07-09 15:05:51.199,23839,23840,23840,1,1
2024-07-09 15:05:54.000,23841,23842,23841,1,-1
2024-07-09 15:05:54.000,23841,23842,23840,3,-3
2024-07-09 15:05:56.957,23840,23841,23840,2,-2
2024-07-09 15:05:56.957,23840,23841,23840,1,-1
2024-07-09 15:05:58.569,23839,23841,23839,1,-1
2024-07-09 15:06:04.549,23839,23841,23841,1,1
2024-07-09 15:06:04.707,23839,23842,23839,3,-3
2024-07-09 15:06:11.572,23839,23840,23840,1,1
2024-07-09 15:06:11.572,23839,23840,23840,1,1
2024-07-09 15:06:11.890,23840,23841,23841,1,1
2024-07-09 15:06:12.217,23840,23842,23840,1,-1
2024-07-09 15:06:18.412,23841,23842,23842,4,4
2024-07-09 15:06:19.155,23842,23843,23842,1,-1
2024-07-09 15:06:21.223,23842,23843,23843,1,1
2024-07-09 15:06:21.897,23842,23843,23842,2,-2
2024-07-09 15:06:22.227,23842,23843,23843,1,1
2024-07-09 15:06:24.452,23842,23843,23843,2,2
2024-07-09 15:06:31.478,23843,23844,23843,2,-2
2024-07-09 15:06:32.276,23843,23844,23843,1,-1
2024-07-09 15:06:32.276,23843,23844,23843,1,-1
2024-07-09 15:06:32.276,23843,23844,23843,1,-1
2024-07-09 15:06:33.185,23842,23843,23842,2,-2
2024-07-09 15:06:34.934,23842,23843,23842,1,-1
2024-07-09 15:06:36.733,23841,23843,23841,3,-3
2024-07-09 15:06:36.855,23840,23842,23841,1,-1
2024-07-09 15:06:37.200,23840,23841,23840,3,-3
2024-07-09 15:06:37.200,23840,23841,23840,4,-4
2024-07-09 15:06:38.109,23839,23840,23839,1,-1
2024-07-09 15:06:41.006,23837,23839,23837,1,-1
2024-07-09 15:06:44.051,23837,23839,23837,1,-1
2024-07-09 15:06:44.565,23836,23838,23836,1,-1
2024-07-09 15:06:55.114,23836,23839,23839,3,3
2024-07-09 15:06:58.949,23836,23837,23837,1,1
2024-07-09 15:07:00.142,23836,23837,23837,1,1
2024-07-09 15:07:00.142,23836,23837,23837,1,1
2024-07-09 15:07:01.812,23837,23839,23839,1,1
2024-07-09 15:07:08.165,23839,23841,23841,1,1
2024-07-09 15:07:12.903,23839,23841,23839,1,-1
2024-07-09 15:07:16.935,23840,23841,23840,1,-1
2024-07-09 15:07:17.823,23840,23841,23841,2,2
2024-07-09 15:07:17.823,23840,23841,23841,1,1
2024-07-09 15:07:21.517,23841,23843,23841,2,-2
2024-07-09 15:07:21.633,23841,23843,23841,2,-2
2024-07-09 15:07:26.480,23840,23841,23840,4,-4
2024-07-09 15:07:26.553,23838,23840,23840,5,5
2024-07-09 15:07:29.212,23838,23840,23838,2,-2
2024-07-09 15:07:35.919,23838,23840,23840,1,1
2024-07-09 15:07:41.624,23838,23839,23839,1,1
2024-07-09 15:07:41.860,23838,23839,23839,1,1
2024-07-09 15:07:42.861,23838,23839,23839,1,1
2024-07-09 15:07:44.488,23837,23839,23838,1,1
2024-07-09 15:07:53.582,23838,23839,23838,3,-3
2024-07-09 15:07:57.746,23838,23839,23839,1,1
2024-07-09 15:07:59.395,23837,23839,23837,2,-2
2024-07-09 15:07:59.396,23837,23839,23836,9,-9
2024-07-09 15:07:59.396,23837,23839,23836,1,-1
2024-07-09 15:07:59.419,23837,23839,23835,1,-1
2024-07-09 15:08:00.108,23834,23836,23836,1,1
2024-07-09 15:08:01.576,23834,23837,23834,1,-1
2024-07-09 15:08:03.589,23835,23837,23835,1,-1
2024-07-09 15:08:03.808,23835,23837,23835,1,-1
2024-07-09 15:08:05.301,23834,23836,23834,1,-1
2024-07-09 15:08:06.662,23835,23836,23835,1,-1
2024-07-09 15:08:09.022,23834,23835,23834,1,-1
2024-07-09 15:08:09.037,23834,23835,23834,1,-1
2024-07-09 15:08:09.918,23833,23834,23834,2,2
2024-07-09 15:08:10.653,23834,23835,23834,1,-1
2024-07-09 15:08:11.019,23834,23835,23834,1,-1
2024-07-09 15:08:13.344,23833,23834,23833,1,-1
2024-07-09 15:08:13.919,23833,23835,23835,1,1
2024-07-09 15:08:14.558,23833,23835,23835,1,1
2024-07-09 15:08:18.220,23833,23834,23833,3,-3
2024-07-09 15:08:18.591,23832,23834,23833,1,-1
2024-07-09 15:08:19.161,23832,23833,23832,2,-2
2024-07-09 15:08:19.162,23832,23833,23832,1,-1
2024-07-09 15:08:20.269,23831,23833,23831,1,-1
2024-07-09 15:08:22.789,23831,23832,23832,1,1
2024-07-09 15:08:22.852,23831,23832,23831,1,-1
2024-07-09 15:08:23.442,23831,23832,23831,1,-1
2024-07-09 15:08:24.145,23830,23831,23830,1,-1
2024-07-09 15:08:24.146,23830,23831,23830,1,-1
2024-07-09 15:08:24.146,23830,23831,23830,1,-1
2024-07-09 15:08:24.289,23828,23830,23828,1,-1
2024-07-09 15:08:25.847,23828,23829,23828,3,-3
2024-07-09 15:08:25.847,23828,23829,23827,3,-3
2024-07-09 15:08:26.084,23827,23829,23829,3,3
2024-07-09 15:08:26.650,23827,23829,23827,1,-1
2024-07-09 15:08:27.979,23827,23829,23827,2,-2
2024-07-09 15:08:28.460,23828,23829,23829,1,1
2024-07-09 15:08:28.981,23828,23829,23829,1,1
2024-07-09 15:08:28.981,23828,23829,23829,1,1
2024-07-09 15:08:29.599,23829,23831,23829,4,-4
2024-07-09 15:08:29.599,23829,23831,23828,1,-1
2024-07-09 15:08:29.690,23828,23831,23828,1,-1
2024-07-09 15:08:32.389,23829,23830,23829,1,-1
2024-07-09 15:08:32.696,23829,23830,23829,1,-1
2024-07-09 15:08:32.696,23829,23830,23829,1,-1
2024-07-09 15:08:34.142,23828,23829,23829,1,1
2024-07-09 15:08:35.575,23828,23830,23828,2,-2
2024-07-09 15:08:36.352,23828,23830,23828,1,-1
2024-07-09 15:08:37.512,23828,23830,23828,1,-1
2024-07-09 15:08:40.074,23828,23830,23828,1,-1
2024-07-09 15:08:40.753,23828,23830,23828,1,-1
2024-07-09 15:08:41.322,23828,23830,23828,1,-1
2024-07-09 15:08:44.057,23827,23828,23828,1,1
2024-07-09 15:08:44.057,23827,23828,23828,1,1
2024-07-09 15:08:44.658,23828,23830,23830,1,1
2024-07-09 15:08:48.107,23829,23831,23831,1,1
2024-07-09 15:08:48.522,23829,23831,23829,1,-1
2024-07-09 15:08:51.590,23829,23831,23829,1,-1
2024-07-09 15:08:54.042,23828,23829,23829,1,1
2024-07-09 15:08:56.124,23829,23831,23830,1,1
2024-07-09 15:08:56.125,23829,23831,23830,1,1
2024-07-09 15:08:57.649,23829,23831,23829,1,-1
2024-07-09 15:08:59.286,23828,23831,23831,5,5
2024-07-09 15:09:00.026,23830,23832,23832,2,2
2024-07-09 15:09:00.026,23830,23832,23832,2,2
2024-07-09 15:09:00.161,23831,23833,23831,1,-1
2024-07-09 15:09:00.173,23831,23833,23831,3,-3
2024-07-09 15:09:00.173,23831,23833,23830,2,-2
2024-07-09 15:09:02.679,23830,23831,23828,6,-6
2024-07-09 15:09:02.679,23830,23831,23830,1,-1
2024-07-09 15:09:02.679,23830,23831,23829,3,-3
2024-07-09 15:09:03.732,23827,23829,23827,1,-1
2024-07-09 15:09:03.786,23827,23829,23829,2,2
2024-07-09 15:09:04.565,23827,23830,23830,1,1
2024-07-09 15:09:04.785,23827,23830,23830,2,2
2024-07-09 15:09:08.984,23827,23830,23830,1,1
2024-07-09 15:09:12.567,23828,23829,23828,7,-7
2024-07-09 15:09:12.567,23828,23829,23827,1,-1
2024-07-09 15:09:13.526,23827,23828,23828,1,1
2024-07-09 15:09:14.764,23827,23828,23827,4,-4
2024-07-09 15:09:14.764,23827,23828,23827,1,-1
2024-07-09 15:09:15.123,23826,23827,23827,1,1
2024-07-09 15:09:15.526,23826,23828,23828,1,1
2024-07-09 15:09:19.155,23826,23827,23826,2,-2
2024-07-09 15:09:19.155,23826,23827,23826,4,-4
2024-07-09 15:09:19.155,23826,23827,23826,7,-7
2024-07-09 15:09:19.156,23826,23827,23826,3,-3
2024-07-09 15:09:19.156,23826,23827,23826,1,-1
2024-07-09 15:09:19.157,23826,23827,23825,3,-3
2024-07-09 15:09:19.158,23826,23827,23825,3,-3
2024-07-09 15:09:19.213,23826,23827,23824,1,-1
2024-07-09 15:09:19.281,23824,23825,23824,2,-2
2024-07-09 15:09:19.288,23824,23825,23823,1,-1
2024-07-09 15:09:19.368,23824,23825,23823,12,-12
2024-07-09 15:09:19.368,23824,23825,23822,12,-12
2024-07-09 15:09:19.370,23824,23825,23822,1,-1
2024-07-09 15:09:19.371,23824,23825,23822,1,-1
2024-07-09 15:09:19.371,23824,23825,23822,1,-1
2024-07-09 15:09:19.476,23821,23823,23821,2,-2
2024-07-09 15:09:19.476,23821,23823,23822,1,-1
2024-07-09 15:09:19.495,23821,23823,23821,1,-1
2024-07-09 15:09:19.522,23820,23822,23820,2,-2
2024-07-09 15:09:19.581,23820,23822,23822,1,1
2024-07-09 15:09:19.672,23821,23823,23823,2,2
2024-07-09 15:09:20.245,23822,23824,23824,1,1
2024-07-09 15:09:20.334,23822,23824,23824,1,1
2024-07-09 15:09:20.347,23822,23824,23825,2,2
2024-07-09 15:09:20.350,23822,23824,23826,5,5
2024-07-09 15:09:20.362,23822,23824,23827,1,1
2024-07-09 15:09:20.362,23822,23824,23826,1,1
2024-07-09 15:09:20.378,23822,23824,23827,4,4
2024-07-09 15:09:20.378,23822,23824,23828,6,6
2024-07-09 15:09:21.036,23826,23828,23828,1,1
2024-07-09 15:09:21.496,23827,23829,23829,3,3
2024-07-09 15:09:21.937,23827,23829,23829,1,1
2024-07-09 15:09:25.104,23828,23829,23829,1,1
2024-07-09 15:09:27.976,23828,23829,23829,1,1
2024-07-09 15:09:28.611,23828,23829,23828,1,-1
2024-07-09 15:09:29.476,23828,23829,23829,2,2
2024-07-09 15:09:31.265,23829,23830,23830,1,1
2024-07-09 15:09:31.355,23829,23831,23831,3,3
2024-07-09 15:09:31.435,23830,23832,23830,1,-1
2024-07-09 15:09:33.941,23830,23831,23831,1,1
2024-07-09 15:09:35.268,23831,23832,23832,1,1
2024-07-09 15:09:35.466,23831,23832,23831,2,-2
2024-07-09 15:09:36.297,23830,23831,23831,1,1
2024-07-09 15:09:37.162,23830,23831,23830,6,-6
2024-07-09 15:09:38.141,23826,23829,23829,1,1
2024-07-09 15:09:38.813,23826,23829,23829,1,1
2024-07-09 15:09:38.813,23826,23829,23829,1,1
2024-07-09 15:09:39.984,23826,23829,23826,1,-1
2024-07-09 15:09:42.110,23826,23829,23826,3,-3
2024-07-09 15:09:44.366,23827,23830,23830,1,1
2024-07-09 15:09:52.557,23828,23830,23830,1,1
2024-07-09 15:09:57.275,23829,23831,23829,1,-1
2024-07-09 15:10:00.060,23829,23831,23831,1,1
2024-07-09 15:10:00.060,23829,23831,23831,2,2
2024-07-09 15:10:00.061,23829,23831,23831,2,2
2024-07-09 15:10:00.061,23829,23831,23831,1,1
2024-07-09 15:10:00.061,23829,23831,23831,1,1
2024-07-09 15:10:00.187,23831,23832,23832,2,2
2024-07-09 15:10:00.666,23829,23831,23831,1,1
2024-07-09 15:10:10.424,23827,23828,23827,2,-2
2024-07-09 15:10:10.955,23826,23828,23828,1,1
2024-07-09 15:10:11.937,23826,23828,23828,1,1
2024-07-09 15:10:13.073,23826,23828,23828,1,1
2024-07-09 15:10:14.421,23826,23827,23826,4,-4
2024-07-09 15:10:14.421,23826,23827,23826,3,-3
2024-07-09 15:10:14.551,23825,23826,23826,1,1
2024-07-09 15:10:21.786,23826,23828,23828,2,2
2024-07-09 15:10:25.187,23826,23827,23826,1,-1
2024-07-09 15:10:25.349,23825,23827,23825,1,-1
2024-07-09 15:10:26.331,23826,23827,23826,1,-1
2024-07-09 15:10:26.331,23826,23827,23825,2,-2
2024-07-09 15:10:26.744,23824,23827,23824,2,-2
2024-07-09 15:10:32.582,23824,23827,23827,3,3
2024-07-09 15:10:32.582,23824,23827,23828,2,2
2024-07-09 15:10:32.582,23824,23827,23828,6,6
2024-07-09 15:10:33.445,23827,23829,23829,2,2
2024-07-09 15:10:33.561,23827,23830,23830,1,1
2024-07-09 15:10:34.035,23828,23830,23830,2,2
2024-07-09 15:10:34.035,23828,23830,23830,1,1
2024-07-09 15:10:34.064,23828,23830,23829,1,1
2024-07-09 15:10:34.556,23829,23831,23829,2,-2
2024-07-09 15:10:35.776,23828,23831,23828,5,-5
2024-07-09 15:10:35.778,23828,23831,23827,2,-2
2024-07-09 15:10:36.910,23825,23828,23828,1,1
2024-07-09 15:10:38.852,23826,23828,23826,1,-1
2024-07-09 15:10:40.120,23827,23828,23827,1,-1
2024-07-09 15:10:40.583,23826,23828,23826,2,-2
2024-07-09 15:10:41.007,23825,23828,23825,1,-1
2024-07-09 15:10:42.649,23825,23827,23826,1,-1
2024-07-09 15:10:43.265,23825,23826,23825,1,-1
2024-07-09 15:10:43.265,23825,23826,23825,1,-1
2024-07-09 15:10:46.072,23825,23826,23826,3,3
2024-07-09 15:10:46.072,23825,23826,23827,10,10
2024-07-09 15:10:49.287,23827,23828,23828,2,2
2024-07-09 15:10:51.531,23828,23830,23830,1,1
2024-07-09 15:10:55.093,23829,23831,23829,5,-5
2024-07-09 15:10:58.472,23829,23830,23829,1,-1
2024-07-09 15:11:00.297,23828,23830,23830,1,1
2024-07-09 15:11:02.705,23830,23831,23831,2,2
2024-07-09 15:11:02.857,23830,23833,23832,1,1
2024-07-09 15:11:04.137,23829,23832,23830,1,-1
2024-07-09 15:11:04.874,23830,23833,23830,1,-1
2024-07-09 15:11:10.890,23829,23832,23832,1,1
2024-07-09 15:11:10.893,23830,23833,23833,1,1
2024-07-09 15:11:11.239,23830,23833,23833,1,1
2024-07-09 15:11:11.242,23830,23833,23833,1,1
2024-07-09 15:11:11.644,23830,23833,23833,1,1
2024-07-09 15:11:11.647,23830,23833,23833,1,1
2024-07-09 15:11:13.484,23830,23833,23832,1,1
2024-07-09 15:11:13.503,23830,23833,23830,1,-1
2024-07-09 15:11:14.579,23829,23831,23829,1,-1
2024-07-09 15:11:14.810,23828,23830,23830,1,1
2024-07-09 15:11:17.111,23828,23830,23830,6,6
2024-07-09 15:11:17.111,23828,23830,23831,1,1
2024-07-09 15:11:25.233,23830,23832,23829,1,-1
2024-07-09 15:11:25.233,23830,23832,23830,3,-3
2024-07-09 15:11:28.134,23830,23832,23830,1,-1
2024-07-09 15:11:31.204,23828,23831,23828,3,-3
2024-07-09 15:11:31.204,23828,23831,23827,5,-5
2024-07-09 15:11:31.204,23828,23831,23826,6,-6
2024-07-09 15:11:31.204,23828,23831,23825,3,-3
2024-07-09 15:11:31.209,23828,23831,23825,2,-2
2024-07-09 15:11:37.758,23825,23827,23827,2,2
2024-07-09 15:11:39.694,23825,23826,23825,1,-1
2024-07-09 15:11:39.694,23825,23826,23825,1,-1
2024-07-09 15:11:39.717,23825,23826,23826,1,1
2024-07-09 15:11:44.362,23825,23827,23825,1,-1
2024-07-09 15:11:47.065,23826,23827,23826,2,-2
2024-07-09 15:11:47.088,23826,23827,23827,1,1
2024-07-09 15:11:50.377,23825,23827,23827,1,1
2024-07-09 15:11:52.376,23827,23830,23827,1,-1
2024-07-09 15:11:54.401,23828,23829,23829,1,1
2024-07-09 15:11:59.745,23829,23830,23830,1,1
2024-07-09 15:11:59.936,23829,23832,23829,1,-1
2024-07-09 15:12:00.321,23828,23831,23830,1,1
2024-07-09 15:12:17.897,23827,23829,23829,2,2
2024-07-09 15:12:20.810,23827,23829,23829,1,1
2024-07-09 15:12:22.623,23829,23830,23830,3,3
2024-07-09 15:12:26.143,23832,23833,23832,1,-1
2024-07-09 15:12:27.137,23831,23833,23833,1,1
2024-07-09 15:12:29.397,23832,23834,23833,1,1
2024-07-09 15:12:29.398,23832,23834,23832,1,-1
2024-07-09 15:12:35.515,23830,23833,23832,1,1
2024-07-09 15:12:39.970,23831,23832,23832,1,1
2024-07-09 15:12:40.491,23831,23834,23831,2,-2
2024-07-09 15:12:40.491,23831,23834,23833,3,3
2024-07-09 15:12:43.158,23830,23833,23832,1,1
2024-07-09 15:12:43.604,23830,23831,23831,1,1
2024-07-09 15:12:43.705,23830,23831,23830,1,-1
2024-07-09 15:12:43.705,23830,23831,23829,1,-1
2024-07-09 15:12:43.705,23830,23831,23828,1,-1
2024-07-09 15:12:49.782,23828,23831,23831,2,2
2024-07-09 15:12:50.337,23828,23831,23831,4,4
2024-07-09 15:12:50.862,23830,23833,23833,2,2
2024-07-09 15:12:53.448,23831,23833,23832,1,1
2024-07-09 15:12:58.233,23830,23832,23831,1,1
2024-07-09 15:13:04.164,23830,23832,23832,1,1
2024-07-09 15:13:11.670,23830,23833,23831,2,-2
2024-07-09 15:13:14.080,23831,23833,23833,1,1
2024-07-09 15:13:14.080,23831,23833,23833,1,1
2024-07-09 15:13:14.080,23831,23833,23833,3,3
2024-07-09 15:13:14.087,23831,23833,23832,1,1
2024-07-09 15:13:14.541,23832,23834,23832,1,-1
2024-07-09 15:13:30.829,23832,23834,23831,14,-14
2024-07-09 15:13:30.829,23832,23834,23830,3,-3
2024-07-09 15:13:30.829,23832,23834,23832,3,-3
2024-07-09 15:13:31.570,23830,23832,23830,2,-2
2024-07-09 15:13:31.571,23830,23832,23830,4,-4
2024-07-09 15:13:31.571,23830,23832,23830,1,-1
2024-07-09 15:13:31.583,23830,23832,23829,1,-1
2024-07-09 15:13:31.592,23830,23832,23830,3,-3
2024-07-09 15:13:31.820,23829,23830,23830,1,1
2024-07-09 15:13:33.933,23829,23831,23831,1,1
2024-07-09 15:13:35.503,23829,23831,23831,1,1
2024-07-09 15:13:38.471,23829,23832,23830,3,-3
2024-07-09 15:13:40.182,23829,23831,23831,1,1
2024-07-09 15:13:42.306,23829,23830,23829,1,-1
2024-07-09 15:13:48.862,23828,23829,23829,5,5
2024-07-09 15:13:49.748,23829,23832,23829,1,-1
2024-07-09 15:14:01.084,23829,23831,23831,1,1
2024-07-09 15:14:02.957,23830,23833,23830,4,-4
2024-07-09 15:14:02.957,23830,23833,23829,3,-3
2024-07-09 15:14:04.249,23829,23831,23829,1,-1
2024-07-09 15:14:08.500,23831,23834,23831,2,-2
2024-07-09 15:14:14.674,23832,23834,23833,1,1
2024-07-09 15:14:14.674,23832,23834,23833,2,2
2024-07-09 15:14:14.674,23832,23834,23834,4,4
2024-07-09 15:14:18.542,23833,23835,23833,1,-1
2024-07-09 15:14:18.959,23833,23835,23834,1,-1
2024-07-09 15:14:21.199,23833,23835,23835,1,1
2024-07-09 15:14:24.894,23833,23835,23833,1,-1
2024-07-09 15:14:26.641,23832,23835,23834,1,1
2024-07-09 15:14:28.530,23832,23835,23835,8,8
2024-07-09 15:14:29.842,23833,23835,23835,1,1
2024-07-09 15:14:33.206,23833,23835,23835,1,1
2024-07-09 15:14:36.232,23833,23835,23835,2,2
2024-07-09 15:14:46.365,23833,23834,23834,2,2
2024-07-09 15:14:51.859,23833,23834,23834,1,1
2024-07-09 15:14:54.933,23833,23835,23833,1,-1
2024-07-09 15:14:56.644,23833,23834,23834,2,2
2024-07-09 15:14:57.998,23833,23834,23834,1,1
2024-07-09 15:14:58.610,23833,23835,23835,6,6
2024-07-09 15:15:03.369,23834,23835,23835,2,2
2024-07-09 15:15:03.403,23834,23836,23836,1,1
2024-07-09 15:15:03.433,23834,23836,23835,1,1
2024-07-09 15:15:03.517,23834,23836,23833,4,-4
2024-07-09 15:15:03.517,23834,23836,23835,2,2
2024-07-09 15:15:03.517,23834,23836,23834,8,-8
2024-07-09 15:15:03.533,23833,23836,23832,5,-5
2024-07-09 15:15:03.533,23833,23836,23831,1,-1
2024-07-09 15:15:03.662,23831,23834,23834,1,1
2024-07-09 15:15:03.684,23831,23834,23831,1,-1
2024-07-09 15:15:03.782,23831,23834,23831,1,-1
2024-07-09 15:15:06.378,23832,23835,23835,2,2
2024-07-09 15:15:10.590,23833,23834,23833,2,-2
2024-07-09 15:15:10.591,23833,23834,23833,1,-1
2024-07-09 15:15:21.316,23832,23833,23834,1,1
2024-07-09 15:15:21.316,23832,23833,23833,1,1
2024-07-09 15:15:27.338,23833,23835,23833,1,-1
2024-07-09 15:15:27.398,23833,23835,23835,1,1
2024-07-09 15:15:33.417,23833,23835,23835,14,14
2024-07-09 15:15:33.418,23833,23835,23835,4,4
2024-07-09 15:15:33.418,23833,23835,23835,4,4
2024-07-09 15:15:33.419,23833,23835,23836,1,1
2024-07-09 15:15:33.522,23835,23837,23837,1,1
2024-07-09 15:15:40.202,23835,23837,23837,1,1
2024-07-09 15:15:40.823,23836,23837,23837,1,1
2024-07-09 15:15:45.002,23836,23837,23837,1,1
2024-07-09 15:15:50.110,23836,23837,23837,1,1
2024-07-09 15:15:51.389,23836,23837,23837,1,1
2024-07-09 15:15:51.944,23836,23837,23837,1,1
2024-07-09 15:15:53.924,23836,23837,23837,2,2
2024-07-09 15:15:56.621,23836,23837,23837,1,1
2024-07-09 15:15:57.208,23836,23837,23836,3,-3
2024-07-09 15:15:59.637,23835,23836,23836,2,2
2024-07-09 15:16:01.370,23835,23836,23836,1,1
2024-07-09 15:16:01.404,23835,23836,23836,1,1
2024-07-09 15:16:01.405,23835,23836,23836,1,1
2024-07-09 15:16:01.721,23835,23837,23837,1,1
2024-07-09 15:16:02.110,23835,23837,23835,3,-3
2024-07-09 15:16:02.110,23835,23837,23834,2,-2
2024-07-09 15:16:02.146,23833,23836,23836,1,1
2024-07-09 15:16:02.146,23833,23836,23836,1,1
2024-07-09 15:16:02.147,23833,23836,23836,1,1
2024-07-09 15:16:02.147,23833,23836,23836,1,1
2024-07-09 15:16:02.147,23833,23836,23836,1,1
2024-07-09 15:16:02.147,23833,23836,23836,1,1
2024-07-09 15:16:02.148,23833,23836,23837,1,1
2024-07-09 15:16:02.148,23833,23836,23837,6,6
2024-07-09 15:16:02.148,23833,23836,23837,1,1
2024-07-09 15:16:02.148,23833,23836,23838,1,1
2024-07-09 15:16:02.153,23833,23836,23838,3,3
2024-07-09 15:16:02.168,23833,23836,23835,1,1
2024-07-09 15:16:03.092,23836,23838,23838,4,4
2024-07-09 15:16:03.326,23836,23838,23836,1,-1
2024-07-09 15:16:07.133,23836,23838,23838,1,1
2024-07-09 15:16:07.817,23837,23838,23838,1,1
2024-07-09 15:16:07.818,23837,23838,23838,2,2
2024-07-09 15:16:07.818,23837,23838,23838,1,1
2024-07-09 15:16:07.818,23837,23838,23838,1,1
2024-07-09 15:16:08.702,23838,23839,23839,2,2
2024-07-09 15:16:08.702,23838,23839,23839,1,1
2024-07-09 15:16:08.703,23838,23839,23839,1,1
2024-07-09 15:16:08.772,23839,23840,23840,1,1
2024-07-09 15:16:08.772,23839,23840,23840,1,1
2024-07-09 15:16:08.773,23839,23840,23840,1,1
2024-07-09 15:16:08.773,23839,23840,23840,1,1
2024-07-09 15:16:08.773,23839,23840,23840,1,1
2024-07-09 15:16:08.773,23839,23840,23840,1,1
2024-07-09 15:16:08.774,23839,23840,23840,1,1
2024-07-09 15:16:08.774,23839,23840,23840,1,1
2024-07-09 15:16:09.327,23839,23840,23840,1,1
2024-07-09 15:16:09.328,23839,23840,23840,1,1
2024-07-09 15:16:11.421,23840,23841,23841,1,1
2024-07-09 15:16:11.444,23840,23841,23841,2,2
2024-07-09 15:16:11.446,23840,23841,23840,1,-1
2024-07-09 15:16:11.871,23840,23842,23842,2,2
2024-07-09 15:16:12.534,23840,23842,23842,1,1
2024-07-09 15:16:12.621,23840,23842,23842,1,1
2024-07-09 15:16:15.031,23841,23843,23843,1,1
2024-07-09 15:16:16.669,23841,23843,23843,2,2
2024-07-09 15:16:16.670,23841,23843,23844,1,1
2024-07-09 15:16:16.671,23841,23843,23844,2,2
2024-07-09 15:16:18.297,23844,23845,23845,2,2
2024-07-09 15:16:18.493,23844,23845,23845,2,2
2024-07-09 15:16:19.713,23844,23845,23845,1,1
2024-07-09 15:16:19.778,23844,23845,23845,1,1
2024-07-09 15:16:19.780,23844,23845,23845,1,1
2024-07-09 15:16:19.780,23844,23845,23845,1,1
2024-07-09 15:16:19.971,23845,23846,23845,1,-1
2024-07-09 15:16:20.077,23845,23846,23846,1,1
2024-07-09 15:16:20.121,23845,23846,23845,2,-2
2024-07-09 15:16:20.130,23845,23846,23846,1,1
2024-07-09 15:16:20.203,23845,23846,23845,1,-1
2024-07-09 15:16:20.203,23845,23846,23845,6,-6
2024-07-09 15:16:20.480,23843,23845,23843,1,-1
2024-07-09 15:16:21.322,23842,23845,23845,1,1
2024-07-09 15:16:22.155,23843,23845,23845,1,1
2024-07-09 15:16:22.174,23843,23845,23845,1,1
2024-07-09 15:16:23.698,23843,23845,23845,2,2
2024-07-09 15:16:24.283,23843,23845,23845,1,1
2024-07-09 15:16:27.285,23843,23844,23844,2,2
2024-07-09 15:16:27.285,23843,23844,23845,1,1
2024-07-09 15:16:29.734,23843,23844,23844,2,2
2024-07-09 15:16:29.771,23843,23845,23845,1,1
2024-07-09 15:16:29.771,23843,23845,23845,1,1
2024-07-09 15:16:29.771,23843,23845,23845,1,1
2024-07-09 15:16:29.771,23843,23845,23845,1,1
2024-07-09 15:16:29.779,23843,23845,23845,1,1
2024-07-09 15:16:31.181,23843,23845,23843,1,-1
2024-07-09 15:16:31.527,23841,23844,23844,2,2
2024-07-09 15:16:31.546,23841,23844,23841,1,-1
2024-07-09 15:16:36.716,23842,23843,23843,2,2
2024-07-09 15:16:38.132,23842,23843,23843,2,2
2024-07-09 15:16:38.147,23842,23844,23844,1,1
2024-07-09 15:16:38.150,23842,23844,23845,1,1
2024-07-09 15:16:38.806,23843,23845,23843,1,-1
2024-07-09 15:16:39.368,23842,23844,23844,1,1
2024-07-09 15:16:41.313,23843,23845,23844,1,1
2024-07-09 15:16:44.002,23843,23845,23843,1,-1
2024-07-09 15:16:45.044,23842,23843,23843,1,1
2024-07-09 15:16:45.932,23842,23843,23843,1,1
2024-07-09 15:16:52.142,23843,23845,23845,1,1
2024-07-09 15:16:54.608,23843,23845,23845,1,1
2024-07-09 15:17:01.287,23844,23845,23845,1,1
2024-07-09 15:17:06.068,23844,23846,23846,1,1
2024-07-09 15:17:07.609,23844,23846,23844,2,-2
2024-07-09 15:17:08.213,23843,23845,23844,1,-1
2024-07-09 15:17:09.907,23843,23844,23844,1,1
2024-07-09 15:17:09.981,23843,23844,23843,1,-1
2024-07-09 15:17:09.982,23843,23844,23843,2,-2
2024-07-09 15:17:18.759,23843,23845,23845,1,1
2024-07-09 15:17:21.590,23843,23845,23845,1,1
2024-07-09 15:17:29.023,23844,23845,23845,1,1
2024-07-09 15:17:30.742,23844,23845,23845,1,1
2024-07-09 15:17:33.188,23845,23846,23845,2,-2
2024-07-09 15:17:33.877,23844,23845,23844,1,-1
2024-07-09 15:17:33.878,23844,23845,23844,1,-1
2024-07-09 15:17:35.633,23842,23844,23844,1,1
2024-07-09 15:17:36.315,23842,23844,23842,1,-1
2024-07-09 15:17:36.315,23842,23844,23842,5,-5
2024-07-09 15:17:36.436,23841,23843,23841,1,-1
2024-07-09 15:17:56.771,23842,23843,23843,1,1
2024-07-09 15:17:58.123,23843,23845,23843,1,-1
2024-07-09 15:18:08.114,23842,23843,23843,1,1
2024-07-09 15:18:08.330,23842,23844,23844,1,1
2024-07-09 15:18:09.609,23842,23844,23843,1,1
2024-07-09 15:18:13.507,23842,23844,23842,1,-1
2024-07-09 15:18:13.507,23842,23844,23842,1,-1
2024-07-09 15:18:13.507,23842,23844,23842,1,-1
2024-07-09 15:18:13.507,23842,23844,23841,3,-3
2024-07-09 15:18:13.507,23842,23844,23841,1,-1
2024-07-09 15:18:16.596,23840,23841,23840,1,-1
2024-07-09 15:18:17.250,23839,23840,23839,1,-1
2024-07-09 15:18:17.250,23839,23840,23839,1,-1
2024-07-09 15:18:19.702,23838,23840,23838,1,-1
2024-07-09 15:18:21.213,23838,23840,23838,2,-2
2024-07-09 15:18:25.355,23837,23839,23838,1,-1
2024-07-09 15:18:27.843,23837,23838,23837,3,-3
2024-07-09 15:18:28.120,23836,23837,23836,1,-1
2024-07-09 15:18:28.120,23836,23837,23835,2,-2
2024-07-09 15:18:28.141,23836,23837,23836,1,-1
2024-07-09 15:18:36.823,23836,23838,23836,1,-1
2024-07-09 15:18:41.573,23837,23838,23838,1,1
2024-07-09 15:18:41.649,23837,23838,23837,2,-2
2024-07-09 15:18:47.804,23837,23838,23836,3,-3
2024-07-09 15:18:47.804,23837,23838,23837,2,-2
2024-07-09 15:18:48.742,23837,23838,23837,1,-1
2024-07-09 15:18:48.778,23835,23837,23837,1,1
2024-07-09 15:18:59.083,23836,23837,23837,1,1
2024-07-09 15:19:00.772,23836,23837,23837,1,1
2024-07-09 15:19:07.493,23836,23838,23836,3,-3
2024-07-09 15:19:14.223,23836,23837,23836,1,-1
2024-07-09 15:19:15.353,23836,23837,23836,1,-1
2024-07-09 15:19:22.220,23836,23837,23836,3,-3
2024-07-09 15:19:22.220,23836,23837,23836,1,-1
2024-07-09 15:19:31.447,23835,23836,23836,1,1
2024-07-09 15:19:33.780,23835,23836,23835,1,-1
2024-07-09 15:19:39.392,23835,23836,23835,2,-2
2024-07-09 15:19:46.635,23835,23837,23835,2,-2
2024-07-09 15:19:54.628,23835,23836,23836,1,1
2024-07-09 15:19:57.038,23835,23836,23836,1,1
2024-07-09 15:20:01.255,23835,23836,23836,1,1
2024-07-09 15:20:17.160,23835,23836,23836,1,1
2024-07-09 15:20:17.782,23835,23836,23836,1,1
2024-07-09 15:20:21.683,23835,23836,23835,5,-5
2024-07-09 15:20:23.764,23834,23836,23836,1,1
2024-07-09 15:20:26.459,23835,23836,23835,1,-1
2024-07-09 15:20:27.611,23834,23835,23834,1,-1
2024-07-09 15:20:27.611,23834,23835,23834,2,-2
2024-07-09 15:20:33.481,23834,23835,23835,1,1
2024-07-09 15:20:34.169,23834,23836,23834,1,-1
2024-07-09 15:20:34.580,23833,23836,23836,5,5
2024-07-09 15:20:34.914,23834,23836,23836,1,1
2024-07-09 15:20:36.552,23835,23837,23835,1,-1
2024-07-09 15:20:54.397,23834,23835,23835,1,1
2024-07-09 15:21:01.344,23835,23837,23837,1,1
2024-07-09 15:21:04.441,23836,23837,23837,1,1
2024-07-09 15:21:04.441,23836,23837,23837,1,1
2024-07-09 15:21:04.441,23836,23837,23837,4,4
2024-07-09 15:21:06.781,23836,23838,23838,1,1
2024-07-09 15:21:16.594,23838,23839,23839,1,1
2024-07-09 15:21:16.647,23838,23840,23838,1,-1
2024-07-09 15:21:17.503,23838,23840,23840,1,1
2024-07-09 15:21:22.713,23838,23840,23841,1,1
2024-07-09 15:21:22.775,23838,23841,23838,1,-1
2024-07-09 15:21:25.287,23839,23842,23842,1,1
2024-07-09 15:21:25.853,23839,23842,23842,1,1
2024-07-09 15:21:30.057,23840,23842,23842,1,1
2024-07-09 15:21:34.572,23840,23842,23842,3,3
2024-07-09 15:21:34.573,23840,23842,23842,1,1
2024-07-09 15:21:34.720,23842,23843,23843,1,1
2024-07-09 15:21:35.352,23842,23845,23842,4,-4
2024-07-09 15:21:42.172,23844,23845,23844,1,-1
2024-07-09 15:21:48.182,23844,23845,23843,2,-2
2024-07-09 15:21:48.182,23844,23845,23844,1,-1
2024-07-09 15:21:57.202,23843,23844,23844,2,2
2024-07-09 15:21:57.203,23843,23844,23844,2,2
2024-07-09 15:21:57.309,23844,23845,23845,1,1
2024-07-09 15:21:57.518,23844,23845,23844,1,-1
2024-07-09 15:21:59.037,23844,23845,23844,1,-1
2024-07-09 15:22:02.034,23844,23845,23845,2,2
2024-07-09 15:22:02.034,23844,23845,23845,1,1
2024-07-09 15:22:02.034,23844,23845,23845,1,1
2024-07-09 15:22:02.034,23844,23845,23845,1,1
2024-07-09 15:22:02.034,23844,23845,23845,1,1
2024-07-09 15:22:02.035,23844,23845,23846,15,15
2024-07-09 15:22:02.036,23844,23845,23847,2,2
2024-07-09 15:22:02.037,23844,23845,23847,1,1
2024-07-09 15:22:04.450,23845,23846,23846,3,3
2024-07-09 15:22:09.035,23847,23848,23848,1,1
2024-07-09 15:22:09.036,23847,23848,23848,2,2
2024-07-09 15:22:10.399,23848,23849,23849,1,1
2024-07-09 15:22:10.550,23848,23850,23850,1,1
2024-07-09 15:22:10.553,23848,23850,23850,1,1
2024-07-09 15:22:10.553,23848,23850,23850,5,5
2024-07-09 15:22:10.553,23848,23850,23850,2,2
2024-07-09 15:22:10.655,23850,23851,23851,1,1
2024-07-09 15:22:10.696,23850,23851,23852,1,1
2024-07-09 15:22:12.337,23850,23852,23852,5,5
2024-07-09 15:22:12.339,23850,23852,23852,1,1
2024-07-09 15:22:12.995,23852,23854,23852,3,-3
2024-07-09 15:22:13.743,23852,23853,23852,2,-2
2024-07-09 15:22:13.901,23851,23852,23852,1,1
2024-07-09 15:22:14.161,23851,23853,23851,1,-1
2024-07-09 15:22:14.331,23851,23853,23851,1,-1
2024-07-09 15:22:18.232,23853,23854,23853,1,-1
2024-07-09 15:22:22.156,23853,23855,23853,1,-1
2024-07-09 15:22:22.330,23853,23855,23853,2,-2
2024-07-09 15:22:22.544,23853,23855,23855,3,3
2024-07-09 15:22:22.545,23853,23855,23855,8,8
2024-07-09 15:22:22.546,23853,23855,23855,1,1
2024-07-09 15:22:22.546,23853,23855,23855,2,2
2024-07-09 15:22:22.546,23853,23855,23855,1,1
2024-07-09 15:22:22.546,23853,23855,23855,2,2
2024-07-09 15:22:22.546,23853,23855,23855,1,1
2024-07-09 15:22:23.600,23855,23856,23855,1,-1
2024-07-09 15:22:24.079,23854,23855,23854,1,-1
2024-07-09 15:22:24.887,23854,23855,23854,1,-1
2024-07-09 15:22:25.930,23854,23855,23855,1,1
2024-07-09 15:22:26.082,23854,23855,23855,1,1
2024-07-09 15:22:26.082,23854,23855,23856,1,1
2024-07-09 15:22:26.184,23854,23856,23856,1,1
2024-07-09 15:22:26.229,23854,23856,23857,1,1
2024-07-09 15:22:26.628,23855,23857,23855,1,-1
2024-07-09 15:22:29.112,23856,23857,23857,1,1
2024-07-09 15:22:30.578,23856,23857,23857,1,1
2024-07-09 15:22:32.258,23856,23857,23856,1,-1
2024-07-09 15:22:32.791,23855,23856,23855,1,-1
2024-07-09 15:22:35.195,23854,23856,23855,1,-1
2024-07-09 15:22:44.405,23854,23855,23855,1,1
2024-07-09 15:22:44.405,23854,23855,23855,1,1
2024-07-09 15:22:44.406,23854,23855,23855,1,1
2024-07-09 15:22:46.885,23854,23855,23854,1,-1
2024-07-09 15:22:46.975,23854,23855,23855,1,1
2024-07-09 15:22:52.202,23854,23855,23854,1,-1
2024-07-09 15:22:52.296,23853,23855,23855,1,1
2024-07-09 15:22:54.414,23853,23855,23855,2,2
2024-07-09 15:22:56.152,23854,23855,23854,1,-1
2024-07-09 15:22:57.244,23853,23855,23855,1,1
2024-07-09 15:23:00.442,23853,23854,23854,1,1
2024-07-09 15:23:01.183,23853,23855,23853,1,-1
2024-07-09 15:23:05.396,23854,23855,23855,1,1
2024-07-09 15:23:05.410,23854,23855,23854,1,-1
2024-07-09 15:23:05.844,23854,23855,23855,1,1
2024-07-09 15:23:07.139,23854,23855,23854,1,-1
2024-07-09 15:23:07.888,23854,23855,23854,1,-1
2024-07-09 15:23:17.261,23853,23854,23854,2,2
2024-07-09 15:23:18.744,23853,23854,23853,1,-1
2024-07-09 15:23:23.092,23853,23854,23853,1,-1
2024-07-09 15:23:40.521,23852,23853,23852,2,-2
2024-07-09 15:23:41.372,23852,23853,23853,1,1
2024-07-09 15:23:41.459,23852,23853,23853,4,4
2024-07-09 15:23:41.459,23852,23853,23853,1,1
2024-07-09 15:23:41.459,23852,23853,23853,1,1
2024-07-09 15:23:43.349,23853,23854,23853,1,-1
2024-07-09 15:23:48.959,23853,23854,23854,1,1
2024-07-09 15:23:51.516,23853,23854,23854,3,3
2024-07-09 15:23:54.149,23854,23855,23854,1,-1
2024-07-09 15:23:56.114,23854,23855,23854,2,-2
2024-07-09 15:23:56.591,23853,23855,23855,1,1
2024-07-09 15:24:08.094,23854,23855,23855,1,1
2024-07-09 15:24:10.529,23854,23855,23854,1,-1
2024-07-09 15:24:11.192,23854,23855,23855,1,1
2024-07-09 15:24:12.512,23854,23855,23854,1,-1
2024-07-09 15:24:17.716,23854,23855,23854,1,-1
2024-07-09 15:24:25.540,23854,23855,23855,2,2
2024-07-09 15:24:27.901,23854,23855,23855,1,1
2024-07-09 15:24:27.901,23854,23855,23855,1,1
2024-07-09 15:24:30.367,23855,23856,23856,1,1
2024-07-09 15:24:30.367,23855,23856,23856,1,1
2024-07-09 15:24:31.809,23856,23857,23857,1,1
2024-07-09 15:24:32.694,23857,23858,23857,2,-2
2024-07-09 15:24:32.920,23857,23858,23857,3,-3
2024-07-09 15:24:32.920,23857,23858,23856,10,-10
2024-07-09 15:24:32.921,23857,23858,23856,2,-2
2024-07-09 15:24:40.309,23856,23858,23855,1,-1
2024-07-09 15:24:40.309,23856,23858,23856,1,-1
2024-07-09 15:24:41.062,23857,23858,23857,1,-1
2024-07-09 15:24:42.194,23855,23856,23856,1,1
2024-07-09 15:24:42.509,23855,23857,23857,1,1
2024-07-09 15:24:44.486,23855,23857,23857,1,1
2024-07-09 15:24:44.830,23855,23857,23857,1,1
2024-07-09 15:24:46.277,23855,23856,23856,2,2
2024-07-09 15:24:46.311,23855,23856,23855,5,-5
2024-07-09 15:24:46.552,23854,23855,23854,1,-1
2024-07-09 15:24:46.553,23854,23855,23854,1,-1
2024-07-09 15:24:46.950,23853,23855,23853,1,-1
2024-07-09 15:24:46.950,23853,23855,23852,1,-1
2024-07-09 15:24:47.204,23852,23854,23854,1,1
2024-07-09 15:24:47.824,23852,23854,23854,1,1
2024-07-09 15:24:47.824,23852,23854,23855,1,1
2024-07-09 15:24:49.209,23852,23854,23852,5,-5
2024-07-09 15:24:50.837,23851,23852,23851,1,-1
2024-07-09 15:24:50.837,23851,23852,23851,1,-1
2024-07-09 15:25:00.082,23850,23852,23850,3,-3
2024-07-09 15:25:00.168,23848,23850,23848,1,-1
2024-07-09 15:25:00.320,23847,23849,23849,1,1
2024-07-09 15:25:01.173,23847,23849,23847,2,-2
2024-07-09 15:25:01.178,23847,23849,23846,2,-2
2024-07-09 15:25:01.179,23847,23849,23845,1,-1
2024-07-09 15:25:01.206,23847,23849,23845,1,-1
2024-07-09 15:25:01.294,23845,23847,23845,1,-1
2024-07-09 15:25:03.546,23846,23848,23846,1,-1
2024-07-09 15:25:08.865,23848,23849,23848,1,-1
2024-07-09 15:25:14.398,23847,23848,23847,1,-1
2024-07-09 15:25:14.398,23847,23848,23847,1,-1
2024-07-09 15:25:17.392,23846,23847,23846,1,-1
2024-07-09 15:25:17.392,23846,23847,23846,1,-1
2024-07-09 15:25:20.377,23846,23847,23848,3,3
2024-07-09 15:25:20.377,23846,23847,23847,1,1
2024-07-09 15:25:30.867,23848,23849,23848,1,-1
2024-07-09 15:25:34.193,23848,23849,23848,2,-2
2024-07-09 15:25:35.590,23847,23848,23848,2,2
2024-07-09 15:25:38.579,23848,23849,23848,1,-1
2024-07-09 15:25:42.382,23847,23848,23847,2,-2
2024-07-09 15:25:45.456,23847,23848,23848,2,2
2024-07-09 15:25:46.689,23848,23849,23848,1,-1
2024-07-09 15:25:53.707,23847,23849,23847,1,-1
2024-07-09 15:25:54.703,23847,23849,23847,1,-1
2024-07-09 15:26:00.178,23847,23848,23847,1,-1
2024-07-09 15:26:02.662,23846,23847,23847,1,1
2024-07-09 15:26:02.921,23846,23847,23846,1,-1
2024-07-09 15:26:06.077,23846,23847,23847,1,1
2024-07-09 15:26:06.184,23846,23847,23847,1,1
2024-07-09 15:26:06.314,23847,23848,23848,1,1
2024-07-09 15:26:06.314,23847,23848,23848,2,2
2024-07-09 15:26:08.904,23848,23849,23849,1,1
2024-07-09 15:26:08.904,23848,23849,23849,1,1
2024-07-09 15:26:09.731,23849,23850,23850,2,2
2024-07-09 15:26:09.797,23849,23851,23849,1,-1
2024-07-09 15:26:13.524,23850,23851,23851,1,1
2024-07-09 15:26:13.706,23850,23852,23852,1,1
2024-07-09 15:26:16.649,23851,23852,23851,1,-1
2024-07-09 15:26:17.888,23851,23852,23851,1,-1
2024-07-09 15:26:20.391,23851,23852,23851,1,-1
2024-07-09 15:26:22.720,23851,23852,23851,1,-1
2024-07-09 15:26:22.726,23851,23852,23851,1,-1
2024-07-09 15:26:25.116,23851,23852,23852,1,1
2024-07-09 15:26:25.233,23851,23852,23852,1,1
2024-07-09 15:26:25.233,23851,23852,23852,1,1
2024-07-09 15:26:26.201,23852,23853,23852,2,-2
2024-07-09 15:26:29.803,23852,23853,23852,2,-2
2024-07-09 15:26:30.162,23852,23853,23852,1,-1
2024-07-09 15:26:44.740,23851,23853,23852,1,-1
2024-07-09 15:26:44.901,23852,23853,23853,3,3
2024-07-09 15:27:03.977,23853,23854,23854,1,1
2024-07-09 15:27:04.036,23853,23854,23853,1,-1
2024-07-09 15:27:05.614,23853,23854,23854,1,1
2024-07-09 15:27:09.799,23853,23854,23854,1,1
2024-07-09 15:27:11.819,23853,23854,23854,1,1
2024-07-09 15:27:11.885,23853,23854,23855,1,1
2024-07-09 15:27:12.823,23853,23855,23855,1,1
2024-07-09 15:27:14.969,23854,23855,23855,1,1
2024-07-09 15:27:16.242,23854,23855,23854,2,-2
2024-07-09 15:27:18.535,23854,23855,23855,1,1
2024-07-09 15:27:18.535,23854,23855,23855,1,1
2024-07-09 15:27:18.535,23854,23855,23855,2,2
2024-07-09 15:27:18.536,23854,23855,23855,6,6
2024-07-09 15:27:18.585,23854,23855,23856,1,1
2024-07-09 15:27:18.586,23854,23855,23856,1,1
2024-07-09 15:27:18.586,23854,23855,23856,1,1
2024-07-09 15:27:22.075,23855,23856,23855,7,-7
2024-07-09 15:27:22.075,23855,23856,23854,9,-9
2024-07-09 15:27:22.075,23855,23856,23853,4,-4
2024-07-09 15:27:22.163,23853,23854,23854,1,1
2024-07-09 15:27:23.253,23853,23854,23854,1,1
2024-07-09 15:27:23.676,23853,23855,23855,1,1
2024-07-09 15:27:31.915,23853,23856,23856,1,1
2024-07-09 15:27:35.659,23854,23856,23854,1,-1
2024-07-09 15:27:54.406,23853,23854,23853,1,-1
2024-07-09 15:27:58.566,23853,23855,23853,1,-1
2024-07-09 15:28:03.679,23854,23855,23854,1,-1
2024-07-09 15:28:03.680,23854,23855,23854,1,-1
2024-07-09 15:28:10.510,23853,23855,23855,1,1
2024-07-09 15:28:16.009,23854,23855,23855,1,1
2024-07-09 15:28:16.010,23854,23855,23855,1,1
2024-07-09 15:28:28.041,23854,23856,23854,2,-2
2024-07-09 15:28:31.761,23855,23856,23856,1,1
2024-07-09 15:28:31.762,23855,23856,23856,1,1
2024-07-09 15:28:31.762,23855,23856,23856,1,1
2024-07-09 15:28:36.228,23855,23856,23856,1,1
2024-07-09 15:28:44.467,23855,23856,23856,2,2
2024-07-09 15:28:48.333,23855,23856,23856,1,1
2024-07-09 15:28:50.033,23855,23856,23856,2,2
2024-07-09 15:28:52.977,23855,23856,23856,1,1
2024-07-09 15:28:54.423,23856,23857,23857,4,4
2024-07-09 15:28:57.750,23857,23858,23858,2,2
2024-07-09 15:28:57.751,23857,23858,23858,4,4
2024-07-09 15:28:57.996,23858,23859,23858,1,-1
2024-07-09 15:28:58.993,23857,23859,23857,1,-1
2024-07-09 15:29:03.015,23858,23859,23858,1,-1
2024-07-09 15:29:03.517,23858,23859,23859,1,1
2024-07-09 15:29:03.706,23858,23859,23859,1,1
2024-07-09 15:29:03.891,23858,23859,23859,1,1
2024-07-09 15:29:04.087,23858,23859,23859,1,1
2024-07-09 15:29:04.294,23858,23859,23859,1,1
2024-07-09 15:29:04.295,23858,23859,23859,1,1
2024-07-09 15:29:04.574,23858,23860,23860,1,1
2024-07-09 15:29:04.812,23858,23860,23860,1,1
2024-07-09 15:29:04.983,23858,23860,23860,1,1
2024-07-09 15:29:05.254,23858,23860,23860,1,1
2024-07-09 15:29:05.454,23858,23860,23860,1,1
2024-07-09 15:29:05.638,23858,23860,23860,1,1
2024-07-09 15:29:05.832,23858,23860,23860,1,1
2024-07-09 15:29:06.015,23858,23860,23860,1,1
2024-07-09 15:29:06.112,23858,23860,23860,7,7
2024-07-09 15:29:06.113,23858,23860,23860,1,1
2024-07-09 15:29:06.113,23858,23860,23860,1,1
2024-07-09 15:29:06.113,23858,23860,23860,2,2
2024-07-09 15:29:06.113,23858,23860,23860,1,1
2024-07-09 15:29:06.113,23858,23860,23860,4,4
2024-07-09 15:29:06.218,23860,23861,23861,1,1
2024-07-09 15:29:06.400,23860,23861,23861,2,2
2024-07-09 15:29:06.400,23860,23861,23862,1,1
2024-07-09 15:29:06.402,23860,23861,23862,1,1
2024-07-09 15:29:06.680,23861,23862,23862,1,1
2024-07-09 15:29:06.841,23861,23862,23862,1,1
2024-07-09 15:29:06.841,23861,23862,23862,1,1
2024-07-09 15:29:06.906,23862,23863,23863,1,1
2024-07-09 15:29:06.912,23862,23863,23865,1,1
2024-07-09 15:29:06.912,23862,23863,23864,4,4
2024-07-09 15:29:07.047,23862,23865,23865,1,1
2024-07-09 15:29:07.054,23862,23865,23865,1,1
2024-07-09 15:29:07.093,23862,23865,23865,2,2
2024-07-09 15:29:07.093,23862,23865,23865,1,1
2024-07-09 15:29:07.110,23862,23865,23865,1,1
2024-07-09 15:29:07.284,23864,23865,23865,2,2
2024-07-09 15:29:07.322,23864,23865,23865,1,1
2024-07-09 15:29:07.549,23864,23865,23865,1,1
2024-07-09 15:29:07.555,23864,23865,23864,1,-1
2024-07-09 15:29:07.763,23864,23865,23864,1,-1
2024-07-09 15:29:08.334,23864,23865,23864,1,-1
2024-07-09 15:29:09.224,23863,23865,23863,1,-1
2024-07-09 15:29:11.369,23863,23864,23863,1,-1
2024-07-09 15:29:11.841,23863,23864,23863,1,-1
2024-07-09 15:29:11.842,23863,23864,23863,1,-1
2024-07-09 15:29:11.842,23863,23864,23863,2,-2
2024-07-09 15:29:12.116,23862,23863,23863,1,1
2024-07-09 15:29:15.473,23862,23863,23862,1,-1
2024-07-09 15:29:15.694,23860,23863,23860,1,-1
2024-07-09 15:29:16.048,23860,23862,23862,2,2
2024-07-09 15:29:16.048,23860,23862,23863,8,8
2024-07-09 15:29:17.542,23863,23864,23863,2,-2
2024-07-09 15:29:19.512,23861,23863,23861,1,-1
2024-07-09 15:29:20.750,23861,23863,23863,1,1
2024-07-09 15:29:20.835,23861,23863,23863,2,2
2024-07-09 15:29:22.937,23860,23862,23862,1,1
2024-07-09 15:29:22.937,23860,23862,23863,1,1
2024-07-09 15:29:23.870,23860,23861,23861,1,1
2024-07-09 15:29:34.166,23861,23862,23862,1,1
2024-07-09 15:29:35.672,23861,23862,23862,1,1
2024-07-09 15:29:37.771,23861,23862,23861,1,-1
2024-07-09 15:29:39.437,23861,23862,23862,1,1
2024-07-09 15:29:39.438,23861,23862,23862,1,1
2024-07-09 15:29:39.438,23861,23862,23862,1,1
2024-07-09 15:29:39.438,23861,23862,23862,1,1
2024-07-09 15:29:39.455,23861,23862,23862,1,1
2024-07-09 15:29:39.552,23861,23863,23861,5,-5
2024-07-09 15:29:40.281,23862,23863,23862,1,-1
2024-07-09 15:29:46.072,23861,23862,23862,1,1
2024-07-09 15:29:49.358,23862,23863,23862,1,-1
2024-07-09 15:29:51.325,23862,23863,23862,1,-1
2024-07-09 15:29:51.376,23862,23863,23863,1,1
2024-07-09 15:29:53.803,23862,23863,23863,1,1
2024-07-09 15:29:54.251,23862,23863,23863,1,1
2024-07-09 15:29:54.251,23862,23863,23863,1,1
2024-07-09 15:29:54.251,23862,23863,23863,2,2
2024-07-09 15:29:54.252,23862,23863,23863,1,1
2024-07-09 15:29:54.638,23863,23864,23863,1,-1
2024-07-09 15:29:55.116,23863,23864,23864,2,2
2024-07-09 15:29:56.966,23863,23864,23863,1,-1
2024-07-09 15:29:57.587,23863,23864,23864,1,1
2024-07-09 15:29:59.230,23863,23864,23864,1,1
2024-07-09 15:29:59.244,23863,23864,23864,2,2
2024-07-09 15:29:59.652,23863,23864,23864,1,1
2024-07-09 15:30:01.408,23863,23864,23864,1,1
2024-07-09 15:30:01.834,23863,23864,23864,1,1
2024-07-09 15:30:01.839,23863,23864,23864,1,1
2024-07-09 15:30:01.840,23863,23864,23865,1,1
2024-07-09 15:30:01.957,23864,23865,23863,1,-1
2024-07-09 15:30:01.957,23864,23865,23864,2,-2
2024-07-09 15:30:02.100,23863,23865,23865,1,1
2024-07-09 15:30:02.155,23864,23865,23865,7,7
2024-07-09 15:30:02.155,23864,23865,23865,3,3
2024-07-09 15:30:02.156,23864,23865,23865,1,1
2024-07-09 15:30:02.156,23864,23865,23865,1,1
2024-07-09 15:30:02.156,23864,23865,23865,1,1
2024-07-09 15:30:02.156,23864,23865,23865,4,4
2024-07-09 15:30:02.157,23864,23865,23866,2,2
2024-07-09 15:30:02.157,23864,23865,23866,3,3
2024-07-09 15:30:02.196,23864,23865,23868,1,1
2024-07-09 15:30:02.200,23864,23865,23868,1,1
2024-07-09 15:30:02.341,23866,23868,23866,1,-1
2024-07-09 15:30:02.552,23866,23868,23868,1,1
2024-07-09 15:30:02.633,23866,23868,23866,2,-2
2024-07-09 15:30:02.647,23865,23866,23866,1,1
2024-07-09 15:30:02.669,23865,23866,23864,1,-1
2024-07-09 15:30:02.675,23865,23866,23863,1,-1
2024-07-09 15:30:02.675,23865,23866,23863,1,-1
2024-07-09 15:30:02.678,23865,23866,23863,1,-1
2024-07-09 15:30:02.681,23865,23866,23866,1,1
2024-07-09 15:30:02.681,23865,23866,23865,1,-1
2024-07-09 15:30:02.687,23865,23866,23863,1,-1
2024-07-09 15:30:02.825,23863,23866,23866,1,1
2024-07-09 15:30:03.076,23864,23867,23867,1,1
2024-07-09 15:30:05.835,23863,23865,23865,1,1
2024-07-09 15:30:05.835,23863,23865,23866,1,1
2024-07-09 15:30:06.666,23863,23866,23866,2,2
2024-07-09 15:30:13.479,23863,23865,23865,1,1
2024-07-09 15:30:13.522,23863,23865,23865,1,1
2024-07-09 15:30:13.522,23863,23865,23865,1,1
2024-07-09 15:30:13.524,23863,23865,23865,1,1
2024-07-09 15:30:17.217,23863,23865,23865,1,1
2024-07-09 15:30:18.873,23863,23865,23865,1,1
2024-07-09 15:30:19.192,23863,23865,23865,1,1
2024-07-09 15:30:19.780,23863,23865,23865,1,1
2024-07-09 15:30:25.303,23863,23865,23863,1,-1
2024-07-09 15:30:30.025,23865,23866,23865,11,-11
2024-07-09 15:30:36.247,23863,23865,23863,1,-1
2024-07-09 15:30:36.272,23863,23865,23865,1,1
2024-07-09 15:30:36.293,23863,23865,23863,1,-1
2024-07-09 15:30:39.600,23864,23865,23865,1,1
2024-07-09 15:30:45.154,23865,23866,23866,1,1
2024-07-09 15:30:47.684,23865,23866,23866,1,1
2024-07-09 15:30:47.685,23865,23866,23866,1,1
2024-07-09 15:30:48.156,23865,23866,23866,1,1
2024-07-09 15:30:48.162,23865,23866,23866,1,1
2024-07-09 15:30:49.004,23865,23866,23866,1,1
2024-07-09 15:30:49.302,23865,23866,23866,2,2
2024-07-09 15:30:55.215,23866,23867,23867,1,1
2024-07-09 15:30:55.520,23866,23867,23867,1,1
2024-07-09 15:31:00.970,23866,23867,23867,17,17
2024-07-09 15:31:00.971,23866,23867,23867,3,3
2024-07-09 15:31:01.909,23867,23868,23868,1,1
2024-07-09 15:31:02.058,23867,23868,23868,3,3
2024-07-09 15:31:03.420,23868,23869,23869,2,2
2024-07-09 15:31:06.047,23868,23869,23869,1,1
2024-07-09 15:31:12.671,23868,23869,23869,2,2
2024-07-09 15:31:13.456,23868,23869,23869,2,2
2024-07-09 15:31:14.040,23868,23870,23870,2,2
2024-07-09 15:31:14.399,23868,23870,23869,1,1
2024-07-09 15:31:14.399,23868,23870,23869,1,1
2024-07-09 15:31:14.498,23868,23870,23870,1,1
2024-07-09 15:31:14.499,23868,23870,23870,2,2
2024-07-09 15:31:14.499,23868,23870,23870,3,3
2024-07-09 15:31:14.499,23868,23870,23870,1,1
2024-07-09 15:31:14.499,23868,23870,23870,6,6
2024-07-09 15:31:14.499,23868,23870,23870,1,1
2024-07-09 15:31:14.500,23868,23870,23870,3,3
2024-07-09 15:31:14.500,23868,23870,23870,1,1
2024-07-09 15:31:14.500,23868,23870,23870,2,2
2024-07-09 15:31:14.501,23868,23870,23871,1,1
2024-07-09 15:31:17.572,23871,23872,23872,1,1
2024-07-09 15:31:17.572,23871,23872,23872,1,1
2024-07-09 15:31:17.572,23871,23872,23872,1,1
2024-07-09 15:31:19.492,23871,23872,23872,2,2
2024-07-09 15:31:19.492,23871,23872,23874,1,1
2024-07-09 15:31:19.522,23872,23873,23873,1,1
2024-07-09 15:31:19.580,23872,23873,23873,1,1
2024-07-09 15:31:19.580,23872,23873,23874,3,3
2024-07-09 15:31:19.882,23873,23874,23874,1,1
2024-07-09 15:31:20.359,23873,23874,23873,1,-1
2024-07-09 15:31:20.360,23873,23874,23873,2,-2
2024-07-09 15:31:22.457,23872,23873,23872,1,-1
2024-07-09 15:31:23.288,23872,23873,23873,1,1
2024-07-09 15:31:25.883,23872,23873,23872,3,-3
2024-07-09 15:31:26.700,23871,23872,23872,1,1
2024-07-09 15:31:27.163,23871,23872,23872,1,1
2024-07-09 15:31:27.272,23871,23872,23872,1,1
2024-07-09 15:31:28.643,23871,23872,23871,5,-5
2024-07-09 15:31:28.663,23871,23872,23869,3,-3
2024-07-09 15:31:28.663,23871,23872,23870,1,-1
2024-07-09 15:31:30.614,23868,23869,23868,2,-2
2024-07-09 15:31:30.614,23868,23869,23868,1,-1
2024-07-09 15:31:30.990,23867,23869,23869,2,2
2024-07-09 15:31:31.025,23867,23869,23869,1,1
2024-07-09 15:31:33.054,23867,23869,23869,1,1
2024-07-09 15:31:34.291,23867,23869,23869,2,2
2024-07-09 15:31:39.082,23869,23870,23869,1,-1
2024-07-09 15:31:39.726,23869,23870,23870,1,1
2024-07-09 15:31:39.726,23869,23870,23870,2,2
2024-07-09 15:31:39.925,23869,23870,23870,1,1
2024-07-09 15:31:43.782,23870,23871,23871,1,1
2024-07-09 15:31:43.782,23870,23871,23872,1,1
2024-07-09 15:31:47.342,23871,23872,23872,1,1
2024-07-09 15:31:49.074,23871,23872,23872,1,1
2024-07-09 15:31:49.893,23872,23873,23873,1,1
2024-07-09 15:31:52.814,23872,23873,23872,1,-1
2024-07-09 15:31:52.814,23872,23873,23872,1,-1
2024-07-09 15:31:54.658,23871,23873,23871,1,-1
2024-07-09 15:32:01.117,23870,23872,23870,1,-1
2024-07-09 15:32:01.400,23868,23870,23870,2,2
2024-07-09 15:32:07.291,23868,23871,23870,1,1
2024-07-09 15:32:07.397,23868,23870,23870,1,1
2024-07-09 15:32:07.397,23868,23870,23871,1,1
2024-07-09 15:32:07.397,23868,23870,23871,1,1
2024-07-09 15:32:07.397,23868,23870,23871,1,1
2024-07-09 15:32:07.397,23868,23870,23871,1,1
2024-07-09 15:32:12.943,23868,23870,23868,1,-1
2024-07-09 15:32:13.021,23868,23870,23870,1,1
2024-07-09 15:32:13.022,23868,23870,23870,1,1
2024-07-09 15:32:15.733,23868,23871,23871,2,2
2024-07-09 15:32:15.969,23869,23871,23871,1,1
2024-07-09 15:32:18.418,23869,23871,23869,1,-1
2024-07-09 15:32:19.238,23868,23870,23869,1,-1
2024-07-09 15:32:19.272,23868,23870,23870,1,1
2024-07-09 15:32:24.234,23869,23870,23869,1,-1
2024-07-09 15:32:29.939,23869,23870,23869,1,-1
2024-07-09 15:32:30.017,23869,23870,23869,3,-3
2024-07-09 15:32:37.350,23868,23870,23868,3,-3
2024-07-09 15:32:37.351,23868,23870,23867,1,-1
2024-07-09 15:32:40.083,23866,23868,23868,1,1
2024-07-09 15:32:40.146,23866,23868,23868,1,1
2024-07-09 15:32:41.461,23867,23868,23867,2,-2
2024-07-09 15:32:41.461,23867,23868,23866,3,-3
2024-07-09 15:32:43.742,23864,23866,23866,1,1
2024-07-09 15:32:47.516,23866,23868,23866,1,-1
2024-07-09 15:32:51.319,23866,23867,23867,2,2
2024-07-09 15:32:58.817,23866,23868,23866,1,-1
2024-07-09 15:33:00.664,23867,23868,23867,2,-2
2024-07-09 15:33:01.589,23867,23868,23867,1,-1
2024-07-09 15:33:03.467,23866,23868,23868,1,1
2024-07-09 15:33:04.118,23867,23868,23867,1,-1
2024-07-09 15:33:04.118,23867,23868,23866,1,-1
2024-07-09 15:33:05.968,23866,23868,23868,1,1
2024-07-09 15:33:06.971,23868,23869,23868,1,-1
2024-07-09 15:33:15.422,23867,23868,23868,2,2
2024-07-09 15:33:15.422,23867,23868,23869,2,2
2024-07-09 15:33:15.767,23868,23870,23868,1,-1
2024-07-09 15:33:17.548,23868,23870,23868,1,-1
2024-07-09 15:33:21.389,23868,23869,23869,1,1
2024-07-09 15:33:24.717,23868,23869,23868,4,-4
2024-07-09 15:33:31.381,23868,23869,23868,1,-1
2024-07-09 15:33:31.381,23868,23869,23867,1,-1
2024-07-09 15:33:35.644,23868,23869,23869,2,2
2024-07-09 15:33:36.653,23868,23869,23869,2,2
2024-07-09 15:33:40.947,23868,23869,23868,1,-1
2024-07-09 15:33:45.243,23868,23869,23868,4,-4
2024-07-09 15:33:45.262,23868,23869,23866,1,-1
2024-07-09 15:33:47.821,23865,23866,23865,2,-2
2024-07-09 15:33:48.046,23864,23865,23864,2,-2
2024-07-09 15:33:48.977,23864,23865,23865,1,1
2024-07-09 15:33:49.028,23864,23865,23864,2,-2
2024-07-09 15:33:50.058,23863,23866,23863,1,-1
2024-07-09 15:33:51.589,23864,23866,23866,1,1
2024-07-09 15:33:56.378,23864,23865,23864,1,-1
2024-07-09 15:33:59.351,23863,23865,23864,1,-1
2024-07-09 15:33:59.353,23863,23865,23863,7,-7
2024-07-09 15:33:59.577,23862,23863,23863,2,2
2024-07-09 15:34:02.866,23862,23864,23862,1,-1
2024-07-09 15:34:05.067,23863,23865,23862,1,-1
2024-07-09 15:34:05.067,23863,23865,23863,1,-1
2024-07-09 15:34:06.426,23862,23864,23862,1,-1
2024-07-09 15:34:07.511,23862,23864,23862,3,-3
2024-07-09 15:34:07.512,23862,23864,23862,1,-1
2024-07-09 15:34:07.512,23862,23864,23862,2,-2
2024-07-09 15:34:07.512,23862,23864,23862,1,-1
2024-07-09 15:34:07.995,23862,23863,23862,1,-1
2024-07-09 15:34:15.757,23862,23864,23862,1,-1
2024-07-09 15:34:16.718,23862,23864,23862,1,-1
2024-07-09 15:34:17.331,23861,23862,23862,2,2
2024-07-09 15:34:18.581,23861,23862,23861,2,-2
2024-07-09 15:34:22.751,23861,23862,23862,2,2
2024-07-09 15:34:22.751,23861,23862,23862,2,2
2024-07-09 15:34:23.088,23862,23864,23862,1,-1
2024-07-09 15:34:24.696,23862,23863,23862,1,-1
2024-07-09 15:34:25.471,23861,23862,23861,1,-1
2024-07-09 15:34:25.471,23861,23862,23861,1,-1
2024-07-09 15:34:25.471,23861,23862,23861,1,-1
2024-07-09 15:34:25.471,23861,23862,23861,7,-7
2024-07-09 15:34:33.359,23860,23862,23860,1,-1
2024-07-09 15:34:36.197,23861,23862,23862,1,1
2024-07-09 15:34:42.529,23862,23863,23863,1,1
2024-07-09 15:34:42.529,23862,23863,23863,1,1
2024-07-09 15:34:42.529,23862,23863,23863,4,4
2024-07-09 15:34:58.452,23863,23864,23863,1,-1
2024-07-09 15:35:07.638,23862,23863,23862,1,-1
2024-07-09 15:35:07.824,23862,23863,23863,2,2
2024-07-09 15:35:07.824,23862,23863,23864,4,4
2024-07-09 15:35:07.832,23862,23863,23865,10,10
2024-07-09 15:35:07.832,23862,23863,23866,2,2
2024-07-09 15:35:07.832,23862,23863,23864,2,2
2024-07-09 15:35:08.259,23864,23866,23864,4,-4
2024-07-09 15:35:08.259,23864,23866,23863,8,-8
2024-07-09 15:35:19.753,23863,23865,23863,4,-4
2024-07-09 15:35:20.553,23862,23863,23863,1,1
2024-07-09 15:35:20.696,23862,23863,23862,1,-1
2024-07-09 15:35:20.696,23862,23863,23861,2,-2
2024-07-09 15:35:24.087,23861,23862,23861,1,-1
2024-07-09 15:35:33.114,23860,23862,23860,2,-2
2024-07-09 15:35:33.114,23860,23862,23860,4,-4
2024-07-09 15:35:39.257,23858,23859,23859,1,1
2024-07-09 15:35:41.605,23859,23861,23859,1,-1
2024-07-09 15:35:44.755,23859,23861,23859,1,-1
2024-07-09 15:35:47.313,23858,23860,23858,1,-1
2024-07-09 15:35:51.062,23858,23859,23859,1,1
2024-07-09 15:35:57.165,23858,23859,23858,1,-1
2024-07-09 15:35:59.463,23858,23859,23859,1,1
2024-07-09 15:36:01.707,23858,23860,23860,1,1
2024-07-09 15:36:02.838,23858,23860,23860,1,1
2024-07-09 15:36:05.026,23858,23860,23858,1,-1
2024-07-09 15:36:11.601,23858,23859,23858,2,-2
2024-07-09 15:36:11.602,23858,23859,23858,1,-1
2024-07-09 15:36:11.603,23858,23859,23858,7,-7
2024-07-09 15:36:13.275,23857,23858,23858,1,1
2024-07-09 15:36:15.236,23857,23859,23857,1,-1
2024-07-09 15:36:16.846,23857,23858,23858,2,2
2024-07-09 15:36:23.077,23857,23859,23857,1,-1
2024-07-09 15:36:24.060,23857,23858,23857,2,-2
2024-07-09 15:36:24.060,23857,23858,23857,1,-1
2024-07-09 15:36:27.901,23856,23858,23856,2,-2
2024-07-09 15:36:28.246,23856,23858,23857,1,-1
2024-07-09 15:36:28.772,23856,23858,23858,1,1
2024-07-09 15:36:29.446,23856,23858,23858,1,1
2024-07-09 15:36:29.968,23858,23859,23859,1,1
2024-07-09 15:36:29.968,23858,23859,23859,4,4
2024-07-09 15:36:32.763,23859,23860,23859,1,-1
2024-07-09 15:36:33.630,23859,23860,23860,1,1
2024-07-09 15:36:33.630,23859,23860,23860,4,4
2024-07-09 15:36:34.892,23860,23861,23861,1,1
2024-07-09 15:36:34.906,23860,23862,23860,5,-5
2024-07-09 15:36:37.366,23860,23862,23862,1,1
2024-07-09 15:36:39.204,23860,23862,23862,1,1
2024-07-09 15:36:43.430,23858,23861,23860,1,1
2024-07-09 15:36:51.634,23858,23860,23860,1,1
2024-07-09 15:36:53.227,23858,23859,23858,1,-1
2024-07-09 15:37:11.325,23857,23858,23857,1,-1
2024-07-09 15:37:12.841,23857,23858,23857,1,-1
2024-07-09 15:37:14.040,23857,23858,23857,2,-2
2024-07-09 15:37:14.486,23856,23857,23857,1,1
2024-07-09 15:37:23.435,23856,23857,23856,1,-1
2024-07-09 15:37:23.435,23856,23857,23856,2,-2
2024-07-09 15:37:23.435,23856,23857,23856,2,-2
2024-07-09 15:37:23.435,23856,23857,23856,4,-4
2024-07-09 15:37:23.435,23856,23857,23856,6,-6
2024-07-09 15:37:23.435,23856,23857,23856,1,-1
2024-07-09 15:37:23.476,23856,23857,23855,1,-1
2024-07-09 15:37:23.477,23856,23857,23855,1,-1
2024-07-09 15:37:26.634,23857,23858,23857,4,-4
2024-07-09 15:37:28.140,23857,23858,23858,1,1
2024-07-09 15:37:28.187,23857,23858,23858,1,1
2024-07-09 15:37:29.196,23857,23859,23857,1,-1
2024-07-09 15:37:36.035,23858,23859,23858,1,-1
2024-07-09 15:37:47.562,23858,23859,23859,1,1
2024-07-09 15:37:47.562,23858,23859,23859,2,2
2024-07-09 15:37:47.563,23858,23859,23860,1,1
2024-07-09 15:37:47.563,23858,23859,23860,1,1
2024-07-09 15:37:47.564,23858,23859,23860,1,1
2024-07-09 15:37:47.564,23858,23859,23860,1,1
2024-07-09 15:37:49.241,23860,23862,23862,1,1
2024-07-09 15:37:54.256,23860,23861,23861,1,1
2024-07-09 15:37:58.729,23860,23862,23860,2,-2
2024-07-09 15:38:00.654,23858,23861,23860,2,2
2024-07-09 15:38:00.655,23858,23861,23858,3,-3
2024-07-09 15:38:00.773,23858,23860,23860,1,1
2024-07-09 15:38:00.774,23858,23860,23860,1,1
2024-07-09 15:38:00.774,23858,23860,23861,1,1
2024-07-09 15:38:00.936,23860,23862,23862,1,1
2024-07-09 15:38:04.035,23860,23862,23862,1,1
2024-07-09 15:38:04.035,23860,23862,23862,2,2
2024-07-09 15:38:05.461,23863,23865,23860,3,-3
2024-07-09 15:38:05.461,23863,23865,23861,11,-11
2024-07-09 15:38:05.461,23863,23865,23863,3,-3
2024-07-09 15:38:05.461,23863,23865,23862,8,-8
2024-07-09 15:38:05.463,23863,23865,23860,1,-1
2024-07-09 15:38:05.467,23863,23865,23859,2,-2
2024-07-09 15:38:11.941,23860,23863,23860,3,-3
2024-07-09 15:38:14.046,23859,23862,23859,2,-2
2024-07-09 15:38:14.047,23859,23862,23859,1,-1
2024-07-09 15:38:14.047,23859,23862,23859,17,-17
2024-07-09 15:38:14.146,23859,23861,23861,1,1
2024-07-09 15:38:14.147,23859,23861,23862,1,1
2024-07-09 15:38:26.643,23859,23861,23861,1,1
2024-07-09 15:38:28.182,23859,23861,23859,1,-1
2024-07-09 15:38:28.271,23859,23861,23861,1,1
2024-07-09 15:38:28.271,23859,23861,23861,1,1
2024-07-09 15:38:28.272,23859,23861,23861,1,1
2024-07-09 15:38:42.239,23859,23860,23860,1,1
2024-07-09 15:38:42.504,23859,23860,23860,20,20
2024-07-09 15:38:42.505,23859,23860,23861,1,1
2024-07-09 15:38:42.505,23859,23860,23861,1,1
2024-07-09 15:38:42.505,23859,23860,23861,3,3
2024-07-09 15:38:49.841,23860,23862,23862,19,19
2024-07-09 15:38:49.842,23860,23862,23863,1,1
2024-07-09 15:38:49.897,23864,23865,23865,1,1
2024-07-09 15:38:49.899,23864,23865,23867,1,1
2024-07-09 15:38:49.903,23864,23865,23867,1,1
2024-07-09 15:38:50.462,23865,23867,23865,1,-1
2024-07-09 15:38:50.522,23865,23867,23867,1,1
2024-07-09 15:38:51.693,23865,23867,23865,5,-5
2024-07-09 15:38:55.776,23861,23864,23861,1,-1
2024-07-09 15:39:06.320,23861,23862,23861,3,-3
2024-07-09 15:39:10.700,23859,23860,23861,1,1
2024-07-09 15:39:10.700,23859,23860,23860,4,4
2024-07-09 15:39:17.050,23861,23862,23861,1,-1
2024-07-09 15:39:20.726,23860,23862,23860,2,-2
2024-07-09 15:39:32.464,23861,23862,23862,7,7
2024-07-09 15:39:32.875,23863,23865,23863,2,-2
2024-07-09 15:39:32.875,23863,23865,23862,3,-3
2024-07-09 15:39:36.958,23862,23864,23862,1,-1
2024-07-09 15:39:37.267,23862,23864,23864,2,2
2024-07-09 15:39:38.266,23862,23864,23864,1,1
2024-07-09 15:39:44.884,23861,23863,23863,1,1
2024-07-09 15:40:06.430,23862,23863,23863,1,1
2024-07-09 15:40:06.835,23863,23864,23864,1,1
2024-07-09 15:40:10.507,23863,23864,23864,4,4
2024-07-09 15:40:12.741,23864,23865,23865,1,1
2024-07-09 15:40:12.741,23864,23865,23865,2,2
2024-07-09 15:40:12.742,23864,23865,23865,1,1
2024-07-09 15:40:15.279,23864,23866,23866,1,1
2024-07-09 15:40:15.415,23864,23867,23864,1,-1
2024-07-09 15:40:15.757,23864,23866,23866,1,1
2024-07-09 15:40:19.847,23866,23867,23867,1,1
2024-07-09 15:40:20.069,23866,23868,23866,1,-1
2024-07-09 15:40:20.196,23866,23868,23867,1,-1
2024-07-09 15:40:20.654,23866,23868,23866,1,-1
2024-07-09 15:40:29.890,23866,23867,23867,1,1
2024-07-09 15:40:30.754,23866,23868,23868,2,2
2024-07-09 15:40:30.754,23866,23868,23868,2,2
2024-07-09 15:40:30.754,23866,23868,23868,4,4
2024-07-09 15:40:30.754,23866,23868,23868,3,3
2024-07-09 15:40:32.609,23868,23869,23868,2,-2
2024-07-09 15:40:36.091,23868,23869,23869,1,1
2024-07-09 15:40:37.679,23868,23869,23868,1,-1
2024-07-09 15:40:38.095,23867,23869,23869,3,3
2024-07-09 15:40:38.679,23867,23868,23868,1,1
2024-07-09 15:40:40.193,23868,23869,23869,1,1
2024-07-09 15:40:42.138,23868,23869,23868,1,-1
2024-07-09 15:40:42.138,23868,23869,23868,1,-1
2024-07-09 15:40:42.139,23868,23869,23868,1,-1
2024-07-09 15:40:42.139,23868,23869,23868,2,-2
2024-07-09 15:40:42.927,23867,23868,23868,1,1
2024-07-09 15:40:46.856,23868,23869,23868,1,-1
2024-07-09 15:40:49.436,23868,23869,23868,1,-1
2024-07-09 15:40:53.010,23868,23869,23868,1,-1
2024-07-09 15:40:58.680,23867,23868,23868,1,1
2024-07-09 15:40:59.042,23867,23868,23867,1,-1
2024-07-09 15:40:59.252,23867,23868,23867,1,-1
2024-07-09 15:40:59.252,23867,23868,23867,1,-1
2024-07-09 15:41:00.199,23866,23867,23867,3,3
2024-07-09 15:41:06.270,23867,23868,23867,1,-1
2024-07-09 15:41:07.055,23866,23867,23867,1,1
2024-07-09 15:41:07.267,23866,23867,23866,1,-1
2024-07-09 15:41:07.267,23866,23867,23866,1,-1
2024-07-09 15:41:12.657,23866,23867,23867,1,1
2024-07-09 15:41:16.515,23866,23868,23866,1,-1
2024-07-09 15:41:17.351,23865,23868,23867,1,1
2024-07-09 15:41:19.541,23866,23868,23866,1,-1
2024-07-09 15:41:19.996,23866,23868,23866,1,-1
2024-07-09 15:41:33.033,23866,23867,23867,1,1
2024-07-09 15:41:33.373,23866,23868,23866,1,-1
2024-07-09 15:41:34.541,23866,23868,23868,1,1
2024-07-09 15:41:34.990,23866,23868,23866,5,-5
2024-07-09 15:41:42.043,23866,23868,23866,1,-1
2024-07-09 15:41:42.043,23866,23868,23866,3,-3
2024-07-09 15:41:46.511,23866,23868,23866,6,-6
2024-07-09 15:41:54.001,23866,23867,23866,1,-1
2024-07-09 15:41:56.512,23866,23867,23866,1,-1
2024-07-09 15:42:02.762,23865,23866,23866,1,1
2024-07-09 15:42:03.524,23865,23866,23865,6,-6
2024-07-09 15:42:03.864,23864,23865,23864,1,-1
2024-07-09 15:42:03.864,23864,23865,23864,1,-1
2024-07-09 15:42:03.864,23864,23865,23864,1,-1
2024-07-09 15:42:03.864,23864,23865,23864,1,-1
2024-07-09 15:42:13.873,23864,23865,23864,1,-1
2024-07-09 15:42:15.809,23863,23864,23864,1,1
2024-07-09 15:42:18.815,23863,23864,23863,1,-1
2024-07-09 15:42:18.815,23863,23864,23863,1,-1
2024-07-09 15:42:19.505,23862,23863,23862,1,-1
2024-07-09 15:42:19.505,23862,23863,23861,1,-1
2024-07-09 15:42:19.505,23862,23863,23860,8,-8
2024-07-09 15:42:19.507,23862,23863,23860,1,-1
2024-07-09 15:42:19.508,23862,23863,23860,2,-2
2024-07-09 15:42:27.664,23862,23864,23864,1,1
2024-07-09 15:42:29.667,23863,23866,23866,1,1
2024-07-09 15:42:31.788,23864,23867,23867,1,1
2024-07-09 15:42:33.088,23864,23867,23864,4,-4
2024-07-09 15:42:54.990,23866,23867,23866,2,-2
2024-07-09 15:43:13.919,23864,23865,23864,1,-1
2024-07-09 15:43:17.836,23863,23864,23863,1,-1
2024-07-09 15:43:28.794,23863,23865,23863,2,-2
2024-07-09 15:43:29.053,23862,23864,23863,1,-1
2024-07-09 15:43:40.190,23863,23864,23864,2,2
2024-07-09 15:43:53.889,23864,23866,23866,1,1
2024-07-09 15:43:58.049,23866,23867,23866,1,-1
2024-07-09 15:44:00.309,23865,23867,23865,1,-1
2024-07-09 15:44:00.310,23865,23867,23865,2,-2
2024-07-09 15:44:01.477,23864,23865,23864,2,-2
2024-07-09 15:44:04.135,23863,23864,23864,1,1
2024-07-09 15:44:15.574,23864,23866,23866,1,1
2024-07-09 15:44:21.310,23864,23865,23864,1,-1
2024-07-09 15:44:21.837,23863,23864,23864,1,1
2024-07-09 15:44:25.614,23863,23864,23863,3,-3
2024-07-09 15:44:25.614,23863,23864,23863,1,-1
2024-07-09 15:44:25.614,23863,23864,23863,2,-2
2024-07-09 15:44:26.579,23862,23863,23863,1,1
2024-07-09 15:44:37.638,23862,23864,23862,2,-2
2024-07-09 15:44:38.009,23861,23863,23861,4,-4
2024-07-09 15:44:38.009,23861,23863,23860,2,-2
2024-07-09 15:44:38.086,23860,23862,23862,1,1
2024-07-09 15:44:50.188,23860,23862,23860,3,-3
2024-07-09 15:44:52.104,23860,23862,23860,1,-1
2024-07-09 15:44:52.713,23859,23862,23862,1,1
2024-07-09 15:45:00.491,23860,23861,23860,3,-3
2024-07-09 15:45:01.040,23859,23860,23860,1,1
2024-07-09 15:45:01.346,23859,23860,23860,2,2
2024-07-09 15:45:02.982,23859,23861,23859,1,-1
2024-07-09 15:45:11.260,23860,23861,23860,1,-1
2024-07-09 15:45:12.035,23859,23861,23859,1,-1
2024-07-09 15:45:12.372,23859,23861,23861,1,1
2024-07-09 15:45:20.409,23860,23861,23860,1,-1
2024-07-09 15:45:21.325,23859,23860,23860,1,1
2024-07-09 15:45:23.033,23859,23860,23859,5,-5
2024-07-09 15:45:23.035,23859,23860,23858,1,-1
2024-07-09 15:45:23.035,23859,23860,23858,1,-1
2024-07-09 15:45:23.035,23859,23860,23858,1,-1
2024-07-09 15:45:25.159,23857,23858,23857,1,-1
2024-07-09 15:45:27.160,23857,23858,23858,1,1
2024-07-09 15:45:28.406,23858,23860,23858,1,-1
2024-07-09 15:45:29.932,23857,23858,23858,1,1
2024-07-09 15:45:33.263,23857,23859,23859,2,2
2024-07-09 15:45:37.625,23858,23859,23859,1,1
2024-07-09 15:45:41.362,23858,23860,23860,11,11
2024-07-09 15:45:45.181,23860,23861,23861,1,1
2024-07-09 15:45:45.181,23860,23861,23861,1,1
2024-07-09 15:45:45.239,23860,23861,23861,1,1
2024-07-09 15:45:45.239,23860,23861,23861,3,3
2024-07-09 15:45:45.239,23860,23861,23861,4,4
2024-07-09 15:45:47.945,23861,23862,23861,1,-1
2024-07-09 15:45:55.528,23861,23862,23862,2,2
2024-07-09 15:45:58.626,23861,23863,23861,7,-7
2024-07-09 15:45:58.626,23861,23863,23860,7,-7
2024-07-09 15:45:58.627,23861,23863,23859,1,-1
2024-07-09 15:45:58.627,23861,23863,23860,1,-1
2024-07-09 15:45:58.883,23858,23859,23859,1,1
2024-07-09 15:45:59.287,23858,23859,23859,1,1
2024-07-09 15:46:00.191,23858,23859,23859,1,1
2024-07-09 15:46:00.274,23858,23859,23859,1,1
2024-07-09 15:46:00.274,23858,23859,23860,1,1
2024-07-09 15:46:00.283,23858,23859,23860,1,1
2024-07-09 15:46:01.710,23858,23859,23859,1,1
2024-07-09 15:46:01.771,23858,23859,23859,1,1
2024-07-09 15:46:01.772,23858,23859,23860,1,1
2024-07-09 15:46:01.772,23858,23859,23861,1,1
2024-07-09 15:46:01.772,23858,23859,23860,1,1
2024-07-09 15:46:01.772,23858,23859,23860,1,1
2024-07-09 15:46:01.772,23858,23859,23860,1,1
2024-07-09 15:46:01.772,23858,23859,23860,1,1
2024-07-09 15:46:01.772,23858,23859,23860,1,1
2024-07-09 15:46:01.774,23858,23859,23861,1,1
2024-07-09 15:46:01.776,23858,23859,23861,1,1
2024-07-09 15:46:13.884,23858,23859,23859,1,1
2024-07-09 15:46:14.406,23858,23859,23858,4,-4
2024-07-09 15:46:14.407,23858,23859,23857,3,-3
2024-07-09 15:46:14.408,23858,23859,23856,2,-2
2024-07-09 15:46:14.522,23855,23857,23858,1,1
2024-07-09 15:46:14.522,23855,23857,23858,1,1
2024-07-09 15:46:14.522,23855,23857,23857,1,1
2024-07-09 15:46:14.522,23855,23857,23857,1,1
2024-07-09 15:46:15.520,23857,23858,23857,2,-2
2024-07-09 15:46:21.344,23856,23857,23857,1,1
2024-07-09 15:46:21.626,23856,23857,23857,1,1
2024-07-09 15:46:26.766,23856,23858,23856,1,-1
2024-07-09 15:46:26.772,23856,23858,23860,1,1
2024-07-09 15:46:26.772,23856,23858,23859,1,1
2024-07-09 15:46:26.772,23856,23858,23859,1,1
2024-07-09 15:46:26.772,23856,23858,23859,1,1
2024-07-09 15:46:26.772,23856,23858,23858,1,1
2024-07-09 15:46:26.772,23856,23858,23859,1,1
2024-07-09 15:46:26.772,23856,23858,23859,1,1
2024-07-09 15:46:26.772,23856,23858,23858,1,1
2024-07-09 15:46:26.772,23856,23858,23858,1,1
2024-07-09 15:46:26.773,23856,23858,23860,1,1
2024-07-09 15:46:26.773,23856,23858,23861,1,1
2024-07-09 15:46:26.774,23856,23858,23859,1,1
2024-07-09 15:46:26.779,23856,23858,23859,1,1
2024-07-09 15:46:26.870,23856,23858,23857,2,2
2024-07-09 15:46:26.871,23856,23858,23857,2,2
2024-07-09 15:46:30.945,23857,23858,23857,2,-2
2024-07-09 15:46:31.021,23856,23857,23857,1,1
2024-07-09 15:46:31.021,23856,23857,23858,1,1
2024-07-09 15:46:31.022,23856,23857,23858,1,1
2024-07-09 15:46:31.022,23856,23857,23858,1,1
2024-07-09 15:46:31.022,23856,23857,23859,1,1
2024-07-09 15:46:31.022,23856,23857,23859,1,1
2024-07-09 15:46:31.025,23856,23857,23859,1,1
2024-07-09 15:46:36.951,23857,23859,23859,1,1
2024-07-09 15:46:41.292,23858,23859,23858,2,-2
2024-07-09 15:46:41.396,23857,23859,23859,1,1
2024-07-09 15:46:41.397,23857,23859,23859,1,1
2024-07-09 15:46:41.398,23857,23859,23860,1,1
2024-07-09 15:46:55.574,23858,23859,23858,1,-1
2024-07-09 15:46:58.482,23857,23859,23857,2,-2
2024-07-09 15:46:58.522,23856,23858,23859,1,1
2024-07-09 15:46:58.522,23856,23858,23859,1,1
2024-07-09 15:46:58.522,23856,23858,23858,1,1
2024-07-09 15:46:59.109,23857,23859,23859,1,1
2024-07-09 15:47:18.789,23857,23858,23858,1,1
2024-07-09 15:47:18.817,23857,23858,23857,2,-2
2024-07-09 15:47:19.490,23856,23858,23858,2,2
2024-07-09 15:47:19.490,23856,23858,23858,1,1
2024-07-09 15:47:19.978,23858,23859,23858,1,-1
2024-07-09 15:47:20.054,23858,23859,23858,1,-1
2024-07-09 15:47:29.030,23858,23859,23858,1,-1
2024-07-09 15:47:29.030,23858,23859,23857,1,-1
2024-07-09 15:47:49.485,23857,23859,23859,1,1
2024-07-09 15:47:56.790,23857,23859,23857,2,-2
2024-07-09 15:47:57.102,23856,23859,23859,1,1
2024-07-09 15:48:25.670,23856,23858,23856,5,-5
2024-07-09 15:48:25.683,23856,23858,23855,2,-2
2024-07-09 15:48:25.683,23856,23858,23855,3,-3
2024-07-09 15:48:25.888,23854,23855,23854,1,-1
2024-07-09 15:48:26.784,23854,23856,23856,1,1
2024-07-09 15:48:35.911,23854,23856,23856,1,1
2024-07-09 15:48:45.077,23854,23855,23854,1,-1
2024-07-09 15:48:45.294,23853,23854,23854,1,1
2024-07-09 15:48:49.491,23853,23855,23855,1,1
2024-07-09 15:49:07.882,23854,23855,23855,1,1
2024-07-09 15:49:07.897,23855,23856,23855,1,-1
2024-07-09 15:49:07.897,23855,23856,23854,1,-1
2024-07-09 15:49:08.387,23853,23854,23854,1,1
2024-07-09 15:49:08.397,23853,23855,23853,1,-1
2024-07-09 15:49:08.397,23853,23855,23853,1,-1
2024-07-09 15:49:08.397,23853,23855,23853,2,-2
2024-07-09 15:49:08.398,23853,23855,23852,1,-1
2024-07-09 15:49:08.398,23853,23855,23852,1,-1
2024-07-09 15:49:08.398,23853,23855,23853,1,-1
2024-07-09 15:49:08.400,23853,23855,23852,9,-9
2024-07-09 15:49:08.400,23853,23855,23852,1,-1
2024-07-09 15:49:08.400,23853,23855,23852,1,-1
2024-07-09 15:49:08.545,23851,23853,23851,1,-1
2024-07-09 15:49:08.964,23851,23853,23853,1,1
2024-07-09 15:49:09.834,23851,23853,23851,1,-1
2024-07-09 15:49:12.023,23852,23854,23853,1,-1
2024-07-09 15:49:13.491,23851,23852,23851,1,-1
2024-07-09 15:49:14.014,23851,23852,23851,1,-1
2024-07-09 15:49:16.636,23851,23852,23851,1,-1
2024-07-09 15:49:16.866,23851,23852,23851,1,-1
2024-07-09 15:49:19.653,23851,23852,23851,1,-1
2024-07-09 15:49:21.158,23851,23852,23851,1,-1
2024-07-09 15:49:21.272,23851,23852,23851,1,-1
2024-07-09 15:49:21.565,23850,23851,23850,2,-2
2024-07-09 15:49:21.565,23850,23851,23850,2,-2
2024-07-09 15:49:21.565,23850,23851,23850,3,-3
2024-07-09 15:49:21.566,23850,23851,23850,2,-2
2024-07-09 15:49:21.672,23849,23850,23849,1,-1
2024-07-09 15:49:21.813,23849,23850,23849,3,-3
2024-07-09 15:49:21.936,23848,23850,23848,1,-1
2024-07-09 15:49:23.900,23848,23851,23848,3,-3
2024-07-09 15:49:24.601,23848,23849,23849,1,1
2024-07-09 15:49:24.601,23848,23849,23849,1,1
2024-07-09 15:49:27.151,23849,23851,23849,1,-1
2024-07-09 15:49:29.557,23849,23850,23849,1,-1
2024-07-09 15:49:29.648,23848,23850,23848,1,-1
2024-07-09 15:49:31.639,23849,23850,23849,1,-1
2024-07-09 15:49:38.763,23848,23849,23849,1,1
2024-07-09 15:49:39.910,23849,23850,23850,1,1
2024-07-09 15:49:40.021,23850,23851,23850,1,-1
2024-07-09 15:49:40.022,23850,23851,23850,1,-1
2024-07-09 15:49:40.026,23850,23851,23850,1,-1
2024-07-09 15:49:40.975,23850,23851,23850,1,-1
2024-07-09 15:49:43.380,23850,23851,23850,1,-1
2024-07-09 15:49:49.725,23849,23850,23850,1,1
2024-07-09 15:49:50.332,23850,23851,23851,2,2
2024-07-09 15:49:50.398,23851,23853,23851,1,-1
2024-07-09 15:49:50.398,23851,23853,23851,1,-1
2024-07-09 15:49:57.612,23851,23853,23851,1,-1
2024-07-09 15:49:59.955,23851,23852,23851,1,-1
2024-07-09 15:50:00.197,23851,23852,23852,2,2
2024-07-09 15:50:06.641,23851,23852,23851,2,-2
2024-07-09 15:50:12.499,23851,23852,23851,1,-1
2024-07-09 15:50:15.246,23850,23851,23850,5,-5
2024-07-09 15:50:19.633,23849,23850,23850,1,1
2024-07-09 15:50:20.857,23849,23850,23849,4,-4
2024-07-09 15:50:22.329,23848,23850,23848,1,-1
2024-07-09 15:50:22.992,23849,23850,23850,1,1
2024-07-09 15:50:26.290,23849,23850,23849,2,-2
2024-07-09 15:50:26.292,23849,23850,23848,2,-2
2024-07-09 15:50:26.292,23849,23850,23848,4,-4
2024-07-09 15:50:26.470,23847,23849,23847,3,-3
2024-07-09 15:50:26.474,23847,23849,23847,1,-1
2024-07-09 15:50:27.333,23847,23849,23847,1,-1
2024-07-09 15:50:30.547,23847,23849,23849,1,1
2024-07-09 15:50:36.438,23848,23850,23848,1,-1
2024-07-09 15:50:38.618,23847,23849,23847,1,-1
2024-07-09 15:50:42.592,23845,23847,23846,1,-1
2024-07-09 15:50:43.148,23845,23847,23847,4,4
2024-07-09 15:50:43.301,23845,23848,23848,1,1
2024-07-09 15:50:43.451,23846,23848,23846,1,-1
2024-07-09 15:50:43.709,23846,23848,23848,1,1
2024-07-09 15:50:44.559,23846,23848,23846,5,-5
2024-07-09 15:50:44.559,23846,23848,23845,5,-5
2024-07-09 15:50:44.768,23845,23847,23845,2,-2
2024-07-09 15:50:44.768,23845,23847,23845,3,-3
2024-07-09 15:50:45.254,23845,23847,23847,1,1
2024-07-09 15:50:50.446,23845,23847,23845,1,-1
2024-07-09 15:50:50.653,23845,23847,23845,1,-1
2024-07-09 15:50:51.159,23845,23847,23847,2,2
2024-07-09 15:50:53.561,23845,23846,23845,1,-1
2024-07-09 15:50:54.618,23845,23846,23846,2,2
2024-07-09 15:50:55.395,23845,23848,23845,1,-1
2024-07-09 15:50:55.863,23845,23848,23845,5,-5
2024-07-09 15:50:55.863,23845,23848,23845,5,-5
2024-07-09 15:50:56.217,23845,23847,23845,3,-3
2024-07-09 15:50:56.217,23845,23847,23844,2,-2
2024-07-09 15:50:56.343,23844,23847,23844,1,-1
2024-07-09 15:50:56.916,23844,23847,23844,5,-5
2024-07-09 15:50:59.028,23844,23846,23846,1,1
2024-07-09 15:50:59.249,23845,23847,23845,2,-2
2024-07-09 15:50:59.419,23845,23846,23845,1,-1
2024-07-09 15:51:01.143,23845,23846,23846,1,1
2024-07-09 15:51:01.378,23845,23847,23845,1,-1
2024-07-09 15:51:01.378,23845,23847,23844,2,-2
2024-07-09 15:51:05.412,23844,23845,23844,1,-1
2024-07-09 15:51:05.412,23844,23845,23844,1,-1
2024-07-09 15:51:08.850,23843,23845,23843,2,-2
2024-07-09 15:51:08.970,23843,23845,23843,1,-1
2024-07-09 15:51:09.073,23843,23845,23843,1,-1
2024-07-09 15:51:09.073,23843,23845,23842,2,-2
2024-07-09 15:51:09.189,23842,23844,23842,4,-4
2024-07-09 15:51:09.189,23842,23844,23841,1,-1
2024-07-09 15:51:09.295,23841,23844,23841,1,-1
2024-07-09 15:51:11.290,23842,23844,23842,1,-1
2024-07-09 15:51:11.520,23842,23844,23842,1,-1
2024-07-09 15:51:12.557,23842,23844,23842,1,-1
2024-07-09 15:51:13.756,23842,23844,23844,1,1
2024-07-09 15:51:24.739,23842,23844,23844,7,7
2024-07-09 15:51:25.310,23844,23845,23845,1,1
2024-07-09 15:51:30.507,23844,23845,23845,2,2
2024-07-09 15:51:36.786,23844,23845,23845,3,3
2024-07-09 15:51:37.401,23845,23846,23845,1,-1
2024-07-09 15:51:40.699,23844,23846,23846,1,1
2024-07-09 15:51:40.936,23844,23846,23846,1,1
2024-07-09 15:51:40.936,23844,23846,23846,2,2
2024-07-09 15:51:43.213,23846,23847,23847,1,1
2024-07-09 15:51:48.946,23846,23848,23848,1,1
2024-07-09 15:51:50.456,23846,23849,23849,2,2
2024-07-09 15:51:59.647,23847,23849,23848,1,1
2024-07-09 15:52:00.755,23847,23849,23847,2,-2
2024-07-09 15:52:01.411,23846,23848,23847,1,-1
2024-07-09 15:52:01.517,23846,23848,23846,1,-1
2024-07-09 15:52:01.517,23846,23848,23846,1,-1
2024-07-09 15:52:01.577,23844,23847,23847,1,1
2024-07-09 15:52:02.019,23846,23847,23846,1,-1
2024-07-09 15:52:02.019,23846,23847,23845,1,-1
2024-07-09 15:52:02.271,23845,23847,23847,1,1
2024-07-09 15:52:12.125,23844,23847,23847,1,1
2024-07-09 15:52:19.393,23846,23848,23848,2,2
2024-07-09 15:52:22.760,23848,23849,23848,1,-1
2024-07-09 15:52:23.084,23848,23849,23849,1,1
2024-07-09 15:52:23.253,23848,23849,23849,1,1
2024-07-09 15:52:24.752,23848,23850,23848,2,-2
2024-07-09 15:52:24.850,23848,23850,23848,1,-1
2024-07-09 15:52:24.851,23848,23850,23848,1,-1
2024-07-09 15:52:27.085,23849,23850,23850,1,1
2024-07-09 15:52:27.085,23849,23850,23850,2,2
2024-07-09 15:52:27.426,23849,23850,23849,1,-1
2024-07-09 15:52:28.597,23849,23850,23850,1,1
2024-07-09 15:52:31.609,23849,23850,23850,1,1
2024-07-09 15:52:33.973,23849,23850,23850,2,2
2024-07-09 15:52:34.403,23849,23850,23849,1,-1
