2019-07-02 15:00:00.056,10750,10752,10750,23
2019-07-02 15:00:00.172,10750,10752,10752,4
2019-07-02 15:00:00.595,10750,10752,10752,1
2019-07-02 15:00:00.754,10750,10752,10752,2
2019-07-02 15:00:00.760,10750,10752,10752,2
2019-07-02 15:00:01.238,10751,10752,10752,1
2019-07-02 15:00:01.259,10751,10752,10751,1
2019-07-02 15:00:01.525,10752,10753,10752,1
2019-07-02 15:00:03.600,10751,10752,10752,1
2019-07-02 15:00:03.693,10751,10752,10752,5
2019-07-02 15:00:03.818,10751,10752,10752,11
2019-07-02 15:00:03.818,10751,10752,10752,1
2019-07-02 15:00:04.564,10752,10753,10752,1
2019-07-02 15:00:04.663,10752,10753,10752,1
2019-07-02 15:00:05.431,10752,10753,10752,2
2019-07-02 15:00:06.941,10752,10753,10752,1
2019-07-02 15:00:10.429,10752,10753,10753,1
2019-07-02 15:00:10.796,10752,10753,10752,1
2019-07-02 15:00:13.626,10752,10753,10752,10
2019-07-02 15:00:13.708,10751,10753,10752,1
2019-07-02 15:00:13.740,10751,10753,10752,1
2019-07-02 15:00:13.744,10751,10753,10752,1
2019-07-02 15:00:13.751,10751,10753,10752,1
2019-07-02 15:00:13.753,10751,10753,10752,1
2019-07-02 15:00:13.757,10751,10753,10752,1
2019-07-02 15:00:13.819,10752,10753,10752,1
2019-07-02 15:00:16.031,10751,10752,10752,1
2019-07-02 15:00:19.534,10751,10752,10752,1
2019-07-02 15:00:19.692,10751,10752,10752,1
2019-07-02 15:00:36.530,10751,10752,10752,1
2019-07-02 15:00:36.986,10751,10752,10752,1
2019-07-02 15:00:37.462,10751,10752,10752,1
2019-07-02 15:00:40.819,10751,10752,10751,1
2019-07-02 15:00:40.819,10751,10752,10751,1
2019-07-02 15:00:40.819,10751,10752,10751,1
2019-07-02 15:00:40.819,10751,10752,10751,1
2019-07-02 15:00:40.819,10751,10752,10751,1
2019-07-02 15:00:40.820,10751,10752,10751,1
2019-07-02 15:00:40.820,10751,10752,10751,1
2019-07-02 15:00:41.621,10751,10752,10752,1
2019-07-02 15:00:41.783,10751,10752,10751,1
2019-07-02 15:00:42.619,10751,10752,10752,1
2019-07-02 15:00:47.265,10751,10752,10752,1
2019-07-02 15:00:53.001,10751,10752,10751,3
2019-07-02 15:00:56.769,10751,10752,10751,1
2019-07-02 15:00:57.669,10751,10752,10751,2
2019-07-02 15:01:00.701,10750,10751,10751,1
2019-07-02 15:01:07.045,10750,10751,10751,2
2019-07-02 15:01:11.930,10750,10751,10750,2
2019-07-02 15:01:16.149,10750,10751,10750,2
2019-07-02 15:01:16.543,10750,10751,10750,18
2019-07-02 15:01:34.032,10749,10750,10749,2
2019-07-02 15:01:35.070,10749,10750,10749,1
2019-07-02 15:01:41.115,10749,10750,10749,1
2019-07-02 15:01:41.185,10749,10750,10749,3
2019-07-02 15:01:44.216,10749,10750,10749,4
2019-07-02 15:01:45.488,10749,10750,10749,1
2019-07-02 15:01:53.774,10749,10750,10749,4
2019-07-02 15:02:01.004,10749,10750,10749,5
2019-07-02 15:02:01.249,10748,10749,10749,2
2019-07-02 15:02:02.361,10748,10749,10749,2
2019-07-02 15:02:02.540,10749,10750,10749,2
2019-07-02 15:02:02.568,10749,10750,10749,1
2019-07-02 15:02:05.838,10748,10749,10749,1
2019-07-02 15:02:21.844,10748,10749,10749,1
2019-07-02 15:02:24.105,10748,10749,10749,5
2019-07-02 15:02:38.079,10748,10749,10748,1
2019-07-02 15:02:56.589,10748,10749,10748,1
2019-07-02 15:02:57.001,10748,10749,10748,1
2019-07-02 15:03:00.003,10748,10749,10748,5
2019-07-02 15:03:00.656,10748,10749,10748,3
2019-07-02 15:03:02.125,10748,10749,10748,3
2019-07-02 15:03:09.173,10748,10749,10748,2
2019-07-02 15:03:11.564,10748,10749,10748,10
2019-07-02 15:03:13.547,10747,10748,10748,1
2019-07-02 15:03:15.228,10747,10748,10748,1
2019-07-02 15:03:21.534,10747,10748,10748,3
2019-07-02 15:03:22.306,10747,10748,10748,1
2019-07-02 15:03:28.373,10747,10748,10748,5
2019-07-02 15:03:36.032,10747,10748,10747,5
2019-07-02 15:03:44.036,10747,10748,10747,1
2019-07-02 15:03:52.995,10747,10748,10747,2
2019-07-02 15:03:56.420,10747,10748,10747,1
2019-07-02 15:03:57.177,10747,10748,10747,1
2019-07-02 15:04:02.933,10747,10748,10747,1
2019-07-02 15:04:03.995,10747,10748,10747,1
2019-07-02 15:04:04.069,10747,10748,10747,8
2019-07-02 15:04:07.509,10746,10747,10747,1
2019-07-02 15:04:07.592,10746,10747,10746,1
2019-07-02 15:04:08.322,10746,10747,10746,3
2019-07-02 15:04:15.913,10746,10747,10747,2
2019-07-02 15:04:16.154,10746,10747,10747,2
2019-07-02 15:04:22.566,10747,10748,10747,1
2019-07-02 15:04:25.864,10747,10748,10747,1
2019-07-02 15:04:38.444,10747,10748,10747,7
2019-07-02 15:04:48.460,10746,10747,10747,3
2019-07-02 15:05:02.653,10746,10747,10747,3
2019-07-02 15:05:02.686,10746,10747,10746,2
2019-07-02 15:05:02.693,10746,10747,10747,4
2019-07-02 15:05:03.033,10747,10748,10747,1
2019-07-02 15:05:09.720,10747,10748,10747,1
2019-07-02 15:05:17.923,10747,10748,10748,2
2019-07-02 15:05:18.656,10747,10748,10747,1
2019-07-02 15:05:18.949,10747,10748,10748,2
2019-07-02 15:05:36.380,10747,10748,10748,1
2019-07-02 15:05:45.279,10747,10748,10747,1
2019-07-02 15:05:47.797,10747,10748,10747,1
2019-07-02 15:05:51.221,10747,10748,10747,1
2019-07-02 15:05:57.363,10747,10748,10748,1
2019-07-02 15:06:00.170,10747,10748,10747,2
2019-07-02 15:06:08.927,10747,10748,10747,1
2019-07-02 15:06:20.529,10747,10748,10747,3
2019-07-02 15:06:20.812,10747,10748,10747,1
2019-07-02 15:06:25.626,10747,10748,10748,1
2019-07-02 15:06:34.872,10747,10748,10747,5
2019-07-02 15:06:34.943,10747,10748,10747,8
2019-07-02 15:06:35.303,10746,10747,10747,1
2019-07-02 15:06:50.581,10746,10747,10746,1
2019-07-02 15:06:56.869,10746,10747,10747,1
2019-07-02 15:07:01.790,10746,10747,10747,1
2019-07-02 15:07:07.129,10746,10747,10747,1
2019-07-02 15:07:07.713,10746,10747,10747,1
2019-07-02 15:07:08.244,10747,10748,10747,2
2019-07-02 15:07:23.931,10746,10747,10746,2
2019-07-02 15:07:28.263,10746,10747,10746,6
2019-07-02 15:07:31.730,10746,10747,10746,1
2019-07-02 15:07:34.728,10746,10747,10746,1
2019-07-02 15:07:35.169,10746,10747,10747,1
2019-07-02 15:07:43.177,10746,10747,10746,2
2019-07-02 15:07:55.290,10746,10747,10746,1
2019-07-02 15:08:03.016,10746,10747,10746,4
2019-07-02 15:08:09.056,10746,10747,10746,2
2019-07-02 15:08:09.176,10746,10747,10746,1
2019-07-02 15:08:26.229,10746,10747,10746,3
2019-07-02 15:08:32.926,10746,10747,10746,2
2019-07-02 15:08:40.484,10746,10747,10746,4
2019-07-02 15:08:43.047,10746,10747,10746,2
2019-07-02 15:08:49.795,10746,10747,10746,1
2019-07-02 15:08:50.038,10746,10747,10746,2
2019-07-02 15:08:52.364,10746,10747,10746,1
2019-07-02 15:09:08.752,10746,10747,10746,3
2019-07-02 15:09:17.103,10746,10747,10746,1
2019-07-02 15:09:23.081,10746,10747,10747,1
2019-07-02 15:09:40.797,10746,10747,10747,2
2019-07-02 15:09:44.487,10746,10747,10747,3
2019-07-02 15:09:46.170,10746,10747,10746,1
2019-07-02 15:10:04.334,10746,10747,10746,1
2019-07-02 15:10:23.103,10746,10747,10747,1
2019-07-02 15:10:26.538,10746,10747,10746,1
2019-07-02 15:10:31.052,10746,10747,10747,2
2019-07-02 15:10:42.509,10746,10747,10747,1
2019-07-02 15:10:52.090,10746,10747,10747,1
2019-07-02 15:10:56.973,10746,10747,10747,1
2019-07-02 15:11:00.877,10746,10747,10747,1
2019-07-02 15:11:15.812,10746,10747,10747,4
2019-07-02 15:11:24.380,10746,10747,10746,1
2019-07-02 15:11:24.444,10746,10747,10746,1
2019-07-02 15:11:37.951,10746,10747,10746,1
2019-07-02 15:11:38.158,10746,10747,10746,25
2019-07-02 15:11:38.194,10746,10747,10746,3
2019-07-02 15:11:38.194,10746,10747,10746,2
2019-07-02 15:11:38.194,10746,10747,10746,7
2019-07-02 15:11:38.194,10746,10747,10746,1
2019-07-02 15:11:38.194,10746,10747,10746,1
2019-07-02 15:11:41.768,10745,10746,10745,1
2019-07-02 15:11:41.769,10745,10746,10745,6
2019-07-02 15:11:41.818,10745,10746,10745,20
2019-07-02 15:11:41.943,10745,10746,10745,1
2019-07-02 15:11:42.848,10744,10745,10745,1
2019-07-02 15:11:45.855,10744,10745,10744,1
2019-07-02 15:11:48.917,10744,10745,10745,1
2019-07-02 15:12:03.218,10744,10745,10744,1
2019-07-02 15:12:12.532,10744,10745,10744,1
2019-07-02 15:12:24.336,10744,10745,10745,1
2019-07-02 15:12:34.858,10744,10745,10744,1
2019-07-02 15:12:39.964,10744,10745,10745,1
2019-07-02 15:12:40.098,10744,10745,10744,1
2019-07-02 15:12:42.307,10744,10745,10744,1
2019-07-02 15:12:43.642,10744,10745,10744,1
2019-07-02 15:12:46.281,10744,10745,10745,4
2019-07-02 15:12:46.440,10744,10745,10744,19
2019-07-02 15:12:49.270,10743,10744,10744,1
2019-07-02 15:12:51.669,10743,10744,10744,1
2019-07-02 15:12:51.955,10743,10744,10743,22
2019-07-02 15:12:56.131,10742,10743,10742,30
2019-07-02 15:12:56.194,10742,10743,10742,10
2019-07-02 15:12:56.284,10742,10743,10741,1
2019-07-02 15:12:56.522,10742,10743,10742,1
2019-07-02 15:12:57.519,10742,10743,10742,1
2019-07-02 15:13:00.067,10742,10743,10742,1
2019-07-02 15:13:01.520,10742,10743,10742,2
2019-07-02 15:13:04.012,10742,10743,10742,1
2019-07-02 15:13:04.405,10742,10743,10742,18
2019-07-02 15:13:04.406,10742,10743,10742,1
2019-07-02 15:13:04.406,10742,10743,10742,3
2019-07-02 15:13:04.406,10742,10743,10742,1
2019-07-02 15:13:04.407,10742,10743,10742,2
2019-07-02 15:13:04.811,10741,10742,10742,1
2019-07-02 15:13:06.004,10741,10742,10742,1
2019-07-02 15:13:13.140,10741,10742,10742,1
2019-07-02 15:13:17.364,10741,10742,10742,1
2019-07-02 15:13:22.108,10741,10742,10742,1
2019-07-02 15:13:22.681,10741,10742,10742,1
2019-07-02 15:13:31.423,10741,10742,10742,2
2019-07-02 15:13:32.007,10741,10742,10742,1
2019-07-02 15:13:32.160,10741,10742,10742,1
2019-07-02 15:13:34.226,10741,10742,10742,2
2019-07-02 15:13:37.411,10741,10742,10742,3
2019-07-02 15:13:37.443,10741,10742,10742,4
2019-07-02 15:13:44.498,10742,10743,10743,1
2019-07-02 15:13:45.022,10742,10743,10742,1
2019-07-02 15:13:47.852,10742,10743,10742,1
2019-07-02 15:13:59.343,10742,10743,10742,1
2019-07-02 15:14:40.266,10742,10743,10742,1
2019-07-02 15:14:49.504,10742,10743,10742,3
2019-07-02 15:14:51.930,10742,10743,10742,2
2019-07-02 15:14:53.999,10742,10743,10742,1
2019-07-02 15:14:55.020,10742,10743,10742,1
2019-07-02 15:15:00.933,10742,10743,10742,1
2019-07-02 15:15:04.639,10742,10743,10742,1
2019-07-02 15:15:05.720,10742,10743,10742,2
2019-07-02 15:15:05.779,10742,10743,10742,2
2019-07-02 15:15:06.026,10742,10743,10743,1
2019-07-02 15:15:09.318,10742,10743,10743,16
2019-07-02 15:15:17.543,10743,10744,10743,1
2019-07-02 15:15:31.008,10743,10744,10743,5
2019-07-02 15:15:34.786,10743,10744,10743,1
2019-07-02 15:15:37.344,10743,10744,10743,1
2019-07-02 15:15:38.300,10743,10744,10743,1
2019-07-02 15:15:39.525,10743,10744,10743,1
2019-07-02 15:15:41.607,10743,10744,10743,1
2019-07-02 15:15:47.191,10743,10744,10744,3
2019-07-02 15:15:47.193,10743,10744,10744,20
2019-07-02 15:15:47.432,10743,10745,10745,1
2019-07-02 15:15:53.481,10744,10745,10745,2
2019-07-02 15:15:57.446,10744,10745,10745,1
2019-07-02 15:16:01.706,10744,10745,10744,11
2019-07-02 15:16:33.995,10744,10745,10744,1
2019-07-02 15:16:47.068,10744,10745,10744,5
2019-07-02 15:16:47.539,10743,10744,10744,1
2019-07-02 15:17:03.470,10743,10744,10743,1
2019-07-02 15:17:03.566,10743,10744,10744,1
2019-07-02 15:17:12.179,10743,10744,10743,2
2019-07-02 15:17:20.077,10742,10743,10742,1
2019-07-02 15:17:22.575,10742,10743,10743,1
2019-07-02 15:17:29.480,10742,10743,10743,1
2019-07-02 15:17:30.054,10742,10743,10743,1
2019-07-02 15:17:35.272,10742,10743,10742,1
2019-07-02 15:17:38.319,10742,10743,10743,1
2019-07-02 15:17:51.902,10742,10743,10742,5
2019-07-02 15:17:53.708,10742,10743,10742,1
2019-07-02 15:17:57.413,10742,10743,10743,1
2019-07-02 15:18:09.580,10742,10743,10742,1
2019-07-02 15:18:21.158,10742,10743,10742,1
2019-07-02 15:18:24.264,10742,10743,10742,1
2019-07-02 15:18:26.231,10742,10743,10742,14
2019-07-02 15:18:33.409,10741,10742,10742,1
2019-07-02 15:18:35.648,10741,10742,10741,1
2019-07-02 15:18:37.749,10741,10742,10741,2
2019-07-02 15:18:38.789,10741,10742,10741,1
2019-07-02 15:18:39.255,10741,10742,10741,5
2019-07-02 15:18:40.859,10741,10742,10741,4
2019-07-02 15:18:42.790,10741,10742,10741,3
2019-07-02 15:18:45.674,10741,10742,10741,4
2019-07-02 15:18:50.279,10741,10742,10742,1
2019-07-02 15:18:51.755,10741,10742,10741,1
2019-07-02 15:18:54.760,10741,10742,10741,1
2019-07-02 15:19:00.139,10741,10742,10742,2
2019-07-02 15:19:02.230,10741,10742,10741,4
2019-07-02 15:19:12.282,10741,10742,10742,1
2019-07-02 15:19:16.320,10741,10742,10742,26
2019-07-02 15:19:27.884,10742,10743,10743,4
2019-07-02 15:19:29.537,10742,10743,10743,1
2019-07-02 15:19:32.720,10742,10743,10743,8
2019-07-02 15:19:34.505,10742,10743,10743,2
2019-07-02 15:19:35.309,10742,10743,10742,1
2019-07-02 15:19:36.629,10742,10743,10743,1
2019-07-02 15:19:42.329,10743,10744,10744,1
2019-07-02 15:19:50.260,10743,10744,10744,1
2019-07-02 15:19:51.485,10743,10744,10744,1
2019-07-02 15:20:06.327,10743,10744,10743,1
2019-07-02 15:20:33.850,10743,10744,10743,1
2019-07-02 15:20:39.412,10743,10744,10743,1
2019-07-02 15:20:44.473,10743,10744,10744,10
2019-07-02 15:20:45.756,10743,10744,10744,10
2019-07-02 15:20:49.582,10743,10744,10744,10
2019-07-02 15:20:50.761,10743,10744,10744,1
2019-07-02 15:20:51.022,10743,10744,10744,6
2019-07-02 15:20:51.069,10744,10745,10744,4
2019-07-02 15:20:59.158,10743,10744,10744,1
2019-07-02 15:21:01.221,10743,10744,10744,1
2019-07-02 15:21:13.467,10743,10744,10744,1
2019-07-02 15:21:16.962,10743,10744,10744,2
2019-07-02 15:21:37.243,10743,10744,10744,7
2019-07-02 15:21:45.692,10743,10744,10743,3
2019-07-02 15:21:46.271,10743,10744,10743,1
2019-07-02 15:21:49.187,10743,10744,10743,6
2019-07-02 15:21:49.193,10743,10744,10743,13
2019-07-02 15:21:49.427,10742,10743,10743,2
2019-07-02 15:21:56.676,10742,10743,10742,1
2019-07-02 15:22:02.597,10742,10743,10742,2
2019-07-02 15:22:10.083,10742,10743,10742,1
2019-07-02 15:22:29.467,10742,10743,10743,1
2019-07-02 15:22:31.049,10742,10743,10743,1
2019-07-02 15:22:31.348,10742,10743,10742,3
2019-07-02 15:22:37.241,10742,10743,10743,5
2019-07-02 15:22:51.606,10742,10743,10742,5
2019-07-02 15:23:01.776,10742,10743,10742,1
2019-07-02 15:23:05.860,10742,10743,10742,1
2019-07-02 15:23:14.550,10742,10743,10742,1
2019-07-02 15:23:23.838,10742,10743,10743,8
2019-07-02 15:23:24.406,10742,10743,10742,1
2019-07-02 15:24:24.461,10742,10743,10743,3
2019-07-02 15:24:38.353,10742,10743,10743,1
2019-07-02 15:24:38.443,10742,10743,10743,11
2019-07-02 15:24:47.013,10743,10744,10743,1
2019-07-02 15:24:52.000,10742,10744,10744,1
2019-07-02 15:24:57.455,10742,10743,10743,1
2019-07-02 15:25:31.208,10742,10743,10743,5
2019-07-02 15:25:42.458,10742,10743,10743,1
2019-07-02 15:25:45.291,10742,10743,10743,1
2019-07-02 15:25:45.318,10742,10743,10743,1
2019-07-02 15:25:45.318,10742,10743,10743,1
2019-07-02 15:26:18.813,10743,10744,10743,1
2019-07-02 15:26:30.264,10743,10744,10744,1
2019-07-02 15:26:46.702,10743,10744,10744,2
2019-07-02 15:26:47.241,10743,10744,10743,5
2019-07-02 15:26:49.327,10743,10744,10743,5
2019-07-02 15:27:07.338,10743,10744,10743,2
2019-07-02 15:27:11.281,10742,10743,10743,1
2019-07-02 15:27:14.722,10742,10743,10743,1
2019-07-02 15:27:17.202,10742,10743,10743,2
2019-07-02 15:27:29.208,10742,10743,10743,1
2019-07-02 15:27:35.662,10742,10743,10743,1
2019-07-02 15:27:49.158,10742,10743,10743,4
2019-07-02 15:27:49.729,10742,10743,10743,4
2019-07-02 15:27:58.665,10742,10743,10743,3
2019-07-02 15:28:09.499,10742,10743,10743,1
2019-07-02 15:28:29.372,10742,10743,10743,1
2019-07-02 15:28:49.909,10742,10743,10743,4
2019-07-02 15:28:49.943,10742,10743,10743,1
2019-07-02 15:28:49.943,10742,10743,10743,1
2019-07-02 15:28:49.944,10742,10743,10743,1
2019-07-02 15:28:49.985,10742,10743,10743,1
2019-07-02 15:28:55.444,10743,10744,10743,1
2019-07-02 15:29:29.535,10743,10744,10743,1
2019-07-02 15:29:36.021,10743,10744,10743,1
2019-07-02 15:29:50.659,10743,10744,10743,1
2019-07-02 15:29:51.749,10743,10744,10743,1
2019-07-02 15:29:53.664,10743,10744,10743,1
2019-07-02 15:29:53.664,10743,10744,10743,1
2019-07-02 15:29:56.520,10742,10743,10742,1
2019-07-02 15:29:57.818,10742,10743,10742,15
2019-07-02 15:29:57.943,10742,10743,10742,17
2019-07-02 15:30:31.568,10741,10742,10742,2
2019-07-02 15:30:32.011,10741,10743,10742,1
2019-07-02 15:30:32.031,10741,10743,10742,1
2019-07-02 15:30:32.774,10742,10743,10743,1
2019-07-02 15:30:32.927,10742,10743,10743,1
2019-07-02 15:30:32.927,10742,10743,10744,2
2019-07-02 15:30:35.697,10743,10744,10744,1
2019-07-02 15:30:37.706,10742,10744,10744,1
2019-07-02 15:30:41.969,10742,10743,10743,1
2019-07-02 15:30:42.367,10742,10743,10743,1
2019-07-02 15:30:43.338,10742,10743,10743,1
2019-07-02 15:30:53.811,10742,10743,10743,2
2019-07-02 15:30:56.584,10742,10743,10743,1
2019-07-02 15:31:02.563,10742,10743,10742,5
2019-07-02 15:31:22.902,10742,10743,10742,1
2019-07-02 15:31:24.051,10742,10743,10742,1
2019-07-02 15:31:24.068,10742,10743,10742,1
2019-07-02 15:31:24.319,10742,10743,10742,1
2019-07-02 15:31:45.571,10742,10743,10742,2
2019-07-02 15:31:53.226,10742,10743,10742,1
2019-07-02 15:31:56.464,10741,10742,10742,1
2019-07-02 15:32:06.851,10741,10742,10741,1
2019-07-02 15:32:12.297,10741,10743,10741,1
2019-07-02 15:32:27.941,10741,10743,10741,1
2019-07-02 15:32:30.096,10741,10742,10742,1
2019-07-02 15:32:44.007,10741,10743,10741,1
2019-07-02 15:32:57.159,10742,10743,10742,1
2019-07-02 15:32:59.682,10742,10743,10742,1
2019-07-02 15:33:04.401,10741,10742,10741,1
2019-07-02 15:33:04.408,10741,10742,10741,3
2019-07-02 15:33:04.408,10741,10742,10741,2
2019-07-02 15:33:04.434,10741,10742,10741,3
2019-07-02 15:33:04.775,10741,10742,10741,1
2019-07-02 15:33:06.251,10741,10742,10741,1
2019-07-02 15:33:06.822,10741,10742,10741,1
2019-07-02 15:33:20.501,10741,10742,10741,3
2019-07-02 15:33:30.500,10741,10742,10742,3
2019-07-02 15:33:31.160,10741,10742,10742,9
2019-07-02 15:33:31.161,10741,10742,10742,2
2019-07-02 15:33:44.541,10742,10743,10743,1
2019-07-02 15:34:02.736,10742,10743,10743,1
2019-07-02 15:34:10.137,10742,10743,10743,1
2019-07-02 15:34:15.749,10742,10743,10743,6
2019-07-02 15:34:24.190,10743,10744,10744,1
2019-07-02 15:34:24.491,10743,10744,10743,1
2019-07-02 15:34:34.014,10743,10744,10744,1
2019-07-02 15:34:34.015,10743,10744,10744,1
2019-07-02 15:34:34.054,10743,10744,10744,4
2019-07-02 15:34:34.054,10743,10744,10744,4
2019-07-02 15:34:34.068,10743,10744,10744,1
2019-07-02 15:35:29.519,10744,10745,10744,1
2019-07-02 15:35:58.786,10744,10745,10745,3
2019-07-02 15:36:04.622,10744,10745,10745,1
2019-07-02 15:36:06.235,10744,10745,10745,3
2019-07-02 15:36:09.431,10744,10745,10745,4
2019-07-02 15:36:12.190,10744,10745,10745,1
2019-07-02 15:36:13.193,10744,10745,10745,3
2019-07-02 15:36:18.681,10744,10745,10745,1
2019-07-02 15:36:20.525,10744,10745,10745,1
2019-07-02 15:36:23.458,10744,10745,10745,1
2019-07-02 15:36:29.936,10744,10745,10745,2
2019-07-02 15:36:35.272,10744,10745,10745,2
2019-07-02 15:36:43.205,10744,10745,10745,2
2019-07-02 15:36:46.780,10744,10745,10745,1
2019-07-02 15:36:51.443,10744,10745,10745,11
2019-07-02 15:37:03.650,10745,10746,10745,1
2019-07-02 15:37:34.233,10745,10746,10745,1
2019-07-02 15:37:35.942,10745,10746,10746,1
2019-07-02 15:37:35.969,10745,10746,10746,1
2019-07-02 15:37:47.195,10745,10746,10745,1
2019-07-02 15:37:51.818,10745,10746,10745,1
2019-07-02 15:38:06.106,10745,10746,10745,2
2019-07-02 15:38:06.907,10744,10745,10745,1
2019-07-02 15:38:34.775,10744,10745,10745,1
2019-07-02 15:38:37.021,10744,10745,10744,1
2019-07-02 15:40:03.055,10744,10745,10745,2
2019-07-02 15:40:03.455,10744,10745,10745,1
2019-07-02 15:40:04.670,10744,10745,10744,5
2019-07-02 15:40:09.421,10744,10745,10745,6
2019-07-02 15:40:10.915,10744,10745,10745,1
2019-07-02 15:40:10.943,10744,10745,10745,1
2019-07-02 15:40:11.068,10744,10745,10745,1
2019-07-02 15:40:18.045,10745,10746,10746,1
2019-07-02 15:40:22.730,10745,10746,10746,1
2019-07-02 15:40:24.367,10745,10746,10746,1
2019-07-02 15:40:30.983,10745,10746,10746,1
2019-07-02 15:40:31.532,10745,10746,10746,1
2019-07-02 15:40:33.294,10745,10746,10746,1
2019-07-02 15:40:33.497,10745,10746,10746,1
2019-07-02 15:40:34.405,10745,10746,10746,1
2019-07-02 15:40:34.977,10745,10746,10746,2
2019-07-02 15:40:35.068,10745,10746,10746,5
2019-07-02 15:40:35.193,10745,10746,10746,2
2019-07-02 15:40:35.193,10745,10746,10746,1
2019-07-02 15:40:35.193,10745,10746,10746,9
2019-07-02 15:40:39.694,10746,10747,10746,1
2019-07-02 15:40:47.605,10746,10747,10747,1
2019-07-02 15:41:02.873,10746,10747,10747,1
2019-07-02 15:41:10.895,10746,10747,10746,2
2019-07-02 15:41:10.943,10746,10747,10746,4
2019-07-02 15:41:20.783,10745,10746,10746,1
2019-07-02 15:41:22.721,10745,10746,10745,2
2019-07-02 15:41:27.569,10745,10746,10745,11
2019-07-02 15:41:43.001,10744,10745,10745,1
2019-07-02 15:41:54.908,10744,10745,10745,1
2019-07-02 15:42:02.197,10744,10745,10744,1
2019-07-02 15:42:12.971,10744,10745,10744,1
2019-07-02 15:42:38.132,10744,10745,10744,1
2019-07-02 15:43:17.103,10744,10745,10744,1
2019-07-02 15:43:38.755,10744,10745,10744,2
2019-07-02 15:44:11.129,10744,10745,10745,1
2019-07-02 15:44:23.790,10744,10745,10744,1
2019-07-02 15:44:23.790,10744,10745,10744,1
2019-07-02 15:44:23.818,10744,10745,10744,1
2019-07-02 15:44:23.818,10744,10745,10744,1
2019-07-02 15:44:23.944,10744,10745,10744,1
2019-07-02 15:44:50.033,10744,10745,10744,1
2019-07-02 15:44:57.913,10744,10745,10744,2
2019-07-02 15:44:57.914,10744,10745,10744,3
2019-07-02 15:44:57.914,10744,10745,10744,2
2019-07-02 15:44:57.914,10744,10745,10744,1
2019-07-02 15:45:03.103,10743,10744,10743,3
2019-07-02 15:45:03.599,10743,10744,10744,1
2019-07-02 15:45:03.609,10743,10744,10743,1
2019-07-02 15:45:03.615,10743,10744,10743,1
2019-07-02 15:45:07.165,10743,10744,10743,1
2019-07-02 15:45:09.872,10743,10744,10744,2
2019-07-02 15:45:58.519,10743,10744,10744,3
2019-07-02 15:46:02.213,10743,10744,10743,3
2019-07-02 15:46:20.259,10743,10744,10743,1
2019-07-02 15:46:21.242,10743,10744,10743,1
2019-07-02 15:46:26.426,10743,10744,10743,1
2019-07-02 15:46:26.443,10743,10744,10743,15
2019-07-02 15:46:26.547,10743,10744,10743,1
2019-07-02 15:46:45.932,10742,10743,10742,1
2019-07-02 15:46:59.503,10742,10743,10743,1
2019-07-02 15:47:02.321,10742,10743,10742,3
2019-07-02 15:47:12.269,10742,10743,10742,2
2019-07-02 15:47:13.770,10742,10743,10742,1
2019-07-02 15:47:29.322,10742,10743,10743,2
2019-07-02 15:47:29.322,10742,10743,10743,2
2019-07-02 15:47:29.364,10742,10743,10743,2
2019-07-02 15:47:29.364,10742,10743,10743,2
2019-07-02 15:47:29.364,10742,10743,10743,2
2019-07-02 15:47:33.988,10743,10744,10743,1
2019-07-02 15:47:35.029,10743,10744,10743,1
2019-07-02 15:48:28.477,10743,10744,10744,1
2019-07-02 15:48:42.006,10744,10745,10744,1
2019-07-02 15:48:42.604,10744,10745,10744,1
2019-07-02 15:49:31.200,10744,10745,10744,2
2019-07-02 15:49:35.244,10744,10745,10745,5
2019-07-02 15:49:41.494,10744,10745,10744,1
2019-07-02 15:49:41.568,10744,10745,10744,1
2019-07-02 15:50:02.660,10743,10744,10743,1
2019-07-02 15:50:02.986,10743,10744,10743,1
2019-07-02 15:50:07.193,10743,10744,10744,3
2019-07-02 15:50:38.730,10744,10745,10744,1
2019-07-02 15:50:58.578,10744,10745,10744,1
2019-07-02 15:51:31.439,10744,10745,10744,4
2019-07-02 15:51:37.200,10744,10745,10744,1
2019-07-02 15:52:08.716,10744,10745,10744,1
2019-07-02 15:52:16.127,10744,10745,10745,1
2019-07-02 15:52:16.193,10744,10745,10745,1
2019-07-02 15:52:16.318,10744,10745,10745,1
2019-07-02 15:52:21.568,10744,10745,10745,1
2019-07-02 15:52:21.568,10744,10745,10745,1
2019-07-02 15:52:21.568,10744,10745,10745,1
2019-07-02 15:52:21.613,10744,10745,10745,3
2019-07-02 15:52:25.765,10745,10746,10745,1
2019-07-02 15:52:34.370,10745,10746,10746,2
2019-07-02 15:52:36.663,10745,10746,10745,1
2019-07-02 15:52:57.667,10745,10746,10745,3
2019-07-02 15:53:01.128,10745,10746,10745,3
2019-07-02 15:53:01.128,10745,10746,10745,2
2019-07-02 15:53:01.128,10745,10746,10745,15
2019-07-02 15:53:02.551,10744,10745,10744,4
2019-07-02 15:53:34.446,10744,10745,10744,1
2019-07-02 15:53:34.575,10744,10745,10744,1
2019-07-02 15:53:36.126,10744,10745,10744,1
2019-07-02 15:53:36.193,10744,10745,10744,2
2019-07-02 15:53:36.193,10744,10745,10744,7
2019-07-02 15:53:56.966,10743,10744,10743,1
2019-07-02 15:54:03.104,10743,10744,10743,9
2019-07-02 15:54:06.047,10743,10744,10743,1
2019-07-02 15:54:15.536,10743,10744,10744,1
2019-07-02 15:54:15.883,10744,10745,10744,1
2019-07-02 15:54:22.345,10743,10744,10743,1
2019-07-02 15:54:23.328,10743,10744,10744,20
2019-07-02 15:55:26.860,10743,10744,10744,2
2019-07-02 15:56:02.325,10743,10744,10743,2
2019-07-02 15:56:07.404,10743,10744,10744,1
2019-07-02 15:56:30.571,10743,10744,10743,1
2019-07-02 15:56:30.572,10743,10744,10743,1
2019-07-02 15:56:30.693,10743,10744,10743,1
2019-07-02 15:56:30.693,10743,10744,10743,1
2019-07-02 15:56:33.220,10743,10744,10743,1
2019-07-02 15:56:56.064,10742,10743,10743,1
2019-07-02 15:57:09.826,10742,10743,10742,13
2019-07-02 15:57:09.827,10742,10743,10742,1
2019-07-02 15:57:10.174,10742,10743,10742,1
2019-07-02 15:57:20.881,10742,10743,10742,1
2019-07-02 15:57:23.715,10742,10743,10742,1
2019-07-02 15:57:27.074,10742,10743,10742,1
2019-07-02 15:57:27.818,10742,10743,10742,1
2019-07-02 15:57:48.195,10742,10743,10742,1
2019-07-02 15:57:48.677,10742,10743,10742,3
2019-07-02 15:57:48.693,10742,10743,10742,1
2019-07-02 15:57:55.090,10742,10743,10742,1
2019-07-02 15:57:56.103,10742,10743,10742,1
2019-07-02 15:58:04.789,10742,10743,10742,1
2019-07-02 15:58:05.701,10742,10743,10742,3
2019-07-02 15:58:05.709,10742,10743,10742,1
2019-07-02 15:58:15.039,10741,10742,10742,1
2019-07-02 15:58:56.143,10741,10742,10742,1
2019-07-02 15:59:02.675,10741,10742,10741,5
2019-07-02 15:59:20.559,10741,10742,10741,1
2019-07-02 15:59:21.300,10741,10742,10741,1
2019-07-02 15:59:36.449,10741,10742,10741,1
2019-07-02 15:59:41.966,10741,10742,10742,25
2019-07-02 15:59:42.068,10741,10742,10742,22
2019-07-02 15:59:51.402,10742,10743,10742,2
2019-07-02 15:59:55.172,10741,10742,10742,1
2019-07-02 15:59:58.262,10742,10743,10742,1
2019-07-02 16:00:11.667,10741,10742,10741,1
2019-07-02 16:00:11.837,10741,10742,10741,2
2019-07-02 16:00:11.850,10741,10742,10741,2
2019-07-02 16:00:11.912,10741,10742,10741,1
2019-07-02 16:00:13.059,10741,10742,10741,1
2019-07-02 16:00:13.226,10741,10742,10741,3
2019-07-02 16:00:13.529,10741,10742,10741,1
2019-07-02 16:00:13.545,10741,10742,10741,1
2019-07-02 16:00:13.545,10741,10742,10741,1
2019-07-02 16:00:13.575,10741,10742,10741,1
2019-07-02 16:00:13.599,10741,10742,10741,1
2019-07-02 16:00:13.630,10741,10742,10741,1
2019-07-02 16:00:29.782,10741,10742,10741,2
2019-07-02 16:00:30.363,10741,10742,10741,1
2019-07-02 16:00:37.195,10741,10742,10741,1
2019-07-02 16:00:44.868,10741,10742,10741,2
2019-07-02 16:00:45.634,10741,10742,10741,1
2019-07-02 16:01:02.884,10741,10742,10741,3
2019-07-02 16:01:15.437,10741,10742,10742,1
2019-07-02 16:01:15.438,10741,10742,10742,11
2019-07-02 16:01:28.301,10742,10743,10742,1
2019-07-02 16:01:41.046,10742,10743,10742,1
2019-07-02 16:01:41.944,10742,10743,10742,1
2019-07-02 16:01:48.484,10742,10743,10742,2
2019-07-02 16:02:31.818,10742,10743,10743,6
2019-07-02 16:02:31.829,10742,10743,10742,1
2019-07-02 16:02:31.943,10742,10743,10743,5
2019-07-02 16:02:32.194,10743,10744,10743,1
2019-07-02 16:02:45.652,10743,10744,10743,1
2019-07-02 16:03:03.133,10743,10744,10743,2
2019-07-02 16:03:10.184,10743,10744,10743,2
2019-07-02 16:03:19.947,10743,10744,10743,1
2019-07-02 16:03:20.059,10743,10744,10743,1
2019-07-02 16:03:34.945,10743,10744,10743,3
2019-07-02 16:03:34.950,10743,10744,10743,4
2019-07-02 16:03:34.955,10743,10744,10743,2
2019-07-02 16:03:34.955,10743,10744,10743,2
2019-07-02 16:03:34.985,10743,10744,10743,1
2019-07-02 16:03:53.978,10742,10743,10742,25
2019-07-02 16:03:54.074,10742,10743,10742,1
2019-07-02 16:04:03.124,10742,10743,10742,1
2019-07-02 16:04:17.298,10742,10743,10742,25
2019-07-02 16:04:36.123,10741,10742,10742,1
2019-07-02 16:04:43.541,10741,10742,10741,2
2019-07-02 16:04:43.596,10741,10742,10742,5
2019-07-02 16:05:02.864,10741,10742,10742,1
2019-07-02 16:05:07.881,10741,10742,10742,1
2019-07-02 16:05:13.070,10741,10742,10742,1
2019-07-02 16:05:16.128,10741,10742,10741,1
2019-07-02 16:05:16.214,10741,10742,10742,5
2019-07-02 16:05:17.727,10741,10742,10742,1
2019-07-02 16:05:18.371,10741,10742,10742,1
2019-07-02 16:05:23.157,10741,10742,10742,1
2019-07-02 16:05:33.007,10742,10743,10742,1
2019-07-02 16:05:46.449,10742,10743,10742,1
2019-07-02 16:05:47.007,10742,10743,10742,1
2019-07-02 16:05:47.454,10742,10743,10742,2
2019-07-02 16:05:51.122,10742,10743,10742,1
2019-07-02 16:05:54.306,10742,10743,10742,5
2019-07-02 16:05:57.583,10742,10743,10742,1
2019-07-02 16:06:02.425,10742,10743,10742,1
2019-07-02 16:06:04.134,10742,10743,10742,1
2019-07-02 16:06:10.818,10742,10743,10742,2
2019-07-02 16:06:21.191,10741,10742,10742,2
2019-07-02 16:06:24.571,10741,10742,10742,2
2019-07-02 16:06:39.506,10742,10743,10742,1
2019-07-02 16:06:51.362,10741,10742,10742,2
2019-07-02 16:06:54.766,10741,10742,10742,1
2019-07-02 16:07:01.926,10741,10742,10742,1
2019-07-02 16:07:02.534,10741,10742,10741,2
2019-07-02 16:07:02.589,10741,10742,10742,5
2019-07-02 16:07:16.203,10741,10742,10742,1
2019-07-02 16:07:19.238,10741,10742,10742,3
2019-07-02 16:07:19.911,10741,10742,10742,1
2019-07-02 16:07:22.874,10741,10742,10742,2
2019-07-02 16:07:23.425,10741,10743,10743,1
2019-07-02 16:07:26.464,10741,10743,10743,1
2019-07-02 16:07:30.193,10741,10742,10742,1
2019-07-02 16:07:30.746,10741,10742,10742,1
2019-07-02 16:07:33.290,10741,10742,10742,1
2019-07-02 16:07:35.847,10741,10742,10742,1
2019-07-02 16:07:43.828,10741,10742,10742,10
2019-07-02 16:07:44.693,10742,10743,10742,1
2019-07-02 16:08:00.855,10741,10742,10741,1
2019-07-02 16:08:00.964,10741,10742,10742,3
2019-07-02 16:08:00.964,10741,10742,10743,2
2019-07-02 16:08:01.094,10741,10743,10741,1
2019-07-02 16:08:13.962,10741,10742,10742,1
2019-07-02 16:08:25.499,10741,10742,10742,4
2019-07-02 16:08:41.836,10741,10742,10741,4
2019-07-02 16:08:42.124,10741,10742,10741,3
2019-07-02 16:08:42.135,10741,10742,10741,3
2019-07-02 16:08:42.176,10741,10742,10741,5
2019-07-02 16:08:42.192,10741,10742,10741,5
2019-07-02 16:08:42.215,10741,10742,10741,4
2019-07-02 16:08:42.225,10741,10742,10741,1
2019-07-02 16:08:42.225,10741,10742,10740,4
2019-07-02 16:08:42.276,10741,10742,10740,5
2019-07-02 16:08:42.284,10741,10742,10740,5
2019-07-02 16:08:42.328,10740,10742,10740,5
2019-07-02 16:08:42.511,10740,10741,10740,1
2019-07-02 16:08:49.595,10740,10741,10741,5
2019-07-02 16:08:51.699,10741,10742,10741,1
2019-07-02 16:08:51.708,10741,10742,10741,1
2019-07-02 16:08:53.800,10741,10742,10741,1
2019-07-02 16:08:54.546,10741,10742,10741,1
2019-07-02 16:09:02.268,10740,10741,10741,1
2019-07-02 16:09:06.443,10740,10741,10741,1
2019-07-02 16:09:07.863,10740,10742,10741,1
2019-07-02 16:09:07.865,10740,10742,10741,1
2019-07-02 16:09:24.161,10741,10742,10741,2
2019-07-02 16:09:29.353,10741,10742,10741,1
2019-07-02 16:09:29.933,10741,10742,10741,1
2019-07-02 16:09:40.198,10741,10742,10741,1
2019-07-02 16:09:50.189,10741,10742,10741,1
2019-07-02 16:10:09.506,10741,10742,10741,1
2019-07-02 16:10:16.372,10741,10742,10741,2
2019-07-02 16:10:20.648,10740,10741,10741,2
2019-07-02 16:10:25.656,10740,10741,10740,1
2019-07-02 16:10:28.799,10740,10741,10740,1
2019-07-02 16:10:31.194,10740,10741,10741,1
2019-07-02 16:10:35.925,10740,10741,10741,1
2019-07-02 16:10:50.778,10740,10741,10741,7
2019-07-02 16:11:16.393,10740,10741,10741,1
2019-07-02 16:11:20.349,10740,10741,10741,1
2019-07-02 16:11:23.597,10740,10741,10741,2
2019-07-02 16:11:23.693,10740,10741,10741,2
2019-07-02 16:11:24.514,10740,10742,10742,1
2019-07-02 16:11:25.007,10741,10742,10741,1
2019-07-02 16:11:38.335,10741,10742,10741,1
2019-07-02 16:11:49.242,10741,10742,10741,1
2019-07-02 16:12:02.944,10741,10742,10741,5
2019-07-02 16:13:02.189,10740,10741,10740,2
2019-07-02 16:13:12.427,10740,10741,10740,10
2019-07-02 16:13:17.149,10740,10741,10740,5
2019-07-02 16:13:19.585,10740,10741,10740,10
2019-07-02 16:13:23.049,10740,10741,10740,10
2019-07-02 16:13:24.107,10740,10741,10740,1
2019-07-02 16:13:24.116,10740,10741,10740,2
2019-07-02 16:13:24.124,10740,10741,10740,1
2019-07-02 16:13:24.163,10740,10741,10740,1
2019-07-02 16:13:24.193,10740,10741,10740,5
2019-07-02 16:13:26.074,10739,10740,10740,1
2019-07-02 16:13:26.250,10739,10740,10739,3
2019-07-02 16:13:26.347,10739,10740,10739,1
2019-07-02 16:13:26.349,10739,10740,10739,1
2019-07-02 16:13:26.371,10739,10740,10739,2
2019-07-02 16:13:28.018,10739,10740,10739,2
2019-07-02 16:13:29.190,10739,10740,10739,2
2019-07-02 16:13:30.895,10739,10740,10739,1
2019-07-02 16:13:31.526,10739,10740,10739,1
2019-07-02 16:13:39.649,10739,10740,10739,1
2019-07-02 16:13:54.676,10739,10740,10740,2
2019-07-02 16:14:07.529,10739,10740,10739,1
2019-07-02 16:14:16.668,10739,10740,10739,1
2019-07-02 16:14:23.484,10739,10740,10739,5
2019-07-02 16:14:29.660,10739,10740,10739,4
2019-07-02 16:14:29.661,10739,10740,10739,3
2019-07-02 16:14:29.683,10739,10740,10739,1
2019-07-02 16:14:29.693,10739,10740,10739,15
2019-07-02 16:14:31.668,10738,10739,10738,1
2019-07-02 16:14:31.850,10738,10739,10738,1
2019-07-02 16:14:31.896,10738,10739,10738,1
2019-07-02 16:14:32.236,10738,10739,10739,1
2019-07-02 16:14:32.428,10738,10739,10738,1
2019-07-02 16:14:32.525,10738,10739,10738,2
2019-07-02 16:14:33.567,10738,10739,10738,1
2019-07-02 16:14:33.583,10738,10739,10738,1
2019-07-02 16:14:33.603,10738,10739,10738,1
2019-07-02 16:14:33.603,10738,10739,10738,1
2019-07-02 16:14:33.609,10738,10739,10738,1
2019-07-02 16:14:38.527,10738,10739,10738,18
2019-07-02 16:14:41.785,10738,10739,10738,1
2019-07-02 16:14:42.743,10738,10739,10738,1
2019-07-02 16:14:44.142,10738,10739,10738,2
2019-07-02 16:14:44.165,10738,10739,10738,1
2019-07-02 16:14:44.306,10738,10739,10738,1
2019-07-02 16:14:44.473,10738,10739,10738,1
2019-07-02 16:14:45.006,10738,10739,10738,1
2019-07-02 16:14:45.176,10738,10739,10738,1
2019-07-02 16:14:51.024,10738,10739,10738,3
2019-07-02 16:14:59.257,10738,10739,10738,1
2019-07-02 16:15:08.664,10738,10739,10738,1
2019-07-02 16:15:08.952,10738,10739,10738,1
2019-07-02 16:15:09.072,10738,10739,10739,4
2019-07-02 16:15:09.107,10738,10739,10738,1
2019-07-02 16:15:09.398,10738,10739,10738,2
2019-07-02 16:15:09.514,10738,10739,10738,4
2019-07-02 16:15:11.174,10738,10739,10739,1
2019-07-02 16:15:23.344,10738,10739,10739,4
2019-07-02 16:15:31.042,10738,10739,10739,1
2019-07-02 16:15:34.986,10738,10739,10739,1
2019-07-02 16:15:39.481,10738,10739,10738,1
2019-07-02 16:15:48.663,10738,10739,10738,4
2019-07-02 16:16:08.314,10738,10739,10738,11
2019-07-02 16:16:10.468,10738,10739,10738,1
2019-07-02 16:16:14.979,10738,10739,10739,7
2019-07-02 16:16:15.506,10739,10740,10739,2
2019-07-02 16:16:16.113,10739,10740,10739,2
2019-07-02 16:16:21.091,10739,10740,10739,3
2019-07-02 16:16:27.257,10738,10739,10739,1
2019-07-02 16:16:27.318,10738,10739,10739,5
2019-07-02 16:16:41.200,10738,10740,10738,1
2019-07-02 16:16:45.974,10739,10740,10740,1
2019-07-02 16:16:51.545,10739,10740,10739,1
2019-07-02 16:17:03.943,10739,10740,10740,12
2019-07-02 16:17:04.069,10739,10740,10740,2
2019-07-02 16:17:04.069,10739,10740,10740,12
2019-07-02 16:17:04.153,10739,10740,10740,1
2019-07-02 16:17:42.487,10740,10741,10740,1
2019-07-02 16:17:47.493,10740,10741,10740,5
2019-07-02 16:17:47.568,10740,10741,10740,2
2019-07-02 16:17:54.439,10739,10740,10740,1
2019-07-02 16:17:58.608,10740,10741,10740,1
2019-07-02 16:17:58.608,10740,10741,10740,1
2019-07-02 16:18:18.248,10739,10740,10739,1
2019-07-02 16:18:30.955,10739,10740,10739,9
2019-07-02 16:18:48.266,10738,10739,10738,5
2019-07-02 16:19:03.902,10738,10739,10738,1
2019-07-02 16:19:06.177,10738,10739,10738,1
2019-07-02 16:19:06.354,10738,10739,10738,1
2019-07-02 16:20:03.755,10738,10739,10738,1
2019-07-02 16:20:37.683,10738,10739,10738,2
2019-07-02 16:20:48.147,10738,10739,10738,3
2019-07-02 16:20:50.423,10738,10739,10738,2
2019-07-02 16:21:02.818,10738,10739,10739,3
2019-07-02 16:21:02.943,10738,10739,10739,7
2019-07-02 16:21:03.068,10738,10739,10739,3
2019-07-02 16:21:03.068,10738,10739,10739,10
2019-07-02 16:21:03.427,10739,10740,10740,1
2019-07-02 16:21:21.782,10738,10739,10739,1
2019-07-02 16:21:32.742,10738,10739,10739,1
2019-07-02 16:21:45.316,10739,10740,10739,1
2019-07-02 16:21:48.383,10739,10740,10739,1
2019-07-02 16:21:55.374,10739,10740,10740,1
2019-07-02 16:22:19.864,10739,10740,10739,1
2019-07-02 16:22:53.497,10739,10740,10739,1
2019-07-02 16:23:00.551,10739,10740,10739,3
2019-07-02 16:23:01.942,10738,10739,10739,1
2019-07-02 16:23:08.436,10738,10739,10739,1
2019-07-02 16:23:11.506,10739,10740,10739,1
2019-07-02 16:24:02.393,10739,10740,10739,3
2019-07-02 16:24:21.244,10739,10740,10739,9
2019-07-02 16:24:23.318,10739,10740,10739,1
2019-07-02 16:24:36.261,10739,10740,10739,6
2019-07-02 16:24:43.130,10738,10739,10739,1
2019-07-02 16:24:46.279,10738,10739,10739,2
2019-07-02 16:24:47.445,10738,10739,10739,4
2019-07-02 16:25:14.536,10739,10740,10740,1
2019-07-02 16:25:20.765,10739,10740,10740,1
2019-07-02 16:25:36.923,10739,10740,10739,1
2019-07-02 16:25:36.923,10739,10740,10739,5
2019-07-02 16:25:48.253,10739,10740,10739,9
2019-07-02 16:25:49.355,10738,10739,10739,1
2019-07-02 16:25:53.419,10738,10739,10739,8
2019-07-02 16:26:00.879,10738,10739,10739,10
2019-07-02 16:26:10.228,10738,10739,10739,1
2019-07-02 16:26:14.167,10738,10739,10738,4
2019-07-02 16:26:14.168,10738,10739,10738,1
2019-07-02 16:26:28.107,10738,10739,10738,1
2019-07-02 16:26:40.686,10738,10739,10738,11
2019-07-02 16:26:40.693,10738,10739,10738,5
2019-07-02 16:26:53.675,10737,10738,10738,1
2019-07-02 16:26:59.847,10737,10738,10738,2
2019-07-02 16:27:02.876,10737,10738,10738,1
2019-07-02 16:27:02.943,10737,10738,10738,1
2019-07-02 16:27:02.943,10737,10738,10738,2
2019-07-02 16:27:11.256,10738,10739,10738,1
2019-07-02 16:27:35.765,10738,10739,10738,1
2019-07-02 16:27:38.255,10738,10739,10738,3
2019-07-02 16:27:52.992,10738,10739,10738,1
2019-07-02 16:27:55.934,10738,10739,10738,1
2019-07-02 16:28:13.695,10738,10739,10738,1
2019-07-02 16:28:15.605,10738,10739,10738,1
2019-07-02 16:28:17.472,10738,10739,10738,3
2019-07-02 16:28:40.567,10738,10739,10738,1
2019-07-02 16:28:44.408,10738,10739,10738,1
2019-07-02 16:28:53.798,10738,10739,10738,1
2019-07-02 16:28:56.802,10738,10739,10738,1
2019-07-02 16:28:59.193,10738,10739,10738,1
2019-07-02 16:28:59.598,10738,10739,10738,1
2019-07-02 16:28:59.599,10738,10739,10738,1
2019-07-02 16:29:00.087,10738,10739,10738,1
2019-07-02 16:29:00.087,10738,10739,10738,1
2019-07-02 16:29:00.140,10738,10739,10739,1
2019-07-02 16:29:12.483,10738,10739,10738,10
2019-07-02 16:29:12.696,10738,10739,10738,10
2019-07-02 16:29:19.406,10737,10738,10738,5
2019-07-02 16:29:19.541,10737,10738,10738,2
2019-07-02 16:29:23.741,10737,10738,10737,5
2019-07-02 16:29:23.883,10737,10738,10737,1
2019-07-02 16:29:23.888,10737,10738,10737,1
2019-07-02 16:29:23.914,10737,10738,10737,2
2019-07-02 16:29:23.943,10737,10738,10737,3
2019-07-02 16:29:24.297,10737,10738,10737,2
2019-07-02 16:29:24.365,10737,10738,10737,1
2019-07-02 16:29:24.652,10737,10738,10737,1
2019-07-02 16:29:24.678,10737,10738,10737,4
2019-07-02 16:29:34.821,10737,10738,10737,13
2019-07-02 16:29:46.943,10737,10738,10738,5
2019-07-02 16:29:47.245,10738,10739,10738,1
2019-07-02 16:29:52.132,10738,10739,10738,1
2019-07-02 16:29:53.754,10738,10739,10739,1
2019-07-02 16:30:00.034,10738,10739,10738,1
2019-07-02 16:30:00.144,10738,10739,10738,1
2019-07-02 16:30:09.493,10738,10739,10738,1
2019-07-02 16:30:09.865,10738,10739,10738,2
2019-07-02 16:30:28.648,10738,10739,10738,1
2019-07-02 16:30:43.050,10738,10739,10738,2
2019-07-02 16:31:30.585,10738,10739,10738,4
2019-07-02 16:31:38.589,10738,10739,10738,1
2019-07-02 16:31:40.591,10738,10739,10738,1
2019-07-02 16:31:51.753,10738,10739,10738,1
2019-07-02 16:32:03.420,10738,10739,10738,2
2019-07-02 16:32:03.504,10738,10739,10738,1
2019-07-02 16:32:05.941,10738,10739,10739,1
2019-07-02 16:32:05.943,10738,10739,10739,20
2019-07-02 16:32:06.068,10738,10739,10739,1
2019-07-02 16:32:06.069,10738,10739,10739,2
2019-07-02 16:32:06.069,10738,10739,10739,4
2019-07-02 16:32:06.194,10738,10739,10739,4
2019-07-02 16:32:06.194,10738,10739,10739,1
2019-07-02 16:32:06.318,10738,10739,10739,7
2019-07-02 16:32:06.318,10738,10739,10739,14
2019-07-02 16:32:06.319,10738,10739,10739,3
2019-07-02 16:32:06.321,10738,10739,10739,1
2019-07-02 16:32:06.443,10738,10739,10739,3
2019-07-02 16:32:06.443,10738,10739,10739,2
2019-07-02 16:32:06.443,10738,10739,10739,4
2019-07-02 16:32:06.443,10738,10739,10739,4
2019-07-02 16:32:06.444,10738,10739,10739,1
2019-07-02 16:32:06.444,10738,10739,10739,1
2019-07-02 16:32:06.444,10738,10739,10739,2
2019-07-02 16:32:06.444,10738,10739,10739,3
2019-07-02 16:32:18.741,10739,10740,10739,2
2019-07-02 16:32:29.647,10739,10740,10740,1
2019-07-02 16:32:35.348,10739,10740,10739,1
2019-07-02 16:32:36.803,10739,10740,10740,2
2019-07-02 16:32:49.682,10739,10740,10740,3
2019-07-02 16:32:54.674,10739,10740,10740,3
2019-07-02 16:33:06.256,10739,10740,10739,5
2019-07-02 16:33:07.845,10738,10739,10739,1
2019-07-02 16:33:10.463,10738,10739,10739,1
2019-07-02 16:33:13.771,10738,10739,10739,2
2019-07-02 16:33:30.353,10738,10739,10739,2
2019-07-02 16:33:31.571,10738,10739,10739,1
2019-07-02 16:34:58.056,10738,10739,10738,23
2019-07-02 16:34:58.057,10738,10739,10738,2
2019-07-02 16:34:58.068,10738,10739,10738,3
2019-07-02 16:34:58.069,10738,10739,10738,5
2019-07-02 16:35:09.574,10737,10738,10738,2
2019-07-02 16:35:27.190,10738,10739,10738,1
2019-07-02 16:35:53.217,10738,10739,10738,5
2019-07-02 16:35:54.194,10737,10738,10737,1
2019-07-02 16:35:54.195,10737,10738,10737,4
2019-07-02 16:35:54.251,10737,10738,10737,2
2019-07-02 16:35:54.318,10737,10738,10737,15
2019-07-02 16:35:54.443,10737,10738,10737,9
2019-07-02 16:36:10.858,10736,10737,10737,1
2019-07-02 16:36:11.478,10736,10737,10736,4
2019-07-02 16:36:11.606,10736,10737,10736,20
2019-07-02 16:36:11.608,10736,10737,10736,1
2019-07-02 16:36:11.857,10736,10737,10736,2
2019-07-02 16:36:12.403,10736,10737,10736,1
2019-07-02 16:36:12.513,10736,10737,10736,1
2019-07-02 16:36:14.002,10736,10737,10736,7
2019-07-02 16:36:20.036,10736,10737,10736,1
2019-07-02 16:36:24.459,10736,10737,10736,1
2019-07-02 16:36:28.240,10736,10737,10737,1
2019-07-02 16:36:37.542,10736,10737,10737,3
2019-07-02 16:36:42.170,10736,10737,10737,1
2019-07-02 16:36:43.075,10737,10738,10737,1
2019-07-02 16:36:52.987,10736,10737,10737,1
2019-07-02 16:36:58.018,10736,10737,10736,2
2019-07-02 16:37:12.174,10736,10737,10736,10
2019-07-02 16:37:15.089,10736,10737,10737,2
2019-07-02 16:37:16.780,10736,10737,10736,1
2019-07-02 16:37:19.648,10736,10737,10736,20
2019-07-02 16:37:23.437,10736,10737,10736,3
2019-07-02 16:37:23.630,10736,10737,10736,10
2019-07-02 16:37:32.513,10736,10737,10736,4
2019-07-02 16:37:33.003,10735,10736,10736,1
2019-07-02 16:37:38.273,10735,10736,10735,10
2019-07-02 16:37:38.359,10735,10736,10735,2
2019-07-02 16:37:38.359,10735,10736,10735,2
2019-07-02 16:37:42.646,10735,10736,10736,1
2019-07-02 16:37:50.664,10735,10736,10736,1
2019-07-02 16:37:51.183,10735,10736,10736,1
2019-07-02 16:37:56.427,10735,10736,10736,3
2019-07-02 16:37:58.379,10736,10737,10736,10
2019-07-02 16:38:11.012,10736,10737,10737,1
2019-07-02 16:38:12.617,10736,10737,10736,10
2019-07-02 16:38:33.893,10736,10737,10736,3
2019-07-02 16:38:33.912,10736,10737,10736,1
2019-07-02 16:38:46.439,10735,10736,10736,2
2019-07-02 16:38:50.632,10735,10736,10735,10
2019-07-02 16:39:09.682,10735,10736,10735,10
2019-07-02 16:39:10.168,10735,10736,10735,1
2019-07-02 16:39:14.933,10735,10736,10735,1
2019-07-02 16:39:21.898,10735,10736,10735,1
2019-07-02 16:39:32.025,10735,10736,10735,10
2019-07-02 16:39:57.758,10735,10736,10735,10
2019-07-02 16:40:00.425,10735,10736,10735,4
2019-07-02 16:40:00.571,10735,10736,10735,3
2019-07-02 16:40:00.703,10735,10736,10735,25
2019-07-02 16:40:00.703,10735,10736,10734,11
2019-07-02 16:40:00.796,10735,10736,10734,8
2019-07-02 16:40:00.910,10734,10735,10735,4
2019-07-02 16:40:00.915,10734,10735,10734,4
2019-07-02 16:40:00.999,10734,10735,10734,3
2019-07-02 16:40:01.004,10734,10735,10734,3
2019-07-02 16:40:01.079,10733,10735,10734,1
2019-07-02 16:40:01.079,10733,10735,10733,2
2019-07-02 16:40:01.079,10733,10735,10733,2
2019-07-02 16:40:01.108,10733,10735,10733,3
2019-07-02 16:40:01.120,10733,10735,10733,2
2019-07-02 16:40:01.154,10733,10735,10733,3
2019-07-02 16:40:01.210,10733,10735,10733,3
2019-07-02 16:40:01.218,10733,10735,10733,2
2019-07-02 16:40:01.222,10733,10735,10733,4
2019-07-02 16:40:01.247,10733,10735,10733,1
2019-07-02 16:40:01.263,10733,10735,10733,1
2019-07-02 16:40:01.273,10733,10735,10733,4
2019-07-02 16:40:01.295,10733,10735,10733,4
2019-07-02 16:40:01.298,10733,10735,10733,2
2019-07-02 16:40:01.305,10733,10735,10733,2
2019-07-02 16:40:01.318,10733,10734,10733,2
2019-07-02 16:40:01.348,10733,10734,10733,4
2019-07-02 16:40:01.453,10733,10734,10733,2
2019-07-02 16:40:01.454,10733,10734,10732,1
2019-07-02 16:40:01.477,10733,10734,10732,2
2019-07-02 16:40:01.494,10733,10734,10732,2
2019-07-02 16:40:01.507,10733,10734,10732,2
2019-07-02 16:40:01.519,10733,10734,10732,2
2019-07-02 16:40:01.728,10733,10734,10733,1
2019-07-02 16:40:01.796,10733,10734,10733,2
2019-07-02 16:40:01.911,10733,10734,10732,1
2019-07-02 16:40:01.944,10732,10734,10734,1
2019-07-02 16:40:07.600,10733,10735,10733,1
2019-07-02 16:40:12.181,10733,10734,10734,1
2019-07-02 16:40:12.193,10733,10734,10734,1
2019-07-02 16:40:12.306,10733,10734,10734,1
2019-07-02 16:40:12.318,10733,10734,10734,1
2019-07-02 16:40:17.262,10733,10734,10734,2
2019-07-02 16:40:18.345,10733,10734,10734,1
2019-07-02 16:40:20.934,10733,10734,10733,10
2019-07-02 16:40:22.615,10733,10734,10734,3
2019-07-02 16:40:25.408,10733,10734,10733,1
2019-07-02 16:40:26.010,10733,10734,10734,2
2019-07-02 16:40:26.068,10733,10734,10734,12
2019-07-02 16:40:39.533,10734,10735,10734,10
2019-07-02 16:40:41.148,10734,10735,10734,4
2019-07-02 16:40:41.194,10733,10734,10734,11
2019-07-02 16:40:44.908,10734,10735,10734,1
2019-07-02 16:40:45.113,10733,10734,10734,2
2019-07-02 16:40:49.059,10733,10734,10734,3
2019-07-02 16:40:50.260,10733,10735,10734,1
2019-07-02 16:40:53.194,10733,10734,10734,1
2019-07-02 16:40:57.330,10733,10734,10734,1
2019-07-02 16:41:01.000,10734,10735,10734,1
2019-07-02 16:41:05.068,10733,10734,10734,1
2019-07-02 16:41:08.097,10734,10735,10734,2
2019-07-02 16:41:14.612,10733,10734,10733,1
2019-07-02 16:41:15.105,10733,10734,10733,30
2019-07-02 16:41:15.607,10733,10734,10734,1
2019-07-02 16:41:21.804,10733,10734,10734,1
2019-07-02 16:41:33.581,10733,10734,10733,1
2019-07-02 16:41:33.819,10733,10734,10733,12
2019-07-02 16:41:43.500,10733,10734,10733,1
2019-07-02 16:41:45.728,10733,10734,10733,1
2019-07-02 16:41:51.919,10733,10734,10733,2
2019-07-02 16:41:55.725,10733,10734,10733,1
2019-07-02 16:41:56.293,10733,10734,10733,10
2019-07-02 16:41:57.381,10733,10734,10733,5
2019-07-02 16:41:57.453,10732,10733,10733,2
2019-07-02 16:41:57.664,10732,10733,10733,1
2019-07-02 16:41:58.057,10732,10733,10733,1
2019-07-02 16:41:59.466,10732,10733,10733,2
2019-07-02 16:42:01.482,10732,10733,10733,1
2019-07-02 16:42:03.269,10732,10733,10733,1
2019-07-02 16:42:09.309,10732,10733,10732,10
2019-07-02 16:42:10.317,10732,10733,10732,10
2019-07-02 16:42:11.961,10732,10733,10733,3
2019-07-02 16:42:14.080,10732,10733,10732,2
2019-07-02 16:42:16.797,10732,10733,10732,2
2019-07-02 16:42:24.173,10732,10733,10732,3
2019-07-02 16:42:24.608,10732,10733,10732,24
2019-07-02 16:42:24.666,10732,10733,10732,1
2019-07-02 16:42:24.693,10732,10733,10732,2
2019-07-02 16:42:24.694,10732,10733,10732,1
2019-07-02 16:42:25.009,10731,10732,10732,1
2019-07-02 16:42:25.418,10731,10732,10732,1
2019-07-02 16:42:25.584,10731,10732,10731,2
2019-07-02 16:42:25.796,10731,10732,10731,4
2019-07-02 16:42:25.808,10731,10732,10731,1
2019-07-02 16:42:25.868,10731,10732,10731,1
2019-07-02 16:42:26.042,10731,10732,10731,8
2019-07-02 16:42:26.148,10731,10732,10731,1
2019-07-02 16:42:26.654,10731,10732,10732,2
2019-07-02 16:42:31.777,10731,10732,10731,5
2019-07-02 16:42:34.103,10731,10732,10731,30
2019-07-02 16:42:35.006,10730,10731,10730,1
2019-07-02 16:42:35.008,10730,10731,10731,1
2019-07-02 16:42:35.088,10730,10731,10730,1
2019-07-02 16:42:35.092,10730,10731,10730,1
2019-07-02 16:42:35.382,10730,10731,10730,2
2019-07-02 16:42:35.518,10730,10731,10730,1
2019-07-02 16:42:35.821,10730,10731,10730,1
2019-07-02 16:42:35.883,10730,10731,10730,1
2019-07-02 16:42:36.361,10730,10731,10730,1
2019-07-02 16:42:36.513,10730,10731,10730,1
2019-07-02 16:42:36.604,10730,10731,10730,1
2019-07-02 16:42:36.649,10730,10731,10730,1
2019-07-02 16:42:37.120,10730,10731,10730,1
2019-07-02 16:42:37.839,10730,10731,10730,4
2019-07-02 16:42:39.983,10730,10731,10730,2
2019-07-02 16:42:41.467,10730,10731,10730,1
2019-07-02 16:42:42.900,10730,10731,10730,1
2019-07-02 16:42:43.523,10730,10731,10731,2
2019-07-02 16:42:43.523,10730,10731,10732,2
2019-07-02 16:42:47.768,10731,10732,10731,1
2019-07-02 16:42:55.117,10730,10731,10731,5
2019-07-02 16:42:55.497,10731,10732,10731,1
2019-07-02 16:42:56.587,10730,10731,10731,1
2019-07-02 16:43:08.822,10731,10732,10732,4
2019-07-02 16:43:09.101,10731,10732,10732,1
2019-07-02 16:43:12.239,10731,10732,10731,7
2019-07-02 16:43:15.058,10731,10732,10732,1
2019-07-02 16:43:17.382,10731,10732,10731,1
2019-07-02 16:43:21.887,10731,10732,10732,1
2019-07-02 16:43:28.068,10731,10732,10732,9
2019-07-02 16:43:31.202,10732,10733,10732,4
2019-07-02 16:43:37.380,10732,10733,10732,1
2019-07-02 16:43:42.068,10732,10733,10733,2
2019-07-02 16:43:42.218,10732,10733,10732,1
2019-07-02 16:44:01.052,10732,10733,10732,1
2019-07-02 16:44:10.045,10732,10733,10732,1
2019-07-02 16:44:14.586,10732,10733,10732,1
2019-07-02 16:44:15.151,10732,10733,10732,1
2019-07-02 16:44:18.331,10732,10733,10732,1
2019-07-02 16:44:19.250,10732,10733,10732,1
2019-07-02 16:44:20.172,10732,10733,10732,3
2019-07-02 16:44:21.034,10732,10733,10733,1
2019-07-02 16:44:27.804,10732,10733,10733,1
2019-07-02 16:44:38.404,10732,10733,10732,1
2019-07-02 16:45:02.824,10732,10733,10733,2
2019-07-02 16:45:03.622,10732,10733,10732,1
2019-07-02 16:45:05.825,10732,10733,10733,3
2019-07-02 16:45:05.943,10732,10733,10733,2
2019-07-02 16:45:11.018,10733,10734,10733,1
2019-07-02 16:45:15.732,10733,10734,10734,4
2019-07-02 16:45:21.656,10733,10734,10734,3
2019-07-02 16:45:23.719,10733,10734,10734,1
2019-07-02 16:45:25.135,10733,10734,10734,1
2019-07-02 16:45:26.398,10733,10734,10734,1
2019-07-02 16:45:27.979,10733,10734,10734,1
2019-07-02 16:45:29.331,10733,10734,10734,1
2019-07-02 16:45:33.013,10733,10734,10734,1
2019-07-02 16:45:36.030,10733,10734,10734,1
2019-07-02 16:45:36.260,10733,10734,10734,1
2019-07-02 16:45:50.537,10733,10734,10734,1
2019-07-02 16:45:53.990,10733,10734,10734,1
2019-07-02 16:46:05.392,10733,10734,10734,2
2019-07-02 16:46:05.405,10733,10734,10734,1
2019-07-02 16:46:16.042,10734,10735,10734,1
2019-07-02 16:46:21.550,10734,10735,10734,1
2019-07-02 16:46:25.442,10734,10735,10734,1
2019-07-02 16:46:31.157,10734,10735,10735,1
2019-07-02 16:46:41.322,10734,10735,10735,1
2019-07-02 16:46:44.975,10734,10735,10735,1
2019-07-02 16:46:46.825,10734,10735,10735,1
2019-07-02 16:47:00.651,10734,10735,10735,1
2019-07-02 16:47:09.382,10734,10735,10735,1
2019-07-02 16:47:13.462,10734,10735,10735,5
2019-07-02 16:47:17.758,10734,10735,10735,1
2019-07-02 16:47:27.571,10734,10735,10735,1
2019-07-02 16:47:33.686,10734,10735,10735,1
2019-07-02 16:47:34.882,10734,10735,10735,1
2019-07-02 16:47:54.574,10734,10735,10734,1
2019-07-02 16:48:09.700,10734,10735,10735,1
2019-07-02 16:48:10.257,10734,10735,10734,9
2019-07-02 16:48:10.263,10734,10735,10734,12
2019-07-02 16:48:10.272,10734,10735,10734,3
2019-07-02 16:48:10.274,10734,10735,10734,4
2019-07-02 16:48:10.274,10734,10735,10733,8
2019-07-02 16:48:10.275,10734,10735,10733,4
2019-07-02 16:48:10.276,10734,10735,10733,4
2019-07-02 16:48:10.290,10734,10735,10733,17
2019-07-02 16:48:10.294,10734,10735,10733,2
2019-07-02 16:48:10.294,10734,10735,10733,4
2019-07-02 16:48:10.319,10733,10734,10733,3
2019-07-02 16:48:10.319,10733,10734,10733,2
2019-07-02 16:48:10.319,10733,10734,10733,3
2019-07-02 16:48:10.363,10733,10734,10732,6
2019-07-02 16:48:10.367,10733,10734,10732,4
2019-07-02 16:48:10.377,10733,10734,10732,6
2019-07-02 16:48:10.382,10733,10734,10732,12
2019-07-02 16:48:10.383,10733,10734,10732,3
2019-07-02 16:48:10.387,10733,10734,10732,2
2019-07-02 16:48:10.406,10733,10734,10732,4
2019-07-02 16:48:10.412,10733,10734,10732,4
2019-07-02 16:48:10.413,10733,10734,10732,6
2019-07-02 16:48:10.444,10731,10733,10732,1
2019-07-02 16:48:10.447,10731,10733,10731,5
2019-07-02 16:48:10.569,10731,10732,10731,5
2019-07-02 16:48:10.571,10731,10732,10731,4
2019-07-02 16:48:10.585,10731,10732,10731,5
2019-07-02 16:48:10.662,10731,10732,10731,1
2019-07-02 16:48:10.693,10731,10732,10731,14
2019-07-02 16:48:10.694,10731,10732,10731,4
2019-07-02 16:48:10.732,10731,10732,10730,3
2019-07-02 16:48:10.737,10731,10732,10730,8
2019-07-02 16:48:10.802,10731,10732,10730,1
2019-07-02 16:48:11.028,10730,10731,10730,4
2019-07-02 16:48:11.115,10730,10731,10730,1
2019-07-02 16:48:11.150,10730,10731,10730,1
2019-07-02 16:48:11.314,10730,10731,10730,1
2019-07-02 16:48:11.352,10730,10731,10730,1
2019-07-02 16:48:11.578,10730,10731,10731,3
2019-07-02 16:48:12.095,10730,10731,10731,2
2019-07-02 16:48:12.095,10730,10731,10731,2
2019-07-02 16:48:12.508,10730,10732,10730,5
2019-07-02 16:48:12.511,10730,10732,10730,5
2019-07-02 16:48:12.514,10730,10732,10730,5
2019-07-02 16:48:14.176,10730,10732,10732,1
2019-07-02 16:48:17.895,10731,10733,10731,1
2019-07-02 16:48:33.851,10731,10732,10732,1
2019-07-02 16:48:38.543,10731,10732,10731,1
2019-07-02 16:48:38.752,10731,10732,10732,1
2019-07-02 16:48:40.047,10732,10733,10732,10
2019-07-02 16:48:43.967,10731,10733,10731,20
2019-07-02 16:48:49.643,10731,10732,10732,2
2019-07-02 16:48:51.997,10732,10733,10732,1
2019-07-02 16:48:53.938,10732,10733,10732,14
2019-07-02 16:48:53.938,10732,10733,10731,6
2019-07-02 16:49:01.170,10731,10732,10732,1
2019-07-02 16:49:04.510,10731,10732,10732,1
2019-07-02 16:49:27.573,10732,10733,10733,1
2019-07-02 16:49:29.857,10732,10733,10733,2
2019-07-02 16:49:42.044,10733,10734,10733,1
2019-07-02 16:49:49.528,10733,10734,10734,5
2019-07-02 16:49:51.193,10733,10734,10734,10
2019-07-02 16:49:53.140,10733,10735,10733,1
2019-07-02 16:50:00.661,10733,10735,10733,1
2019-07-02 16:50:11.839,10733,10735,10733,2
2019-07-02 16:50:19.544,10733,10734,10734,1
2019-07-02 16:50:30.038,10734,10735,10734,1
2019-07-02 16:50:30.066,10734,10735,10735,1
2019-07-02 16:50:31.257,10734,10735,10735,1
2019-07-02 16:50:44.581,10734,10735,10735,4
2019-07-02 16:50:45.068,10734,10735,10735,11
2019-07-02 16:50:47.190,10735,10736,10735,1
2019-07-02 16:51:11.610,10735,10736,10735,1
2019-07-02 16:51:15.857,10735,10736,10735,4
2019-07-02 16:51:18.193,10734,10735,10735,1
2019-07-02 16:51:19.129,10735,10736,10735,1
2019-07-02 16:51:21.691,10734,10735,10735,1
2019-07-02 16:51:28.177,10734,10735,10735,1
2019-07-02 16:51:30.906,10734,10735,10735,4
2019-07-02 16:51:31.117,10734,10735,10735,1
2019-07-02 16:51:32.776,10734,10735,10735,2
2019-07-02 16:51:35.944,10735,10736,10735,1
2019-07-02 16:51:37.225,10734,10735,10735,2
2019-07-02 16:51:43.378,10734,10735,10735,2
2019-07-02 16:51:45.028,10734,10735,10735,1
2019-07-02 16:51:45.535,10734,10736,10735,1
2019-07-02 16:51:47.499,10734,10735,10735,1
2019-07-02 16:51:56.372,10734,10735,10735,5
2019-07-02 16:52:01.762,10734,10735,10735,1
2019-07-02 16:52:03.226,10735,10736,10735,4
2019-07-02 16:52:20.872,10735,10736,10736,1
2019-07-02 16:52:21.153,10735,10736,10736,1
2019-07-02 16:52:34.182,10735,10736,10736,18
2019-07-02 16:52:36.284,10735,10736,10736,1
2019-07-02 16:52:37.181,10735,10736,10736,1
2019-07-02 16:52:37.669,10735,10736,10736,1
2019-07-02 16:52:37.695,10735,10736,10736,1
2019-07-02 16:52:41.725,10736,10737,10736,1
2019-07-02 16:52:51.283,10736,10737,10736,1
2019-07-02 16:52:57.890,10736,10737,10736,8
2019-07-02 16:52:58.313,10736,10737,10736,1
2019-07-02 16:52:58.313,10736,10737,10736,1
2019-07-02 16:52:58.319,10736,10737,10736,2
2019-07-02 16:52:58.392,10736,10737,10736,2
2019-07-02 16:52:59.967,10735,10736,10736,1
2019-07-02 16:53:00.460,10735,10736,10736,1
2019-07-02 16:53:00.853,10735,10736,10736,1
2019-07-02 16:53:03.716,10735,10736,10736,1
2019-07-02 16:53:03.956,10735,10736,10736,1
2019-07-02 16:53:17.390,10736,10737,10736,3
2019-07-02 16:53:30.081,10736,10737,10737,1
2019-07-02 16:53:41.006,10736,10737,10736,3
2019-07-02 16:53:42.345,10736,10737,10736,1
2019-07-02 16:53:50.019,10736,10737,10737,2
2019-07-02 16:54:00.947,10736,10737,10736,1
2019-07-02 16:54:05.748,10736,10737,10736,2
2019-07-02 16:54:08.511,10736,10737,10736,2
2019-07-02 16:54:10.575,10736,10737,10736,1
2019-07-02 16:54:11.806,10736,10737,10736,1
2019-07-02 16:54:13.515,10736,10737,10736,1
2019-07-02 16:54:38.699,10735,10736,10736,1
2019-07-02 16:54:46.236,10735,10736,10736,1
2019-07-02 16:54:46.943,10735,10736,10735,1
2019-07-02 16:54:46.943,10735,10736,10735,1
2019-07-02 16:54:46.997,10735,10736,10735,1
2019-07-02 16:54:47.068,10735,10736,10735,1
2019-07-02 16:54:47.718,10735,10736,10735,1
2019-07-02 16:55:05.824,10735,10736,10735,1
2019-07-02 16:55:09.323,10735,10736,10736,4
2019-07-02 16:55:09.343,10735,10736,10736,2
2019-07-02 16:55:09.347,10735,10736,10736,2
2019-07-02 16:55:09.671,10735,10736,10736,5
2019-07-02 16:55:22.058,10735,10736,10736,1
2019-07-02 16:55:22.478,10735,10736,10736,1
2019-07-02 16:55:23.999,10735,10736,10736,1
2019-07-02 16:55:42.472,10735,10736,10736,1
2019-07-02 16:55:46.857,10735,10736,10736,2
2019-07-02 16:55:55.918,10735,10736,10736,1
2019-07-02 16:55:56.915,10735,10736,10736,1
2019-07-02 16:55:57.503,10735,10736,10736,3
2019-07-02 16:56:17.590,10735,10736,10736,1
2019-07-02 16:56:29.773,10735,10736,10736,1
2019-07-02 16:57:10.157,10735,10736,10736,1
2019-07-02 16:57:16.568,10735,10736,10736,7
2019-07-02 16:57:16.693,10735,10736,10736,2
2019-07-02 16:57:31.535,10736,10737,10737,1
2019-07-02 16:57:33.618,10736,10737,10737,1
2019-07-02 16:58:05.661,10736,10737,10736,4
2019-07-02 16:58:15.721,10735,10736,10736,5
2019-07-02 16:58:37.307,10736,10737,10737,4
2019-07-02 16:59:07.457,10736,10737,10737,1
2019-07-02 16:59:12.804,10736,10737,10737,1
2019-07-02 16:59:57.643,10736,10737,10737,1
2019-07-02 17:00:00.870,10736,10737,10736,2
2019-07-02 17:00:04.896,10736,10737,10736,3
2019-07-02 17:00:14.975,10736,10737,10736,1
2019-07-02 17:00:23.261,10736,10737,10736,1
2019-07-02 17:01:14.212,10736,10737,10736,1
2019-07-02 17:01:17.010,10736,10737,10736,1
2019-07-02 17:01:19.535,10736,10737,10737,5
2019-07-02 17:01:39.817,10736,10737,10736,1
2019-07-02 17:01:46.219,10736,10737,10737,1
2019-07-02 17:02:11.513,10736,10737,10737,1
2019-07-02 17:02:12.760,10736,10737,10736,1
2019-07-02 17:02:25.667,10736,10737,10736,1
2019-07-02 17:02:32.332,10736,10737,10737,1
2019-07-02 17:02:36.214,10736,10737,10737,1
2019-07-02 17:02:40.725,10736,10737,10737,1
2019-07-02 17:02:48.808,10736,10737,10737,1
2019-07-02 17:03:14.717,10736,10737,10737,1
2019-07-02 17:03:15.534,10736,10737,10736,2
2019-07-02 17:03:32.454,10736,10737,10736,1
2019-07-02 17:03:32.457,10736,10737,10736,1
2019-07-02 17:03:32.457,10736,10737,10736,1
2019-07-02 17:03:32.568,10736,10737,10736,9
2019-07-02 17:03:32.568,10736,10737,10736,8
2019-07-02 17:03:32.569,10736,10737,10736,1
2019-07-02 17:03:32.570,10736,10737,10736,1
2019-07-02 17:03:32.570,10736,10737,10736,1
2019-07-02 17:03:32.694,10736,10737,10736,1
2019-07-02 17:03:35.220,10735,10736,10736,10
2019-07-02 17:03:39.251,10735,10736,10736,1
2019-07-02 17:04:01.032,10735,10736,10735,1
2019-07-02 17:04:01.648,10735,10736,10735,1
2019-07-02 17:04:09.128,10735,10736,10735,5
2019-07-02 17:04:14.812,10735,10736,10735,3
2019-07-02 17:04:16.617,10735,10736,10735,10
2019-07-02 17:04:17.010,10735,10736,10735,1
2019-07-02 17:04:17.685,10735,10736,10735,1
2019-07-02 17:04:19.698,10735,10736,10735,2
2019-07-02 17:04:21.177,10735,10736,10735,2
2019-07-02 17:04:24.091,10735,10736,10735,2
2019-07-02 17:04:24.269,10735,10736,10736,4
2019-07-02 17:04:25.704,10735,10736,10736,1
2019-07-02 17:04:32.451,10735,10736,10735,1
2019-07-02 17:04:41.438,10735,10736,10736,1
2019-07-02 17:04:42.511,10735,10736,10735,1
2019-07-02 17:04:48.328,10735,10736,10735,1
2019-07-02 17:05:03.149,10735,10736,10735,1
2019-07-02 17:05:05.995,10735,10736,10735,2
2019-07-02 17:05:07.392,10735,10736,10735,1
2019-07-02 17:05:20.461,10735,10736,10735,1
2019-07-02 17:05:25.091,10735,10736,10735,1
2019-07-02 17:05:25.093,10735,10736,10735,7
2019-07-02 17:05:25.094,10735,10736,10735,3
2019-07-02 17:05:25.193,10735,10736,10735,1
2019-07-02 17:05:44.994,10734,10735,10734,1
2019-07-02 17:05:53.708,10734,10735,10734,3
2019-07-02 17:05:55.477,10734,10735,10735,1
2019-07-02 17:05:58.293,10734,10735,10734,4
2019-07-02 17:05:59.419,10734,10735,10734,1
2019-07-02 17:06:02.357,10734,10735,10734,2
2019-07-02 17:06:05.694,10734,10735,10734,1
2019-07-02 17:06:15.330,10734,10735,10734,1
2019-07-02 17:06:17.483,10734,10735,10734,3
2019-07-02 17:06:23.084,10733,10734,10733,1
2019-07-02 17:06:32.338,10733,10734,10733,5
2019-07-02 17:06:34.740,10733,10734,10733,1
2019-07-02 17:06:35.069,10733,10734,10733,2
2019-07-02 17:06:35.798,10733,10734,10733,12
2019-07-02 17:06:38.762,10733,10734,10733,8
2019-07-02 17:06:40.845,10733,10734,10734,1
2019-07-02 17:06:43.827,10733,10734,10733,2
2019-07-02 17:06:58.858,10733,10734,10733,1
2019-07-02 17:07:01.956,10733,10734,10733,1
2019-07-02 17:07:08.739,10733,10734,10734,1
2019-07-02 17:07:09.241,10733,10734,10734,1
2019-07-02 17:07:17.643,10733,10734,10733,5
2019-07-02 17:07:33.504,10733,10734,10733,16
2019-07-02 17:07:33.553,10733,10734,10733,2
2019-07-02 17:07:33.622,10732,10733,10733,4
2019-07-02 17:07:34.887,10732,10733,10733,2
2019-07-02 17:07:55.842,10733,10734,10733,1
2019-07-02 17:08:26.565,10733,10734,10733,5
2019-07-02 17:08:26.826,10733,10734,10733,5
2019-07-02 17:08:27.049,10733,10734,10733,3
2019-07-02 17:08:31.477,10733,10734,10733,1
2019-07-02 17:08:31.743,10733,10734,10733,1
2019-07-02 17:08:43.568,10733,10734,10733,1
2019-07-02 17:08:44.753,10733,10734,10733,1
2019-07-02 17:08:52.006,10733,10734,10733,1
2019-07-02 17:08:56.721,10733,10734,10733,4
2019-07-02 17:09:02.461,10733,10734,10734,1
2019-07-02 17:09:24.467,10733,10734,10734,2
2019-07-02 17:09:24.469,10733,10734,10734,4
2019-07-02 17:09:24.568,10733,10734,10734,5
2019-07-02 17:10:19.640,10734,10735,10735,2
2019-07-02 17:10:23.558,10734,10735,10734,2
2019-07-02 17:10:58.193,10734,10735,10735,1
2019-07-02 17:10:58.318,10734,10735,10735,1
2019-07-02 17:11:04.554,10734,10735,10734,5
2019-07-02 17:11:10.655,10734,10735,10734,3
2019-07-02 17:11:13.759,10734,10735,10734,1
2019-07-02 17:11:17.240,10734,10735,10735,3
2019-07-02 17:11:30.818,10734,10735,10735,1
2019-07-02 17:11:34.914,10734,10735,10735,1
2019-07-02 17:11:45.528,10734,10735,10735,1
2019-07-02 17:11:50.443,10734,10735,10735,13
2019-07-02 17:11:50.568,10734,10735,10735,4
2019-07-02 17:12:10.979,10735,10736,10736,2
2019-07-02 17:12:11.884,10735,10736,10736,1
2019-07-02 17:12:11.943,10735,10736,10736,2
2019-07-02 17:12:11.991,10735,10736,10736,5
2019-07-02 17:12:14.007,10735,10736,10736,1
2019-07-02 17:12:25.924,10736,10737,10736,1
2019-07-02 17:12:37.129,10736,10737,10736,1
2019-07-02 17:12:44.773,10736,10737,10736,1
2019-07-02 17:12:52.730,10736,10737,10736,5
2019-07-02 17:13:13.107,10735,10736,10736,1
2019-07-02 17:13:15.834,10735,10736,10736,1
2019-07-02 17:13:25.710,10735,10736,10736,1
2019-07-02 17:13:31.662,10735,10736,10736,2
2019-07-02 17:13:38.825,10735,10736,10735,2
2019-07-02 17:13:52.410,10735,10737,10735,1
2019-07-02 17:13:53.242,10735,10736,10735,1
2019-07-02 17:13:54.047,10735,10737,10735,1
2019-07-02 17:13:59.034,10735,10737,10735,1
2019-07-02 17:14:15.584,10736,10737,10737,1
2019-07-02 17:14:22.782,10736,10737,10737,1
2019-07-02 17:14:37.706,10736,10737,10737,1
2019-07-02 17:15:07.599,10736,10737,10737,5
2019-07-02 17:15:24.244,10736,10737,10737,1
2019-07-02 17:15:55.077,10736,10737,10737,4
2019-07-02 17:16:02.954,10736,10737,10737,1
2019-07-02 17:16:06.321,10736,10737,10737,1
2019-07-02 17:16:06.567,10736,10737,10737,1
2019-07-02 17:16:06.898,10736,10737,10737,1
2019-07-02 17:16:07.370,10736,10737,10737,1
2019-07-02 17:16:21.216,10736,10737,10737,2
2019-07-02 17:16:23.760,10736,10737,10737,1
2019-07-02 17:16:24.702,10736,10737,10737,1
2019-07-02 17:16:35.300,10736,10737,10736,1
2019-07-02 17:16:46.458,10736,10737,10737,4
2019-07-02 17:17:04.342,10736,10737,10736,1
2019-07-02 17:17:15.698,10736,10737,10737,1
2019-07-02 17:17:21.813,10736,10737,10737,1
2019-07-02 17:17:45.293,10736,10737,10736,1
2019-07-02 17:18:23.622,10736,10737,10736,2
2019-07-02 17:18:23.693,10736,10737,10736,2
2019-07-02 17:18:23.818,10736,10737,10736,1
2019-07-02 17:19:04.899,10736,10737,10736,9
2019-07-02 17:19:06.253,10735,10736,10736,1
2019-07-02 17:19:08.125,10735,10736,10736,2
2019-07-02 17:19:11.281,10736,10737,10736,4
2019-07-02 17:19:11.627,10735,10736,10736,1
2019-07-02 17:19:30.674,10735,10736,10736,3
2019-07-02 17:19:35.396,10735,10736,10736,1
2019-07-02 17:19:37.589,10735,10736,10736,1
2019-07-02 17:20:16.239,10735,10736,10736,2
2019-07-02 17:20:26.193,10735,10736,10736,1
2019-07-02 17:20:26.254,10735,10736,10736,1
2019-07-02 17:20:26.378,10735,10736,10736,1
2019-07-02 17:20:26.443,10735,10736,10736,1
2019-07-02 17:20:26.568,10736,10737,10736,2
2019-07-02 17:20:26.694,10735,10737,10736,1
2019-07-02 17:20:26.696,10735,10737,10736,1
2019-07-02 17:20:26.738,10735,10737,10736,1
2019-07-02 17:20:26.818,10736,10737,10736,1
2019-07-02 17:20:26.819,10736,10737,10736,2
2019-07-02 17:20:26.943,10735,10736,10736,1
2019-07-02 17:20:26.944,10735,10736,10736,1
2019-07-02 17:20:27.193,10735,10736,10736,1
2019-07-02 17:20:27.318,10735,10736,10736,1
2019-07-02 17:20:30.716,10735,10736,10736,1
2019-07-02 17:20:33.613,10736,10737,10736,1
2019-07-02 17:20:48.920,10736,10737,10736,4
2019-07-02 17:21:05.208,10735,10737,10735,1
2019-07-02 17:21:32.272,10736,10737,10736,1
2019-07-02 17:21:43.095,10735,10736,10736,1
2019-07-02 17:22:18.588,10735,10736,10735,2
2019-07-02 17:22:47.482,10735,10736,10735,30
2019-07-02 17:22:47.482,10735,10736,10735,1
2019-07-02 17:22:47.482,10735,10736,10735,1
2019-07-02 17:22:47.484,10735,10736,10735,4
2019-07-02 17:22:47.568,10735,10736,10735,1
2019-07-02 17:22:47.568,10735,10736,10735,3
2019-07-02 17:22:47.569,10735,10736,10735,2
2019-07-02 17:23:06.518,10734,10735,10734,1
2019-07-02 17:23:06.836,10734,10735,10735,2
2019-07-02 17:23:07.424,10735,10736,10735,5
2019-07-02 17:23:11.200,10735,10736,10735,5
2019-07-02 17:23:11.712,10734,10735,10735,1
2019-07-02 17:23:46.619,10735,10736,10735,1
2019-07-02 17:23:52.301,10735,10736,10735,1
2019-07-02 17:23:52.302,10735,10736,10735,3
2019-07-02 17:24:14.801,10734,10735,10735,3
2019-07-02 17:24:14.818,10734,10735,10735,1
2019-07-02 17:24:37.673,10735,10736,10735,3
2019-07-02 17:24:49.445,10735,10736,10736,9
2019-07-02 17:25:09.125,10735,10736,10736,1
2019-07-02 17:25:14.571,10736,10737,10736,1
2019-07-02 17:25:27.393,10736,10737,10736,1
2019-07-02 17:25:36.160,10735,10736,10736,1
2019-07-02 17:27:14.966,10736,10737,10737,2
2019-07-02 17:27:15.873,10736,10737,10737,1
2019-07-02 17:27:23.233,10736,10737,10737,2
2019-07-02 17:27:39.536,10736,10737,10737,1
2019-07-02 17:27:50.052,10736,10737,10737,24
2019-07-02 17:27:50.053,10736,10737,10737,1
2019-07-02 17:27:50.053,10736,10737,10737,3
2019-07-02 17:27:50.053,10736,10737,10737,2
2019-07-02 17:27:50.194,10737,10738,10737,1
2019-07-02 17:28:00.082,10737,10738,10737,5
2019-07-02 17:28:00.310,10737,10738,10737,1
2019-07-02 17:29:00.564,10737,10738,10737,1
2019-07-02 17:29:00.566,10737,10738,10737,3
2019-07-02 17:29:11.066,10736,10737,10737,4
2019-07-02 17:30:03.231,10737,10738,10737,7
2019-07-02 17:30:03.318,10737,10738,10737,2
2019-07-02 17:30:03.903,10736,10737,10736,2
2019-07-02 17:30:06.549,10736,10737,10737,1
2019-07-02 17:30:06.568,10736,10737,10737,1
2019-07-02 17:30:21.289,10737,10738,10737,1
2019-07-02 17:30:52.241,10737,10738,10737,1
2019-07-02 17:31:10.306,10737,10738,10738,19
2019-07-02 17:31:10.356,10737,10738,10738,1
2019-07-02 17:31:10.430,10737,10738,10738,1
2019-07-02 17:31:11.594,10737,10738,10738,1
2019-07-02 17:31:19.693,10737,10738,10738,6
2019-07-02 17:31:19.818,10737,10738,10738,3
2019-07-02 17:31:37.406,10738,10739,10738,1
2019-07-02 17:31:38.734,10738,10739,10739,6
2019-07-02 17:31:38.734,10738,10739,10739,2
2019-07-02 17:31:38.734,10738,10739,10739,4
2019-07-02 17:31:38.735,10738,10739,10739,2
2019-07-02 17:31:38.736,10738,10739,10739,4
2019-07-02 17:31:38.737,10738,10739,10739,4
2019-07-02 17:31:38.737,10738,10739,10739,2
2019-07-02 17:31:38.819,10738,10739,10739,6
2019-07-02 17:31:42.634,10739,10740,10739,1
2019-07-02 17:31:43.007,10739,10740,10739,1
2019-07-02 17:31:44.096,10739,10740,10739,1
2019-07-02 17:31:46.031,10739,10740,10739,1
2019-07-02 17:31:54.326,10739,10740,10740,1
2019-07-02 17:31:54.471,10739,10740,10740,2
2019-07-02 17:31:54.472,10739,10740,10740,1
2019-07-02 17:31:57.128,10739,10740,10739,1
2019-07-02 17:31:58.585,10739,10740,10740,5
2019-07-02 17:32:00.352,10739,10740,10740,1
2019-07-02 17:32:04.700,10739,10740,10739,1
2019-07-02 17:32:19.225,10739,10740,10740,1
2019-07-02 17:32:29.053,10739,10740,10739,1
2019-07-02 17:32:29.134,10739,10740,10740,1
2019-07-02 17:32:40.300,10739,10740,10740,1
2019-07-02 17:32:47.441,10739,10740,10740,1
2019-07-02 17:32:56.631,10739,10740,10740,1
2019-07-02 17:33:10.145,10739,10740,10740,4
2019-07-02 17:33:18.093,10739,10740,10740,25
2019-07-02 17:33:18.194,10739,10740,10740,1
2019-07-02 17:33:23.548,10740,10741,10740,1
2019-07-02 17:33:24.729,10740,10741,10740,1
2019-07-02 17:33:29.067,10740,10741,10740,1
2019-07-02 17:33:35.000,10739,10740,10740,1
2019-07-02 17:33:39.709,10739,10740,10740,4
2019-07-02 17:33:43.800,10739,10740,10740,2
2019-07-02 17:33:45.405,10739,10740,10740,1
2019-07-02 17:33:52.472,10740,10741,10740,5
2019-07-02 17:33:56.348,10740,10741,10741,1
2019-07-02 17:33:56.528,10740,10741,10741,1
2019-07-02 17:33:56.557,10740,10741,10741,1
2019-07-02 17:34:01.131,10740,10741,10741,1
2019-07-02 17:34:01.866,10740,10741,10741,1
2019-07-02 17:34:06.079,10740,10741,10741,2
2019-07-02 17:34:06.943,10740,10741,10741,2
2019-07-02 17:34:07.997,10740,10741,10740,10
2019-07-02 17:34:08.727,10740,10741,10741,2
2019-07-02 17:34:17.970,10740,10741,10741,1
2019-07-02 17:34:22.730,10740,10741,10741,40
2019-07-02 17:34:22.819,10740,10741,10741,1
2019-07-02 17:34:25.843,10740,10741,10741,1
2019-07-02 17:34:31.685,10740,10741,10741,1
2019-07-02 17:34:32.544,10740,10741,10741,1
2019-07-02 17:34:35.564,10741,10742,10742,2
2019-07-02 17:34:36.413,10741,10742,10742,1
2019-07-02 17:34:40.477,10741,10742,10742,1
2019-07-02 17:34:40.767,10741,10742,10742,2
2019-07-02 17:34:41.309,10741,10742,10741,5
2019-07-02 17:34:41.318,10741,10742,10741,1
2019-07-02 17:34:43.318,10741,10742,10741,3
2019-07-02 17:34:43.645,10740,10742,10741,1
2019-07-02 17:34:43.694,10741,10742,10741,1
2019-07-02 17:34:44.943,10741,10742,10741,1
2019-07-02 17:34:49.671,10740,10741,10741,2
2019-07-02 17:34:49.872,10740,10741,10741,2
2019-07-02 17:34:52.141,10740,10741,10741,1
2019-07-02 17:34:52.862,10740,10742,10740,1
2019-07-02 17:34:53.084,10740,10742,10740,1
2019-07-02 17:34:55.270,10740,10741,10741,1
2019-07-02 17:35:06.620,10740,10741,10740,1
2019-07-02 17:35:07.027,10740,10741,10741,1
2019-07-02 17:35:18.279,10740,10741,10741,1
2019-07-02 17:35:26.379,10740,10741,10741,1
2019-07-02 17:35:31.632,10740,10741,10741,4
2019-07-02 17:35:46.090,10740,10741,10741,1
2019-07-02 17:35:56.408,10740,10741,10741,3
2019-07-02 17:36:00.383,10740,10741,10741,2
2019-07-02 17:36:03.015,10740,10741,10741,2
2019-07-02 17:36:07.976,10740,10741,10741,1
2019-07-02 17:36:13.968,10740,10741,10741,3
2019-07-02 17:36:19.089,10740,10741,10741,2
2019-07-02 17:36:23.225,10740,10741,10741,1
2019-07-02 17:36:23.477,10740,10741,10741,10
2019-07-02 17:36:33.195,10740,10741,10741,3
2019-07-02 17:36:45.772,10740,10741,10741,1
2019-07-02 17:37:09.405,10740,10741,10740,1
2019-07-02 17:37:09.665,10740,10741,10740,1
2019-07-02 17:37:11.478,10740,10741,10740,1
2019-07-02 17:37:26.061,10740,10741,10740,2
2019-07-02 17:37:27.088,10740,10741,10740,1
2019-07-02 17:37:41.772,10740,10741,10740,40
2019-07-02 17:37:51.016,10739,10740,10740,1
2019-07-02 17:37:57.238,10739,10740,10740,1
2019-07-02 17:38:02.270,10739,10740,10739,1
2019-07-02 17:38:03.245,10739,10740,10739,1
2019-07-02 17:38:07.779,10739,10740,10739,3
2019-07-02 17:38:10.362,10739,10740,10739,1
2019-07-02 17:38:14.093,10739,10740,10739,1
2019-07-02 17:38:17.606,10739,10740,10739,1
2019-07-02 17:38:20.813,10739,10740,10739,3
2019-07-02 17:38:25.174,10739,10740,10739,5
2019-07-02 17:38:26.667,10739,10740,10739,1
2019-07-02 17:38:31.342,10739,10740,10739,1
2019-07-02 17:38:32.490,10739,10740,10739,2
2019-07-02 17:38:37.756,10739,10740,10739,1
2019-07-02 17:38:37.817,10739,10740,10739,1
2019-07-02 17:38:37.930,10739,10740,10739,1
2019-07-02 17:39:11.502,10739,10740,10739,1
2019-07-02 17:39:16.073,10739,10740,10739,1
2019-07-02 17:39:35.599,10739,10740,10740,3
2019-07-02 17:39:52.700,10740,10741,10740,1
2019-07-02 17:39:52.849,10740,10741,10740,1
2019-07-02 17:40:05.755,10740,10741,10740,2
2019-07-02 17:40:05.818,10740,10741,10740,3
2019-07-02 17:40:09.636,10739,10740,10739,3
2019-07-02 17:40:14.216,10739,10740,10740,10
2019-07-02 17:40:19.876,10739,10740,10740,6
2019-07-02 17:40:19.890,10739,10740,10740,1
2019-07-02 17:40:28.561,10739,10740,10740,10
2019-07-02 17:40:53.794,10739,10740,10739,2
2019-07-02 17:40:54.248,10738,10739,10739,1
2019-07-02 17:40:56.045,10738,10739,10739,14
2019-07-02 17:40:56.316,10739,10740,10739,1
2019-07-02 17:41:03.158,10739,10740,10739,1
2019-07-02 17:41:07.654,10739,10740,10739,1
2019-07-02 17:41:08.926,10739,10740,10739,1
2019-07-02 17:41:10.163,10739,10740,10739,1
2019-07-02 17:41:10.970,10739,10740,10739,1
2019-07-02 17:42:08.070,10739,10740,10739,1
2019-07-02 17:42:18.191,10739,10740,10740,1
2019-07-02 17:42:20.072,10739,10740,10740,1
2019-07-02 17:42:20.745,10739,10740,10740,1
2019-07-02 17:42:52.265,10739,10740,10740,1
2019-07-02 17:43:05.136,10739,10740,10740,2
2019-07-02 17:43:09.419,10739,10740,10740,1
2019-07-02 17:43:11.318,10739,10740,10740,1
2019-07-02 17:43:11.443,10739,10740,10740,2
2019-07-02 17:43:11.444,10739,10740,10740,1
2019-07-02 17:45:26.541,10739,10740,10739,1
2019-07-02 17:45:44.664,10739,10740,10739,6
2019-07-02 17:45:44.669,10739,10740,10739,3
2019-07-02 17:45:44.693,10739,10740,10739,2
2019-07-02 17:45:44.694,10739,10740,10739,15
2019-07-02 17:45:49.778,10738,10739,10739,1
2019-07-02 17:45:53.182,10738,10739,10739,1
2019-07-02 17:45:59.649,10738,10739,10739,2
2019-07-02 17:46:11.123,10738,10739,10739,1
2019-07-02 17:46:11.123,10738,10739,10739,1
2019-07-02 17:46:21.158,10738,10739,10739,3
2019-07-02 17:46:43.285,10738,10739,10738,1
2019-07-02 17:46:43.399,10738,10739,10738,1
2019-07-02 17:46:58.645,10738,10739,10739,1
2019-07-02 17:48:06.947,10738,10739,10739,1
2019-07-02 17:48:31.367,10738,10739,10739,1
2019-07-02 17:48:31.367,10738,10739,10739,1
2019-07-02 17:48:31.367,10738,10739,10739,2
2019-07-02 17:48:31.443,10738,10739,10739,14
2019-07-02 17:49:06.443,10739,10740,10739,1
2019-07-02 17:49:06.505,10739,10740,10739,2
2019-07-02 17:49:06.505,10739,10740,10739,4
2019-07-02 17:49:06.507,10739,10740,10739,3
2019-07-02 17:49:06.512,10739,10740,10739,6
2019-07-02 17:49:06.580,10738,10739,10738,1
2019-07-02 17:49:06.584,10738,10739,10738,3
2019-07-02 17:49:06.588,10738,10739,10738,4
2019-07-02 17:49:06.589,10738,10739,10738,2
2019-07-02 17:49:06.593,10738,10739,10738,1
2019-07-02 17:49:06.593,10738,10739,10738,3
2019-07-02 17:49:06.594,10738,10739,10738,5
2019-07-02 17:49:06.594,10738,10739,10738,1
2019-07-02 17:49:06.594,10738,10739,10738,1
2019-07-02 17:49:06.594,10738,10739,10738,18
2019-07-02 17:49:06.594,10738,10739,10738,3
2019-07-02 17:49:08.562,10737,10739,10738,1
2019-07-02 17:49:08.562,10737,10739,10737,4
2019-07-02 17:49:08.858,10737,10738,10737,1
2019-07-02 17:49:14.204,10738,10739,10738,10
2019-07-02 17:49:18.104,10738,10739,10739,4
2019-07-02 17:49:18.109,10738,10739,10739,2
2019-07-02 17:49:20.980,10739,10740,10739,1
2019-07-02 17:49:24.963,10739,10740,10739,5
2019-07-02 17:49:25.315,10739,10740,10740,15
2019-07-02 17:49:25.318,10739,10740,10740,11
2019-07-02 17:49:27.201,10740,10741,10740,1
2019-07-02 17:49:27.393,10740,10741,10740,2
2019-07-02 17:49:39.853,10739,10740,10740,3
2019-07-02 17:49:43.513,10740,10741,10740,5
2019-07-02 17:49:53.268,10739,10740,10740,1
2019-07-02 17:49:53.268,10739,10740,10740,1
2019-07-02 17:50:10.762,10739,10740,10740,1
2019-07-02 17:50:27.123,10739,10740,10739,1
2019-07-02 17:50:28.591,10739,10740,10739,1
2019-07-02 17:50:37.882,10738,10739,10739,1
2019-07-02 17:50:37.944,10738,10739,10739,2
2019-07-02 17:51:02.267,10738,10739,10739,4
2019-07-02 17:51:05.317,10739,10740,10739,1
2019-07-02 17:51:32.348,10738,10739,10739,2
2019-07-02 17:51:33.677,10738,10739,10738,1
2019-07-02 17:51:50.814,10738,10739,10738,1
2019-07-02 17:52:03.588,10738,10739,10738,1
2019-07-02 17:52:03.591,10738,10739,10738,1
2019-07-02 17:52:03.612,10738,10739,10738,6
2019-07-02 17:52:03.622,10738,10739,10738,3
2019-07-02 17:52:03.634,10738,10739,10738,2
2019-07-02 17:52:03.693,10738,10739,10738,10
2019-07-02 17:52:03.945,10737,10738,10737,3
2019-07-02 17:52:04.196,10737,10738,10737,2
2019-07-02 17:52:11.324,10737,10738,10737,1
2019-07-02 17:52:19.600,10737,10738,10737,1
2019-07-02 17:52:21.041,10737,10738,10737,1
2019-07-02 17:52:24.345,10736,10737,10737,1
2019-07-02 17:52:24.387,10736,10737,10737,1
2019-07-02 17:52:38.394,10737,10738,10737,1
2019-07-02 17:52:42.334,10737,10738,10738,1
2019-07-02 17:52:42.337,10737,10738,10738,2
2019-07-02 17:52:42.443,10737,10738,10738,6
2019-07-02 17:52:43.597,10738,10739,10738,1
2019-07-02 17:52:44.648,10738,10739,10739,1
2019-07-02 17:53:03.184,10738,10739,10739,1
2019-07-02 17:53:03.184,10738,10739,10739,2
2019-07-02 17:53:03.185,10738,10739,10739,2
2019-07-02 17:53:03.191,10738,10739,10739,1
2019-07-02 17:53:03.193,10738,10739,10739,1
2019-07-02 17:53:22.538,10739,10740,10739,3
2019-07-02 17:54:01.609,10738,10739,10739,1
2019-07-02 17:54:02.592,10738,10739,10739,2
2019-07-02 17:54:12.751,10738,10739,10739,1
2019-07-02 17:54:34.272,10738,10739,10738,5
2019-07-02 17:55:01.754,10738,10739,10738,2
2019-07-02 17:55:02.232,10738,10739,10739,1
2019-07-02 17:55:21.632,10738,10739,10738,1
2019-07-02 17:55:23.411,10738,10739,10738,1
2019-07-02 17:55:30.227,10738,10739,10738,1
2019-07-02 17:55:31.062,10738,10739,10738,1
2019-07-02 17:55:31.873,10738,10739,10738,5
2019-07-02 17:55:31.873,10738,10739,10738,1
2019-07-02 17:55:55.835,10737,10738,10738,1
2019-07-02 17:55:55.943,10737,10738,10738,3
2019-07-02 17:55:56.733,10738,10739,10738,1
2019-07-02 17:56:15.568,10737,10738,10738,2
2019-07-02 17:56:52.676,10737,10738,10738,1
2019-07-02 17:56:52.677,10737,10738,10738,1
2019-07-02 17:56:52.679,10737,10738,10738,1
2019-07-02 17:57:40.193,10737,10738,10738,2
2019-07-02 17:57:42.730,10738,10739,10738,1
2019-07-02 17:57:42.760,10738,10739,10738,1
2019-07-02 17:57:42.768,10738,10739,10738,1
2019-07-02 17:59:39.512,10738,10739,10739,1
2019-07-02 17:59:39.912,10738,10739,10738,2
2019-07-02 17:59:45.249,10738,10739,10738,2
2019-07-02 17:59:47.038,10738,10739,10738,2
2019-07-02 17:59:49.719,10738,10739,10738,1
2019-07-02 17:59:58.744,10738,10739,10738,2
2019-07-02 18:00:00.735,10738,10739,10738,1
2019-07-02 18:00:00.735,10738,10739,10738,2
2019-07-02 18:00:00.735,10738,10739,10738,3
2019-07-02 18:00:00.978,10737,10738,10738,6
2019-07-02 18:00:00.981,10737,10738,10738,1
2019-07-02 18:00:00.995,10737,10738,10738,1
2019-07-02 18:00:01.975,10738,10739,10738,1
2019-07-02 18:00:02.063,10738,10739,10738,1
2019-07-02 18:00:04.142,10737,10739,10739,1
2019-07-02 18:00:04.543,10737,10739,10739,1
2019-07-02 18:00:06.998,10737,10739,10739,1
2019-07-02 18:00:07.150,10737,10739,10739,1
2019-07-02 18:00:25.953,10738,10739,10739,2
2019-07-02 18:00:34.203,10738,10739,10738,3
2019-07-02 18:00:48.940,10738,10739,10738,1
2019-07-02 18:01:03.172,10737,10738,10737,4
2019-07-02 18:01:03.232,10737,10738,10737,1
2019-07-02 18:01:40.507,10737,10738,10738,10
2019-07-02 18:01:45.930,10737,10738,10737,10
2019-07-02 18:01:55.813,10737,10738,10737,5
2019-07-02 18:02:07.434,10737,10738,10737,1
2019-07-02 18:02:17.990,10737,10738,10737,2
2019-07-02 18:02:50.978,10737,10738,10737,1
2019-07-02 18:02:54.024,10737,10738,10737,1
2019-07-02 18:02:54.025,10737,10738,10737,1
2019-07-02 18:02:54.026,10737,10738,10737,1
2019-07-02 18:02:54.068,10737,10738,10737,1
2019-07-02 18:02:54.068,10737,10738,10737,15
2019-07-02 18:02:54.193,10737,10738,10737,2
2019-07-02 18:02:54.551,10737,10738,10737,5
2019-07-02 18:02:55.302,10737,10738,10737,1
2019-07-02 18:02:55.788,10737,10738,10737,1
2019-07-02 18:03:08.142,10737,10738,10737,1
2019-07-02 18:03:13.974,10737,10738,10737,1
2019-07-02 18:03:14.518,10737,10738,10737,1
2019-07-02 18:03:16.595,10737,10738,10737,1
2019-07-02 18:03:19.591,10736,10737,10737,2
2019-07-02 18:03:39.372,10737,10738,10737,1
2019-07-02 18:03:57.450,10737,10738,10738,1
2019-07-02 18:03:59.233,10738,10739,10738,1
2019-07-02 18:04:05.916,10737,10739,10738,1
2019-07-02 18:04:06.369,10737,10738,10738,1
2019-07-02 18:04:23.916,10737,10738,10737,1
2019-07-02 18:04:38.778,10737,10738,10737,2
2019-07-02 18:05:04.693,10737,10738,10738,4
2019-07-02 18:05:05.048,10738,10739,10739,1
2019-07-02 18:05:16.722,10738,10739,10738,1
2019-07-02 18:05:25.284,10738,10739,10738,5
2019-07-02 18:05:44.920,10738,10739,10738,3
2019-07-02 18:05:46.116,10738,10739,10738,1
2019-07-02 18:05:48.939,10738,10739,10738,2
2019-07-02 18:05:50.602,10738,10739,10738,5
2019-07-02 18:06:02.571,10738,10739,10738,5
2019-07-02 18:06:02.977,10738,10739,10738,5
2019-07-02 18:06:03.292,10738,10739,10738,1
2019-07-02 18:06:03.329,10738,10739,10738,5
2019-07-02 18:06:03.665,10738,10739,10738,3
2019-07-02 18:06:03.693,10737,10738,10738,2
2019-07-02 18:06:28.528,10738,10739,10738,6
2019-07-02 18:06:43.458,10738,10739,10738,1
2019-07-02 18:06:51.068,10738,10739,10738,5
2019-07-02 18:07:05.342,10738,10739,10738,1
2019-07-02 18:07:08.322,10738,10739,10738,1
2019-07-02 18:07:09.696,10738,10739,10738,1
2019-07-02 18:07:12.358,10738,10739,10738,2
2019-07-02 18:07:17.912,10738,10739,10738,2
2019-07-02 18:07:23.719,10738,10739,10738,4
2019-07-02 18:08:10.773,10738,10739,10738,3
2019-07-02 18:08:24.551,10738,10739,10738,1
2019-07-02 18:09:02.882,10738,10739,10738,1
2019-07-02 18:09:24.290,10738,10739,10739,2
2019-07-02 18:09:33.077,10738,10739,10739,2
2019-07-02 18:09:33.410,10738,10739,10739,1
2019-07-02 18:09:33.410,10738,10739,10739,1
2019-07-02 18:09:33.412,10738,10739,10739,1
2019-07-02 18:09:33.412,10738,10739,10739,1
2019-07-02 18:09:33.443,10738,10739,10739,1
2019-07-02 18:09:33.444,10738,10739,10739,1
2019-07-02 18:09:33.568,10738,10739,10739,12
2019-07-02 18:09:35.951,10739,10740,10739,2
2019-07-02 18:10:01.602,10739,10740,10739,1
2019-07-02 18:10:02.356,10739,10740,10740,1
2019-07-02 18:10:09.742,10739,10740,10740,12
2019-07-02 18:10:29.389,10739,10740,10740,3
2019-07-02 18:10:29.392,10739,10740,10740,1
2019-07-02 18:10:44.272,10739,10740,10740,1
2019-07-02 18:10:44.365,10739,10740,10740,1
2019-07-02 18:10:44.545,10739,10740,10740,1
2019-07-02 18:10:44.684,10739,10740,10740,1
2019-07-02 18:10:44.832,10739,10740,10740,1
2019-07-02 18:10:45.807,10739,10740,10740,1
2019-07-02 18:10:46.197,10739,10740,10740,1
2019-07-02 18:11:06.175,10739,10740,10740,1
2019-07-02 18:11:15.798,10739,10740,10739,1
2019-07-02 18:11:16.979,10739,10740,10740,3
2019-07-02 18:11:17.193,10739,10740,10740,1
2019-07-02 18:11:17.319,10739,10741,10740,1
2019-07-02 18:11:49.215,10739,10740,10740,1
2019-07-02 18:12:21.039,10740,10741,10740,5
2019-07-02 18:12:23.958,10740,10741,10740,1
2019-07-02 18:12:37.026,10739,10740,10740,1
2019-07-02 18:12:37.461,10739,10740,10740,1
2019-07-02 18:12:41.321,10739,10740,10740,2
2019-07-02 18:12:44.586,10740,10741,10740,1
2019-07-02 18:13:09.069,10739,10740,10740,1
2019-07-02 18:13:09.699,10739,10740,10740,1
2019-07-02 18:13:10.816,10739,10740,10740,17
2019-07-02 18:13:27.209,10740,10741,10741,1
2019-07-02 18:14:01.233,10740,10741,10741,1
2019-07-02 18:14:20.464,10740,10741,10740,1
2019-07-02 18:14:56.068,10740,10741,10740,1
2019-07-02 18:15:16.826,10740,10741,10741,9
2019-07-02 18:15:16.943,10740,10741,10741,6
2019-07-02 18:15:16.943,10740,10741,10741,15
2019-07-02 18:15:17.689,10741,10742,10742,1
2019-07-02 18:15:18.165,10741,10742,10742,3
2019-07-02 18:15:18.229,10741,10742,10742,1
2019-07-02 18:15:18.229,10741,10742,10742,1
2019-07-02 18:15:18.236,10741,10742,10742,1
2019-07-02 18:15:20.207,10741,10742,10742,1
2019-07-02 18:15:21.018,10741,10742,10742,1
2019-07-02 18:15:21.842,10741,10742,10742,1
2019-07-02 18:15:25.892,10741,10742,10742,1
2019-07-02 18:15:27.133,10741,10742,10742,1
2019-07-02 18:15:36.823,10741,10742,10741,1
2019-07-02 18:15:47.851,10741,10742,10742,1
2019-07-02 18:15:58.052,10741,10742,10742,3
2019-07-02 18:16:01.630,10741,10742,10742,1
2019-07-02 18:16:15.654,10741,10742,10742,10
2019-07-02 18:16:22.854,10741,10742,10741,5
2019-07-02 18:17:27.628,10741,10742,10741,1
2019-07-02 18:17:28.206,10741,10742,10741,1
2019-07-02 18:17:53.730,10741,10742,10741,2
2019-07-02 18:17:55.296,10741,10742,10741,1
2019-07-02 18:18:08.697,10741,10742,10742,1
2019-07-02 18:18:11.803,10741,10742,10742,1
2019-07-02 18:18:23.452,10741,10742,10741,1
2019-07-02 18:18:25.721,10741,10742,10742,1
2019-07-02 18:19:06.255,10741,10742,10741,7
2019-07-02 18:19:08.068,10740,10741,10741,1
2019-07-02 18:19:09.318,10740,10741,10741,1
2019-07-02 18:19:19.120,10740,10741,10741,3
2019-07-02 18:20:03.880,10741,10742,10742,2
2019-07-02 18:20:03.880,10741,10742,10742,1
2019-07-02 18:20:03.880,10741,10742,10742,1
2019-07-02 18:20:03.881,10741,10742,10742,1
2019-07-02 18:20:03.943,10741,10742,10742,1
2019-07-02 18:20:03.943,10741,10742,10742,1
2019-07-02 18:20:03.944,10741,10742,10742,8
2019-07-02 18:20:03.944,10741,10742,10742,2
2019-07-02 18:20:03.944,10741,10742,10742,3
2019-07-02 18:20:03.945,10741,10742,10742,1
2019-07-02 18:20:03.945,10741,10742,10742,2
2019-07-02 18:20:03.957,10741,10742,10742,2
2019-07-02 18:20:03.958,10741,10742,10742,4
2019-07-02 18:20:04.069,10741,10742,10742,1
2019-07-02 18:20:06.574,10742,10743,10743,11
2019-07-02 18:20:06.575,10742,10743,10743,3
2019-07-02 18:20:06.955,10742,10743,10743,5
2019-07-02 18:20:07.142,10742,10744,10743,1
2019-07-02 18:20:07.142,10742,10744,10744,1
2019-07-02 18:20:07.152,10742,10744,10744,6
2019-07-02 18:20:07.155,10742,10744,10744,4
2019-07-02 18:20:07.155,10742,10744,10744,6
2019-07-02 18:20:07.155,10742,10744,10744,2
2019-07-02 18:20:07.243,10742,10744,10744,3
2019-07-02 18:20:07.251,10742,10744,10744,9
2019-07-02 18:20:07.293,10742,10744,10744,2
2019-07-02 18:20:07.345,10743,10744,10744,4
2019-07-02 18:20:07.346,10743,10744,10744,1
2019-07-02 18:20:07.346,10743,10744,10745,1
2019-07-02 18:20:07.367,10743,10744,10745,3
2019-07-02 18:20:07.367,10743,10744,10745,2
2019-07-02 18:20:07.370,10743,10744,10745,2
2019-07-02 18:20:07.371,10743,10744,10745,2
2019-07-02 18:20:07.447,10743,10745,10745,6
2019-07-02 18:20:07.466,10743,10745,10745,2
2019-07-02 18:20:07.466,10743,10745,10745,3
2019-07-02 18:20:07.476,10743,10745,10745,1
2019-07-02 18:20:07.510,10743,10745,10745,3
2019-07-02 18:20:07.510,10743,10745,10744,1
2019-07-02 18:20:07.519,10743,10745,10745,2
2019-07-02 18:20:07.555,10743,10745,10745,1
2019-07-02 18:20:13.996,10743,10744,10743,1
2019-07-02 18:20:14.330,10743,10744,10743,2
2019-07-02 18:20:17.523,10743,10744,10743,5
2019-07-02 18:20:17.568,10743,10744,10743,3
2019-07-02 18:20:17.816,10743,10744,10743,2
2019-07-02 18:20:19.482,10742,10743,10743,2
2019-07-02 18:20:20.044,10742,10743,10742,2
2019-07-02 18:20:27.573,10742,10743,10742,3
2019-07-02 18:20:27.793,10742,10743,10743,1
2019-07-02 18:20:28.318,10742,10743,10742,2
2019-07-02 18:20:28.319,10742,10743,10742,1
2019-07-02 18:20:29.157,10741,10742,10742,1
2019-07-02 18:20:37.145,10741,10742,10742,1
2019-07-02 18:20:47.272,10741,10742,10741,4
2019-07-02 18:20:57.296,10741,10742,10741,1
2019-07-02 18:21:04.908,10741,10742,10741,1
2019-07-02 18:21:05.375,10741,10742,10742,2
2019-07-02 18:21:09.987,10741,10742,10742,1
2019-07-02 18:21:24.499,10741,10742,10742,1
2019-07-02 18:21:24.758,10741,10742,10742,3
2019-07-02 18:21:28.794,10741,10742,10742,1
2019-07-02 18:21:41.266,10741,10742,10742,3
2019-07-02 18:21:44.371,10741,10742,10742,1
2019-07-02 18:21:49.376,10741,10742,10742,3
2019-07-02 18:22:20.991,10742,10743,10742,1
2019-07-02 18:22:32.945,10742,10743,10743,1
2019-07-02 18:22:35.032,10742,10743,10743,1
2019-07-02 18:22:41.897,10742,10743,10743,1
2019-07-02 18:22:45.067,10742,10743,10743,1
2019-07-02 18:22:47.909,10742,10743,10743,1
2019-07-02 18:22:52.817,10742,10743,10743,1
2019-07-02 18:22:53.801,10742,10743,10742,1
2019-07-02 18:22:59.108,10742,10743,10743,1
2019-07-02 18:23:02.841,10742,10743,10743,4
2019-07-02 18:23:09.443,10743,10744,10743,2
2019-07-02 18:23:11.318,10743,10744,10743,1
2019-07-02 18:23:11.569,10743,10744,10743,1
2019-07-02 18:23:15.863,10743,10744,10743,1
2019-07-02 18:23:20.943,10743,10744,10743,1
2019-07-02 18:23:21.068,10743,10744,10743,1
2019-07-02 18:23:22.206,10742,10743,10743,1
2019-07-02 18:23:27.452,10742,10743,10743,2
2019-07-02 18:23:39.643,10742,10743,10743,1
2019-07-02 18:23:40.193,10743,10744,10743,1
2019-07-02 18:23:46.744,10742,10744,10744,2
2019-07-02 18:24:00.371,10742,10743,10743,1
2019-07-02 18:24:00.371,10742,10743,10744,1
2019-07-02 18:24:00.446,10742,10744,10744,2
2019-07-02 18:24:02.953,10742,10743,10743,1
2019-07-02 18:24:03.142,10742,10744,10744,1
2019-07-02 18:24:15.808,10743,10744,10744,1
2019-07-02 18:24:22.275,10743,10744,10744,1
2019-07-02 18:24:23.704,10743,10744,10743,2
2019-07-02 18:24:29.673,10743,10744,10743,1
2019-07-02 18:24:31.176,10743,10744,10744,1
2019-07-02 18:24:36.169,10743,10744,10744,2
2019-07-02 18:24:40.520,10743,10744,10744,2
2019-07-02 18:24:46.784,10743,10744,10744,2
2019-07-02 18:24:50.662,10743,10744,10744,3
2019-07-02 18:25:03.893,10744,10745,10744,1
2019-07-02 18:25:04.655,10744,10745,10745,2
2019-07-02 18:25:07.131,10744,10745,10745,1
2019-07-02 18:25:08.150,10744,10745,10744,6
2019-07-02 18:25:33.562,10743,10744,10744,1
2019-07-02 18:25:35.558,10744,10745,10744,2
2019-07-02 18:25:49.607,10744,10745,10744,2
2019-07-02 18:25:50.987,10744,10745,10744,1
2019-07-02 18:25:58.729,10744,10745,10744,1
2019-07-02 18:26:01.031,10744,10745,10744,3
2019-07-02 18:26:03.676,10744,10745,10744,2
2019-07-02 18:26:03.905,10744,10745,10744,2
2019-07-02 18:26:17.015,10744,10745,10744,1
2019-07-02 18:26:21.736,10744,10745,10744,1
2019-07-02 18:26:27.082,10744,10745,10744,1
2019-07-02 18:26:30.069,10744,10745,10744,2
2019-07-02 18:26:54.619,10743,10744,10744,6
2019-07-02 18:27:02.351,10744,10745,10745,1
2019-07-02 18:27:08.401,10744,10745,10744,1
2019-07-02 18:27:11.229,10744,10745,10744,1
2019-07-02 18:27:11.476,10744,10745,10744,1
2019-07-02 18:27:17.136,10744,10745,10745,1
2019-07-02 18:27:23.581,10744,10745,10745,1
2019-07-02 18:27:28.060,10744,10745,10744,1
2019-07-02 18:27:31.802,10744,10745,10745,1
2019-07-02 18:27:54.077,10744,10745,10744,4
2019-07-02 18:27:55.841,10743,10744,10744,10
2019-07-02 18:27:59.165,10743,10744,10744,1
2019-07-02 18:28:00.460,10743,10744,10744,1
2019-07-02 18:28:00.556,10743,10744,10744,1
2019-07-02 18:28:14.266,10743,10744,10744,1
2019-07-02 18:28:21.360,10743,10744,10743,1
2019-07-02 18:28:28.868,10743,10744,10744,1
2019-07-02 18:28:34.835,10743,10744,10744,10
2019-07-02 18:28:36.824,10743,10744,10743,3
2019-07-02 18:28:44.797,10743,10744,10743,1
2019-07-02 18:28:58.574,10743,10744,10744,1
2019-07-02 18:29:04.269,10743,10744,10744,1
2019-07-02 18:29:14.365,10743,10744,10744,3
2019-07-02 18:29:25.677,10743,10744,10743,1
2019-07-02 18:29:31.465,10743,10744,10744,1
2019-07-02 18:29:37.492,10743,10744,10744,1
2019-07-02 18:29:54.124,10743,10744,10744,3
2019-07-02 18:30:26.072,10743,10744,10744,1
2019-07-02 18:30:26.395,10743,10744,10744,2
2019-07-02 18:30:28.195,10743,10744,10744,1
2019-07-02 18:30:34.597,10743,10744,10744,1
2019-07-02 18:30:40.109,10743,10744,10744,1
2019-07-02 18:31:00.266,10743,10744,10744,1
2019-07-02 18:31:08.026,10743,10744,10744,5
2019-07-02 18:31:13.459,10743,10744,10743,1
2019-07-02 18:31:14.205,10743,10744,10743,1
2019-07-02 18:31:21.210,10743,10744,10744,1
2019-07-02 18:31:22.110,10743,10744,10743,2
2019-07-02 18:31:25.299,10743,10744,10743,19
2019-07-02 18:31:44.221,10743,10744,10743,1
2019-07-02 18:31:54.987,10743,10744,10743,1
2019-07-02 18:32:03.482,10743,10744,10743,1
2019-07-02 18:32:03.550,10743,10744,10743,3
2019-07-02 18:32:03.568,10743,10744,10743,2
2019-07-02 18:32:27.335,10742,10743,10742,1
2019-07-02 18:32:41.991,10742,10743,10742,4
2019-07-02 18:32:45.066,10742,10743,10742,1
2019-07-02 18:32:54.185,10742,10743,10742,4
2019-07-02 18:32:57.930,10742,10743,10743,4
2019-07-02 18:33:21.018,10742,10743,10743,1
2019-07-02 18:33:37.734,10742,10743,10743,1
2019-07-02 18:33:43.149,10742,10743,10742,1
2019-07-02 18:34:58.790,10742,10743,10742,3
2019-07-02 18:35:22.786,10742,10743,10742,1
2019-07-02 18:35:25.811,10742,10743,10742,2
2019-07-02 18:35:25.912,10742,10743,10742,2
2019-07-02 18:35:25.998,10742,10743,10742,2
2019-07-02 18:35:26.087,10742,10743,10742,2
2019-07-02 18:35:36.853,10742,10743,10742,1
2019-07-02 18:36:01.350,10742,10743,10742,2
2019-07-02 18:36:18.968,10742,10743,10742,2
2019-07-02 18:36:25.850,10742,10743,10742,1
2019-07-02 18:36:31.951,10742,10743,10742,1
2019-07-02 18:36:38.995,10742,10743,10743,1
2019-07-02 18:36:40.877,10742,10743,10742,1
2019-07-02 18:36:44.879,10741,10742,10742,1
2019-07-02 18:36:51.573,10742,10743,10743,2
2019-07-02 18:36:51.573,10742,10743,10743,2
2019-07-02 18:37:05.937,10742,10743,10743,2
2019-07-02 18:37:40.258,10742,10743,10743,6
2019-07-02 18:37:40.696,10742,10743,10743,1
2019-07-02 18:38:21.709,10742,10743,10743,1
2019-07-02 18:38:24.051,10742,10743,10743,1
2019-07-02 18:38:27.635,10742,10743,10743,1
2019-07-02 18:39:28.766,10743,10744,10744,10
2019-07-02 18:39:28.823,10743,10744,10744,1
2019-07-02 18:39:28.823,10743,10744,10744,2
2019-07-02 18:39:38.719,10743,10744,10744,10
2019-07-02 18:39:46.709,10743,10744,10743,1
2019-07-02 18:40:54.245,10743,10744,10744,1
2019-07-02 18:40:55.658,10743,10744,10744,1
2019-07-02 18:40:55.695,10743,10744,10744,2
2019-07-02 18:40:58.837,10743,10744,10744,1
2019-07-02 18:41:02.578,10743,10744,10743,1
2019-07-02 18:41:04.298,10743,10744,10744,1
2019-07-02 18:41:23.231,10743,10744,10743,1
2019-07-02 18:41:42.074,10743,10744,10744,1
2019-07-02 18:41:45.325,10743,10744,10744,1
2019-07-02 18:42:16.171,10743,10744,10744,5
2019-07-02 18:42:17.436,10744,10745,10744,1
2019-07-02 18:42:17.443,10743,10745,10744,1
2019-07-02 18:42:17.510,10743,10745,10744,1
2019-07-02 18:42:22.445,10744,10745,10744,1
2019-07-02 18:42:55.352,10744,10745,10744,1
2019-07-02 18:43:03.934,10744,10745,10745,1
2019-07-02 18:43:11.109,10744,10745,10744,1
2019-07-02 18:43:11.109,10744,10745,10743,11
2019-07-02 18:43:12.061,10743,10744,10743,12
2019-07-02 18:43:25.857,10743,10744,10744,4
2019-07-02 18:44:04.559,10743,10744,10743,1
2019-07-02 18:44:43.725,10743,10744,10743,1
2019-07-02 18:44:55.818,10743,10744,10743,3
2019-07-02 18:45:01.096,10742,10743,10742,1
2019-07-02 18:45:01.119,10742,10743,10742,1
2019-07-02 18:45:01.120,10742,10743,10742,1
2019-07-02 18:45:01.412,10741,10742,10742,1
2019-07-02 18:45:04.102,10742,10743,10742,2
2019-07-02 18:45:04.489,10741,10742,10742,2
2019-07-02 18:45:15.161,10742,10743,10742,1
2019-07-02 18:45:15.820,10742,10743,10743,2
2019-07-02 18:45:18.330,10742,10743,10743,1
2019-07-02 18:46:37.377,10742,10743,10743,9
2019-07-02 18:46:38.310,10743,10744,10743,1
2019-07-02 18:47:46.258,10743,10744,10743,2
2019-07-02 18:48:00.437,10743,10744,10743,1
2019-07-02 18:48:28.374,10743,10744,10743,1
2019-07-02 18:49:39.858,10743,10744,10743,5
2019-07-02 18:49:40.223,10743,10744,10743,1
2019-07-02 18:49:44.084,10743,10744,10743,1
2019-07-02 18:49:44.193,10743,10744,10743,10
2019-07-02 18:50:02.070,10742,10743,10742,4
2019-07-02 18:50:06.934,10742,10743,10742,1
2019-07-02 18:50:59.947,10742,10743,10742,1
2019-07-02 18:51:36.509,10742,10743,10742,1
2019-07-02 18:51:44.884,10742,10743,10742,1
2019-07-02 18:51:46.034,10742,10743,10742,2
2019-07-02 18:51:48.510,10742,10743,10742,1
2019-07-02 18:52:52.374,10742,10743,10742,1
2019-07-02 18:53:34.639,10742,10743,10742,4
2019-07-02 18:53:34.639,10742,10743,10741,1
2019-07-02 18:54:04.622,10741,10742,10741,1
2019-07-02 18:54:43.074,10741,10742,10742,1
2019-07-02 18:54:53.873,10741,10742,10741,1
2019-07-02 18:55:47.852,10741,10742,10741,2
2019-07-02 18:55:48.877,10741,10742,10741,2
2019-07-02 18:55:49.761,10741,10742,10741,1
2019-07-02 18:55:53.907,10741,10742,10741,1
2019-07-02 18:56:04.506,10741,10742,10741,1
2019-07-02 18:56:04.568,10741,10742,10741,2
2019-07-02 18:56:04.569,10741,10742,10741,4
2019-07-02 18:56:04.569,10741,10742,10741,1
2019-07-02 18:56:04.569,10741,10742,10741,18
2019-07-02 18:56:26.884,10740,10741,10741,4
2019-07-02 18:56:26.888,10740,10741,10741,1
2019-07-02 18:56:29.703,10741,10742,10741,1
2019-07-02 18:56:33.495,10741,10742,10741,1
2019-07-02 18:57:08.235,10741,10742,10741,5
2019-07-02 18:57:11.147,10741,10742,10741,2
2019-07-02 18:57:13.023,10741,10742,10741,1
2019-07-02 18:57:16.083,10741,10742,10741,1
2019-07-02 18:57:16.217,10741,10742,10741,1
2019-07-02 18:57:16.941,10741,10742,10741,1
2019-07-02 18:57:17.754,10741,10742,10741,1
2019-07-02 18:57:41.965,10741,10742,10741,3
2019-07-02 18:58:02.815,10741,10742,10741,4
2019-07-02 18:58:23.229,10741,10742,10741,3
2019-07-02 18:58:35.470,10741,10742,10741,3
2019-07-02 18:58:38.293,10741,10742,10741,1
2019-07-02 19:00:01.000,10741,10742,10742,2
2019-07-02 19:00:01.068,10741,10742,10742,10
2019-07-02 19:00:01.146,10741,10742,10741,5
2019-07-02 19:00:01.154,10741,10742,10741,5
2019-07-02 19:00:01.194,10741,10743,10742,1
2019-07-02 19:00:01.290,10741,10743,10742,1
2019-07-02 19:00:01.363,10741,10742,10742,1
2019-07-02 19:00:01.390,10741,10742,10743,2
2019-07-02 19:00:01.390,10741,10742,10743,2
2019-07-02 19:00:01.439,10741,10742,10743,2
2019-07-02 19:00:01.481,10742,10743,10742,5
2019-07-02 19:00:01.512,10742,10743,10742,5
2019-07-02 19:00:01.601,10741,10743,10743,2
2019-07-02 19:00:01.803,10741,10743,10743,4
2019-07-02 19:00:01.864,10742,10743,10743,1
2019-07-02 19:00:23.217,10742,10743,10743,7
2019-07-02 19:00:38.977,10742,10743,10743,1
2019-07-02 19:00:52.935,10743,10744,10743,1
2019-07-02 19:01:17.773,10743,10744,10744,1
2019-07-02 19:01:24.786,10743,10744,10744,9
2019-07-02 19:01:24.818,10743,10744,10744,4
2019-07-02 19:01:38.235,10743,10744,10743,1
2019-07-02 19:01:44.211,10743,10744,10744,1
2019-07-02 19:02:03.390,10743,10744,10744,10
2019-07-02 19:02:07.916,10743,10744,10744,5
2019-07-02 19:02:16.544,10744,10745,10745,1
2019-07-02 19:02:22.357,10744,10745,10745,1
2019-07-02 19:02:27.095,10744,10745,10745,1
2019-07-02 19:02:37.914,10744,10745,10744,1
2019-07-02 19:02:46.778,10744,10745,10745,1
2019-07-02 19:02:50.383,10744,10745,10745,1
2019-07-02 19:02:53.812,10744,10745,10744,1
2019-07-02 19:02:53.812,10744,10745,10744,2
2019-07-02 19:02:53.812,10744,10745,10744,3
2019-07-02 19:02:53.812,10744,10745,10744,1
2019-07-02 19:02:53.812,10744,10745,10744,1
2019-07-02 19:03:03.904,10743,10744,10744,2
2019-07-02 19:03:12.898,10743,10744,10744,1
2019-07-02 19:03:13.558,10743,10744,10744,1
2019-07-02 19:03:23.944,10743,10744,10744,1
2019-07-02 19:03:31.607,10743,10744,10744,6
2019-07-02 19:03:32.697,10743,10744,10744,1
2019-07-02 19:03:34.283,10743,10744,10744,1
2019-07-02 19:03:36.802,10743,10744,10744,1
2019-07-02 19:03:40.124,10743,10744,10744,1
2019-07-02 19:03:49.255,10743,10744,10744,1
2019-07-02 19:04:19.506,10743,10744,10743,5
2019-07-02 19:04:19.718,10743,10744,10743,1
2019-07-02 19:04:19.718,10743,10744,10742,1
2019-07-02 19:04:28.800,10742,10743,10743,1
2019-07-02 19:04:40.448,10743,10744,10743,1
2019-07-02 19:05:13.818,10743,10744,10743,1
2019-07-02 19:07:20.645,10742,10743,10742,2
2019-07-02 19:07:21.051,10742,10743,10743,2
2019-07-02 19:07:41.687,10742,10743,10742,1
2019-07-02 19:09:07.903,10742,10743,10742,1
2019-07-02 19:12:01.241,10742,10743,10742,1
2019-07-02 19:12:01.800,10742,10743,10743,2
2019-07-02 19:13:20.891,10742,10743,10743,4
2019-07-02 19:13:20.943,10742,10743,10743,2
2019-07-02 19:14:12.477,10742,10743,10742,1
2019-07-02 19:14:51.456,10742,10743,10742,4
2019-07-02 19:14:53.265,10742,10743,10742,1
2019-07-02 19:15:46.369,10742,10743,10742,1
