2020-01-13 15:00:00,12122,12122,12122,126
2020-01-13 15:00:00,12124,12124,12124,4
2020-01-13 15:00:00,12124,12124,12124,2
2020-01-13 15:00:00,12124,12124,12124,4
2020-01-13 15:00:00,12124,12124,12124,2
2020-01-13 15:00:00,12125,12125,12125,2
2020-01-13 15:00:00,12125,12125,12125,4
2020-01-13 15:00:00,12125,12125,12125,20
2020-01-13 15:00:00,12126,12126,12126,30
2020-01-13 15:00:00,12126,12126,12126,4
2020-01-13 15:00:00,12126,12126,12126,2
2020-01-13 15:00:00,12126,12126,12126,2
2020-01-13 15:00:00,12124,12124,12124,2
2020-01-13 15:00:00,12126,12126,12126,2
2020-01-13 15:00:01,12126,12126,12126,2
2020-01-13 15:00:01,12125,12125,12125,2
2020-01-13 15:00:01,12125,12125,12125,2
2020-01-13 15:00:01,12125,12125,12125,2
2020-01-13 15:00:01,12125,12125,12125,2
2020-01-13 15:00:01,12126,12126,12126,4
2020-01-13 15:00:01,12125,12125,12125,2
2020-01-13 15:00:01,12125,12125,12125,2
2020-01-13 15:00:01,12126,12126,12126,6
2020-01-13 15:00:01,12127,12127,12127,2
2020-01-13 15:00:01,12125,12125,12125,2
2020-01-13 15:00:01,12127,12127,12127,2
2020-01-13 15:00:02,12127,12127,12127,2
2020-01-13 15:00:02,12125,12125,12125,2
2020-01-13 15:00:02,12127,12127,12127,2
2020-01-13 15:00:02,12125,12125,12125,4
2020-01-13 15:00:02,12125,12125,12125,2
2020-01-13 15:00:02,12126,12126,12126,2
2020-01-13 15:00:02,12126,12126,12126,2
2020-01-13 15:00:02,12125,12125,12125,2
2020-01-13 15:00:02,12127,12127,12127,44
2020-01-13 15:00:03,12127,12127,12127,4
2020-01-13 15:00:03,12127,12127,12127,52
2020-01-13 15:00:03,12127,12127,12127,2
2020-01-13 15:00:04,12127,12127,12127,4
2020-01-13 15:00:04,12127,12127,12127,8
2020-01-13 15:00:04,12127,12127,12127,2
2020-01-13 15:00:04,12127,12127,12127,2
2020-01-13 15:00:04,12127,12127,12127,2
2020-01-13 15:00:04,12127,12127,12127,2
2020-01-13 15:00:04,12127,12127,12127,2
2020-01-13 15:00:05,12128,12128,12128,2
2020-01-13 15:00:06,12127,12127,12127,2
2020-01-13 15:00:06,12127,12127,12127,4
2020-01-13 15:00:06,12127,12127,12127,4
2020-01-13 15:00:06,12126,12126,12126,2
2020-01-13 15:00:07,12128,12128,12128,2
2020-01-13 15:00:07,12127,12127,12127,2
2020-01-13 15:00:07,12127,12127,12127,2
2020-01-13 15:00:07,12127,12127,12127,2
2020-01-13 15:00:07,12127,12127,12127,2
2020-01-13 15:00:08,12126,12126,12126,2
2020-01-13 15:00:08,12127,12127,12127,2
2020-01-13 15:00:08,12127,12127,12127,2
2020-01-13 15:00:08,12127,12127,12127,4
2020-01-13 15:00:08,12127,12127,12127,2
2020-01-13 15:00:08,12127,12127,12127,2
2020-01-13 15:00:08,12127,12127,12127,4
2020-01-13 15:00:09,12127,12127,12127,2
2020-01-13 15:00:09,12127,12127,12127,4
2020-01-13 15:00:10,12127,12127,12127,2
2020-01-13 15:00:10,12127,12127,12127,2
2020-01-13 15:00:10,12127,12127,12127,2
2020-01-13 15:00:10,12127,12127,12127,2
2020-01-13 15:00:11,12127,12127,12127,4
2020-01-13 15:00:11,12127,12127,12127,2
2020-01-13 15:00:11,12127,12127,12127,2
2020-01-13 15:00:11,12127,12127,12127,4
2020-01-13 15:00:11,12127,12127,12127,4
2020-01-13 15:00:11,12127,12127,12127,4
2020-01-13 15:00:12,12126,12126,12126,2
2020-01-13 15:00:12,12126,12126,12126,2
2020-01-13 15:00:12,12127,12127,12127,2
2020-01-13 15:00:14,12126,12126,12126,2
2020-01-13 15:00:16,12127,12127,12127,2
2020-01-13 15:00:16,12127,12127,12127,2
2020-01-13 15:00:16,12126,12126,12126,2
2020-01-13 15:00:16,12126,12126,12126,4
2020-01-13 15:00:16,12126,12126,12126,4
2020-01-13 15:00:19,12126,12126,12126,2
2020-01-13 15:00:19,12125,12125,12125,2
2020-01-13 15:00:20,12125,12125,12125,2
2020-01-13 15:00:20,12125,12125,12125,2
2020-01-13 15:00:20,12126,12126,12126,2
2020-01-13 15:00:20,12125,12125,12125,2
2020-01-13 15:00:20,12126,12126,12126,2
2020-01-13 15:00:21,12125,12125,12125,2
2020-01-13 15:00:21,12125,12125,12125,2
2020-01-13 15:00:22,12126,12126,12126,4
2020-01-13 15:00:23,12126,12126,12126,2
2020-01-13 15:00:24,12125,12125,12125,2
2020-01-13 15:00:24,12125,12125,12125,2
2020-01-13 15:00:25,12126,12126,12126,34
2020-01-13 15:00:25,12126,12126,12126,2
2020-01-13 15:00:25,12127,12127,12127,52
2020-01-13 15:00:26,12126,12126,12126,2
2020-01-13 15:00:27,12126,12126,12126,2
2020-01-13 15:00:29,12126,12126,12126,2
2020-01-13 15:00:29,12126,12126,12126,2
2020-01-13 15:00:29,12126,12126,12126,2
2020-01-13 15:00:31,12127,12127,12127,2
2020-01-13 15:00:31,12127,12127,12127,2
2020-01-13 15:00:31,12127,12127,12127,8
2020-01-13 15:00:32,12127,12127,12127,2
2020-01-13 15:00:33,12126,12126,12126,2
2020-01-13 15:00:34,12127,12127,12127,4
2020-01-13 15:00:35,12127,12127,12127,2
2020-01-13 15:00:35,12127,12127,12127,2
2020-01-13 15:00:37,12127,12127,12127,14
2020-01-13 15:00:37,12127,12127,12127,4
2020-01-13 15:00:37,12127,12127,12127,26
2020-01-13 15:00:38,12127,12127,12127,4
2020-01-13 15:00:38,12127,12127,12127,2
2020-01-13 15:00:40,12127,12127,12127,2
2020-01-13 15:00:40,12127,12127,12127,2
2020-01-13 15:00:41,12128,12128,12128,6
2020-01-13 15:00:42,12127,12127,12127,2
2020-01-13 15:00:42,12127,12127,12127,8
2020-01-13 15:00:44,12128,12128,12128,2
2020-01-13 15:00:44,12127,12127,12127,4
2020-01-13 15:00:46,12128,12128,12128,10
2020-01-13 15:00:46,12127,12127,12127,4
2020-01-13 15:00:47,12128,12128,12128,14
2020-01-13 15:00:47,12128,12128,12128,12
2020-01-13 15:00:47,12128,12128,12128,24
2020-01-13 15:00:47,12128,12128,12128,4
2020-01-13 15:00:47,12128,12128,12128,2
2020-01-13 15:00:47,12128,12128,12128,2
2020-01-13 15:00:48,12129,12129,12129,8
2020-01-13 15:00:49,12128,12128,12128,2
2020-01-13 15:00:50,12129,12129,12129,2
2020-01-13 15:00:50,12128,12128,12128,2
2020-01-13 15:00:52,12128,12128,12128,2
2020-01-13 15:00:52,12129,12129,12129,2
2020-01-13 15:00:52,12129,12129,12129,4
2020-01-13 15:00:53,12129,12129,12129,2
2020-01-13 15:00:53,12129,12129,12129,6
2020-01-13 15:00:53,12129,12129,12129,2
2020-01-13 15:00:53,12129,12129,12129,2
2020-01-13 15:00:55,12129,12129,12129,2
2020-01-13 15:00:55,12130,12130,12130,6
2020-01-13 15:00:55,12130,12130,12130,6
2020-01-13 15:00:55,12130,12130,12130,2
2020-01-13 15:00:55,12129,12129,12129,2
2020-01-13 15:00:55,12130,12130,12130,2
2020-01-13 15:00:55,12129,12129,12129,2
2020-01-13 15:00:55,12129,12129,12129,2
2020-01-13 15:00:55,12129,12129,12129,2
2020-01-13 15:00:55,12128,12128,12128,2
2020-01-13 15:00:55,12129,12129,12129,2
2020-01-13 15:00:55,12129,12129,12129,2
2020-01-13 15:00:56,12129,12129,12129,2
2020-01-13 15:00:57,12129,12129,12129,2
2020-01-13 15:00:57,12129,12129,12129,2
2020-01-13 15:00:58,12129,12129,12129,2
2020-01-13 15:00:58,12128,12128,12128,2
2020-01-13 15:01:00,12129,12129,12129,2
2020-01-13 15:01:00,12129,12129,12129,2
2020-01-13 15:01:00,12129,12129,12129,2
2020-01-13 15:01:00,12129,12129,12129,2
2020-01-13 15:01:00,12129,12129,12129,4
2020-01-13 15:01:00,12130,12130,12130,2
2020-01-13 15:01:00,12130,12130,12130,12
2020-01-13 15:01:00,12130,12130,12130,6
2020-01-13 15:01:00,12130,12130,12130,2
2020-01-13 15:01:00,12128,12128,12128,2
2020-01-13 15:01:01,12130,12130,12130,4
2020-01-13 15:01:01,12130,12130,12130,4
2020-01-13 15:01:01,12130,12130,12130,4
2020-01-13 15:01:01,12130,12130,12130,2
2020-01-13 15:01:01,12130,12130,12130,2
2020-01-13 15:01:01,12130,12130,12130,4
2020-01-13 15:01:01,12130,12130,12130,4
2020-01-13 15:01:01,12130,12130,12130,2
2020-01-13 15:01:01,12130,12130,12130,4
2020-01-13 15:01:01,12130,12130,12130,4
2020-01-13 15:01:01,12130,12130,12130,4
2020-01-13 15:01:01,12130,12130,12130,4
2020-01-13 15:01:01,12130,12130,12130,4
2020-01-13 15:01:01,12130,12130,12130,10
2020-01-13 15:01:01,12130,12130,12130,4
2020-01-13 15:01:01,12131,12131,12131,4
2020-01-13 15:01:01,12131,12131,12131,6
2020-01-13 15:01:01,12131,12131,12131,4
2020-01-13 15:01:01,12131,12131,12131,2
2020-01-13 15:01:01,12129,12129,12129,2
2020-01-13 15:01:01,12130,12130,12130,2
2020-01-13 15:01:01,12130,12130,12130,2
2020-01-13 15:01:01,12130,12130,12130,2
2020-01-13 15:01:01,12130,12130,12130,2
2020-01-13 15:01:01,12130,12130,12130,2
2020-01-13 15:01:01,12131,12131,12131,4
2020-01-13 15:01:01,12131,12131,12131,2
2020-01-13 15:01:01,12131,12131,12131,2
2020-01-13 15:01:01,12131,12131,12131,2
2020-01-13 15:01:01,12131,12131,12131,2
2020-01-13 15:01:01,12131,12131,12131,2
2020-01-13 15:01:01,12131,12131,12131,2
2020-01-13 15:01:01,12131,12131,12131,2
2020-01-13 15:01:01,12131,12131,12131,2
2020-01-13 15:01:01,12131,12131,12131,2
2020-01-13 15:01:01,12130,12130,12130,4
2020-01-13 15:01:01,12130,12130,12130,2
2020-01-13 15:01:01,12131,12131,12131,4
2020-01-13 15:01:01,12129,12129,12129,2
2020-01-13 15:01:01,12129,12129,12129,2
2020-01-13 15:01:01,12130,12130,12130,2
2020-01-13 15:01:01,12130,12130,12130,6
2020-01-13 15:01:01,12130,12130,12130,4
2020-01-13 15:01:02,12130,12130,12130,2
2020-01-13 15:01:02,12131,12131,12131,10
2020-01-13 15:01:03,12130,12130,12130,2
2020-01-13 15:01:07,12130,12130,12130,2
2020-01-13 15:01:07,12130,12130,12130,8
2020-01-13 15:01:08,12130,12130,12130,2
2020-01-13 15:01:08,12130,12130,12130,2
2020-01-13 15:01:10,12130,12130,12130,2
2020-01-13 15:01:12,12129,12129,12129,4
2020-01-13 15:01:12,12130,12130,12130,10
2020-01-13 15:01:12,12130,12130,12130,4
2020-01-13 15:01:13,12130,12130,12130,2
2020-01-13 15:01:13,12131,12131,12131,72
2020-01-13 15:01:15,12130,12130,12130,2
2020-01-13 15:01:15,12130,12130,12130,2
2020-01-13 15:01:15,12130,12130,12130,2
2020-01-13 15:01:16,12131,12131,12131,2
2020-01-13 15:01:16,12131,12131,12131,4
2020-01-13 15:01:16,12131,12131,12131,4
2020-01-13 15:01:16,12131,12131,12131,2
2020-01-13 15:01:16,12131,12131,12131,4
2020-01-13 15:01:17,12131,12131,12131,2
2020-01-13 15:01:17,12131,12131,12131,4
2020-01-13 15:01:17,12131,12131,12131,2
2020-01-13 15:01:17,12131,12131,12131,6
2020-01-13 15:01:17,12131,12131,12131,4
2020-01-13 15:01:17,12131,12131,12131,2
2020-01-13 15:01:18,12130,12130,12130,2
2020-01-13 15:01:18,12131,12131,12131,2
2020-01-13 15:01:19,12131,12131,12131,4
2020-01-13 15:01:19,12131,12131,12131,4
2020-01-13 15:01:19,12131,12131,12131,2
2020-01-13 15:01:19,12131,12131,12131,8
2020-01-13 15:01:19,12131,12131,12131,2
2020-01-13 15:01:20,12130,12130,12130,2
2020-01-13 15:01:20,12130,12130,12130,2
2020-01-13 15:01:20,12130,12130,12130,4
2020-01-13 15:01:21,12130,12130,12130,2
2020-01-13 15:01:21,12130,12130,12130,2
2020-01-13 15:01:21,12129,12129,12129,2
2020-01-13 15:01:24,12130,12130,12130,2
2020-01-13 15:01:24,12129,12129,12129,2
2020-01-13 15:01:25,12130,12130,12130,6
2020-01-13 15:01:25,12130,12130,12130,2
2020-01-13 15:01:25,12129,12129,12129,2
2020-01-13 15:01:25,12129,12129,12129,2
2020-01-13 15:01:26,12129,12129,12129,2
2020-01-13 15:01:31,12129,12129,12129,2
2020-01-13 15:01:31,12129,12129,12129,2
2020-01-13 15:01:32,12129,12129,12129,2
2020-01-13 15:01:32,12129,12129,12129,2
2020-01-13 15:01:32,12129,12129,12129,2
2020-01-13 15:01:32,12129,12129,12129,2
2020-01-13 15:01:32,12129,12129,12129,4
2020-01-13 15:01:32,12129,12129,12129,2
2020-01-13 15:01:33,12129,12129,12129,2
2020-01-13 15:01:35,12129,12129,12129,4
2020-01-13 15:01:39,12128,12128,12128,2
2020-01-13 15:01:39,12128,12128,12128,2
2020-01-13 15:01:39,12128,12128,12128,2
2020-01-13 15:01:40,12128,12128,12128,2
2020-01-13 15:01:40,12129,12129,12129,2
2020-01-13 15:01:41,12128,12128,12128,2
2020-01-13 15:01:41,12128,12128,12128,4
2020-01-13 15:01:41,12128,12128,12128,2
2020-01-13 15:01:41,12128,12128,12128,2
2020-01-13 15:01:50,12127,12127,12127,2
2020-01-13 15:01:50,12127,12127,12127,2
2020-01-13 15:01:50,12127,12127,12127,2
2020-01-13 15:01:51,12127,12127,12127,2
2020-01-13 15:01:51,12127,12127,12127,8
2020-01-13 15:01:51,12127,12127,12127,2
2020-01-13 15:01:51,12127,12127,12127,10
2020-01-13 15:01:52,12126,12126,12126,2
2020-01-13 15:01:52,12126,12126,12126,2
2020-01-13 15:01:52,12126,12126,12126,4
2020-01-13 15:01:52,12126,12126,12126,2
2020-01-13 15:01:53,12126,12126,12126,2
2020-01-13 15:01:56,12126,12126,12126,4
2020-01-13 15:01:56,12126,12126,12126,2
2020-01-13 15:01:56,12126,12126,12126,2
2020-01-13 15:01:59,12126,12126,12126,2
2020-01-13 15:01:59,12127,12127,12127,10
2020-01-13 15:01:59,12127,12127,12127,2
2020-01-13 15:02:00,12127,12127,12127,6
2020-01-13 15:02:01,12126,12126,12126,2
2020-01-13 15:02:03,12126,12126,12126,2
2020-01-13 15:02:03,12126,12126,12126,2
2020-01-13 15:02:06,12126,12126,12126,2
2020-01-13 15:02:07,12126,12126,12126,2
2020-01-13 15:02:08,12126,12126,12126,2
2020-01-13 15:02:08,12126,12126,12126,2
2020-01-13 15:02:09,12127,12127,12127,2
2020-01-13 15:02:09,12126,12126,12126,2
2020-01-13 15:02:09,12126,12126,12126,2
2020-01-13 15:02:13,12126,12126,12126,2
2020-01-13 15:02:15,12126,12126,12126,2
2020-01-13 15:02:16,12126,12126,12126,2
2020-01-13 15:02:23,12126,12126,12126,2
2020-01-13 15:02:23,12126,12126,12126,2
2020-01-13 15:02:25,12127,12127,12127,8
2020-01-13 15:02:27,12126,12126,12126,2
2020-01-13 15:02:32,12126,12126,12126,2
2020-01-13 15:02:34,12126,12126,12126,2
2020-01-13 15:02:34,12127,12127,12127,2
2020-01-13 15:02:34,12127,12127,12127,2
2020-01-13 15:02:36,12126,12126,12126,2
2020-01-13 15:02:36,12126,12126,12126,2
2020-01-13 15:02:37,12126,12126,12126,4
2020-01-13 15:02:45,12127,12127,12127,2
2020-01-13 15:02:55,12127,12127,12127,2
2020-01-13 15:02:56,12127,12127,12127,2
2020-01-13 15:02:56,12127,12127,12127,22
2020-01-13 15:02:56,12127,12127,12127,2
2020-01-13 15:02:56,12127,12127,12127,4
2020-01-13 15:02:56,12127,12127,12127,4
2020-01-13 15:02:56,12127,12127,12127,4
2020-01-13 15:02:56,12127,12127,12127,2
2020-01-13 15:02:56,12127,12127,12127,2
2020-01-13 15:02:58,12128,12128,12128,4
2020-01-13 15:02:58,12128,12128,12128,4
2020-01-13 15:02:58,12128,12128,12128,4
2020-01-13 15:02:58,12128,12128,12128,4
2020-01-13 15:02:58,12128,12128,12128,4
2020-01-13 15:03:00,12128,12128,12128,6
2020-01-13 15:03:00,12128,12128,12128,6
2020-01-13 15:03:00,12128,12128,12128,6
2020-01-13 15:03:00,12128,12128,12128,6
2020-01-13 15:03:00,12128,12128,12128,8
2020-01-13 15:03:00,12129,12129,12129,6
2020-01-13 15:03:00,12129,12129,12129,6
2020-01-13 15:03:00,12128,12128,12128,4
2020-01-13 15:03:00,12128,12128,12128,6
2020-01-13 15:03:00,12128,12128,12128,8
2020-01-13 15:03:00,12128,12128,12128,4
2020-01-13 15:03:00,12129,12129,12129,6
2020-01-13 15:03:00,12129,12129,12129,6
2020-01-13 15:03:00,12129,12129,12129,6
2020-01-13 15:03:00,12129,12129,12129,6
2020-01-13 15:03:01,12128,12128,12128,4
2020-01-13 15:03:02,12128,12128,12128,2
2020-01-13 15:03:07,12129,12129,12129,2
2020-01-13 15:03:09,12129,12129,12129,8
2020-01-13 15:03:10,12130,12130,12130,2
2020-01-13 15:03:12,12129,12129,12129,2
2020-01-13 15:03:12,12128,12128,12128,4
2020-01-13 15:03:16,12129,12129,12129,2
2020-01-13 15:03:17,12129,12129,12129,8
2020-01-13 15:03:18,12128,12128,12128,2
2020-01-13 15:03:18,12128,12128,12128,2
2020-01-13 15:03:21,12128,12128,12128,2
2020-01-13 15:03:25,12129,12129,12129,2
2020-01-13 15:03:25,12129,12129,12129,2
2020-01-13 15:03:27,12128,12128,12128,4
2020-01-13 15:03:28,12129,12129,12129,8
2020-01-13 15:03:31,12129,12129,12129,22
2020-01-13 15:03:35,12129,12129,12129,2
2020-01-13 15:03:36,12129,12129,12129,2
2020-01-13 15:03:37,12129,12129,12129,2
2020-01-13 15:03:37,12129,12129,12129,2
2020-01-13 15:03:37,12129,12129,12129,2
2020-01-13 15:03:39,12130,12130,12130,46
2020-01-13 15:03:39,12129,12129,12129,2
2020-01-13 15:03:39,12129,12129,12129,2
2020-01-13 15:03:39,12129,12129,12129,2
2020-01-13 15:03:40,12129,12129,12129,2
2020-01-13 15:03:41,12129,12129,12129,2
2020-01-13 15:03:43,12130,12130,12130,2
2020-01-13 15:03:44,12129,12129,12129,2
2020-01-13 15:03:44,12130,12130,12130,4
2020-01-13 15:03:48,12131,12131,12131,2
2020-01-13 15:03:49,12131,12131,12131,2
2020-01-13 15:03:49,12131,12131,12131,32
2020-01-13 15:03:49,12130,12130,12130,2
2020-01-13 15:03:49,12131,12131,12131,4
2020-01-13 15:03:50,12132,12132,12132,2
2020-01-13 15:03:50,12132,12132,12132,4
2020-01-13 15:03:51,12132,12132,12132,2
2020-01-13 15:03:51,12132,12132,12132,2
2020-01-13 15:03:51,12132,12132,12132,4
2020-01-13 15:03:51,12132,12132,12132,2
2020-01-13 15:03:51,12131,12131,12131,2
2020-01-13 15:03:52,12132,12132,12132,2
2020-01-13 15:03:54,12131,12131,12131,2
2020-01-13 15:03:54,12132,12132,12132,2
2020-01-13 15:03:55,12132,12132,12132,16
2020-01-13 15:03:55,12132,12132,12132,36
2020-01-13 15:03:56,12132,12132,12132,2
2020-01-13 15:03:56,12132,12132,12132,2
2020-01-13 15:03:56,12132,12132,12132,2
2020-01-13 15:03:56,12132,12132,12132,2
2020-01-13 15:03:56,12132,12132,12132,4
2020-01-13 15:03:56,12132,12132,12132,2
2020-01-13 15:03:56,12132,12132,12132,2
2020-01-13 15:03:57,12132,12132,12132,2
2020-01-13 15:03:57,12132,12132,12132,2
2020-01-13 15:03:59,12133,12133,12133,80
2020-01-13 15:03:59,12133,12133,12133,4
2020-01-13 15:03:59,12133,12133,12133,2
2020-01-13 15:04:00,12134,12134,12134,2
2020-01-13 15:04:00,12134,12134,12134,2
2020-01-13 15:04:00,12134,12134,12134,4
2020-01-13 15:04:01,12133,12133,12133,2
2020-01-13 15:04:01,12133,12133,12133,2
2020-01-13 15:04:02,12133,12133,12133,2
2020-01-13 15:04:05,12134,12134,12134,6
2020-01-13 15:04:06,12134,12134,12134,2
2020-01-13 15:04:07,12134,12134,12134,4
2020-01-13 15:04:07,12133,12133,12133,4
2020-01-13 15:04:08,12133,12133,12133,4
2020-01-13 15:04:08,12133,12133,12133,2
2020-01-13 15:04:08,12133,12133,12133,2
2020-01-13 15:04:08,12133,12133,12133,2
2020-01-13 15:04:08,12132,12132,12132,2
2020-01-13 15:04:08,12132,12132,12132,2
2020-01-13 15:04:12,12133,12133,12133,2
2020-01-13 15:04:12,12133,12133,12133,2
2020-01-13 15:04:14,12132,12132,12132,2
2020-01-13 15:04:15,12132,12132,12132,2
2020-01-13 15:04:17,12133,12133,12133,2
2020-01-13 15:04:18,12133,12133,12133,10
2020-01-13 15:04:20,12133,12133,12133,80
2020-01-13 15:04:20,12133,12133,12133,4
2020-01-13 15:04:20,12133,12133,12133,4
2020-01-13 15:04:20,12133,12133,12133,2
2020-01-13 15:04:20,12133,12133,12133,2
2020-01-13 15:04:20,12133,12133,12133,2
2020-01-13 15:04:20,12133,12133,12133,2
2020-01-13 15:04:21,12134,12134,12134,2
2020-01-13 15:04:21,12134,12134,12134,4
2020-01-13 15:04:27,12132,12132,12132,2
2020-01-13 15:04:28,12133,12133,12133,2
2020-01-13 15:04:28,12133,12133,12133,6
2020-01-13 15:04:30,12133,12133,12133,2
2020-01-13 15:04:34,12133,12133,12133,2
2020-01-13 15:04:34,12132,12132,12132,16
2020-01-13 15:04:35,12132,12132,12132,2
2020-01-13 15:04:35,12132,12132,12132,2
2020-01-13 15:04:35,12132,12132,12132,4
2020-01-13 15:04:35,12132,12132,12132,4
2020-01-13 15:04:35,12132,12132,12132,2
2020-01-13 15:04:35,12132,12132,12132,12
2020-01-13 15:04:35,12132,12132,12132,6
2020-01-13 15:04:35,12132,12132,12132,2
2020-01-13 15:04:35,12132,12132,12132,4
2020-01-13 15:04:35,12132,12132,12132,2
2020-01-13 15:04:36,12131,12131,12131,2
2020-01-13 15:04:37,12132,12132,12132,2
2020-01-13 15:04:38,12132,12132,12132,2
2020-01-13 15:04:43,12131,12131,12131,2
2020-01-13 15:04:45,12132,12132,12132,2
2020-01-13 15:04:46,12131,12131,12131,2
2020-01-13 15:04:46,12131,12131,12131,2
2020-01-13 15:04:47,12131,12131,12131,2
2020-01-13 15:04:51,12131,12131,12131,2
2020-01-13 15:04:56,12131,12131,12131,16
2020-01-13 15:04:57,12130,12130,12130,2
2020-01-13 15:04:57,12130,12130,12130,2
2020-01-13 15:04:58,12131,12131,12131,2
2020-01-13 15:04:58,12131,12131,12131,2
2020-01-13 15:04:58,12131,12131,12131,2
2020-01-13 15:04:58,12131,12131,12131,2
2020-01-13 15:04:58,12131,12131,12131,2
2020-01-13 15:04:59,12130,12130,12130,2
2020-01-13 15:05:00,12132,12132,12132,2
2020-01-13 15:05:00,12132,12132,12132,2
2020-01-13 15:05:00,12132,12132,12132,2
2020-01-13 15:05:01,12132,12132,12132,2
2020-01-13 15:05:01,12132,12132,12132,2
2020-01-13 15:05:01,12132,12132,12132,2
2020-01-13 15:05:01,12132,12132,12132,2
2020-01-13 15:05:01,12132,12132,12132,2
2020-01-13 15:05:01,12132,12132,12132,2
2020-01-13 15:05:01,12132,12132,12132,2
2020-01-13 15:05:01,12132,12132,12132,6
2020-01-13 15:05:01,12131,12131,12131,2
2020-01-13 15:05:01,12132,12132,12132,2
2020-01-13 15:05:01,12132,12132,12132,2
2020-01-13 15:05:01,12132,12132,12132,4
2020-01-13 15:05:01,12131,12131,12131,2
2020-01-13 15:05:01,12132,12132,12132,2
2020-01-13 15:05:01,12132,12132,12132,4
2020-01-13 15:05:01,12131,12131,12131,4
2020-01-13 15:05:06,12131,12131,12131,2
2020-01-13 15:05:07,12132,12132,12132,2
2020-01-13 15:05:07,12131,12131,12131,4
2020-01-13 15:05:09,12131,12131,12131,2
2020-01-13 15:05:09,12131,12131,12131,2
2020-01-13 15:05:10,12132,12132,12132,2
2020-01-13 15:05:10,12131,12131,12131,2
2020-01-13 15:05:13,12132,12132,12132,2
2020-01-13 15:05:14,12132,12132,12132,20
2020-01-13 15:05:15,12132,12132,12132,2
2020-01-13 15:05:15,12132,12132,12132,2
2020-01-13 15:05:18,12132,12132,12132,2
2020-01-13 15:05:20,12132,12132,12132,2
2020-01-13 15:05:22,12132,12132,12132,2
2020-01-13 15:05:28,12132,12132,12132,2
2020-01-13 15:05:28,12132,12132,12132,2
2020-01-13 15:05:28,12132,12132,12132,2
2020-01-13 15:05:28,12132,12132,12132,2
2020-01-13 15:05:29,12132,12132,12132,4
2020-01-13 15:05:33,12132,12132,12132,2
2020-01-13 15:05:36,12132,12132,12132,20
2020-01-13 15:05:40,12131,12131,12131,2
2020-01-13 15:05:40,12131,12131,12131,2
2020-01-13 15:05:44,12132,12132,12132,2
2020-01-13 15:05:46,12132,12132,12132,2
2020-01-13 15:05:47,12131,12131,12131,2
2020-01-13 15:05:49,12131,12131,12131,2
2020-01-13 15:05:49,12131,12131,12131,2
2020-01-13 15:05:49,12131,12131,12131,2
2020-01-13 15:05:49,12131,12131,12131,4
2020-01-13 15:05:49,12131,12131,12131,2
2020-01-13 15:05:49,12131,12131,12131,2
2020-01-13 15:05:49,12131,12131,12131,2
2020-01-13 15:05:49,12131,12131,12131,2
2020-01-13 15:05:49,12131,12131,12131,2
2020-01-13 15:05:49,12131,12131,12131,16
2020-01-13 15:05:49,12131,12131,12131,2
2020-01-13 15:05:59,12131,12131,12131,4
2020-01-13 15:05:59,12132,12132,12132,2
2020-01-13 15:05:59,12131,12131,12131,2
2020-01-13 15:05:59,12131,12131,12131,2
2020-01-13 15:05:59,12131,12131,12131,2
2020-01-13 15:05:59,12131,12131,12131,4
2020-01-13 15:05:59,12131,12131,12131,2
2020-01-13 15:05:59,12131,12131,12131,2
2020-01-13 15:06:00,12130,12130,12130,2
2020-01-13 15:06:00,12130,12130,12130,2
2020-01-13 15:06:00,12130,12130,12130,2
2020-01-13 15:06:00,12130,12130,12130,2
2020-01-13 15:06:00,12130,12130,12130,2
2020-01-13 15:06:00,12130,12130,12130,2
2020-01-13 15:06:00,12130,12130,12130,2
2020-01-13 15:06:00,12130,12130,12130,2
2020-01-13 15:06:00,12130,12130,12130,2
2020-01-13 15:06:01,12131,12131,12131,2
2020-01-13 15:06:02,12131,12131,12131,2
2020-01-13 15:06:03,12130,12130,12130,2
2020-01-13 15:06:03,12131,12131,12131,2
2020-01-13 15:06:11,12131,12131,12131,2
2020-01-13 15:06:18,12130,12130,12130,4
2020-01-13 15:06:18,12130,12130,12130,2
2020-01-13 15:06:18,12130,12130,12130,2
2020-01-13 15:06:18,12130,12130,12130,2
2020-01-13 15:06:18,12130,12130,12130,4
2020-01-13 15:06:18,12130,12130,12130,2
2020-01-13 15:06:18,12130,12130,12130,8
2020-01-13 15:06:18,12130,12130,12130,2
2020-01-13 15:06:18,12130,12130,12130,6
2020-01-13 15:06:19,12131,12131,12131,2
2020-01-13 15:06:25,12130,12130,12130,2
2020-01-13 15:06:30,12130,12130,12130,2
2020-01-13 15:06:30,12130,12130,12130,2
2020-01-13 15:06:31,12130,12130,12130,2
2020-01-13 15:06:31,12130,12130,12130,2
2020-01-13 15:06:34,12130,12130,12130,2
2020-01-13 15:06:37,12130,12130,12130,2
2020-01-13 15:06:41,12130,12130,12130,2
2020-01-13 15:06:41,12130,12130,12130,2
2020-01-13 15:06:47,12130,12130,12130,2
2020-01-13 15:06:50,12131,12131,12131,6
2020-01-13 15:06:51,12130,12130,12130,2
2020-01-13 15:06:52,12130,12130,12130,2
2020-01-13 15:06:52,12130,12130,12130,2
2020-01-13 15:06:52,12130,12130,12130,2
2020-01-13 15:06:52,12130,12130,12130,2
2020-01-13 15:06:53,12130,12130,12130,4
2020-01-13 15:06:53,12130,12130,12130,2
2020-01-13 15:06:54,12129,12129,12129,2
2020-01-13 15:06:54,12129,12129,12129,2
2020-01-13 15:06:54,12129,12129,12129,2
2020-01-13 15:06:55,12130,12130,12130,2
2020-01-13 15:06:56,12130,12130,12130,2
2020-01-13 15:06:56,12130,12130,12130,2
2020-01-13 15:07:05,12130,12130,12130,2
2020-01-13 15:07:09,12130,12130,12130,8
2020-01-13 15:07:12,12130,12130,12130,2
2020-01-13 15:07:41,12130,12130,12130,2
2020-01-13 15:07:45,12130,12130,12130,4
2020-01-13 15:07:47,12130,12130,12130,2
2020-01-13 15:07:50,12129,12129,12129,2
2020-01-13 15:07:51,12129,12129,12129,2
2020-01-13 15:07:55,12129,12129,12129,2
2020-01-13 15:07:57,12129,12129,12129,2
2020-01-13 15:08:00,12129,12129,12129,2
2020-01-13 15:08:00,12130,12130,12130,2
2020-01-13 15:08:02,12130,12130,12130,2
2020-01-13 15:08:08,12130,12130,12130,2
2020-01-13 15:08:11,12129,12129,12129,2
2020-01-13 15:08:12,12130,12130,12130,10
2020-01-13 15:08:18,12130,12130,12130,2
2020-01-13 15:08:22,12129,12129,12129,2
2020-01-13 15:08:25,12129,12129,12129,2
2020-01-13 15:08:29,12129,12129,12129,2
2020-01-13 15:08:29,12129,12129,12129,2
2020-01-13 15:08:29,12129,12129,12129,2
2020-01-13 15:08:30,12129,12129,12129,2
2020-01-13 15:08:30,12129,12129,12129,2
2020-01-13 15:08:31,12130,12130,12130,2
2020-01-13 15:08:33,12129,12129,12129,2
2020-01-13 15:08:47,12129,12129,12129,2
2020-01-13 15:08:52,12129,12129,12129,4
2020-01-13 15:08:53,12129,12129,12129,2
2020-01-13 15:08:53,12129,12129,12129,2
2020-01-13 15:08:54,12129,12129,12129,4
2020-01-13 15:08:54,12129,12129,12129,4
2020-01-13 15:08:54,12129,12129,12129,2
2020-01-13 15:08:54,12129,12129,12129,2
2020-01-13 15:08:54,12129,12129,12129,2
2020-01-13 15:08:54,12129,12129,12129,4
2020-01-13 15:08:55,12128,12128,12128,2
2020-01-13 15:08:55,12128,12128,12128,2
2020-01-13 15:08:56,12128,12128,12128,2
2020-01-13 15:08:58,12129,12129,12129,2
2020-01-13 15:09:00,12129,12129,12129,4
2020-01-13 15:09:03,12128,12128,12128,4
2020-01-13 15:09:03,12128,12128,12128,4
2020-01-13 15:09:03,12128,12128,12128,2
2020-01-13 15:09:03,12128,12128,12128,2
2020-01-13 15:09:03,12128,12128,12128,2
2020-01-13 15:09:03,12128,12128,12128,2
2020-01-13 15:09:03,12128,12128,12128,2
2020-01-13 15:09:03,12128,12128,12128,2
2020-01-13 15:09:03,12128,12128,12128,2
2020-01-13 15:09:03,12128,12128,12128,2
2020-01-13 15:09:03,12128,12128,12128,2
2020-01-13 15:09:03,12128,12128,12128,2
2020-01-13 15:09:03,12128,12128,12128,2
2020-01-13 15:09:03,12128,12128,12128,2
2020-01-13 15:09:03,12128,12128,12128,2
2020-01-13 15:09:03,12128,12128,12128,2
2020-01-13 15:09:03,12128,12128,12128,4
2020-01-13 15:09:03,12128,12128,12128,2
2020-01-13 15:09:03,12128,12128,12128,2
2020-01-13 15:09:03,12128,12128,12128,4
2020-01-13 15:09:09,12128,12128,12128,2
2020-01-13 15:09:15,12128,12128,12128,2
2020-01-13 15:09:15,12128,12128,12128,2
2020-01-13 15:09:18,12128,12128,12128,10
2020-01-13 15:09:18,12128,12128,12128,2
2020-01-13 15:09:19,12128,12128,12128,2
2020-01-13 15:09:22,12127,12127,12127,4
2020-01-13 15:09:22,12127,12127,12127,6
2020-01-13 15:09:22,12127,12127,12127,2
2020-01-13 15:09:22,12127,12127,12127,2
2020-01-13 15:09:22,12127,12127,12127,2
2020-01-13 15:09:30,12127,12127,12127,2
2020-01-13 15:09:37,12127,12127,12127,2
2020-01-13 15:09:37,12127,12127,12127,2
2020-01-13 15:09:37,12127,12127,12127,2
2020-01-13 15:09:38,12127,12127,12127,2
2020-01-13 15:09:42,12127,12127,12127,2
2020-01-13 15:09:42,12127,12127,12127,4
2020-01-13 15:09:42,12127,12127,12127,2
2020-01-13 15:09:42,12127,12127,12127,4
2020-01-13 15:09:42,12127,12127,12127,2
2020-01-13 15:09:42,12127,12127,12127,2
2020-01-13 15:09:42,12127,12127,12127,4
2020-01-13 15:09:43,12127,12127,12127,2
2020-01-13 15:09:56,12127,12127,12127,2
2020-01-13 15:10:00,12127,12127,12127,4
2020-01-13 15:10:06,12127,12127,12127,2
2020-01-13 15:10:07,12127,12127,12127,4
2020-01-13 15:10:07,12127,12127,12127,2
2020-01-13 15:10:07,12127,12127,12127,2
2020-01-13 15:10:07,12127,12127,12127,2
2020-01-13 15:10:07,12127,12127,12127,4
2020-01-13 15:10:07,12127,12127,12127,2
2020-01-13 15:10:07,12127,12127,12127,2
2020-01-13 15:10:07,12127,12127,12127,10
2020-01-13 15:10:07,12127,12127,12127,2
2020-01-13 15:10:07,12127,12127,12127,2
2020-01-13 15:10:07,12127,12127,12127,4
2020-01-13 15:10:07,12126,12126,12126,2
2020-01-13 15:10:07,12126,12126,12126,2
2020-01-13 15:10:07,12126,12126,12126,4
2020-01-13 15:10:07,12126,12126,12126,2
2020-01-13 15:10:07,12126,12126,12126,2
2020-01-13 15:10:07,12126,12126,12126,2
2020-01-13 15:10:07,12126,12126,12126,8
2020-01-13 15:10:07,12126,12126,12126,8
2020-01-13 15:10:07,12126,12126,12126,2
2020-01-13 15:10:07,12126,12126,12126,2
2020-01-13 15:10:07,12126,12126,12126,8
2020-01-13 15:10:07,12126,12126,12126,2
2020-01-13 15:10:07,12126,12126,12126,2
2020-01-13 15:10:07,12126,12126,12126,2
2020-01-13 15:10:07,12126,12126,12126,4
2020-01-13 15:10:07,12126,12126,12126,2
2020-01-13 15:10:07,12126,12126,12126,2
2020-01-13 15:10:07,12126,12126,12126,2
2020-01-13 15:10:07,12126,12126,12126,2
2020-01-13 15:10:07,12126,12126,12126,2
2020-01-13 15:10:07,12126,12126,12126,2
2020-01-13 15:10:07,12126,12126,12126,4
2020-01-13 15:10:07,12126,12126,12126,2
2020-01-13 15:10:07,12126,12126,12126,2
2020-01-13 15:10:07,12126,12126,12126,2
2020-01-13 15:10:07,12126,12126,12126,2
2020-01-13 15:10:07,12126,12126,12126,10
2020-01-13 15:10:07,12126,12126,12126,20
2020-01-13 15:10:07,12126,12126,12126,6
2020-01-13 15:10:07,12126,12126,12126,4
2020-01-13 15:10:07,12125,12125,12125,4
2020-01-13 15:10:08,12125,12125,12125,2
2020-01-13 15:10:08,12125,12125,12125,4
2020-01-13 15:10:09,12125,12125,12125,2
2020-01-13 15:10:09,12125,12125,12125,2
2020-01-13 15:10:09,12125,12125,12125,2
2020-01-13 15:10:09,12125,12125,12125,2
2020-01-13 15:10:12,12126,12126,12126,24
2020-01-13 15:10:13,12125,12125,12125,2
2020-01-13 15:10:14,12126,12126,12126,2
2020-01-13 15:10:15,12126,12126,12126,2
2020-01-13 15:10:16,12126,12126,12126,2
2020-01-13 15:10:16,12126,12126,12126,2
2020-01-13 15:10:16,12126,12126,12126,4
2020-01-13 15:10:17,12126,12126,12126,2
2020-01-13 15:10:18,12126,12126,12126,2
2020-01-13 15:10:23,12126,12126,12126,2
2020-01-13 15:10:23,12126,12126,12126,2
2020-01-13 15:10:23,12126,12126,12126,2
2020-01-13 15:10:26,12126,12126,12126,6
2020-01-13 15:10:29,12126,12126,12126,10
2020-01-13 15:10:34,12127,12127,12127,32
2020-01-13 15:10:42,12127,12127,12127,2
2020-01-13 15:10:44,12128,12128,12128,2
2020-01-13 15:10:49,12128,12128,12128,2
2020-01-13 15:10:53,12128,12128,12128,2
2020-01-13 15:10:54,12128,12128,12128,2
2020-01-13 15:10:57,12128,12128,12128,2
2020-01-13 15:11:01,12128,12128,12128,2
2020-01-13 15:11:09,12127,12127,12127,2
2020-01-13 15:11:09,12127,12127,12127,2
2020-01-13 15:11:14,12127,12127,12127,2
2020-01-13 15:11:18,12127,12127,12127,2
2020-01-13 15:11:18,12127,12127,12127,2
2020-01-13 15:11:18,12127,12127,12127,2
2020-01-13 15:11:24,12126,12126,12126,2
2020-01-13 15:11:25,12127,12127,12127,2
2020-01-13 15:11:27,12126,12126,12126,6
2020-01-13 15:11:38,12126,12126,12126,2
2020-01-13 15:11:38,12126,12126,12126,2
2020-01-13 15:11:38,12126,12126,12126,2
2020-01-13 15:11:38,12126,12126,12126,2
2020-01-13 15:11:38,12126,12126,12126,2
2020-01-13 15:11:40,12126,12126,12126,2
2020-01-13 15:11:42,12126,12126,12126,2
2020-01-13 15:11:42,12126,12126,12126,2
2020-01-13 15:11:42,12126,12126,12126,2
2020-01-13 15:11:42,12126,12126,12126,2
2020-01-13 15:11:44,12125,12125,12125,2
2020-01-13 15:11:45,12125,12125,12125,2
2020-01-13 15:11:45,12125,12125,12125,2
2020-01-13 15:11:45,12125,12125,12125,2
2020-01-13 15:11:45,12125,12125,12125,2
2020-01-13 15:11:46,12125,12125,12125,2
2020-01-13 15:11:46,12125,12125,12125,2
2020-01-13 15:11:47,12125,12125,12125,4
2020-01-13 15:11:54,12125,12125,12125,2
2020-01-13 15:11:58,12125,12125,12125,2
2020-01-13 15:12:02,12125,12125,12125,2
2020-01-13 15:12:02,12126,12126,12126,2
2020-01-13 15:12:04,12126,12126,12126,2
2020-01-13 15:12:22,12126,12126,12126,2
2020-01-13 15:12:23,12126,12126,12126,44
2020-01-13 15:12:23,12126,12126,12126,16
2020-01-13 15:12:23,12126,12126,12126,4
2020-01-13 15:12:23,12126,12126,12126,2
2020-01-13 15:12:24,12126,12126,12126,2
2020-01-13 15:12:32,12127,12127,12127,2
2020-01-13 15:12:39,12127,12127,12127,2
2020-01-13 15:12:43,12126,12126,12126,2
2020-01-13 15:12:44,12126,12126,12126,2
2020-01-13 15:12:44,12126,12126,12126,2
2020-01-13 15:12:44,12126,12126,12126,2
2020-01-13 15:12:57,12125,12125,12125,2
2020-01-13 15:12:58,12126,12126,12126,6
2020-01-13 15:13:03,12126,12126,12126,12
2020-01-13 15:13:06,12126,12126,12126,2
2020-01-13 15:13:19,12126,12126,12126,2
2020-01-13 15:13:19,12126,12126,12126,2
2020-01-13 15:13:26,12126,12126,12126,2
2020-01-13 15:14:03,12126,12126,12126,2
2020-01-13 15:14:03,12126,12126,12126,2
2020-01-13 15:14:08,12127,12127,12127,2
2020-01-13 15:14:16,12127,12127,12127,2
2020-01-13 15:14:17,12127,12127,12127,2
2020-01-13 15:14:24,12127,12127,12127,10
2020-01-13 15:14:42,12127,12127,12127,2
2020-01-13 15:14:43,12127,12127,12127,2
2020-01-13 15:14:50,12127,12127,12127,8
2020-01-13 15:14:52,12127,12127,12127,2
2020-01-13 15:14:52,12127,12127,12127,16
2020-01-13 15:14:52,12127,12127,12127,4
2020-01-13 15:14:52,12127,12127,12127,2
2020-01-13 15:14:54,12127,12127,12127,6
2020-01-13 15:14:57,12128,12128,12128,2
2020-01-13 15:15:00,12128,12128,12128,16
2020-01-13 15:15:00,12128,12128,12128,2
2020-01-13 15:15:00,12128,12128,12128,2
2020-01-13 15:15:03,12128,12128,12128,2
2020-01-13 15:15:04,12128,12128,12128,4
2020-01-13 15:15:04,12128,12128,12128,4
2020-01-13 15:15:09,12128,12128,12128,2
2020-01-13 15:15:30,12127,12127,12127,2
2020-01-13 15:15:44,12127,12127,12127,2
2020-01-13 15:15:44,12127,12127,12127,2
2020-01-13 15:15:44,12127,12127,12127,2
2020-01-13 15:15:48,12127,12127,12127,2
2020-01-13 15:16:23,12127,12127,12127,2
2020-01-13 15:16:47,12127,12127,12127,2
2020-01-13 15:16:47,12127,12127,12127,2
2020-01-13 15:16:49,12127,12127,12127,2
2020-01-13 15:16:56,12127,12127,12127,2
2020-01-13 15:17:00,12127,12127,12127,2
2020-01-13 15:17:26,12127,12127,12127,2
2020-01-13 15:17:37,12127,12127,12127,2
2020-01-13 15:17:37,12127,12127,12127,2
2020-01-13 15:17:39,12127,12127,12127,4
2020-01-13 15:17:59,12127,12127,12127,2
2020-01-13 15:18:02,12127,12127,12127,2
2020-01-13 15:18:06,12127,12127,12127,2
2020-01-13 15:18:15,12128,12128,12128,2
2020-01-13 15:18:19,12128,12128,12128,2
2020-01-13 15:18:22,12128,12128,12128,2
2020-01-13 15:18:37,12128,12128,12128,6
2020-01-13 15:18:38,12128,12128,12128,2
2020-01-13 15:18:48,12127,12127,12127,2
2020-01-13 15:18:48,12127,12127,12127,2
2020-01-13 15:18:48,12127,12127,12127,2
2020-01-13 15:18:48,12127,12127,12127,2
2020-01-13 15:18:48,12127,12127,12127,2
2020-01-13 15:18:48,12127,12127,12127,2
2020-01-13 15:18:48,12127,12127,12127,4
2020-01-13 15:18:48,12127,12127,12127,2
2020-01-13 15:18:48,12127,12127,12127,2
2020-01-13 15:18:48,12127,12127,12127,2
2020-01-13 15:18:48,12127,12127,12127,2
2020-01-13 15:18:48,12127,12127,12127,4
2020-01-13 15:18:48,12127,12127,12127,10
2020-01-13 15:18:48,12127,12127,12127,2
2020-01-13 15:18:48,12127,12127,12127,2
2020-01-13 15:18:48,12127,12127,12127,2
2020-01-13 15:18:49,12127,12127,12127,2
2020-01-13 15:19:06,12127,12127,12127,2
2020-01-13 15:19:06,12126,12126,12126,2
2020-01-13 15:19:06,12126,12126,12126,2
2020-01-13 15:19:14,12126,12126,12126,2
2020-01-13 15:19:20,12126,12126,12126,2
2020-01-13 15:19:40,12126,12126,12126,2
2020-01-13 15:19:40,12126,12126,12126,2
2020-01-13 15:19:41,12126,12126,12126,2
2020-01-13 15:19:53,12126,12126,12126,2
2020-01-13 15:20:00,12126,12126,12126,2
2020-01-13 15:20:00,12126,12126,12126,2
2020-01-13 15:20:01,12126,12126,12126,2
2020-01-13 15:20:08,12126,12126,12126,2
2020-01-13 15:20:10,12127,12127,12127,2
2020-01-13 15:20:11,12126,12126,12126,4
2020-01-13 15:20:17,12126,12126,12126,2
2020-01-13 15:20:17,12126,12126,12126,2
2020-01-13 15:20:18,12126,12126,12126,2
2020-01-13 15:20:18,12126,12126,12126,2
2020-01-13 15:20:19,12126,12126,12126,2
2020-01-13 15:20:19,12126,12126,12126,2
2020-01-13 15:20:19,12126,12126,12126,2
2020-01-13 15:20:19,12126,12126,12126,2
2020-01-13 15:20:21,12126,12126,12126,2
2020-01-13 15:20:24,12126,12126,12126,8
2020-01-13 15:20:42,12125,12125,12125,2
2020-01-13 15:20:43,12126,12126,12126,2
2020-01-13 15:20:51,12126,12126,12126,2
2020-01-13 15:21:01,12125,12125,12125,2
2020-01-13 15:21:03,12125,12125,12125,2
2020-01-13 15:21:05,12125,12125,12125,2
2020-01-13 15:21:05,12125,12125,12125,4
2020-01-13 15:21:05,12125,12125,12125,2
2020-01-13 15:21:05,12125,12125,12125,6
2020-01-13 15:21:05,12125,12125,12125,4
2020-01-13 15:21:05,12125,12125,12125,2
2020-01-13 15:21:05,12125,12125,12125,2
2020-01-13 15:21:05,12125,12125,12125,6
2020-01-13 15:21:05,12125,12125,12125,4
2020-01-13 15:21:05,12125,12125,12125,2
2020-01-13 15:21:05,12125,12125,12125,4
2020-01-13 15:21:05,12125,12125,12125,2
2020-01-13 15:21:05,12125,12125,12125,2
2020-01-13 15:21:05,12125,12125,12125,2
2020-01-13 15:21:05,12125,12125,12125,2
2020-01-13 15:21:05,12125,12125,12125,4
2020-01-13 15:21:05,12125,12125,12125,16
2020-01-13 15:21:05,12125,12125,12125,8
2020-01-13 15:21:05,12125,12125,12125,2
2020-01-13 15:21:05,12125,12125,12125,2
2020-01-13 15:21:05,12125,12125,12125,2
2020-01-13 15:21:05,12125,12125,12125,2
2020-01-13 15:21:05,12125,12125,12125,4
2020-01-13 15:21:05,12125,12125,12125,2
2020-01-13 15:21:05,12125,12125,12125,10
2020-01-13 15:21:05,12125,12125,12125,2
2020-01-13 15:21:05,12125,12125,12125,2
2020-01-13 15:21:05,12124,12124,12124,4
2020-01-13 15:21:05,12124,12124,12124,6
2020-01-13 15:21:05,12124,12124,12124,2
2020-01-13 15:21:05,12124,12124,12124,2
2020-01-13 15:21:05,12124,12124,12124,2
2020-01-13 15:21:05,12124,12124,12124,2
2020-01-13 15:21:05,12125,12125,12125,2
2020-01-13 15:21:07,12124,12124,12124,2
2020-01-13 15:21:07,12124,12124,12124,2
2020-01-13 15:21:07,12125,12125,12125,2
2020-01-13 15:21:10,12125,12125,12125,2
2020-01-13 15:21:24,12124,12124,12124,2
2020-01-13 15:21:24,12124,12124,12124,4
2020-01-13 15:21:24,12124,12124,12124,2
2020-01-13 15:21:24,12124,12124,12124,2
2020-01-13 15:21:24,12124,12124,12124,2
2020-01-13 15:21:24,12124,12124,12124,2
2020-01-13 15:21:40,12123,12123,12123,2
2020-01-13 15:21:40,12123,12123,12123,2
2020-01-13 15:21:40,12123,12123,12123,2
2020-01-13 15:21:41,12123,12123,12123,4
2020-01-13 15:21:41,12123,12123,12123,2
2020-01-13 15:21:44,12123,12123,12123,2
2020-01-13 15:21:44,12123,12123,12123,6
2020-01-13 15:21:44,12123,12123,12123,2
2020-01-13 15:21:44,12123,12123,12123,2
2020-01-13 15:21:44,12123,12123,12123,2
2020-01-13 15:21:44,12123,12123,12123,2
2020-01-13 15:21:44,12123,12123,12123,2
2020-01-13 15:21:44,12123,12123,12123,2
2020-01-13 15:21:46,12123,12123,12123,2
2020-01-13 15:21:46,12123,12123,12123,2
2020-01-13 15:21:46,12123,12123,12123,2
2020-01-13 15:21:46,12123,12123,12123,2
2020-01-13 15:21:46,12123,12123,12123,2
2020-01-13 15:21:46,12123,12123,12123,2
2020-01-13 15:21:46,12123,12123,12123,8
2020-01-13 15:21:46,12123,12123,12123,2
2020-01-13 15:21:46,12123,12123,12123,2
2020-01-13 15:21:47,12123,12123,12123,2
2020-01-13 15:21:51,12123,12123,12123,2
2020-01-13 15:21:51,12122,12122,12122,2
2020-01-13 15:21:51,12122,12122,12122,2
2020-01-13 15:21:51,12122,12122,12122,20
2020-01-13 15:21:51,12122,12122,12122,20
2020-01-13 15:21:51,12122,12122,12122,8
2020-01-13 15:21:51,12122,12122,12122,8
2020-01-13 15:21:51,12122,12122,12122,2
2020-01-13 15:21:51,12122,12122,12122,2
2020-01-13 15:21:51,12122,12122,12122,2
2020-01-13 15:21:51,12122,12122,12122,2
2020-01-13 15:21:51,12122,12122,12122,2
2020-01-13 15:21:51,12122,12122,12122,2
2020-01-13 15:21:51,12122,12122,12122,2
2020-01-13 15:21:51,12122,12122,12122,2
2020-01-13 15:21:51,12122,12122,12122,2
2020-01-13 15:21:51,12122,12122,12122,2
2020-01-13 15:21:51,12122,12122,12122,2
2020-01-13 15:21:51,12122,12122,12122,2
2020-01-13 15:21:51,12122,12122,12122,2
2020-01-13 15:21:51,12122,12122,12122,4
2020-01-13 15:21:52,12122,12122,12122,6
2020-01-13 15:21:52,12122,12122,12122,2
2020-01-13 15:21:52,12122,12122,12122,4
2020-01-13 15:21:52,12122,12122,12122,2
2020-01-13 15:21:52,12122,12122,12122,2
2020-01-13 15:21:52,12121,12121,12121,2
2020-01-13 15:21:52,12121,12121,12121,2
2020-01-13 15:21:52,12121,12121,12121,4
2020-01-13 15:21:52,12121,12121,12121,4
2020-01-13 15:21:57,12122,12122,12122,2
2020-01-13 15:22:03,12122,12122,12122,4
2020-01-13 15:22:03,12122,12122,12122,4
2020-01-13 15:22:03,12122,12122,12122,2
2020-01-13 15:22:03,12122,12122,12122,2
2020-01-13 15:22:03,12122,12122,12122,4
2020-01-13 15:22:03,12122,12122,12122,2
2020-01-13 15:22:03,12122,12122,12122,2
2020-01-13 15:22:03,12122,12122,12122,2
2020-01-13 15:22:03,12122,12122,12122,8
2020-01-13 15:22:03,12122,12122,12122,2
2020-01-13 15:22:03,12122,12122,12122,4
2020-01-13 15:22:03,12122,12122,12122,4
2020-01-13 15:22:03,12122,12122,12122,4
2020-01-13 15:22:03,12122,12122,12122,4
2020-01-13 15:22:04,12121,12121,12121,2
2020-01-13 15:22:04,12121,12121,12121,2
2020-01-13 15:22:04,12121,12121,12121,2
2020-01-13 15:22:07,12122,12122,12122,2
2020-01-13 15:22:13,12121,12121,12121,2
2020-01-13 15:22:15,12121,12121,12121,2
2020-01-13 15:22:16,12122,12122,12122,2
2020-01-13 15:22:19,12122,12122,12122,2
2020-01-13 15:22:31,12122,12122,12122,2
2020-01-13 15:22:42,12122,12122,12122,10
2020-01-13 15:22:44,12122,12122,12122,44
2020-01-13 15:22:47,12122,12122,12122,6
2020-01-13 15:22:47,12122,12122,12122,4
2020-01-13 15:22:47,12122,12122,12122,8
2020-01-13 15:22:47,12122,12122,12122,2
2020-01-13 15:22:47,12122,12122,12122,10
2020-01-13 15:22:47,12122,12122,12122,4
2020-01-13 15:22:47,12122,12122,12122,2
2020-01-13 15:22:47,12122,12122,12122,4
2020-01-13 15:22:47,12122,12122,12122,8
2020-01-13 15:22:47,12122,12122,12122,2
2020-01-13 15:22:47,12122,12122,12122,2
2020-01-13 15:22:47,12122,12122,12122,2
2020-01-13 15:22:47,12122,12122,12122,6
2020-01-13 15:22:47,12122,12122,12122,2
2020-01-13 15:22:47,12122,12122,12122,2
2020-01-13 15:22:47,12122,12122,12122,2
2020-01-13 15:22:47,12122,12122,12122,2
2020-01-13 15:22:51,12123,12123,12123,2
2020-01-13 15:22:52,12123,12123,12123,2
2020-01-13 15:22:53,12122,12122,12122,2
2020-01-13 15:22:53,12122,12122,12122,8
2020-01-13 15:22:53,12122,12122,12122,2
2020-01-13 15:22:53,12122,12122,12122,4
2020-01-13 15:22:53,12122,12122,12122,4
2020-01-13 15:22:53,12122,12122,12122,10
2020-01-13 15:23:07,12123,12123,12123,10
2020-01-13 15:23:17,12123,12123,12123,2
2020-01-13 15:23:25,12123,12123,12123,2
2020-01-13 15:23:28,12123,12123,12123,2
2020-01-13 15:23:35,12123,12123,12123,2
2020-01-13 15:23:35,12124,12124,12124,2
2020-01-13 15:23:36,12123,12123,12123,4
2020-01-13 15:23:39,12123,12123,12123,4
2020-01-13 15:23:39,12122,12122,12122,2
2020-01-13 15:23:44,12122,12122,12122,6
2020-01-13 15:23:44,12122,12122,12122,2
2020-01-13 15:23:44,12122,12122,12122,2
2020-01-13 15:23:46,12124,12124,12124,60
2020-01-13 15:23:46,12124,12124,12124,6
2020-01-13 15:23:46,12124,12124,12124,4
2020-01-13 15:24:05,12124,12124,12124,2
2020-01-13 15:24:05,12124,12124,12124,2
2020-01-13 15:24:13,12124,12124,12124,2
2020-01-13 15:24:56,12125,12125,12125,2
2020-01-13 15:25:00,12124,12124,12124,2
2020-01-13 15:25:00,12124,12124,12124,2
2020-01-13 15:25:00,12124,12124,12124,2
2020-01-13 15:25:00,12124,12124,12124,2
2020-01-13 15:25:00,12124,12124,12124,2
2020-01-13 15:25:02,12123,12123,12123,12
2020-01-13 15:25:02,12123,12123,12123,2
2020-01-13 15:25:11,12123,12123,12123,2
2020-01-13 15:25:15,12123,12123,12123,2
2020-01-13 15:25:15,12123,12123,12123,4
2020-01-13 15:25:15,12123,12123,12123,2
2020-01-13 15:25:15,12123,12123,12123,2
2020-01-13 15:25:17,12123,12123,12123,4
2020-01-13 15:25:25,12123,12123,12123,2
2020-01-13 15:25:46,12122,12122,12122,2
2020-01-13 15:25:46,12122,12122,12122,2
2020-01-13 15:26:03,12122,12122,12122,2
2020-01-13 15:26:03,12122,12122,12122,2
2020-01-13 15:26:12,12122,12122,12122,2
2020-01-13 15:26:27,12122,12122,12122,2
2020-01-13 15:26:28,12122,12122,12122,2
2020-01-13 15:26:39,12122,12122,12122,2
2020-01-13 15:26:40,12123,12123,12123,2
2020-01-13 15:26:41,12122,12122,12122,20
2020-01-13 15:26:41,12123,12123,12123,4
2020-01-13 15:26:42,12122,12122,12122,10
2020-01-13 15:26:42,12122,12122,12122,2
2020-01-13 15:26:42,12122,12122,12122,2
2020-01-13 15:26:42,12122,12122,12122,2
2020-01-13 15:26:42,12122,12122,12122,2
2020-01-13 15:26:42,12122,12122,12122,2
2020-01-13 15:26:42,12122,12122,12122,4
2020-01-13 15:26:42,12122,12122,12122,4
2020-01-13 15:26:42,12122,12122,12122,2
2020-01-13 15:26:42,12122,12122,12122,2
2020-01-13 15:26:42,12122,12122,12122,2
2020-01-13 15:26:42,12122,12122,12122,2
2020-01-13 15:26:42,12122,12122,12122,2
2020-01-13 15:26:43,12122,12122,12122,2
2020-01-13 15:26:52,12122,12122,12122,4
2020-01-13 15:27:05,12122,12122,12122,2
2020-01-13 15:27:17,12122,12122,12122,8
2020-01-13 15:27:25,12122,12122,12122,2
2020-01-13 15:27:26,12122,12122,12122,2
2020-01-13 15:27:39,12122,12122,12122,6
2020-01-13 15:27:42,12122,12122,12122,2
2020-01-13 15:27:46,12122,12122,12122,2
2020-01-13 15:27:47,12122,12122,12122,6
2020-01-13 15:27:51,12123,12123,12123,2
2020-01-13 15:27:51,12122,12122,12122,2
2020-01-13 15:28:25,12123,12123,12123,14
2020-01-13 15:28:25,12123,12123,12123,6
2020-01-13 15:28:25,12123,12123,12123,4
2020-01-13 15:28:25,12124,12124,12124,2
2020-01-13 15:28:27,12124,12124,12124,4
2020-01-13 15:28:28,12123,12123,12123,2
2020-01-13 15:28:54,12124,12124,12124,2
2020-01-13 15:29:00,12124,12124,12124,6
2020-01-13 15:29:10,12125,12125,12125,2
2020-01-13 15:29:11,12125,12125,12125,6
2020-01-13 15:29:11,12125,12125,12125,2
2020-01-13 15:29:11,12125,12125,12125,2
2020-01-13 15:29:12,12125,12125,12125,2
2020-01-13 15:29:12,12125,12125,12125,2
2020-01-13 15:29:12,12125,12125,12125,2
2020-01-13 15:29:12,12126,12126,12126,6
2020-01-13 15:29:13,12126,12126,12126,2
2020-01-13 15:29:13,12127,12127,12127,4
2020-01-13 15:29:13,12127,12127,12127,2
2020-01-13 15:29:13,12127,12127,12127,2
2020-01-13 15:29:13,12127,12127,12127,2
2020-01-13 15:29:13,12127,12127,12127,2
2020-01-13 15:29:13,12127,12127,12127,2
2020-01-13 15:29:13,12127,12127,12127,2
2020-01-13 15:29:13,12127,12127,12127,2
2020-01-13 15:29:14,12127,12127,12127,2
2020-01-13 15:29:14,12127,12127,12127,2
2020-01-13 15:29:14,12127,12127,12127,2
2020-01-13 15:29:14,12127,12127,12127,4
2020-01-13 15:29:15,12127,12127,12127,2
2020-01-13 15:29:32,12127,12127,12127,2
2020-01-13 15:29:32,12126,12126,12126,2
2020-01-13 15:29:39,12127,12127,12127,6
2020-01-13 15:29:40,12126,12126,12126,2
2020-01-13 15:29:45,12126,12126,12126,2
2020-01-13 15:29:45,12126,12126,12126,2
2020-01-13 15:29:50,12126,12126,12126,2
2020-01-13 15:29:50,12126,12126,12126,2
2020-01-13 15:29:54,12126,12126,12126,10
2020-01-13 15:29:54,12126,12126,12126,2
2020-01-13 15:29:54,12126,12126,12126,2
2020-01-13 15:29:54,12126,12126,12126,2
2020-01-13 15:29:54,12126,12126,12126,2
2020-01-13 15:29:54,12126,12126,12126,2
2020-01-13 15:29:59,12126,12126,12126,2
2020-01-13 15:30:03,12126,12126,12126,4
2020-01-13 15:30:03,12126,12126,12126,2
2020-01-13 15:30:12,12125,12125,12125,2
2020-01-13 15:30:12,12125,12125,12125,2
2020-01-13 15:30:12,12125,12125,12125,2
2020-01-13 15:30:12,12125,12125,12125,2
2020-01-13 15:30:13,12125,12125,12125,2
2020-01-13 15:30:13,12124,12124,12124,2
2020-01-13 15:30:17,12124,12124,12124,8
2020-01-13 15:30:18,12124,12124,12124,4
2020-01-13 15:30:19,12124,12124,12124,2
2020-01-13 15:30:19,12124,12124,12124,2
2020-01-13 15:30:19,12124,12124,12124,2
2020-01-13 15:30:19,12124,12124,12124,4
2020-01-13 15:30:19,12124,12124,12124,16
2020-01-13 15:30:19,12124,12124,12124,2
2020-01-13 15:30:19,12124,12124,12124,2
2020-01-13 15:30:20,12124,12124,12124,2
2020-01-13 15:30:32,12124,12124,12124,2
2020-01-13 15:30:41,12123,12123,12123,2
2020-01-13 15:30:48,12123,12123,12123,2
2020-01-13 15:30:51,12123,12123,12123,2
2020-01-13 15:30:51,12124,12124,12124,2
2020-01-13 15:30:54,12124,12124,12124,8
2020-01-13 15:30:55,12125,12125,12125,2
2020-01-13 15:30:57,12125,12125,12125,2
2020-01-13 15:31:16,12125,12125,12125,4
2020-01-13 15:31:19,12125,12125,12125,10
2020-01-13 15:31:23,12125,12125,12125,2
2020-01-13 15:31:27,12125,12125,12125,2
2020-01-13 15:31:39,12124,12124,12124,2
2020-01-13 15:31:47,12124,12124,12124,6
2020-01-13 15:31:52,12124,12124,12124,4
2020-01-13 15:31:52,12124,12124,12124,2
2020-01-13 15:31:52,12124,12124,12124,2
2020-01-13 15:31:52,12124,12124,12124,2
2020-01-13 15:31:52,12124,12124,12124,2
2020-01-13 15:31:52,12124,12124,12124,8
2020-01-13 15:32:10,12123,12123,12123,8
2020-01-13 15:32:10,12123,12123,12123,2
2020-01-13 15:32:10,12123,12123,12123,2
2020-01-13 15:32:10,12123,12123,12123,2
2020-01-13 15:32:10,12123,12123,12123,2
2020-01-13 15:32:10,12122,12122,12122,6
2020-01-13 15:32:11,12122,12122,12122,2
2020-01-13 15:32:11,12122,12122,12122,2
2020-01-13 15:32:29,12122,12122,12122,2
2020-01-13 15:32:50,12123,12123,12123,2
2020-01-13 15:32:55,12122,12122,12122,2
2020-01-13 15:32:55,12122,12122,12122,2
2020-01-13 15:32:55,12122,12122,12122,2
2020-01-13 15:32:55,12122,12122,12122,2
2020-01-13 15:32:55,12122,12122,12122,6
2020-01-13 15:32:55,12123,12123,12123,10
2020-01-13 15:33:00,12122,12122,12122,2
2020-01-13 15:33:00,12122,12122,12122,2
2020-01-13 15:33:00,12122,12122,12122,2
2020-01-13 15:33:09,12123,12123,12123,8
2020-01-13 15:33:09,12124,12124,12124,6
2020-01-13 15:33:09,12123,12123,12123,2
2020-01-13 15:33:22,12123,12123,12123,2
2020-01-13 15:33:22,12123,12123,12123,2
2020-01-13 15:33:40,12123,12123,12123,2
2020-01-13 15:33:40,12123,12123,12123,2
2020-01-13 15:33:48,12123,12123,12123,18
2020-01-13 15:33:48,12123,12123,12123,2
2020-01-13 15:34:12,12123,12123,12123,2
2020-01-13 15:34:19,12123,12123,12123,2
2020-01-13 15:34:24,12123,12123,12123,2
2020-01-13 15:34:24,12123,12123,12123,2
2020-01-13 15:34:34,12124,12124,12124,2
2020-01-13 15:34:41,12124,12124,12124,4
2020-01-13 15:35:03,12124,12124,12124,2
2020-01-13 15:35:03,12124,12124,12124,2
2020-01-13 15:35:03,12124,12124,12124,2
2020-01-13 15:35:03,12124,12124,12124,2
2020-01-13 15:35:19,12125,12125,12125,4
2020-01-13 15:35:19,12125,12125,12125,2
2020-01-13 15:35:22,12125,12125,12125,2
2020-01-13 15:35:23,12125,12125,12125,2
2020-01-13 15:35:45,12125,12125,12125,2
2020-01-13 15:35:48,12125,12125,12125,2
2020-01-13 15:35:54,12125,12125,12125,2
2020-01-13 15:35:55,12125,12125,12125,2
2020-01-13 15:36:29,12125,12125,12125,4
2020-01-13 15:36:50,12125,12125,12125,16
2020-01-13 15:36:50,12125,12125,12125,2
2020-01-13 15:36:50,12125,12125,12125,2
2020-01-13 15:36:53,12125,12125,12125,2
2020-01-13 15:36:54,12126,12126,12126,2
2020-01-13 15:36:58,12125,12125,12125,2
2020-01-13 15:37:12,12125,12125,12125,2
2020-01-13 15:37:12,12125,12125,12125,2
2020-01-13 15:37:37,12125,12125,12125,2
2020-01-13 15:37:37,12125,12125,12125,2
2020-01-13 15:37:37,12125,12125,12125,2
2020-01-13 15:37:40,12125,12125,12125,8
2020-01-13 15:37:40,12125,12125,12125,10
2020-01-13 15:37:40,12125,12125,12125,2
2020-01-13 15:37:40,12125,12125,12125,2
2020-01-13 15:37:41,12124,12124,12124,2
2020-01-13 15:37:41,12124,12124,12124,2
2020-01-13 15:37:41,12124,12124,12124,2
2020-01-13 15:37:41,12124,12124,12124,2
2020-01-13 15:37:41,12124,12124,12124,2
2020-01-13 15:37:41,12124,12124,12124,2
2020-01-13 15:37:41,12124,12124,12124,2
2020-01-13 15:37:46,12124,12124,12124,2
2020-01-13 15:37:52,12125,12125,12125,2
2020-01-13 15:38:03,12125,12125,12125,2
2020-01-13 15:38:06,12125,12125,12125,2
2020-01-13 15:38:06,12125,12125,12125,2
2020-01-13 15:38:12,12125,12125,12125,4
2020-01-13 15:38:28,12124,12124,12124,2
2020-01-13 15:38:28,12124,12124,12124,2
2020-01-13 15:38:28,12124,12124,12124,2
2020-01-13 15:38:28,12124,12124,12124,2
2020-01-13 15:38:28,12124,12124,12124,2
2020-01-13 15:38:28,12124,12124,12124,2
2020-01-13 15:38:28,12124,12124,12124,4
2020-01-13 15:38:28,12124,12124,12124,4
2020-01-13 15:38:28,12124,12124,12124,2
2020-01-13 15:38:28,12124,12124,12124,2
2020-01-13 15:38:28,12124,12124,12124,2
2020-01-13 15:38:28,12124,12124,12124,2
2020-01-13 15:38:28,12124,12124,12124,6
2020-01-13 15:38:28,12124,12124,12124,2
2020-01-13 15:38:28,12124,12124,12124,2
2020-01-13 15:38:28,12124,12124,12124,2
2020-01-13 15:38:28,12124,12124,12124,2
2020-01-13 15:38:45,12123,12123,12123,4
2020-01-13 15:38:45,12123,12123,12123,2
2020-01-13 15:38:45,12123,12123,12123,6
2020-01-13 15:38:45,12123,12123,12123,2
2020-01-13 15:38:45,12123,12123,12123,2
2020-01-13 15:38:45,12123,12123,12123,2
2020-01-13 15:38:45,12123,12123,12123,2
2020-01-13 15:38:45,12123,12123,12123,4
2020-01-13 15:38:47,12124,12124,12124,2
2020-01-13 15:38:55,12124,12124,12124,2
2020-01-13 15:39:14,12124,12124,12124,2
2020-01-13 15:39:32,12124,12124,12124,2
2020-01-13 15:39:32,12124,12124,12124,2
2020-01-13 15:39:32,12124,12124,12124,2
2020-01-13 15:39:32,12124,12124,12124,2
2020-01-13 15:39:35,12124,12124,12124,2
2020-01-13 15:39:35,12123,12123,12123,16
2020-01-13 15:39:35,12123,12123,12123,2
2020-01-13 15:39:35,12123,12123,12123,6
2020-01-13 15:39:35,12123,12123,12123,2
2020-01-13 15:39:35,12123,12123,12123,2
2020-01-13 15:39:35,12123,12123,12123,2
2020-01-13 15:39:35,12123,12123,12123,2
2020-01-13 15:39:35,12123,12123,12123,4
2020-01-13 15:39:35,12123,12123,12123,2
2020-01-13 15:39:35,12123,12123,12123,4
2020-01-13 15:39:35,12123,12123,12123,4
2020-01-13 15:39:35,12123,12123,12123,2
2020-01-13 15:39:35,12123,12123,12123,2
2020-01-13 15:39:49,12123,12123,12123,2
2020-01-13 15:40:00,12123,12123,12123,2
2020-01-13 15:40:00,12123,12123,12123,2
2020-01-13 15:40:49,12124,12124,12124,2
2020-01-13 15:41:15,12124,12124,12124,4
2020-01-13 15:42:01,12124,12124,12124,2
2020-01-13 15:42:02,12123,12123,12123,4
2020-01-13 15:42:09,12124,12124,12124,2
2020-01-13 15:42:13,12124,12124,12124,2
2020-01-13 15:42:13,12124,12124,12124,2
2020-01-13 15:43:20,12124,12124,12124,2
2020-01-13 15:43:27,12124,12124,12124,4
2020-01-13 15:44:02,12123,12123,12123,2
2020-01-13 15:44:02,12123,12123,12123,2
2020-01-13 15:44:02,12123,12123,12123,4
2020-01-13 15:44:02,12123,12123,12123,2
2020-01-13 15:44:02,12123,12123,12123,2
2020-01-13 15:44:02,12123,12123,12123,4
2020-01-13 15:44:02,12123,12123,12123,18
2020-01-13 15:44:15,12122,12122,12122,2
2020-01-13 15:44:51,12123,12123,12123,2
2020-01-13 15:44:51,12123,12123,12123,2
2020-01-13 15:44:51,12122,12122,12122,4
2020-01-13 15:44:51,12122,12122,12122,2
2020-01-13 15:44:51,12122,12122,12122,2
2020-01-13 15:44:51,12122,12122,12122,2
2020-01-13 15:44:51,12122,12122,12122,2
2020-01-13 15:44:51,12122,12122,12122,2
2020-01-13 15:44:51,12122,12122,12122,2
2020-01-13 15:44:59,12123,12123,12123,2
2020-01-13 15:45:04,12123,12123,12123,2
2020-01-13 15:45:14,12123,12123,12123,2
2020-01-13 15:45:22,12123,12123,12123,2
2020-01-13 15:45:39,12123,12123,12123,2
2020-01-13 15:45:42,12123,12123,12123,2
2020-01-13 15:45:59,12123,12123,12123,2
2020-01-13 15:46:06,12123,12123,12123,2
2020-01-13 15:46:09,12123,12123,12123,6
2020-01-13 15:46:09,12124,12124,12124,2
2020-01-13 15:46:14,12123,12123,12123,2
2020-01-13 15:46:14,12123,12123,12123,2
2020-01-13 15:46:47,12123,12123,12123,2
2020-01-13 15:47:06,12123,12123,12123,12
2020-01-13 15:47:11,12123,12123,12123,4
2020-01-13 15:47:24,12123,12123,12123,4
2020-01-13 15:47:24,12123,12123,12123,2
2020-01-13 15:47:24,12123,12123,12123,2
2020-01-13 15:47:24,12123,12123,12123,24
2020-01-13 15:47:28,12122,12122,12122,2
2020-01-13 15:47:29,12123,12123,12123,2
2020-01-13 15:47:34,12123,12123,12123,2
2020-01-13 15:48:05,12124,12124,12124,4
2020-01-13 15:48:25,12124,12124,12124,10
2020-01-13 15:48:39,12123,12123,12123,2
2020-01-13 15:48:42,12124,12124,12124,2
2020-01-13 15:48:57,12124,12124,12124,10
2020-01-13 15:49:30,12124,12124,12124,2
2020-01-13 15:49:35,12124,12124,12124,2
2020-01-13 15:49:35,12124,12124,12124,8
2020-01-13 15:49:35,12124,12124,12124,6
2020-01-13 15:49:35,12124,12124,12124,8
2020-01-13 15:49:35,12124,12124,12124,8
2020-01-13 15:49:35,12124,12124,12124,4
2020-01-13 15:49:35,12124,12124,12124,12
2020-01-13 15:49:35,12124,12124,12124,2
2020-01-13 15:49:38,12125,12125,12125,2
2020-01-13 15:50:20,12125,12125,12125,10
2020-01-13 15:50:22,12125,12125,12125,4
2020-01-13 15:50:22,12125,12125,12125,2
2020-01-13 15:50:22,12125,12125,12125,8
2020-01-13 15:50:22,12125,12125,12125,6
2020-01-13 15:50:28,12125,12125,12125,2
2020-01-13 15:50:45,12125,12125,12125,2
2020-01-13 15:50:57,12124,12124,12124,2
2020-01-13 15:50:57,12124,12124,12124,2
2020-01-13 15:51:02,12124,12124,12124,2
2020-01-13 15:51:55,12125,12125,12125,2
2020-01-13 15:51:57,12125,12125,12125,2
2020-01-13 15:52:29,12125,12125,12125,12
2020-01-13 15:52:30,12126,12126,12126,2
2020-01-13 15:52:30,12126,12126,12126,2
2020-01-13 15:52:30,12126,12126,12126,4
2020-01-13 15:52:30,12126,12126,12126,6
2020-01-13 15:52:31,12126,12126,12126,4
2020-01-13 15:52:33,12126,12126,12126,2
2020-01-13 15:52:34,12126,12126,12126,2
2020-01-13 15:53:00,12126,12126,12126,2
2020-01-13 15:53:03,12126,12126,12126,2
2020-01-13 15:53:03,12126,12126,12126,2
2020-01-13 15:53:15,12126,12126,12126,6
2020-01-13 15:53:15,12126,12126,12126,8
2020-01-13 15:53:16,12126,12126,12126,10
2020-01-13 15:53:21,12126,12126,12126,6
2020-01-13 15:53:21,12126,12126,12126,2
2020-01-13 15:53:21,12126,12126,12126,2
2020-01-13 15:53:24,12126,12126,12126,2
2020-01-13 15:53:34,12126,12126,12126,2
2020-01-13 15:53:35,12126,12126,12126,2
2020-01-13 15:53:35,12127,12127,12127,2
2020-01-13 15:53:35,12127,12127,12127,2
2020-01-13 15:53:43,12126,12126,12126,2
2020-01-13 15:53:46,12126,12126,12126,2
2020-01-13 15:53:46,12126,12126,12126,2
2020-01-13 15:54:22,12127,12127,12127,2
2020-01-13 15:54:23,12127,12127,12127,2
2020-01-13 15:54:27,12126,12126,12126,2
2020-01-13 15:54:41,12127,12127,12127,4
2020-01-13 15:54:42,12126,12126,12126,2
2020-01-13 15:54:42,12126,12126,12126,2
2020-01-13 15:54:50,12126,12126,12126,2
2020-01-13 15:54:50,12126,12126,12126,2
2020-01-13 15:54:57,12127,12127,12127,2
2020-01-13 15:55:18,12126,12126,12126,2
2020-01-13 15:55:18,12126,12126,12126,6
2020-01-13 15:55:18,12126,12126,12126,2
2020-01-13 15:55:18,12126,12126,12126,2
2020-01-13 15:55:18,12126,12126,12126,2
2020-01-13 15:55:18,12126,12126,12126,2
2020-01-13 15:55:18,12126,12126,12126,4
2020-01-13 15:55:20,12126,12126,12126,2
2020-01-13 15:55:23,12126,12126,12126,2
2020-01-13 15:55:33,12126,12126,12126,2
2020-01-13 15:55:33,12126,12126,12126,2
2020-01-13 15:55:40,12126,12126,12126,2
2020-01-13 15:55:45,12126,12126,12126,2
2020-01-13 15:56:02,12126,12126,12126,2
2020-01-13 15:56:04,12126,12126,12126,2
2020-01-13 15:56:04,12126,12126,12126,2
2020-01-13 15:56:07,12125,12125,12125,2
2020-01-13 15:56:07,12125,12125,12125,2
2020-01-13 15:56:07,12125,12125,12125,4
2020-01-13 15:56:07,12125,12125,12125,2
2020-01-13 15:56:07,12125,12125,12125,2
2020-01-13 15:56:07,12125,12125,12125,2
2020-01-13 15:56:07,12125,12125,12125,2
2020-01-13 15:56:07,12125,12125,12125,2
2020-01-13 15:57:00,12125,12125,12125,2
2020-01-13 15:57:02,12124,12124,12124,2
2020-01-13 15:57:09,12124,12124,12124,2
2020-01-13 15:57:22,12125,12125,12125,2
2020-01-13 15:57:22,12125,12125,12125,2
2020-01-13 15:57:49,12125,12125,12125,2
2020-01-13 15:58:02,12125,12125,12125,4
2020-01-13 15:58:28,12125,12125,12125,2
2020-01-13 15:58:37,12125,12125,12125,4
2020-01-13 15:59:02,12125,12125,12125,2
2020-01-13 15:59:48,12126,12126,12126,10
2020-01-13 15:59:51,12127,12127,12127,4
2020-01-13 15:59:59,12126,12126,12126,18
2020-01-13 15:59:59,12126,12126,12126,2
2020-01-13 15:59:59,12126,12126,12126,2
2020-01-13 15:59:59,12126,12126,12126,2
2020-01-13 15:59:59,12126,12126,12126,2
2020-01-13 15:59:59,12125,12125,12125,2
2020-01-13 15:59:59,12125,12125,12125,2
2020-01-13 15:59:59,12125,12125,12125,2
2020-01-13 15:59:59,12125,12125,12125,4
2020-01-13 15:59:59,12125,12125,12125,2
2020-01-13 15:59:59,12125,12125,12125,4
2020-01-13 15:59:59,12125,12125,12125,2
2020-01-13 15:59:59,12125,12125,12125,2
2020-01-13 15:59:59,12125,12125,12125,2
2020-01-13 16:00:16,12126,12126,12126,2
2020-01-13 16:00:16,12125,12125,12125,2
2020-01-13 16:00:16,12125,12125,12125,2
2020-01-13 16:00:16,12126,12126,12126,2
2020-01-13 16:00:22,12125,12125,12125,2
2020-01-13 16:00:49,12126,12126,12126,2
2020-01-13 16:01:07,12126,12126,12126,2
2020-01-13 16:01:09,12126,12126,12126,2
2020-01-13 16:01:12,12127,12127,12127,12
2020-01-13 16:01:16,12127,12127,12127,2
2020-01-13 16:01:18,12127,12127,12127,2
2020-01-13 16:01:19,12128,12128,12128,2
2020-01-13 16:01:19,12128,12128,12128,4
2020-01-13 16:01:20,12128,12128,12128,2
2020-01-13 16:01:20,12128,12128,12128,2
2020-01-13 16:01:32,12128,12128,12128,2
2020-01-13 16:01:40,12128,12128,12128,2
2020-01-13 16:01:46,12127,12127,12127,2
2020-01-13 16:02:02,12126,12126,12126,6
2020-01-13 16:02:02,12126,12126,12126,6
2020-01-13 16:02:02,12126,12126,12126,2
2020-01-13 16:02:02,12126,12126,12126,2
2020-01-13 16:02:02,12126,12126,12126,2
2020-01-13 16:02:02,12126,12126,12126,4
2020-01-13 16:02:02,12126,12126,12126,2
2020-01-13 16:02:02,12126,12126,12126,6
2020-01-13 16:02:03,12126,12126,12126,2
2020-01-13 16:02:14,12126,12126,12126,2
2020-01-13 16:02:22,12126,12126,12126,2
2020-01-13 16:02:36,12126,12126,12126,2
2020-01-13 16:02:54,12126,12126,12126,2
2020-01-13 16:03:11,12126,12126,12126,4
2020-01-13 16:03:20,12126,12126,12126,2
2020-01-13 16:03:20,12126,12126,12126,2
2020-01-13 16:03:20,12126,12126,12126,2
2020-01-13 16:03:20,12126,12126,12126,2
2020-01-13 16:03:24,12126,12126,12126,2
2020-01-13 16:03:31,12126,12126,12126,2
2020-01-13 16:03:51,12126,12126,12126,2
2020-01-13 16:04:00,12125,12125,12125,20
2020-01-13 16:04:00,12125,12125,12125,20
2020-01-13 16:04:00,12125,12125,12125,2
2020-01-13 16:04:00,12125,12125,12125,4
2020-01-13 16:04:00,12125,12125,12125,2
2020-01-13 16:04:00,12125,12125,12125,20
2020-01-13 16:04:00,12125,12125,12125,4
2020-01-13 16:04:00,12125,12125,12125,4
2020-01-13 16:04:00,12125,12125,12125,2
2020-01-13 16:04:00,12125,12125,12125,2
2020-01-13 16:04:00,12125,12125,12125,2
2020-01-13 16:04:00,12125,12125,12125,2
2020-01-13 16:04:00,12124,12124,12124,2
2020-01-13 16:04:00,12124,12124,12124,2
2020-01-13 16:04:00,12124,12124,12124,2
2020-01-13 16:04:08,12124,12124,12124,2
2020-01-13 16:04:12,12125,12125,12125,2
2020-01-13 16:04:37,12126,12126,12126,2
2020-01-13 16:04:37,12126,12126,12126,12
2020-01-13 16:04:37,12126,12126,12126,2
2020-01-13 16:04:37,12126,12126,12126,4
2020-01-13 16:04:37,12126,12126,12126,2
2020-01-13 16:05:32,12125,12125,12125,2
2020-01-13 16:05:32,12125,12125,12125,2
2020-01-13 16:05:32,12125,12125,12125,4
2020-01-13 16:05:32,12125,12125,12125,2
2020-01-13 16:05:32,12125,12125,12125,2
2020-01-13 16:05:32,12125,12125,12125,2
2020-01-13 16:05:32,12125,12125,12125,6
2020-01-13 16:05:37,12125,12125,12125,2
2020-01-13 16:05:58,12125,12125,12125,2
2020-01-13 16:05:59,12125,12125,12125,2
2020-01-13 16:06:14,12126,12126,12126,4
2020-01-13 16:06:35,12127,12127,12127,18
2020-01-13 16:06:36,12127,12127,12127,4
2020-01-13 16:06:36,12127,12127,12127,2
2020-01-13 16:06:44,12128,12128,12128,62
2020-01-13 16:06:44,12128,12128,12128,10
2020-01-13 16:06:44,12129,12129,12129,4
2020-01-13 16:06:44,12129,12129,12129,36
2020-01-13 16:06:44,12129,12129,12129,10
2020-01-13 16:06:44,12129,12129,12129,4
2020-01-13 16:06:44,12129,12129,12129,8
2020-01-13 16:06:45,12130,12130,12130,6
2020-01-13 16:06:45,12129,12129,12129,2
2020-01-13 16:06:51,12130,12130,12130,10
2020-01-13 16:06:53,12130,12130,12130,2
2020-01-13 16:06:55,12130,12130,12130,2
2020-01-13 16:06:58,12129,12129,12129,4
2020-01-13 16:06:58,12129,12129,12129,2
2020-01-13 16:07:00,12130,12130,12130,4
2020-01-13 16:07:02,12130,12130,12130,2
2020-01-13 16:07:06,12129,12129,12129,2
2020-01-13 16:07:16,12129,12129,12129,2
2020-01-13 16:07:21,12129,12129,12129,2
2020-01-13 16:07:21,12129,12129,12129,2
2020-01-13 16:07:22,12129,12129,12129,2
2020-01-13 16:07:22,12129,12129,12129,2
2020-01-13 16:07:22,12129,12129,12129,2
2020-01-13 16:07:43,12130,12130,12130,30
2020-01-13 16:07:44,12130,12130,12130,26
2020-01-13 16:07:44,12130,12130,12130,8
2020-01-13 16:07:44,12130,12130,12130,8
2020-01-13 16:07:44,12130,12130,12130,4
2020-01-13 16:07:44,12130,12130,12130,4
2020-01-13 16:07:44,12130,12130,12130,4
2020-01-13 16:07:44,12130,12130,12130,6
2020-01-13 16:07:49,12130,12130,12130,2
2020-01-13 16:07:49,12130,12130,12130,2
2020-01-13 16:07:52,12130,12130,12130,2
2020-01-13 16:07:55,12130,12130,12130,4
2020-01-13 16:07:58,12130,12130,12130,4
2020-01-13 16:08:00,12130,12130,12130,10
2020-01-13 16:08:02,12130,12130,12130,4
2020-01-13 16:08:03,12130,12130,12130,2
2020-01-13 16:08:11,12130,12130,12130,4
2020-01-13 16:08:14,12130,12130,12130,2
2020-01-13 16:08:17,12130,12130,12130,2
2020-01-13 16:08:23,12130,12130,12130,2
2020-01-13 16:08:31,12130,12130,12130,2
2020-01-13 16:08:31,12130,12130,12130,4
2020-01-13 16:08:32,12130,12130,12130,2
2020-01-13 16:08:36,12130,12130,12130,2
2020-01-13 16:08:37,12130,12130,12130,2
2020-01-13 16:08:42,12130,12130,12130,2
2020-01-13 16:08:49,12130,12130,12130,2
2020-01-13 16:08:50,12131,12131,12131,4
2020-01-13 16:08:50,12131,12131,12131,2
2020-01-13 16:08:51,12131,12131,12131,2
2020-01-13 16:08:51,12131,12131,12131,2
2020-01-13 16:08:51,12131,12131,12131,4
2020-01-13 16:08:53,12130,12130,12130,2
2020-01-13 16:08:53,12130,12130,12130,2
2020-01-13 16:09:03,12130,12130,12130,6
2020-01-13 16:09:03,12130,12130,12130,4
2020-01-13 16:09:04,12130,12130,12130,6
2020-01-13 16:09:06,12130,12130,12130,2
2020-01-13 16:09:08,12130,12130,12130,8
2020-01-13 16:09:12,12130,12130,12130,2
2020-01-13 16:09:14,12130,12130,12130,2
2020-01-13 16:09:22,12129,12129,12129,2
2020-01-13 16:09:38,12129,12129,12129,2
2020-01-13 16:09:38,12129,12129,12129,2
2020-01-13 16:09:38,12130,12130,12130,4
2020-01-13 16:09:48,12130,12130,12130,2
2020-01-13 16:10:02,12129,12129,12129,4
2020-01-13 16:10:02,12129,12129,12129,6
2020-01-13 16:10:02,12129,12129,12129,2
2020-01-13 16:10:02,12129,12129,12129,6
2020-01-13 16:10:02,12129,12129,12129,6
2020-01-13 16:10:08,12129,12129,12129,2
2020-01-13 16:10:08,12130,12130,12130,10
2020-01-13 16:10:32,12129,12129,12129,2
2020-01-13 16:10:38,12128,12128,12128,4
2020-01-13 16:10:43,12129,12129,12129,8
2020-01-13 16:11:06,12128,12128,12128,6
2020-01-13 16:11:06,12128,12128,12128,2
2020-01-13 16:11:06,12128,12128,12128,4
2020-01-13 16:11:06,12128,12128,12128,4
2020-01-13 16:11:06,12128,12128,12128,4
2020-01-13 16:11:06,12128,12128,12128,2
2020-01-13 16:11:06,12128,12128,12128,2
2020-01-13 16:11:06,12128,12128,12128,24
2020-01-13 16:11:09,12128,12128,12128,6
2020-01-13 16:11:11,12128,12128,12128,2
2020-01-13 16:11:16,12127,12127,12127,2
2020-01-13 16:11:55,12128,12128,12128,4
2020-01-13 16:12:46,12127,12127,12127,2
2020-01-13 16:12:47,12128,12128,12128,4
2020-01-13 16:12:50,12128,12128,12128,2
2020-01-13 16:13:09,12128,12128,12128,2
2020-01-13 16:13:15,12128,12128,12128,2
2020-01-13 16:13:21,12128,12128,12128,2
2020-01-13 16:13:44,12128,12128,12128,4
2020-01-13 16:14:10,12127,12127,12127,2
2020-01-13 16:14:10,12127,12127,12127,2
2020-01-13 16:14:10,12127,12127,12127,2
2020-01-13 16:14:11,12127,12127,12127,2
2020-01-13 16:14:11,12126,12126,12126,4
2020-01-13 16:14:18,12126,12126,12126,4
2020-01-13 16:14:59,12127,12127,12127,2
2020-01-13 16:15:09,12127,12127,12127,2
2020-01-13 16:15:25,12126,12126,12126,8
2020-01-13 16:15:25,12126,12126,12126,2
2020-01-13 16:15:25,12126,12126,12126,2
2020-01-13 16:15:25,12126,12126,12126,2
2020-01-13 16:15:25,12126,12126,12126,2
2020-01-13 16:15:25,12126,12126,12126,6
2020-01-13 16:15:25,12126,12126,12126,2
2020-01-13 16:15:25,12126,12126,12126,2
2020-01-13 16:15:25,12126,12126,12126,2
2020-01-13 16:15:25,12126,12126,12126,2
2020-01-13 16:15:26,12126,12126,12126,2
2020-01-13 16:15:26,12126,12126,12126,2
2020-01-13 16:15:26,12126,12126,12126,2
2020-01-13 16:15:26,12127,12127,12127,6
2020-01-13 16:15:31,12126,12126,12126,2
2020-01-13 16:16:02,12126,12126,12126,2
2020-01-13 16:16:07,12127,12127,12127,2
2020-01-13 16:16:07,12127,12127,12127,2
2020-01-13 16:17:05,12127,12127,12127,4
2020-01-13 16:18:10,12127,12127,12127,2
2020-01-13 16:18:17,12127,12127,12127,2
2020-01-13 16:19:07,12126,12126,12126,2
2020-01-13 16:19:33,12126,12126,12126,2
2020-01-13 16:19:43,12126,12126,12126,2
2020-01-13 16:19:43,12126,12126,12126,2
2020-01-13 16:19:45,12126,12126,12126,2
2020-01-13 16:19:47,12126,12126,12126,2
2020-01-13 16:19:48,12126,12126,12126,6
2020-01-13 16:19:52,12126,12126,12126,2
2020-01-13 16:20:19,12125,12125,12125,4
2020-01-13 16:20:19,12125,12125,12125,2
2020-01-13 16:20:19,12125,12125,12125,2
2020-01-13 16:20:19,12125,12125,12125,2
2020-01-13 16:20:29,12125,12125,12125,2
2020-01-13 16:20:29,12125,12125,12125,2
2020-01-13 16:20:29,12125,12125,12125,2
2020-01-13 16:20:29,12125,12125,12125,2
2020-01-13 16:20:29,12125,12125,12125,2
2020-01-13 16:20:41,12125,12125,12125,10
2020-01-13 16:20:49,12125,12125,12125,2
2020-01-13 16:21:35,12125,12125,12125,2
2020-01-13 16:21:54,12126,12126,12126,2
2020-01-13 16:22:05,12126,12126,12126,2
2020-01-13 16:22:13,12126,12126,12126,2
2020-01-13 16:22:34,12126,12126,12126,2
2020-01-13 16:23:12,12126,12126,12126,2
2020-01-13 16:23:12,12126,12126,12126,2
2020-01-13 16:23:12,12126,12126,12126,2
2020-01-13 16:23:12,12126,12126,12126,4
2020-01-13 16:23:23,12126,12126,12126,2
2020-01-13 16:23:40,12127,12127,12127,4
2020-01-13 16:23:51,12127,12127,12127,4
2020-01-13 16:24:10,12127,12127,12127,2
2020-01-13 16:24:58,12127,12127,12127,2
2020-01-13 16:24:58,12127,12127,12127,8
2020-01-13 16:24:58,12127,12127,12127,2
2020-01-13 16:24:58,12127,12127,12127,20
2020-01-13 16:25:15,12127,12127,12127,2
2020-01-13 16:25:26,12127,12127,12127,2
2020-01-13 16:25:44,12127,12127,12127,2
2020-01-13 16:25:50,12127,12127,12127,2
2020-01-13 16:25:53,12127,12127,12127,2
2020-01-13 16:26:02,12127,12127,12127,2
2020-01-13 16:26:22,12127,12127,12127,2
2020-01-13 16:26:25,12127,12127,12127,2
2020-01-13 16:27:16,12127,12127,12127,6
2020-01-13 16:27:23,12127,12127,12127,6
2020-01-13 16:28:26,12127,12127,12127,2
2020-01-13 16:28:35,12127,12127,12127,2
2020-01-13 16:28:35,12127,12127,12127,2
2020-01-13 16:28:35,12127,12127,12127,2
2020-01-13 16:28:35,12127,12127,12127,4
2020-01-13 16:28:48,12128,12128,12128,2
2020-01-13 16:28:54,12128,12128,12128,2
2020-01-13 16:28:59,12128,12128,12128,2
2020-01-13 16:28:59,12128,12128,12128,2
2020-01-13 16:29:00,12128,12128,12128,2
2020-01-13 16:29:00,12127,12127,12127,2
2020-01-13 16:29:00,12127,12127,12127,2
2020-01-13 16:29:00,12127,12127,12127,2
2020-01-13 16:29:00,12127,12127,12127,2
2020-01-13 16:29:00,12127,12127,12127,10
2020-01-13 16:29:00,12127,12127,12127,10
2020-01-13 16:29:00,12127,12127,12127,2
2020-01-13 16:29:01,12127,12127,12127,2
2020-01-13 16:29:01,12127,12127,12127,8
2020-01-13 16:29:01,12127,12127,12127,2
2020-01-13 16:29:01,12127,12127,12127,6
2020-01-13 16:29:01,12126,12126,12126,2
2020-01-13 16:29:01,12126,12126,12126,2
2020-01-13 16:29:01,12126,12126,12126,2
2020-01-13 16:29:01,12126,12126,12126,2
2020-01-13 16:29:01,12126,12126,12126,2
2020-01-13 16:29:01,12126,12126,12126,2
2020-01-13 16:29:15,12128,12128,12128,30
2020-01-13 16:29:24,12128,12128,12128,8
2020-01-13 16:29:53,12128,12128,12128,2
2020-01-13 16:29:54,12128,12128,12128,2
2020-01-13 16:29:57,12128,12128,12128,2
2020-01-13 16:29:59,12128,12128,12128,2
2020-01-13 16:30:01,12129,12129,12129,6
2020-01-13 16:30:26,12128,12128,12128,6
2020-01-13 16:30:26,12128,12128,12128,2
2020-01-13 16:30:26,12128,12128,12128,2
2020-01-13 16:30:26,12128,12128,12128,2
2020-01-13 16:30:26,12128,12128,12128,2
2020-01-13 16:30:29,12128,12128,12128,2
2020-01-13 16:30:43,12127,12127,12127,10
2020-01-13 16:30:44,12127,12127,12127,2
2020-01-13 16:31:28,12127,12127,12127,2
2020-01-13 16:31:40,12127,12127,12127,4
2020-01-13 16:31:52,12126,12126,12126,2
2020-01-13 16:31:52,12126,12126,12126,2
2020-01-13 16:31:52,12126,12126,12126,2
2020-01-13 16:31:52,12126,12126,12126,4
2020-01-13 16:31:52,12126,12126,12126,2
2020-01-13 16:31:52,12126,12126,12126,2
2020-01-13 16:31:52,12126,12126,12126,2
2020-01-13 16:31:52,12126,12126,12126,2
2020-01-13 16:31:53,12126,12126,12126,4
2020-01-13 16:31:53,12126,12126,12126,2
2020-01-13 16:31:53,12126,12126,12126,2
2020-01-13 16:31:53,12126,12126,12126,4
2020-01-13 16:31:53,12126,12126,12126,4
2020-01-13 16:31:53,12126,12126,12126,4
2020-01-13 16:31:53,12126,12126,12126,2
2020-01-13 16:31:53,12126,12126,12126,2
2020-01-13 16:31:53,12126,12126,12126,2
2020-01-13 16:31:53,12126,12126,12126,2
2020-01-13 16:31:53,12126,12126,12126,2
2020-01-13 16:31:53,12126,12126,12126,2
2020-01-13 16:31:53,12126,12126,12126,4
2020-01-13 16:31:53,12126,12126,12126,2
2020-01-13 16:31:53,12126,12126,12126,4
2020-01-13 16:31:53,12125,12125,12125,2
2020-01-13 16:31:53,12125,12125,12125,2
2020-01-13 16:31:53,12127,12127,12127,4
2020-01-13 16:31:53,12126,12126,12126,2
2020-01-13 16:32:03,12127,12127,12127,2
2020-01-13 16:32:03,12127,12127,12127,2
2020-01-13 16:32:03,12127,12127,12127,2
2020-01-13 16:32:03,12127,12127,12127,2
2020-01-13 16:32:11,12127,12127,12127,2
2020-01-13 16:33:13,12128,12128,12128,4
2020-01-13 16:33:13,12128,12128,12128,2
2020-01-13 16:33:14,12129,12129,12129,2
2020-01-13 16:33:17,12129,12129,12129,10
2020-01-13 16:33:17,12129,12129,12129,2
2020-01-13 16:33:37,12130,12130,12130,10
2020-01-13 16:33:44,12130,12130,12130,2
2020-01-13 16:33:44,12130,12130,12130,2
2020-01-13 16:33:44,12130,12130,12130,12
2020-01-13 16:33:44,12130,12130,12130,6
2020-01-13 16:33:44,12130,12130,12130,4
2020-01-13 16:33:44,12130,12130,12130,6
2020-01-13 16:33:44,12130,12130,12130,6
2020-01-13 16:33:44,12130,12130,12130,6
2020-01-13 16:33:44,12130,12130,12130,4
2020-01-13 16:33:44,12130,12130,12130,10
2020-01-13 16:33:45,12131,12131,12131,2
2020-01-13 16:33:45,12131,12131,12131,4
2020-01-13 16:33:45,12131,12131,12131,4
2020-01-13 16:33:45,12131,12131,12131,2
2020-01-13 16:33:45,12131,12131,12131,4
2020-01-13 16:33:45,12131,12131,12131,2
2020-01-13 16:33:45,12131,12131,12131,8
2020-01-13 16:33:45,12131,12131,12131,4
2020-01-13 16:33:45,12131,12131,12131,6
2020-01-13 16:33:45,12131,12131,12131,2
2020-01-13 16:33:45,12131,12131,12131,4
2020-01-13 16:33:45,12131,12131,12131,2
2020-01-13 16:33:53,12131,12131,12131,4
2020-01-13 16:34:01,12130,12130,12130,2
2020-01-13 16:34:03,12131,12131,12131,16
2020-01-13 16:34:34,12131,12131,12131,2
2020-01-13 16:34:35,12130,12130,12130,2
2020-01-13 16:34:43,12130,12130,12130,4
2020-01-13 16:34:44,12130,12130,12130,2
2020-01-13 16:34:44,12130,12130,12130,2
2020-01-13 16:34:44,12130,12130,12130,2
2020-01-13 16:34:44,12130,12130,12130,2
2020-01-13 16:34:44,12130,12130,12130,2
2020-01-13 16:34:44,12130,12130,12130,2
2020-01-13 16:34:44,12130,12130,12130,2
2020-01-13 16:34:46,12131,12131,12131,10
2020-01-13 16:34:50,12130,12130,12130,2
2020-01-13 16:35:00,12130,12130,12130,2
2020-01-13 16:35:07,12130,12130,12130,2
2020-01-13 16:35:08,12130,12130,12130,2
2020-01-13 16:35:09,12130,12130,12130,4
2020-01-13 16:35:10,12130,12130,12130,2
2020-01-13 16:35:18,12131,12131,12131,2
2020-01-13 16:35:18,12131,12131,12131,2
2020-01-13 16:35:19,12131,12131,12131,2
2020-01-13 16:35:20,12131,12131,12131,2
2020-01-13 16:35:20,12131,12131,12131,4
2020-01-13 16:35:20,12131,12131,12131,4
2020-01-13 16:35:20,12131,12131,12131,4
2020-01-13 16:35:20,12131,12131,12131,4
2020-01-13 16:35:20,12131,12131,12131,2
2020-01-13 16:35:20,12131,12131,12131,2
2020-01-13 16:35:20,12131,12131,12131,2
2020-01-13 16:35:20,12131,12131,12131,2
2020-01-13 16:35:44,12130,12130,12130,2
2020-01-13 16:35:54,12130,12130,12130,4
2020-01-13 16:36:14,12130,12130,12130,10
2020-01-13 16:36:31,12130,12130,12130,6
2020-01-13 16:36:31,12130,12130,12130,2
2020-01-13 16:36:31,12130,12130,12130,2
2020-01-13 16:36:41,12131,12131,12131,2
2020-01-13 16:36:41,12131,12131,12131,2
2020-01-13 16:36:46,12131,12131,12131,2
2020-01-13 16:36:46,12131,12131,12131,2
2020-01-13 16:36:49,12131,12131,12131,4
2020-01-13 16:37:01,12131,12131,12131,4
2020-01-13 16:37:02,12131,12131,12131,2
2020-01-13 16:37:06,12131,12131,12131,2
2020-01-13 16:37:16,12130,12130,12130,2
2020-01-13 16:37:25,12131,12131,12131,2
2020-01-13 16:37:26,12131,12131,12131,2
2020-01-13 16:37:26,12130,12130,12130,2
2020-01-13 16:37:31,12131,12131,12131,10
2020-01-13 16:37:32,12131,12131,12131,10
2020-01-13 16:37:43,12131,12131,12131,2
2020-01-13 16:38:13,12131,12131,12131,2
2020-01-13 16:38:39,12131,12131,12131,2
2020-01-13 16:38:42,12131,12131,12131,2
2020-01-13 16:38:43,12131,12131,12131,2
2020-01-13 16:38:45,12131,12131,12131,10
2020-01-13 16:38:45,12131,12131,12131,2
2020-01-13 16:38:46,12131,12131,12131,10
2020-01-13 16:38:46,12131,12131,12131,2
2020-01-13 16:38:47,12131,12131,12131,2
2020-01-13 16:38:55,12131,12131,12131,6
2020-01-13 16:39:00,12131,12131,12131,12
2020-01-13 16:39:00,12131,12131,12131,2
2020-01-13 16:39:01,12131,12131,12131,6
2020-01-13 16:39:01,12131,12131,12131,4
2020-01-13 16:39:06,12131,12131,12131,2
2020-01-13 16:39:26,12131,12131,12131,2
2020-01-13 16:39:29,12131,12131,12131,10
2020-01-13 16:39:29,12131,12131,12131,2
2020-01-13 16:39:30,12131,12131,12131,4
2020-01-13 16:39:30,12131,12131,12131,4
2020-01-13 16:39:37,12131,12131,12131,2
2020-01-13 16:39:38,12131,12131,12131,2
2020-01-13 16:39:54,12131,12131,12131,2
2020-01-13 16:39:54,12131,12131,12131,8
2020-01-13 16:39:54,12131,12131,12131,4
2020-01-13 16:40:04,12131,12131,12131,4
2020-01-13 16:40:05,12132,12132,12132,2
2020-01-13 16:40:05,12132,12132,12132,4
2020-01-13 16:40:06,12132,12132,12132,2
2020-01-13 16:40:06,12132,12132,12132,2
2020-01-13 16:40:06,12132,12132,12132,4
2020-01-13 16:40:06,12131,12131,12131,2
2020-01-13 16:40:07,12132,12132,12132,4
2020-01-13 16:40:07,12132,12132,12132,2
2020-01-13 16:40:12,12132,12132,12132,74
2020-01-13 16:40:12,12132,12132,12132,16
2020-01-13 16:40:12,12132,12132,12132,16
2020-01-13 16:40:12,12132,12132,12132,12
2020-01-13 16:40:12,12132,12132,12132,8
2020-01-13 16:40:12,12132,12132,12132,6
2020-01-13 16:40:22,12132,12132,12132,2
2020-01-13 16:40:22,12132,12132,12132,2
2020-01-13 16:40:23,12132,12132,12132,6
2020-01-13 16:40:23,12132,12132,12132,2
2020-01-13 16:40:23,12132,12132,12132,2
2020-01-13 16:40:26,12131,12131,12131,2
2020-01-13 16:40:28,12132,12132,12132,2
2020-01-13 16:40:33,12132,12132,12132,2
2020-01-13 16:40:37,12132,12132,12132,2
2020-01-13 16:40:39,12132,12132,12132,2
2020-01-13 16:40:43,12132,12132,12132,2
2020-01-13 16:40:47,12132,12132,12132,2
2020-01-13 16:40:49,12133,12133,12133,2
2020-01-13 16:40:50,12132,12132,12132,2
2020-01-13 16:40:50,12132,12132,12132,2
2020-01-13 16:40:57,12132,12132,12132,2
2020-01-13 16:40:59,12132,12132,12132,4
2020-01-13 16:41:00,12132,12132,12132,2
2020-01-13 16:41:00,12132,12132,12132,4
2020-01-13 16:41:07,12132,12132,12132,4
2020-01-13 16:41:07,12132,12132,12132,2
2020-01-13 16:41:07,12133,12133,12133,2
2020-01-13 16:41:17,12132,12132,12132,2
2020-01-13 16:41:18,12132,12132,12132,2
2020-01-13 16:41:20,12132,12132,12132,6
2020-01-13 16:41:20,12132,12132,12132,16
2020-01-13 16:41:20,12132,12132,12132,2
2020-01-13 16:41:20,12132,12132,12132,4
2020-01-13 16:41:21,12131,12131,12131,2
2020-01-13 16:41:27,12132,12132,12132,2
2020-01-13 16:41:28,12132,12132,12132,2
2020-01-13 16:41:41,12132,12132,12132,4
2020-01-13 16:41:55,12131,12131,12131,4
2020-01-13 16:41:55,12131,12131,12131,2
2020-01-13 16:41:59,12131,12131,12131,4
2020-01-13 16:41:59,12131,12131,12131,2
2020-01-13 16:41:59,12131,12131,12131,4
2020-01-13 16:41:59,12131,12131,12131,2
2020-01-13 16:41:59,12131,12131,12131,2
2020-01-13 16:41:59,12131,12131,12131,2
2020-01-13 16:41:59,12131,12131,12131,2
2020-01-13 16:41:59,12131,12131,12131,2
2020-01-13 16:42:01,12131,12131,12131,4
2020-01-13 16:42:05,12131,12131,12131,2
2020-01-13 16:42:05,12131,12131,12131,2
2020-01-13 16:42:05,12130,12130,12130,2
2020-01-13 16:42:06,12131,12131,12131,2
2020-01-13 16:42:07,12131,12131,12131,4
2020-01-13 16:42:07,12131,12131,12131,2
2020-01-13 16:42:11,12131,12131,12131,2
2020-01-13 16:42:14,12131,12131,12131,2
2020-01-13 16:42:31,12131,12131,12131,2
2020-01-13 16:42:41,12131,12131,12131,2
2020-01-13 16:42:44,12131,12131,12131,2
2020-01-13 16:42:51,12131,12131,12131,2
2020-01-13 16:42:51,12131,12131,12131,2
2020-01-13 16:42:51,12131,12131,12131,4
2020-01-13 16:42:51,12131,12131,12131,2
2020-01-13 16:42:51,12131,12131,12131,2
2020-01-13 16:42:51,12131,12131,12131,8
2020-01-13 16:42:51,12131,12131,12131,8
2020-01-13 16:43:04,12131,12131,12131,2
2020-01-13 16:43:05,12131,12131,12131,2
2020-01-13 16:43:05,12131,12131,12131,2
2020-01-13 16:43:06,12131,12131,12131,2
2020-01-13 16:43:12,12131,12131,12131,2
2020-01-13 16:43:14,12130,12130,12130,6
2020-01-13 16:43:15,12131,12131,12131,2
2020-01-13 16:43:16,12131,12131,12131,2
2020-01-13 16:43:34,12131,12131,12131,2
2020-01-13 16:43:56,12131,12131,12131,2
2020-01-13 16:43:56,12131,12131,12131,2
2020-01-13 16:44:03,12131,12131,12131,6
2020-01-13 16:44:09,12131,12131,12131,2
2020-01-13 16:44:09,12132,12132,12132,10
2020-01-13 16:44:14,12132,12132,12132,2
2020-01-13 16:44:14,12132,12132,12132,2
2020-01-13 16:44:15,12132,12132,12132,2
2020-01-13 16:44:16,12132,12132,12132,2
2020-01-13 16:44:22,12131,12131,12131,2
2020-01-13 16:44:22,12131,12131,12131,2
2020-01-13 16:44:25,12132,12132,12132,10
2020-01-13 16:44:33,12132,12132,12132,2
2020-01-13 16:44:34,12132,12132,12132,8
2020-01-13 16:44:46,12132,12132,12132,10
2020-01-13 16:44:47,12132,12132,12132,4
2020-01-13 16:44:47,12132,12132,12132,2
2020-01-13 16:44:47,12132,12132,12132,4
2020-01-13 16:44:47,12132,12132,12132,2
2020-01-13 16:44:47,12132,12132,12132,2
2020-01-13 16:44:48,12132,12132,12132,24
2020-01-13 16:44:54,12132,12132,12132,2
2020-01-13 16:45:07,12131,12131,12131,2
2020-01-13 16:45:07,12131,12131,12131,2
2020-01-13 16:45:07,12131,12131,12131,2
2020-01-13 16:45:07,12131,12131,12131,6
2020-01-13 16:45:07,12131,12131,12131,4
2020-01-13 16:45:15,12131,12131,12131,2
2020-01-13 16:45:30,12132,12132,12132,2
2020-01-13 16:45:30,12131,12131,12131,2
2020-01-13 16:45:33,12131,12131,12131,2
2020-01-13 16:45:34,12132,12132,12132,2
2020-01-13 16:45:34,12131,12131,12131,2
2020-01-13 16:45:35,12132,12132,12132,4
2020-01-13 16:45:47,12132,12132,12132,2
2020-01-13 16:46:09,12132,12132,12132,2
2020-01-13 16:46:10,12132,12132,12132,4
2020-01-13 16:46:12,12132,12132,12132,2
2020-01-13 16:46:21,12132,12132,12132,14
2020-01-13 16:46:21,12132,12132,12132,10
2020-01-13 16:46:26,12132,12132,12132,6
2020-01-13 16:46:27,12132,12132,12132,2
2020-01-13 16:46:44,12133,12133,12133,2
2020-01-13 16:46:45,12133,12133,12133,2
2020-01-13 16:47:00,12133,12133,12133,2
2020-01-13 16:47:02,12132,12132,12132,2
2020-01-13 16:47:02,12131,12131,12131,2
2020-01-13 16:47:02,12131,12131,12131,2
2020-01-13 16:47:29,12133,12133,12133,10
2020-01-13 16:47:31,12132,12132,12132,20
2020-01-13 16:47:33,12132,12132,12132,2
2020-01-13 16:47:34,12132,12132,12132,2
2020-01-13 16:47:37,12132,12132,12132,10
2020-01-13 16:47:48,12132,12132,12132,8
2020-01-13 16:47:50,12133,12133,12133,2
2020-01-13 16:47:57,12132,12132,12132,2
2020-01-13 16:48:00,12132,12132,12132,4
2020-01-13 16:48:04,12133,12133,12133,2
2020-01-13 16:48:05,12133,12133,12133,2
2020-01-13 16:48:05,12133,12133,12133,2
2020-01-13 16:48:06,12132,12132,12132,2
2020-01-13 16:48:09,12132,12132,12132,2
2020-01-13 16:48:10,12131,12131,12131,2
2020-01-13 16:48:13,12132,12132,12132,10
2020-01-13 16:48:13,12132,12132,12132,2
2020-01-13 16:48:15,12132,12132,12132,2
2020-01-13 16:48:16,12132,12132,12132,2
2020-01-13 16:48:34,12132,12132,12132,8
2020-01-13 16:48:34,12133,12133,12133,2
2020-01-13 16:48:47,12133,12133,12133,2
2020-01-13 16:48:52,12132,12132,12132,2
2020-01-13 16:48:52,12132,12132,12132,2
2020-01-13 16:48:52,12132,12132,12132,2
2020-01-13 16:48:52,12132,12132,12132,2
2020-01-13 16:48:52,12132,12132,12132,2
2020-01-13 16:48:52,12132,12132,12132,2
2020-01-13 16:48:58,12132,12132,12132,2
2020-01-13 16:49:01,12132,12132,12132,2
2020-01-13 16:49:05,12132,12132,12132,2
2020-01-13 16:49:06,12132,12132,12132,2
2020-01-13 16:49:13,12133,12133,12133,2
2020-01-13 16:49:16,12132,12132,12132,2
2020-01-13 16:49:23,12133,12133,12133,2
2020-01-13 16:49:30,12132,12132,12132,2
2020-01-13 16:49:30,12132,12132,12132,4
2020-01-13 16:49:31,12131,12131,12131,2
2020-01-13 16:50:02,12131,12131,12131,2
2020-01-13 16:50:02,12131,12131,12131,2
2020-01-13 16:50:02,12132,12132,12132,4
2020-01-13 16:50:11,12132,12132,12132,4
2020-01-13 16:50:13,12132,12132,12132,4
2020-01-13 16:50:28,12132,12132,12132,2
2020-01-13 16:50:30,12132,12132,12132,2
2020-01-13 16:50:36,12132,12132,12132,2
2020-01-13 16:50:38,12132,12132,12132,2
2020-01-13 16:51:23,12132,12132,12132,2
2020-01-13 16:51:41,12132,12132,12132,4
2020-01-13 16:52:06,12132,12132,12132,2
2020-01-13 16:52:07,12132,12132,12132,2
2020-01-13 16:52:10,12132,12132,12132,2
2020-01-13 16:52:29,12132,12132,12132,2
2020-01-13 16:52:29,12132,12132,12132,2
2020-01-13 16:52:29,12132,12132,12132,2
2020-01-13 16:52:29,12132,12132,12132,2
2020-01-13 16:52:35,12132,12132,12132,2
2020-01-13 16:52:35,12132,12132,12132,2
2020-01-13 16:52:35,12132,12132,12132,2
2020-01-13 16:52:38,12132,12132,12132,2
2020-01-13 16:52:57,12132,12132,12132,2
2020-01-13 16:53:07,12133,12133,12133,2
2020-01-13 16:53:16,12132,12132,12132,2
2020-01-13 16:53:21,12133,12133,12133,2
2020-01-13 16:53:29,12132,12132,12132,2
2020-01-13 16:53:39,12133,12133,12133,2
2020-01-13 16:53:46,12133,12133,12133,2
2020-01-13 16:53:49,12133,12133,12133,2
2020-01-13 16:53:54,12133,12133,12133,2
2020-01-13 16:53:58,12133,12133,12133,2
2020-01-13 16:54:01,12132,12132,12132,2
2020-01-13 16:54:01,12132,12132,12132,2
2020-01-13 16:54:01,12132,12132,12132,2
2020-01-13 16:54:01,12132,12132,12132,2
2020-01-13 16:54:01,12132,12132,12132,2
2020-01-13 16:54:02,12132,12132,12132,2
2020-01-13 16:54:17,12132,12132,12132,2
2020-01-13 16:54:20,12132,12132,12132,2
2020-01-13 16:54:25,12132,12132,12132,2
2020-01-13 16:54:30,12132,12132,12132,2
2020-01-13 16:54:42,12132,12132,12132,2
2020-01-13 16:55:01,12132,12132,12132,2
2020-01-13 16:55:17,12132,12132,12132,2
2020-01-13 16:55:17,12132,12132,12132,2
2020-01-13 16:55:18,12132,12132,12132,2
2020-01-13 16:55:18,12132,12132,12132,2
2020-01-13 16:55:19,12132,12132,12132,2
2020-01-13 16:55:21,12132,12132,12132,2
2020-01-13 16:55:30,12132,12132,12132,2
2020-01-13 16:56:02,12131,12131,12131,8
2020-01-13 16:56:02,12131,12131,12131,2
2020-01-13 16:56:02,12131,12131,12131,2
2020-01-13 16:56:02,12131,12131,12131,2
2020-01-13 16:56:02,12131,12131,12131,2
2020-01-13 16:56:02,12131,12131,12131,4
2020-01-13 16:56:02,12131,12131,12131,2
2020-01-13 16:56:02,12131,12131,12131,2
2020-01-13 16:56:02,12131,12131,12131,2
2020-01-13 16:56:02,12131,12131,12131,2
2020-01-13 16:56:02,12131,12131,12131,2
2020-01-13 16:56:02,12131,12131,12131,2
2020-01-13 16:56:02,12131,12131,12131,6
2020-01-13 16:56:04,12131,12131,12131,4
2020-01-13 16:56:29,12131,12131,12131,2
2020-01-13 16:56:30,12130,12130,12130,6
2020-01-13 16:56:32,12130,12130,12130,2
2020-01-13 16:56:32,12130,12130,12130,2
2020-01-13 16:56:34,12131,12131,12131,6
2020-01-13 16:56:46,12130,12130,12130,6
2020-01-13 16:57:00,12130,12130,12130,2
2020-01-13 16:57:01,12130,12130,12130,6
2020-01-13 16:57:04,12130,12130,12130,10
2020-01-13 16:57:06,12131,12131,12131,2
2020-01-13 16:57:14,12130,12130,12130,6
2020-01-13 16:57:18,12130,12130,12130,2
2020-01-13 16:57:26,12131,12131,12131,4
2020-01-13 16:57:28,12130,12130,12130,8
2020-01-13 16:57:28,12130,12130,12130,2
2020-01-13 16:57:34,12130,12130,12130,2
2020-01-13 16:57:44,12130,12130,12130,2
2020-01-13 16:57:44,12130,12130,12130,4
2020-01-13 16:57:44,12130,12130,12130,2
2020-01-13 16:57:44,12130,12130,12130,2
2020-01-13 16:57:44,12130,12130,12130,2
2020-01-13 16:57:47,12130,12130,12130,2
2020-01-13 16:57:47,12130,12130,12130,2
2020-01-13 16:57:47,12130,12130,12130,2
2020-01-13 16:57:48,12130,12130,12130,2
2020-01-13 16:57:48,12130,12130,12130,2
2020-01-13 16:57:49,12130,12130,12130,2
2020-01-13 16:57:49,12130,12130,12130,2
2020-01-13 16:57:49,12130,12130,12130,2
2020-01-13 16:57:50,12130,12130,12130,2
2020-01-13 16:57:51,12130,12130,12130,2
2020-01-13 16:57:51,12130,12130,12130,2
2020-01-13 16:57:51,12130,12130,12130,4
2020-01-13 16:57:55,12130,12130,12130,2
2020-01-13 16:58:03,12130,12130,12130,4
2020-01-13 16:58:08,12130,12130,12130,4
2020-01-13 16:58:14,12130,12130,12130,2
2020-01-13 16:58:58,12130,12130,12130,2
2020-01-13 16:58:58,12130,12130,12130,18
2020-01-13 16:58:58,12130,12130,12130,6
2020-01-13 16:58:58,12131,12131,12131,2
2020-01-13 16:59:18,12131,12131,12131,6
2020-01-13 16:59:22,12130,12130,12130,6
2020-01-13 16:59:46,12130,12130,12130,2
2020-01-13 16:59:49,12130,12130,12130,2
2020-01-13 16:59:52,12129,12129,12129,2
2020-01-13 17:00:15,12129,12129,12129,10
2020-01-13 17:00:18,12129,12129,12129,2
2020-01-13 17:00:18,12129,12129,12129,2
2020-01-13 17:00:18,12129,12129,12129,2
2020-01-13 17:00:18,12129,12129,12129,2
2020-01-13 17:00:18,12129,12129,12129,2
2020-01-13 17:00:19,12129,12129,12129,2
2020-01-13 17:00:29,12128,12128,12128,6
2020-01-13 17:00:32,12128,12128,12128,2
2020-01-13 17:00:34,12128,12128,12128,2
2020-01-13 17:00:34,12128,12128,12128,2
2020-01-13 17:00:34,12128,12128,12128,2
2020-01-13 17:00:34,12128,12128,12128,2
2020-01-13 17:00:34,12128,12128,12128,2
2020-01-13 17:00:34,12128,12128,12128,2
2020-01-13 17:00:34,12128,12128,12128,6
2020-01-13 17:00:34,12128,12128,12128,2
2020-01-13 17:00:34,12128,12128,12128,20
2020-01-13 17:00:34,12128,12128,12128,2
2020-01-13 17:00:34,12128,12128,12128,2
2020-01-13 17:00:34,12128,12128,12128,10
2020-01-13 17:00:34,12128,12128,12128,2
2020-01-13 17:00:34,12128,12128,12128,6
2020-01-13 17:00:36,12128,12128,12128,2
2020-01-13 17:00:41,12127,12127,12127,2
2020-01-13 17:00:41,12127,12127,12127,2
2020-01-13 17:00:41,12127,12127,12127,2
2020-01-13 17:00:41,12127,12127,12127,2
2020-01-13 17:00:41,12127,12127,12127,2
2020-01-13 17:00:44,12127,12127,12127,2
2020-01-13 17:00:49,12129,12129,12129,4
2020-01-13 17:00:50,12127,12127,12127,2
2020-01-13 17:00:54,12127,12127,12127,10
2020-01-13 17:00:57,12128,12128,12128,6
2020-01-13 17:00:58,12128,12128,12128,6
2020-01-13 17:00:59,12127,12127,12127,2
2020-01-13 17:01:19,12128,12128,12128,2
2020-01-13 17:01:20,12128,12128,12128,2
2020-01-13 17:01:20,12127,12127,12127,2
2020-01-13 17:01:29,12128,12128,12128,2
2020-01-13 17:01:45,12128,12128,12128,2
2020-01-13 17:02:06,12128,12128,12128,2
2020-01-13 17:02:12,12127,12127,12127,2
2020-01-13 17:02:12,12127,12127,12127,2
2020-01-13 17:02:12,12127,12127,12127,2
2020-01-13 17:02:19,12127,12127,12127,2
2020-01-13 17:02:36,12128,12128,12128,2
2020-01-13 17:02:51,12127,12127,12127,2
2020-01-13 17:02:59,12127,12127,12127,2
2020-01-13 17:02:59,12127,12127,12127,2
2020-01-13 17:02:59,12127,12127,12127,2
2020-01-13 17:02:59,12127,12127,12127,6
2020-01-13 17:02:59,12127,12127,12127,2
2020-01-13 17:02:59,12127,12127,12127,2
2020-01-13 17:02:59,12127,12127,12127,2
2020-01-13 17:02:59,12127,12127,12127,2
2020-01-13 17:02:59,12127,12127,12127,2
2020-01-13 17:02:59,12127,12127,12127,4
2020-01-13 17:03:00,12126,12126,12126,2
2020-01-13 17:03:00,12126,12126,12126,2
2020-01-13 17:03:00,12126,12126,12126,2
2020-01-13 17:03:06,12126,12126,12126,2
2020-01-13 17:03:08,12126,12126,12126,2
2020-01-13 17:03:10,12127,12127,12127,2
2020-01-13 17:03:10,12127,12127,12127,2
2020-01-13 17:03:13,12127,12127,12127,10
2020-01-13 17:03:13,12127,12127,12127,10
2020-01-13 17:03:16,12127,12127,12127,6
2020-01-13 17:03:16,12127,12127,12127,2
2020-01-13 17:03:20,12126,12126,12126,2
2020-01-13 17:03:35,12127,12127,12127,2
2020-01-13 17:04:00,12127,12127,12127,2
2020-01-13 17:04:08,12126,12126,12126,2
2020-01-13 17:04:10,12127,12127,12127,4
2020-01-13 17:04:10,12127,12127,12127,6
2020-01-13 17:04:10,12127,12127,12127,6
2020-01-13 17:04:10,12127,12127,12127,4
2020-01-13 17:04:10,12127,12127,12127,4
2020-01-13 17:04:10,12127,12127,12127,2
2020-01-13 17:04:12,12128,12128,12128,6
2020-01-13 17:04:12,12128,12128,12128,6
2020-01-13 17:04:12,12128,12128,12128,4
2020-01-13 17:04:12,12128,12128,12128,4
2020-01-13 17:04:12,12128,12128,12128,4
2020-01-13 17:04:12,12128,12128,12128,2
2020-01-13 17:04:12,12128,12128,12128,2
2020-01-13 17:04:35,12128,12128,12128,2
2020-01-13 17:04:35,12128,12128,12128,2
2020-01-13 17:04:39,12129,12129,12129,2
2020-01-13 17:04:53,12128,12128,12128,10
2020-01-13 17:04:53,12128,12128,12128,2
2020-01-13 17:04:53,12128,12128,12128,16
2020-01-13 17:05:02,12128,12128,12128,2
2020-01-13 17:05:20,12128,12128,12128,4
2020-01-13 17:05:20,12128,12128,12128,2
2020-01-13 17:05:25,12128,12128,12128,2
2020-01-13 17:05:27,12129,12129,12129,2
2020-01-13 17:05:27,12129,12129,12129,4
2020-01-13 17:05:27,12129,12129,12129,10
2020-01-13 17:05:29,12130,12130,12130,6
2020-01-13 17:05:34,12131,12131,12131,4
2020-01-13 17:05:41,12130,12130,12130,2
2020-01-13 17:05:43,12130,12130,12130,2
2020-01-13 17:05:46,12130,12130,12130,2
2020-01-13 17:05:51,12130,12130,12130,2
2020-01-13 17:05:58,12130,12130,12130,2
2020-01-13 17:06:00,12130,12130,12130,2
2020-01-13 17:06:02,12130,12130,12130,2
2020-01-13 17:06:12,12129,12129,12129,2
2020-01-13 17:06:16,12130,12130,12130,2
2020-01-13 17:06:22,12129,12129,12129,2
2020-01-13 17:06:22,12129,12129,12129,2
2020-01-13 17:06:22,12129,12129,12129,2
2020-01-13 17:06:22,12129,12129,12129,2
2020-01-13 17:06:22,12129,12129,12129,10
2020-01-13 17:06:22,12129,12129,12129,2
2020-01-13 17:06:22,12129,12129,12129,2
2020-01-13 17:06:22,12129,12129,12129,2
2020-01-13 17:06:23,12130,12130,12130,8
2020-01-13 17:06:23,12130,12130,12130,8
2020-01-13 17:06:23,12130,12130,12130,8
2020-01-13 17:06:23,12131,12131,12131,2
2020-01-13 17:06:24,12130,12130,12130,2
2020-01-13 17:06:26,12131,12131,12131,2
2020-01-13 17:06:28,12130,12130,12130,4
2020-01-13 17:06:28,12130,12130,12130,2
2020-01-13 17:06:28,12130,12130,12130,6
2020-01-13 17:06:49,12129,12129,12129,2
2020-01-13 17:06:49,12129,12129,12129,4
2020-01-13 17:06:49,12129,12129,12129,2
2020-01-13 17:06:49,12129,12129,12129,2
2020-01-13 17:06:49,12129,12129,12129,2
2020-01-13 17:06:49,12129,12129,12129,24
2020-01-13 17:07:00,12130,12130,12130,10
2020-01-13 17:07:01,12130,12130,12130,2
2020-01-13 17:07:15,12130,12130,12130,2
2020-01-13 17:07:19,12130,12130,12130,2
2020-01-13 17:07:33,12130,12130,12130,2
2020-01-13 17:07:34,12130,12130,12130,2
2020-01-13 17:07:36,12130,12130,12130,2
2020-01-13 17:07:36,12130,12130,12130,4
2020-01-13 17:08:00,12130,12130,12130,2
2020-01-13 17:08:01,12131,12131,12131,2
2020-01-13 17:08:01,12131,12131,12131,20
2020-01-13 17:08:08,12131,12131,12131,2
2020-01-13 17:08:16,12132,12132,12132,4
2020-01-13 17:08:21,12132,12132,12132,2
2020-01-13 17:08:42,12131,12131,12131,2
2020-01-13 17:08:42,12131,12131,12131,2
2020-01-13 17:08:58,12131,12131,12131,2
2020-01-13 17:09:01,12131,12131,12131,2
2020-01-13 17:09:33,12131,12131,12131,2
2020-01-13 17:09:53,12131,12131,12131,2
2020-01-13 17:10:01,12132,12132,12132,2
2020-01-13 17:10:01,12132,12132,12132,6
2020-01-13 17:10:01,12132,12132,12132,8
2020-01-13 17:10:27,12132,12132,12132,2
2020-01-13 17:10:29,12132,12132,12132,2
2020-01-13 17:10:53,12131,12131,12131,4
2020-01-13 17:10:53,12131,12131,12131,4
2020-01-13 17:10:53,12131,12131,12131,2
2020-01-13 17:10:53,12131,12131,12131,4
2020-01-13 17:10:53,12131,12131,12131,2
2020-01-13 17:10:53,12131,12131,12131,8
2020-01-13 17:11:19,12131,12131,12131,4
2020-01-13 17:11:19,12131,12131,12131,6
2020-01-13 17:11:19,12131,12131,12131,2
2020-01-13 17:11:54,12131,12131,12131,12
2020-01-13 17:12:00,12130,12130,12130,2
2020-01-13 17:12:00,12130,12130,12130,2
2020-01-13 17:12:00,12130,12130,12130,6
2020-01-13 17:12:00,12130,12130,12130,2
2020-01-13 17:12:00,12130,12130,12130,2
2020-01-13 17:12:00,12131,12131,12131,20
2020-01-13 17:12:01,12130,12130,12130,2
2020-01-13 17:12:01,12130,12130,12130,2
2020-01-13 17:12:01,12130,12130,12130,4
2020-01-13 17:12:25,12130,12130,12130,20
2020-01-13 17:12:32,12130,12130,12130,6
2020-01-13 17:12:53,12131,12131,12131,2
2020-01-13 17:12:54,12130,12130,12130,2
2020-01-13 17:13:15,12131,12131,12131,4
2020-01-13 17:13:30,12131,12131,12131,8
2020-01-13 17:13:42,12132,12132,12132,4
2020-01-13 17:14:02,12131,12131,12131,2
2020-01-13 17:14:02,12131,12131,12131,2
2020-01-13 17:14:05,12131,12131,12131,2
2020-01-13 17:14:35,12131,12131,12131,2
2020-01-13 17:14:35,12131,12131,12131,2
2020-01-13 17:14:35,12131,12131,12131,2
2020-01-13 17:14:35,12131,12131,12131,2
2020-01-13 17:15:08,12131,12131,12131,2
2020-01-13 17:15:08,12131,12131,12131,2
2020-01-13 17:15:22,12130,12130,12130,2
2020-01-13 17:15:22,12130,12130,12130,10
2020-01-13 17:15:22,12130,12130,12130,4
2020-01-13 17:15:24,12130,12130,12130,4
2020-01-13 17:15:41,12129,12129,12129,2
2020-01-13 17:15:41,12129,12129,12129,2
2020-01-13 17:15:41,12129,12129,12129,2
2020-01-13 17:15:41,12129,12129,12129,2
2020-01-13 17:15:41,12129,12129,12129,2
2020-01-13 17:15:41,12129,12129,12129,4
2020-01-13 17:15:41,12129,12129,12129,2
2020-01-13 17:15:54,12128,12128,12128,2
2020-01-13 17:16:09,12128,12128,12128,2
2020-01-13 17:16:10,12128,12128,12128,4
2020-01-13 17:16:10,12128,12128,12128,2
2020-01-13 17:16:10,12128,12128,12128,2
2020-01-13 17:16:10,12128,12128,12128,2
2020-01-13 17:16:10,12128,12128,12128,2
2020-01-13 17:16:13,12128,12128,12128,2
2020-01-13 17:16:30,12128,12128,12128,2
2020-01-13 17:16:44,12128,12128,12128,2
2020-01-13 17:16:55,12128,12128,12128,2
2020-01-13 17:16:57,12128,12128,12128,2
2020-01-13 17:17:16,12128,12128,12128,2
2020-01-13 17:17:38,12128,12128,12128,10
2020-01-13 17:17:41,12128,12128,12128,2
2020-01-13 17:17:45,12128,12128,12128,4
2020-01-13 17:17:45,12127,12127,12127,8
2020-01-13 17:18:03,12127,12127,12127,2
2020-01-13 17:18:13,12127,12127,12127,6
2020-01-13 17:18:13,12127,12127,12127,2
2020-01-13 17:18:13,12128,12128,12128,6
2020-01-13 17:18:16,12127,12127,12127,2
2020-01-13 17:18:16,12127,12127,12127,2
2020-01-13 17:18:39,12128,12128,12128,2
2020-01-13 17:19:01,12128,12128,12128,2
2020-01-13 17:19:47,12128,12128,12128,2
2020-01-13 17:21:08,12129,12129,12129,2
2020-01-13 17:21:15,12129,12129,12129,2
2020-01-13 17:21:17,12129,12129,12129,2
2020-01-13 17:21:25,12128,12128,12128,2
2020-01-13 17:21:27,12128,12128,12128,2
2020-01-13 17:21:57,12128,12128,12128,2
2020-01-13 17:22:10,12129,12129,12129,2
2020-01-13 17:22:12,12129,12129,12129,4
2020-01-13 17:22:12,12129,12129,12129,4
2020-01-13 17:22:12,12129,12129,12129,2
2020-01-13 17:22:22,12130,12130,12130,4
2020-01-13 17:22:22,12130,12130,12130,6
2020-01-13 17:23:47,12130,12130,12130,2
2020-01-13 17:24:24,12130,12130,12130,2
2020-01-13 17:24:29,12130,12130,12130,2
2020-01-13 17:24:29,12130,12130,12130,2
2020-01-13 17:25:29,12130,12130,12130,2
2020-01-13 17:25:52,12130,12130,12130,2
2020-01-13 17:25:52,12130,12130,12130,2
2020-01-13 17:25:53,12129,12129,12129,2
2020-01-13 17:26:40,12129,12129,12129,4
2020-01-13 17:27:08,12129,12129,12129,2
2020-01-13 17:27:08,12129,12129,12129,2
2020-01-13 17:27:17,12129,12129,12129,2
2020-01-13 17:27:23,12129,12129,12129,2
2020-01-13 17:27:23,12129,12129,12129,2
2020-01-13 17:27:39,12129,12129,12129,2
2020-01-13 17:27:39,12129,12129,12129,2
2020-01-13 17:27:39,12129,12129,12129,2
2020-01-13 17:27:39,12129,12129,12129,4
2020-01-13 17:27:53,12130,12130,12130,14
2020-01-13 17:27:53,12130,12130,12130,6
2020-01-13 17:27:53,12130,12130,12130,2
2020-01-13 17:27:53,12130,12130,12130,2
2020-01-13 17:27:54,12130,12130,12130,2
2020-01-13 17:28:17,12130,12130,12130,2
2020-01-13 17:28:17,12130,12130,12130,2
2020-01-13 17:28:17,12129,12129,12129,2
2020-01-13 17:28:17,12129,12129,12129,2
2020-01-13 17:28:17,12129,12129,12129,2
2020-01-13 17:28:25,12130,12130,12130,2
2020-01-13 17:28:41,12130,12130,12130,2
2020-01-13 17:28:47,12130,12130,12130,2
2020-01-13 17:28:55,12130,12130,12130,2
2020-01-13 17:29:21,12131,12131,12131,34
2020-01-13 17:29:23,12130,12130,12130,4
2020-01-13 17:29:33,12130,12130,12130,2
2020-01-13 17:29:33,12130,12130,12130,2
2020-01-13 17:29:33,12130,12130,12130,2
2020-01-13 17:29:33,12130,12130,12130,2
2020-01-13 17:29:33,12130,12130,12130,4
2020-01-13 17:29:43,12129,12129,12129,2
2020-01-13 17:30:02,12129,12129,12129,2
2020-01-13 17:30:02,12129,12129,12129,4
2020-01-13 17:30:02,12129,12129,12129,2
2020-01-13 17:30:02,12129,12129,12129,8
2020-01-13 17:30:02,12129,12129,12129,2
2020-01-13 17:30:02,12129,12129,12129,2
2020-01-13 17:30:05,12128,12128,12128,2
2020-01-13 17:30:07,12128,12128,12128,2
2020-01-13 17:30:18,12128,12128,12128,2
2020-01-13 17:30:18,12128,12128,12128,4
2020-01-13 17:30:18,12128,12128,12128,2
2020-01-13 17:30:36,12129,12129,12129,2
2020-01-13 17:30:38,12128,12128,12128,2
2020-01-13 17:31:18,12129,12129,12129,2
2020-01-13 17:31:22,12129,12129,12129,4
2020-01-13 17:31:22,12129,12129,12129,4
2020-01-13 17:31:31,12129,12129,12129,2
2020-01-13 17:31:36,12129,12129,12129,2
2020-01-13 17:31:36,12129,12129,12129,4
2020-01-13 17:31:36,12129,12129,12129,4
2020-01-13 17:31:36,12129,12129,12129,2
2020-01-13 17:31:36,12129,12129,12129,4
2020-01-13 17:31:36,12129,12129,12129,4
2020-01-13 17:31:40,12130,12130,12130,2
2020-01-13 17:31:41,12129,12129,12129,2
2020-01-13 17:31:47,12129,12129,12129,2
2020-01-13 17:32:26,12130,12130,12130,10
2020-01-13 17:32:26,12130,12130,12130,4
2020-01-13 17:33:08,12131,12131,12131,2
