2019-08-23,15:00:00.099000,10505,10506,10506,31
2019-08-23,15:00:00.255000,10505,10506,10506,1
2019-08-23,15:00:00.274000,10505,10506,10506,3
2019-08-23,15:00:00.311000,10505,10506,10506,3
2019-08-23,15:00:00.315000,10505,10506,10505,1
2019-08-23,15:00:00.523000,10505,10506,10506,1
2019-08-23,15:00:00.734000,10505,10506,10505,1
2019-08-23,15:00:01.117000,10505,10506,10505,3
2019-08-23,15:00:01.887000,10504,10505,10505,1
2019-08-23,15:00:02.137000,10504,10505,10505,1
2019-08-23,15:00:02.591000,10504,10505,10505,1
2019-08-23,15:00:03.633000,10505,10506,10505,3
2019-08-23,15:00:04.742000,10504,10506,10504,3
2019-08-23,15:00:05.179000,10504,10506,10505,1
2019-08-23,15:00:05.220000,10505,10506,10505,1
2019-08-23,15:00:05.557000,10505,10506,10505,1
2019-08-23,15:00:06.127000,10504,10505,10505,1
2019-08-23,15:00:06.232000,10504,10505,10505,7
2019-08-23,15:00:06.502000,10504,10505,10505,1
2019-08-23,15:00:06.517000,10504,10505,10505,1
2019-08-23,15:00:06.519000,10504,10505,10505,1
2019-08-23,15:00:07.544000,10505,10506,10505,2
2019-08-23,15:00:08.169000,10505,10506,10505,1
2019-08-23,15:00:08.169000,10505,10506,10504,1
2019-08-23,15:00:08.717000,10505,10506,10505,1
2019-08-23,15:00:09.689000,10504,10505,10505,1
2019-08-23,15:00:16.211000,10504,10505,10504,1
2019-08-23,15:00:16.463000,10504,10505,10505,1
2019-08-23,15:00:16.877000,10504,10505,10505,2
2019-08-23,15:00:17.677000,10504,10505,10504,1
2019-08-23,15:00:17.751000,10504,10505,10504,3
2019-08-23,15:00:22.755000,10504,10505,10504,2
2019-08-23,15:00:26.241000,10504,10505,10504,4
2019-08-23,15:00:26.526000,10503,10505,10505,2
2019-08-23,15:00:27.175000,10503,10504,10504,1
2019-08-23,15:00:28.264000,10503,10504,10504,1
2019-08-23,15:00:28.872000,10503,10504,10503,2
2019-08-23,15:00:29.047000,10503,10504,10504,2
2019-08-23,15:00:29.221000,10503,10504,10504,1
2019-08-23,15:00:31.060000,10504,10505,10504,2
2019-08-23,15:00:36.275000,10504,10505,10504,1
2019-08-23,15:00:39.281000,10504,10505,10504,2
2019-08-23,15:00:39.314000,10504,10505,10504,1
2019-08-23,15:00:39.459000,10504,10505,10504,2
2019-08-23,15:00:41.085000,10503,10504,10504,1
2019-08-23,15:00:43.021000,10504,10505,10504,1
2019-08-23,15:00:44.156000,10504,10505,10504,2
2019-08-23,15:00:44.544000,10504,10505,10505,2
2019-08-23,15:00:47.098000,10504,10505,10505,1
2019-08-23,15:00:47.822000,10504,10505,10504,1
2019-08-23,15:00:50.061000,10504,10505,10504,3
2019-08-23,15:00:52.773000,10504,10505,10505,8
2019-08-23,15:00:53.364000,10504,10505,10505,20
2019-08-23,15:00:54.042000,10504,10506,10504,1
2019-08-23,15:00:54.675000,10504,10506,10504,3
2019-08-23,15:00:59.102000,10505,10506,10505,1
2019-08-23,15:00:59.708000,10505,10506,10504,1
2019-08-23,15:01:00.142000,10504,10506,10506,14
2019-08-23,15:01:00.272000,10504,10506,10506,3
2019-08-23,15:01:00.547000,10505,10506,10506,1
2019-08-23,15:01:00.571000,10505,10506,10505,2
2019-08-23,15:01:01.107000,10505,10506,10506,1
2019-08-23,15:01:01.366000,10505,10506,10505,1
2019-08-23,15:01:01.648000,10505,10506,10506,1
2019-08-23,15:01:01.752000,10505,10506,10507,1
2019-08-23,15:01:01.852000,10505,10507,10507,1
2019-08-23,15:01:02.226000,10505,10507,10505,1
2019-08-23,15:01:06.411000,10505,10507,10505,1
2019-08-23,15:01:08.666000,10505,10506,10505,1
2019-08-23,15:01:09.544000,10505,10506,10506,1
2019-08-23,15:01:12.921000,10505,10506,10505,5
2019-08-23,15:01:12.921000,10505,10506,10505,5
2019-08-23,15:01:12.979000,10505,10506,10505,5
2019-08-23,15:01:13.749000,10504,10506,10506,1
2019-08-23,15:01:14.241000,10504,10506,10506,1
2019-08-23,15:01:20.861000,10504,10505,10505,2
2019-08-23,15:01:27.075000,10504,10505,10505,1
2019-08-23,15:01:27.206000,10504,10505,10505,4
2019-08-23,15:01:32.482000,10505,10506,10505,1
2019-08-23,15:01:37.354000,10505,10506,10505,2
2019-08-23,15:01:38.768000,10505,10506,10506,1
2019-08-23,15:01:39.333000,10505,10506,10506,1
2019-08-23,15:01:39.382000,10505,10506,10506,2
2019-08-23,15:01:39.495000,10505,10506,10505,2
2019-08-23,15:01:41.611000,10505,10506,10505,1
2019-08-23,15:01:45.233000,10505,10506,10505,2
2019-08-23,15:01:45.335000,10505,10506,10505,29
2019-08-23,15:01:46.687000,10504,10505,10505,2
2019-08-23,15:01:52.141000,10504,10505,10505,1
2019-08-23,15:01:55.809000,10504,10505,10504,5
2019-08-23,15:01:56.272000,10504,10505,10504,18
2019-08-23,15:01:56.445000,10503,10504,10504,3
2019-08-23,15:01:57.582000,10503,10504,10503,1
2019-08-23,15:01:57.661000,10503,10504,10503,1
2019-08-23,15:02:00.237000,10503,10504,10503,1
2019-08-23,15:02:00.960000,10503,10504,10503,1
2019-08-23,15:02:04.132000,10503,10504,10503,2
2019-08-23,15:02:04.215000,10503,10504,10503,1
2019-08-23,15:02:05.840000,10503,10504,10503,1
2019-08-23,15:02:06.047000,10503,10504,10503,1
2019-08-23,15:02:13.292000,10503,10504,10503,1
2019-08-23,15:02:14.219000,10503,10504,10503,2
2019-08-23,15:02:16.027000,10502,10504,10504,3
2019-08-23,15:02:19.903000,10502,10503,10503,2
2019-08-23,15:02:19.908000,10502,10503,10502,1
2019-08-23,15:02:28.587000,10502,10503,10502,1
2019-08-23,15:02:30.553000,10502,10503,10502,1
2019-08-23,15:02:31.668000,10502,10503,10503,1
2019-08-23,15:02:33.446000,10502,10503,10502,1
2019-08-23,15:02:40.744000,10502,10503,10502,1
2019-08-23,15:02:43.042000,10502,10503,10503,2
2019-08-23,15:02:46.688000,10502,10503,10502,1
2019-08-23,15:02:46.905000,10502,10503,10502,4
2019-08-23,15:02:47.403000,10502,10503,10502,1
2019-08-23,15:02:48.260000,10502,10503,10502,1
2019-08-23,15:02:50.923000,10502,10503,10502,1
2019-08-23,15:02:55.347000,10502,10503,10502,1
2019-08-23,15:02:56.315000,10502,10503,10502,1
2019-08-23,15:03:00.191000,10502,10503,10502,1
2019-08-23,15:03:00.610000,10502,10503,10502,1
2019-08-23,15:03:00.719000,10502,10503,10502,1
2019-08-23,15:03:00.782000,10502,10503,10502,1
2019-08-23,15:03:01.337000,10502,10503,10502,2
2019-08-23,15:03:02.177000,10502,10503,10502,7
2019-08-23,15:03:05.330000,10501,10502,10502,1
2019-08-23,15:03:11.384000,10502,10503,10502,1
2019-08-23,15:03:14.050000,10502,10503,10502,1
2019-08-23,15:03:15.555000,10502,10503,10502,1
2019-08-23,15:03:16.583000,10502,10503,10502,1
2019-08-23,15:03:17.283000,10502,10503,10502,1
2019-08-23,15:03:17.891000,10502,10503,10502,1
2019-08-23,15:03:19.505000,10501,10502,10502,1
2019-08-23,15:03:19.688000,10501,10502,10502,1
2019-08-23,15:03:30.541000,10501,10502,10502,2
2019-08-23,15:03:38.316000,10501,10502,10502,2
2019-08-23,15:03:40.541000,10501,10502,10501,1
2019-08-23,15:03:40.868000,10501,10502,10502,1
2019-08-23,15:03:40.965000,10501,10502,10501,1
2019-08-23,15:03:45.979000,10501,10502,10501,1
2019-08-23,15:03:46.165000,10501,10502,10501,1
2019-08-23,15:03:47.501000,10501,10502,10501,1
2019-08-23,15:03:47.564000,10501,10502,10501,11
2019-08-23,15:03:57.689000,10500,10501,10500,8
2019-08-23,15:03:57.689000,10500,10501,10500,6
2019-08-23,15:03:57.689000,10500,10501,10500,10
2019-08-23,15:03:57.690000,10500,10501,10500,4
2019-08-23,15:03:57.690000,10500,10501,10500,3
2019-08-23,15:04:02.929000,10499,10500,10499,4
2019-08-23,15:04:07.400000,10499,10500,10499,5
2019-08-23,15:04:07.984000,10499,10500,10499,1
2019-08-23,15:04:09.533000,10499,10500,10499,1
2019-08-23,15:04:09.869000,10499,10500,10499,1
2019-08-23,15:04:13.810000,10499,10500,10499,2
2019-08-23,15:04:15.837000,10498,10499,10498,1
2019-08-23,15:04:15.911000,10498,10499,10498,1
2019-08-23,15:04:16.149000,10498,10499,10499,1
2019-08-23,15:04:17.288000,10498,10499,10498,3
2019-08-23,15:04:18.204000,10498,10499,10498,1
2019-08-23,15:04:22.059000,10498,10499,10499,2
2019-08-23,15:04:22.422000,10498,10499,10498,1
2019-08-23,15:04:23.716000,10498,10499,10498,1
2019-08-23,15:04:28.940000,10498,10499,10498,2
2019-08-23,15:04:32.415000,10498,10499,10498,2
2019-08-23,15:04:32.659000,10498,10499,10498,1
2019-08-23,15:04:32.976000,10498,10499,10499,1
2019-08-23,15:04:33.989000,10498,10499,10499,2
2019-08-23,15:04:34.165000,10498,10499,10499,1
2019-08-23,15:04:34.527000,10498,10499,10498,1
2019-08-23,15:04:35.537000,10498,10499,10499,10
2019-08-23,15:04:35.905000,10499,10500,10499,1
2019-08-23,15:04:37.843000,10499,10500,10499,1
2019-08-23,15:04:38.015000,10499,10500,10499,5
2019-08-23,15:04:38.874000,10499,10500,10500,2
2019-08-23,15:04:42.260000,10499,10500,10500,1
2019-08-23,15:04:45.082000,10499,10500,10500,1
2019-08-23,15:04:46.781000,10499,10500,10500,1
2019-08-23,15:04:47.929000,10499,10500,10500,2
2019-08-23,15:04:49.975000,10499,10500,10500,1
2019-08-23,15:04:50.549000,10499,10500,10500,4
2019-08-23,15:04:50.564000,10499,10500,10500,3
2019-08-23,15:04:55.080000,10500,10501,10500,1
2019-08-23,15:04:57.330000,10500,10501,10501,1
2019-08-23,15:04:59.306000,10500,10501,10500,1
2019-08-23,15:04:59.906000,10500,10501,10500,1
2019-08-23,15:05:02.304000,10500,10501,10500,1
2019-08-23,15:05:03.118000,10500,10501,10500,1
2019-08-23,15:05:03.278000,10500,10501,10500,1
2019-08-23,15:05:03.415000,10500,10501,10500,1
2019-08-23,15:05:03.832000,10500,10501,10501,1
2019-08-23,15:05:07.519000,10500,10501,10501,1
2019-08-23,15:05:08.191000,10500,10501,10501,8
2019-08-23,15:05:08.314000,10500,10501,10501,11
2019-08-23,15:05:10.690000,10501,10502,10501,1
2019-08-23,15:05:10.889000,10501,10502,10502,1
2019-08-23,15:05:10.889000,10501,10502,10502,2
2019-08-23,15:05:10.889000,10501,10502,10502,1
2019-08-23,15:05:10.889000,10501,10502,10502,9
2019-08-23,15:05:12.591000,10502,10503,10502,1
2019-08-23,15:05:17.235000,10502,10503,10502,1
2019-08-23,15:05:17.729000,10502,10503,10502,1
2019-08-23,15:05:18.639000,10502,10503,10502,4
2019-08-23,15:05:18.806000,10502,10503,10502,1
2019-08-23,15:05:20.102000,10502,10503,10503,1
2019-08-23,15:05:25.034000,10502,10503,10502,1
2019-08-23,15:05:25.509000,10502,10503,10502,1
2019-08-23,15:05:30.429000,10502,10503,10503,3
2019-08-23,15:05:31.657000,10502,10503,10503,1
2019-08-23,15:05:32.894000,10502,10503,10503,5
2019-08-23,15:05:36.924000,10502,10503,10502,1
2019-08-23,15:05:43.354000,10502,10503,10502,1
2019-08-23,15:05:43.453000,10502,10503,10502,1
2019-08-23,15:05:47.266000,10502,10503,10502,1
2019-08-23,15:05:47.844000,10502,10503,10502,1
2019-08-23,15:05:51.942000,10502,10503,10502,1
2019-08-23,15:05:58.300000,10502,10503,10503,5
2019-08-23,15:06:06.336000,10502,10503,10503,1
2019-08-23,15:06:06.336000,10502,10503,10503,4
2019-08-23,15:06:09.257000,10502,10503,10502,1
2019-08-23,15:06:09.897000,10502,10503,10503,1
2019-08-23,15:06:10.451000,10502,10503,10502,1
2019-08-23,15:06:17.126000,10502,10503,10503,1
2019-08-23,15:06:18.530000,10502,10503,10503,1
2019-08-23,15:06:19.866000,10502,10503,10503,2
2019-08-23,15:06:24.485000,10502,10503,10503,3
2019-08-23,15:06:24.769000,10503,10504,10503,1
2019-08-23,15:06:25.083000,10503,10504,10504,1
2019-08-23,15:06:29.706000,10503,10504,10504,1
2019-08-23,15:06:34.367000,10503,10504,10503,1
2019-08-23,15:06:35.775000,10503,10504,10504,5
2019-08-23,15:06:36.671000,10503,10504,10504,1
2019-08-23,15:06:49.762000,10503,10504,10503,1
2019-08-23,15:06:57.123000,10503,10504,10504,1
2019-08-23,15:07:00.831000,10503,10504,10503,1
2019-08-23,15:07:00.997000,10503,10504,10503,4
2019-08-23,15:07:01.757000,10503,10504,10504,1
2019-08-23,15:07:11.331000,10503,10504,10504,1
2019-08-23,15:07:11.443000,10503,10504,10504,1
2019-08-23,15:07:14.740000,10503,10504,10504,1
2019-08-23,15:07:15.200000,10503,10504,10504,5
2019-08-23,15:07:19.682000,10503,10504,10504,1
2019-08-23,15:07:33.886000,10503,10504,10504,1
2019-08-23,15:07:35.528000,10503,10504,10503,1
2019-08-23,15:07:35.929000,10503,10504,10504,8
2019-08-23,15:07:36.433000,10504,10505,10504,1
2019-08-23,15:07:38.194000,10504,10505,10505,1
2019-08-23,15:07:43.706000,10504,10505,10504,1
2019-08-23,15:07:50.477000,10504,10505,10504,1
2019-08-23,15:07:53.103000,10504,10505,10505,5
2019-08-23,15:07:56.726000,10504,10505,10504,1
2019-08-23,15:08:00.525000,10504,10505,10505,5
2019-08-23,15:08:07.462000,10504,10505,10505,3
2019-08-23,15:08:08.057000,10504,10505,10505,1
2019-08-23,15:08:12.368000,10504,10505,10504,2
2019-08-23,15:08:14.826000,10504,10505,10505,1
2019-08-23,15:08:18.799000,10504,10505,10504,10
2019-08-23,15:08:19.854000,10504,10505,10504,2
2019-08-23,15:08:21.271000,10503,10505,10505,1
2019-08-23,15:08:25.237000,10504,10505,10504,1
2019-08-23,15:08:25.731000,10504,10505,10504,1
2019-08-23,15:08:30.989000,10504,10505,10504,1
2019-08-23,15:08:31.064000,10504,10505,10504,1
2019-08-23,15:08:35.116000,10503,10504,10504,1
2019-08-23,15:08:35.629000,10503,10504,10504,1
2019-08-23,15:08:40.380000,10503,10504,10503,1
2019-08-23,15:08:40.755000,10503,10504,10503,10
2019-08-23,15:08:40.964000,10502,10504,10504,4
2019-08-23,15:08:56.228000,10503,10504,10503,2
2019-08-23,15:09:03.730000,10503,10504,10504,6
2019-08-23,15:09:06.923000,10503,10504,10504,1
2019-08-23,15:09:12.098000,10503,10504,10504,1
2019-08-23,15:09:14.507000,10503,10504,10503,3
2019-08-23,15:09:30.165000,10502,10503,10502,1
2019-08-23,15:09:32.182000,10502,10503,10502,1
2019-08-23,15:09:51.081000,10502,10503,10503,9
2019-08-23,15:10:07.685000,10503,10504,10504,1
2019-08-23,15:10:14.268000,10503,10504,10504,10
2019-08-23,15:10:32.980000,10503,10504,10504,1
2019-08-23,15:10:34.035000,10503,10504,10504,1
2019-08-23,15:10:47.915000,10503,10504,10503,1
2019-08-23,15:10:50.968000,10503,10504,10503,1
2019-08-23,15:10:57.220000,10503,10504,10504,1
2019-08-23,15:11:03.333000,10503,10504,10504,1
2019-08-23,15:11:06.396000,10503,10504,10504,1
2019-08-23,15:11:06.396000,10503,10504,10504,1
2019-08-23,15:11:07.383000,10503,10504,10503,2
2019-08-23,15:11:07.570000,10503,10504,10504,1
2019-08-23,15:11:18.513000,10503,10504,10504,1
2019-08-23,15:11:25.392000,10503,10504,10504,1
2019-08-23,15:11:29.880000,10503,10504,10504,8
2019-08-23,15:11:31.270000,10503,10504,10504,1
2019-08-23,15:11:31.589000,10503,10504,10504,8
2019-08-23,15:11:52.186000,10504,10505,10505,5
2019-08-23,15:12:06.494000,10504,10505,10504,23
2019-08-23,15:12:06.641000,10503,10505,10504,3
2019-08-23,15:12:08.314000,10503,10504,10503,2
2019-08-23,15:12:08.439000,10503,10504,10503,5
2019-08-23,15:12:08.439000,10503,10504,10503,2
2019-08-23,15:12:15.766000,10502,10503,10503,2
2019-08-23,15:12:19.928000,10502,10503,10503,1
2019-08-23,15:12:23.274000,10503,10504,10503,1
2019-08-23,15:12:42.538000,10502,10503,10503,1
2019-08-23,15:12:43.615000,10502,10503,10502,1
2019-08-23,15:12:52.067000,10502,10503,10502,1
2019-08-23,15:13:11.094000,10502,10503,10502,1
2019-08-23,15:13:14.165000,10502,10503,10502,1
2019-08-23,15:13:14.483000,10502,10503,10502,1
2019-08-23,15:13:22.867000,10502,10503,10502,1
2019-08-23,15:13:25.420000,10502,10503,10502,2
2019-08-23,15:13:25.678000,10502,10503,10502,2
2019-08-23,15:13:25.936000,10502,10503,10502,2
2019-08-23,15:13:28.253000,10501,10502,10502,6
2019-08-23,15:13:28.358000,10501,10503,10503,26
2019-08-23,15:13:30.466000,10503,10504,10503,1
2019-08-23,15:13:34.094000,10503,10504,10503,2
2019-08-23,15:13:35.888000,10503,10504,10504,10
2019-08-23,15:13:37.532000,10503,10504,10504,3
2019-08-23,15:13:41.303000,10504,10505,10505,2
2019-08-23,15:13:41.533000,10504,10505,10505,2
2019-08-23,15:13:44.555000,10504,10505,10504,1
2019-08-23,15:13:55.331000,10504,10505,10504,1
2019-08-23,15:14:19.441000,10504,10505,10504,2
2019-08-23,15:14:24.216000,10504,10505,10505,1
2019-08-23,15:14:24.439000,10504,10505,10505,1
2019-08-23,15:14:27.085000,10504,10505,10504,7
2019-08-23,15:14:35.865000,10504,10505,10504,2
2019-08-23,15:14:40.024000,10503,10504,10504,1
2019-08-23,15:14:43.386000,10503,10505,10503,1
2019-08-23,15:15:03.245000,10503,10504,10504,1
2019-08-23,15:15:03.247000,10503,10504,10504,9
2019-08-23,15:15:06.434000,10504,10505,10504,1
2019-08-23,15:15:06.939000,10504,10505,10505,11
2019-08-23,15:15:07.696000,10504,10505,10505,23
2019-08-23,15:15:19.744000,10505,10506,10505,1
2019-08-23,15:15:24.749000,10505,10506,10506,6
2019-08-23,15:15:24.751000,10505,10506,10506,14
2019-08-23,15:15:26.241000,10505,10507,10505,1
2019-08-23,15:15:26.548000,10505,10507,10507,3
2019-08-23,15:15:26.575000,10505,10507,10507,1
2019-08-23,15:15:26.855000,10506,10507,10507,1
2019-08-23,15:15:30.497000,10506,10507,10507,2
2019-08-23,15:15:31.969000,10506,10507,10506,1
2019-08-23,15:15:32.996000,10505,10506,10506,1
2019-08-23,15:15:32.996000,10505,10506,10507,1
2019-08-23,15:15:37.909000,10505,10506,10506,5
2019-08-23,15:15:39.397000,10505,10506,10505,1
2019-08-23,15:15:49.100000,10505,10506,10506,4
2019-08-23,15:15:53.308000,10505,10507,10507,2
2019-08-23,15:15:59.604000,10505,10507,10507,1
2019-08-23,15:16:05.170000,10506,10507,10506,1
2019-08-23,15:16:06.723000,10506,10507,10507,1
2019-08-23,15:16:07.657000,10506,10507,10507,2
2019-08-23,15:16:07.937000,10506,10507,10507,1
2019-08-23,15:16:08.448000,10506,10507,10507,1
2019-08-23,15:16:10.064000,10505,10507,10507,1
2019-08-23,15:16:26.131000,10506,10507,10507,1
2019-08-23,15:16:28.951000,10506,10507,10506,1
2019-08-23,15:16:32.791000,10505,10507,10507,1
2019-08-23,15:16:38.917000,10505,10506,10506,1
2019-08-23,15:16:43.060000,10505,10506,10505,1
2019-08-23,15:16:43.434000,10505,10506,10506,1
2019-08-23,15:16:43.626000,10505,10507,10507,10
2019-08-23,15:16:46.824000,10506,10507,10506,1
2019-08-23,15:16:51.786000,10505,10507,10507,3
2019-08-23,15:16:54.941000,10506,10507,10506,1
2019-08-23,15:16:59.922000,10505,10506,10506,1
2019-08-23,15:17:09.596000,10506,10507,10507,1
2019-08-23,15:17:11.733000,10506,10507,10507,1
2019-08-23,15:17:17.282000,10506,10507,10507,1
2019-08-23,15:17:18.081000,10506,10507,10507,1
2019-08-23,15:17:19.697000,10506,10507,10506,1
2019-08-23,15:17:22.775000,10506,10507,10507,1
2019-08-23,15:17:24.510000,10506,10507,10506,1
2019-08-23,15:17:24.826000,10506,10507,10507,9
2019-08-23,15:17:26.925000,10506,10507,10506,1
2019-08-23,15:17:27.914000,10506,10507,10507,1
2019-08-23,15:17:31.520000,10507,10508,10507,1
2019-08-23,15:17:32.056000,10506,10507,10507,1
2019-08-23,15:17:32.385000,10506,10508,10508,4
2019-08-23,15:17:32.477000,10506,10508,10508,1
2019-08-23,15:17:33.047000,10506,10507,10507,1
2019-08-23,15:17:33.476000,10506,10508,10506,1
2019-08-23,15:17:38.275000,10506,10508,10508,1
2019-08-23,15:17:38.869000,10506,10508,10508,3
2019-08-23,15:17:44.356000,10506,10507,10507,4
2019-08-23,15:17:46.104000,10506,10508,10508,1
2019-08-23,15:17:53.170000,10507,10508,10507,1
2019-08-23,15:18:01.257000,10506,10507,10507,1
2019-08-23,15:18:07.142000,10507,10508,10507,1
2019-08-23,15:18:07.731000,10507,10508,10507,1
2019-08-23,15:18:15.331000,10507,10508,10508,1
2019-08-23,15:18:19.401000,10507,10508,10507,1
2019-08-23,15:18:21.993000,10507,10508,10508,1
2019-08-23,15:18:25.387000,10507,10508,10508,4
2019-08-23,15:18:28.326000,10507,10508,10508,1
2019-08-23,15:18:33.032000,10507,10508,10508,10
2019-08-23,15:18:33.268000,10507,10508,10508,1
2019-08-23,15:18:34.993000,10507,10509,10509,1
2019-08-23,15:18:37.281000,10507,10508,10508,1
2019-08-23,15:18:37.301000,10507,10508,10508,1
2019-08-23,15:18:37.311000,10507,10508,10508,1
2019-08-23,15:18:37.318000,10507,10508,10508,1
2019-08-23,15:18:37.324000,10507,10508,10509,1
2019-08-23,15:18:37.330000,10507,10508,10509,1
2019-08-23,15:18:37.789000,10507,10509,10509,1
2019-08-23,15:18:38.912000,10507,10508,10508,1
2019-08-23,15:18:42.301000,10507,10508,10508,1
2019-08-23,15:18:43.710000,10507,10508,10508,1
2019-08-23,15:18:44.596000,10507,10508,10507,1
2019-08-23,15:18:44.818000,10507,10508,10508,1
2019-08-23,15:18:48.147000,10507,10508,10507,8
2019-08-23,15:18:53.962000,10507,10508,10507,1
2019-08-23,15:18:58.799000,10507,10508,10508,1
2019-08-23,15:18:59.338000,10507,10508,10507,1
2019-08-23,15:19:00.993000,10507,10508,10507,1
2019-08-23,15:19:06.489000,10507,10508,10507,1
2019-08-23,15:19:10.158000,10507,10508,10508,1
2019-08-23,15:19:18.055000,10507,10508,10508,1
2019-08-23,15:19:26.144000,10507,10508,10508,2
2019-08-23,15:19:34.257000,10507,10508,10508,1
2019-08-23,15:19:34.869000,10507,10508,10508,5
2019-08-23,15:19:35.908000,10507,10508,10508,1
2019-08-23,15:19:53.124000,10507,10508,10508,1
2019-08-23,15:19:56.276000,10507,10508,10508,5
2019-08-23,15:19:58.561000,10507,10508,10508,1
2019-08-23,15:20:00.820000,10507,10508,10508,1
2019-08-23,15:20:01.910000,10507,10508,10507,1
2019-08-23,15:20:02.997000,10507,10508,10508,1
2019-08-23,15:20:08.105000,10507,10508,10508,1
2019-08-23,15:20:14.535000,10507,10508,10508,3
2019-08-23,15:20:16.057000,10507,10508,10508,3
2019-08-23,15:20:17.689000,10508,10509,10509,5
2019-08-23,15:20:17.815000,10508,10509,10508,1
2019-08-23,15:20:17.838000,10508,10509,10509,1
2019-08-23,15:20:26.371000,10508,10509,10508,1
2019-08-23,15:20:32.197000,10508,10509,10508,1
2019-08-23,15:20:38.898000,10508,10509,10508,1
2019-08-23,15:20:39.399000,10508,10509,10508,1
2019-08-23,15:20:41.668000,10508,10509,10508,1
2019-08-23,15:20:50.504000,10508,10509,10509,1
2019-08-23,15:20:50.545000,10508,10509,10508,2
2019-08-23,15:20:51.299000,10508,10509,10508,1
2019-08-23,15:20:52.435000,10508,10509,10508,1
2019-08-23,15:20:55.373000,10508,10509,10509,2
2019-08-23,15:20:57.275000,10508,10509,10509,1
2019-08-23,15:20:57.933000,10508,10509,10508,1
2019-08-23,15:20:59.089000,10508,10509,10509,46
2019-08-23,15:21:00.618000,10509,10510,10509,2
2019-08-23,15:21:02.489000,10509,10510,10510,4
2019-08-23,15:21:02.770000,10509,10510,10510,1
2019-08-23,15:21:02.833000,10509,10510,10510,1
2019-08-23,15:21:02.879000,10509,10510,10509,1
2019-08-23,15:21:03.393000,10509,10510,10510,1
2019-08-23,15:21:03.742000,10509,10510,10510,1
2019-08-23,15:21:03.944000,10509,10510,10509,1
2019-08-23,15:21:10.606000,10509,10510,10509,1
2019-08-23,15:21:13.222000,10509,10510,10509,1
2019-08-23,15:21:14.202000,10509,10510,10509,1
2019-08-23,15:21:16.645000,10509,10510,10509,2
2019-08-23,15:21:20.008000,10509,10510,10509,1
2019-08-23,15:21:20.726000,10509,10510,10510,20
2019-08-23,15:21:22.835000,10509,10510,10510,23
2019-08-23,15:21:22.875000,10509,10510,10511,1
2019-08-23,15:21:22.980000,10509,10511,10511,8
2019-08-23,15:21:24.515000,10510,10511,10511,2
2019-08-23,15:21:24.941000,10510,10511,10510,1
2019-08-23,15:21:25.003000,10510,10511,10510,3
2019-08-23,15:21:25.993000,10510,10511,10510,1
2019-08-23,15:21:27.532000,10510,10511,10510,1
2019-08-23,15:21:28.514000,10510,10511,10511,8
2019-08-23,15:21:33.035000,10510,10511,10511,8
2019-08-23,15:21:34.821000,10510,10511,10510,1
2019-08-23,15:21:35.568000,10510,10511,10511,5
2019-08-23,15:21:36.849000,10510,10511,10511,1
2019-08-23,15:21:38.339000,10510,10511,10511,1
2019-08-23,15:21:42.697000,10510,10511,10511,1
2019-08-23,15:21:43.029000,10510,10511,10510,1
2019-08-23,15:21:48.080000,10510,10511,10510,12
2019-08-23,15:21:48.080000,10510,10511,10510,3
2019-08-23,15:21:48.081000,10510,10511,10510,2
2019-08-23,15:21:48.081000,10510,10511,10510,1
2019-08-23,15:21:49.796000,10509,10510,10510,7
2019-08-23,15:21:56.081000,10509,10510,10509,1
2019-08-23,15:21:56.189000,10509,10510,10509,17
2019-08-23,15:22:00.238000,10508,10509,10509,1
2019-08-23,15:22:02.799000,10508,10509,10509,1
2019-08-23,15:22:02.912000,10508,10509,10508,1
2019-08-23,15:22:04.168000,10508,10509,10508,2
2019-08-23,15:22:08.266000,10508,10509,10508,6
2019-08-23,15:22:08.279000,10508,10509,10508,9
2019-08-23,15:22:09.462000,10507,10508,10508,1
2019-08-23,15:22:10.243000,10507,10508,10507,2
2019-08-23,15:22:13.102000,10507,10508,10507,2
2019-08-23,15:22:13.814000,10507,10508,10507,2
2019-08-23,15:22:13.814000,10507,10508,10507,7
2019-08-23,15:22:13.980000,10506,10508,10507,3
2019-08-23,15:22:22.505000,10506,10507,10507,1
2019-08-23,15:22:22.998000,10506,10507,10507,1
2019-08-23,15:22:28.252000,10506,10507,10507,2
2019-08-23,15:22:30.739000,10506,10507,10507,1
2019-08-23,15:22:31.013000,10506,10507,10507,1
2019-08-23,15:22:34.817000,10506,10507,10507,1
2019-08-23,15:22:35.096000,10506,10507,10507,1
2019-08-23,15:22:35.096000,10506,10507,10507,1
2019-08-23,15:22:38.190000,10507,10508,10507,1
2019-08-23,15:22:39.094000,10506,10507,10507,1
2019-08-23,15:22:51.936000,10507,10508,10507,1
2019-08-23,15:23:11.008000,10507,10508,10508,1
2019-08-23,15:23:11.008000,10507,10508,10508,1
2019-08-23,15:23:11.008000,10507,10508,10508,1
2019-08-23,15:23:11.064000,10507,10508,10508,5
2019-08-23,15:23:11.120000,10507,10508,10509,1
2019-08-23,15:23:11.295000,10508,10509,10509,3
2019-08-23,15:23:12.161000,10508,10509,10509,2
2019-08-23,15:23:12.161000,10508,10509,10509,3
2019-08-23,15:23:12.345000,10508,10510,10508,1
2019-08-23,15:23:23.814000,10507,10508,10508,1
2019-08-23,15:23:30.751000,10508,10509,10508,1
2019-08-23,15:23:34.045000,10508,10509,10508,3
2019-08-23,15:23:42.176000,10507,10508,10508,1
2019-08-23,15:23:42.176000,10507,10508,10509,2
2019-08-23,15:24:02.152000,10507,10508,10508,1
2019-08-23,15:24:09.655000,10508,10509,10508,4
2019-08-23,15:24:10.703000,10507,10508,10507,2
2019-08-23,15:24:28.254000,10507,10508,10508,2
2019-08-23,15:24:34.706000,10507,10508,10507,1
2019-08-23,15:24:37.818000,10507,10508,10507,1
2019-08-23,15:24:54.297000,10507,10508,10508,6
2019-08-23,15:24:56.961000,10507,10508,10507,1
2019-08-23,15:25:07.357000,10507,10508,10508,2
2019-08-23,15:25:14.590000,10508,10509,10508,1
2019-08-23,15:25:24.578000,10508,10509,10509,1
2019-08-23,15:25:33.519000,10508,10509,10509,1
2019-08-23,15:25:45.630000,10508,10509,10509,1
2019-08-23,15:25:48.683000,10508,10509,10509,4
2019-08-23,15:25:50.583000,10508,10509,10509,1
2019-08-23,15:26:07.978000,10508,10509,10509,1
2019-08-23,15:26:10.033000,10508,10509,10509,1
2019-08-23,15:26:10.425000,10508,10509,10509,1
2019-08-23,15:26:14.365000,10508,10509,10509,4
2019-08-23,15:26:17.744000,10508,10509,10509,1
2019-08-23,15:26:19.215000,10508,10509,10509,1
2019-08-23,15:26:25.421000,10508,10509,10509,1
2019-08-23,15:26:36.487000,10508,10509,10509,1
2019-08-23,15:26:51.784000,10508,10509,10509,1
2019-08-23,15:27:06.748000,10508,10509,10508,8
2019-08-23,15:27:07.203000,10507,10508,10507,6
2019-08-23,15:27:07.314000,10507,10508,10507,4
2019-08-23,15:27:10.112000,10507,10508,10508,1
2019-08-23,15:27:15.009000,10507,10508,10507,1
2019-08-23,15:27:23.699000,10507,10508,10507,1
2019-08-23,15:27:23.699000,10507,10508,10507,2
2019-08-23,15:27:23.699000,10507,10508,10507,1
2019-08-23,15:27:25.562000,10506,10507,10507,2
2019-08-23,15:27:28.984000,10506,10507,10507,1
2019-08-23,15:27:30.444000,10506,10507,10507,1
2019-08-23,15:27:32.350000,10506,10507,10507,4
2019-08-23,15:27:35.866000,10506,10507,10507,4
2019-08-23,15:27:38.477000,10507,10508,10507,1
2019-08-23,15:27:42.073000,10506,10507,10507,1
2019-08-23,15:27:43.580000,10507,10508,10507,1
2019-08-23,15:27:51.989000,10507,10508,10507,1
2019-08-23,15:27:55.829000,10507,10508,10507,2
2019-08-23,15:27:56.605000,10507,10508,10507,1
2019-08-23,15:27:59.263000,10507,10508,10507,1
2019-08-23,15:28:12.431000,10507,10508,10507,1
2019-08-23,15:28:16.109000,10506,10507,10506,1
2019-08-23,15:28:22.873000,10506,10507,10506,1
2019-08-23,15:28:27.098000,10506,10507,10506,1
2019-08-23,15:28:27.369000,10506,10507,10506,1
2019-08-23,15:28:28.479000,10506,10507,10506,1
2019-08-23,15:28:32.269000,10506,10507,10506,1
2019-08-23,15:28:35.649000,10506,10507,10506,1
2019-08-23,15:28:39.015000,10506,10507,10506,1
2019-08-23,15:28:55.533000,10506,10507,10506,1
2019-08-23,15:28:59.523000,10506,10507,10507,2
2019-08-23,15:29:05.483000,10506,10507,10506,2
2019-08-23,15:29:16.518000,10506,10507,10507,3
2019-08-23,15:29:16.519000,10506,10507,10507,3
2019-08-23,15:29:20.356000,10506,10507,10507,1
2019-08-23,15:29:30.409000,10507,10508,10507,1
2019-08-23,15:29:34.954000,10507,10508,10507,1
2019-08-23,15:29:46.675000,10506,10507,10506,1
2019-08-23,15:30:01.169000,10506,10507,10507,1
2019-08-23,15:30:01.497000,10506,10507,10507,5
2019-08-23,15:30:01.497000,10506,10507,10508,1
2019-08-23,15:30:01.497000,10506,10507,10508,1
2019-08-23,15:30:01.511000,10506,10507,10507,1
2019-08-23,15:30:02.093000,10506,10507,10506,3
2019-08-23,15:30:07.364000,10506,10507,10506,2
2019-08-23,15:30:07.364000,10506,10507,10506,2
2019-08-23,15:30:07.402000,10506,10507,10506,1
2019-08-23,15:30:07.440000,10506,10507,10506,3
2019-08-23,15:30:07.787000,10505,10506,10506,1
2019-08-23,15:30:08.938000,10505,10506,10506,1
2019-08-23,15:30:10.241000,10505,10506,10506,1
2019-08-23,15:30:13.296000,10506,10507,10506,1
2019-08-23,15:30:17.689000,10505,10506,10506,1
2019-08-23,15:30:20.953000,10505,10506,10505,1
2019-08-23,15:30:21.112000,10505,10506,10506,1
2019-08-23,15:30:21.173000,10505,10506,10505,1
2019-08-23,15:30:23.147000,10505,10506,10505,1
2019-08-23,15:30:23.190000,10505,10506,10505,11
2019-08-23,15:30:23.708000,10504,10505,10504,1
2019-08-23,15:30:23.888000,10504,10505,10504,1
2019-08-23,15:30:23.937000,10504,10505,10504,1
2019-08-23,15:30:24.380000,10504,10505,10504,1
2019-08-23,15:30:25.121000,10504,10505,10504,1
2019-08-23,15:30:29.979000,10504,10505,10504,1
2019-08-23,15:30:30.240000,10504,10505,10504,1
2019-08-23,15:30:30.482000,10504,10505,10504,1
2019-08-23,15:30:31.600000,10504,10505,10504,1
2019-08-23,15:30:31.607000,10504,10505,10504,2
2019-08-23,15:30:31.607000,10504,10505,10504,2
2019-08-23,15:30:31.607000,10504,10505,10504,7
2019-08-23,15:30:34.191000,10503,10504,10504,1
2019-08-23,15:30:34.213000,10503,10504,10504,1
2019-08-23,15:30:37.080000,10503,10504,10503,1
2019-08-23,15:30:37.571000,10503,10504,10503,1
2019-08-23,15:30:37.571000,10503,10504,10503,1
2019-08-23,15:30:37.665000,10503,10504,10503,3
2019-08-23,15:30:37.685000,10503,10504,10503,3
2019-08-23,15:30:37.691000,10503,10504,10503,2
2019-08-23,15:30:37.965000,10502,10504,10504,1
2019-08-23,15:30:40.455000,10502,10503,10502,1
2019-08-23,15:30:41.147000,10502,10503,10502,1
2019-08-23,15:30:44.928000,10502,10503,10503,1
2019-08-23,15:30:45.104000,10502,10503,10502,1
2019-08-23,15:30:46.753000,10502,10503,10503,2
2019-08-23,15:30:48.184000,10502,10504,10502,1
2019-08-23,15:30:50.755000,10502,10504,10502,2
2019-08-23,15:30:56.190000,10502,10503,10503,2
2019-08-23,15:30:58.320000,10503,10504,10503,1
2019-08-23,15:31:01.259000,10503,10504,10503,1
2019-08-23,15:31:05.915000,10503,10504,10503,1
2019-08-23,15:31:08.213000,10503,10504,10503,1
2019-08-23,15:31:17.754000,10503,10504,10503,1
2019-08-23,15:31:17.926000,10503,10504,10503,1
2019-08-23,15:31:17.982000,10503,10504,10504,2
2019-08-23,15:31:18.303000,10503,10504,10503,1
2019-08-23,15:31:19.389000,10503,10504,10503,1
2019-08-23,15:31:22.579000,10503,10504,10504,1
2019-08-23,15:31:23.626000,10503,10504,10504,1
2019-08-23,15:31:23.652000,10503,10504,10503,10
2019-08-23,15:31:33.044000,10503,10504,10503,2
2019-08-23,15:31:39.577000,10503,10504,10504,6
2019-08-23,15:31:40.418000,10504,10505,10505,1
2019-08-23,15:31:43.881000,10504,10505,10505,3
2019-08-23,15:32:08.316000,10504,10505,10505,21
2019-08-23,15:32:10.861000,10504,10505,10505,5
2019-08-23,15:32:12.838000,10504,10505,10505,7
2019-08-23,15:32:14.918000,10504,10505,10505,1
2019-08-23,15:32:15.336000,10504,10505,10505,2
2019-08-23,15:32:21.699000,10504,10505,10505,1
2019-08-23,15:32:22.893000,10504,10505,10505,1
2019-08-23,15:32:25.025000,10505,10506,10506,2
2019-08-23,15:32:25.782000,10505,10506,10506,1
2019-08-23,15:32:31.400000,10505,10506,10505,3
2019-08-23,15:32:37.574000,10505,10506,10505,1
2019-08-23,15:32:38.881000,10504,10506,10506,3
2019-08-23,15:33:06.383000,10505,10506,10505,1
2019-08-23,15:33:16.065000,10505,10506,10505,8
2019-08-23,15:33:52.851000,10504,10505,10504,1
2019-08-23,15:34:02.315000,10504,10505,10504,5
2019-08-23,15:34:20.355000,10503,10504,10503,14
2019-08-23,15:34:23.289000,10503,10504,10503,1
2019-08-23,15:34:23.838000,10503,10504,10504,1
2019-08-23,15:34:23.911000,10503,10504,10504,1
2019-08-23,15:34:39.349000,10503,10504,10503,5
2019-08-23,15:34:50.356000,10502,10503,10503,1
2019-08-23,15:35:05.711000,10502,10503,10503,1
2019-08-23,15:35:22.912000,10503,10504,10503,3
2019-08-23,15:35:23.118000,10503,10504,10503,1
2019-08-23,15:35:40.248000,10502,10504,10502,2
2019-08-23,15:35:47.274000,10502,10504,10502,3
2019-08-23,15:35:55.054000,10502,10504,10504,1
2019-08-23,15:36:08.227000,10503,10504,10503,1
2019-08-23,15:36:08.227000,10503,10504,10503,1
2019-08-23,15:36:16.272000,10502,10503,10503,1
2019-08-23,15:36:17.263000,10502,10503,10503,1
2019-08-23,15:36:18.807000,10502,10503,10503,1
2019-08-23,15:36:20.479000,10502,10503,10503,1
2019-08-23,15:36:25.069000,10502,10503,10502,1
2019-08-23,15:36:37.743000,10502,10503,10502,2
2019-08-23,15:36:39.943000,10502,10503,10503,1
2019-08-23,15:36:50.774000,10502,10503,10503,1
2019-08-23,15:36:58.319000,10502,10503,10503,1
2019-08-23,15:37:00.775000,10502,10503,10502,12
2019-08-23,15:37:00.814000,10502,10503,10502,3
2019-08-23,15:37:00.814000,10502,10503,10502,1
2019-08-23,15:37:13.099000,10501,10502,10501,1
2019-08-23,15:37:15.870000,10501,10502,10502,5
2019-08-23,15:37:24.133000,10501,10502,10502,3
2019-08-23,15:37:25.456000,10501,10502,10501,6
2019-08-23,15:37:48.103000,10501,10502,10501,1
2019-08-23,15:37:48.103000,10501,10502,10501,1
2019-08-23,15:37:48.181000,10501,10502,10501,9
2019-08-23,15:37:48.182000,10501,10502,10501,1
2019-08-23,15:37:48.189000,10501,10502,10501,12
2019-08-23,15:37:55.778000,10500,10501,10500,1
2019-08-23,15:37:55.947000,10500,10501,10500,2
2019-08-23,15:37:59.751000,10500,10501,10501,1
2019-08-23,15:38:02.222000,10500,10501,10500,10
2019-08-23,15:38:04.929000,10499,10500,10500,1
2019-08-23,15:38:14.101000,10499,10500,10500,1
2019-08-23,15:38:19.302000,10499,10500,10500,9
2019-08-23,15:38:19.862000,10500,10501,10500,1
2019-08-23,15:38:19.927000,10500,10501,10500,3
2019-08-23,15:38:23.973000,10500,10501,10500,1
2019-08-23,15:38:34.364000,10500,10501,10500,1
2019-08-23,15:38:35.255000,10500,10501,10500,1
2019-08-23,15:38:38.220000,10500,10501,10500,6
2019-08-23,15:38:39.508000,10499,10500,10499,1
2019-08-23,15:38:39.592000,10499,10500,10499,1
2019-08-23,15:38:39.746000,10499,10500,10500,1
2019-08-23,15:38:46.851000,10499,10500,10499,4
2019-08-23,15:38:50.566000,10499,10500,10499,10
2019-08-23,15:38:51.226000,10499,10500,10499,5
2019-08-23,15:38:51.625000,10498,10499,10499,1
2019-08-23,15:39:01.309000,10498,10499,10498,1
2019-08-23,15:39:01.345000,10498,10499,10499,1
2019-08-23,15:39:01.692000,10498,10499,10498,3
2019-08-23,15:39:01.694000,10498,10499,10498,2
2019-08-23,15:39:01.696000,10498,10499,10498,5
2019-08-23,15:39:01.699000,10498,10499,10498,5
2019-08-23,15:39:01.732000,10498,10499,10498,4
2019-08-23,15:39:01.763000,10498,10499,10498,2
2019-08-23,15:39:02.029000,10498,10499,10498,1
2019-08-23,15:39:02.172000,10498,10499,10498,12
2019-08-23,15:39:04.628000,10497,10498,10497,1
2019-08-23,15:39:04.828000,10497,10498,10497,1
2019-08-23,15:39:04.856000,10497,10498,10497,1
2019-08-23,15:39:05.805000,10497,10498,10497,1
2019-08-23,15:39:09.001000,10497,10498,10497,2
2019-08-23,15:39:09.478000,10497,10498,10497,1
2019-08-23,15:39:10.455000,10497,10498,10497,2
2019-08-23,15:39:10.530000,10497,10498,10497,1
2019-08-23,15:39:10.818000,10497,10498,10497,1
2019-08-23,15:39:10.936000,10497,10498,10498,10
2019-08-23,15:39:11.750000,10498,10499,10498,3
2019-08-23,15:39:16.946000,10498,10499,10498,4
2019-08-23,15:39:18.802000,10498,10499,10498,2
2019-08-23,15:39:19.648000,10498,10499,10498,1
2019-08-23,15:39:20.494000,10498,10499,10498,1
2019-08-23,15:39:26.747000,10498,10499,10498,1
2019-08-23,15:39:27.650000,10498,10499,10498,3
2019-08-23,15:39:30.100000,10498,10499,10498,1
2019-08-23,15:39:33.134000,10498,10499,10498,2
2019-08-23,15:39:33.148000,10498,10499,10498,1
2019-08-23,15:39:36.736000,10498,10499,10498,1
2019-08-23,15:39:36.978000,10498,10499,10498,2
2019-08-23,15:39:40.516000,10498,10499,10499,1
2019-08-23,15:39:42.094000,10498,10499,10499,5
2019-08-23,15:39:42.816000,10498,10499,10498,1
2019-08-23,15:40:00.805000,10498,10499,10498,1
2019-08-23,15:40:01.083000,10498,10499,10498,1
2019-08-23,15:40:03.821000,10498,10499,10498,2
2019-08-23,15:40:04.826000,10498,10499,10498,1
2019-08-23,15:40:16.793000,10498,10499,10498,5
2019-08-23,15:40:18.897000,10498,10499,10498,17
2019-08-23,15:40:18.911000,10498,10499,10498,1
2019-08-23,15:40:27.756000,10497,10498,10497,2
2019-08-23,15:40:38.710000,10497,10498,10497,1
2019-08-23,15:40:42.853000,10497,10498,10497,1
2019-08-23,15:40:49.231000,10497,10498,10497,2
2019-08-23,15:40:49.706000,10497,10498,10497,4
2019-08-23,15:40:51.129000,10497,10498,10497,4
2019-08-23,15:40:53.162000,10496,10497,10497,1
2019-08-23,15:40:55.682000,10496,10497,10497,1
2019-08-23,15:41:03.307000,10496,10497,10497,1
2019-08-23,15:41:06.072000,10496,10497,10496,2
2019-08-23,15:41:06.189000,10496,10497,10496,10
2019-08-23,15:41:06.314000,10496,10497,10496,4
2019-08-23,15:41:06.314000,10496,10497,10496,4
2019-08-23,15:41:06.328000,10496,10497,10496,4
2019-08-23,15:41:06.417000,10496,10497,10495,1
2019-08-23,15:41:06.662000,10495,10496,10495,3
2019-08-23,15:41:06.752000,10495,10496,10495,1
2019-08-23,15:41:06.908000,10495,10496,10495,1
2019-08-23,15:41:09.746000,10495,10496,10495,5
2019-08-23,15:41:11.588000,10495,10496,10495,15
2019-08-23,15:41:14.417000,10494,10495,10494,1
2019-08-23,15:41:14.478000,10494,10495,10494,1
2019-08-23,15:41:14.781000,10494,10495,10494,10
2019-08-23,15:41:14.923000,10494,10495,10494,1
2019-08-23,15:41:15.423000,10494,10495,10495,1
2019-08-23,15:41:17.676000,10494,10495,10494,1
2019-08-23,15:41:17.984000,10493,10494,10494,4
2019-08-23,15:41:19.518000,10494,10495,10494,5
2019-08-23,15:41:20.566000,10494,10495,10494,5
2019-08-23,15:41:21.373000,10494,10495,10494,1
2019-08-23,15:41:24.652000,10494,10495,10494,5
2019-08-23,15:41:25.016000,10494,10495,10494,1
2019-08-23,15:41:25.066000,10494,10495,10494,2
2019-08-23,15:41:26.024000,10494,10495,10494,1
2019-08-23,15:41:26.496000,10494,10495,10494,1
2019-08-23,15:41:27.897000,10494,10495,10494,1
2019-08-23,15:41:28.658000,10494,10495,10494,1
2019-08-23,15:41:32.021000,10494,10495,10495,1
2019-08-23,15:41:32.272000,10494,10495,10495,1
2019-08-23,15:41:33.152000,10494,10495,10495,1
2019-08-23,15:41:40.517000,10494,10495,10495,1
2019-08-23,15:41:44.369000,10494,10495,10495,1
2019-08-23,15:41:44.940000,10494,10495,10495,34
2019-08-23,15:41:47.675000,10495,10496,10496,1
2019-08-23,15:41:49.618000,10495,10496,10495,1
2019-08-23,15:41:49.795000,10495,10496,10495,1
2019-08-23,15:41:51.186000,10495,10496,10496,1
2019-08-23,15:41:52.409000,10495,10496,10495,1
2019-08-23,15:41:55.380000,10495,10496,10496,2
2019-08-23,15:41:55.555000,10495,10496,10496,1
2019-08-23,15:41:55.573000,10495,10496,10496,2
2019-08-23,15:42:01.160000,10496,10497,10496,1
2019-08-23,15:42:02.428000,10496,10497,10496,1
2019-08-23,15:42:05.941000,10496,10497,10496,2
2019-08-23,15:42:07.742000,10496,10497,10496,1
2019-08-23,15:42:08.318000,10496,10497,10496,2
2019-08-23,15:42:10.933000,10496,10497,10496,1
2019-08-23,15:42:11.115000,10496,10497,10496,1
2019-08-23,15:42:26.950000,10496,10497,10496,6
2019-08-23,15:42:27.288000,10496,10497,10496,2
2019-08-23,15:42:30.441000,10495,10496,10496,1
2019-08-23,15:42:33.757000,10495,10496,10496,1
2019-08-23,15:42:35.632000,10495,10496,10496,1
2019-08-23,15:42:35.783000,10495,10496,10496,3
2019-08-23,15:42:38.528000,10496,10497,10497,1
2019-08-23,15:42:38.599000,10496,10497,10497,1
2019-08-23,15:42:38.672000,10496,10497,10497,1
2019-08-23,15:42:38.743000,10496,10497,10497,1
2019-08-23,15:42:42.168000,10496,10497,10497,1
2019-08-23,15:42:45.635000,10496,10497,10497,1
2019-08-23,15:42:46.365000,10496,10497,10497,20
2019-08-23,15:42:47.760000,10497,10498,10498,2
2019-08-23,15:42:47.760000,10497,10498,10499,1
2019-08-23,15:42:51.606000,10498,10499,10499,1
2019-08-23,15:42:51.759000,10498,10499,10498,1
2019-08-23,15:42:53.714000,10498,10499,10499,1
2019-08-23,15:42:53.862000,10498,10499,10499,1
2019-08-23,15:42:59.475000,10498,10499,10499,1
2019-08-23,15:42:59.983000,10498,10499,10498,2
2019-08-23,15:43:02.265000,10498,10499,10498,1
2019-08-23,15:43:03.534000,10497,10498,10498,1
2019-08-23,15:43:06.793000,10497,10498,10498,1
2019-08-23,15:43:06.963000,10497,10498,10498,1
2019-08-23,15:43:10.550000,10497,10498,10498,5
2019-08-23,15:43:18.980000,10497,10498,10498,2
2019-08-23,15:43:19.955000,10497,10498,10498,1
2019-08-23,15:43:22.070000,10497,10498,10498,3
2019-08-23,15:43:31.153000,10497,10498,10498,5
2019-08-23,15:43:37.077000,10497,10498,10498,1
2019-08-23,15:43:37.674000,10497,10498,10498,1
2019-08-23,15:43:40.731000,10497,10498,10498,5
2019-08-23,15:43:40.781000,10497,10498,10498,3
2019-08-23,15:43:42.287000,10498,10499,10498,6
2019-08-23,15:43:44.524000,10498,10499,10499,1
2019-08-23,15:43:45.342000,10498,10499,10498,3
2019-08-23,15:43:47.289000,10498,10499,10498,1
2019-08-23,15:43:51.804000,10498,10499,10499,5
2019-08-23,15:44:02.640000,10498,10499,10498,4
2019-08-23,15:44:03.046000,10497,10499,10499,2
2019-08-23,15:44:14.633000,10498,10499,10499,5
2019-08-23,15:44:15.135000,10498,10499,10499,5
2019-08-23,15:44:15.641000,10498,10499,10499,5
2019-08-23,15:44:16.149000,10498,10499,10499,5
2019-08-23,15:44:16.649000,10498,10499,10499,1
2019-08-23,15:44:16.691000,10499,10500,10499,4
2019-08-23,15:44:17.038000,10499,10500,10499,2
2019-08-23,15:44:22.190000,10499,10500,10499,2
2019-08-23,15:44:24.996000,10499,10500,10499,1
2019-08-23,15:44:27.193000,10499,10500,10499,3
2019-08-23,15:44:27.539000,10498,10499,10499,2
2019-08-23,15:44:27.801000,10498,10499,10499,2
2019-08-23,15:44:28.089000,10498,10500,10500,3
2019-08-23,15:44:31.400000,10499,10500,10499,2
2019-08-23,15:44:31.439000,10499,10500,10499,2
2019-08-23,15:44:32.193000,10499,10500,10499,1
2019-08-23,15:44:32.682000,10498,10500,10500,1
2019-08-23,15:44:37.194000,10499,10500,10499,4
2019-08-23,15:44:38.995000,10498,10499,10499,2
2019-08-23,15:44:43.230000,10498,10499,10499,1
2019-08-23,15:44:48.118000,10498,10499,10499,1
2019-08-23,15:44:55.279000,10498,10499,10498,8
2019-08-23,15:44:58.256000,10497,10498,10498,1
2019-08-23,15:45:01.494000,10497,10498,10497,1
2019-08-23,15:45:02.056000,10497,10498,10497,1
2019-08-23,15:45:02.393000,10497,10498,10497,2
2019-08-23,15:45:02.409000,10497,10498,10497,3
2019-08-23,15:45:02.470000,10497,10498,10497,2
2019-08-23,15:45:02.477000,10497,10498,10497,5
2019-08-23,15:45:02.477000,10497,10498,10497,1
2019-08-23,15:45:02.477000,10497,10498,10496,4
2019-08-23,15:45:02.504000,10497,10498,10496,4
2019-08-23,15:45:03.130000,10496,10497,10496,4
2019-08-23,15:45:11.487000,10496,10497,10496,1
2019-08-23,15:45:14.170000,10496,10497,10496,1
2019-08-23,15:45:22.395000,10496,10497,10496,1
2019-08-23,15:45:24.059000,10496,10497,10496,11
2019-08-23,15:45:25.100000,10495,10496,10496,1
2019-08-23,15:45:26.780000,10495,10496,10495,1
2019-08-23,15:45:26.954000,10495,10496,10495,1
2019-08-23,15:45:34.265000,10495,10496,10496,2
2019-08-23,15:45:37.112000,10495,10497,10495,1
2019-08-23,15:45:48.921000,10495,10496,10496,1
2019-08-23,15:45:52.045000,10496,10497,10496,2
2019-08-23,15:45:52.671000,10495,10497,10495,1
2019-08-23,15:46:05.233000,10495,10496,10496,5
2019-08-23,15:46:05.233000,10495,10496,10496,2
2019-08-23,15:46:07.110000,10496,10497,10497,4
2019-08-23,15:46:07.189000,10496,10497,10497,2
2019-08-23,15:46:11.679000,10496,10498,10497,1
2019-08-23,15:46:16.398000,10496,10498,10496,1
2019-08-23,15:46:21.990000,10497,10498,10498,5
2019-08-23,15:46:22.173000,10497,10498,10498,1
2019-08-23,15:46:30.518000,10497,10498,10498,10
2019-08-23,15:46:37.865000,10497,10498,10498,1
2019-08-23,15:46:38.525000,10497,10498,10498,2
2019-08-23,15:46:53.424000,10497,10499,10499,1
2019-08-23,15:46:53.572000,10497,10499,10499,1
2019-08-23,15:46:53.901000,10497,10499,10497,1
2019-08-23,15:46:54.082000,10497,10499,10497,1
2019-08-23,15:46:54.374000,10497,10498,10497,1
2019-08-23,15:46:55.184000,10497,10498,10498,1
2019-08-23,15:47:00.192000,10497,10498,10498,1
2019-08-23,15:47:04.714000,10497,10498,10498,3
2019-08-23,15:47:22.717000,10497,10498,10498,1
2019-08-23,15:47:27.836000,10497,10498,10498,2
2019-08-23,15:47:28.136000,10497,10498,10498,2
2019-08-23,15:47:44.015000,10497,10498,10498,1
2019-08-23,15:47:45.183000,10497,10498,10498,5
2019-08-23,15:47:45.189000,10497,10498,10498,1
2019-08-23,15:47:45.631000,10498,10499,10499,5
2019-08-23,15:47:53.727000,10498,10499,10498,5
2019-08-23,15:48:08.469000,10497,10498,10498,1
2019-08-23,15:48:32.849000,10498,10499,10498,1
2019-08-23,15:48:41.718000,10498,10499,10499,4
2019-08-23,15:48:46.519000,10498,10499,10499,2
2019-08-23,15:48:58.974000,10498,10499,10499,1
2019-08-23,15:49:09.707000,10498,10499,10498,1
2019-08-23,15:49:11.705000,10498,10499,10499,1
2019-08-23,15:49:12.699000,10498,10499,10498,1
2019-08-23,15:49:15.641000,10498,10499,10499,20
2019-08-23,15:49:16.070000,10498,10500,10500,1
2019-08-23,15:49:17.700000,10499,10500,10499,3
2019-08-23,15:49:20.220000,10499,10500,10499,1
2019-08-23,15:49:23.283000,10499,10500,10500,1
2019-08-23,15:49:29.863000,10499,10500,10500,1
2019-08-23,15:49:33.159000,10499,10500,10500,1
2019-08-23,15:49:35.642000,10499,10500,10499,1
2019-08-23,15:49:36.776000,10499,10500,10500,1
2019-08-23,15:49:37.065000,10499,10500,10500,12
2019-08-23,15:49:37.189000,10499,10500,10500,5
2019-08-23,15:49:37.189000,10499,10500,10500,4
2019-08-23,15:49:37.190000,10499,10500,10500,1
2019-08-23,15:49:43.852000,10500,10501,10500,1
2019-08-23,15:49:50.345000,10500,10501,10501,1
2019-08-23,15:49:57.771000,10500,10501,10500,10
2019-08-23,15:49:58.173000,10500,10501,10500,1
2019-08-23,15:50:10.044000,10500,10501,10500,2
2019-08-23,15:50:18.473000,10500,10501,10500,1
2019-08-23,15:50:25.525000,10500,10501,10501,1
2019-08-23,15:50:25.853000,10500,10501,10500,2
2019-08-23,15:50:54.300000,10500,10501,10500,1
2019-08-23,15:50:57.604000,10500,10501,10500,2
2019-08-23,15:50:58.390000,10500,10501,10500,1
2019-08-23,15:50:58.422000,10500,10501,10500,1
2019-08-23,15:50:59.013000,10500,10501,10500,9
2019-08-23,15:50:59.421000,10499,10500,10500,7
2019-08-23,15:51:01.331000,10499,10500,10500,10
2019-08-23,15:51:02.597000,10499,10500,10500,1
2019-08-23,15:51:12.231000,10500,10501,10500,5
2019-08-23,15:51:17.065000,10499,10500,10499,1
2019-08-23,15:51:22.551000,10499,10500,10499,1
2019-08-23,15:51:27.645000,10498,10499,10499,2
2019-08-23,15:51:39.488000,10498,10499,10499,2
2019-08-23,15:51:43.048000,10498,10499,10498,1
2019-08-23,15:51:44.198000,10498,10499,10499,2
2019-08-23,15:51:48.527000,10498,10499,10499,1
2019-08-23,15:51:51.048000,10498,10499,10499,12
2019-08-23,15:51:51.216000,10499,10500,10500,1
2019-08-23,15:51:51.261000,10499,10500,10500,1
2019-08-23,15:51:51.797000,10499,10500,10500,1
2019-08-23,15:51:53.768000,10499,10500,10500,5
2019-08-23,15:51:56.327000,10499,10500,10500,1
2019-08-23,15:52:02.221000,10499,10500,10500,8
2019-08-23,15:52:04.591000,10500,10501,10501,3
2019-08-23,15:52:05.938000,10500,10501,10500,2
2019-08-23,15:52:29.779000,10500,10501,10500,1
2019-08-23,15:53:05.214000,10500,10501,10500,1
2019-08-23,15:53:13.922000,10500,10501,10500,2
2019-08-23,15:53:13.923000,10500,10501,10500,3
2019-08-23,15:53:13.923000,10500,10501,10500,5
2019-08-23,15:53:13.923000,10500,10501,10500,16
2019-08-23,15:53:19.643000,10499,10500,10500,10
2019-08-23,15:53:20.225000,10499,10500,10500,1
2019-08-23,15:53:30.099000,10499,10500,10499,5
2019-08-23,15:53:37.914000,10498,10499,10499,2
2019-08-23,15:53:39.029000,10498,10499,10499,5
2019-08-23,15:53:54.771000,10498,10499,10499,1
2019-08-23,15:53:56.564000,10498,10499,10499,1
2019-08-23,15:54:36.590000,10498,10499,10499,1
2019-08-23,15:54:37.899000,10498,10500,10500,12
2019-08-23,15:54:39.805000,10499,10500,10499,1
2019-08-23,15:54:42.910000,10499,10500,10500,3
2019-08-23,15:54:44.187000,10499,10500,10500,1
2019-08-23,15:54:52.734000,10499,10500,10500,1
2019-08-23,15:55:01.135000,10499,10500,10499,1
2019-08-23,15:55:04.561000,10499,10500,10499,1
2019-08-23,15:55:13.924000,10499,10500,10499,1
2019-08-23,15:55:39.593000,10499,10500,10500,5
2019-08-23,15:55:40.515000,10499,10500,10500,1
2019-08-23,15:55:48.564000,10500,10501,10500,1
2019-08-23,15:55:48.908000,10499,10501,10499,1
2019-08-23,15:56:23.390000,10500,10501,10500,1
2019-08-23,15:56:44.401000,10499,10500,10500,1
2019-08-23,15:56:51.510000,10499,10500,10499,1
2019-08-23,15:56:53.064000,10499,10500,10500,5
2019-08-23,15:56:55.175000,10499,10500,10500,1
2019-08-23,15:56:55.175000,10499,10500,10501,1
2019-08-23,15:57:17.561000,10499,10501,10499,1
2019-08-23,15:57:21.603000,10499,10500,10500,1
2019-08-23,15:57:27.089000,10500,10501,10500,1
2019-08-23,15:57:38.380000,10499,10500,10500,2
2019-08-23,15:57:55.618000,10500,10501,10500,1
2019-08-23,15:58:04.917000,10500,10501,10501,5
2019-08-23,15:58:43.744000,10500,10501,10501,1
2019-08-23,15:58:49.055000,10500,10501,10500,1
2019-08-23,15:58:49.064000,10500,10501,10500,5
2019-08-23,15:58:58.689000,10499,10500,10499,2
2019-08-23,15:59:02.851000,10498,10500,10500,1
2019-08-23,15:59:07.710000,10498,10499,10499,1
2019-08-23,15:59:12.918000,10498,10499,10499,1
2019-08-23,15:59:20.656000,10498,10499,10499,1
2019-08-23,15:59:24.987000,10498,10499,10499,1
2019-08-23,15:59:57.991000,10498,10499,10499,1
2019-08-23,16:00:00.822000,10499,10500,10500,1
2019-08-23,16:00:01.381000,10499,10501,10499,1
2019-08-23,16:00:01.781000,10499,10500,10500,1
2019-08-23,16:00:01.854000,10499,10501,10499,1
2019-08-23,16:00:02.073000,10499,10500,10501,1
2019-08-23,16:00:02.101000,10499,10500,10499,1
2019-08-23,16:00:02.562000,10499,10501,10501,1
2019-08-23,16:00:02.760000,10499,10501,10501,1
2019-08-23,16:00:02.852000,10499,10501,10499,1
2019-08-23,16:00:02.962000,10499,10500,10500,1
2019-08-23,16:00:03.161000,10499,10501,10501,1
2019-08-23,16:00:03.358000,10499,10501,10499,1
2019-08-23,16:00:03.367000,10499,10501,10501,1
2019-08-23,16:00:03.564000,10499,10501,10501,10
2019-08-23,16:00:03.645000,10499,10501,10501,2
2019-08-23,16:00:03.654000,10499,10501,10501,2
2019-08-23,16:00:03.672000,10499,10501,10501,1
2019-08-23,16:00:03.697000,10499,10501,10501,1
2019-08-23,16:00:03.708000,10499,10501,10501,1
2019-08-23,16:00:03.723000,10499,10501,10501,1
2019-08-23,16:00:03.729000,10499,10501,10501,1
2019-08-23,16:00:03.877000,10500,10501,10500,1
2019-08-23,16:00:04.356000,10500,10501,10500,1
2019-08-23,16:00:04.699000,10500,10501,10500,1
2019-08-23,16:00:04.946000,10500,10501,10500,1
2019-08-23,16:00:06.365000,10500,10501,10501,1
2019-08-23,16:00:07.384000,10500,10501,10500,1
2019-08-23,16:00:07.658000,10500,10501,10500,1
2019-08-23,16:00:07.900000,10500,10501,10500,1
2019-08-23,16:00:08.356000,10500,10501,10500,1
2019-08-23,16:00:17.140000,10499,10500,10499,1
2019-08-23,16:00:19.906000,10499,10500,10500,1
2019-08-23,16:00:20.149000,10499,10500,10499,1
2019-08-23,16:00:21.791000,10498,10499,10499,2
2019-08-23,16:00:22.413000,10498,10499,10499,1
2019-08-23,16:00:24.925000,10498,10499,10498,1
2019-08-23,16:00:25.893000,10498,10499,10498,1
2019-08-23,16:00:27.004000,10498,10499,10498,1
2019-08-23,16:00:33.251000,10498,10499,10498,2
2019-08-23,16:00:42.411000,10498,10499,10498,1
2019-08-23,16:00:43.581000,10498,10499,10498,1
2019-08-23,16:00:48.761000,10498,10499,10498,1
2019-08-23,16:00:50.252000,10498,10499,10498,1
2019-08-23,16:00:58.743000,10498,10499,10498,4
2019-08-23,16:00:59.703000,10498,10499,10498,1
2019-08-23,16:01:05.741000,10498,10499,10498,1
2019-08-23,16:01:21.931000,10498,10499,10498,1
2019-08-23,16:01:25.183000,10498,10499,10498,1
2019-08-23,16:01:26.912000,10498,10499,10498,1
2019-08-23,16:01:29.644000,10498,10499,10498,1
2019-08-23,16:01:39.505000,10498,10499,10498,1
2019-08-23,16:01:48.173000,10497,10499,10497,1
2019-08-23,16:01:50.606000,10497,10499,10497,1
2019-08-23,16:02:00.546000,10497,10498,10498,2
2019-08-23,16:02:08.467000,10498,10499,10498,1
2019-08-23,16:02:13.419000,10498,10499,10498,1
2019-08-23,16:02:19.030000,10498,10499,10499,1
2019-08-23,16:02:31.578000,10498,10499,10498,1
2019-08-23,16:02:38.674000,10498,10499,10498,1
2019-08-23,16:02:38.689000,10498,10499,10498,1
2019-08-23,16:02:39.945000,10498,10499,10499,1
2019-08-23,16:02:40.172000,10498,10499,10498,1
2019-08-23,16:02:45.156000,10497,10498,10498,1
2019-08-23,16:02:52.598000,10498,10499,10498,1
2019-08-23,16:02:54.402000,10498,10499,10498,1
2019-08-23,16:02:56.802000,10497,10499,10497,1
2019-08-23,16:03:03.994000,10498,10499,10498,1
2019-08-23,16:03:16.098000,10498,10499,10498,1
2019-08-23,16:03:24,10498,10499,10498,1
2019-08-23,16:03:39.404000,10498,10499,10498,1
2019-08-23,16:03:41.717000,10498,10499,10499,2
2019-08-23,16:03:41.717000,10498,10499,10499,1
2019-08-23,16:03:43.082000,10499,10500,10499,1
2019-08-23,16:03:54.274000,10499,10500,10499,1
2019-08-23,16:03:59.542000,10499,10500,10500,6
2019-08-23,16:03:59.564000,10499,10500,10500,16
2019-08-23,16:03:59.839000,10500,10501,10499,1
2019-08-23,16:04:03.146000,10499,10501,10501,1
2019-08-23,16:04:03.765000,10499,10501,10501,1
2019-08-23,16:04:10.048000,10500,10501,10500,1
2019-08-23,16:04:44.301000,10500,10501,10501,1
2019-08-23,16:04:50.561000,10500,10501,10501,1
2019-08-23,16:05:07.316000,10500,10501,10501,1
2019-08-23,16:05:07.479000,10500,10501,10501,14
2019-08-23,16:05:07.853000,10501,10502,10502,1
2019-08-23,16:05:08.318000,10501,10502,10502,1
2019-08-23,16:05:13.106000,10501,10502,10502,1
2019-08-23,16:05:13.108000,10501,10502,10502,2
2019-08-23,16:05:26.399000,10501,10502,10502,1
2019-08-23,16:05:27.647000,10501,10502,10502,3
2019-08-23,16:05:27.647000,10501,10502,10502,5
2019-08-23,16:05:27.689000,10501,10502,10502,3
2019-08-23,16:05:29.197000,10502,10503,10503,1
2019-08-23,16:05:29.463000,10502,10503,10503,3
2019-08-23,16:05:31.864000,10502,10503,10503,5
2019-08-23,16:05:32.904000,10502,10503,10503,3
2019-08-23,16:05:34.879000,10502,10503,10503,1
2019-08-23,16:05:41.864000,10503,10504,10504,1
2019-08-23,16:05:42.188000,10503,10504,10504,10
2019-08-23,16:05:42.267000,10503,10504,10504,1
2019-08-23,16:05:42.926000,10503,10504,10504,1
2019-08-23,16:05:44.470000,10503,10504,10504,2
2019-08-23,16:05:46.869000,10503,10504,10504,1
2019-08-23,16:05:49.439000,10503,10504,10504,1
2019-08-23,16:05:53.016000,10503,10504,10504,2
2019-08-23,16:05:54.695000,10503,10504,10504,1
2019-08-23,16:06:10.683000,10503,10504,10504,4
2019-08-23,16:06:15.940000,10503,10504,10504,1
2019-08-23,16:06:17.711000,10503,10504,10504,1
2019-08-23,16:06:18.776000,10503,10504,10504,4
2019-08-23,16:06:18.944000,10503,10504,10504,1
2019-08-23,16:06:19.218000,10503,10504,10504,1
2019-08-23,16:06:21.275000,10503,10504,10504,1
2019-08-23,16:06:22.615000,10503,10504,10504,1
2019-08-23,16:06:30.044000,10503,10504,10504,2
2019-08-23,16:06:31.117000,10503,10504,10504,1
2019-08-23,16:06:36.991000,10503,10504,10503,1
2019-08-23,16:06:37.035000,10503,10504,10504,1
2019-08-23,16:06:42.529000,10503,10504,10503,10
2019-08-23,16:06:43.940000,10502,10503,10503,5
2019-08-23,16:06:53.996000,10501,10503,10503,1
2019-08-23,16:06:59.707000,10501,10502,10502,3
2019-08-23,16:07:17.662000,10501,10502,10502,1
2019-08-23,16:07:21.108000,10501,10502,10501,1
2019-08-23,16:07:22.070000,10501,10502,10501,1
2019-08-23,16:07:23.925000,10501,10502,10501,1
2019-08-23,16:07:30.578000,10501,10502,10501,1
2019-08-23,16:07:36.904000,10501,10502,10501,1
2019-08-23,16:07:38.815000,10501,10502,10501,1
2019-08-23,16:08:28.424000,10501,10502,10501,2
2019-08-23,16:08:43.150000,10500,10501,10500,2
2019-08-23,16:08:43.189000,10500,10501,10500,2
2019-08-23,16:08:58.245000,10499,10500,10500,1
2019-08-23,16:09:01.866000,10499,10500,10499,9
2019-08-23,16:09:05.065000,10498,10499,10498,13
2019-08-23,16:09:05.066000,10498,10499,10498,1
2019-08-23,16:09:05.066000,10498,10499,10498,2
2019-08-23,16:09:05.190000,10498,10499,10498,6
2019-08-23,16:09:11.980000,10498,10499,10498,1
2019-08-23,16:09:14.713000,10498,10499,10498,1
2019-08-23,16:09:37.069000,10498,10499,10498,1
2019-08-23,16:09:37.731000,10498,10499,10498,1
2019-08-23,16:09:46.105000,10498,10499,10498,5
2019-08-23,16:10:02.726000,10498,10499,10498,7
2019-08-23,16:10:02.963000,10498,10499,10498,1
2019-08-23,16:10:08.488000,10497,10498,10498,1
2019-08-23,16:10:21.467000,10498,10499,10499,4
2019-08-23,16:10:57.849000,10498,10499,10499,1
2019-08-23,16:11:20.152000,10498,10499,10499,2
2019-08-23,16:11:28.394000,10499,10500,10500,1
2019-08-23,16:11:32.412000,10499,10500,10500,2
2019-08-23,16:12:08.815000,10500,10501,10501,8
2019-08-23,16:12:36.557000,10501,10502,10502,1
2019-08-23,16:12:41.690000,10501,10502,10502,4
2019-08-23,16:12:45.236000,10501,10502,10502,1
2019-08-23,16:13:19.076000,10502,10503,10503,1
2019-08-23,16:13:39.151000,10502,10503,10502,2
2019-08-23,16:13:40.333000,10502,10503,10503,1
2019-08-23,16:14:16.801000,10502,10503,10503,1
2019-08-23,16:14:18.853000,10502,10503,10503,2
2019-08-23,16:14:29.108000,10502,10503,10502,6
2019-08-23,16:14:29.189000,10502,10503,10502,11
2019-08-23,16:14:42.375000,10501,10502,10501,1
2019-08-23,16:14:42.564000,10500,10501,10501,1
2019-08-23,16:14:53.626000,10500,10501,10500,2
2019-08-23,16:15:00.453000,10500,10501,10500,5
2019-08-23,16:15:01.049000,10500,10501,10500,4
2019-08-23,16:15:01.180000,10500,10501,10500,1
2019-08-23,16:15:22.618000,10499,10501,10499,1
2019-08-23,16:15:32.664000,10499,10501,10501,1
2019-08-23,16:16:22.638000,10499,10501,10501,1
2019-08-23,16:16:48.953000,10500,10501,10500,2
2019-08-23,16:17:13.455000,10500,10501,10500,1
2019-08-23,16:17:34.758000,10500,10501,10500,1
2019-08-23,16:17:52.465000,10500,10501,10500,1
2019-08-23,16:17:55.737000,10500,10501,10500,1
2019-08-23,16:18:02.870000,10500,10501,10500,2
2019-08-23,16:18:10.576000,10500,10501,10501,1
2019-08-23,16:18:12.422000,10500,10501,10501,8
2019-08-23,16:18:40.727000,10500,10501,10501,8
2019-08-23,16:19:43.723000,10501,10502,10502,7
2019-08-23,16:19:43.988000,10502,10503,10503,1
2019-08-23,16:20:42.718000,10502,10503,10503,1
2019-08-23,16:20:45.554000,10502,10503,10503,1
2019-08-23,16:20:47.590000,10502,10503,10503,1
2019-08-23,16:21:04.492000,10502,10503,10502,11
2019-08-23,16:21:04.492000,10502,10503,10501,9
2019-08-23,16:21:59.671000,10501,10502,10501,1
2019-08-23,16:22:10.654000,10501,10502,10501,1
2019-08-23,16:22:57.359000,10501,10502,10501,1
2019-08-23,16:23:13.541000,10501,10502,10501,1
2019-08-23,16:23:31.635000,10501,10502,10501,3
2019-08-23,16:23:31.885000,10501,10502,10501,1
2019-08-23,16:23:33.752000,10501,10502,10501,1
2019-08-23,16:23:40.125000,10501,10502,10501,1
2019-08-23,16:23:44.963000,10501,10502,10502,1
2019-08-23,16:23:58.675000,10501,10502,10502,1
2019-08-23,16:24:13.020000,10501,10502,10501,3
2019-08-23,16:24:18.677000,10500,10501,10501,1
2019-08-23,16:25:01.241000,10500,10501,10500,1
2019-08-23,16:25:07.503000,10500,10501,10500,1
2019-08-23,16:25:24.426000,10500,10501,10500,1
2019-08-23,16:25:39.545000,10500,10501,10500,1
2019-08-23,16:25:41.651000,10500,10501,10501,3
2019-08-23,16:25:43.256000,10500,10501,10501,2
2019-08-23,16:25:53.063000,10501,10502,10501,2
2019-08-23,16:26:58.152000,10501,10502,10502,2
2019-08-23,16:26:58.156000,10501,10502,10502,5
2019-08-23,16:26:58.189000,10501,10502,10502,1
2019-08-23,16:26:59.294000,10502,10503,10503,1
2019-08-23,16:27:01.679000,10502,10503,10503,1
2019-08-23,16:27:51.529000,10502,10503,10502,3
2019-08-23,16:28:09.564000,10501,10502,10502,2
2019-08-23,16:28:40.879000,10502,10503,10503,1
2019-08-23,16:28:40.885000,10502,10503,10503,3
2019-08-23,16:28:40.886000,10502,10503,10503,1
2019-08-23,16:28:40.889000,10502,10503,10503,2
2019-08-23,16:28:40.899000,10502,10503,10503,2
2019-08-23,16:28:40.899000,10502,10503,10503,1
2019-08-23,16:28:44.434000,10502,10504,10504,2
2019-08-23,16:28:53.502000,10503,10504,10504,1
2019-08-23,16:28:55.400000,10503,10504,10504,2
2019-08-23,16:29:11.257000,10503,10504,10503,1
2019-08-23,16:29:13.368000,10503,10504,10504,1
2019-08-23,16:29:14.507000,10503,10504,10504,2
2019-08-23,16:29:20.518000,10503,10504,10504,1
2019-08-23,16:29:22.236000,10503,10504,10503,1
2019-08-23,16:29:36.225000,10503,10504,10503,1
2019-08-23,16:29:57.783000,10503,10504,10503,1
2019-08-23,16:30:26.530000,10503,10504,10503,1
2019-08-23,16:30:26.832000,10503,10504,10504,1
2019-08-23,16:30:29.039000,10503,10504,10504,11
2019-08-23,16:30:29.557000,10504,10505,10505,1
2019-08-23,16:30:29.708000,10504,10505,10505,1
2019-08-23,16:30:29.819000,10504,10505,10505,1
2019-08-23,16:30:29.860000,10504,10505,10505,1
2019-08-23,16:30:45.916000,10504,10505,10504,1
2019-08-23,16:30:49.365000,10504,10505,10504,1
2019-08-23,16:30:57.901000,10504,10505,10505,23
2019-08-23,16:30:57.943000,10504,10505,10505,1
2019-08-23,16:30:57.947000,10504,10505,10505,11
2019-08-23,16:30:59.681000,10505,10506,10505,1
2019-08-23,16:31:02.983000,10505,10506,10505,2
2019-08-23,16:31:05.606000,10505,10506,10505,2
2019-08-23,16:31:06.532000,10505,10506,10505,1
2019-08-23,16:31:11.923000,10505,10506,10505,1
2019-08-23,16:31:13.174000,10505,10506,10505,1
2019-08-23,16:31:21.457000,10505,10506,10505,1
2019-08-23,16:31:23.540000,10505,10506,10506,2
2019-08-23,16:31:24.397000,10505,10506,10506,1
2019-08-23,16:31:24.556000,10505,10506,10505,1
2019-08-23,16:31:25.741000,10505,10506,10505,1
2019-08-23,16:31:31.383000,10505,10506,10505,5
2019-08-23,16:31:40.794000,10505,10506,10505,1
2019-08-23,16:31:43.334000,10505,10506,10506,1
2019-08-23,16:31:45.925000,10505,10506,10506,4
2019-08-23,16:31:48.647000,10505,10506,10505,1
2019-08-23,16:31:57.046000,10505,10506,10506,1
2019-08-23,16:32:06.466000,10505,10506,10506,6
2019-08-23,16:32:07.386000,10505,10506,10506,1
2019-08-23,16:32:16.741000,10505,10506,10506,1
2019-08-23,16:32:19.086000,10505,10506,10506,19
2019-08-23,16:32:35.269000,10506,10507,10507,1
2019-08-23,16:32:35.817000,10506,10507,10506,1
2019-08-23,16:32:41.820000,10506,10507,10507,2
2019-08-23,16:32:43.694000,10506,10507,10507,1
2019-08-23,16:32:46.643000,10506,10507,10507,1
2019-08-23,16:32:57.341000,10506,10507,10507,1
2019-08-23,16:33:08.101000,10506,10507,10506,1
2019-08-23,16:33:08.190000,10506,10507,10506,9
2019-08-23,16:33:15.910000,10505,10506,10506,1
2019-08-23,16:33:18.676000,10505,10506,10506,1
2019-08-23,16:33:19.543000,10505,10506,10506,1
2019-08-23,16:33:20.734000,10505,10506,10506,1
2019-08-23,16:33:35.493000,10505,10506,10506,4
2019-08-23,16:33:51.426000,10505,10506,10506,1
2019-08-23,16:34:00.553000,10505,10506,10505,1
2019-08-23,16:34:02.498000,10505,10506,10505,2
2019-08-23,16:34:05.201000,10505,10506,10505,1
2019-08-23,16:34:09.693000,10505,10506,10505,1
2019-08-23,16:34:14.941000,10505,10506,10505,1
2019-08-23,16:34:21.072000,10505,10506,10505,3
2019-08-23,16:34:21.746000,10505,10506,10505,1
2019-08-23,16:34:24.780000,10505,10506,10505,1
2019-08-23,16:34:47.759000,10505,10506,10506,1
2019-08-23,16:34:52.189000,10505,10506,10505,3
2019-08-23,16:34:52.189000,10505,10506,10505,4
2019-08-23,16:34:52.314000,10505,10506,10505,12
2019-08-23,16:34:57.753000,10504,10505,10504,1
2019-08-23,16:34:57.975000,10504,10505,10504,1
2019-08-23,16:34:59.015000,10504,10505,10504,1
2019-08-23,16:35:00.707000,10504,10505,10504,1
2019-08-23,16:35:01.156000,10504,10505,10504,1
2019-08-23,16:35:03.484000,10504,10505,10504,1
2019-08-23,16:35:14.435000,10504,10505,10504,2
2019-08-23,16:35:27.872000,10504,10505,10504,1
2019-08-23,16:35:32.815000,10504,10505,10504,1
2019-08-23,16:35:40.933000,10504,10505,10505,1
2019-08-23,16:35:52.413000,10504,10505,10504,1
2019-08-23,16:35:55.327000,10504,10505,10505,2
2019-08-23,16:35:56.777000,10504,10505,10505,3
2019-08-23,16:35:56.777000,10504,10505,10506,2
2019-08-23,16:36:08.019000,10505,10506,10505,2
2019-08-23,16:36:12.681000,10505,10506,10505,1
2019-08-23,16:36:33.872000,10505,10506,10505,1
2019-08-23,16:36:43.257000,10505,10506,10505,1
2019-08-23,16:36:55.913000,10505,10506,10505,1
2019-08-23,16:37:15.758000,10505,10506,10505,1
2019-08-23,16:37:29.416000,10505,10506,10505,2
2019-08-23,16:37:44.063000,10505,10506,10505,1
2019-08-23,16:38:24.273000,10504,10505,10505,1
2019-08-23,16:38:29.386000,10505,10506,10506,1
2019-08-23,16:38:30.588000,10505,10506,10505,1
2019-08-23,16:38:32.895000,10505,10506,10505,1
2019-08-23,16:38:33.278000,10505,10506,10505,1
2019-08-23,16:38:41.471000,10505,10506,10505,1
2019-08-23,16:38:57.314000,10505,10506,10505,2
2019-08-23,16:39:10.021000,10505,10506,10505,1
2019-08-23,16:39:34.328000,10504,10505,10504,1
2019-08-23,16:39:39.350000,10504,10505,10505,1
2019-08-23,16:39:49.190000,10504,10505,10504,1
2019-08-23,16:39:49.231000,10504,10505,10504,1
2019-08-23,16:39:49.314000,10504,10505,10504,4
2019-08-23,16:39:49.314000,10504,10505,10504,3
2019-08-23,16:39:49.832000,10503,10504,10504,1
2019-08-23,16:39:50.392000,10503,10504,10504,1
2019-08-23,16:39:50.435000,10503,10504,10504,1
2019-08-23,16:39:57.418000,10503,10504,10503,1
2019-08-23,16:39:58.686000,10503,10504,10503,1
2019-08-23,16:40:15.715000,10503,10504,10503,1
2019-08-23,16:40:20.932000,10503,10504,10503,1
2019-08-23,16:40:23.001000,10503,10504,10503,1
2019-08-23,16:40:27.521000,10503,10504,10504,1
2019-08-23,16:40:35.658000,10503,10505,10505,1
2019-08-23,16:40:40.729000,10504,10505,10504,1
2019-08-23,16:40:42.265000,10504,10505,10504,4
2019-08-23,16:40:42.301000,10504,10505,10504,1
2019-08-23,16:40:53.968000,10503,10504,10504,1
2019-08-23,16:41:06.572000,10503,10504,10503,1
2019-08-23,16:41:08.348000,10503,10504,10503,1
2019-08-23,16:41:18.628000,10503,10504,10503,1
2019-08-23,16:41:24.211000,10503,10504,10503,1
2019-08-23,16:41:28.333000,10503,10504,10503,1
2019-08-23,16:41:38.909000,10503,10504,10503,2
2019-08-23,16:41:43.177000,10503,10504,10503,1
2019-08-23,16:41:44.909000,10503,10504,10503,2
2019-08-23,16:41:46.137000,10503,10504,10503,1
2019-08-23,16:42:14.573000,10503,10504,10503,1
2019-08-23,16:42:18.629000,10503,10504,10504,1
2019-08-23,16:42:32.444000,10503,10504,10504,1
2019-08-23,16:42:34.435000,10503,10504,10503,1
2019-08-23,16:42:39.071000,10503,10504,10504,4
2019-08-23,16:42:46.682000,10504,10505,10504,1
2019-08-23,16:42:55.449000,10503,10505,10503,1
2019-08-23,16:43:16.484000,10504,10505,10504,1
2019-08-23,16:43:20.247000,10504,10505,10504,1
2019-08-23,16:43:20.518000,10504,10505,10504,1
2019-08-23,16:43:20.862000,10504,10505,10504,2
2019-08-23,16:43:32.052000,10504,10505,10504,1
2019-08-23,16:43:38.819000,10504,10505,10504,1
2019-08-23,16:44:00.972000,10504,10505,10504,1
2019-08-23,16:44:12.703000,10504,10505,10504,2
2019-08-23,16:44:13.826000,10504,10505,10505,1
2019-08-23,16:44:26.437000,10504,10505,10504,1
2019-08-23,16:44:38.151000,10504,10505,10505,1
2019-08-23,16:44:45.381000,10504,10505,10504,1
2019-08-23,16:44:49.307000,10504,10505,10504,1
2019-08-23,16:45:01.312000,10504,10505,10504,1
2019-08-23,16:45:01.657000,10503,10505,10505,2
2019-08-23,16:45:08.315000,10504,10505,10504,1
2019-08-23,16:45:08.813000,10504,10505,10504,1
2019-08-23,16:45:31.101000,10504,10505,10504,1
2019-08-23,16:45:52.669000,10504,10505,10504,1
2019-08-23,16:46:13.878000,10504,10505,10504,1
2019-08-23,16:46:36.776000,10504,10505,10504,1
2019-08-23,16:46:47.081000,10504,10505,10504,1
2019-08-23,16:46:47.331000,10504,10505,10504,1
2019-08-23,16:46:47.693000,10504,10505,10504,1
2019-08-23,16:46:48.133000,10504,10505,10504,1
2019-08-23,16:46:58.190000,10504,10505,10504,1
2019-08-23,16:47:21.503000,10504,10505,10504,1
2019-08-23,16:47:46.864000,10504,10505,10504,2
2019-08-23,16:48:02.637000,10503,10504,10503,1
2019-08-23,16:48:23.115000,10503,10504,10503,2
2019-08-23,16:48:40.515000,10503,10504,10503,1
2019-08-23,16:49:07.539000,10503,10504,10504,6
2019-08-23,16:49:22.976000,10503,10504,10503,5
2019-08-23,16:49:23.064000,10503,10504,10503,3
2019-08-23,16:49:23.064000,10503,10504,10503,2
2019-08-23,16:49:25.221000,10502,10503,10503,6
2019-08-23,16:49:39.772000,10502,10503,10503,4
2019-08-23,16:49:40.200000,10502,10503,10503,4
2019-08-23,16:49:46.738000,10502,10503,10503,4
2019-08-23,16:49:46.937000,10502,10503,10503,4
2019-08-23,16:49:47.117000,10502,10503,10503,4
2019-08-23,16:49:47.428000,10502,10503,10503,3
2019-08-23,16:49:47.439000,10503,10504,10503,1
2019-08-23,16:49:53.524000,10503,10504,10503,1
2019-08-23,16:49:55.239000,10503,10504,10503,1
2019-08-23,16:50:02.581000,10502,10503,10502,1
2019-08-23,16:50:02.848000,10502,10503,10502,1
2019-08-23,16:50:02.898000,10502,10503,10502,3
2019-08-23,16:50:03.379000,10502,10503,10503,1
2019-08-23,16:50:03.420000,10502,10503,10503,1
2019-08-23,16:50:31.594000,10502,10503,10502,1
2019-08-23,16:50:31.690000,10502,10503,10502,9
2019-08-23,16:50:33.949000,10501,10502,10502,2
2019-08-23,16:50:34.011000,10501,10502,10501,1
2019-08-23,16:50:35.006000,10501,10502,10502,1
2019-08-23,16:50:42.287000,10502,10503,10503,2
2019-08-23,16:50:44.618000,10502,10503,10502,4
2019-08-23,16:51:01.315000,10502,10503,10502,1
2019-08-23,16:51:04.437000,10502,10503,10502,2
2019-08-23,16:51:04.748000,10502,10503,10502,1
2019-08-23,16:51:08.097000,10502,10503,10502,8
2019-08-23,16:51:08.120000,10502,10503,10502,2
2019-08-23,16:51:09.774000,10501,10502,10502,3
2019-08-23,16:51:14.712000,10502,10503,10502,1
2019-08-23,16:51:16.251000,10502,10503,10502,1
2019-08-23,16:51:21.145000,10502,10503,10502,1
2019-08-23,16:51:25.807000,10502,10503,10502,1
2019-08-23,16:51:27.292000,10502,10503,10502,1
2019-08-23,16:51:28.249000,10502,10503,10502,1
2019-08-23,16:51:35.474000,10502,10503,10502,1
2019-08-23,16:51:42.995000,10502,10503,10502,1
2019-08-23,16:52:25.942000,10502,10503,10502,1
2019-08-23,16:53:06.123000,10502,10503,10502,3
2019-08-23,16:53:09.163000,10502,10503,10503,1
2019-08-23,16:54:34.564000,10502,10503,10503,1
2019-08-23,16:57:13.439000,10502,10503,10503,1
2019-08-23,16:57:19.715000,10502,10503,10503,1
2019-08-23,16:58:40.695000,10502,10503,10502,1
2019-08-23,16:59:40.015000,10502,10503,10502,5
2019-08-23,16:59:48.443000,10502,10503,10502,1
2019-08-23,17:00:07.289000,10502,10503,10502,1
2019-08-23,17:00:07.523000,10502,10503,10503,3
2019-08-23,17:00:08.225000,10502,10503,10503,1
2019-08-23,17:00:08.255000,10502,10503,10503,1
2019-08-23,17:00:23.597000,10502,10503,10503,1
2019-08-23,17:00:31.223000,10502,10503,10502,1
2019-08-23,17:01:07.293000,10502,10503,10503,1
2019-08-23,17:01:14.314000,10502,10503,10503,3
2019-08-23,17:01:14.439000,10502,10503,10503,12
2019-08-23,17:01:14.439000,10502,10503,10503,1
2019-08-23,17:01:14.439000,10502,10503,10503,2
2019-08-23,17:01:14.564000,10502,10503,10503,4
2019-08-23,17:01:17.426000,10503,10504,10503,1
2019-08-23,17:01:32.118000,10503,10504,10504,2
2019-08-23,17:01:41.627000,10503,10504,10504,4
2019-08-23,17:01:41.627000,10503,10504,10504,1
2019-08-23,17:01:41.628000,10503,10504,10504,1
2019-08-23,17:01:41.628000,10503,10504,10504,7
2019-08-23,17:01:41.628000,10503,10504,10504,6
2019-08-23,17:01:41.628000,10503,10504,10504,7
2019-08-23,17:01:41.638000,10503,10504,10504,1
2019-08-23,17:01:41.639000,10503,10504,10504,1
2019-08-23,17:01:42.296000,10504,10505,10505,4
2019-08-23,17:01:52.056000,10504,10505,10505,2
2019-08-23,17:01:55.869000,10504,10505,10505,10
2019-08-23,17:02:08.052000,10505,10506,10506,1
2019-08-23,17:02:08.419000,10505,10506,10505,1
2019-08-23,17:02:13.417000,10505,10506,10506,1
2019-08-23,17:02:25.335000,10505,10506,10506,1
2019-08-23,17:02:30.113000,10505,10506,10506,1
2019-08-23,17:02:39.583000,10505,10506,10505,1
2019-08-23,17:02:44.437000,10505,10506,10505,1
2019-08-23,17:02:49.507000,10505,10506,10506,1
2019-08-23,17:02:50.168000,10505,10506,10505,5
2019-08-23,17:02:59.999000,10505,10506,10506,1
2019-08-23,17:03:00.450000,10505,10506,10506,1
2019-08-23,17:03:08.237000,10505,10506,10505,1
2019-08-23,17:03:08.584000,10505,10506,10506,1
2019-08-23,17:03:11.896000,10505,10506,10505,1
2019-08-23,17:03:27.385000,10505,10506,10505,1
2019-08-23,17:03:33.810000,10505,10506,10505,7
2019-08-23,17:03:33.814000,10505,10506,10505,2
2019-08-23,17:03:59.479000,10504,10505,10504,3
2019-08-23,17:03:59.480000,10504,10505,10504,1
2019-08-23,17:04:29.957000,10504,10505,10504,6
2019-08-23,17:04:30.213000,10503,10504,10504,2
2019-08-23,17:04:30.420000,10503,10504,10504,1
2019-08-23,17:04:30.471000,10503,10504,10504,2
2019-08-23,17:04:33.806000,10504,10505,10504,1
2019-08-23,17:04:42.965000,10504,10505,10504,2
2019-08-23,17:04:48.128000,10503,10504,10504,1
2019-08-23,17:04:52.801000,10503,10504,10504,2
2019-08-23,17:05:19.689000,10503,10504,10503,1
2019-08-23,17:05:29.315000,10502,10503,10502,7
2019-08-23,17:05:40.156000,10501,10502,10502,1
2019-08-23,17:06:09.611000,10502,10503,10502,1
2019-08-23,17:06:13.131000,10502,10503,10502,1
2019-08-23,17:06:30.693000,10502,10503,10502,1
2019-08-23,17:06:32.273000,10502,10503,10502,3
2019-08-23,17:06:37.065000,10502,10503,10503,4
2019-08-23,17:06:38.727000,10502,10503,10503,1
2019-08-23,17:06:40.120000,10502,10503,10503,3
2019-08-23,17:06:40.189000,10502,10503,10503,2
2019-08-23,17:07:04.145000,10503,10504,10503,1
2019-08-23,17:07:05.646000,10502,10503,10503,2
2019-08-23,17:07:11.641000,10503,10504,10503,1
2019-08-23,17:07:20.717000,10503,10504,10504,2
2019-08-23,17:09:19.121000,10503,10504,10503,2
2019-08-23,17:09:19.121000,10503,10504,10502,3
2019-08-23,17:09:19.425000,10502,10503,10503,1
2019-08-23,17:09:29.305000,10503,10504,10504,2
2019-08-23,17:10:12.606000,10503,10504,10504,2
2019-08-23,17:10:12.908000,10503,10504,10504,1
2019-08-23,17:10:12.910000,10503,10504,10504,1
2019-08-23,17:10:12.916000,10503,10504,10504,1
2019-08-23,17:10:12.916000,10503,10504,10504,1
2019-08-23,17:10:12.939000,10503,10504,10504,1
2019-08-23,17:10:23.036000,10503,10505,10503,1
2019-08-23,17:10:55.357000,10504,10505,10504,1
2019-08-23,17:11:02.713000,10504,10505,10505,5
2019-08-23,17:11:03.493000,10504,10505,10504,2
2019-08-23,17:11:48.595000,10504,10505,10504,1
2019-08-23,17:12:41.101000,10504,10505,10504,2
2019-08-23,17:13:14.990000,10504,10505,10504,1
2019-08-23,17:13:18.639000,10504,10505,10505,4
2019-08-23,17:13:21.795000,10504,10505,10504,1
2019-08-23,17:13:30.481000,10504,10505,10504,1
2019-08-23,17:13:31.955000,10504,10505,10504,1
2019-08-23,17:13:45.105000,10504,10505,10504,2
2019-08-23,17:13:49.765000,10504,10505,10504,1
2019-08-23,17:13:51.101000,10504,10505,10504,1
2019-08-23,17:13:52.807000,10504,10505,10504,5
2019-08-23,17:14:02.205000,10503,10504,10504,2
2019-08-23,17:14:12.791000,10503,10504,10503,8
2019-08-23,17:14:12.814000,10503,10504,10503,5
2019-08-23,17:14:26.359000,10502,10503,10502,1
2019-08-23,17:14:29.146000,10502,10503,10503,1
2019-08-23,17:14:31.220000,10502,10503,10503,1
2019-08-23,17:14:34.183000,10502,10503,10503,6
2019-08-23,17:14:35.682000,10502,10503,10503,1
2019-08-23,17:14:36.726000,10503,10504,10503,1
2019-08-23,17:14:37.171000,10502,10503,10503,1
2019-08-23,17:14:37.171000,10502,10503,10504,3
2019-08-23,17:14:45.524000,10502,10503,10503,2
2019-08-23,17:15:04.885000,10502,10503,10503,1
2019-08-23,17:15:11.988000,10502,10503,10502,1
2019-08-23,17:15:19.329000,10502,10503,10503,2
2019-08-23,17:15:20.521000,10503,10504,10503,1
2019-08-23,17:17:13.969000,10503,10504,10504,3
2019-08-23,17:17:14.014000,10503,10504,10504,2
2019-08-23,17:17:14.071000,10504,10505,10505,1
2019-08-23,17:17:18.268000,10504,10505,10505,2
2019-08-23,17:17:23.698000,10504,10505,10505,2
2019-08-23,17:17:34.550000,10504,10505,10505,7
2019-08-23,17:17:37.787000,10504,10505,10505,2
2019-08-23,17:17:39.794000,10504,10505,10504,6
2019-08-23,17:17:57.839000,10504,10505,10504,1
2019-08-23,17:17:57.839000,10504,10505,10504,4
2019-08-23,17:17:57.839000,10504,10505,10504,18
2019-08-23,17:17:57.839000,10504,10505,10504,4
2019-08-23,17:18:27.424000,10504,10505,10505,1
2019-08-23,17:19:26.189000,10504,10505,10505,1
2019-08-23,17:19:47.361000,10504,10505,10505,2
2019-08-23,17:19:54.015000,10504,10505,10505,2
2019-08-23,17:19:54.193000,10504,10505,10505,2
2019-08-23,17:19:54.634000,10504,10505,10505,2
2019-08-23,17:19:55.144000,10504,10505,10505,2
2019-08-23,17:19:55.189000,10504,10505,10505,5
2019-08-23,17:20:17.102000,10505,10506,10505,2
2019-08-23,17:20:51.253000,10505,10506,10505,5
2019-08-23,17:21:05.146000,10505,10506,10505,1
2019-08-23,17:21:14.521000,10505,10506,10506,1
2019-08-23,17:21:15.356000,10505,10506,10506,1
2019-08-23,17:21:15.754000,10505,10506,10506,2
2019-08-23,17:21:49.184000,10505,10506,10506,4
2019-08-23,17:21:59.223000,10505,10506,10506,1
2019-08-23,17:22:08.904000,10505,10506,10505,1
2019-08-23,17:22:45.592000,10505,10506,10506,2
2019-08-23,17:24:10.585000,10505,10506,10505,1
2019-08-23,17:24:12.577000,10505,10506,10505,3
2019-08-23,17:24:25.662000,10505,10506,10505,2
2019-08-23,17:24:25.662000,10505,10506,10505,3
2019-08-23,17:24:25.662000,10505,10506,10505,3
2019-08-23,17:24:25.662000,10505,10506,10505,5
2019-08-23,17:24:25.663000,10505,10506,10505,2
2019-08-23,17:24:25.663000,10505,10506,10505,2
2019-08-23,17:24:25.666000,10505,10506,10505,1
2019-08-23,17:24:25.666000,10505,10506,10505,1
2019-08-23,17:24:25.679000,10505,10506,10505,1
2019-08-23,17:24:25.679000,10505,10506,10505,2
2019-08-23,17:24:25.680000,10505,10506,10505,1
2019-08-23,17:24:25.680000,10505,10506,10505,2
2019-08-23,17:24:25.689000,10505,10506,10505,3
2019-08-23,17:24:28.189000,10504,10505,10504,4
2019-08-23,17:24:28.189000,10504,10505,10504,3
2019-08-23,17:24:28.189000,10504,10505,10504,14
2019-08-23,17:24:28.440000,10503,10504,10503,1
2019-08-23,17:24:31.960000,10503,10504,10504,2
2019-08-23,17:24:35.304000,10503,10504,10504,1
2019-08-23,17:24:36.070000,10504,10505,10504,1
2019-08-23,17:24:43.240000,10504,10505,10504,1
2019-08-23,17:24:43.309000,10504,10505,10504,1
2019-08-23,17:24:51.416000,10504,10505,10504,1
2019-08-23,17:25:08.094000,10504,10505,10505,5
2019-08-23,17:25:14.367000,10505,10506,10505,1
2019-08-23,17:25:40.435000,10505,10506,10505,1
2019-08-23,17:25:58.456000,10505,10506,10506,1
2019-08-23,17:26:04.758000,10505,10506,10505,2
2019-08-23,17:26:08.263000,10505,10506,10505,1
2019-08-23,17:26:11.614000,10505,10506,10505,1
2019-08-23,17:26:19.774000,10505,10506,10505,1
2019-08-23,17:27:34.839000,10504,10505,10504,1
2019-08-23,17:27:39.282000,10504,10505,10504,4
2019-08-23,17:27:39.282000,10504,10505,10504,1
2019-08-23,17:27:45.648000,10503,10504,10503,19
2019-08-23,17:28:02.760000,10502,10503,10502,1
2019-08-23,17:28:08.542000,10502,10503,10502,2
2019-08-23,17:28:45.581000,10502,10503,10502,1
2019-08-23,17:28:58.327000,10502,10503,10502,1
2019-08-23,17:29:18.725000,10502,10503,10502,10
2019-08-23,17:29:18.814000,10502,10503,10502,4
2019-08-23,17:29:18.815000,10502,10503,10502,4
2019-08-23,17:29:19.502000,10501,10502,10501,1
2019-08-23,17:29:19.952000,10501,10502,10501,1
2019-08-23,17:29:55.757000,10501,10502,10502,1
2019-08-23,17:29:57.532000,10501,10502,10501,1
2019-08-23,17:30:16.458000,10501,10502,10502,3
2019-08-23,17:30:17.737000,10502,10503,10503,3
2019-08-23,17:30:17.979000,10502,10503,10502,1
2019-08-23,17:30:20.954000,10502,10503,10503,1
2019-08-23,17:30:23.382000,10502,10503,10502,2
2019-08-23,17:30:31.544000,10502,10503,10502,2
2019-08-23,17:30:41.057000,10502,10503,10502,5
2019-08-23,17:31:06.178000,10502,10503,10502,1
2019-08-23,17:31:21.996000,10502,10503,10502,1
2019-08-23,17:31:25.362000,10502,10503,10502,1
2019-08-23,17:31:27.878000,10502,10503,10502,7
2019-08-23,17:31:27.878000,10502,10503,10502,1
2019-08-23,17:31:28.035000,10501,10503,10503,1
2019-08-23,17:32:18.860000,10501,10502,10502,1
2019-08-23,17:32:19.102000,10501,10502,10502,1
2019-08-23,17:32:30.381000,10501,10502,10502,1
2019-08-23,17:32:36.569000,10502,10503,10502,2
2019-08-23,17:32:43.878000,10502,10503,10502,1
2019-08-23,17:32:59.623000,10502,10503,10502,1
2019-08-23,17:33:18.891000,10502,10503,10503,1
2019-08-23,17:33:30.829000,10502,10503,10502,1
2019-08-23,17:33:30.843000,10502,10503,10502,3
2019-08-23,17:33:47.291000,10502,10503,10503,8
2019-08-23,17:33:47.293000,10502,10503,10503,6
2019-08-23,17:33:47.314000,10502,10503,10503,23
2019-08-23,17:33:47.464000,10503,10504,10503,1
2019-08-23,17:33:51.700000,10503,10504,10504,5
2019-08-23,17:33:52.651000,10503,10504,10503,1
2019-08-23,17:34:01.454000,10503,10504,10503,2
2019-08-23,17:34:01.454000,10503,10504,10503,2
2019-08-23,17:35:02.784000,10503,10504,10503,1
2019-08-23,17:35:04.444000,10503,10504,10504,3
2019-08-23,17:35:04.444000,10503,10504,10504,2
2019-08-23,17:35:04.445000,10503,10504,10504,1
2019-08-23,17:35:04.445000,10503,10504,10504,2
2019-08-23,17:35:04.446000,10503,10504,10504,1
2019-08-23,17:35:04.564000,10503,10504,10504,3
2019-08-23,17:35:18.118000,10503,10505,10503,1
2019-08-23,17:35:26.894000,10504,10505,10504,1
2019-08-23,17:35:41.064000,10503,10504,10503,2
2019-08-23,17:36:02.081000,10503,10504,10503,2
2019-08-23,17:36:33.988000,10503,10504,10503,1
2019-08-23,17:37:05.902000,10502,10503,10503,1
2019-08-23,17:37:06.787000,10502,10503,10502,1
2019-08-23,17:37:10.152000,10502,10503,10503,1
2019-08-23,17:37:14.663000,10502,10503,10503,1
2019-08-23,17:37:50.923000,10502,10503,10502,3
2019-08-23,17:38:05.483000,10502,10503,10502,1
2019-08-23,17:38:10.267000,10502,10503,10503,8
2019-08-23,17:38:10.267000,10502,10503,10503,4
2019-08-23,17:38:10.267000,10502,10503,10503,1
2019-08-23,17:38:37.690000,10503,10504,10503,1
2019-08-23,17:39:20.150000,10503,10504,10503,1
2019-08-23,17:39:24.008000,10503,10504,10504,1
2019-08-23,17:40:04.873000,10503,10504,10503,4
2019-08-23,17:40:04.956000,10502,10503,10503,4
2019-08-23,17:40:26.564000,10503,10504,10503,1
2019-08-23,17:41:56.558000,10502,10503,10503,6
2019-08-23,17:41:57.246000,10503,10504,10503,2
2019-08-23,17:42:38.978000,10503,10504,10504,1
2019-08-23,17:42:53.684000,10503,10504,10503,1
2019-08-23,17:42:53.684000,10503,10504,10503,1
2019-08-23,17:42:54.689000,10502,10503,10502,20
2019-08-23,17:42:54.814000,10502,10503,10502,3
2019-08-23,17:42:54.823000,10502,10503,10502,1
2019-08-23,17:42:54.823000,10502,10503,10502,2
2019-08-23,17:42:55.064000,10502,10503,10502,4
2019-08-23,17:42:55.314000,10502,10503,10502,1
2019-08-23,17:42:59.999000,10501,10503,10503,1
2019-08-23,17:43:00.038000,10501,10503,10503,1
2019-08-23,17:43:21.921000,10502,10503,10502,1
2019-08-23,17:44:37.538000,10502,10503,10503,1
2019-08-23,17:45:11.911000,10502,10503,10503,5
2019-08-23,17:46:37.456000,10502,10503,10502,2
2019-08-23,17:46:46.017000,10502,10503,10502,4
2019-08-23,17:46:46.017000,10502,10503,10502,1
2019-08-23,17:46:46.017000,10502,10503,10502,1
2019-08-23,17:47:01.460000,10501,10502,10502,1
2019-08-23,17:47:04.573000,10501,10502,10501,5
2019-08-23,17:47:04.689000,10501,10502,10501,13
2019-08-23,17:47:07.989000,10501,10502,10501,3
2019-08-23,17:47:07.993000,10501,10502,10501,26
2019-08-23,17:47:08.215000,10500,10501,10501,4
2019-08-23,17:47:08.352000,10500,10501,10501,1
2019-08-23,17:47:18.191000,10501,10502,10502,1
2019-08-23,17:47:20.323000,10500,10501,10501,1
2019-08-23,17:47:20.323000,10500,10501,10502,7
2019-08-23,17:47:33.186000,10501,10502,10501,1
2019-08-23,17:47:33.731000,10501,10502,10502,1
2019-08-23,17:48:02.922000,10501,10502,10501,2
2019-08-23,17:48:08.274000,10501,10502,10501,1
2019-08-23,17:48:25.422000,10501,10502,10501,2
2019-08-23,17:48:47.796000,10501,10502,10501,8
2019-08-23,17:49:01.449000,10501,10502,10501,1
2019-08-23,17:49:02.939000,10501,10502,10501,1
2019-08-23,17:49:03.010000,10501,10502,10502,1
2019-08-23,17:49:04.421000,10501,10502,10501,1
2019-08-23,17:49:20.045000,10501,10502,10501,1
2019-08-23,17:50:01.138000,10501,10502,10502,1
2019-08-23,17:50:03.037000,10501,10502,10501,3
2019-08-23,17:50:13.907000,10501,10502,10502,1
2019-08-23,17:50:19.498000,10501,10502,10501,1
2019-08-23,17:50:20.740000,10501,10502,10501,9
2019-08-23,17:50:29.716000,10500,10501,10500,1
2019-08-23,17:50:34.235000,10500,10501,10501,15
2019-08-23,17:50:41.253000,10500,10501,10501,1
2019-08-23,17:50:55.843000,10500,10501,10501,5
2019-08-23,17:51:02.912000,10501,10502,10501,7
2019-08-23,17:51:17.932000,10501,10502,10501,1
2019-08-23,17:51:30.206000,10501,10502,10502,3
2019-08-23,17:51:30.340000,10502,10503,10503,1
2019-08-23,17:51:30.683000,10502,10503,10502,1
2019-08-23,17:51:31.448000,10502,10503,10502,2
2019-08-23,17:51:31.448000,10502,10503,10501,3
2019-08-23,17:52:13.838000,10501,10502,10502,2
2019-08-23,17:52:44.904000,10501,10502,10502,1
2019-08-23,17:52:45.760000,10501,10502,10502,1
2019-08-23,17:53:02.340000,10501,10502,10502,1
2019-08-23,17:53:06.775000,10501,10503,10503,1
2019-08-23,17:53:10.845000,10502,10503,10503,1
2019-08-23,17:53:15.623000,10502,10503,10503,1
2019-08-23,17:53:15.992000,10502,10503,10503,1
2019-08-23,17:53:18.166000,10502,10503,10503,1
2019-08-23,17:53:18.488000,10502,10503,10503,1
2019-08-23,17:53:22.358000,10502,10503,10503,1
2019-08-23,17:53:22.656000,10502,10503,10503,1
2019-08-23,17:53:23.825000,10502,10503,10503,1
2019-08-23,17:53:59.129000,10502,10503,10503,1
2019-08-23,17:54:03.957000,10502,10503,10503,1
2019-08-23,17:54:04.830000,10502,10503,10503,1
2019-08-23,17:54:23.088000,10501,10502,10502,1
2019-08-23,17:54:24.112000,10501,10502,10502,1
2019-08-23,17:54:34.597000,10502,10503,10502,1
2019-08-23,17:54:43.969000,10501,10502,10502,1
2019-08-23,17:54:51.905000,10502,10503,10502,1
2019-08-23,17:55:01.644000,10502,10503,10502,2
2019-08-23,17:55:01.701000,10502,10503,10503,2
2019-08-23,17:55:01.775000,10502,10503,10503,3
2019-08-23,17:55:30.393000,10503,10504,10504,1
2019-08-23,17:55:38.042000,10503,10504,10504,6
2019-08-23,17:55:42.889000,10504,10505,10505,2
2019-08-23,17:55:42.890000,10504,10505,10505,11
2019-08-23,17:55:43.663000,10504,10505,10505,1
2019-08-23,17:55:51.948000,10504,10505,10505,1
2019-08-23,17:56:13.036000,10504,10505,10504,1
2019-08-23,17:56:22.487000,10504,10505,10504,1
2019-08-23,17:57:22.862000,10504,10505,10504,2
2019-08-23,17:58:24.256000,10503,10504,10503,1
2019-08-23,17:58:33.055000,10503,10504,10504,1
2019-08-23,17:58:33.056000,10503,10504,10504,1
2019-08-23,17:58:33.057000,10503,10504,10504,2
2019-08-23,17:58:50.973000,10504,10505,10505,1
2019-08-23,17:59:01.614000,10504,10505,10505,4
2019-08-23,17:59:35.539000,10504,10505,10504,3
2019-08-23,18:00:03.969000,10503,10504,10503,1
2019-08-23,18:00:04.364000,10503,10504,10504,3
2019-08-23,18:00:04.387000,10503,10504,10504,4
2019-08-23,18:00:04.424000,10503,10504,10504,5
2019-08-23,18:00:04.425000,10503,10504,10505,5
2019-08-23,18:00:04.428000,10503,10504,10504,2
2019-08-23,18:00:04.454000,10503,10505,10504,1
2019-08-23,18:00:04.454000,10503,10505,10505,1
2019-08-23,18:00:04.876000,10503,10505,10503,1
2019-08-23,18:01:32.836000,10503,10504,10504,4
2019-08-23,18:01:32.939000,10503,10504,10504,2
2019-08-23,18:01:38.081000,10503,10504,10504,1
2019-08-23,18:01:42.635000,10504,10505,10504,5
2019-08-23,18:01:43.025000,10504,10505,10504,5
2019-08-23,18:01:43.406000,10504,10505,10504,5
2019-08-23,18:01:43.810000,10504,10505,10504,3
2019-08-23,18:01:55.542000,10503,10504,10504,1
2019-08-23,18:01:55.542000,10503,10504,10504,1
2019-08-23,18:01:58.867000,10504,10505,10504,4
2019-08-23,18:02:39.263000,10503,10504,10504,2
2019-08-23,18:04:42.688000,10503,10504,10504,1
2019-08-23,18:04:55.119000,10503,10504,10504,1
2019-08-23,18:05:18.757000,10503,10504,10504,1
2019-08-23,18:05:27.832000,10503,10504,10503,1
2019-08-23,18:06:31.397000,10503,10504,10503,2
2019-08-23,18:06:53.206000,10503,10504,10503,2
2019-08-23,18:07:01.355000,10503,10504,10504,1
2019-08-23,18:07:10.687000,10503,10504,10503,1
2019-08-23,18:07:42.278000,10503,10504,10503,1
2019-08-23,18:07:43.251000,10503,10504,10504,2
2019-08-23,18:08:01.897000,10503,10504,10503,1
2019-08-23,18:08:01.958000,10502,10503,10502,1
2019-08-23,18:08:40.589000,10502,10503,10503,3
2019-08-23,18:09:25.337000,10503,10504,10503,1
2019-08-23,18:09:41.254000,10503,10504,10503,1
2019-08-23,18:10:49.392000,10503,10504,10503,1
2019-08-23,18:10:57.780000,10502,10503,10503,4
2019-08-23,18:10:57.939000,10503,10504,10503,1
2019-08-23,18:11:03.462000,10502,10503,10503,1
2019-08-23,18:11:04.651000,10502,10504,10503,1
2019-08-23,18:11:41.191000,10502,10503,10503,4
2019-08-23,18:11:55.990000,10502,10503,10502,11
2019-08-23,18:11:55.990000,10502,10503,10502,8
2019-08-23,18:12:28.351000,10501,10502,10502,1
2019-08-23,18:12:28.987000,10501,10502,10501,1
2019-08-23,18:12:28.996000,10501,10502,10501,1
2019-08-23,18:12:29.028000,10501,10502,10501,1
2019-08-23,18:12:29.031000,10501,10502,10501,1
2019-08-23,18:12:29.033000,10501,10502,10501,1
2019-08-23,18:12:29.040000,10501,10502,10501,1
2019-08-23,18:12:29.170000,10501,10502,10501,3
2019-08-23,18:12:29.232000,10501,10502,10501,3
2019-08-23,18:12:48.314000,10501,10502,10501,1
2019-08-23,18:13:14.507000,10501,10502,10501,4
2019-08-23,18:13:15.435000,10501,10502,10501,1
2019-08-23,18:13:28.792000,10501,10502,10502,1
2019-08-23,18:13:32.758000,10502,10503,10502,1
2019-08-23,18:14:44.578000,10502,10503,10502,2
2019-08-23,18:15:12.035000,10502,10503,10503,1
2019-08-23,18:15:46.623000,10502,10503,10502,1
2019-08-23,18:15:47.358000,10502,10503,10502,10
2019-08-23,18:15:59.310000,10501,10502,10502,1
2019-08-23,18:16:31.167000,10501,10502,10501,1
2019-08-23,18:16:32.551000,10501,10502,10502,1
2019-08-23,18:17:00.270000,10501,10502,10502,1
2019-08-23,18:17:35.775000,10502,10503,10502,1
2019-08-23,18:19:15.404000,10502,10503,10502,2
2019-08-23,18:20:04.205000,10502,10503,10502,2
2019-08-23,18:20:09.151000,10502,10503,10502,2
2019-08-23,18:20:42.362000,10502,10503,10502,1
2019-08-23,18:20:43.528000,10502,10503,10502,1
2019-08-23,18:21:14.107000,10502,10503,10502,17
2019-08-23,18:21:15.488000,10501,10502,10502,1
2019-08-23,18:21:28.992000,10501,10502,10502,1
2019-08-23,18:25:07.763000,10501,10502,10502,1
2019-08-23,18:25:12.241000,10501,10502,10502,1
2019-08-23,18:25:20.761000,10501,10502,10502,3
2019-08-23,18:25:41.404000,10501,10502,10502,2
2019-08-23,18:25:44.853000,10501,10502,10501,1
2019-08-23,18:25:49.451000,10501,10502,10501,1
2019-08-23,18:25:57.489000,10501,10502,10502,2
2019-08-23,18:26:08.959000,10501,10502,10501,2
2019-08-23,18:26:24.383000,10501,10502,10501,2
2019-08-23,18:27:17.773000,10501,10502,10501,1
2019-08-23,18:28:13.718000,10501,10502,10501,2
2019-08-23,18:28:13.719000,10501,10502,10501,2
2019-08-23,18:28:13.719000,10501,10502,10501,2
2019-08-23,18:28:13.750000,10501,10502,10501,3
2019-08-23,18:28:13.751000,10501,10502,10501,3
2019-08-23,18:28:13.814000,10501,10502,10501,4
2019-08-23,18:29:03.901000,10500,10501,10501,7
2019-08-23,18:29:13.450000,10500,10501,10501,1
2019-08-23,18:29:25.945000,10501,10502,10501,1
2019-08-23,18:29:51.531000,10501,10502,10502,1
2019-08-23,18:30:26.038000,10500,10501,10500,1
2019-08-23,18:30:40.843000,10500,10501,10501,2
2019-08-23,18:31:43.917000,10500,10501,10501,2
2019-08-23,18:31:59.770000,10500,10501,10501,1
2019-08-23,18:32:37.065000,10500,10501,10500,2
2019-08-23,18:32:39.465000,10500,10501,10501,1
2019-08-23,18:33:33.548000,10500,10501,10500,2
2019-08-23,18:33:44.504000,10500,10501,10500,3
2019-08-23,18:33:57.370000,10500,10501,10500,1
2019-08-23,18:33:59.804000,10500,10501,10500,1
2019-08-23,18:34:07.081000,10500,10501,10500,1
2019-08-23,18:34:07.081000,10500,10501,10500,6
2019-08-23,18:34:07.085000,10500,10501,10500,2
2019-08-23,18:34:07.092000,10500,10501,10500,2
2019-08-23,18:34:07.307000,10499,10500,10499,1
2019-08-23,18:34:08.978000,10499,10500,10499,2
2019-08-23,18:34:09.500000,10499,10500,10500,20
2019-08-23,18:34:17.307000,10499,10500,10499,1
2019-08-23,18:34:28.355000,10499,10500,10499,1
2019-08-23,18:34:28.810000,10499,10500,10500,2
2019-08-23,18:34:35.049000,10499,10500,10500,1
2019-08-23,18:34:37.350000,10499,10500,10500,1
2019-08-23,18:34:51.294000,10499,10500,10500,1
2019-08-23,18:35:00.250000,10499,10500,10499,4
2019-08-23,18:35:00.250000,10499,10500,10499,2
2019-08-23,18:35:00.315000,10499,10500,10499,16
2019-08-23,18:35:03.980000,10498,10499,10498,1
2019-08-23,18:35:04.186000,10498,10499,10498,1
2019-08-23,18:35:15.882000,10498,10499,10498,2
2019-08-23,18:35:16.113000,10498,10499,10498,2
2019-08-23,18:35:22.292000,10498,10499,10498,1
2019-08-23,18:35:26.207000,10498,10499,10498,2
2019-08-23,18:35:30.236000,10498,10499,10498,5
2019-08-23,18:35:31.327000,10498,10499,10498,2
2019-08-23,18:35:32.370000,10498,10499,10498,2
2019-08-23,18:35:33.677000,10498,10499,10498,1
2019-08-23,18:35:33.849000,10498,10499,10498,4
2019-08-23,18:35:33.982000,10498,10499,10498,1
2019-08-23,18:35:36.300000,10497,10498,10497,1
2019-08-23,18:35:36.386000,10497,10498,10497,5
2019-08-23,18:35:36.542000,10497,10498,10497,1
2019-08-23,18:35:36.715000,10497,10498,10497,1
2019-08-23,18:35:39.656000,10497,10498,10497,2
2019-08-23,18:35:45.056000,10497,10498,10497,1
2019-08-23,18:35:47.765000,10497,10498,10497,10
2019-08-23,18:35:51.886000,10497,10498,10497,2
2019-08-23,18:35:54.754000,10497,10498,10497,5
2019-08-23,18:35:54.968000,10497,10498,10497,3
2019-08-23,18:35:55.423000,10497,10498,10497,2
2019-08-23,18:35:55.706000,10496,10498,10496,5
2019-08-23,18:35:55.881000,10496,10498,10496,1
2019-08-23,18:35:56.024000,10496,10498,10496,1
2019-08-23,18:35:56.835000,10496,10497,10496,5
2019-08-23,18:35:57.740000,10496,10497,10496,5
2019-08-23,18:35:58.707000,10496,10497,10496,5
2019-08-23,18:36:00.154000,10496,10497,10496,5
2019-08-23,18:36:00.923000,10496,10497,10496,1
2019-08-23,18:36:00.972000,10496,10497,10496,5
2019-08-23,18:36:02.064000,10496,10497,10496,1
2019-08-23,18:36:02.064000,10496,10497,10495,4
2019-08-23,18:36:02.099000,10495,10497,10495,3
2019-08-23,18:36:02.244000,10495,10497,10496,1
2019-08-23,18:36:02.445000,10495,10496,10495,1
2019-08-23,18:36:02.565000,10495,10496,10495,1
2019-08-23,18:36:02.898000,10495,10496,10495,1
2019-08-23,18:36:03.074000,10495,10496,10495,5
2019-08-23,18:36:03.957000,10495,10496,10495,5
2019-08-23,18:36:04.399000,10495,10496,10495,1
2019-08-23,18:36:05.401000,10495,10496,10495,1
2019-08-23,18:36:10.729000,10495,10496,10495,1
2019-08-23,18:36:14.564000,10495,10496,10495,1
2019-08-23,18:36:15.871000,10495,10496,10495,1
2019-08-23,18:36:23.059000,10495,10496,10495,4
2019-08-23,18:36:29.508000,10495,10496,10495,1
2019-08-23,18:36:31.666000,10495,10496,10495,1
2019-08-23,18:36:32.717000,10495,10496,10496,1
2019-08-23,18:36:33.493000,10495,10496,10496,4
2019-08-23,18:36:34.573000,10496,10497,10496,2
2019-08-23,18:36:39.694000,10495,10496,10495,2
2019-08-23,18:36:39.702000,10495,10496,10495,2
2019-08-23,18:36:39.703000,10495,10496,10495,4
2019-08-23,18:36:39.724000,10495,10496,10495,6
2019-08-23,18:36:39.763000,10495,10496,10494,2
2019-08-23,18:36:39.763000,10495,10496,10494,4
2019-08-23,18:36:39.860000,10494,10495,10494,1
2019-08-23,18:36:40.031000,10494,10495,10494,2
2019-08-23,18:36:40.072000,10494,10495,10494,1
2019-08-23,18:36:40.143000,10494,10495,10494,10
2019-08-23,18:36:40.201000,10494,10495,10494,8
2019-08-23,18:36:40.201000,10494,10495,10494,7
2019-08-23,18:36:40.201000,10494,10495,10494,8
2019-08-23,18:36:40.201000,10494,10495,10494,7
2019-08-23,18:36:40.469000,10493,10494,10494,1
2019-08-23,18:36:40.625000,10493,10494,10493,1
2019-08-23,18:36:40.794000,10493,10494,10493,1
2019-08-23,18:36:41.289000,10493,10494,10493,1
2019-08-23,18:36:41.541000,10493,10494,10494,2
2019-08-23,18:36:41.541000,10493,10494,10494,3
2019-08-23,18:36:41.641000,10494,10495,10493,1
2019-08-23,18:36:45.477000,10494,10495,10494,2
2019-08-23,18:36:50.450000,10494,10495,10494,3
2019-08-23,18:36:50.709000,10494,10495,10494,4
2019-08-23,18:36:51.415000,10493,10494,10494,1
2019-08-23,18:36:53.131000,10493,10494,10493,1
2019-08-23,18:36:55.712000,10493,10494,10493,23
2019-08-23,18:37:00.065000,10492,10493,10492,1
2019-08-23,18:37:00.208000,10492,10493,10492,1
2019-08-23,18:37:00.773000,10492,10493,10492,18
2019-08-23,18:37:00.795000,10492,10493,10492,1
2019-08-23,18:37:00.819000,10491,10493,10491,1
2019-08-23,18:37:00.955000,10491,10492,10492,2
2019-08-23,18:37:01.217000,10491,10492,10491,1
2019-08-23,18:37:01.325000,10491,10492,10491,1
2019-08-23,18:37:01.767000,10491,10492,10492,1
2019-08-23,18:37:02.258000,10491,10492,10491,9
2019-08-23,18:37:03.929000,10491,10492,10491,2
2019-08-23,18:37:04.470000,10491,10492,10491,1
2019-08-23,18:37:05.334000,10491,10492,10491,1
2019-08-23,18:37:05.929000,10491,10492,10491,3
2019-08-23,18:37:06.067000,10491,10492,10491,4
2019-08-23,18:37:06.547000,10491,10492,10491,1
2019-08-23,18:37:06.598000,10491,10492,10491,2
2019-08-23,18:37:06.753000,10491,10492,10492,1
2019-08-23,18:37:07.408000,10491,10492,10492,2
2019-08-23,18:37:07.768000,10491,10492,10491,2
2019-08-23,18:37:07.822000,10491,10492,10492,8
2019-08-23,18:37:07.822000,10491,10492,10492,2
2019-08-23,18:37:07.916000,10491,10492,10493,2
2019-08-23,18:37:08.033000,10492,10493,10493,1
2019-08-23,18:37:09.093000,10492,10493,10493,4
2019-08-23,18:37:09.094000,10492,10493,10493,2
2019-08-23,18:37:09.096000,10492,10493,10493,2
2019-08-23,18:37:09.097000,10492,10493,10493,2
2019-08-23,18:37:11.742000,10493,10494,10493,1
2019-08-23,18:37:12.686000,10493,10494,10494,1
2019-08-23,18:37:13.845000,10493,10494,10494,2
2019-08-23,18:37:15.096000,10493,10494,10493,14
2019-08-23,18:37:17.047000,10493,10494,10493,3
2019-08-23,18:37:17.095000,10492,10494,10493,1
2019-08-23,18:37:18.785000,10493,10494,10493,5
2019-08-23,18:37:19.159000,10493,10494,10493,2
2019-08-23,18:37:20.650000,10493,10494,10493,1
2019-08-23,18:37:23.889000,10492,10493,10493,2
2019-08-23,18:37:23.890000,10492,10493,10493,1
2019-08-23,18:37:23.890000,10492,10493,10493,1
2019-08-23,18:37:25.239000,10493,10494,10493,1
2019-08-23,18:37:25.783000,10493,10494,10493,3
2019-08-23,18:37:27.841000,10493,10494,10493,1
2019-08-23,18:37:31.428000,10493,10494,10494,8
2019-08-23,18:37:36.578000,10493,10494,10493,6
2019-08-23,18:37:36.819000,10493,10494,10493,1
2019-08-23,18:37:36.940000,10493,10494,10493,15
2019-08-23,18:37:38.193000,10492,10493,10493,1
2019-08-23,18:37:40.432000,10492,10494,10492,4
2019-08-23,18:37:45.216000,10492,10493,10492,2
2019-08-23,18:37:46.317000,10492,10493,10492,1
2019-08-23,18:37:49.392000,10492,10493,10492,1
2019-08-23,18:37:50.289000,10492,10493,10493,4
2019-08-23,18:37:50.618000,10493,10494,10494,10
2019-08-23,18:37:58.497000,10493,10494,10494,1
2019-08-23,18:38:03.558000,10493,10494,10493,1
2019-08-23,18:38:04.362000,10492,10493,10492,1
2019-08-23,18:38:04.543000,10492,10493,10492,1
2019-08-23,18:38:08.370000,10492,10493,10493,3
2019-08-23,18:38:09.049000,10492,10493,10493,2
2019-08-23,18:38:11.388000,10492,10493,10493,3
2019-08-23,18:38:11.413000,10492,10493,10493,1
2019-08-23,18:38:11.413000,10492,10493,10493,8
2019-08-23,18:38:11.413000,10492,10493,10493,1
2019-08-23,18:38:11.469000,10493,10494,10493,2
2019-08-23,18:38:11.517000,10493,10494,10493,1
2019-08-23,18:38:18.730000,10493,10494,10493,1
2019-08-23,18:38:20.742000,10492,10493,10493,1
2019-08-23,18:38:22.411000,10492,10493,10493,1
2019-08-23,18:38:22.509000,10492,10493,10493,1
2019-08-23,18:38:23.723000,10492,10493,10493,5
2019-08-23,18:38:23.814000,10492,10493,10493,1
2019-08-23,18:38:24.252000,10493,10494,10494,1
2019-08-23,18:38:38.261000,10493,10494,10494,4
2019-08-23,18:38:41.134000,10493,10494,10493,4
2019-08-23,18:38:41.189000,10493,10494,10493,7
2019-08-23,18:38:41.189000,10493,10494,10493,5
2019-08-23,18:38:43.271000,10492,10494,10492,1
2019-08-23,18:38:47.070000,10492,10493,10492,1
2019-08-23,18:38:48.251000,10492,10493,10492,40
2019-08-23,18:38:48.439000,10492,10493,10492,1
2019-08-23,18:38:53.380000,10491,10492,10491,3
2019-08-23,18:38:58.551000,10491,10492,10491,1
2019-08-23,18:38:58.552000,10491,10492,10491,2
2019-08-23,18:38:59.471000,10490,10491,10491,1
2019-08-23,18:39:00.480000,10490,10491,10491,1
2019-08-23,18:39:01.403000,10490,10491,10491,1
2019-08-23,18:39:02.885000,10490,10491,10490,1
2019-08-23,18:39:02.972000,10490,10491,10490,1
2019-08-23,18:39:02.979000,10490,10491,10490,1
2019-08-23,18:39:02.981000,10490,10491,10490,1
2019-08-23,18:39:03.006000,10490,10491,10490,1
2019-08-23,18:39:03.096000,10490,10491,10490,2
2019-08-23,18:39:03.148000,10490,10491,10490,2
2019-08-23,18:39:03.163000,10490,10491,10490,1
2019-08-23,18:39:03.178000,10490,10491,10490,1
2019-08-23,18:39:04.508000,10490,10491,10490,5
2019-08-23,18:39:05.333000,10490,10491,10491,2
2019-08-23,18:39:06.039000,10490,10491,10490,1
2019-08-23,18:39:06.499000,10490,10491,10490,1
2019-08-23,18:39:08.758000,10490,10491,10491,3
2019-08-23,18:39:12.289000,10491,10492,10491,1
2019-08-23,18:39:13.189000,10491,10492,10492,1
2019-08-23,18:39:13.575000,10491,10492,10492,1
2019-08-23,18:39:13.788000,10492,10493,10492,1
2019-08-23,18:39:15.119000,10492,10493,10492,1
2019-08-23,18:39:15.595000,10492,10493,10492,1
2019-08-23,18:39:16.819000,10492,10493,10492,2
2019-08-23,18:39:20.450000,10492,10493,10492,5
2019-08-23,18:39:20.654000,10492,10493,10492,1
2019-08-23,18:39:22.320000,10492,10493,10492,1
2019-08-23,18:39:23.456000,10492,10493,10492,1
2019-08-23,18:39:23.602000,10492,10493,10492,2
2019-08-23,18:39:32.745000,10492,10493,10492,8
2019-08-23,18:39:39.413000,10492,10493,10493,1
2019-08-23,18:39:39.552000,10492,10493,10492,1
2019-08-23,18:39:45.694000,10492,10493,10492,3
2019-08-23,18:39:50.547000,10492,10493,10492,8
2019-08-23,18:39:50.549000,10492,10493,10492,2
