2020-06-18 15:00:00.088,11410,11411,11411,72
2020-06-18 15:00:00.090,11410,11412,11410,1
2020-06-18 15:00:00.090,11410,11412,11412,10
2020-06-18 15:00:00.091,11410,11412,11413,2
2020-06-18 15:00:00.127,11410,11413,11411,8
2020-06-18 15:00:00.133,11410,11413,11411,1
2020-06-18 15:00:00.208,11411,11413,11413,4
2020-06-18 15:00:00.263,11411,11413,11413,1
2020-06-18 15:00:00.304,11411,11413,11413,1
2020-06-18 15:00:00.429,11412,11413,11413,1
2020-06-18 15:00:00.430,11412,11413,11413,1
2020-06-18 15:00:00.430,11412,11413,11413,2
2020-06-18 15:00:00.430,11412,11413,11413,1
2020-06-18 15:00:00.430,11412,11413,11413,6
2020-06-18 15:00:00.430,11412,11413,11413,1
2020-06-18 15:00:00.431,11412,11413,11414,1
2020-06-18 15:00:00.458,11412,11413,11412,1
2020-06-18 15:00:00.490,11412,11413,11414,2
2020-06-18 15:00:00.521,11412,11414,11414,3
2020-06-18 15:00:00.552,11412,11414,11414,1
2020-06-18 15:00:00.604,11412,11414,11414,1
2020-06-18 15:00:00.615,11412,11414,11412,1
2020-06-18 15:00:00.647,11412,11414,11414,1
2020-06-18 15:00:00.648,11412,11414,11414,3
2020-06-18 15:00:00.661,11412,11414,11414,1
2020-06-18 15:00:00.726,11412,11414,11414,1
2020-06-18 15:00:00.736,11412,11414,11415,1
2020-06-18 15:00:00.780,11413,11415,11415,1
2020-06-18 15:00:00.783,11413,11415,11415,3
2020-06-18 15:00:00.785,11413,11415,11415,1
2020-06-18 15:00:00.814,11413,11415,11413,1
2020-06-18 15:00:00.818,11413,11415,11415,3
2020-06-18 15:00:00.857,11413,11415,11415,1
2020-06-18 15:00:00.961,11413,11415,11415,2
2020-06-18 15:00:00.974,11413,11415,11415,1
2020-06-18 15:00:00.975,11413,11415,11415,1
2020-06-18 15:00:01.009,11413,11415,11415,8
2020-06-18 15:00:01.011,11414,11416,11414,2
2020-06-18 15:00:01.088,11414,11416,11414,1
2020-06-18 15:00:01.100,11414,11416,11415,1
2020-06-18 15:00:01.116,11414,11416,11415,2
2020-06-18 15:00:01.201,11413,11415,11413,7
2020-06-18 15:00:01.255,11413,11415,11414,1
2020-06-18 15:00:01.256,11413,11415,11414,1
2020-06-18 15:00:01.386,11413,11414,11414,1
2020-06-18 15:00:01.469,11413,11414,11413,3
2020-06-18 15:00:01.511,11413,11415,11415,5
2020-06-18 15:00:01.536,11413,11415,11415,1
2020-06-18 15:00:01.594,11413,11415,11415,2
2020-06-18 15:00:01.602,11413,11415,11414,1
2020-06-18 15:00:01.636,11413,11415,11415,2
2020-06-18 15:00:01.636,11413,11415,11416,10
2020-06-18 15:00:01.638,11413,11415,11416,1
2020-06-18 15:00:01.638,11413,11415,11416,2
2020-06-18 15:00:01.714,11413,11415,11415,2
2020-06-18 15:00:01.714,11413,11415,11416,3
2020-06-18 15:00:01.721,11413,11415,11416,2
2020-06-18 15:00:01.738,11413,11415,11416,1
2020-06-18 15:00:01.746,11413,11415,11416,2
2020-06-18 15:00:01.761,11414,11416,11416,1
2020-06-18 15:00:01.761,11414,11416,11417,4
2020-06-18 15:00:01.821,11414,11416,11414,2
2020-06-18 15:00:01.821,11414,11416,11413,7
2020-06-18 15:00:01.821,11414,11416,11412,2
2020-06-18 15:00:01.840,11414,11416,11416,1
2020-06-18 15:00:01.858,11414,11416,11414,2
2020-06-18 15:00:01.859,11414,11416,11414,1
2020-06-18 15:00:01.859,11414,11416,11414,3
2020-06-18 15:00:01.859,11414,11416,11414,4
2020-06-18 15:00:01.886,11413,11414,11414,2
2020-06-18 15:00:01.914,11413,11414,11416,4
2020-06-18 15:00:01.946,11413,11414,11415,1
2020-06-18 15:00:01.946,11413,11414,11416,1
2020-06-18 15:00:01.952,11413,11414,11416,2
2020-06-18 15:00:01.960,11413,11414,11416,1
2020-06-18 15:00:01.983,11413,11414,11416,1
2020-06-18 15:00:01.987,11413,11414,11416,1
2020-06-18 15:00:02.043,11414,11416,11416,1
2020-06-18 15:00:02.047,11414,11416,11416,5
2020-06-18 15:00:02.047,11414,11416,11416,1
2020-06-18 15:00:02.068,11414,11416,11416,5
2020-06-18 15:00:02.071,11414,11416,11416,1
2020-06-18 15:00:02.101,11414,11416,11416,1
2020-06-18 15:00:02.133,11414,11416,11416,1
2020-06-18 15:00:02.144,11415,11417,11417,1
2020-06-18 15:00:02.180,11415,11417,11417,1
2020-06-18 15:00:02.215,11415,11417,11417,1
2020-06-18 15:00:02.224,11415,11417,11417,1
2020-06-18 15:00:02.245,11415,11417,11417,2
2020-06-18 15:00:02.246,11415,11417,11415,2
2020-06-18 15:00:02.341,11415,11417,11415,4
2020-06-18 15:00:02.346,11415,11417,11417,2
2020-06-18 15:00:02.647,11415,11416,11416,1
2020-06-18 15:00:02.684,11415,11416,11416,1
2020-06-18 15:00:02.850,11415,11416,11416,2
2020-06-18 15:00:02.850,11415,11416,11416,1
2020-06-18 15:00:03.084,11415,11416,11416,1
2020-06-18 15:00:03.388,11415,11417,11415,1
2020-06-18 15:00:03.425,11415,11417,11417,1
2020-06-18 15:00:03.619,11415,11417,11417,1
2020-06-18 15:00:03.624,11415,11417,11415,1
2020-06-18 15:00:03.652,11415,11417,11417,5
2020-06-18 15:00:03.652,11415,11417,11418,1
2020-06-18 15:00:03.757,11415,11417,11416,1
2020-06-18 15:00:03.872,11415,11417,11416,1
2020-06-18 15:00:03.875,11415,11417,11417,1
2020-06-18 15:00:04.053,11415,11417,11417,3
2020-06-18 15:00:04.156,11415,11417,11417,1
2020-06-18 15:00:04.188,11415,11417,11415,2
2020-06-18 15:00:04.264,11415,11417,11417,1
2020-06-18 15:00:05.323,11416,11417,11416,1
2020-06-18 15:00:05.748,11414,11415,11414,3
2020-06-18 15:00:05.751,11414,11415,11415,3
2020-06-18 15:00:05.760,11413,11415,11415,1
2020-06-18 15:00:05.835,11413,11415,11413,2
2020-06-18 15:00:05.863,11413,11415,11415,1
2020-06-18 15:00:06.020,11413,11415,11413,4
2020-06-18 15:00:06.085,11413,11415,11414,1
2020-06-18 15:00:06.935,11413,11414,11413,1
2020-06-18 15:00:06.936,11413,11414,11413,2
2020-06-18 15:00:07.354,11412,11414,11414,2
2020-06-18 15:00:07.474,11413,11414,11413,1
2020-06-18 15:00:08.966,11412,11414,11412,8
2020-06-18 15:00:09.447,11412,11413,11412,1
2020-06-18 15:00:09.702,11412,11413,11413,1
2020-06-18 15:00:09.972,11412,11413,11413,1
2020-06-18 15:00:10.677,11412,11414,11412,1
2020-06-18 15:00:11.981,11412,11413,11413,1
2020-06-18 15:00:11.991,11412,11413,11412,1
2020-06-18 15:00:12.409,11411,11413,11413,1
2020-06-18 15:00:12.787,11411,11413,11413,4
2020-06-18 15:00:13.373,11412,11414,11412,1
2020-06-18 15:00:14.515,11412,11414,11414,1
2020-06-18 15:00:14.546,11412,11414,11412,1
2020-06-18 15:00:14.666,11412,11414,11412,1
2020-06-18 15:00:15.129,11412,11414,11413,1
2020-06-18 15:00:15.157,11412,11414,11412,1
2020-06-18 15:00:15.371,11412,11414,11414,1
2020-06-18 15:00:15.538,11412,11413,11413,1
2020-06-18 15:00:15.542,11412,11413,11413,1
2020-06-18 15:00:15.569,11412,11413,11414,1
2020-06-18 15:00:16.250,11413,11414,11413,3
2020-06-18 15:00:16.639,11412,11414,11414,1
2020-06-18 15:00:17.736,11413,11414,11414,5
2020-06-18 15:00:17.737,11413,11414,11414,1
2020-06-18 15:00:18.532,11413,11415,11415,5
2020-06-18 15:00:18.613,11413,11415,11415,1
2020-06-18 15:00:18.722,11414,11415,11415,1
2020-06-18 15:00:19.222,11414,11416,11416,1
2020-06-18 15:00:19.222,11414,11416,11416,2
2020-06-18 15:00:19.467,11415,11416,11416,1
2020-06-18 15:00:19.516,11415,11416,11416,1
2020-06-18 15:00:19.606,11415,11416,11415,1
2020-06-18 15:00:19.618,11415,11416,11416,1
2020-06-18 15:00:19.618,11415,11416,11416,1
2020-06-18 15:00:19.638,11415,11417,11415,1
2020-06-18 15:00:19.781,11415,11417,11415,1
2020-06-18 15:00:20.521,11415,11416,11415,1
2020-06-18 15:00:20.602,11415,11416,11416,1
2020-06-18 15:00:21.098,11415,11417,11417,1
2020-06-18 15:00:21.228,11415,11417,11417,1
2020-06-18 15:00:21.282,11415,11417,11417,1
2020-06-18 15:00:21.622,11416,11417,11416,2
2020-06-18 15:00:21.823,11415,11417,11417,3
2020-06-18 15:00:22.466,11416,11417,11417,3
2020-06-18 15:00:24.039,11416,11417,11416,1
2020-06-18 15:00:24.392,11416,11417,11416,1
2020-06-18 15:00:24.426,11416,11417,11417,1
2020-06-18 15:00:25.297,11416,11417,11417,2
2020-06-18 15:00:25.515,11417,11418,11417,1
2020-06-18 15:00:27.009,11417,11418,11417,3
2020-06-18 15:00:27.216,11417,11418,11417,1
2020-06-18 15:00:27.896,11417,11418,11417,1
2020-06-18 15:00:28.558,11417,11418,11417,2
2020-06-18 15:00:28.892,11417,11418,11417,1
2020-06-18 15:00:29.620,11417,11418,11418,1
2020-06-18 15:00:29.832,11417,11418,11418,1
2020-06-18 15:00:30.031,11417,11418,11418,1
2020-06-18 15:00:30.129,11417,11418,11418,4
2020-06-18 15:00:30.281,11417,11418,11418,1
2020-06-18 15:00:30.391,11417,11418,11418,1
2020-06-18 15:00:30.453,11417,11418,11417,1
2020-06-18 15:00:30.571,11417,11418,11418,1
2020-06-18 15:00:32.840,11417,11418,11417,1
2020-06-18 15:00:32.840,11417,11418,11416,1
2020-06-18 15:00:32.972,11416,11418,11418,1
2020-06-18 15:00:33.345,11416,11418,11417,1
2020-06-18 15:00:33.424,11416,11418,11418,2
2020-06-18 15:00:33.764,11416,11417,11417,1
2020-06-18 15:00:34.447,11416,11417,11416,1
2020-06-18 15:00:34.447,11416,11417,11415,1
2020-06-18 15:00:35.770,11415,11417,11417,1
2020-06-18 15:00:36.195,11415,11417,11417,1
2020-06-18 15:00:37.093,11415,11417,11417,1
2020-06-18 15:00:37.404,11415,11417,11417,1
2020-06-18 15:00:37.752,11415,11416,11415,1
2020-06-18 15:00:37.761,11415,11416,11415,3
2020-06-18 15:00:38.761,11414,11415,11414,2
2020-06-18 15:00:38.827,11414,11415,11414,2
2020-06-18 15:00:39.011,11413,11414,11413,2
2020-06-18 15:00:41.726,11412,11414,11412,1
2020-06-18 15:00:42.820,11412,11414,11414,5
2020-06-18 15:00:43.672,11413,11414,11413,1
2020-06-18 15:00:43.937,11413,11414,11414,1
2020-06-18 15:00:43.937,11413,11414,11415,1
2020-06-18 15:00:45.345,11413,11414,11414,1
2020-06-18 15:00:45.435,11413,11414,11413,1
2020-06-18 15:00:47.087,11413,11414,11413,1
2020-06-18 15:00:47.532,11413,11414,11414,1
2020-06-18 15:00:47.910,11413,11414,11414,1
2020-06-18 15:00:47.997,11413,11414,11413,2
2020-06-18 15:00:48.085,11413,11414,11413,1
2020-06-18 15:00:49.541,11413,11414,11413,1
2020-06-18 15:00:53.142,11413,11414,11413,1
2020-06-18 15:00:53.708,11413,11414,11413,1
2020-06-18 15:00:53.940,11413,11414,11414,5
2020-06-18 15:00:56.116,11414,11415,11415,7
2020-06-18 15:00:56.205,11414,11415,11415,5
2020-06-18 15:00:56.271,11414,11416,11416,1
2020-06-18 15:00:56.281,11414,11416,11416,1
2020-06-18 15:00:56.281,11414,11416,11416,1
2020-06-18 15:00:56.305,11414,11416,11415,1
2020-06-18 15:00:56.386,11415,11416,11416,1
2020-06-18 15:00:56.639,11415,11417,11415,7
2020-06-18 15:00:56.658,11415,11417,11414,1
2020-06-18 15:00:57.205,11414,11415,11415,2
2020-06-18 15:00:57.761,11414,11415,11415,1
2020-06-18 15:00:57.948,11414,11416,11416,4
2020-06-18 15:00:58.337,11414,11416,11414,1
2020-06-18 15:00:59.002,11414,11416,11416,4
2020-06-18 15:00:59.397,11415,11417,11415,1
2020-06-18 15:00:59.421,11415,11417,11415,1
2020-06-18 15:01:00.038,11415,11416,11416,1
2020-06-18 15:01:00.051,11415,11416,11417,1
2020-06-18 15:01:00.053,11415,11416,11417,1
2020-06-18 15:01:00.062,11415,11416,11416,4
2020-06-18 15:01:00.113,11415,11416,11416,1
2020-06-18 15:01:00.166,11415,11417,11417,3
2020-06-18 15:01:00.511,11416,11417,11417,4
2020-06-18 15:01:00.523,11416,11417,11417,1
2020-06-18 15:01:00.560,11416,11417,11418,1
2020-06-18 15:01:00.620,11416,11417,11418,1
2020-06-18 15:01:00.761,11417,11418,11418,1
2020-06-18 15:01:01.197,11417,11418,11418,1
2020-06-18 15:01:02.030,11417,11418,11418,1
2020-06-18 15:01:02.156,11417,11418,11418,2
2020-06-18 15:01:02.157,11417,11418,11418,1
2020-06-18 15:01:02.162,11417,11418,11418,2
2020-06-18 15:01:02.201,11417,11418,11417,1
2020-06-18 15:01:02.564,11417,11418,11418,1
2020-06-18 15:01:02.645,11417,11418,11417,2
2020-06-18 15:01:02.658,11417,11418,11418,1
2020-06-18 15:01:02.763,11417,11418,11418,1
2020-06-18 15:01:03.058,11417,11418,11416,2
2020-06-18 15:01:03.232,11416,11418,11418,1
2020-06-18 15:01:03.329,11416,11418,11418,1
2020-06-18 15:01:03.375,11416,11418,11416,1
2020-06-18 15:01:04.179,11416,11417,11416,2
2020-06-18 15:01:04.635,11415,11417,11417,1
2020-06-18 15:01:04.788,11415,11417,11417,1
2020-06-18 15:01:06.444,11415,11417,11417,1
2020-06-18 15:01:06.514,11415,11417,11415,1
2020-06-18 15:01:08.579,11415,11417,11417,1
2020-06-18 15:01:09.038,11415,11417,11417,1
2020-06-18 15:01:09.038,11415,11417,11417,1
2020-06-18 15:01:09.038,11415,11417,11417,1
2020-06-18 15:01:10.420,11415,11416,11416,1
2020-06-18 15:01:12.648,11415,11416,11415,1
2020-06-18 15:01:12.761,11415,11416,11415,1
2020-06-18 15:01:14.169,11414,11416,11416,1
2020-06-18 15:01:14.681,11414,11416,11414,1
2020-06-18 15:01:15.229,11415,11416,11416,1
2020-06-18 15:01:17.268,11415,11416,11415,1
2020-06-18 15:01:18.277,11415,11416,11415,1
2020-06-18 15:01:19.180,11415,11416,11415,1
2020-06-18 15:01:20.614,11415,11416,11415,1
2020-06-18 15:01:22.962,11415,11416,11415,1
2020-06-18 15:01:24.171,11415,11416,11416,3
2020-06-18 15:01:25.984,11415,11416,11416,1
2020-06-18 15:01:28.893,11415,11417,11417,5
2020-06-18 15:01:29.658,11416,11417,11417,3
2020-06-18 15:01:30.071,11415,11417,11416,1
2020-06-18 15:01:30.189,11415,11417,11417,1
2020-06-18 15:01:30.861,11416,11417,11416,1
2020-06-18 15:01:31.532,11416,11417,11417,3
2020-06-18 15:01:33.670,11415,11417,11417,3
2020-06-18 15:01:33.843,11416,11417,11416,4
2020-06-18 15:01:33.955,11415,11417,11417,3
2020-06-18 15:01:34.301,11415,11417,11415,1
2020-06-18 15:01:35.410,11415,11416,11415,1
2020-06-18 15:01:37.432,11415,11416,11416,1
2020-06-18 15:01:40.015,11415,11417,11417,1
2020-06-18 15:01:43.207,11415,11416,11415,1
2020-06-18 15:01:43.710,11415,11416,11416,1
2020-06-18 15:01:45.733,11416,11417,11416,1
2020-06-18 15:01:46.191,11415,11416,11416,1
2020-06-18 15:01:46.852,11415,11416,11416,1
2020-06-18 15:01:49.511,11415,11416,11416,1
2020-06-18 15:01:50.000,11415,11417,11415,1
2020-06-18 15:01:50.705,11415,11416,11415,3
2020-06-18 15:01:52.655,11415,11416,11416,1
2020-06-18 15:01:52.688,11415,11416,11415,1
2020-06-18 15:01:53.072,11415,11416,11416,1
2020-06-18 15:01:56.915,11415,11416,11415,1
2020-06-18 15:01:57.835,11415,11416,11415,1
2020-06-18 15:01:58.535,11415,11416,11415,3
2020-06-18 15:02:00.066,11414,11416,11416,1
2020-06-18 15:02:00.595,11414,11416,11416,1
2020-06-18 15:02:02.910,11414,11415,11415,2
2020-06-18 15:02:03.693,11414,11415,11415,1
2020-06-18 15:02:07.254,11414,11415,11414,1
2020-06-18 15:02:07.951,11414,11415,11415,1
2020-06-18 15:02:07.951,11414,11415,11415,4
2020-06-18 15:02:08.246,11415,11416,11415,1
2020-06-18 15:02:11.405,11415,11416,11415,2
2020-06-18 15:02:15.242,11415,11416,11415,1
2020-06-18 15:02:15.639,11414,11415,11415,1
2020-06-18 15:02:15.829,11414,11416,11416,9
2020-06-18 15:02:15.915,11415,11416,11415,1
2020-06-18 15:02:19.481,11414,11415,11415,1
2020-06-18 15:02:20.261,11414,11415,11414,1
2020-06-18 15:02:21.636,11414,11415,11414,3
2020-06-18 15:02:21.762,11413,11414,11413,1
2020-06-18 15:02:22.243,11413,11414,11413,23
2020-06-18 15:02:23.369,11412,11413,11412,1
2020-06-18 15:02:24.420,11412,11413,11412,1
2020-06-18 15:02:24.433,11412,11413,11412,1
2020-06-18 15:02:24.538,11412,11413,11412,1
2020-06-18 15:02:26.780,11412,11413,11412,1
2020-06-18 15:02:26.894,11412,11413,11412,1
2020-06-18 15:02:27.742,11412,11413,11412,2
2020-06-18 15:02:28.373,11412,11413,11412,7
2020-06-18 15:02:28.387,11411,11412,11411,2
2020-06-18 15:02:29.335,11411,11412,11412,1
2020-06-18 15:02:29.474,11412,11413,11412,4
2020-06-18 15:02:31.960,11411,11412,11412,1
2020-06-18 15:02:32.861,11411,11412,11411,1
2020-06-18 15:02:33.151,11411,11412,11412,1
2020-06-18 15:02:33.407,11411,11412,11411,1
2020-06-18 15:02:34.106,11411,11412,11411,3
2020-06-18 15:02:35.080,11411,11412,11412,1
2020-06-18 15:02:35.352,11411,11412,11411,2
2020-06-18 15:02:35.763,11411,11412,11411,1
2020-06-18 15:02:36.201,11411,11412,11412,1
2020-06-18 15:02:38.825,11411,11412,11412,1
2020-06-18 15:02:40.437,11411,11412,11412,1
2020-06-18 15:02:40.774,11411,11412,11411,1
2020-06-18 15:02:41.378,11411,11412,11412,2
2020-06-18 15:02:41.869,11411,11413,11413,1
2020-06-18 15:02:44.029,11411,11413,11411,1
2020-06-18 15:02:50.331,11411,11412,11411,1
2020-06-18 15:02:53.660,11411,11412,11411,2
2020-06-18 15:02:54.620,11411,11412,11411,1
2020-06-18 15:02:55.190,11411,11412,11411,2
2020-06-18 15:02:55.191,11411,11412,11411,5
2020-06-18 15:02:55.932,11410,11411,11411,1
2020-06-18 15:02:56.168,11410,11411,11410,1
2020-06-18 15:02:56.890,11410,11411,11411,1
2020-06-18 15:02:58.150,11410,11411,11411,1
2020-06-18 15:02:58.734,11410,11411,11410,1
2020-06-18 15:02:59.073,11410,11411,11410,1
2020-06-18 15:03:00.041,11410,11411,11411,1
2020-06-18 15:03:00.140,11410,11411,11411,1
2020-06-18 15:03:00.142,11410,11411,11410,2
2020-06-18 15:03:00.301,11410,11411,11410,3
2020-06-18 15:03:00.301,11410,11411,11410,1
2020-06-18 15:03:00.302,11410,11411,11410,8
2020-06-18 15:03:00.362,11410,11411,11411,4
2020-06-18 15:03:00.365,11410,11411,11411,1
2020-06-18 15:03:00.406,11410,11411,11411,1
2020-06-18 15:03:00.511,11410,11411,11411,1
2020-06-18 15:03:00.920,11410,11412,11412,1
2020-06-18 15:03:02.049,11410,11411,11410,6
2020-06-18 15:03:02.157,11409,11411,11409,1
2020-06-18 15:03:02.266,11409,11411,11411,2
2020-06-18 15:03:02.276,11409,11411,11411,2
2020-06-18 15:03:02.280,11409,11411,11411,1
2020-06-18 15:03:02.281,11409,11411,11411,2
2020-06-18 15:03:02.286,11409,11411,11411,2
2020-06-18 15:03:02.286,11409,11411,11412,5
2020-06-18 15:03:02.306,11409,11411,11412,1
2020-06-18 15:03:02.339,11409,11411,11410,7
2020-06-18 15:03:02.408,11409,11411,11409,3
2020-06-18 15:03:02.490,11409,11411,11409,2
2020-06-18 15:03:03.011,11409,11411,11411,1
2020-06-18 15:03:03.084,11409,11411,11409,1
2020-06-18 15:03:05.858,11409,11410,11410,1
2020-06-18 15:03:08.125,11409,11410,11410,1
2020-06-18 15:03:11.384,11409,11410,11409,5
2020-06-18 15:03:12.592,11409,11410,11409,1
2020-06-18 15:03:13.096,11408,11410,11408,1
2020-06-18 15:03:14.157,11408,11409,11408,1
2020-06-18 15:03:14.307,11408,11409,11409,1
2020-06-18 15:03:16.517,11408,11409,11408,1
2020-06-18 15:03:16.527,11408,11409,11408,3
2020-06-18 15:03:16.920,11408,11409,11409,1
2020-06-18 15:03:19.822,11409,11410,11409,1
2020-06-18 15:03:21.921,11408,11409,11409,1
2020-06-18 15:03:22.963,11409,11410,11409,1
2020-06-18 15:03:22.966,11409,11410,11408,1
2020-06-18 15:03:24.593,11408,11410,11408,1
2020-06-18 15:03:26.700,11408,11410,11408,3
2020-06-18 15:03:28.199,11408,11409,11409,1
2020-06-18 15:03:29.271,11408,11409,11408,1
2020-06-18 15:03:29.456,11408,11409,11408,1
2020-06-18 15:03:29.494,11408,11409,11409,1
2020-06-18 15:03:30.603,11409,11410,11410,4
2020-06-18 15:03:30.708,11409,11410,11409,1
2020-06-18 15:03:31.051,11409,11410,11409,2
2020-06-18 15:03:33.205,11408,11409,11409,1
2020-06-18 15:03:35.352,11408,11409,11408,1
2020-06-18 15:03:37.591,11408,11409,11409,1
2020-06-18 15:03:39.514,11408,11409,11408,1
2020-06-18 15:03:39.656,11408,11409,11409,1
2020-06-18 15:03:39.700,11408,11409,11409,1
2020-06-18 15:03:43.614,11408,11409,11408,1
2020-06-18 15:03:43.614,11408,11409,11408,6
2020-06-18 15:03:46.144,11407,11408,11408,1
2020-06-18 15:03:47.020,11407,11408,11408,1
2020-06-18 15:03:47.341,11407,11408,11408,5
2020-06-18 15:03:49.170,11407,11409,11408,1
2020-06-18 15:03:49.331,11407,11409,11408,1
2020-06-18 15:03:50.680,11408,11409,11408,1
2020-06-18 15:03:50.826,11408,11409,11408,1
2020-06-18 15:03:51.407,11408,11409,11408,1
2020-06-18 15:03:54.944,11408,11409,11408,1
2020-06-18 15:03:56.547,11408,11409,11409,1
2020-06-18 15:03:56.547,11408,11409,11409,6
2020-06-18 15:03:56.547,11408,11409,11409,4
2020-06-18 15:03:58.139,11409,11410,11409,1
2020-06-18 15:04:00.637,11409,11410,11410,5
2020-06-18 15:04:00.637,11409,11410,11410,1
2020-06-18 15:04:00.637,11409,11410,11410,3
2020-06-18 15:04:00.909,11410,11411,11411,6
2020-06-18 15:04:01.722,11410,11411,11410,1
2020-06-18 15:04:02.152,11410,11411,11410,1
2020-06-18 15:04:02.318,11410,11411,11411,1
2020-06-18 15:04:04.817,11410,11411,11411,4
2020-06-18 15:04:05.075,11411,11412,11412,4
2020-06-18 15:04:09.464,11412,11413,11413,3
2020-06-18 15:04:10.310,11412,11413,11412,1
2020-06-18 15:04:10.517,11412,11413,11413,1
2020-06-18 15:04:12.258,11412,11413,11413,1
2020-06-18 15:04:12.659,11412,11413,11413,1
2020-06-18 15:04:14.341,11412,11414,11412,1
2020-06-18 15:04:15.791,11413,11414,11414,6
2020-06-18 15:04:16.270,11414,11415,11414,1
2020-06-18 15:04:17.831,11414,11415,11415,1
2020-06-18 15:04:19.303,11414,11415,11415,3
2020-06-18 15:04:20.011,11414,11415,11415,1
2020-06-18 15:04:20.323,11414,11415,11415,1
2020-06-18 15:04:20.541,11414,11415,11415,1
2020-06-18 15:04:21.019,11414,11415,11414,1
2020-06-18 15:04:22.245,11414,11415,11415,1
2020-06-18 15:04:22.575,11414,11415,11415,10
2020-06-18 15:04:23.318,11415,11416,11415,1
2020-06-18 15:04:25.824,11415,11416,11416,5
2020-06-18 15:04:27.010,11415,11416,11415,1
2020-06-18 15:04:28.271,11415,11416,11415,2
2020-06-18 15:04:28.271,11415,11416,11415,4
2020-06-18 15:04:28.272,11415,11416,11415,1
2020-06-18 15:04:28.272,11415,11416,11415,6
2020-06-18 15:04:28.272,11415,11416,11415,3
2020-06-18 15:04:28.272,11415,11416,11415,1
2020-06-18 15:04:30.532,11414,11415,11415,1
2020-06-18 15:04:30.730,11414,11415,11415,1
2020-06-18 15:04:31.685,11414,11415,11415,1
2020-06-18 15:04:32.353,11414,11415,11415,1
2020-06-18 15:04:33.841,11414,11415,11415,1
2020-06-18 15:04:38.736,11414,11415,11415,4
2020-06-18 15:04:38.736,11414,11415,11415,2
2020-06-18 15:04:39.058,11415,11416,11415,1
2020-06-18 15:04:39.496,11414,11416,11416,1
2020-06-18 15:04:40.093,11414,11416,11414,1
2020-06-18 15:04:40.884,11415,11416,11415,1
2020-06-18 15:04:49.974,11414,11415,11414,1
2020-06-18 15:04:52.816,11414,11415,11414,1
2020-06-18 15:04:55.239,11414,11415,11414,4
2020-06-18 15:04:56.388,11413,11414,11414,1
2020-06-18 15:04:56.813,11413,11414,11414,1
2020-06-18 15:04:59.595,11413,11414,11414,1
2020-06-18 15:04:59.941,11413,11414,11414,2
2020-06-18 15:05:01.394,11413,11414,11414,1
2020-06-18 15:05:01.876,11413,11414,11414,8
2020-06-18 15:05:02.287,11413,11414,11413,1
2020-06-18 15:05:02.291,11413,11414,11414,1
2020-06-18 15:05:02.427,11413,11414,11414,1
2020-06-18 15:05:02.866,11414,11415,11415,9
2020-06-18 15:05:03.317,11415,11416,11415,1
2020-06-18 15:05:06.021,11413,11414,11414,2
2020-06-18 15:05:06.021,11413,11414,11415,1
2020-06-18 15:05:09.960,11413,11414,11414,1
2020-06-18 15:05:11.336,11413,11414,11414,1
2020-06-18 15:05:13.011,11413,11415,11413,1
2020-06-18 15:05:15.482,11414,11415,11415,1
2020-06-18 15:05:15.483,11414,11415,11415,4
2020-06-18 15:05:15.483,11414,11415,11415,1
2020-06-18 15:05:15.778,11415,11416,11415,1
2020-06-18 15:05:16.914,11415,11416,11415,1
2020-06-18 15:05:17.381,11414,11416,11414,4
2020-06-18 15:05:18.473,11414,11415,11414,1
2020-06-18 15:05:19.392,11413,11415,11413,1
2020-06-18 15:05:20.775,11413,11415,11415,1
2020-06-18 15:05:21.818,11413,11414,11414,8
2020-06-18 15:05:21.818,11413,11414,11415,6
2020-06-18 15:05:22.816,11413,11415,11415,1
2020-06-18 15:05:27.573,11413,11415,11415,2
2020-06-18 15:05:34.452,11413,11414,11413,3
2020-06-18 15:05:34.812,11413,11414,11414,1
2020-06-18 15:05:34.823,11413,11414,11414,5
2020-06-18 15:05:36.555,11413,11414,11414,2
2020-06-18 15:05:37.611,11413,11414,11414,1
2020-06-18 15:05:38.978,11413,11414,11413,2
2020-06-18 15:05:45.601,11413,11414,11414,1
2020-06-18 15:05:50.688,11413,11414,11413,1
2020-06-18 15:05:50.689,11413,11414,11413,3
2020-06-18 15:05:54.410,11413,11414,11413,2
2020-06-18 15:05:55.532,11413,11414,11413,2
2020-06-18 15:06:00.045,11412,11413,11413,1
2020-06-18 15:06:00.815,11412,11413,11412,1
2020-06-18 15:06:02.190,11411,11412,11411,3
2020-06-18 15:06:02.714,11411,11412,11411,1
2020-06-18 15:06:02.715,11411,11412,11411,1
2020-06-18 15:06:02.788,11410,11412,11412,1
2020-06-18 15:06:08.912,11411,11413,11411,1
2020-06-18 15:06:09.760,11411,11413,11411,1
2020-06-18 15:06:21.380,11412,11413,11412,1
2020-06-18 15:06:23.371,11412,11413,11412,1
2020-06-18 15:06:33.186,11411,11412,11411,5
2020-06-18 15:06:34.752,11410,11411,11410,2
2020-06-18 15:06:35.714,11410,11411,11410,3
2020-06-18 15:06:39.982,11410,11411,11411,1
2020-06-18 15:06:40.093,11411,11412,11411,1
2020-06-18 15:06:40.925,11411,11412,11411,1
2020-06-18 15:06:41.467,11411,11412,11411,1
2020-06-18 15:06:51.087,11410,11411,11411,1
2020-06-18 15:06:51.087,11410,11411,11411,1
2020-06-18 15:06:51.087,11410,11411,11411,2
2020-06-18 15:06:51.087,11410,11411,11411,1
2020-06-18 15:06:54.108,11411,11412,11411,1
2020-06-18 15:06:56.498,11410,11411,11411,1
2020-06-18 15:06:56.498,11410,11411,11411,4
2020-06-18 15:06:56.499,11410,11411,11411,4
2020-06-18 15:06:56.499,11410,11411,11411,1
2020-06-18 15:06:57.206,11411,11412,11411,2
2020-06-18 15:07:02.491,11411,11412,11411,1
2020-06-18 15:07:02.491,11411,11412,11411,3
2020-06-18 15:07:02.900,11410,11411,11411,1
2020-06-18 15:07:03.419,11410,11412,11412,1
2020-06-18 15:07:10.797,11411,11412,11411,1
2020-06-18 15:07:17.891,11411,11412,11411,1
2020-06-18 15:07:19.797,11411,11412,11411,2
2020-06-18 15:07:20.222,11411,11412,11412,3
2020-06-18 15:07:20.222,11411,11412,11412,2
2020-06-18 15:07:20.222,11411,11412,11412,5
2020-06-18 15:07:24.237,11412,11413,11412,1
2020-06-18 15:07:24.497,11412,11413,11412,1
2020-06-18 15:07:27.714,11412,11413,11413,4
2020-06-18 15:07:30.557,11412,11413,11412,1
2020-06-18 15:07:33.911,11412,11413,11413,1
2020-06-18 15:07:35.499,11412,11413,11412,1
2020-06-18 15:07:36.740,11412,11413,11413,18
2020-06-18 15:07:42.999,11413,11414,11413,2
2020-06-18 15:07:43.861,11413,11414,11413,1
2020-06-18 15:07:43.861,11413,11414,11413,2
2020-06-18 15:07:49.079,11413,11414,11413,1
2020-06-18 15:07:49.250,11413,11414,11414,1
2020-06-18 15:07:49.270,11413,11414,11414,1
2020-06-18 15:07:49.620,11413,11414,11414,1
2020-06-18 15:07:49.824,11413,11414,11414,1
2020-06-18 15:07:49.856,11413,11414,11414,10
2020-06-18 15:07:49.886,11413,11414,11414,2
2020-06-18 15:07:51.525,11414,11415,11414,2
2020-06-18 15:07:51.698,11413,11414,11414,1
2020-06-18 15:07:55.764,11413,11414,11414,2
2020-06-18 15:07:56.029,11413,11414,11413,1
2020-06-18 15:08:00.200,11413,11414,11413,1
2020-06-18 15:08:01.173,11412,11414,11414,6
2020-06-18 15:08:01.813,11413,11415,11415,1
2020-06-18 15:08:03.832,11413,11414,11414,2
2020-06-18 15:08:03.926,11414,11415,11414,1
2020-06-18 15:08:05.530,11413,11415,11415,1
2020-06-18 15:08:07.173,11414,11415,11415,4
2020-06-18 15:08:07.173,11414,11415,11415,3
2020-06-18 15:08:07.174,11414,11415,11415,2
2020-06-18 15:08:07.174,11414,11415,11415,7
2020-06-18 15:08:07.174,11414,11415,11415,7
2020-06-18 15:08:07.261,11415,11416,11416,1
2020-06-18 15:08:08.194,11415,11416,11415,1
2020-06-18 15:08:08.409,11414,11416,11416,1
2020-06-18 15:08:09.490,11415,11416,11415,1
2020-06-18 15:08:09.896,11415,11416,11416,3
2020-06-18 15:08:11.894,11415,11416,11416,5
2020-06-18 15:08:12.010,11415,11416,11416,1
2020-06-18 15:08:12.010,11415,11416,11416,1
2020-06-18 15:08:12.011,11415,11416,11416,3
2020-06-18 15:08:12.011,11415,11416,11416,1
2020-06-18 15:08:12.011,11415,11416,11416,6
2020-06-18 15:08:12.011,11415,11416,11416,1
2020-06-18 15:08:12.011,11415,11416,11416,1
2020-06-18 15:08:12.027,11415,11416,11416,1
2020-06-18 15:08:13.799,11416,11417,11417,1
2020-06-18 15:08:14.382,11416,11417,11417,1
2020-06-18 15:08:14.406,11416,11417,11417,1
2020-06-18 15:08:15.294,11416,11417,11416,1
2020-06-18 15:08:15.793,11416,11417,11417,1
2020-06-18 15:08:16.370,11416,11417,11417,1
2020-06-18 15:08:16.931,11416,11417,11417,2
2020-06-18 15:08:20.192,11416,11417,11417,2
2020-06-18 15:08:20.246,11416,11417,11417,1
2020-06-18 15:08:23.254,11416,11417,11416,4
2020-06-18 15:08:23.254,11416,11417,11416,1
2020-06-18 15:08:23.931,11415,11416,11416,1
2020-06-18 15:08:25.060,11415,11416,11416,5
2020-06-18 15:08:25.169,11415,11416,11416,1
2020-06-18 15:08:26.375,11415,11416,11416,6
2020-06-18 15:08:26.639,11415,11416,11415,1
2020-06-18 15:08:31.449,11415,11416,11416,1
2020-06-18 15:08:32.977,11415,11417,11415,1
2020-06-18 15:08:34.027,11415,11416,11415,4
2020-06-18 15:08:34.157,11415,11416,11415,1
2020-06-18 15:08:35.833,11415,11416,11416,1
2020-06-18 15:08:35.938,11415,11416,11416,2
2020-06-18 15:08:42.928,11416,11417,11416,1
2020-06-18 15:08:43.025,11416,11417,11416,1
2020-06-18 15:08:43.597,11415,11416,11416,1
2020-06-18 15:08:44.626,11415,11416,11416,1
2020-06-18 15:08:44.626,11415,11416,11417,2
2020-06-18 15:08:44.743,11415,11417,11416,1
2020-06-18 15:08:45.895,11416,11417,11416,1
2020-06-18 15:08:46.100,11416,11417,11416,1
2020-06-18 15:08:46.464,11416,11417,11417,1
2020-06-18 15:08:49.954,11416,11417,11417,3
2020-06-18 15:08:51.211,11416,11417,11417,1
2020-06-18 15:08:51.808,11416,11417,11417,1
2020-06-18 15:08:54.500,11416,11417,11417,5
2020-06-18 15:08:54.801,11416,11417,11417,1
2020-06-18 15:08:55.361,11416,11417,11417,2
2020-06-18 15:08:55.985,11417,11418,11417,1
2020-06-18 15:08:57.840,11416,11418,11418,1
2020-06-18 15:08:57.862,11416,11418,11418,2
2020-06-18 15:08:57.913,11417,11418,11418,10
2020-06-18 15:08:57.946,11417,11418,11417,1
2020-06-18 15:08:58.088,11417,11418,11418,2
2020-06-18 15:08:58.317,11417,11418,11418,1
2020-06-18 15:08:59.243,11417,11418,11417,4
2020-06-18 15:08:59.244,11417,11418,11417,1
2020-06-18 15:08:59.685,11417,11418,11417,1
2020-06-18 15:09:00.283,11417,11418,11418,1
2020-06-18 15:09:01.067,11417,11418,11418,1
2020-06-18 15:09:01.730,11417,11418,11418,1
2020-06-18 15:09:01.834,11417,11418,11418,1
2020-06-18 15:09:01.834,11417,11418,11419,1
2020-06-18 15:09:01.925,11417,11419,11419,1
2020-06-18 15:09:02.050,11417,11419,11419,2
2020-06-18 15:09:02.099,11417,11419,11419,1
2020-06-18 15:09:02.119,11417,11419,11419,2
2020-06-18 15:09:02.122,11417,11419,11419,1
2020-06-18 15:09:02.145,11418,11419,11419,1
2020-06-18 15:09:02.213,11418,11419,11419,1
2020-06-18 15:09:02.259,11418,11419,11418,1
2020-06-18 15:09:02.719,11417,11419,11419,1
2020-06-18 15:09:03.556,11417,11418,11417,1
2020-06-18 15:09:04.112,11417,11418,11418,1
2020-06-18 15:09:06.477,11417,11418,11417,1
2020-06-18 15:09:06.712,11417,11418,11418,1
2020-06-18 15:09:08.006,11417,11418,11417,2
2020-06-18 15:09:08.452,11416,11417,11416,4
2020-06-18 15:09:10.432,11415,11416,11416,1
2020-06-18 15:09:10.917,11415,11416,11415,2
2020-06-18 15:09:12.249,11415,11416,11415,1
2020-06-18 15:09:12.249,11415,11416,11415,5
2020-06-18 15:09:12.249,11415,11416,11415,1
2020-06-18 15:09:12.251,11415,11416,11415,1
2020-06-18 15:09:12.504,11414,11415,11415,1
2020-06-18 15:09:12.505,11414,11415,11415,1
2020-06-18 15:09:12.511,11414,11416,11415,2
2020-06-18 15:09:13.754,11414,11415,11415,1
2020-06-18 15:09:14.728,11414,11415,11415,1
2020-06-18 15:09:15.069,11414,11415,11414,4
2020-06-18 15:09:16.431,11414,11415,11414,2
2020-06-18 15:09:23.301,11414,11415,11415,1
2020-06-18 15:09:23.395,11414,11415,11414,1
2020-06-18 15:09:25.172,11413,11414,11413,2
2020-06-18 15:09:28.600,11413,11414,11413,1
2020-06-18 15:09:28.979,11413,11414,11413,1
2020-06-18 15:09:30.316,11413,11414,11414,2
2020-06-18 15:09:33.097,11413,11414,11414,1
2020-06-18 15:09:33.097,11413,11414,11414,3
2020-06-18 15:09:37.092,11413,11414,11413,3
2020-06-18 15:09:37.845,11413,11414,11413,3
2020-06-18 15:09:38.366,11412,11413,11412,1
2020-06-18 15:09:38.551,11412,11413,11412,2
2020-06-18 15:09:39.404,11412,11413,11412,13
2020-06-18 15:09:39.405,11412,11413,11412,4
2020-06-18 15:09:39.405,11412,11413,11412,3
2020-06-18 15:09:41.884,11412,11413,11412,1
2020-06-18 15:09:43.264,11411,11413,11413,1
2020-06-18 15:09:43.294,11411,11413,11413,1
2020-06-18 15:09:43.482,11412,11413,11413,1
2020-06-18 15:09:43.974,11412,11414,11412,1
2020-06-18 15:09:45.360,11412,11413,11412,2
2020-06-18 15:09:48.115,11411,11413,11411,8
2020-06-18 15:09:49.907,11411,11413,11413,1
2020-06-18 15:09:55.301,11411,11412,11411,6
2020-06-18 15:09:55.937,11410,11411,11411,1
2020-06-18 15:09:57.889,11410,11411,11411,1
2020-06-18 15:10:00.463,11410,11411,11410,16
2020-06-18 15:10:00.463,11410,11411,11410,2
2020-06-18 15:10:00.463,11410,11411,11410,1
2020-06-18 15:10:00.463,11410,11411,11410,3
2020-06-18 15:10:00.463,11410,11411,11410,7
2020-06-18 15:10:00.463,11410,11411,11410,16
2020-06-18 15:10:00.794,11409,11410,11410,1
2020-06-18 15:10:00.808,11409,11410,11411,2
2020-06-18 15:10:01.553,11410,11411,11410,1
2020-06-18 15:10:01.553,11410,11411,11410,1
2020-06-18 15:10:01.844,11409,11410,11410,4
2020-06-18 15:10:01.845,11409,11410,11410,1
2020-06-18 15:10:02.478,11409,11411,11410,1
2020-06-18 15:10:03.457,11409,11410,11410,1
2020-06-18 15:10:06.320,11409,11410,11409,1
2020-06-18 15:10:06.657,11409,11410,11410,3
2020-06-18 15:10:06.657,11409,11410,11411,1
2020-06-18 15:10:08.771,11409,11410,11409,3
2020-06-18 15:10:12.112,11409,11410,11410,2
2020-06-18 15:10:13.546,11409,11410,11409,1
2020-06-18 15:10:15.215,11409,11410,11410,1
2020-06-18 15:10:18.371,11410,11411,11410,1
2020-06-18 15:10:20.106,11410,11411,11410,10
2020-06-18 15:10:24.629,11410,11411,11410,1
2020-06-18 15:10:25.186,11410,11411,11410,1
2020-06-18 15:10:30.024,11409,11410,11410,4
2020-06-18 15:10:37.713,11409,11410,11410,1
2020-06-18 15:10:38.102,11409,11410,11409,1
2020-06-18 15:10:40.680,11409,11410,11409,3
2020-06-18 15:10:42.003,11409,11410,11409,1
2020-06-18 15:10:43.250,11409,11410,11410,2
2020-06-18 15:10:44.148,11409,11410,11410,1
2020-06-18 15:10:44.149,11409,11410,11410,1
2020-06-18 15:10:44.149,11409,11410,11410,4
2020-06-18 15:10:44.149,11409,11410,11410,4
2020-06-18 15:10:44.703,11410,11411,11410,1
2020-06-18 15:10:44.870,11410,11411,11410,1
2020-06-18 15:10:47.378,11409,11411,11409,1
2020-06-18 15:10:50.694,11409,11410,11409,2
2020-06-18 15:10:51.346,11409,11410,11409,1
2020-06-18 15:10:52.295,11409,11410,11409,1
2020-06-18 15:10:54.096,11409,11410,11409,3
2020-06-18 15:10:55.738,11409,11410,11409,2
2020-06-18 15:10:56.213,11409,11410,11410,2
2020-06-18 15:10:59.906,11409,11410,11409,3
2020-06-18 15:11:00.200,11408,11409,11408,1
2020-06-18 15:11:02.201,11408,11409,11408,1
2020-06-18 15:11:02.801,11408,11409,11409,1
2020-06-18 15:11:03.693,11408,11409,11408,1
2020-06-18 15:11:04.530,11408,11409,11408,3
2020-06-18 15:11:05.264,11408,11409,11408,1
2020-06-18 15:11:05.446,11408,11409,11408,1
2020-06-18 15:11:09.099,11408,11409,11409,3
2020-06-18 15:11:10.350,11409,11410,11409,2
2020-06-18 15:11:11.889,11409,11410,11410,1
2020-06-18 15:11:12.190,11409,11410,11410,4
2020-06-18 15:11:12.190,11409,11410,11410,4
2020-06-18 15:11:12.190,11409,11410,11410,3
2020-06-18 15:11:14.061,11410,11411,11410,1
2020-06-18 15:11:15.540,11410,11411,11410,1
2020-06-18 15:11:15.578,11410,11411,11410,2
2020-06-18 15:11:15.578,11410,11411,11409,8
2020-06-18 15:11:19.038,11410,11411,11410,2
2020-06-18 15:11:20.128,11410,11411,11411,18
2020-06-18 15:11:20.129,11410,11411,11411,2
2020-06-18 15:11:20.129,11410,11411,11411,4
2020-06-18 15:11:20.129,11410,11411,11411,7
2020-06-18 15:11:20.129,11410,11411,11411,13
2020-06-18 15:11:21.245,11410,11412,11410,3
2020-06-18 15:11:25.599,11410,11411,11410,3
2020-06-18 15:11:27.618,11409,11410,11410,1
2020-06-18 15:11:29.775,11409,11410,11410,1
2020-06-18 15:11:30.217,11409,11410,11410,1
2020-06-18 15:11:30.219,11409,11410,11410,1
2020-06-18 15:11:30.263,11410,11411,11410,1
2020-06-18 15:11:35.465,11410,11411,11411,2
2020-06-18 15:11:35.466,11410,11411,11411,2
2020-06-18 15:11:40.365,11411,11412,11411,4
2020-06-18 15:11:41.611,11410,11411,11410,1
2020-06-18 15:11:42.305,11410,11411,11410,1
2020-06-18 15:11:44.918,11410,11411,11411,1
2020-06-18 15:11:51.079,11411,11412,11412,4
2020-06-18 15:11:52.528,11411,11413,11411,3
2020-06-18 15:11:53.783,11412,11413,11413,10
2020-06-18 15:11:53.901,11412,11413,11412,1
2020-06-18 15:12:02.324,11412,11413,11412,1
2020-06-18 15:12:02.325,11412,11413,11412,1
2020-06-18 15:12:02.810,11411,11412,11412,1
2020-06-18 15:12:03.113,11411,11412,11412,1
2020-06-18 15:12:04.129,11411,11412,11412,1
2020-06-18 15:12:04.141,11411,11413,11413,1
2020-06-18 15:12:04.142,11411,11413,11413,1
2020-06-18 15:12:05.857,11411,11412,11412,1
2020-06-18 15:12:08.660,11411,11412,11412,1
2020-06-18 15:12:08.806,11411,11412,11411,1
2020-06-18 15:12:11.464,11411,11412,11411,1
2020-06-18 15:12:11.794,11410,11411,11411,2
2020-06-18 15:12:16.393,11411,11412,11412,6
2020-06-18 15:12:16.650,11412,11413,11413,10
2020-06-18 15:12:21.046,11412,11413,11412,4
2020-06-18 15:12:39.346,11412,11413,11412,2
2020-06-18 15:12:44.398,11411,11412,11412,1
2020-06-18 15:12:52.342,11412,11413,11412,6
2020-06-18 15:12:53.241,11412,11413,11412,3
2020-06-18 15:12:54.172,11411,11412,11412,1
2020-06-18 15:12:56.336,11412,11413,11413,5
2020-06-18 15:12:56.336,11412,11413,11413,3
2020-06-18 15:12:56.336,11412,11413,11413,2
2020-06-18 15:12:56.336,11412,11413,11413,1
2020-06-18 15:12:56.920,11412,11413,11413,2
2020-06-18 15:12:56.920,11412,11413,11413,1
2020-06-18 15:13:01.707,11413,11414,11413,1
2020-06-18 15:13:02.426,11413,11414,11414,1
2020-06-18 15:13:02.831,11413,11414,11414,5
2020-06-18 15:13:03.764,11413,11414,11413,4
2020-06-18 15:13:05.284,11412,11413,11412,2
2020-06-18 15:13:07.194,11411,11412,11412,1
2020-06-18 15:13:07.675,11411,11412,11411,1
2020-06-18 15:13:07.676,11411,11412,11411,1
2020-06-18 15:13:07.676,11411,11412,11411,2
2020-06-18 15:13:21.966,11410,11411,11411,1
2020-06-18 15:13:28.218,11410,11411,11411,1
2020-06-18 15:13:29.973,11410,11411,11410,1
2020-06-18 15:13:31.111,11410,11411,11411,1
2020-06-18 15:13:37.203,11411,11412,11411,1
2020-06-18 15:13:38.660,11410,11412,11410,1
2020-06-18 15:13:44.338,11411,11412,11411,1
2020-06-18 15:13:45.793,11411,11412,11412,1
2020-06-18 15:13:45.793,11411,11412,11412,1
2020-06-18 15:13:45.793,11411,11412,11412,1
2020-06-18 15:13:45.793,11411,11412,11412,1
2020-06-18 15:13:45.793,11411,11412,11412,1
2020-06-18 15:13:45.794,11411,11412,11412,2
2020-06-18 15:13:45.794,11411,11412,11412,6
2020-06-18 15:13:45.794,11411,11412,11412,1
2020-06-18 15:13:45.809,11411,11412,11413,1
2020-06-18 15:13:46.949,11412,11413,11413,3
2020-06-18 15:13:48.462,11412,11414,11413,3
2020-06-18 15:13:57.033,11412,11414,11414,1
2020-06-18 15:13:57.205,11413,11414,11414,2
2020-06-18 15:13:57.479,11414,11415,11415,8
2020-06-18 15:13:57.630,11415,11416,11415,2
2020-06-18 15:13:58.024,11415,11416,11416,10
2020-06-18 15:13:58.024,11415,11416,11416,1
2020-06-18 15:13:58.024,11415,11416,11416,2
2020-06-18 15:13:58.024,11415,11416,11416,1
2020-06-18 15:13:58.024,11415,11416,11416,1
2020-06-18 15:13:58.025,11415,11416,11416,1
2020-06-18 15:13:58.835,11416,11417,11416,1
2020-06-18 15:13:58.835,11416,11417,11416,1
2020-06-18 15:13:58.835,11416,11417,11416,1
2020-06-18 15:13:59.198,11415,11416,11416,1
2020-06-18 15:14:00.854,11416,11417,11416,2
2020-06-18 15:14:07.015,11416,11417,11416,2
2020-06-18 15:14:07.638,11416,11417,11417,1
2020-06-18 15:14:07.931,11416,11417,11417,3
2020-06-18 15:14:08.171,11417,11418,11417,1
2020-06-18 15:14:08.222,11417,11418,11417,1
2020-06-18 15:14:09.001,11417,11418,11418,2
2020-06-18 15:14:09.097,11417,11418,11418,4
2020-06-18 15:14:09.144,11417,11418,11418,1
2020-06-18 15:14:10.951,11417,11419,11417,5
2020-06-18 15:14:11.325,11417,11419,11417,1
2020-06-18 15:14:12.382,11418,11419,11419,9
2020-06-18 15:14:12.603,11419,11420,11419,1
2020-06-18 15:14:12.702,11419,11420,11420,1
2020-06-18 15:14:12.805,11419,11420,11419,1
2020-06-18 15:14:12.877,11419,11420,11420,3
2020-06-18 15:14:12.877,11419,11420,11420,2
2020-06-18 15:14:12.893,11419,11420,11420,1
2020-06-18 15:14:12.945,11419,11420,11420,1
2020-06-18 15:14:12.974,11419,11420,11420,2
2020-06-18 15:14:13.083,11419,11420,11420,32
2020-06-18 15:14:13.084,11419,11420,11421,1
2020-06-18 15:14:13.157,11420,11421,11421,1
2020-06-18 15:14:13.233,11420,11421,11421,1
2020-06-18 15:14:13.384,11420,11421,11421,1
2020-06-18 15:14:13.565,11420,11421,11421,1
2020-06-18 15:14:13.761,11420,11421,11421,1
2020-06-18 15:14:13.790,11420,11421,11421,4
2020-06-18 15:14:14.396,11420,11421,11421,1
2020-06-18 15:14:14.738,11420,11421,11421,1
2020-06-18 15:14:15.356,11420,11421,11421,1
2020-06-18 15:14:15.377,11420,11421,11421,1
2020-06-18 15:14:15.394,11420,11421,11421,2
2020-06-18 15:14:15.402,11420,11421,11421,1
2020-06-18 15:14:16.757,11420,11421,11421,2
2020-06-18 15:14:17.236,11420,11421,11421,1
2020-06-18 15:14:17.802,11420,11421,11421,3
2020-06-18 15:14:17.839,11420,11421,11421,3
2020-06-18 15:14:18.702,11420,11421,11421,1
2020-06-18 15:14:18.739,11420,11421,11421,3
2020-06-18 15:14:18.949,11421,11422,11421,1
2020-06-18 15:14:19.603,11421,11422,11422,2
2020-06-18 15:14:19.606,11421,11422,11421,3
2020-06-18 15:14:19.651,11421,11422,11422,1
2020-06-18 15:14:19.675,11421,11422,11421,1
2020-06-18 15:14:19.738,11421,11422,11422,1
2020-06-18 15:14:20.024,11421,11422,11422,2
2020-06-18 15:14:20.026,11421,11422,11422,4
2020-06-18 15:14:20.029,11421,11422,11422,1
2020-06-18 15:14:20.564,11421,11422,11421,1
2020-06-18 15:14:20.872,11421,11422,11422,1
2020-06-18 15:14:21.198,11421,11422,11422,1
2020-06-18 15:14:21.534,11421,11422,11422,1
2020-06-18 15:14:21.879,11421,11422,11422,2
2020-06-18 15:14:21.982,11421,11422,11422,6
2020-06-18 15:14:21.983,11421,11422,11422,2
2020-06-18 15:14:21.983,11421,11422,11422,4
2020-06-18 15:14:21.983,11421,11422,11422,5
2020-06-18 15:14:22.824,11422,11423,11422,1
2020-06-18 15:14:23.393,11422,11423,11422,1
2020-06-18 15:14:24.101,11422,11423,11423,2
2020-06-18 15:14:24.140,11422,11423,11423,5
2020-06-18 15:14:24.346,11422,11423,11423,1
2020-06-18 15:14:24.426,11422,11423,11423,1
2020-06-18 15:14:24.978,11422,11423,11422,1
2020-06-18 15:14:25.118,11422,11423,11423,1
2020-06-18 15:14:25.687,11422,11423,11423,2
2020-06-18 15:14:26.587,11422,11423,11422,1
2020-06-18 15:14:27.657,11422,11423,11422,1
2020-06-18 15:14:28.367,11422,11423,11422,1
2020-06-18 15:14:28.862,11422,11423,11422,4
2020-06-18 15:14:28.863,11422,11423,11422,1
2020-06-18 15:14:29.193,11421,11422,11422,1
2020-06-18 15:14:29.873,11421,11422,11422,2
2020-06-18 15:14:29.937,11421,11422,11422,1
2020-06-18 15:14:30.335,11421,11422,11422,1
2020-06-18 15:14:30.594,11421,11422,11422,1
2020-06-18 15:14:31.875,11421,11422,11422,1
2020-06-18 15:14:32.094,11421,11422,11422,2
2020-06-18 15:14:33.156,11421,11422,11422,8
2020-06-18 15:14:34.023,11421,11422,11422,1
2020-06-18 15:14:37.787,11421,11422,11422,1
2020-06-18 15:14:38.559,11421,11422,11421,1
2020-06-18 15:14:38.559,11421,11422,11421,1
2020-06-18 15:14:39.597,11420,11422,11422,1
2020-06-18 15:14:39.970,11420,11422,11420,1
2020-06-18 15:14:40.308,11420,11422,11422,4
2020-06-18 15:14:42.449,11421,11422,11422,1
2020-06-18 15:14:43.676,11421,11422,11421,1
2020-06-18 15:14:43.676,11421,11422,11421,1
2020-06-18 15:14:45.218,11420,11421,11421,1
2020-06-18 15:14:46.024,11420,11421,11420,2
2020-06-18 15:14:50.047,11420,11421,11421,2
2020-06-18 15:14:50.164,11420,11422,11420,1
2020-06-18 15:14:51.041,11420,11421,11421,1
2020-06-18 15:14:52.846,11420,11421,11421,2
2020-06-18 15:14:52.856,11420,11421,11421,1
2020-06-18 15:14:54.467,11421,11422,11421,1
2020-06-18 15:14:55.412,11421,11422,11421,1
2020-06-18 15:14:56.549,11421,11422,11422,1
2020-06-18 15:14:57.335,11421,11422,11422,4
2020-06-18 15:14:58.810,11421,11422,11422,1
2020-06-18 15:14:58.844,11421,11422,11421,1
2020-06-18 15:14:58.978,11421,11422,11422,2
2020-06-18 15:14:59.272,11422,11423,11422,1
2020-06-18 15:14:59.272,11422,11423,11422,1
2020-06-18 15:14:59.412,11421,11423,11423,1
2020-06-18 15:14:59.883,11421,11423,11423,1
2020-06-18 15:15:00.351,11422,11423,11423,1
2020-06-18 15:15:00.359,11422,11423,11423,1
2020-06-18 15:15:00.629,11422,11423,11423,2
2020-06-18 15:15:00.807,11422,11423,11423,4
2020-06-18 15:15:00.942,11422,11423,11422,1
2020-06-18 15:15:01.090,11422,11423,11423,1
2020-06-18 15:15:01.171,11422,11423,11423,1
2020-06-18 15:15:01.171,11422,11423,11423,2
2020-06-18 15:15:01.171,11422,11423,11423,3
2020-06-18 15:15:01.171,11422,11423,11423,4
2020-06-18 15:15:01.171,11422,11423,11423,2
2020-06-18 15:15:01.228,11422,11423,11424,8
2020-06-18 15:15:01.267,11423,11424,11424,3
2020-06-18 15:15:01.278,11423,11424,11424,1
2020-06-18 15:15:01.280,11423,11424,11425,3
2020-06-18 15:15:01.285,11423,11424,11425,1
2020-06-18 15:15:01.285,11423,11424,11425,1
2020-06-18 15:15:01.287,11423,11424,11425,1
2020-06-18 15:15:01.287,11423,11424,11425,2
2020-06-18 15:15:01.288,11423,11424,11425,11
2020-06-18 15:15:01.288,11423,11424,11425,10
2020-06-18 15:15:01.288,11423,11424,11425,4
2020-06-18 15:15:01.288,11423,11424,11425,1
2020-06-18 15:15:01.289,11423,11424,11425,1
2020-06-18 15:15:01.289,11423,11424,11425,1
2020-06-18 15:15:01.289,11423,11424,11425,1
2020-06-18 15:15:01.289,11423,11424,11425,1
2020-06-18 15:15:01.293,11423,11424,11425,3
2020-06-18 15:15:01.293,11423,11424,11425,1
2020-06-18 15:15:01.294,11423,11424,11425,7
2020-06-18 15:15:01.294,11423,11424,11425,1
2020-06-18 15:15:01.294,11423,11424,11425,2
2020-06-18 15:15:01.316,11423,11424,11426,1
2020-06-18 15:15:01.451,11425,11426,11426,1
2020-06-18 15:15:01.456,11425,11426,11426,4
2020-06-18 15:15:01.472,11425,11426,11426,2
2020-06-18 15:15:01.478,11425,11426,11426,3
2020-06-18 15:15:01.533,11425,11426,11426,1
2020-06-18 15:15:01.559,11425,11426,11426,3
2020-06-18 15:15:01.565,11425,11426,11426,1
2020-06-18 15:15:01.625,11425,11426,11426,1
2020-06-18 15:15:01.627,11425,11426,11425,1
2020-06-18 15:15:01.630,11425,11426,11426,1
2020-06-18 15:15:01.643,11425,11426,11426,1
2020-06-18 15:15:01.671,11425,11426,11426,5
2020-06-18 15:15:01.712,11425,11426,11425,2
2020-06-18 15:15:01.748,11425,11426,11427,1
2020-06-18 15:15:01.751,11425,11426,11427,2
2020-06-18 15:15:01.751,11425,11426,11427,2
2020-06-18 15:15:01.753,11425,11426,11427,1
2020-06-18 15:15:01.777,11425,11427,11426,1
2020-06-18 15:15:01.777,11425,11427,11427,1
2020-06-18 15:15:01.787,11425,11427,11427,3
2020-06-18 15:15:01.795,11425,11427,11427,2
2020-06-18 15:15:01.797,11425,11427,11427,1
2020-06-18 15:15:01.804,11425,11427,11427,3
2020-06-18 15:15:01.807,11425,11427,11428,1
2020-06-18 15:15:01.808,11425,11427,11428,2
2020-06-18 15:15:01.814,11425,11427,11428,1
2020-06-18 15:15:01.820,11425,11427,11428,3
2020-06-18 15:15:01.827,11425,11427,11428,1
2020-06-18 15:15:01.833,11425,11427,11428,1
2020-06-18 15:15:01.835,11425,11427,11428,1
2020-06-18 15:15:01.840,11425,11427,11428,2
2020-06-18 15:15:01.849,11425,11427,11428,1
2020-06-18 15:15:01.852,11425,11427,11428,1
2020-06-18 15:15:01.902,11426,11428,11428,1
2020-06-18 15:15:01.911,11426,11428,11428,2
2020-06-18 15:15:01.945,11426,11428,11428,1
2020-06-18 15:15:01.972,11426,11428,11428,1
2020-06-18 15:15:02.027,11426,11428,11428,1
2020-06-18 15:15:02.040,11426,11428,11428,1
2020-06-18 15:15:02.069,11426,11428,11428,1
2020-06-18 15:15:02.071,11426,11428,11428,2
2020-06-18 15:15:02.086,11426,11428,11429,1
2020-06-18 15:15:02.099,11426,11428,11429,2
2020-06-18 15:15:02.112,11426,11428,11429,1
2020-06-18 15:15:02.123,11426,11428,11429,1
2020-06-18 15:15:02.146,11427,11429,11429,3
2020-06-18 15:15:02.161,11427,11429,11429,1
2020-06-18 15:15:02.175,11427,11429,11429,2
2020-06-18 15:15:02.178,11427,11429,11429,2
2020-06-18 15:15:02.190,11427,11429,11429,2
2020-06-18 15:15:02.265,11428,11430,11428,1
2020-06-18 15:15:02.281,11428,11430,11430,2
2020-06-18 15:15:02.302,11428,11430,11430,1
2020-06-18 15:15:02.302,11428,11430,11430,1
2020-06-18 15:15:02.388,11428,11430,11430,2
2020-06-18 15:15:02.407,11428,11430,11430,1
2020-06-18 15:15:02.419,11428,11430,11428,5
2020-06-18 15:15:02.421,11428,11430,11428,5
2020-06-18 15:15:02.426,11428,11430,11429,2
2020-06-18 15:15:02.443,11428,11430,11429,1
2020-06-18 15:15:02.450,11428,11430,11429,1
2020-06-18 15:15:02.480,11428,11430,11429,1
2020-06-18 15:15:02.481,11428,11430,11430,3
2020-06-18 15:15:02.481,11428,11430,11428,1
2020-06-18 15:15:02.495,11428,11430,11430,1
2020-06-18 15:15:02.508,11428,11430,11430,1
2020-06-18 15:15:02.516,11429,11430,11430,2
2020-06-18 15:15:02.528,11429,11430,11430,2
2020-06-18 15:15:02.592,11429,11430,11430,1
2020-06-18 15:15:02.594,11429,11430,11430,1
2020-06-18 15:15:02.649,11429,11430,11430,1
2020-06-18 15:15:02.662,11429,11430,11430,2
2020-06-18 15:15:02.677,11429,11430,11430,1
2020-06-18 15:15:02.714,11429,11430,11430,3
2020-06-18 15:15:02.725,11429,11430,11430,2
2020-06-18 15:15:02.725,11429,11430,11430,2
2020-06-18 15:15:02.730,11429,11430,11431,3
2020-06-18 15:15:02.749,11429,11430,11431,2
2020-06-18 15:15:02.757,11429,11430,11431,1
2020-06-18 15:15:02.766,11430,11431,11431,5
2020-06-18 15:15:02.768,11430,11431,11431,1
2020-06-18 15:15:02.769,11430,11431,11431,1
2020-06-18 15:15:02.773,11430,11431,11431,1
2020-06-18 15:15:02.773,11430,11431,11432,1
2020-06-18 15:15:02.805,11430,11431,11430,1
2020-06-18 15:15:02.805,11430,11431,11432,1
2020-06-18 15:15:02.815,11430,11431,11430,1
2020-06-18 15:15:02.824,11430,11431,11432,1
2020-06-18 15:15:02.827,11430,11431,11432,1
2020-06-18 15:15:02.851,11430,11431,11432,1
2020-06-18 15:15:02.861,11430,11431,11432,2
2020-06-18 15:15:02.864,11430,11431,11432,2
2020-06-18 15:15:02.867,11430,11431,11432,2
2020-06-18 15:15:02.881,11430,11431,11432,1
2020-06-18 15:15:02.882,11430,11431,11432,1
2020-06-18 15:15:02.891,11431,11432,11432,4
2020-06-18 15:15:02.908,11431,11432,11433,1
2020-06-18 15:15:02.915,11431,11432,11433,1
2020-06-18 15:15:02.920,11431,11432,11433,4
2020-06-18 15:15:02.935,11431,11432,11433,2
2020-06-18 15:15:02.946,11431,11432,11433,1
2020-06-18 15:15:02.953,11431,11432,11432,1
2020-06-18 15:15:02.980,11431,11432,11432,1
2020-06-18 15:15:02.995,11431,11432,11433,1
2020-06-18 15:15:03.041,11431,11433,11433,1
2020-06-18 15:15:03.044,11431,11433,11433,1
2020-06-18 15:15:03.069,11431,11433,11433,1
2020-06-18 15:15:03.069,11431,11433,11433,1
2020-06-18 15:15:03.069,11431,11433,11433,1
2020-06-18 15:15:03.069,11431,11433,11433,4
2020-06-18 15:15:03.069,11431,11433,11433,2
2020-06-18 15:15:03.069,11431,11433,11433,8
2020-06-18 15:15:03.070,11431,11433,11433,1
2020-06-18 15:15:03.070,11431,11433,11433,4
2020-06-18 15:15:03.070,11431,11433,11433,1
2020-06-18 15:15:03.081,11431,11433,11433,1
2020-06-18 15:15:03.082,11431,11433,11433,2
2020-06-18 15:15:03.093,11431,11433,11433,1
2020-06-18 15:15:03.102,11431,11433,11433,2
2020-06-18 15:15:03.103,11431,11433,11433,2
2020-06-18 15:15:03.108,11431,11433,11433,1
2020-06-18 15:15:03.115,11431,11433,11433,5
2020-06-18 15:15:03.115,11431,11433,11434,5
2020-06-18 15:15:03.116,11431,11433,11434,1
2020-06-18 15:15:03.116,11431,11433,11434,1
2020-06-18 15:15:03.116,11431,11433,11433,1
2020-06-18 15:15:03.119,11431,11433,11434,1
2020-06-18 15:15:03.121,11431,11433,11434,1
2020-06-18 15:15:03.151,11433,11434,11434,1
2020-06-18 15:15:03.156,11433,11434,11434,1
2020-06-18 15:15:03.156,11433,11434,11435,2
2020-06-18 15:15:03.172,11433,11434,11435,1
2020-06-18 15:15:03.211,11433,11434,11435,1
2020-06-18 15:15:03.254,11433,11434,11433,1
2020-06-18 15:15:03.259,11433,11434,11433,1
2020-06-18 15:15:03.288,11433,11435,11435,1
2020-06-18 15:15:03.292,11433,11435,11435,2
2020-06-18 15:15:03.292,11433,11435,11435,1
2020-06-18 15:15:03.296,11433,11435,11435,1
2020-06-18 15:15:03.296,11433,11435,11435,1
2020-06-18 15:15:03.310,11433,11435,11435,1
2020-06-18 15:15:03.322,11433,11435,11436,1
2020-06-18 15:15:03.376,11433,11435,11434,2
2020-06-18 15:15:03.391,11434,11436,11436,1
2020-06-18 15:15:03.409,11434,11436,11436,1
2020-06-18 15:15:03.421,11434,11436,11436,1
2020-06-18 15:15:03.427,11434,11436,11436,1
2020-06-18 15:15:03.432,11434,11436,11436,1
2020-06-18 15:15:03.450,11434,11436,11436,1
2020-06-18 15:15:03.464,11434,11436,11436,2
2020-06-18 15:15:03.467,11434,11436,11435,4
2020-06-18 15:15:03.474,11434,11436,11436,1
2020-06-18 15:15:03.515,11435,11436,11436,1
2020-06-18 15:15:03.520,11435,11436,11436,1
2020-06-18 15:15:03.521,11435,11436,11436,1
2020-06-18 15:15:03.521,11435,11436,11437,1
2020-06-18 15:15:03.540,11435,11436,11437,1
2020-06-18 15:15:03.579,11435,11436,11437,1
2020-06-18 15:15:03.602,11435,11436,11436,1
2020-06-18 15:15:03.602,11435,11436,11438,1
2020-06-18 15:15:03.651,11436,11438,11438,1
2020-06-18 15:15:03.681,11436,11438,11436,1
2020-06-18 15:15:03.682,11436,11438,11438,1
2020-06-18 15:15:03.709,11436,11438,11438,1
2020-06-18 15:15:03.711,11436,11438,11438,2
2020-06-18 15:15:03.715,11436,11438,11436,5
2020-06-18 15:15:03.716,11436,11438,11438,1
2020-06-18 15:15:03.726,11436,11438,11436,1
2020-06-18 15:15:03.740,11436,11438,11438,1
2020-06-18 15:15:03.744,11436,11438,11438,1
2020-06-18 15:15:03.750,11436,11438,11438,1
2020-06-18 15:15:03.775,11436,11438,11438,1
2020-06-18 15:15:03.781,11436,11438,11438,1
2020-06-18 15:15:03.784,11436,11438,11438,1
2020-06-18 15:15:03.791,11436,11438,11438,1
2020-06-18 15:15:03.798,11436,11438,11438,2
2020-06-18 15:15:03.801,11436,11438,11438,1
2020-06-18 15:15:03.804,11436,11438,11438,1
2020-06-18 15:15:03.829,11436,11438,11436,2
2020-06-18 15:15:03.830,11436,11438,11436,4
2020-06-18 15:15:03.834,11436,11438,11437,4
2020-06-18 15:15:03.836,11436,11438,11435,3
2020-06-18 15:15:03.852,11436,11438,11437,2
2020-06-18 15:15:03.852,11436,11438,11437,2
2020-06-18 15:15:03.854,11436,11438,11438,2
2020-06-18 15:15:03.857,11436,11438,11438,1
2020-06-18 15:15:03.882,11436,11438,11437,2
2020-06-18 15:15:03.883,11436,11438,11437,1
2020-06-18 15:15:03.883,11436,11438,11437,1
2020-06-18 15:15:03.886,11435,11437,11437,1
2020-06-18 15:15:03.892,11435,11437,11438,2
2020-06-18 15:15:03.900,11435,11437,11438,2
2020-06-18 15:15:03.944,11435,11437,11438,1
2020-06-18 15:15:04.028,11436,11438,11438,1
2020-06-18 15:15:04.073,11436,11438,11438,2
2020-06-18 15:15:04.074,11436,11438,11438,1
2020-06-18 15:15:04.074,11436,11438,11438,1
2020-06-18 15:15:04.075,11436,11438,11438,1
2020-06-18 15:15:04.075,11436,11438,11438,1
2020-06-18 15:15:04.075,11436,11438,11439,1
2020-06-18 15:15:04.076,11436,11438,11439,2
2020-06-18 15:15:04.077,11436,11438,11439,1
2020-06-18 15:15:04.094,11436,11438,11439,1
2020-06-18 15:15:04.155,11437,11439,11439,1
2020-06-18 15:15:04.156,11437,11439,11439,1
2020-06-18 15:15:04.159,11437,11439,11439,1
2020-06-18 15:15:04.210,11437,11439,11439,1
2020-06-18 15:15:04.268,11437,11439,11439,1
2020-06-18 15:15:04.287,11437,11439,11439,3
2020-06-18 15:15:04.302,11437,11439,11440,19
2020-06-18 15:15:04.302,11437,11439,11441,5
2020-06-18 15:15:04.302,11437,11439,11441,1
2020-06-18 15:15:04.303,11437,11439,11441,1
2020-06-18 15:15:04.303,11437,11439,11441,1
2020-06-18 15:15:04.312,11437,11439,11440,2
2020-06-18 15:15:04.314,11437,11439,11440,1
2020-06-18 15:15:04.322,11437,11439,11441,1
2020-06-18 15:15:04.328,11437,11439,11440,1
2020-06-18 15:15:04.347,11437,11439,11441,1
2020-06-18 15:15:04.399,11439,11441,11441,3
2020-06-18 15:15:04.417,11439,11441,11440,2
2020-06-18 15:15:04.417,11439,11441,11440,2
2020-06-18 15:15:04.420,11439,11441,11441,1
2020-06-18 15:15:04.431,11439,11441,11440,1
2020-06-18 15:15:04.442,11439,11441,11440,4
2020-06-18 15:15:04.442,11439,11441,11441,2
2020-06-18 15:15:04.442,11439,11441,11441,1
2020-06-18 15:15:04.442,11439,11441,11441,1
2020-06-18 15:15:04.462,11439,11441,11441,1
2020-06-18 15:15:04.505,11439,11441,11441,1
2020-06-18 15:15:04.515,11439,11441,11441,6
2020-06-18 15:15:04.515,11439,11441,11442,6
2020-06-18 15:15:04.543,11439,11441,11442,4
2020-06-18 15:15:04.544,11439,11441,11442,1
2020-06-18 15:15:04.544,11439,11441,11442,1
2020-06-18 15:15:04.544,11439,11441,11442,1
2020-06-18 15:15:04.637,11440,11442,11442,1
2020-06-18 15:15:04.637,11440,11442,11442,1
2020-06-18 15:15:04.637,11440,11442,11443,1
2020-06-18 15:15:04.637,11440,11442,11443,1
2020-06-18 15:15:04.650,11440,11442,11443,3
2020-06-18 15:15:04.665,11440,11442,11443,1
2020-06-18 15:15:04.725,11440,11442,11441,4
2020-06-18 15:15:04.728,11440,11442,11443,1
2020-06-18 15:15:04.732,11440,11442,11443,4
2020-06-18 15:15:04.809,11441,11443,11443,1
2020-06-18 15:15:04.837,11441,11443,11443,4
2020-06-18 15:15:04.849,11441,11443,11443,1
2020-06-18 15:15:04.849,11441,11443,11443,1
2020-06-18 15:15:04.851,11441,11443,11443,2
2020-06-18 15:15:04.861,11441,11443,11443,1
2020-06-18 15:15:04.881,11441,11443,11443,2
2020-06-18 15:15:04.885,11441,11443,11443,4
2020-06-18 15:15:04.885,11441,11443,11443,1
2020-06-18 15:15:04.885,11441,11443,11443,2
2020-06-18 15:15:04.885,11441,11443,11443,1
2020-06-18 15:15:04.885,11442,11443,11443,1
2020-06-18 15:15:04.885,11442,11443,11443,1
2020-06-18 15:15:04.926,11442,11443,11443,1
2020-06-18 15:15:04.926,11442,11443,11444,1
2020-06-18 15:15:04.928,11442,11443,11443,1
2020-06-18 15:15:04.947,11442,11443,11444,1
2020-06-18 15:15:04.948,11442,11443,11444,8
2020-06-18 15:15:04.953,11442,11443,11444,3
2020-06-18 15:15:04.964,11442,11443,11443,1
2020-06-18 15:15:04.984,11442,11443,11444,1
2020-06-18 15:15:04.988,11442,11443,11444,1
2020-06-18 15:15:05.012,11443,11444,11444,5
2020-06-18 15:15:05.024,11443,11444,11445,1
2020-06-18 15:15:05.051,11443,11444,11445,1
2020-06-18 15:15:05.052,11443,11444,11445,1
2020-06-18 15:15:05.064,11443,11444,11443,1
2020-06-18 15:15:05.066,11443,11444,11445,1
2020-06-18 15:15:05.100,11443,11444,11445,3
2020-06-18 15:15:05.105,11443,11444,11445,1
2020-06-18 15:15:05.105,11443,11444,11445,1
2020-06-18 15:15:05.120,11443,11444,11445,1
2020-06-18 15:15:05.121,11443,11444,11445,3
2020-06-18 15:15:05.121,11443,11444,11445,1
2020-06-18 15:15:05.121,11443,11444,11445,1
2020-06-18 15:15:05.134,11443,11444,11445,1
2020-06-18 15:15:05.136,11444,11445,11445,1
2020-06-18 15:15:05.136,11444,11445,11445,9
2020-06-18 15:15:05.136,11444,11445,11446,1
2020-06-18 15:15:05.140,11444,11445,11446,4
2020-06-18 15:15:05.205,11444,11445,11445,1
2020-06-18 15:15:05.251,11444,11445,11447,1
2020-06-18 15:15:05.276,11445,11447,11445,1
2020-06-18 15:15:05.307,11445,11447,11447,1
2020-06-18 15:15:05.336,11445,11447,11447,5
2020-06-18 15:15:05.337,11445,11447,11448,1
2020-06-18 15:15:05.351,11445,11447,11448,1
2020-06-18 15:15:05.351,11445,11447,11448,1
2020-06-18 15:15:05.438,11447,11448,11448,1
2020-06-18 15:15:05.453,11447,11448,11448,1
2020-06-18 15:15:05.453,11447,11448,11448,1
2020-06-18 15:15:05.453,11447,11448,11448,1
2020-06-18 15:15:05.458,11447,11448,11448,1
2020-06-18 15:15:05.460,11447,11448,11448,1
2020-06-18 15:15:05.466,11447,11448,11449,2
2020-06-18 15:15:05.472,11447,11448,11449,1
2020-06-18 15:15:05.489,11447,11448,11449,1
2020-06-18 15:15:05.501,11447,11448,11447,3
2020-06-18 15:15:05.525,11447,11449,11448,1
2020-06-18 15:15:05.526,11447,11449,11448,1
2020-06-18 15:15:05.550,11447,11449,11449,1
2020-06-18 15:15:05.555,11447,11449,11449,1
2020-06-18 15:15:05.555,11447,11449,11449,1
2020-06-18 15:15:05.565,11447,11449,11449,1
2020-06-18 15:15:05.581,11447,11449,11449,4
2020-06-18 15:15:05.593,11447,11449,11450,1
2020-06-18 15:15:05.646,11448,11450,11448,1
2020-06-18 15:15:05.680,11448,11450,11450,1
2020-06-18 15:15:05.692,11448,11450,11448,1
2020-06-18 15:15:05.711,11448,11450,11450,1
2020-06-18 15:15:05.806,11448,11450,11450,1
2020-06-18 15:15:05.824,11448,11450,11450,1
2020-06-18 15:15:05.834,11448,11450,11450,1
2020-06-18 15:15:05.867,11448,11450,11448,1
2020-06-18 15:15:05.880,11448,11450,11450,1
2020-06-18 15:15:05.880,11448,11450,11450,1
2020-06-18 15:15:05.961,11448,11450,11450,2
2020-06-18 15:15:05.961,11448,11450,11450,1
2020-06-18 15:15:06.035,11448,11450,11450,1
2020-06-18 15:15:06.064,11448,11450,11450,1
2020-06-18 15:15:06.100,11448,11450,11449,2
2020-06-18 15:15:06.136,11449,11450,11449,2
2020-06-18 15:15:06.155,11449,11450,11448,3
2020-06-18 15:15:06.161,11449,11450,11447,1
2020-06-18 15:15:06.164,11449,11450,11449,1
2020-06-18 15:15:06.195,11449,11450,11447,9
2020-06-18 15:15:06.196,11449,11450,11446,2
2020-06-18 15:15:06.198,11449,11450,11445,3
2020-06-18 15:15:06.242,11449,11450,11445,1
2020-06-18 15:15:06.248,11449,11450,11444,1
2020-06-18 15:15:06.261,11444,11445,11444,3
2020-06-18 15:15:06.261,11444,11445,11443,5
2020-06-18 15:15:06.263,11444,11445,11444,1
2020-06-18 15:15:06.264,11444,11445,11444,1
2020-06-18 15:15:06.264,11444,11445,11445,1
2020-06-18 15:15:06.264,11444,11445,11445,1
2020-06-18 15:15:06.264,11444,11445,11445,1
2020-06-18 15:15:06.264,11444,11445,11443,1
2020-06-18 15:15:06.265,11444,11445,11443,1
2020-06-18 15:15:06.265,11444,11445,11443,1
2020-06-18 15:15:06.265,11444,11445,11443,1
2020-06-18 15:15:06.266,11444,11445,11445,1
2020-06-18 15:15:06.277,11444,11445,11443,1
2020-06-18 15:15:06.319,11444,11445,11443,1
2020-06-18 15:15:06.358,11444,11445,11442,1
2020-06-18 15:15:06.358,11444,11445,11442,2
2020-06-18 15:15:06.358,11444,11445,11442,1
2020-06-18 15:15:06.368,11444,11445,11442,1
2020-06-18 15:15:06.445,11440,11442,11441,1
2020-06-18 15:15:06.446,11440,11442,11441,1
2020-06-18 15:15:06.446,11440,11442,11440,5
2020-06-18 15:15:06.447,11440,11442,11439,1
2020-06-18 15:15:06.448,11440,11442,11439,1
2020-06-18 15:15:06.448,11440,11442,11438,2
2020-06-18 15:15:06.456,11440,11442,11438,2
2020-06-18 15:15:06.463,11440,11442,11439,1
2020-06-18 15:15:06.464,11440,11442,11438,1
2020-06-18 15:15:06.469,11440,11442,11440,1
2020-06-18 15:15:06.470,11440,11442,11440,1
2020-06-18 15:15:06.570,11438,11440,11440,1
2020-06-18 15:15:06.593,11438,11440,11440,1
2020-06-18 15:15:06.634,11438,11440,11438,1
2020-06-18 15:15:06.635,11438,11440,11438,2
2020-06-18 15:15:06.635,11438,11439,11438,7
2020-06-18 15:15:06.635,11438,11439,11438,1
2020-06-18 15:15:06.636,11438,11439,11438,1
2020-06-18 15:15:06.636,11438,11439,11438,1
2020-06-18 15:15:06.637,11438,11439,11438,1
2020-06-18 15:15:06.668,11438,11439,11438,1
2020-06-18 15:15:06.691,11438,11439,11437,1
2020-06-18 15:15:06.692,11438,11439,11437,1
2020-06-18 15:15:06.699,11438,11439,11438,1
2020-06-18 15:15:06.760,11438,11439,11436,6
2020-06-18 15:15:06.761,11436,11437,11436,1
2020-06-18 15:15:06.897,11436,11437,11436,1
2020-06-18 15:15:06.897,11436,11437,11435,2
2020-06-18 15:15:07.079,11435,11437,11436,1
2020-06-18 15:15:07.113,11435,11437,11435,1
2020-06-18 15:15:07.136,11435,11436,11435,1
2020-06-18 15:15:07.157,11435,11436,11434,3
2020-06-18 15:15:07.181,11435,11436,11434,1
2020-06-18 15:15:07.181,11435,11436,11434,1
2020-06-18 15:15:07.181,11435,11436,11434,1
2020-06-18 15:15:07.189,11435,11436,11434,1
2020-06-18 15:15:07.200,11435,11436,11434,1
2020-06-18 15:15:07.200,11435,11436,11434,1
2020-06-18 15:15:07.206,11435,11436,11434,3
2020-06-18 15:15:07.278,11434,11435,11435,1
2020-06-18 15:15:07.282,11434,11435,11436,1
2020-06-18 15:15:07.282,11434,11435,11436,2
2020-06-18 15:15:07.282,11434,11435,11436,1
2020-06-18 15:15:07.282,11434,11435,11436,1
2020-06-18 15:15:07.303,11434,11435,11436,1
2020-06-18 15:15:07.384,11434,11435,11436,1
2020-06-18 15:15:07.384,11434,11435,11437,1
2020-06-18 15:15:07.400,11436,11437,11436,1
2020-06-18 15:15:07.485,11436,11437,11437,1
2020-06-18 15:15:07.486,11436,11437,11437,1
2020-06-18 15:15:07.587,11436,11438,11438,1
2020-06-18 15:15:07.591,11436,11438,11438,3
2020-06-18 15:15:07.591,11436,11438,11439,3
2020-06-18 15:15:07.592,11436,11438,11438,1
2020-06-18 15:15:07.673,11438,11440,11438,1
2020-06-18 15:15:07.684,11438,11440,11440,1
2020-06-18 15:15:07.684,11438,11440,11440,2
2020-06-18 15:15:07.684,11438,11440,11440,1
2020-06-18 15:15:07.798,11438,11440,11440,2
2020-06-18 15:15:07.954,11438,11440,11438,1
2020-06-18 15:15:07.994,11438,11440,11440,1
2020-06-18 15:15:07.995,11438,11440,11440,2
2020-06-18 15:15:08.097,11438,11440,11440,2
2020-06-18 15:15:08.097,11438,11440,11440,1
2020-06-18 15:15:08.097,11438,11440,11440,1
2020-06-18 15:15:08.198,11439,11440,11441,2
2020-06-18 15:15:08.401,11440,11441,11441,1
2020-06-18 15:15:08.401,11440,11441,11441,4
2020-06-18 15:15:08.401,11440,11441,11442,2
2020-06-18 15:15:08.402,11440,11441,11442,1
2020-06-18 15:15:08.441,11440,11441,11441,1
2020-06-18 15:15:08.621,11441,11442,11442,1
2020-06-18 15:15:08.683,11441,11442,11441,1
2020-06-18 15:15:08.720,11441,11442,11441,1
2020-06-18 15:15:08.945,11439,11441,11441,2
2020-06-18 15:15:08.968,11439,11441,11441,1
2020-06-18 15:15:09.060,11440,11441,11441,1
2020-06-18 15:15:09.198,11440,11442,11442,1
2020-06-18 15:15:09.218,11440,11442,11442,2
2020-06-18 15:15:09.221,11440,11442,11442,4
2020-06-18 15:15:09.249,11440,11442,11441,1
2020-06-18 15:15:09.265,11441,11443,11441,1
2020-06-18 15:15:09.265,11441,11443,11441,1
2020-06-18 15:15:09.265,11441,11443,11441,1
2020-06-18 15:15:09.267,11441,11443,11443,1
2020-06-18 15:15:09.351,11441,11443,11443,2
2020-06-18 15:15:09.354,11441,11443,11443,2
2020-06-18 15:15:09.366,11441,11443,11442,1
2020-06-18 15:15:09.375,11441,11443,11443,1
2020-06-18 15:15:09.443,11442,11444,11444,1
2020-06-18 15:15:09.656,11443,11444,11443,1
2020-06-18 15:15:09.699,11443,11444,11444,1
2020-06-18 15:15:09.757,11443,11444,11445,2
2020-06-18 15:15:09.794,11443,11445,11445,1
2020-06-18 15:15:09.794,11443,11445,11445,1
2020-06-18 15:15:09.883,11443,11445,11445,1
2020-06-18 15:15:10.059,11444,11446,11446,1
2020-06-18 15:15:10.280,11445,11446,11445,1
2020-06-18 15:15:10.442,11445,11447,11446,1
2020-06-18 15:15:10.512,11446,11447,11446,1
2020-06-18 15:15:10.660,11446,11447,11447,6
2020-06-18 15:15:10.702,11446,11447,11447,3
2020-06-18 15:15:10.703,11446,11447,11447,4
2020-06-18 15:15:10.703,11446,11447,11447,2
2020-06-18 15:15:10.703,11446,11447,11447,6
2020-06-18 15:15:10.703,11446,11447,11447,1
2020-06-18 15:15:10.703,11446,11447,11447,2
2020-06-18 15:15:10.703,11446,11447,11447,2
2020-06-18 15:15:10.704,11446,11447,11448,2
2020-06-18 15:15:11.198,11448,11449,11449,2
2020-06-18 15:15:11.309,11448,11449,11448,3
2020-06-18 15:15:11.339,11448,11449,11447,3
2020-06-18 15:15:11.339,11448,11449,11447,8
2020-06-18 15:15:11.340,11448,11449,11446,12
2020-06-18 15:15:11.346,11448,11449,11445,1
2020-06-18 15:15:11.356,11448,11449,11445,4
2020-06-18 15:15:11.382,11448,11449,11446,2
2020-06-18 15:15:11.583,11445,11446,11447,2
2020-06-18 15:15:11.761,11445,11446,11445,2
2020-06-18 15:15:11.785,11445,11446,11446,2
2020-06-18 15:15:11.882,11445,11446,11444,1
2020-06-18 15:15:11.986,11444,11446,11446,1
2020-06-18 15:15:12.088,11444,11446,11446,1
2020-06-18 15:15:12.132,11444,11446,11445,1
2020-06-18 15:15:12.187,11444,11446,11446,2
2020-06-18 15:15:12.187,11444,11446,11446,1
2020-06-18 15:15:12.188,11444,11446,11446,3
2020-06-18 15:15:12.288,11445,11447,11447,1
2020-06-18 15:15:12.288,11445,11447,11447,1
2020-06-18 15:15:12.383,11445,11447,11447,1
2020-06-18 15:15:12.389,11445,11447,11447,1
2020-06-18 15:15:12.389,11445,11447,11447,1
2020-06-18 15:15:12.490,11445,11447,11446,1
2020-06-18 15:15:12.509,11445,11447,11447,1
2020-06-18 15:15:12.592,11445,11447,11447,1
2020-06-18 15:15:12.701,11445,11447,11447,1
2020-06-18 15:15:12.701,11445,11447,11447,1
2020-06-18 15:15:12.792,11445,11447,11447,1
2020-06-18 15:15:12.840,11445,11447,11445,1
2020-06-18 15:15:12.894,11445,11447,11447,1
2020-06-18 15:15:12.924,11445,11447,11445,1
2020-06-18 15:15:12.926,11445,11447,11445,1
2020-06-18 15:15:13.001,11445,11447,11446,1
2020-06-18 15:15:13.096,11444,11446,11446,1
2020-06-18 15:15:13.096,11444,11446,11446,1
2020-06-18 15:15:13.136,11444,11446,11444,1
2020-06-18 15:15:13.145,11444,11446,11444,1
2020-06-18 15:15:13.183,11444,11446,11444,1
2020-06-18 15:15:13.198,11444,11446,11446,5
2020-06-18 15:15:13.672,11444,11445,11445,1
2020-06-18 15:15:13.886,11444,11445,11444,3
2020-06-18 15:15:14.011,11443,11444,11443,1
2020-06-18 15:15:14.079,11443,11444,11444,1
2020-06-18 15:15:14.191,11442,11444,11444,5
2020-06-18 15:15:14.200,11442,11444,11444,1
2020-06-18 15:15:14.353,11443,11445,11445,1
2020-06-18 15:15:14.526,11443,11445,11443,1
2020-06-18 15:15:14.783,11443,11445,11443,2
2020-06-18 15:15:14.831,11443,11445,11445,1
2020-06-18 15:15:15.332,11442,11444,11444,1
2020-06-18 15:15:15.353,11442,11444,11444,1
2020-06-18 15:15:15.941,11441,11443,11443,1
2020-06-18 15:15:16.261,11442,11443,11442,4
2020-06-18 15:15:16.302,11442,11443,11441,1
2020-06-18 15:15:16.335,11442,11443,11442,1
2020-06-18 15:15:16.354,11442,11443,11441,2
2020-06-18 15:15:16.386,11441,11442,11441,1
2020-06-18 15:15:16.409,11441,11442,11441,1
2020-06-18 15:15:16.409,11441,11442,11442,4
2020-06-18 15:15:16.458,11441,11442,11442,2
2020-06-18 15:15:16.779,11441,11443,11443,2
2020-06-18 15:15:17.331,11440,11442,11442,3
2020-06-18 15:15:17.511,11440,11441,11440,1
2020-06-18 15:15:17.642,11440,11441,11441,4
2020-06-18 15:15:17.642,11440,11441,11441,1
2020-06-18 15:15:17.872,11441,11443,11443,1
2020-06-18 15:15:17.933,11441,11443,11443,1
2020-06-18 15:15:18.252,11443,11444,11443,3
2020-06-18 15:15:18.622,11443,11444,11444,1
2020-06-18 15:15:18.721,11443,11444,11443,1
2020-06-18 15:15:19.011,11442,11443,11442,3
2020-06-18 15:15:19.393,11441,11443,11441,1
2020-06-18 15:15:19.449,11441,11443,11441,1
2020-06-18 15:15:19.659,11441,11443,11443,1
2020-06-18 15:15:19.716,11441,11443,11441,8
2020-06-18 15:15:19.777,11440,11442,11442,1
2020-06-18 15:15:20.085,11440,11442,11442,1
2020-06-18 15:15:20.396,11441,11442,11442,1
2020-06-18 15:15:20.439,11441,11442,11441,2
2020-06-18 15:15:20.886,11440,11441,11440,2
2020-06-18 15:15:21.165,11439,11441,11440,1
2020-06-18 15:15:21.434,11439,11440,11439,1
2020-06-18 15:15:21.968,11439,11440,11439,2
2020-06-18 15:15:22.011,11439,11440,11439,1
2020-06-18 15:15:22.024,11439,11440,11440,1
2020-06-18 15:15:22.355,11439,11440,11439,6
2020-06-18 15:15:22.999,11438,11439,11439,1
2020-06-18 15:15:23.220,11438,11440,11440,1
2020-06-18 15:15:23.438,11438,11440,11440,1
2020-06-18 15:15:23.440,11438,11440,11440,1
2020-06-18 15:15:23.741,11439,11440,11440,1
2020-06-18 15:15:24.743,11438,11440,11438,1
2020-06-18 15:15:25.505,11438,11439,11439,1
2020-06-18 15:15:25.788,11438,11439,11439,2
2020-06-18 15:15:26.276,11438,11440,11438,1
2020-06-18 15:15:26.439,11438,11440,11440,2
2020-06-18 15:15:26.803,11438,11440,11440,1
2020-06-18 15:15:26.820,11438,11440,11439,1
2020-06-18 15:15:27.133,11439,11441,11440,4
2020-06-18 15:15:27.307,11440,11441,11440,1
2020-06-18 15:15:27.843,11440,11441,11441,1
2020-06-18 15:15:27.843,11440,11441,11441,1
2020-06-18 15:15:27.843,11440,11441,11441,2
2020-06-18 15:15:28.133,11440,11442,11440,1
2020-06-18 15:15:29.201,11441,11442,11441,1
2020-06-18 15:15:29.845,11440,11441,11440,1
2020-06-18 15:15:30.332,11440,11441,11441,1
2020-06-18 15:15:30.353,11440,11441,11441,1
2020-06-18 15:15:30.366,11440,11441,11442,1
2020-06-18 15:15:30.441,11441,11442,11442,1
2020-06-18 15:15:30.467,11441,11442,11441,2
2020-06-18 15:15:30.623,11440,11442,11440,2
2020-06-18 15:15:31.550,11440,11441,11441,1
2020-06-18 15:15:31.550,11440,11441,11442,1
2020-06-18 15:15:31.775,11441,11442,11441,1
2020-06-18 15:15:31.853,11441,11442,11441,1
2020-06-18 15:15:32.714,11441,11442,11442,1
2020-06-18 15:15:33.175,11442,11443,11442,1
2020-06-18 15:15:33.688,11442,11443,11442,1
2020-06-18 15:15:33.936,11441,11443,11441,1
2020-06-18 15:15:34.141,11441,11443,11441,1
2020-06-18 15:15:34.913,11441,11442,11442,1
2020-06-18 15:15:34.913,11441,11442,11443,1
2020-06-18 15:15:35.063,11442,11443,11442,1
2020-06-18 15:15:35.472,11442,11443,11442,1
2020-06-18 15:15:36.439,11442,11443,11443,2
2020-06-18 15:15:36.440,11442,11443,11443,5
2020-06-18 15:15:36.777,11443,11444,11443,1
2020-06-18 15:15:37.412,11442,11444,11442,3
2020-06-18 15:15:38.091,11441,11442,11441,3
2020-06-18 15:15:38.291,11441,11442,11442,1
2020-06-18 15:15:39.729,11441,11443,11442,1
2020-06-18 15:15:39.890,11441,11442,11442,1
2020-06-18 15:15:40.023,11441,11443,11443,2
2020-06-18 15:15:40.465,11442,11444,11442,1
2020-06-18 15:15:42.013,11441,11443,11443,1
2020-06-18 15:15:43.246,11441,11442,11442,1
2020-06-18 15:15:43.684,11441,11442,11442,1
2020-06-18 15:15:43.960,11442,11443,11442,1
2020-06-18 15:15:44.787,11442,11443,11442,1
2020-06-18 15:15:44.951,11442,11443,11442,3
2020-06-18 15:15:45.562,11442,11443,11443,1
2020-06-18 15:15:45.583,11442,11443,11443,1
2020-06-18 15:15:45.630,11442,11443,11443,3
2020-06-18 15:15:45.630,11442,11443,11443,3
2020-06-18 15:15:46.481,11443,11444,11443,1
2020-06-18 15:15:46.486,11443,11444,11443,1
2020-06-18 15:15:47.384,11443,11444,11444,4
2020-06-18 15:15:47.385,11443,11444,11444,1
2020-06-18 15:15:47.857,11444,11445,11443,1
2020-06-18 15:15:47.925,11443,11445,11445,1
2020-06-18 15:15:48.492,11443,11445,11445,1
2020-06-18 15:15:49.343,11443,11444,11443,1
2020-06-18 15:15:51.417,11442,11443,11443,1
2020-06-18 15:15:52.034,11442,11443,11443,1
2020-06-18 15:15:52.409,11442,11443,11442,1
2020-06-18 15:15:52.451,11442,11443,11442,4
2020-06-18 15:15:52.452,11442,11443,11442,3
2020-06-18 15:15:55.387,11442,11443,11442,1
2020-06-18 15:15:55.619,11441,11442,11442,6
2020-06-18 15:15:55.619,11441,11442,11443,2
2020-06-18 15:15:55.754,11441,11443,11441,3
2020-06-18 15:15:57.100,11441,11442,11441,1
2020-06-18 15:15:58.184,11441,11442,11441,1
2020-06-18 15:15:59.225,11441,11442,11441,1
2020-06-18 15:15:59.381,11441,11442,11441,1
2020-06-18 15:15:59.761,11441,11442,11441,1
2020-06-18 15:16:00.219,11441,11442,11441,1
2020-06-18 15:16:00.502,11441,11442,11442,1
2020-06-18 15:16:00.523,11441,11442,11442,1
2020-06-18 15:16:00.536,11441,11442,11442,1
2020-06-18 15:16:01.167,11441,11442,11442,2
2020-06-18 15:16:01.996,11441,11442,11442,1
2020-06-18 15:16:02.232,11441,11442,11442,2
2020-06-18 15:16:02.384,11441,11442,11442,1
2020-06-18 15:16:02.384,11441,11442,11443,2
2020-06-18 15:16:04.011,11441,11442,11442,5
2020-06-18 15:16:09.628,11441,11442,11442,1
2020-06-18 15:16:10.369,11442,11443,11442,1
2020-06-18 15:16:11.082,11442,11443,11442,1
2020-06-18 15:16:12.078,11442,11443,11443,11
2020-06-18 15:16:12.078,11442,11443,11443,5
2020-06-18 15:16:12.088,11442,11443,11443,4
2020-06-18 15:16:12.132,11442,11443,11443,1
2020-06-18 15:16:12.404,11443,11444,11443,1
2020-06-18 15:16:12.566,11442,11444,11442,2
2020-06-18 15:16:13.076,11442,11444,11442,1
2020-06-18 15:16:13.696,11442,11444,11442,1
2020-06-18 15:16:13.911,11442,11444,11442,1
2020-06-18 15:16:15.550,11442,11444,11442,1
2020-06-18 15:16:15.985,11442,11444,11444,1
2020-06-18 15:16:16.146,11442,11444,11444,1
2020-06-18 15:16:17.066,11442,11443,11442,1
2020-06-18 15:16:17.555,11441,11442,11442,3
2020-06-18 15:16:19.956,11441,11442,11442,1
2020-06-18 15:16:21.211,11441,11442,11442,1
2020-06-18 15:16:23.584,11441,11443,11443,8
2020-06-18 15:16:23.585,11441,11443,11443,4
2020-06-18 15:16:23.586,11441,11443,11443,5
2020-06-18 15:16:25.045,11442,11443,11442,1
2020-06-18 15:16:25.466,11442,11443,11442,1
2020-06-18 15:16:26.457,11442,11443,11442,1
2020-06-18 15:16:26.950,11442,11443,11443,2
2020-06-18 15:16:27.255,11443,11444,11443,1
2020-06-18 15:16:27.409,11443,11444,11443,1
2020-06-18 15:16:28.194,11442,11444,11444,1
2020-06-18 15:16:28.421,11443,11444,11443,1
2020-06-18 15:16:28.421,11443,11444,11443,1
2020-06-18 15:16:28.421,11443,11444,11443,2
2020-06-18 15:16:29.516,11442,11443,11443,1
2020-06-18 15:16:36.881,11443,11444,11443,1
2020-06-18 15:16:37.034,11443,11444,11443,1
2020-06-18 15:16:38.489,11443,11444,11443,1
2020-06-18 15:16:38.869,11443,11444,11443,1
2020-06-18 15:16:39.027,11442,11443,11443,1
2020-06-18 15:16:39.700,11442,11443,11443,1
2020-06-18 15:16:40.832,11442,11443,11443,3
2020-06-18 15:16:42.465,11442,11443,11442,1
2020-06-18 15:16:42.980,11442,11443,11443,2
2020-06-18 15:16:44.002,11442,11443,11443,1
2020-06-18 15:16:44.861,11442,11443,11443,1
2020-06-18 15:16:45.016,11442,11443,11443,1
2020-06-18 15:16:45.356,11442,11443,11443,1
2020-06-18 15:16:45.941,11442,11443,11443,1
2020-06-18 15:16:47.868,11442,11443,11443,4
2020-06-18 15:16:48.189,11443,11444,11443,2
2020-06-18 15:16:48.682,11443,11444,11443,1
2020-06-18 15:16:50.517,11443,11444,11443,1
2020-06-18 15:16:51.319,11443,11444,11444,2
2020-06-18 15:16:51.582,11443,11444,11443,1
2020-06-18 15:16:52.234,11442,11443,11442,3
2020-06-18 15:16:52.769,11442,11443,11443,1
2020-06-18 15:16:53.756,11443,11444,11444,4
2020-06-18 15:16:53.756,11443,11444,11444,4
2020-06-18 15:16:53.756,11443,11444,11444,4
2020-06-18 15:16:53.756,11443,11444,11444,5
2020-06-18 15:16:53.756,11443,11444,11444,1
2020-06-18 15:16:53.756,11443,11444,11444,6
2020-06-18 15:16:54.572,11444,11445,11444,1
2020-06-18 15:16:54.663,11444,11445,11444,1
2020-06-18 15:16:55.899,11443,11444,11444,1
2020-06-18 15:16:59.236,11444,11445,11445,2
2020-06-18 15:16:59.252,11444,11445,11445,4
2020-06-18 15:16:59.701,11444,11445,11444,4
2020-06-18 15:16:59.745,11444,11445,11445,5
2020-06-18 15:17:00.114,11444,11445,11444,1
2020-06-18 15:17:00.222,11444,11445,11445,2
2020-06-18 15:17:00.248,11444,11445,11445,1
2020-06-18 15:17:00.281,11444,11445,11445,1
2020-06-18 15:17:00.289,11444,11445,11445,1
2020-06-18 15:17:00.311,11444,11445,11445,1
2020-06-18 15:17:01.203,11444,11445,11444,1
2020-06-18 15:17:01.750,11444,11445,11444,1
2020-06-18 15:17:01.922,11444,11445,11445,1
2020-06-18 15:17:02.176,11444,11445,11445,1
2020-06-18 15:17:02.714,11444,11445,11445,1
2020-06-18 15:17:03.040,11444,11445,11445,1
2020-06-18 15:17:03.358,11444,11445,11444,1
2020-06-18 15:17:03.730,11444,11445,11445,1
2020-06-18 15:17:05.225,11444,11445,11444,2
2020-06-18 15:17:05.866,11444,11445,11444,1
2020-06-18 15:17:07.258,11444,11445,11445,1
2020-06-18 15:17:07.531,11444,11445,11445,1
2020-06-18 15:17:07.531,11444,11445,11445,1
2020-06-18 15:17:07.531,11444,11445,11445,3
2020-06-18 15:17:07.531,11444,11445,11445,4
2020-06-18 15:17:07.531,11444,11445,11445,4
2020-06-18 15:17:07.531,11444,11445,11445,6
2020-06-18 15:17:07.531,11444,11445,11445,1
2020-06-18 15:17:07.531,11444,11445,11445,1
2020-06-18 15:17:07.640,11445,11446,11446,1
2020-06-18 15:17:07.640,11445,11446,11446,1
2020-06-18 15:17:07.742,11445,11446,11445,1
2020-06-18 15:17:08.036,11445,11446,11445,11
2020-06-18 15:17:08.036,11445,11446,11444,1
2020-06-18 15:17:08.940,11444,11445,11445,1
2020-06-18 15:17:09.204,11444,11445,11444,1
2020-06-18 15:17:09.786,11444,11445,11445,1
2020-06-18 15:17:10.200,11444,11445,11444,5
2020-06-18 15:17:10.380,11443,11444,11444,1
2020-06-18 15:17:10.406,11443,11444,11444,1
2020-06-18 15:17:10.854,11443,11444,11444,1
2020-06-18 15:17:10.919,11443,11444,11444,1
2020-06-18 15:17:11.077,11443,11444,11444,1
2020-06-18 15:17:11.163,11443,11445,11445,1
2020-06-18 15:17:11.827,11444,11445,11444,1
2020-06-18 15:17:12.237,11444,11445,11444,1
2020-06-18 15:17:12.578,11443,11444,11444,2
2020-06-18 15:17:15.092,11443,11444,11443,4
2020-06-18 15:17:15.093,11443,11444,11443,4
2020-06-18 15:17:17.771,11442,11444,11444,1
2020-06-18 15:17:18.920,11442,11444,11442,1
2020-06-18 15:17:19.019,11442,11443,11443,1
2020-06-18 15:17:22.141,11442,11443,11443,1
2020-06-18 15:17:23.672,11442,11443,11442,18
2020-06-18 15:17:25.224,11441,11442,11443,1
2020-06-18 15:17:25.240,11441,11442,11443,8
2020-06-18 15:17:25.310,11442,11444,11442,1
2020-06-18 15:17:25.467,11442,11443,11442,3
2020-06-18 15:17:25.972,11442,11444,11442,1
2020-06-18 15:17:28.279,11442,11443,11443,1
2020-06-18 15:17:28.279,11442,11443,11444,1
2020-06-18 15:17:29.197,11443,11444,11443,2
2020-06-18 15:17:29.978,11442,11443,11442,1
2020-06-18 15:17:33.250,11443,11444,11444,4
2020-06-18 15:17:33.250,11443,11444,11445,29
2020-06-18 15:17:33.252,11443,11444,11445,1
2020-06-18 15:17:33.252,11443,11444,11445,2
2020-06-18 15:17:33.297,11445,11446,11445,6
2020-06-18 15:17:33.297,11445,11446,11444,4
2020-06-18 15:17:34.294,11444,11445,11444,1
2020-06-18 15:17:35.776,11443,11444,11443,1
2020-06-18 15:17:37.182,11443,11444,11444,2
2020-06-18 15:17:38.436,11443,11444,11443,3
2020-06-18 15:17:39.897,11443,11444,11443,1
2020-06-18 15:17:40.660,11443,11444,11444,1
2020-06-18 15:17:42.403,11443,11444,11444,5
2020-06-18 15:17:42.426,11443,11444,11444,6
2020-06-18 15:17:42.426,11443,11444,11445,27
2020-06-18 15:17:43.194,11444,11445,11444,2
2020-06-18 15:17:43.597,11444,11445,11445,1
2020-06-18 15:17:43.597,11444,11445,11445,1
2020-06-18 15:17:43.597,11444,11445,11445,1
2020-06-18 15:17:43.597,11444,11445,11445,1
2020-06-18 15:17:43.597,11444,11445,11445,1
2020-06-18 15:17:43.618,11444,11445,11446,4
2020-06-18 15:17:43.636,11445,11446,11446,4
2020-06-18 15:17:43.711,11445,11446,11446,1
2020-06-18 15:17:44.077,11445,11447,11445,3
2020-06-18 15:17:45.732,11445,11446,11445,1
2020-06-18 15:17:45.773,11445,11446,11445,1
2020-06-18 15:17:46.808,11445,11446,11445,3
2020-06-18 15:17:48.030,11445,11446,11446,1
2020-06-18 15:17:48.431,11445,11446,11445,1
2020-06-18 15:17:49.131,11445,11446,11445,9
2020-06-18 15:17:49.131,11445,11446,11444,2
2020-06-18 15:17:49.449,11444,11445,11445,2
2020-06-18 15:17:49.551,11444,11445,11445,2
2020-06-18 15:17:49.551,11444,11445,11446,3
2020-06-18 15:17:49.665,11444,11446,11446,2
2020-06-18 15:17:50.198,11444,11446,11446,1
2020-06-18 15:17:50.651,11445,11446,11446,1
2020-06-18 15:17:50.801,11445,11446,11446,1
2020-06-18 15:17:51.618,11445,11446,11446,1
2020-06-18 15:17:54.664,11445,11446,11446,1
2020-06-18 15:17:55.086,11445,11446,11445,10
2020-06-18 15:17:55.206,11444,11445,11445,1
2020-06-18 15:17:56.230,11444,11446,11446,1
2020-06-18 15:17:57.761,11444,11445,11445,1
2020-06-18 15:17:59.260,11445,11446,11445,1
2020-06-18 15:17:59.575,11445,11446,11446,1
2020-06-18 15:17:59.575,11445,11446,11446,4
2020-06-18 15:17:59.575,11445,11446,11446,1
2020-06-18 15:17:59.575,11445,11446,11446,3
2020-06-18 15:17:59.575,11445,11446,11446,2
2020-06-18 15:17:59.575,11445,11446,11446,2
2020-06-18 15:17:59.855,11446,11447,11446,1
2020-06-18 15:18:00.151,11446,11447,11447,1
2020-06-18 15:18:00.208,11446,11447,11447,1
2020-06-18 15:18:00.216,11446,11447,11446,1
2020-06-18 15:18:00.257,11446,11447,11447,1
2020-06-18 15:18:00.265,11445,11447,11447,1
2020-06-18 15:18:00.295,11445,11447,11447,3
2020-06-18 15:18:00.307,11445,11447,11447,1
2020-06-18 15:18:00.525,11445,11447,11447,1
2020-06-18 15:18:01.003,11446,11448,11448,1
2020-06-18 15:18:01.280,11446,11448,11448,3
2020-06-18 15:18:01.320,11446,11448,11448,2
2020-06-18 15:18:01.841,11446,11448,11448,1
2020-06-18 15:18:01.904,11446,11448,11446,1
2020-06-18 15:18:02.213,11446,11448,11446,3
2020-06-18 15:18:02.560,11445,11447,11445,1
2020-06-18 15:18:02.969,11445,11447,11447,1
2020-06-18 15:18:03.017,11446,11447,11447,1
2020-06-18 15:18:04.214,11445,11447,11446,3
2020-06-18 15:18:05.492,11445,11446,11445,4
2020-06-18 15:18:05.492,11445,11446,11445,2
2020-06-18 15:18:06.031,11444,11446,11446,5
2020-06-18 15:18:06.367,11444,11446,11444,2
2020-06-18 15:18:06.622,11444,11446,11446,1
2020-06-18 15:18:06.711,11444,11446,11446,8
2020-06-18 15:18:06.711,11444,11446,11447,12
2020-06-18 15:18:07.823,11445,11446,11446,1
2020-06-18 15:18:07.996,11446,11447,11446,1
2020-06-18 15:18:08.447,11446,11447,11446,1
2020-06-18 15:18:10.233,11446,11447,11446,1
2020-06-18 15:18:10.637,11446,11447,11446,2
2020-06-18 15:18:11.485,11446,11447,11446,1
2020-06-18 15:18:11.502,11446,11447,11447,1
2020-06-18 15:18:11.602,11446,11447,11446,1
2020-06-18 15:18:12.298,11446,11447,11446,3
2020-06-18 15:18:12.596,11445,11446,11446,6
2020-06-18 15:18:12.596,11445,11446,11447,14
2020-06-18 15:18:14.971,11446,11447,11446,2
2020-06-18 15:18:15.301,11445,11446,11446,1
2020-06-18 15:18:15.325,11445,11446,11446,1
2020-06-18 15:18:15.828,11445,11446,11446,1
2020-06-18 15:18:17.101,11445,11446,11446,1
2020-06-18 15:18:17.553,11445,11446,11445,7
2020-06-18 15:18:17.785,11444,11445,11445,2
2020-06-18 15:18:17.891,11444,11445,11444,2
2020-06-18 15:18:18.281,11444,11446,11446,4
2020-06-18 15:18:19.264,11445,11446,11446,3
2020-06-18 15:18:20.467,11445,11446,11445,5
2020-06-18 15:18:20.495,11445,11446,11446,1
2020-06-18 15:18:21.753,11444,11446,11445,1
2020-06-18 15:18:21.823,11445,11446,11446,2
2020-06-18 15:18:21.970,11445,11446,11445,3
2020-06-18 15:18:24.422,11444,11445,11445,5
2020-06-18 15:18:25.570,11444,11446,11444,5
2020-06-18 15:18:25.924,11444,11446,11444,1
2020-06-18 15:18:27.064,11444,11445,11445,1
2020-06-18 15:18:27.111,11444,11445,11445,3
2020-06-18 15:18:28.512,11444,11445,11445,3
2020-06-18 15:18:30.142,11444,11445,11444,1
2020-06-18 15:18:30.142,11444,11445,11444,5
2020-06-18 15:18:30.142,11444,11445,11444,1
2020-06-18 15:18:30.142,11444,11445,11444,3
2020-06-18 15:18:30.142,11444,11445,11444,4
2020-06-18 15:18:30.142,11444,11445,11444,1
2020-06-18 15:18:30.142,11444,11445,11444,1
2020-06-18 15:18:30.142,11444,11445,11444,13
2020-06-18 15:18:30.142,11444,11445,11444,6
2020-06-18 15:18:30.142,11444,11445,11444,6
2020-06-18 15:18:30.143,11444,11445,11444,1
2020-06-18 15:18:30.326,11443,11444,11444,1
2020-06-18 15:18:30.326,11443,11444,11445,3
2020-06-18 15:18:31.093,11444,11445,11444,1
2020-06-18 15:18:31.377,11444,11445,11444,1
2020-06-18 15:18:31.774,11444,11445,11445,2
2020-06-18 15:18:33.176,11444,11445,11444,2
2020-06-18 15:18:33.438,11443,11444,11444,2
2020-06-18 15:18:33.923,11443,11444,11443,5
2020-06-18 15:18:33.924,11443,11444,11443,9
2020-06-18 15:18:34.855,11442,11444,11444,1
2020-06-18 15:18:36.183,11443,11444,11444,4
2020-06-18 15:18:36.183,11443,11444,11445,22
2020-06-18 15:18:36.183,11443,11444,11446,1
2020-06-18 15:18:36.228,11443,11444,11446,1
2020-06-18 15:18:40.481,11444,11445,11444,4
2020-06-18 15:18:40.902,11444,11445,11445,1
2020-06-18 15:18:42.742,11444,11445,11444,1
2020-06-18 15:18:43.482,11444,11445,11445,2
2020-06-18 15:18:44.142,11444,11445,11444,3
2020-06-18 15:18:45.427,11444,11445,11445,1
2020-06-18 15:18:45.427,11444,11445,11445,6
2020-06-18 15:18:45.427,11444,11445,11445,1
2020-06-18 15:18:46.015,11445,11446,11445,1
2020-06-18 15:18:46.101,11445,11446,11446,1
2020-06-18 15:18:46.148,11445,11446,11445,1
2020-06-18 15:18:47.489,11444,11445,11445,1
2020-06-18 15:18:47.587,11444,11445,11444,8
2020-06-18 15:18:48.844,11443,11445,11445,2
2020-06-18 15:18:53.310,11443,11444,11444,1
2020-06-18 15:18:56.690,11444,11445,11445,10
2020-06-18 15:18:58.322,11444,11445,11444,4
2020-06-18 15:18:58.323,11444,11445,11444,1
2020-06-18 15:18:58.323,11444,11445,11444,2
2020-06-18 15:18:58.323,11444,11445,11444,2
2020-06-18 15:18:58.323,11444,11445,11444,3
2020-06-18 15:18:58.323,11444,11445,11444,5
2020-06-18 15:18:58.323,11444,11445,11444,4
2020-06-18 15:18:58.323,11444,11445,11444,1
2020-06-18 15:18:58.438,11443,11444,11443,1
2020-06-18 15:18:58.670,11443,11444,11444,1
2020-06-18 15:19:01.720,11444,11445,11444,3
2020-06-18 15:19:01.937,11443,11445,11445,1
2020-06-18 15:19:02.381,11443,11445,11445,1
2020-06-18 15:19:04.324,11444,11445,11444,1
2020-06-18 15:19:04.481,11444,11445,11444,1
2020-06-18 15:19:05.181,11443,11445,11443,2
2020-06-18 15:19:06.616,11443,11445,11443,1
2020-06-18 15:19:06.852,11443,11445,11443,1
2020-06-18 15:19:09.540,11443,11444,11443,10
2020-06-18 15:19:10.941,11443,11444,11443,1
2020-06-18 15:19:11.045,11443,11444,11443,7
2020-06-18 15:19:11.963,11442,11443,11443,1
2020-06-18 15:19:12.211,11442,11444,11444,2
2020-06-18 15:19:13.626,11443,11444,11444,2
2020-06-18 15:19:16.572,11443,11444,11443,2
2020-06-18 15:19:17.935,11443,11444,11443,1
2020-06-18 15:19:21.584,11442,11443,11443,2
2020-06-18 15:19:22.046,11443,11444,11443,1
2020-06-18 15:19:25.223,11443,11444,11443,1
2020-06-18 15:19:25.304,11443,11444,11444,3
2020-06-18 15:19:26.188,11443,11444,11444,3
2020-06-18 15:19:27.312,11444,11445,11444,7
2020-06-18 15:19:27.370,11444,11445,11444,2
2020-06-18 15:19:27.440,11443,11445,11443,1
2020-06-18 15:19:27.527,11443,11445,11443,1
2020-06-18 15:19:27.589,11443,11445,11444,2
2020-06-18 15:19:28.309,11443,11445,11443,1
2020-06-18 15:19:29.218,11444,11445,11444,1
2020-06-18 15:19:29.385,11444,11445,11444,1
2020-06-18 15:19:33.033,11444,11445,11444,1
2020-06-18 15:19:33.764,11444,11445,11445,1
2020-06-18 15:19:35.062,11444,11445,11444,2
2020-06-18 15:19:37.483,11444,11445,11444,3
2020-06-18 15:19:37.708,11444,11445,11444,1
2020-06-18 15:19:37.708,11444,11445,11444,3
2020-06-18 15:19:39.049,11444,11445,11444,1
2020-06-18 15:19:39.143,11444,11445,11444,1
2020-06-18 15:19:39.881,11444,11445,11444,1
2020-06-18 15:19:41.069,11444,11445,11444,2
2020-06-18 15:19:41.913,11444,11445,11444,2
2020-06-18 15:19:44.119,11444,11445,11444,1
2020-06-18 15:19:46.129,11444,11445,11445,4
2020-06-18 15:19:46.293,11444,11445,11444,4
2020-06-18 15:19:47.342,11444,11445,11445,3
2020-06-18 15:19:47.418,11444,11445,11445,17
2020-06-18 15:19:47.484,11444,11445,11445,1
2020-06-18 15:19:47.729,11445,11446,11445,1
2020-06-18 15:19:48.396,11445,11446,11446,1
2020-06-18 15:19:48.611,11445,11446,11445,5
2020-06-18 15:19:49.098,11444,11445,11445,1
2020-06-18 15:19:49.382,11444,11445,11444,1
2020-06-18 15:19:51.065,11444,11445,11444,1
2020-06-18 15:19:52.257,11444,11445,11445,4
2020-06-18 15:19:52.257,11444,11445,11445,1
2020-06-18 15:19:53.430,11445,11446,11445,2
2020-06-18 15:19:54.475,11445,11446,11445,1
2020-06-18 15:19:57.923,11445,11446,11445,1
2020-06-18 15:19:59.756,11445,11446,11446,1
2020-06-18 15:20:00.310,11445,11446,11446,1
2020-06-18 15:20:00.610,11445,11446,11445,1
2020-06-18 15:20:00.708,11445,11446,11446,1
2020-06-18 15:20:00.933,11445,11446,11446,1
2020-06-18 15:20:01.207,11445,11446,11446,1
2020-06-18 15:20:01.352,11445,11446,11445,10
2020-06-18 15:20:01.456,11445,11446,11446,1
2020-06-18 15:20:01.561,11445,11446,11445,8
2020-06-18 15:20:01.743,11444,11445,11445,1
2020-06-18 15:20:01.889,11444,11446,11446,1
2020-06-18 15:20:01.957,11444,11446,11444,2
2020-06-18 15:20:04.085,11444,11445,11445,1
2020-06-18 15:20:06.048,11444,11445,11445,1
2020-06-18 15:20:08.534,11444,11445,11445,3
2020-06-18 15:20:08.566,11444,11445,11444,10
2020-06-18 15:20:08.566,11444,11445,11444,2
2020-06-18 15:20:08.794,11443,11444,11444,1
2020-06-18 15:20:10.097,11443,11444,11443,1
2020-06-18 15:20:11.711,11443,11444,11444,1
2020-06-18 15:20:12.956,11443,11444,11444,2
2020-06-18 15:20:15.385,11444,11445,11444,3
2020-06-18 15:20:15.758,11444,11445,11444,1
2020-06-18 15:20:17.015,11443,11444,11443,3
2020-06-18 15:20:18.529,11443,11444,11443,1
2020-06-18 15:20:20.732,11443,11444,11444,2
2020-06-18 15:20:22.401,11443,11444,11444,2
2020-06-18 15:20:22.448,11443,11444,11445,2
2020-06-18 15:20:23.856,11443,11445,11445,2
2020-06-18 15:20:26.236,11443,11444,11444,2
2020-06-18 15:20:26.508,11444,11445,11444,1
2020-06-18 15:20:29.386,11443,11444,11443,11
2020-06-18 15:20:29.386,11443,11444,11443,6
2020-06-18 15:20:29.386,11443,11444,11443,5
2020-06-18 15:20:30.024,11442,11443,11442,1
2020-06-18 15:20:30.189,11442,11443,11443,1
2020-06-18 15:20:30.650,11442,11443,11443,1
2020-06-18 15:20:30.785,11442,11443,11442,1
2020-06-18 15:20:31.476,11442,11443,11442,1
2020-06-18 15:20:33.108,11442,11443,11442,1
2020-06-18 15:20:33.757,11442,11443,11443,5
2020-06-18 15:20:34.337,11442,11443,11443,1
2020-06-18 15:20:34.740,11442,11443,11443,2
2020-06-18 15:20:36.429,11442,11443,11443,1
2020-06-18 15:20:38.089,11442,11443,11442,1
2020-06-18 15:20:39.147,11442,11443,11443,1
2020-06-18 15:20:39.147,11442,11443,11443,1
2020-06-18 15:20:39.147,11442,11443,11443,3
2020-06-18 15:20:45.304,11442,11443,11442,1
2020-06-18 15:20:45.304,11442,11443,11442,1
2020-06-18 15:20:45.304,11442,11443,11442,4
2020-06-18 15:20:45.304,11442,11443,11442,14
2020-06-18 15:20:45.305,11442,11443,11442,10
2020-06-18 15:20:47.922,11441,11442,11441,5
2020-06-18 15:20:48.114,11441,11442,11441,1
2020-06-18 15:20:48.723,11441,11442,11441,16
2020-06-18 15:20:49.034,11440,11441,11441,1
2020-06-18 15:20:49.548,11440,11441,11441,2
2020-06-18 15:20:49.711,11440,11441,11440,1
2020-06-18 15:20:49.719,11440,11441,11440,4
2020-06-18 15:20:52.079,11440,11441,11440,1
2020-06-18 15:20:52.330,11440,11441,11440,1
2020-06-18 15:20:54.124,11440,11441,11441,1
2020-06-18 15:20:55.154,11440,11441,11441,1
2020-06-18 15:20:55.899,11440,11441,11441,1
2020-06-18 15:20:56.348,11440,11441,11441,1
2020-06-18 15:20:56.531,11440,11441,11440,3
2020-06-18 15:20:56.942,11440,11441,11440,1
2020-06-18 15:20:58.501,11440,11441,11440,1
2020-06-18 15:20:58.740,11440,11441,11440,1
2020-06-18 15:20:58.805,11440,11441,11440,1
2020-06-18 15:20:58.843,11440,11441,11440,1
2020-06-18 15:20:58.843,11440,11441,11440,2
2020-06-18 15:20:58.843,11440,11441,11440,2
2020-06-18 15:20:58.843,11440,11441,11440,1
2020-06-18 15:20:58.843,11440,11441,11440,3
2020-06-18 15:20:58.843,11440,11441,11440,1
2020-06-18 15:20:58.843,11440,11441,11440,1
2020-06-18 15:21:00.637,11440,11441,11441,1
2020-06-18 15:21:02.354,11440,11441,11440,1
2020-06-18 15:21:03.051,11439,11440,11440,1
2020-06-18 15:21:03.140,11440,11441,11441,1
2020-06-18 15:21:03.142,11440,11441,11441,1
2020-06-18 15:21:03.144,11440,11441,11441,1
2020-06-18 15:21:03.145,11440,11441,11441,1
2020-06-18 15:21:03.145,11440,11441,11441,1
2020-06-18 15:21:03.148,11440,11441,11441,1
2020-06-18 15:21:03.161,11440,11441,11441,1
2020-06-18 15:21:03.161,11440,11441,11442,3
2020-06-18 15:21:03.183,11440,11441,11442,1
2020-06-18 15:21:05.187,11440,11442,11441,7
2020-06-18 15:21:05.408,11440,11442,11440,1
2020-06-18 15:21:05.889,11440,11442,11440,1
2020-06-18 15:21:06.661,11441,11442,11442,1
2020-06-18 15:21:09.056,11441,11442,11442,1
2020-06-18 15:21:13.897,11440,11441,11441,1
2020-06-18 15:21:15.086,11440,11441,11441,1
2020-06-18 15:21:19.665,11440,11441,11440,9
2020-06-18 15:21:22.135,11440,11441,11440,2
2020-06-18 15:21:24.029,11439,11440,11440,1
2020-06-18 15:21:26.718,11439,11440,11440,1
2020-06-18 15:21:30.055,11439,11440,11439,1
2020-06-18 15:21:30.407,11439,11440,11439,1
2020-06-18 15:21:31.134,11439,11440,11440,1
2020-06-18 15:21:32.357,11439,11440,11439,10
2020-06-18 15:21:35.027,11439,11440,11439,1
2020-06-18 15:21:36.840,11439,11440,11440,1
2020-06-18 15:21:38.874,11439,11440,11440,1
2020-06-18 15:21:39.734,11439,11440,11439,1
2020-06-18 15:21:43.331,11439,11440,11439,1
2020-06-18 15:21:43.599,11439,11440,11439,1
2020-06-18 15:21:43.966,11439,11440,11439,1
2020-06-18 15:21:45.194,11439,11440,11439,1
2020-06-18 15:21:45.662,11439,11440,11439,2
2020-06-18 15:21:46.211,11439,11440,11439,2
2020-06-18 15:21:46.430,11439,11440,11439,1
2020-06-18 15:21:47.618,11439,11440,11439,1
2020-06-18 15:21:47.643,11439,11440,11439,3
2020-06-18 15:21:50.361,11439,11440,11439,1
2020-06-18 15:21:50.962,11439,11440,11440,1
2020-06-18 15:21:50.962,11439,11440,11440,5
2020-06-18 15:21:50.962,11439,11440,11440,6
2020-06-18 15:21:50.963,11439,11440,11440,7
2020-06-18 15:21:50.963,11439,11440,11440,1
2020-06-18 15:21:50.963,11439,11440,11440,1
2020-06-18 15:21:52.297,11440,11441,11440,1
2020-06-18 15:21:53.934,11439,11440,11440,2
2020-06-18 15:21:53.934,11439,11440,11440,1
2020-06-18 15:21:54.811,11440,11441,11441,1
2020-06-18 15:21:56.487,11440,11441,11441,1
2020-06-18 15:21:58.381,11440,11441,11440,1
2020-06-18 15:21:59.260,11440,11441,11440,9
2020-06-18 15:22:02.844,11439,11440,11440,1
2020-06-18 15:22:03.168,11439,11440,11440,1
2020-06-18 15:22:03.310,11439,11440,11440,1
2020-06-18 15:22:03.562,11439,11440,11440,1
2020-06-18 15:22:04.656,11439,11440,11439,1
2020-06-18 15:22:04.920,11439,11440,11440,1
2020-06-18 15:22:07.158,11439,11440,11439,2
2020-06-18 15:22:08.298,11439,11440,11439,10
2020-06-18 15:22:13.014,11439,11440,11439,1
2020-06-18 15:22:13.025,11439,11440,11439,6
2020-06-18 15:22:16.675,11439,11440,11440,3
2020-06-18 15:22:17.798,11439,11440,11439,1
2020-06-18 15:22:19.880,11439,11440,11439,2
2020-06-18 15:22:21.292,11439,11440,11440,4
2020-06-18 15:22:21.292,11439,11440,11440,1
2020-06-18 15:22:22.383,11440,11441,11440,1
2020-06-18 15:22:22.534,11440,11441,11440,1
2020-06-18 15:22:22.938,11440,11441,11440,1
2020-06-18 15:22:23.639,11440,11441,11440,1
2020-06-18 15:22:24.430,11440,11441,11440,1
2020-06-18 15:22:26.329,11440,11441,11440,1
2020-06-18 15:22:26.723,11440,11441,11440,1
2020-06-18 15:22:27.543,11440,11441,11440,1
2020-06-18 15:22:27.944,11439,11440,11440,2
2020-06-18 15:22:28.587,11440,11441,11440,2
2020-06-18 15:22:31.339,11439,11440,11439,5
2020-06-18 15:22:32.724,11439,11440,11439,7
2020-06-18 15:22:32.834,11438,11439,11439,1
2020-06-18 15:22:33.718,11438,11439,11439,1
2020-06-18 15:22:33.732,11438,11439,11439,1
2020-06-18 15:22:35.588,11438,11439,11438,1
2020-06-18 15:22:35.714,11438,11439,11439,1
2020-06-18 15:22:36.061,11438,11439,11438,1
2020-06-18 15:22:36.061,11438,11439,11438,4
2020-06-18 15:22:36.061,11438,11439,11438,1
2020-06-18 15:22:36.061,11438,11439,11438,2
2020-06-18 15:22:36.062,11438,11439,11438,3
2020-06-18 15:22:36.062,11438,11439,11439,2
2020-06-18 15:22:36.062,11438,11439,11438,1
2020-06-18 15:22:36.062,11438,11439,11438,1
2020-06-18 15:22:36.062,11438,11439,11438,3
2020-06-18 15:22:36.062,11438,11439,11438,9
2020-06-18 15:22:36.062,11438,11439,11438,3
2020-06-18 15:22:36.062,11438,11439,11438,1
2020-06-18 15:22:36.062,11438,11439,11438,3
2020-06-18 15:22:36.062,11438,11439,11438,2
2020-06-18 15:22:36.062,11438,11439,11438,5
2020-06-18 15:22:36.062,11438,11439,11438,3
2020-06-18 15:22:36.831,11437,11438,11437,1
2020-06-18 15:22:36.919,11437,11438,11437,1
2020-06-18 15:22:37.398,11437,11438,11437,5
2020-06-18 15:22:37.776,11437,11438,11437,3
2020-06-18 15:22:37.889,11437,11438,11437,1
2020-06-18 15:22:37.890,11437,11438,11437,7
2020-06-18 15:22:39.538,11436,11437,11436,10
2020-06-18 15:22:40.669,11436,11437,11437,1
2020-06-18 15:22:40.669,11436,11437,11437,2
2020-06-18 15:22:40.669,11436,11437,11437,1
2020-06-18 15:22:41.544,11437,11439,11437,1
2020-06-18 15:22:45.047,11437,11438,11437,2
2020-06-18 15:22:45.232,11437,11438,11437,1
2020-06-18 15:22:45.232,11437,11438,11437,1
2020-06-18 15:22:46.569,11436,11437,11437,1
2020-06-18 15:22:47.253,11436,11437,11437,1
2020-06-18 15:22:48.135,11436,11437,11436,1
2020-06-18 15:22:48.288,11436,11437,11437,1
2020-06-18 15:22:48.667,11436,11437,11436,10
2020-06-18 15:22:49.303,11436,11437,11436,1
2020-06-18 15:22:53.504,11436,11437,11436,14
2020-06-18 15:22:55.470,11436,11437,11436,1
2020-06-18 15:22:55.684,11436,11437,11436,2
2020-06-18 15:22:56.260,11436,11437,11436,1
2020-06-18 15:22:56.522,11436,11437,11436,1
2020-06-18 15:22:58.512,11435,11436,11436,1
2020-06-18 15:22:59.072,11435,11436,11436,1
2020-06-18 15:22:59.085,11435,11436,11435,1
2020-06-18 15:22:59.140,11435,11436,11436,1
2020-06-18 15:22:59.154,11435,11436,11435,2
2020-06-18 15:22:59.186,11435,11436,11436,1
2020-06-18 15:23:04.350,11435,11436,11436,1
2020-06-18 15:23:04.550,11435,11436,11435,1
2020-06-18 15:23:04.769,11435,11436,11435,1
2020-06-18 15:23:05.468,11435,11436,11436,3
2020-06-18 15:23:06.475,11435,11436,11436,1
2020-06-18 15:23:08.448,11435,11436,11435,1
2020-06-18 15:23:13.645,11435,11436,11436,2
2020-06-18 15:23:14.991,11435,11436,11436,1
2020-06-18 15:23:15.487,11435,11436,11435,1
2020-06-18 15:23:15.528,11435,11436,11435,5
2020-06-18 15:23:15.529,11435,11436,11435,5
2020-06-18 15:23:15.529,11435,11436,11435,1
2020-06-18 15:23:15.529,11435,11436,11435,3
2020-06-18 15:23:15.529,11435,11436,11435,1
2020-06-18 15:23:15.529,11435,11436,11435,4
2020-06-18 15:23:15.529,11435,11436,11435,3
2020-06-18 15:23:16.014,11434,11435,11434,10
2020-06-18 15:23:18.255,11434,11435,11434,10
2020-06-18 15:23:19.769,11433,11434,11433,1
2020-06-18 15:23:20.019,11433,11434,11433,1
2020-06-18 15:23:20.137,11433,11434,11434,3
2020-06-18 15:23:21.830,11433,11434,11433,8
2020-06-18 15:23:21.898,11433,11434,11433,1
2020-06-18 15:23:21.955,11433,11434,11433,4
2020-06-18 15:23:21.956,11433,11434,11433,1
2020-06-18 15:23:22.652,11433,11434,11433,1
2020-06-18 15:23:22.698,11433,11434,11433,1
2020-06-18 15:23:22.698,11433,11434,11433,1
2020-06-18 15:23:22.699,11433,11434,11433,1
2020-06-18 15:23:23.040,11432,11433,11433,1
2020-06-18 15:23:23.147,11432,11433,11433,2
2020-06-18 15:23:24.219,11432,11433,11433,1
2020-06-18 15:23:24.484,11433,11434,11433,1
2020-06-18 15:23:24.940,11432,11433,11433,1
2020-06-18 15:23:25.087,11433,11434,11433,1
2020-06-18 15:23:27.102,11433,11434,11433,1
2020-06-18 15:23:27.191,11433,11434,11433,1
2020-06-18 15:23:27.347,11433,11434,11433,1
2020-06-18 15:23:27.461,11433,11434,11433,1
2020-06-18 15:23:28.416,11433,11434,11433,1
2020-06-18 15:23:29.992,11433,11434,11433,1
2020-06-18 15:23:30.235,11433,11434,11433,1
2020-06-18 15:23:30.710,11433,11434,11433,1
2020-06-18 15:23:33.292,11433,11434,11433,1
2020-06-18 15:23:34.816,11433,11434,11433,1
2020-06-18 15:23:34.852,11433,11434,11433,5
2020-06-18 15:23:35.076,11432,11433,11432,1
2020-06-18 15:23:35.634,11432,11433,11433,1
2020-06-18 15:23:36.433,11432,11433,11433,3
2020-06-18 15:23:37.653,11432,11433,11432,15
2020-06-18 15:23:37.654,11432,11433,11432,1
2020-06-18 15:23:37.654,11432,11433,11432,4
2020-06-18 15:23:41.492,11431,11432,11431,2
2020-06-18 15:23:41.919,11431,11432,11432,1
2020-06-18 15:23:42.424,11431,11432,11431,5
2020-06-18 15:23:42.783,11431,11432,11431,1
2020-06-18 15:23:43.953,11431,11432,11432,5
2020-06-18 15:23:44.087,11431,11433,11431,1
2020-06-18 15:23:44.531,11431,11433,11431,1
2020-06-18 15:23:45.861,11431,11433,11431,1
2020-06-18 15:23:45.933,11431,11433,11431,1
2020-06-18 15:23:46.420,11431,11433,11432,2
2020-06-18 15:23:47.108,11432,11433,11432,2
2020-06-18 15:23:48.143,11432,11433,11432,1
2020-06-18 15:23:48.185,11432,11433,11432,2
2020-06-18 15:23:48.452,11432,11433,11432,1
2020-06-18 15:23:49.011,11432,11433,11433,2
2020-06-18 15:23:51.048,11433,11434,11433,1
2020-06-18 15:23:54.114,11433,11434,11434,1
2020-06-18 15:23:54.231,11433,11434,11434,2
2020-06-18 15:23:54.232,11433,11434,11434,5
2020-06-18 15:23:54.518,11433,11434,11433,1
2020-06-18 15:23:56.704,11433,11434,11434,1
2020-06-18 15:23:56.714,11433,11434,11434,1
2020-06-18 15:23:56.794,11433,11434,11433,1
