2022-04-19 15:00:00.049,17004,17007,17004,37,-37
2022-04-19 15:00:00.097,17004,17007,17004,1,-1
2022-04-19 15:00:00.216,17004,17007,17004,1,-1
2022-04-19 15:00:00.241,17004,17007,17003,2,-2
2022-04-19 15:00:00.308,17004,17007,17007,2,2
2022-04-19 15:00:00.308,17004,17007,17008,3,3
2022-04-19 15:00:00.308,17004,17007,17009,1,1
2022-04-19 15:00:00.308,17004,17007,17010,2,2
2022-04-19 15:00:00.314,17004,17007,17002,1,-1
2022-04-19 15:00:00.408,17002,17010,17002,1,-1
2022-04-19 15:00:00.423,17002,17010,17001,1,-1
2022-04-19 15:00:00.449,17002,17010,17001,1,-1
2022-04-19 15:00:00.460,17001,17010,17001,1,-1
2022-04-19 15:00:00.461,17001,17010,17001,1,-1
2022-04-19 15:00:00.488,17001,17010,17001,1,-1
2022-04-19 15:00:00.526,17001,17010,17001,2,-2
2022-04-19 15:00:00.557,17001,17010,17000,1,-1
2022-04-19 15:00:00.599,17000,17010,17004,1,-1
2022-04-19 15:00:00.616,17000,17010,17004,1,-1
2022-04-19 15:00:00.642,17000,17010,17001,2,-2
2022-04-19 15:00:00.642,17000,17010,17001,10,-10
2022-04-19 15:00:00.655,17000,17010,17001,1,-1
2022-04-19 15:00:00.686,17000,17010,17001,1,-1
2022-04-19 15:00:00.716,17000,17010,17001,1,-1
2022-04-19 15:00:00.716,17000,17010,17001,1,-1
2022-04-19 15:00:00.908,17000,17010,17006,2,2
2022-04-19 15:00:00.924,17000,17010,17001,1,-1
2022-04-19 15:00:01.036,17000,17006,17001,1,-1
2022-04-19 15:00:01.057,17000,17006,17001,1,-1
2022-04-19 15:00:01.172,17002,17006,17006,1,1
2022-04-19 15:00:01.172,17002,17006,17007,2,2
2022-04-19 15:00:01.172,17002,17006,17008,1,1
2022-04-19 15:00:01.497,17005,17007,17007,1,1
2022-04-19 15:00:01.497,17005,17007,17008,1,1
2022-04-19 15:00:01.576,17005,17007,17005,2,-2
2022-04-19 15:00:01.925,17004,17007,17004,1,-1
2022-04-19 15:00:01.998,17004,17006,17004,1,-1
2022-04-19 15:00:01.998,17004,17006,17003,1,-1
2022-04-19 15:00:02.086,17003,17006,17005,1,1
2022-04-19 15:00:02.174,17003,17006,17003,1,-1
2022-04-19 15:00:02.918,17004,17005,17005,1,1
2022-04-19 15:00:03.142,17004,17006,17006,1,1
2022-04-19 15:00:03.519,17004,17005,17004,1,-1
2022-04-19 15:00:03.616,17002,17004,17003,1,1
2022-04-19 15:00:04.281,17002,17003,17003,1,1
2022-04-19 15:00:04.281,17002,17003,17004,2,2
2022-04-19 15:00:04.370,17004,17005,17004,2,-2
2022-04-19 15:00:04.372,17004,17005,17004,1,-1
2022-04-19 15:00:05.386,17003,17004,17003,6,-6
2022-04-19 15:00:05.528,17002,17003,17003,1,1
2022-04-19 15:00:05.939,17002,17003,17003,1,1
2022-04-19 15:00:05.940,17002,17003,17004,4,4
2022-04-19 15:00:05.940,17002,17003,17003,15,15
2022-04-19 15:00:06.123,17003,17004,17003,3,-3
2022-04-19 15:00:06.123,17003,17004,17003,1,-1
2022-04-19 15:00:06.123,17003,17004,17003,1,-1
2022-04-19 15:00:06.317,17002,17003,17002,1,-1
2022-04-19 15:00:06.454,17002,17003,17003,2,2
2022-04-19 15:00:06.879,17003,17004,17003,1,-1
2022-04-19 15:00:07.128,17002,17003,17002,1,-1
2022-04-19 15:00:07.534,17002,17003,17003,1,1
2022-04-19 15:00:07.757,17002,17004,17004,3,3
2022-04-19 15:00:07.984,17002,17004,17003,1,1
2022-04-19 15:00:08.628,17002,17003,17002,2,-2
2022-04-19 15:00:09.036,17002,17003,17003,3,3
2022-04-19 15:00:09.465,17002,17003,17002,1,-1
2022-04-19 15:00:09.490,17002,17003,17003,1,1
2022-04-19 15:00:09.523,17002,17003,17003,1,1
2022-04-19 15:00:09.523,17002,17003,17003,1,1
2022-04-19 15:00:10.880,17002,17003,17003,1,1
2022-04-19 15:00:10.882,17002,17003,17003,1,1
2022-04-19 15:00:10.882,17002,17003,17004,4,4
2022-04-19 15:00:11.600,17004,17005,17004,2,-2
2022-04-19 15:00:12.664,17004,17005,17005,1,1
2022-04-19 15:00:12.695,17004,17005,17005,2,2
2022-04-19 15:00:12.695,17004,17005,17005,6,6
2022-04-19 15:00:12.795,17005,17006,17005,4,-4
2022-04-19 15:00:12.795,17005,17006,17005,1,-1
2022-04-19 15:00:13.089,17004,17005,17005,1,1
2022-04-19 15:00:13.090,17004,17005,17005,1,1
2022-04-19 15:00:13.090,17004,17005,17005,1,1
2022-04-19 15:00:13.090,17004,17005,17006,3,3
2022-04-19 15:00:13.378,17006,17007,17006,1,-1
2022-04-19 15:00:13.522,17006,17007,17006,1,-1
2022-04-19 15:00:13.522,17006,17007,17005,1,-1
2022-04-19 15:00:13.523,17006,17007,17005,1,-1
2022-04-19 15:00:13.835,17005,17007,17007,1,1
2022-04-19 15:00:14.112,17006,17007,17007,1,1
2022-04-19 15:00:14.112,17006,17007,17007,2,2
2022-04-19 15:00:14.117,17006,17007,17006,1,-1
2022-04-19 15:00:15.182,17007,17008,17008,1,1
2022-04-19 15:00:15.182,17007,17008,17008,2,2
2022-04-19 15:00:15.264,17007,17009,17007,1,-1
2022-04-19 15:00:15.707,17007,17008,17007,2,-2
2022-04-19 15:00:15.708,17007,17008,17006,3,-3
2022-04-19 15:00:15.961,17005,17007,17005,3,-3
2022-04-19 15:00:16.199,17004,17006,17004,4,-4
2022-04-19 15:00:16.199,17004,17006,17004,2,-2
2022-04-19 15:00:16.199,17004,17006,17004,1,-1
2022-04-19 15:00:16.276,17003,17004,17003,8,-8
2022-04-19 15:00:16.276,17003,17004,17002,10,-10
2022-04-19 15:00:16.276,17003,17004,17002,1,-1
2022-04-19 15:00:16.280,17003,17004,17003,1,-1
2022-04-19 15:00:16.498,17001,17003,17001,6,-6
2022-04-19 15:00:16.499,17001,17003,17001,3,-3
2022-04-19 15:00:18.432,17003,17004,17002,1,-1
2022-04-19 15:00:20.012,17002,17004,17004,1,1
2022-04-19 15:00:20.497,17003,17004,17004,1,1
2022-04-19 15:00:20.497,17003,17004,17005,1,1
2022-04-19 15:00:21.017,17003,17005,17005,3,3
2022-04-19 15:00:21.041,17003,17005,17004,1,1
2022-04-19 15:00:21.938,17003,17004,17003,4,-4
2022-04-19 15:00:21.939,17003,17004,17002,3,-3
2022-04-19 15:00:22.155,17001,17003,17001,1,-1
2022-04-19 15:00:22.155,17001,17003,17001,3,-3
2022-04-19 15:00:22.317,17001,17002,17002,1,1
2022-04-19 15:00:22.561,17001,17003,17003,4,4
2022-04-19 15:00:22.561,17001,17003,17004,3,3
2022-04-19 15:00:23.182,17002,17003,17002,2,-2
2022-04-19 15:00:23.562,17002,17004,17004,1,1
2022-04-19 15:00:24.180,17002,17004,17002,1,-1
2022-04-19 15:00:24.180,17002,17004,17001,3,-3
2022-04-19 15:00:24.181,17002,17004,17001,1,-1
2022-04-19 15:00:24.317,17000,17002,17002,1,1
2022-04-19 15:00:25.350,17001,17003,17003,4,4
2022-04-19 15:00:26.059,17002,17004,17002,1,-1
2022-04-19 15:00:26.755,17002,17004,17004,1,1
2022-04-19 15:00:27.277,17003,17004,17004,1,1
2022-04-19 15:00:27.888,17003,17005,17005,3,3
2022-04-19 15:00:30.142,17004,17005,17005,1,1
2022-04-19 15:00:30.180,17004,17005,17005,1,1
2022-04-19 15:00:30.357,17004,17005,17005,2,2
2022-04-19 15:00:30.360,17004,17005,17004,1,-1
2022-04-19 15:00:30.586,17003,17005,17003,1,-1
2022-04-19 15:00:31.167,17002,17004,17002,1,-1
2022-04-19 15:00:31.291,17001,17003,17001,1,-1
2022-04-19 15:00:31.292,17001,17003,17001,2,-2
2022-04-19 15:00:31.535,17001,17003,17001,2,-2
2022-04-19 15:00:31.708,17000,17002,17000,2,-2
2022-04-19 15:00:31.708,17000,17002,17000,5,-5
2022-04-19 15:00:31.713,17000,17002,17000,1,-1
2022-04-19 15:00:31.920,16999,17000,17000,2,2
2022-04-19 15:00:31.934,16999,17000,16999,2,-2
2022-04-19 15:00:31.935,16999,17000,16999,1,-1
2022-04-19 15:00:31.935,16999,17000,16999,1,-1
2022-04-19 15:00:32.020,16999,17000,16999,1,-1
2022-04-19 15:00:32.020,16999,17000,16999,1,-1
2022-04-19 15:00:32.020,16999,17000,16998,4,-4
2022-04-19 15:00:32.021,16999,17000,16998,1,-1
2022-04-19 15:00:32.022,16999,17000,16998,5,-5
2022-04-19 15:00:32.155,16998,16999,16998,1,-1
2022-04-19 15:00:32.357,16999,17001,17001,2,2
2022-04-19 15:00:32.480,17001,17002,17001,1,-1
2022-04-19 15:00:32.585,17001,17002,17001,1,-1
2022-04-19 15:00:34.066,17001,17003,17001,1,-1
2022-04-19 15:00:35.968,17000,17002,17001,1,1
2022-04-19 15:00:36.074,17000,17002,17001,1,1
2022-04-19 15:00:36.304,17001,17002,17001,1,-1
2022-04-19 15:00:36.356,17001,17002,17001,3,-3
2022-04-19 15:00:36.356,17001,17002,17000,1,-1
2022-04-19 15:00:36.934,16999,17000,16999,2,-2
2022-04-19 15:00:36.935,16999,17000,16998,1,-1
2022-04-19 15:00:36.956,16998,17000,17000,1,1
2022-04-19 15:00:37.650,16998,17000,17000,1,1
2022-04-19 15:00:39.996,16997,16998,16997,3,-3
2022-04-19 15:00:39.997,16997,16998,16996,1,-1
2022-04-19 15:00:39.997,16997,16998,16997,1,-1
2022-04-19 15:00:40.057,16997,16998,16996,12,-12
2022-04-19 15:00:40.058,16997,16998,16995,1,-1
2022-04-19 15:00:40.058,16997,16998,16995,1,-1
2022-04-19 15:00:40.058,16997,16998,16995,1,-1
2022-04-19 15:00:40.058,16997,16998,16994,1,-1
2022-04-19 15:00:40.059,16997,16998,16994,1,-1
2022-04-19 15:00:40.120,16993,16995,16995,1,1
2022-04-19 15:00:40.131,16993,16995,16994,1,1
2022-04-19 15:00:40.131,16993,16995,16994,1,1
2022-04-19 15:00:40.170,16993,16995,16995,1,1
2022-04-19 15:00:40.401,16994,16996,16996,1,1
2022-04-19 15:00:41.183,16996,16997,16996,3,-3
2022-04-19 15:00:41.183,16996,16997,16995,2,-2
2022-04-19 15:00:41.301,16996,16997,16997,1,1
2022-04-19 15:00:41.827,16996,16998,16996,1,-1
2022-04-19 15:00:42.093,16996,16997,16996,1,-1
2022-04-19 15:00:42.094,16996,16997,16995,1,-1
2022-04-19 15:00:42.206,16995,16997,16997,1,1
2022-04-19 15:00:42.593,16995,16997,16995,1,-1
2022-04-19 15:00:42.664,16995,16997,16995,1,-1
2022-04-19 15:00:42.789,16995,16997,16997,1,1
2022-04-19 15:00:43.122,16996,16998,16996,1,-1
2022-04-19 15:00:43.255,16996,16998,16996,1,-1
2022-04-19 15:00:43.528,16996,16998,16998,1,1
2022-04-19 15:00:43.541,16996,16998,16998,2,2
2022-04-19 15:00:43.876,16998,16999,16999,2,2
2022-04-19 15:00:44.598,16998,17000,16998,1,-1
2022-04-19 15:00:45.025,16998,17000,16998,5,-5
2022-04-19 15:00:47.378,16997,16999,16998,1,1
2022-04-19 15:00:48.034,16998,16999,16999,1,1
2022-04-19 15:00:48.626,16998,17000,16998,1,-1
2022-04-19 15:00:48.826,16998,17000,16998,1,-1
2022-04-19 15:00:49.886,16999,17000,16999,1,-1
2022-04-19 15:00:50.711,16999,17000,16999,1,-1
2022-04-19 15:00:51.399,16999,17000,16999,1,-1
2022-04-19 15:00:51.399,16999,17000,16998,1,-1
2022-04-19 15:00:51.925,16998,17000,16998,1,-1
2022-04-19 15:00:52.310,16998,17000,16998,2,-2
2022-04-19 15:00:53.889,16998,17000,16998,1,-1
2022-04-19 15:00:53.889,16998,17000,16997,1,-1
2022-04-19 15:00:54.427,16997,16999,16997,1,-1
2022-04-19 15:00:54.429,16997,16999,16996,1,-1
2022-04-19 15:00:54.430,16997,16999,16996,11,-11
2022-04-19 15:00:54.479,16994,16995,16994,5,-5
2022-04-19 15:00:57.089,16993,16995,16993,1,-1
2022-04-19 15:00:57.824,16993,16995,16994,2,2
2022-04-19 15:00:57.824,16993,16995,16993,4,-4
2022-04-19 15:00:57.824,16993,16995,16992,4,-4
2022-04-19 15:00:58.224,16994,16995,16995,1,1
2022-04-19 15:00:58.592,16994,16996,16994,1,-1
2022-04-19 15:00:58.617,16994,16996,16994,1,-1
2022-04-19 15:00:58.618,16994,16996,16994,1,-1
2022-04-19 15:00:58.751,16993,16995,16994,1,1
2022-04-19 15:00:58.948,16994,16996,16994,1,-1
2022-04-19 15:00:59.051,16994,16996,16994,1,-1
2022-04-19 15:00:59.083,16994,16996,16994,1,-1
2022-04-19 15:00:59.084,16994,16996,16994,3,-3
2022-04-19 15:00:59.234,16994,16996,16994,1,-1
2022-04-19 15:00:59.279,16994,16996,16995,1,1
2022-04-19 15:00:59.286,16994,16996,16995,1,1
2022-04-19 15:00:59.328,16994,16996,16995,1,1
2022-04-19 15:00:59.719,16994,16996,16995,1,1
2022-04-19 15:01:00.035,16995,16997,16998,2,2
2022-04-19 15:01:00.077,16996,16998,16996,1,-1
2022-04-19 15:01:00.082,16996,16998,16998,1,1
2022-04-19 15:01:00.083,16996,16998,16998,1,1
2022-04-19 15:01:00.083,16996,16998,16998,1,1
2022-04-19 15:01:00.083,16996,16998,16998,1,1
2022-04-19 15:01:00.083,16996,16998,16999,2,2
2022-04-19 15:01:00.084,16996,16998,16999,1,1
2022-04-19 15:01:00.114,16996,16998,16999,1,1
2022-04-19 15:01:00.122,16996,16998,16999,1,1
2022-04-19 15:01:00.127,16996,16998,16999,1,1
2022-04-19 15:01:00.131,16996,16998,16999,1,1
2022-04-19 15:01:00.146,16996,16998,16999,1,1
2022-04-19 15:01:00.148,16996,16998,16999,1,1
2022-04-19 15:01:00.171,16996,16998,16999,1,1
2022-04-19 15:01:00.298,16998,16999,16998,3,-3
2022-04-19 15:01:00.298,16998,16999,16997,9,-9
2022-04-19 15:01:00.300,16998,16999,16996,1,-1
2022-04-19 15:01:00.333,16995,16997,16997,1,1
2022-04-19 15:01:00.411,16995,16997,16996,1,1
2022-04-19 15:01:00.411,16995,16997,16995,1,-1
2022-04-19 15:01:00.411,16995,16997,16995,1,-1
2022-04-19 15:01:00.446,16995,16997,16997,1,1
2022-04-19 15:01:00.450,16995,16997,16998,1,1
2022-04-19 15:01:00.454,16996,16998,16998,1,1
2022-04-19 15:01:00.510,16996,16998,16996,1,-1
2022-04-19 15:01:00.808,16996,16997,16997,1,1
2022-04-19 15:01:00.862,16995,16998,16998,1,1
2022-04-19 15:01:00.866,16995,16998,16998,1,1
2022-04-19 15:01:00.870,16995,16998,16998,1,1
2022-04-19 15:01:00.874,16995,16998,16998,1,1
2022-04-19 15:01:00.939,16995,16998,16998,1,1
2022-04-19 15:01:01.183,16997,16998,16998,1,1
2022-04-19 15:01:01.198,16997,16998,16998,1,1
2022-04-19 15:01:01.205,16996,16998,16998,1,1
2022-04-19 15:01:01.205,16996,16998,16998,1,1
2022-04-19 15:01:01.205,16996,16998,16999,1,1
2022-04-19 15:01:01.314,16996,16998,16998,1,1
2022-04-19 15:01:01.419,16996,16999,16998,1,1
2022-04-19 15:01:01.466,16996,16998,16996,4,-4
2022-04-19 15:01:01.466,16996,16998,16996,1,-1
2022-04-19 15:01:01.471,16996,16998,16997,1,1
2022-04-19 15:01:01.474,16996,16998,16997,1,1
2022-04-19 15:01:01.506,16996,16998,16996,1,-1
2022-04-19 15:01:01.506,16996,16998,16996,1,-1
2022-04-19 15:01:01.526,16996,16998,16998,1,1
2022-04-19 15:01:01.532,16996,16998,16996,1,-1
2022-04-19 15:01:02.108,16995,16997,16995,1,-1
2022-04-19 15:01:02.134,16995,16997,16996,1,1
2022-04-19 15:01:02.226,16995,16997,16997,1,1
2022-04-19 15:01:02.295,16995,16997,16997,1,1
2022-04-19 15:01:02.299,16995,16997,16997,1,1
2022-04-19 15:01:02.307,16995,16997,16998,1,1
2022-04-19 15:01:02.311,16995,16997,16998,1,1
2022-04-19 15:01:02.327,16995,16997,16998,1,1
2022-04-19 15:01:02.331,16996,16998,16998,1,1
2022-04-19 15:01:02.346,16996,16998,16998,2,2
2022-04-19 15:01:02.346,16996,16998,16999,1,1
2022-04-19 15:01:02.611,16997,16999,16999,1,1
2022-04-19 15:01:03.077,16997,16999,16998,1,1
2022-04-19 15:01:03.077,16997,16999,16997,1,-1
2022-04-19 15:01:03.674,16997,16999,16997,1,-1
2022-04-19 15:01:04.399,16997,16998,16998,1,1
2022-04-19 15:01:04.551,16997,16999,16999,1,1
2022-04-19 15:01:04.778,16997,16999,16998,2,2
2022-04-19 15:01:05.192,16997,16998,16997,1,-1
2022-04-19 15:01:05.500,16996,16997,16997,1,1
2022-04-19 15:01:06.154,16996,16997,16997,1,1
2022-04-19 15:01:06.570,16996,16997,16997,2,2
2022-04-19 15:01:06.611,16996,16998,16997,1,1
2022-04-19 15:01:06.635,16996,16998,16997,1,1
2022-04-19 15:01:06.958,16997,16999,16999,1,1
2022-04-19 15:01:07.028,16997,16999,16999,1,1
2022-04-19 15:01:07.028,16997,16999,16999,1,1
2022-04-19 15:01:07.080,16997,16999,16999,1,1
2022-04-19 15:01:07.080,16997,16999,16999,1,1
2022-04-19 15:01:07.080,16997,16999,17000,1,1
2022-04-19 15:01:07.080,16997,16999,17000,1,1
2022-04-19 15:01:07.081,16997,16999,17000,1,1
2022-04-19 15:01:07.081,16997,16999,17000,1,1
2022-04-19 15:01:07.081,16997,16999,17000,1,1
2022-04-19 15:01:07.081,16997,16999,17000,1,1
2022-04-19 15:01:07.081,16997,16999,17000,1,1
2022-04-19 15:01:07.081,16997,16999,17000,1,1
2022-04-19 15:01:07.081,16997,16999,17000,1,1
2022-04-19 15:01:07.081,16997,16999,17000,1,1
2022-04-19 15:01:07.081,16997,16999,17000,1,1
2022-04-19 15:01:07.081,16997,16999,17000,1,1
2022-04-19 15:01:07.081,16997,16999,17000,1,1
2022-04-19 15:01:07.081,16997,16999,17001,1,1
2022-04-19 15:01:07.082,16997,16999,17001,1,1
2022-04-19 15:01:07.082,16997,16999,17001,1,1
2022-04-19 15:01:07.082,16997,16999,17001,1,1
2022-04-19 15:01:07.082,16997,16999,17001,1,1
2022-04-19 15:01:07.082,16997,16999,17001,1,1
2022-04-19 15:01:07.160,16997,16999,17000,1,1
2022-04-19 15:01:07.208,16999,17001,17000,2,2
2022-04-19 15:01:07.379,16999,17001,16999,1,-1
2022-04-19 15:01:07.379,16999,17001,16999,1,-1
2022-04-19 15:01:07.935,16998,17000,17000,2,2
2022-04-19 15:01:07.957,16998,17000,16998,2,-2
2022-04-19 15:01:08.078,16998,17000,16998,1,-1
2022-04-19 15:01:08.115,16998,17000,16998,1,-1
2022-04-19 15:01:09.274,16998,16999,16998,1,-1
2022-04-19 15:01:09.304,16998,16999,16998,4,-4
2022-04-19 15:01:09.437,16997,16998,16998,1,1
2022-04-19 15:01:09.677,16997,16998,16997,1,-1
2022-04-19 15:01:09.849,16997,16998,16998,3,3
2022-04-19 15:01:10.226,16997,16998,16997,1,-1
2022-04-19 15:01:10.226,16997,16998,16998,1,1
2022-04-19 15:01:10.238,16997,16998,16998,1,1
2022-04-19 15:01:10.437,16997,16998,16998,2,2
2022-04-19 15:01:11.125,16996,16998,16996,6,-6
2022-04-19 15:01:11.436,16995,16997,16997,1,1
2022-04-19 15:01:12.691,16995,16997,16997,1,1
2022-04-19 15:01:13.436,16995,16997,16997,1,1
2022-04-19 15:01:14.082,16996,16997,16996,1,-1
2022-04-19 15:01:14.437,16996,16997,16997,1,1
2022-04-19 15:01:14.976,16995,16997,16997,1,1
2022-04-19 15:01:14.976,16995,16997,16998,1,1
2022-04-19 15:01:15.370,16996,16997,16996,1,-1
2022-04-19 15:01:16.382,16995,16997,16997,1,1
2022-04-19 15:01:16.519,16996,16997,16997,1,1
2022-04-19 15:01:16.555,16996,16997,16997,1,1
2022-04-19 15:01:16.683,16996,16997,16996,1,-1
2022-04-19 15:01:16.822,16996,16997,16997,1,1
2022-04-19 15:01:16.879,16996,16998,16998,1,1
2022-04-19 15:01:17.299,16996,16998,16998,1,1
2022-04-19 15:01:17.330,16996,16998,16998,1,1
2022-04-19 15:01:17.330,16996,16998,16998,1,1
2022-04-19 15:01:17.330,16996,16998,16999,1,1
2022-04-19 15:01:17.330,16996,16998,16999,1,1
2022-04-19 15:01:17.331,16996,16998,17000,1,1
2022-04-19 15:01:17.331,16996,16998,17000,1,1
2022-04-19 15:01:17.910,16998,17000,17000,1,1
2022-04-19 15:01:18.734,16998,17000,17000,1,1
2022-04-19 15:01:19.556,16998,16999,16999,1,1
2022-04-19 15:01:19.597,16998,16999,16999,1,1
2022-04-19 15:01:19.597,16998,16999,17000,1,1
2022-04-19 15:01:20.002,16998,17000,17000,1,1
2022-04-19 15:01:20.119,16998,16999,16999,1,1
2022-04-19 15:01:20.598,16998,17000,17000,3,3
2022-04-19 15:01:20.955,16998,17000,16998,1,-1
2022-04-19 15:01:21.507,16997,16999,16999,2,2
2022-04-19 15:01:21.510,16997,16999,17000,1,1
2022-04-19 15:01:21.514,16997,16999,17000,1,1
2022-04-19 15:01:21.598,16998,17000,16999,1,1
2022-04-19 15:01:22.546,16997,16998,16997,1,-1
2022-04-19 15:01:22.598,16996,16998,16998,3,3
2022-04-19 15:01:22.816,16996,16998,16998,1,1
2022-04-19 15:01:22.871,16996,16998,16998,1,1
2022-04-19 15:01:23.264,16996,16998,16998,1,1
2022-04-19 15:01:23.756,16996,16999,16999,1,1
2022-04-19 15:01:23.787,16996,16999,16996,1,-1
2022-04-19 15:01:24.393,16995,16997,16997,1,1
2022-04-19 15:01:25.017,16995,16996,16996,1,1
2022-04-19 15:01:25.307,16995,16997,16997,1,1
2022-04-19 15:01:25.311,16995,16997,16997,1,1
2022-04-19 15:01:25.582,16996,16997,16997,1,1
2022-04-19 15:01:25.582,16996,16997,16998,3,3
2022-04-19 15:01:25.654,16996,16997,16998,1,1
2022-04-19 15:01:28.756,16998,17000,16998,1,-1
2022-04-19 15:01:29.508,16997,17000,17000,4,4
2022-04-19 15:01:29.579,16998,17000,17000,1,1
2022-04-19 15:01:29.657,16998,17000,16998,1,-1
2022-04-19 15:01:29.838,16998,17000,17000,1,1
2022-04-19 15:01:30.646,16999,17000,16999,2,-2
2022-04-19 15:01:31.723,16997,16999,16999,1,1
2022-04-19 15:01:32.741,16997,16999,16997,1,-1
2022-04-19 15:01:33.140,16996,16998,16998,1,1
2022-04-19 15:01:33.140,16996,16998,16998,1,1
2022-04-19 15:01:33.153,16996,16998,16999,1,1
2022-04-19 15:01:33.185,16996,16998,16999,1,1
2022-04-19 15:01:36.874,16997,16999,16999,1,1
2022-04-19 15:01:37.728,16997,16998,16998,1,1
2022-04-19 15:01:37.900,16997,16999,16998,1,1
2022-04-19 15:01:40.189,16996,16998,16998,3,3
2022-04-19 15:01:40.410,16996,16998,16997,1,1
2022-04-19 15:01:40.781,16996,16998,16997,1,1
2022-04-19 15:01:41.218,16996,16998,16998,2,2
2022-04-19 15:01:43.095,16996,16998,16998,2,2
2022-04-19 15:01:44.341,16996,16998,16996,1,-1
2022-04-19 15:01:44.342,16996,16998,16996,7,-7
2022-04-19 15:01:44.540,16995,16997,16995,7,-7
2022-04-19 15:01:45.010,16995,16997,16997,1,1
2022-04-19 15:01:45.072,16995,16997,16996,1,1
2022-04-19 15:01:45.195,16996,16997,16997,1,1
2022-04-19 15:01:45.198,16996,16997,16997,1,1
2022-04-19 15:01:45.386,16996,16997,16996,1,-1
2022-04-19 15:01:46.260,16996,16997,16997,2,2
2022-04-19 15:01:46.260,16996,16997,16996,3,-3
2022-04-19 15:01:46.672,16995,16997,16997,2,2
2022-04-19 15:01:48.383,16995,16996,16995,2,-2
2022-04-19 15:01:48.383,16995,16996,16995,1,-1
2022-04-19 15:01:50.741,16995,16996,16995,2,-2
2022-04-19 15:01:50.918,16995,16996,16996,1,1
2022-04-19 15:01:50.918,16995,16996,16997,2,2
2022-04-19 15:01:51.286,16995,16997,16997,4,4
2022-04-19 15:01:51.840,16995,16997,16997,1,1
2022-04-19 15:01:54.111,16996,16997,16996,1,-1
2022-04-19 15:01:54.995,16995,16996,16996,1,1
2022-04-19 15:01:55.480,16995,16997,16995,2,-2
2022-04-19 15:01:56.066,16996,16997,16997,1,1
2022-04-19 15:01:56.191,16996,16997,16996,1,-1
2022-04-19 15:01:56.219,16995,16997,16997,1,1
2022-04-19 15:01:56.531,16995,16997,16997,1,1
2022-04-19 15:01:56.601,16996,16997,16997,5,5
2022-04-19 15:01:56.602,16996,16997,16997,1,1
2022-04-19 15:01:57.035,16996,16998,16998,1,1
2022-04-19 15:01:57.580,16997,16998,16998,5,5
2022-04-19 15:01:57.581,16997,16998,16999,2,2
2022-04-19 15:01:57.581,16997,16998,16999,6,6
2022-04-19 15:01:57.582,16997,16998,16999,1,1
2022-04-19 15:01:57.582,16997,16998,16999,2,2
2022-04-19 15:02:00.206,16997,16999,16998,1,1
2022-04-19 15:02:00.313,16997,16999,16997,1,-1
2022-04-19 15:02:00.392,16997,16998,16997,2,-2
2022-04-19 15:02:00.413,16997,16998,16997,1,-1
2022-04-19 15:02:00.445,16997,16998,16997,1,-1
2022-04-19 15:02:00.455,16997,16998,16997,2,-2
2022-04-19 15:02:00.508,16997,16998,16996,1,-1
2022-04-19 15:02:00.575,16997,16998,16998,1,1
2022-04-19 15:02:00.585,16996,16998,16998,1,1
2022-04-19 15:02:00.833,16997,16999,16999,1,1
2022-04-19 15:02:00.853,16997,16999,16997,1,-1
2022-04-19 15:02:00.980,16997,16999,16999,1,1
2022-04-19 15:02:00.982,16997,16999,16999,1,1
2022-04-19 15:02:02.179,16996,16997,16996,1,-1
2022-04-19 15:02:02.676,16995,16997,16997,4,4
2022-04-19 15:02:03.452,16995,16996,16996,1,1
2022-04-19 15:02:03.949,16995,16996,16995,4,-4
2022-04-19 15:02:05.102,16994,16995,16994,1,-1
2022-04-19 15:02:05.102,16994,16995,16994,1,-1
2022-04-19 15:02:05.103,16994,16995,16994,4,-4
2022-04-19 15:02:05.229,16993,16994,16993,1,-1
2022-04-19 15:02:05.399,16993,16994,16993,1,-1
2022-04-19 15:02:05.399,16993,16994,16993,3,-3
2022-04-19 15:02:05.664,16992,16993,16992,1,-1
2022-04-19 15:02:06.292,16992,16993,16992,2,-2
2022-04-19 15:02:06.293,16992,16993,16991,7,-7
2022-04-19 15:02:06.394,16990,16991,16990,1,-1
2022-04-19 15:02:06.484,16990,16991,16990,4,-4
2022-04-19 15:02:06.489,16990,16991,16990,4,-4
2022-04-19 15:02:06.489,16990,16991,16990,3,-3
2022-04-19 15:02:06.496,16990,16991,16989,1,-1
2022-04-19 15:02:06.656,16989,16991,16989,1,-1
2022-04-19 15:02:07.480,16989,16990,16989,3,-3
2022-04-19 15:02:07.510,16989,16990,16989,1,-1
2022-04-19 15:02:07.566,16989,16990,16991,2,2
2022-04-19 15:02:07.576,16989,16990,16990,1,1
2022-04-19 15:02:08.154,16989,16991,16990,1,1
2022-04-19 15:02:08.155,16989,16991,16990,1,1
2022-04-19 15:02:08.485,16990,16991,16990,3,-3
2022-04-19 15:02:08.485,16990,16991,16989,7,-7
2022-04-19 15:02:08.715,16989,16991,16990,1,1
2022-04-19 15:02:09.325,16989,16991,16991,2,2
2022-04-19 15:02:09.326,16989,16991,16990,1,1
2022-04-19 15:02:09.468,16990,16992,16990,1,-1
2022-04-19 15:02:09.543,16990,16992,16990,1,-1
2022-04-19 15:02:09.544,16990,16992,16990,1,-1
2022-04-19 15:02:09.972,16990,16992,16992,4,4
2022-04-19 15:02:09.973,16990,16992,16991,1,1
2022-04-19 15:02:10.765,16991,16992,16991,5,-5
2022-04-19 15:02:10.765,16991,16992,16991,4,-4
2022-04-19 15:02:10.867,16990,16992,16992,1,1
2022-04-19 15:02:12.235,16992,16994,16994,2,2
2022-04-19 15:02:12.972,16991,16993,16991,1,-1
2022-04-19 15:02:13.121,16991,16993,16992,1,1
2022-04-19 15:02:13.406,16992,16994,16993,1,1
2022-04-19 15:02:14.168,16993,16994,16993,3,-3
2022-04-19 15:02:14.168,16993,16994,16992,1,-1
2022-04-19 15:02:15.902,16993,16994,16994,1,1
2022-04-19 15:02:16.624,16993,16994,16994,2,2
2022-04-19 15:02:17.822,16994,16995,16995,5,5
2022-04-19 15:02:18.369,16995,16996,16996,1,1
2022-04-19 15:02:18.960,16995,16997,16995,2,-2
2022-04-19 15:02:19.284,16994,16996,16994,1,-1
2022-04-19 15:02:22.659,16994,16995,16995,1,1
2022-04-19 15:02:22.698,16994,16995,16995,1,1
2022-04-19 15:02:26.242,16994,16995,16995,1,1
2022-04-19 15:02:26.523,16994,16995,16995,1,1
2022-04-19 15:02:26.743,16995,16996,16996,1,1
2022-04-19 15:02:30.520,16994,16995,16995,1,1
2022-04-19 15:02:32.021,16994,16995,16994,1,-1
2022-04-19 15:02:32.100,16994,16995,16995,1,1
2022-04-19 15:02:33.079,16994,16995,16994,1,-1
2022-04-19 15:02:33.204,16993,16994,16994,1,1
2022-04-19 15:02:33.540,16994,16995,16994,2,-2
2022-04-19 15:02:34.355,16992,16994,16993,1,1
2022-04-19 15:02:34.378,16992,16994,16993,1,1
2022-04-19 15:02:35.513,16991,16993,16992,1,1
2022-04-19 15:02:37.169,16992,16993,16993,1,1
2022-04-19 15:02:37.965,16993,16995,16993,1,-1
2022-04-19 15:02:38.549,16993,16994,16993,2,-2
2022-04-19 15:02:38.714,16992,16994,16994,2,2
2022-04-19 15:02:38.805,16992,16994,16992,1,-1
2022-04-19 15:02:39.788,16994,16995,16994,1,-1
2022-04-19 15:02:41.935,16993,16994,16993,1,-1
2022-04-19 15:02:44.633,16992,16994,16994,1,1
2022-04-19 15:02:45.490,16993,16994,16993,1,-1
2022-04-19 15:02:46.218,16993,16994,16993,1,-1
2022-04-19 15:02:46.401,16993,16994,16993,1,-1
2022-04-19 15:02:47.652,16993,16994,16993,1,-1
2022-04-19 15:02:48.861,16992,16994,16993,1,1
2022-04-19 15:02:51.554,16992,16993,16992,1,-1
2022-04-19 15:02:51.727,16992,16993,16993,2,2
2022-04-19 15:02:54.707,16993,16994,16994,6,6
2022-04-19 15:02:56.022,16994,16995,16995,1,1
2022-04-19 15:02:56.023,16994,16995,16995,1,1
2022-04-19 15:02:56.023,16994,16995,16995,3,3
2022-04-19 15:02:56.023,16994,16995,16995,3,3
2022-04-19 15:02:56.023,16994,16995,16995,1,1
2022-04-19 15:02:56.023,16994,16995,16995,1,1
2022-04-19 15:02:56.023,16994,16995,16995,8,8
2022-04-19 15:02:56.653,16995,16996,16995,1,-1
2022-04-19 15:02:56.937,16995,16996,16996,3,3
2022-04-19 15:02:58.438,16996,16997,16997,1,1
2022-04-19 15:02:58.442,16996,16997,16997,1,1
2022-04-19 15:02:58.462,16996,16997,16997,2,2
2022-04-19 15:02:58.462,16996,16997,16997,27,27
2022-04-19 15:02:58.615,16997,16998,16998,1,1
2022-04-19 15:02:58.620,16997,16998,16998,1,1
2022-04-19 15:02:58.631,16997,16998,16998,1,1
2022-04-19 15:02:58.834,16997,16998,16998,1,1
2022-04-19 15:02:59.368,16997,16998,16997,2,-2
2022-04-19 15:02:59.750,16997,16998,16998,1,1
2022-04-19 15:02:59.754,16997,16998,16997,1,-1
2022-04-19 15:03:00.191,16997,16998,16998,2,2
2022-04-19 15:03:01.987,16997,16998,16998,1,1
2022-04-19 15:03:02.329,16998,16999,16998,1,-1
2022-04-19 15:03:03.324,16997,16999,16998,1,1
2022-04-19 15:03:04.132,16997,16998,16998,1,1
2022-04-19 15:03:04.132,16997,16998,16999,2,2
2022-04-19 15:03:04.674,16999,17000,16999,1,-1
2022-04-19 15:03:04.861,16998,16999,16999,1,1
2022-04-19 15:03:04.971,16999,17000,17000,11,11
2022-04-19 15:03:04.972,16999,17000,17000,4,4
2022-04-19 15:03:04.972,16999,17000,17001,3,3
2022-04-19 15:03:04.973,16999,17000,17001,2,2
2022-04-19 15:03:04.973,16999,17000,17001,1,1
2022-04-19 15:03:05.820,17001,17002,17001,1,-1
2022-04-19 15:03:05.983,17001,17002,17002,2,2
2022-04-19 15:03:06.146,17001,17002,17001,1,-1
2022-04-19 15:03:06.316,17001,17002,17002,1,1
2022-04-19 15:03:07.921,17002,17003,17003,2,2
2022-04-19 15:03:08.005,17003,17004,17004,1,1
2022-04-19 15:03:08.006,17003,17004,17004,3,3
2022-04-19 15:03:08.621,17004,17005,17005,3,3
2022-04-19 15:03:08.722,17004,17006,17006,1,1
2022-04-19 15:03:08.775,17004,17006,17007,1,1
2022-04-19 15:03:08.849,17005,17007,17007,1,1
2022-04-19 15:03:08.870,17005,17007,17007,4,4
2022-04-19 15:03:08.878,17005,17007,17007,1,1
2022-04-19 15:03:09.508,17007,17008,17007,1,-1
2022-04-19 15:03:09.823,17007,17008,17007,3,-3
2022-04-19 15:03:09.889,17007,17008,17008,1,1
2022-04-19 15:03:10.245,17007,17008,17008,2,2
2022-04-19 15:03:10.665,17008,17009,17010,4,4
2022-04-19 15:03:10.706,17010,17011,17010,2,-2
2022-04-19 15:03:10.922,17010,17011,17011,1,1
2022-04-19 15:03:10.922,17010,17011,17011,1,1
2022-04-19 15:03:11.249,17011,17012,17012,2,2
2022-04-19 15:03:11.398,17011,17012,17012,2,2
2022-04-19 15:03:11.538,17011,17012,17012,2,2
2022-04-19 15:03:11.713,17011,17012,17012,1,1
2022-04-19 15:03:11.714,17011,17012,17013,1,1
2022-04-19 15:03:11.824,17011,17012,17012,1,1
2022-04-19 15:03:12.047,17010,17012,17012,1,1
2022-04-19 15:03:12.440,17010,17012,17010,1,-1
2022-04-19 15:03:12.703,17009,17011,17011,1,1
2022-04-19 15:03:13.483,17009,17011,17009,1,-1
2022-04-19 15:03:13.514,17009,17011,17011,5,5
2022-04-19 15:03:13.673,17009,17011,17011,1,1
2022-04-19 15:03:13.774,17010,17012,17010,1,-1
2022-04-19 15:03:14.808,17009,17011,17009,1,-1
2022-04-19 15:03:14.892,17009,17011,17009,1,-1
2022-04-19 15:03:15.193,17010,17012,17011,2,2
2022-04-19 15:03:16.023,17010,17011,17011,1,1
2022-04-19 15:03:16.061,17010,17011,17011,1,1
2022-04-19 15:03:17.986,17010,17011,17010,1,-1
2022-04-19 15:03:18.320,17008,17010,17010,1,1
2022-04-19 15:03:18.818,17008,17010,17010,2,2
2022-04-19 15:03:18.943,17008,17010,17010,2,2
2022-04-19 15:03:19.308,17008,17010,17010,1,1
2022-04-19 15:03:19.604,17009,17010,17010,3,3
2022-04-19 15:03:20.187,17009,17010,17010,2,2
2022-04-19 15:03:20.613,17009,17010,17010,3,3
2022-04-19 15:03:21.187,17009,17010,17009,1,-1
2022-04-19 15:03:21.187,17009,17010,17009,1,-1
2022-04-19 15:03:21.199,17009,17010,17009,3,-3
2022-04-19 15:03:21.737,17007,17008,17008,2,2
2022-04-19 15:03:21.906,17007,17009,17008,1,1
2022-04-19 15:03:22.068,17007,17008,17007,1,-1
2022-04-19 15:03:22.115,17007,17008,17007,1,-1
2022-04-19 15:03:22.547,17006,17007,17006,1,-1
2022-04-19 15:03:23.052,17004,17007,17006,1,1
2022-04-19 15:03:23.056,17004,17007,17006,1,1
2022-04-19 15:03:23.227,17004,17006,17006,1,1
2022-04-19 15:03:23.448,17004,17007,17006,1,1
2022-04-19 15:03:23.601,17005,17007,17005,4,-4
2022-04-19 15:03:25.403,17006,17007,17007,1,1
2022-04-19 15:03:25.645,17006,17007,17006,1,-1
2022-04-19 15:03:26.054,17006,17007,17007,1,1
2022-04-19 15:03:27.718,17006,17007,17007,1,1
2022-04-19 15:03:29.498,17006,17007,17006,1,-1
2022-04-19 15:03:30.628,17005,17006,17007,1,1
2022-04-19 15:03:31.193,17005,17007,17005,1,-1
2022-04-19 15:03:31.287,17005,17007,17004,1,-1
2022-04-19 15:03:31.707,17004,17006,17006,1,1
2022-04-19 15:03:31.869,17004,17006,17004,9,-9
2022-04-19 15:03:37.074,17004,17005,17004,1,-1
2022-04-19 15:03:37.371,17004,17005,17004,1,-1
2022-04-19 15:03:38.000,17004,17005,17005,1,1
2022-04-19 15:03:41.028,17004,17005,17005,1,1
2022-04-19 15:03:41.028,17004,17005,17005,1,1
2022-04-19 15:03:41.541,17005,17006,17005,6,-6
2022-04-19 15:03:41.541,17005,17006,17004,14,-14
2022-04-19 15:03:48.337,17004,17005,17004,2,-2
2022-04-19 15:03:49.312,17004,17005,17005,1,1
2022-04-19 15:03:49.582,17005,17006,17006,4,4
2022-04-19 15:03:50.151,17006,17007,17006,1,-1
2022-04-19 15:03:50.582,17006,17007,17007,4,4
2022-04-19 15:03:51.583,17006,17007,17007,2,2
2022-04-19 15:03:52.067,17006,17007,17006,1,-1
2022-04-19 15:03:52.067,17006,17007,17006,1,-1
2022-04-19 15:03:53.435,17005,17006,17005,1,-1
2022-04-19 15:03:54.462,17005,17006,17005,1,-1
2022-04-19 15:03:54.739,17005,17006,17006,1,1
2022-04-19 15:04:00.172,17005,17007,17007,2,2
2022-04-19 15:04:01.319,17007,17008,17007,1,-1
2022-04-19 15:04:01.425,17005,17007,17005,2,-2
2022-04-19 15:04:01.632,17004,17006,17005,1,1
2022-04-19 15:04:02.339,17005,17007,17005,1,-1
2022-04-19 15:04:04.764,17005,17006,17005,1,-1
2022-04-19 15:04:04.777,17005,17006,17006,1,1
2022-04-19 15:04:04.871,17005,17007,17005,1,-1
2022-04-19 15:04:06.769,17005,17007,17007,1,1
2022-04-19 15:04:08.448,17005,17007,17005,2,-2
2022-04-19 15:04:09.713,17006,17007,17007,2,2
2022-04-19 15:04:10.190,17007,17008,17007,1,-1
2022-04-19 15:04:10.303,17007,17008,17007,1,-1
2022-04-19 15:04:10.794,17007,17008,17008,6,6
2022-04-19 15:04:10.797,17007,17008,17009,2,2
2022-04-19 15:04:11.885,17009,17010,17009,1,-1
2022-04-19 15:04:12.189,17008,17010,17009,2,2
2022-04-19 15:04:12.191,17008,17010,17009,10,10
2022-04-19 15:04:12.192,17008,17010,17010,2,2
2022-04-19 15:04:13.130,17009,17010,17009,1,-1
2022-04-19 15:04:14.127,17009,17010,17010,1,1
2022-04-19 15:04:14.130,17009,17010,17010,1,1
2022-04-19 15:04:14.130,17009,17010,17010,5,5
2022-04-19 15:04:14.251,17009,17011,17011,1,1
2022-04-19 15:04:14.256,17009,17011,17011,1,1
2022-04-19 15:04:14.263,17009,17011,17011,1,1
2022-04-19 15:04:14.267,17009,17011,17011,1,1
2022-04-19 15:04:14.283,17009,17011,17011,1,1
2022-04-19 15:04:14.975,17010,17011,17011,3,3
2022-04-19 15:04:15.133,17010,17012,17010,1,-1
2022-04-19 15:04:15.419,17009,17011,17011,1,1
2022-04-19 15:04:15.907,17009,17011,17010,1,1
2022-04-19 15:04:16.822,17010,17011,17011,3,3
2022-04-19 15:04:16.822,17010,17011,17012,2,2
2022-04-19 15:04:17.447,17010,17011,17010,1,-1
2022-04-19 15:04:17.875,17010,17011,17010,1,-1
2022-04-19 15:04:18.819,17010,17011,17011,1,1
2022-04-19 15:04:19.830,17010,17011,17011,1,1
2022-04-19 15:04:20.446,17010,17011,17011,1,1
2022-04-19 15:04:21.141,17010,17011,17010,1,-1
2022-04-19 15:04:22.198,17009,17011,17009,2,-2
2022-04-19 15:04:23.665,17008,17010,17009,1,1
2022-04-19 15:04:23.812,17008,17010,17009,1,1
2022-04-19 15:04:23.943,17008,17010,17010,1,1
2022-04-19 15:04:28.454,17009,17010,17009,1,-1
2022-04-19 15:04:31.119,17007,17009,17008,1,1
2022-04-19 15:04:32.545,17006,17008,17007,1,1
2022-04-19 15:04:33.187,17006,17008,17008,1,1
2022-04-19 15:04:33.187,17006,17008,17009,1,1
2022-04-19 15:04:35.409,17006,17008,17007,1,1
2022-04-19 15:04:37.446,17006,17008,17008,1,1
2022-04-19 15:04:38.526,17007,17008,17008,2,2
2022-04-19 15:04:38.931,17007,17009,17007,1,-1
2022-04-19 15:04:39.247,17008,17009,17009,1,1
2022-04-19 15:04:40.046,17008,17009,17009,1,1
2022-04-19 15:04:40.074,17008,17009,17008,1,-1
2022-04-19 15:04:40.592,17008,17009,17008,1,-1
2022-04-19 15:04:41.831,17008,17009,17009,1,1
2022-04-19 15:04:41.855,17008,17009,17009,1,1
2022-04-19 15:04:41.855,17008,17009,17009,1,1
2022-04-19 15:04:42.338,17009,17010,17009,1,-1
2022-04-19 15:04:43.229,17008,17010,17010,1,1
2022-04-19 15:04:43.695,17008,17009,17009,1,1
2022-04-19 15:04:44.182,17008,17009,17009,12,12
2022-04-19 15:04:44.196,17008,17009,17010,3,3
2022-04-19 15:04:44.451,17009,17011,17009,1,-1
2022-04-19 15:04:46.435,17008,17010,17008,1,-1
2022-04-19 15:04:49.031,17009,17010,17009,1,-1
2022-04-19 15:04:51.949,17009,17010,17010,3,3
2022-04-19 15:04:55.138,17010,17012,17012,2,2
2022-04-19 15:04:55.259,17011,17012,17012,2,2
2022-04-19 15:04:56.392,17012,17013,17013,2,2
2022-04-19 15:04:56.393,17012,17013,17013,3,3
2022-04-19 15:04:57.679,17012,17014,17014,1,1
2022-04-19 15:04:57.800,17012,17014,17014,1,1
2022-04-19 15:04:58.172,17012,17014,17012,1,-1
2022-04-19 15:04:59.995,17013,17014,17013,1,-1
2022-04-19 15:05:00.266,17012,17014,17014,3,3
2022-04-19 15:05:01.568,17013,17014,17013,1,-1
2022-04-19 15:05:03.164,17011,17013,17011,2,-2
2022-04-19 15:05:05.435,17011,17013,17013,1,1
2022-04-19 15:05:06.922,17012,17013,17013,1,1
2022-04-19 15:05:06.922,17012,17013,17014,4,4
2022-04-19 15:05:08.468,17013,17014,17014,1,1
2022-04-19 15:05:08.842,17013,17014,17014,1,1
2022-04-19 15:05:10.519,17014,17015,17015,12,12
2022-04-19 15:05:11.647,17014,17015,17015,1,1
2022-04-19 15:05:11.657,17014,17015,17015,12,12
2022-04-19 15:05:11.657,17014,17015,17015,4,4
2022-04-19 15:05:12.893,17015,17016,17016,1,1
2022-04-19 15:05:13.000,17015,17016,17016,1,1
2022-04-19 15:05:13.809,17015,17016,17015,1,-1
2022-04-19 15:05:15.863,17015,17016,17015,1,-1
2022-04-19 15:05:15.964,17015,17016,17016,5,5
2022-04-19 15:05:16.376,17015,17016,17016,1,1
2022-04-19 15:05:16.377,17015,17016,17016,3,3
2022-04-19 15:05:16.377,17015,17016,17016,1,1
2022-04-19 15:05:16.377,17015,17016,17016,3,3
2022-04-19 15:05:16.985,17016,17017,17016,1,-1
2022-04-19 15:05:17.178,17015,17017,17016,1,1
2022-04-19 15:05:18.354,17015,17016,17016,1,1
2022-04-19 15:05:18.356,17015,17016,17016,1,1
2022-04-19 15:05:18.819,17016,17017,17017,1,1
2022-04-19 15:05:18.823,17016,17017,17017,1,1
2022-04-19 15:05:18.825,17016,17017,17017,1,1
2022-04-19 15:05:18.826,17016,17017,17017,1,1
2022-04-19 15:05:19.611,17016,17017,17016,1,-1
2022-04-19 15:05:19.942,17016,17017,17017,1,1
2022-04-19 15:05:20.017,17016,17017,17017,1,1
2022-04-19 15:05:20.363,17016,17017,17016,2,-2
2022-04-19 15:05:20.398,17016,17017,17017,1,1
2022-04-19 15:05:20.735,17016,17018,17016,1,-1
2022-04-19 15:05:22.370,17016,17018,17018,1,1
2022-04-19 15:05:22.396,17016,17018,17018,1,1
2022-04-19 15:05:23.816,17017,17018,17018,1,1
2022-04-19 15:05:23.916,17017,17018,17017,2,-2
2022-04-19 15:05:23.976,17016,17017,17016,1,-1
2022-04-19 15:05:23.976,17016,17017,17016,1,-1
2022-04-19 15:05:23.976,17016,17017,17016,2,-2
2022-04-19 15:05:23.976,17016,17017,17016,1,-1
2022-04-19 15:05:23.976,17016,17017,17016,1,-1
2022-04-19 15:05:24.142,17015,17016,17016,1,1
2022-04-19 15:05:24.432,17015,17016,17016,1,1
2022-04-19 15:05:26.539,17015,17016,17016,1,1
2022-04-19 15:05:27.869,17015,17016,17016,1,1
2022-04-19 15:05:28.097,17015,17016,17016,1,1
2022-04-19 15:05:28.472,17015,17016,17016,1,1
2022-04-19 15:05:29.634,17015,17016,17015,5,-5
2022-04-19 15:05:31.194,17013,17015,17014,1,1
2022-04-19 15:05:31.251,17013,17015,17015,3,3
2022-04-19 15:05:35.610,17014,17015,17014,1,-1
2022-04-19 15:05:37.961,17013,17014,17013,1,-1
2022-04-19 15:05:38.540,17012,17013,17013,1,1
2022-04-19 15:05:38.542,17012,17013,17013,1,1
2022-04-19 15:05:38.805,17012,17014,17014,1,1
2022-04-19 15:05:40.052,17013,17015,17015,1,1
2022-04-19 15:05:42.026,17014,17015,17014,1,-1
2022-04-19 15:05:42.029,17014,17015,17014,1,-1
2022-04-19 15:05:42.063,17014,17015,17014,1,-1
2022-04-19 15:05:42.410,17013,17014,17014,1,1
2022-04-19 15:05:46.339,17013,17014,17013,1,-1
2022-04-19 15:05:46.441,17013,17014,17013,1,-1
2022-04-19 15:05:46.618,17012,17013,17013,1,1
2022-04-19 15:05:46.643,17012,17013,17013,1,1
2022-04-19 15:05:46.668,17012,17013,17013,1,1
2022-04-19 15:05:50.637,17012,17013,17013,1,1
2022-04-19 15:05:51.497,17012,17013,17012,4,-4
2022-04-19 15:05:56.102,17011,17012,17012,2,2
2022-04-19 15:05:59.064,17011,17012,17012,4,4
2022-04-19 15:06:00.980,17012,17013,17012,1,-1
2022-04-19 15:06:03.078,17011,17012,17011,2,-2
2022-04-19 15:06:10.215,17009,17010,17010,1,1
2022-04-19 15:06:20.708,17009,17010,17010,1,1
2022-04-19 15:06:25.362,17009,17010,17009,1,-1
2022-04-19 15:06:25.976,17009,17010,17010,1,1
2022-04-19 15:06:26.117,17009,17010,17010,1,1
2022-04-19 15:06:26.234,17010,17011,17011,2,2
2022-04-19 15:06:30.539,17011,17012,17012,2,2
2022-04-19 15:06:31.285,17012,17013,17012,1,-1
2022-04-19 15:06:31.285,17012,17013,17011,1,-1
2022-04-19 15:06:31.912,17011,17012,17011,1,-1
2022-04-19 15:06:33.043,17010,17012,17012,1,1
2022-04-19 15:06:34.689,17010,17012,17012,2,2
2022-04-19 15:06:36.817,17010,17012,17012,1,1
2022-04-19 15:06:37.416,17010,17012,17010,6,-6
2022-04-19 15:06:38.047,17009,17011,17011,1,1
2022-04-19 15:06:40.056,17010,17011,17011,2,2
2022-04-19 15:06:41.433,17010,17011,17011,1,1
2022-04-19 15:06:47.548,17010,17011,17011,1,1
2022-04-19 15:06:48.741,17010,17011,17011,1,1
2022-04-19 15:06:54.851,17011,17012,17011,1,-1
2022-04-19 15:06:54.898,17011,17012,17011,1,-1
2022-04-19 15:07:02.936,17010,17011,17011,1,1
2022-04-19 15:07:03.254,17011,17012,17011,2,-2
2022-04-19 15:07:03.367,17011,17012,17011,2,-2
2022-04-19 15:07:11.560,17010,17011,17011,1,1
2022-04-19 15:07:15.379,17010,17011,17010,1,-1
2022-04-19 15:07:15.379,17010,17011,17010,1,-1
2022-04-19 15:07:15.379,17010,17011,17010,2,-2
2022-04-19 15:07:15.586,17009,17010,17010,1,1
2022-04-19 15:07:15.679,17009,17010,17009,1,-1
2022-04-19 15:07:15.883,17009,17010,17009,1,-1
2022-04-19 15:07:16.674,17009,17010,17009,5,-5
2022-04-19 15:07:16.675,17009,17010,17009,1,-1
2022-04-19 15:07:21.979,17008,17009,17009,4,4
2022-04-19 15:07:21.979,17008,17009,17010,1,1
2022-04-19 15:07:22.274,17008,17009,17008,4,-4
2022-04-19 15:07:25.016,17007,17008,17007,1,-1
2022-04-19 15:07:25.016,17007,17008,17007,1,-1
2022-04-19 15:07:25.016,17007,17008,17007,1,-1
2022-04-19 15:07:25.016,17007,17008,17007,1,-1
2022-04-19 15:07:25.017,17007,17008,17007,2,-2
2022-04-19 15:07:25.199,17006,17007,17006,3,-3
2022-04-19 15:07:26.179,17006,17007,17006,1,-1
2022-04-19 15:07:26.239,17006,17007,17006,2,-2
2022-04-19 15:07:26.301,17006,17007,17006,1,-1
2022-04-19 15:07:26.408,17005,17007,17005,13,-13
2022-04-19 15:07:26.408,17005,17007,17004,11,-11
2022-04-19 15:07:26.755,17004,17006,17006,1,1
2022-04-19 15:07:27.183,17004,17006,17006,1,1
2022-04-19 15:07:34.681,17004,17005,17004,1,-1
2022-04-19 15:07:40.406,17004,17005,17005,2,2
2022-04-19 15:07:41.357,17004,17005,17004,1,-1
2022-04-19 15:07:41.716,17004,17005,17005,2,2
2022-04-19 15:07:41.716,17004,17005,17006,1,1
2022-04-19 15:07:42.212,17004,17006,17004,1,-1
2022-04-19 15:07:47.203,17004,17005,17004,4,-4
2022-04-19 15:07:47.203,17004,17005,17003,1,-1
2022-04-19 15:07:50.178,17004,17005,17004,1,-1
2022-04-19 15:07:50.563,17004,17005,17005,1,1
2022-04-19 15:07:50.917,17005,17006,17006,1,1
2022-04-19 15:07:55.325,17005,17006,17006,1,1
2022-04-19 15:07:56.226,17006,17008,17008,1,1
2022-04-19 15:08:00.000,17007,17008,17008,1,1
2022-04-19 15:08:04.438,17008,17009,17008,1,-1
2022-04-19 15:08:05.117,17008,17009,17009,1,1
2022-04-19 15:08:05.174,17008,17009,17010,2,2
2022-04-19 15:08:05.330,17009,17010,17010,1,1
2022-04-19 15:08:05.459,17010,17011,17011,3,3
2022-04-19 15:08:08.380,17010,17012,17010,1,-1
2022-04-19 15:08:13.218,17010,17011,17011,1,1
2022-04-19 15:08:14.154,17011,17012,17011,1,-1
2022-04-19 15:08:14.348,17011,17012,17011,1,-1
2022-04-19 15:08:14.354,17011,17012,17012,3,3
2022-04-19 15:08:15.602,17012,17013,17013,4,4
2022-04-19 15:08:16.620,17012,17014,17014,3,3
2022-04-19 15:08:16.838,17012,17014,17012,6,-6
2022-04-19 15:08:23.219,17012,17013,17012,1,-1
2022-04-19 15:08:26.230,17011,17012,17012,1,1
2022-04-19 15:08:27.329,17011,17013,17011,2,-2
2022-04-19 15:08:27.539,17011,17012,17011,1,-1
2022-04-19 15:08:27.539,17011,17012,17010,3,-3
2022-04-19 15:08:31.036,17009,17010,17010,1,1
2022-04-19 15:08:32.985,17009,17010,17010,1,1
2022-04-19 15:08:45.881,17009,17010,17010,4,4
2022-04-19 15:08:50.883,17009,17010,17010,1,1
2022-04-19 15:08:57.071,17011,17013,17011,1,-1
2022-04-19 15:08:59.384,17012,17013,17013,1,1
2022-04-19 15:09:00.592,17012,17013,17012,1,-1
2022-04-19 15:09:02.262,17012,17013,17012,1,-1
2022-04-19 15:09:03.708,17012,17013,17012,1,-1
2022-04-19 15:09:05.484,17012,17013,17013,6,6
2022-04-19 15:09:07.579,17012,17015,17012,1,-1
2022-04-19 15:09:08.162,17013,17014,17013,1,-1
2022-04-19 15:09:08.162,17013,17014,17012,1,-1
2022-04-19 15:09:08.500,17013,17014,17014,1,1
2022-04-19 15:09:08.763,17013,17014,17013,1,-1
2022-04-19 15:09:08.765,17013,17014,17013,1,-1
2022-04-19 15:09:11.390,17013,17014,17013,1,-1
2022-04-19 15:09:21.573,17013,17014,17013,1,-1
2022-04-19 15:09:22.762,17013,17014,17013,1,-1
2022-04-19 15:09:22.762,17013,17014,17013,1,-1
2022-04-19 15:09:24.835,17011,17013,17012,1,1
2022-04-19 15:09:27.204,17011,17013,17013,1,1
2022-04-19 15:09:27.557,17011,17013,17013,1,1
2022-04-19 15:09:31.557,17012,17013,17013,1,1
2022-04-19 15:09:31.557,17012,17013,17014,9,9
2022-04-19 15:09:33.525,17012,17014,17012,2,-2
2022-04-19 15:09:40.503,17013,17015,17013,1,-1
2022-04-19 15:09:42.115,17013,17014,17014,1,1
2022-04-19 15:09:42.886,17014,17015,17015,1,1
2022-04-19 15:09:43.481,17014,17015,17015,9,9
2022-04-19 15:09:43.599,17015,17016,17016,1,1
2022-04-19 15:09:43.604,17015,17016,17016,1,1
2022-04-19 15:09:47.339,17015,17016,17016,1,1
2022-04-19 15:09:49.732,17015,17016,17015,1,-1
2022-04-19 15:09:49.918,17014,17016,17014,1,-1
2022-04-19 15:09:50.097,17014,17016,17014,1,-1
2022-04-19 15:09:52.309,17013,17015,17013,1,-1
2022-04-19 15:09:54.689,17014,17015,17015,1,1
2022-04-19 15:09:55.185,17015,17016,17016,3,3
2022-04-19 15:09:55.472,17016,17017,17017,3,3
2022-04-19 15:09:55.511,17016,17017,17017,1,1
2022-04-19 15:10:00.166,17016,17017,17016,1,-1
2022-04-19 15:10:06.385,17014,17015,17015,3,3
2022-04-19 15:10:06.385,17014,17015,17015,2,2
2022-04-19 15:10:06.835,17014,17015,17015,2,2
2022-04-19 15:10:07.073,17014,17015,17015,2,2
2022-04-19 15:10:07.534,17015,17016,17016,3,3
2022-04-19 15:10:09.530,17015,17017,17016,1,1
2022-04-19 15:10:12.396,17015,17016,17015,9,-9
2022-04-19 15:10:12.497,17014,17015,17014,3,-3
2022-04-19 15:10:12.776,17013,17014,17014,1,1
2022-04-19 15:10:12.826,17013,17014,17013,1,-1
2022-04-19 15:10:12.914,17013,17014,17013,1,-1
2022-04-19 15:10:12.915,17013,17014,17013,3,-3
2022-04-19 15:10:12.915,17013,17014,17013,6,-6
2022-04-19 15:10:12.930,17013,17014,17012,1,-1
2022-04-19 15:10:13.183,17011,17012,17011,5,-5
2022-04-19 15:10:13.315,17011,17012,17011,1,-1
2022-04-19 15:10:13.316,17011,17012,17011,1,-1
2022-04-19 15:10:13.316,17011,17012,17011,4,-4
2022-04-19 15:10:13.535,17010,17011,17010,2,-2
2022-04-19 15:10:14.580,17009,17010,17010,3,3
2022-04-19 15:10:16.292,17009,17010,17009,2,-2
2022-04-19 15:10:16.292,17009,17010,17009,1,-1
2022-04-19 15:10:17.230,17009,17010,17010,2,2
2022-04-19 15:10:19.000,17009,17010,17009,1,-1
2022-04-19 15:10:19.469,17009,17010,17009,3,-3
2022-04-19 15:10:19.469,17009,17010,17008,2,-2
2022-04-19 15:10:21.610,17008,17010,17009,1,1
2022-04-19 15:10:24.920,17009,17010,17010,1,1
2022-04-19 15:10:28.765,17009,17010,17009,1,-1
2022-04-19 15:10:29.668,17009,17010,17009,1,-1
2022-04-19 15:10:30.178,17009,17010,17009,1,-1
2022-04-19 15:10:31.345,17009,17010,17009,2,-2
2022-04-19 15:10:32.709,17008,17009,17009,1,1
2022-04-19 15:10:32.713,17008,17009,17008,1,-1
2022-04-19 15:10:32.713,17008,17009,17008,3,-3
2022-04-19 15:10:33.346,17007,17009,17009,1,1
2022-04-19 15:10:34.466,17007,17009,17009,1,1
2022-04-19 15:10:35.761,17007,17008,17007,1,-1
2022-04-19 15:10:35.761,17007,17008,17007,1,-1
2022-04-19 15:10:37.473,17006,17007,17006,2,-2
2022-04-19 15:10:37.477,17006,17007,17005,1,-1
2022-04-19 15:10:37.491,17006,17007,17006,2,-2
2022-04-19 15:10:37.863,17004,17007,17004,2,-2
2022-04-19 15:10:38.728,17005,17007,17007,1,1
2022-04-19 15:10:41.649,17004,17006,17004,1,-1
2022-04-19 15:10:41.939,17003,17005,17005,1,1
2022-04-19 15:10:41.962,17004,17006,17004,2,-2
2022-04-19 15:10:42.166,17003,17006,17004,4,-4
2022-04-19 15:10:44.129,17003,17005,17004,1,1
2022-04-19 15:10:46.918,17004,17005,17005,1,1
2022-04-19 15:10:49.895,17004,17005,17005,1,1
2022-04-19 15:10:50.026,17005,17006,17005,1,-1
2022-04-19 15:10:50.072,17005,17006,17004,1,-1
2022-04-19 15:10:50.593,17004,17005,17004,1,-1
2022-04-19 15:10:57.022,17003,17004,17003,3,-3
2022-04-19 15:10:57.022,17003,17004,17003,1,-1
2022-04-19 15:10:57.022,17003,17004,17003,1,-1
2022-04-19 15:10:58.245,17002,17003,17002,1,-1
2022-04-19 15:10:58.432,17002,17003,17003,2,2
2022-04-19 15:11:00.093,17002,17004,17004,1,1
2022-04-19 15:11:05.601,17002,17003,17002,1,-1
2022-04-19 15:11:06.976,17002,17004,17002,1,-1
2022-04-19 15:11:09.592,17002,17004,17003,1,1
2022-04-19 15:11:10.532,17002,17004,17002,1,-1
2022-04-19 15:11:12.450,17002,17004,17002,1,-1
2022-04-19 15:11:18.341,17002,17003,17003,1,1
2022-04-19 15:11:18.404,17002,17003,17003,2,2
2022-04-19 15:11:18.404,17002,17003,17002,1,-1
2022-04-19 15:11:18.667,17002,17003,17003,1,1
2022-04-19 15:11:23.233,17003,17004,17003,1,-1
2022-04-19 15:11:24.278,17003,17004,17004,2,2
2022-04-19 15:11:27.222,17004,17005,17005,1,1
2022-04-19 15:11:27.223,17004,17005,17005,1,1
2022-04-19 15:11:27.223,17004,17005,17005,1,1
2022-04-19 15:11:28.090,17003,17004,17003,4,-4
2022-04-19 15:11:28.403,17002,17003,17003,1,1
2022-04-19 15:11:28.701,17002,17003,17002,3,-3
2022-04-19 15:11:28.701,17002,17003,17002,1,-1
2022-04-19 15:11:28.702,17002,17003,17002,1,-1
2022-04-19 15:11:30.039,17002,17003,17002,1,-1
2022-04-19 15:11:30.259,17001,17003,17001,1,-1
2022-04-19 15:11:30.471,17001,17003,17003,1,1
2022-04-19 15:11:30.864,17002,17003,17002,1,-1
2022-04-19 15:11:30.864,17002,17003,17001,1,-1
2022-04-19 15:11:31.030,17001,17003,17002,3,3
2022-04-19 15:11:32.631,17002,17003,17003,2,2
2022-04-19 15:11:33.512,17003,17004,17003,1,-1
2022-04-19 15:11:33.811,17003,17004,17003,1,-1
2022-04-19 15:11:34.458,17003,17004,17003,1,-1
2022-04-19 15:11:39.039,17001,17002,17002,1,1
2022-04-19 15:11:39.128,17001,17003,17001,2,-2
2022-04-19 15:11:40.785,17001,17002,17002,1,1
2022-04-19 15:11:46.941,17001,17003,17002,1,1
2022-04-19 15:11:48.948,17001,17003,17002,1,1
2022-04-19 15:11:53.054,17002,17003,17002,3,-3
2022-04-19 15:11:54.975,17002,17003,17002,1,-1
2022-04-19 15:11:55.077,17002,17003,17002,1,-1
2022-04-19 15:11:56.025,17001,17003,17001,1,-1
2022-04-19 15:11:56.732,17001,17003,17001,1,-1
2022-04-19 15:11:56.832,17001,17002,17001,2,-2
2022-04-19 15:11:56.897,17001,17002,17001,1,-1
2022-04-19 15:11:57.838,17001,17002,17002,2,2
2022-04-19 15:11:58.757,17002,17003,17003,4,4
2022-04-19 15:11:59.482,17002,17004,17004,1,1
2022-04-19 15:12:04.700,17002,17003,17003,1,1
2022-04-19 15:12:08.289,17003,17004,17003,1,-1
2022-04-19 15:12:12.728,17003,17004,17004,1,1
2022-04-19 15:12:23.894,17005,17006,17006,2,2
2022-04-19 15:12:24.205,17006,17007,17007,1,1
2022-04-19 15:12:30.750,17007,17008,17008,4,4
2022-04-19 15:12:30.850,17008,17009,17009,1,1
2022-04-19 15:12:36.978,17007,17008,17007,1,-1
2022-04-19 15:12:36.978,17007,17008,17007,1,-1
2022-04-19 15:12:43.833,17005,17007,17007,1,1
2022-04-19 15:12:45.292,17005,17006,17005,1,-1
2022-04-19 15:12:46.586,17004,17006,17006,1,1
2022-04-19 15:12:47.499,17004,17006,17006,1,1
2022-04-19 15:12:49.647,17004,17005,17004,3,-3
2022-04-19 15:12:49.647,17004,17005,17004,1,-1
2022-04-19 15:12:49.647,17004,17005,17004,1,-1
2022-04-19 15:12:49.742,17004,17005,17004,1,-1
2022-04-19 15:12:49.977,17003,17004,17003,1,-1
2022-04-19 15:12:57.742,17002,17003,17003,1,1
2022-04-19 15:12:58.243,17002,17003,17002,1,-1
2022-04-19 15:12:58.244,17002,17003,17002,6,-6
2022-04-19 15:12:58.244,17002,17003,17002,4,-4
2022-04-19 15:12:58.871,17001,17002,17002,2,2
2022-04-19 15:13:03.231,17001,17002,17001,6,-6
2022-04-19 15:13:03.713,17000,17002,17002,1,1
2022-04-19 15:13:04.856,17000,17002,17000,1,-1
2022-04-19 15:13:05.005,17000,17002,17000,2,-2
2022-04-19 15:13:06.144,17000,17002,17002,1,1
2022-04-19 15:13:07.755,17000,17002,17000,2,-2
2022-04-19 15:13:08.104,17000,17001,17000,2,-2
2022-04-19 15:13:08.104,17000,17001,17000,1,-1
2022-04-19 15:13:09.339,17000,17001,17001,1,1
2022-04-19 15:13:11.459,17000,17002,17000,1,-1
2022-04-19 15:13:13.321,17000,17001,17001,1,1
2022-04-19 15:13:13.322,17000,17001,17001,1,1
2022-04-19 15:13:15.713,17000,17002,17000,4,-4
2022-04-19 15:13:15.713,17000,17002,17000,1,-1
2022-04-19 15:13:20.293,16998,16999,16998,1,-1
2022-04-19 15:13:20.293,16998,16999,16998,1,-1
2022-04-19 15:13:20.323,16998,16999,16998,6,-6
2022-04-19 15:13:20.397,16997,16998,16997,1,-1
2022-04-19 15:13:20.713,16997,16998,16997,3,-3
2022-04-19 15:13:21.182,16996,16998,16996,1,-1
2022-04-19 15:13:22.658,16996,16997,16996,1,-1
2022-04-19 15:13:28.062,16995,16996,16995,10,-10
2022-04-19 15:13:28.126,16994,16996,16994,4,-4
2022-04-19 15:13:28.281,16994,16996,16994,1,-1
2022-04-19 15:13:28.861,16995,16996,16995,5,-5
2022-04-19 15:13:28.861,16995,16996,16995,1,-1
2022-04-19 15:13:28.862,16995,16996,16995,1,-1
2022-04-19 15:13:28.954,16994,16995,16995,1,1
2022-04-19 15:13:28.955,16994,16995,16995,1,1
2022-04-19 15:13:28.955,16994,16995,16995,1,1
2022-04-19 15:13:29.303,16995,16996,16995,1,-1
2022-04-19 15:13:29.388,16995,16996,16996,1,1
2022-04-19 15:13:29.686,16996,16997,16997,1,1
2022-04-19 15:13:30.029,16998,16999,16997,1,-1
2022-04-19 15:13:36.930,16998,16999,16998,1,-1
2022-04-19 15:13:44.804,16998,16999,16999,3,3
2022-04-19 15:13:44.808,16998,16999,16999,1,1
2022-04-19 15:13:44.811,16998,16999,16999,1,1
2022-04-19 15:13:47.331,16998,17000,16998,1,-1
2022-04-19 15:13:47.460,16998,16999,16999,1,1
2022-04-19 15:13:47.651,16998,16999,16999,3,3
2022-04-19 15:13:47.651,16998,16999,17000,9,9
2022-04-19 15:13:47.687,16998,16999,16998,1,-1
2022-04-19 15:13:47.847,16998,17000,17000,1,1
2022-04-19 15:13:47.850,16998,17000,17000,1,1
2022-04-19 15:13:47.853,16998,17000,17000,1,1
2022-04-19 15:13:48.000,16998,17000,17000,1,1
2022-04-19 15:13:48.004,16998,17000,17000,1,1
2022-04-19 15:13:49.964,16998,17000,16999,1,1
2022-04-19 15:13:49.976,16998,17000,16998,3,-3
2022-04-19 15:13:49.978,16998,17000,16998,1,-1
2022-04-19 15:13:50.015,16998,17000,16997,1,-1
2022-04-19 15:13:50.114,16996,16998,16996,1,-1
2022-04-19 15:13:50.210,16996,16997,16996,1,-1
2022-04-19 15:13:51.554,16995,16996,16995,1,-1
2022-04-19 15:13:54.525,16994,16995,16994,1,-1
2022-04-19 15:13:55.340,16994,16995,16994,1,-1
2022-04-19 15:13:55.340,16994,16995,16993,1,-1
2022-04-19 15:13:55.527,16993,16995,16993,1,-1
2022-04-19 15:13:55.724,16993,16995,16993,7,-7
2022-04-19 15:13:55.794,16993,16995,16992,3,-3
2022-04-19 15:13:55.795,16993,16995,16992,4,-4
2022-04-19 15:13:55.887,16991,16993,16991,1,-1
2022-04-19 15:13:55.899,16991,16993,16991,1,-1
2022-04-19 15:13:56.023,16990,16992,16990,1,-1
2022-04-19 15:13:56.405,16990,16992,16992,1,1
2022-04-19 15:13:57.101,16990,16992,16990,1,-1
2022-04-19 15:13:57.232,16990,16991,16990,18,-18
2022-04-19 15:13:57.234,16990,16991,16989,1,-1
2022-04-19 15:13:57.398,16988,16989,16988,1,-1
2022-04-19 15:13:57.483,16988,16989,16988,2,-2
2022-04-19 15:13:57.500,16988,16989,16988,2,-2
2022-04-19 15:13:57.500,16988,16989,16987,8,-8
2022-04-19 15:13:57.527,16988,16989,16986,1,-1
2022-04-19 15:13:57.579,16986,16987,16986,1,-1
2022-04-19 15:13:57.580,16986,16987,16986,1,-1
2022-04-19 15:13:57.580,16986,16987,16986,2,-2
2022-04-19 15:13:57.581,16986,16987,16986,1,-1
2022-04-19 15:13:57.587,16986,16987,16986,1,-1
2022-04-19 15:13:57.587,16986,16987,16985,1,-1
2022-04-19 15:13:57.588,16986,16987,16985,1,-1
2022-04-19 15:13:57.600,16986,16987,16985,4,-4
2022-04-19 15:13:57.600,16986,16987,16985,1,-1
2022-04-19 15:13:57.607,16986,16987,16985,2,-2
2022-04-19 15:13:57.607,16986,16987,16985,2,-2
2022-04-19 15:13:57.615,16986,16987,16985,1,-1
2022-04-19 15:13:57.620,16986,16987,16984,1,-1
2022-04-19 15:13:57.620,16986,16987,16984,2,-2
2022-04-19 15:13:57.642,16986,16987,16984,1,-1
2022-04-19 15:13:57.664,16986,16987,16984,8,-8
2022-04-19 15:13:57.679,16986,16987,16984,1,-1
2022-04-19 15:13:57.680,16986,16987,16984,3,-3
2022-04-19 15:13:57.699,16986,16987,16983,2,-2
2022-04-19 15:13:57.734,16983,16984,16983,2,-2
2022-04-19 15:13:57.739,16983,16984,16983,1,-1
2022-04-19 15:13:57.740,16983,16984,16982,1,-1
2022-04-19 15:13:57.746,16983,16984,16982,1,-1
2022-04-19 15:13:57.748,16983,16984,16982,1,-1
2022-04-19 15:13:57.755,16983,16984,16982,1,-1
2022-04-19 15:13:57.789,16983,16984,16982,1,-1
2022-04-19 15:13:57.794,16983,16984,16982,1,-1
2022-04-19 15:13:57.797,16983,16984,16982,1,-1
2022-04-19 15:13:57.797,16983,16984,16981,1,-1
2022-04-19 15:13:57.802,16983,16984,16981,1,-1
2022-04-19 15:13:57.849,16981,16983,16981,2,-2
2022-04-19 15:13:57.854,16981,16983,16981,2,-2
2022-04-19 15:13:57.910,16981,16983,16981,1,-1
2022-04-19 15:13:57.924,16981,16983,16981,1,-1
2022-04-19 15:13:57.935,16981,16983,16981,1,-1
2022-04-19 15:13:57.936,16981,16983,16981,1,-1
2022-04-19 15:13:57.970,16981,16983,16981,1,-1
2022-04-19 15:13:57.988,16981,16983,16983,1,1
2022-04-19 15:13:58.034,16981,16983,16981,1,-1
2022-04-19 15:13:58.096,16981,16983,16982,1,1
2022-04-19 15:13:58.099,16981,16983,16981,1,-1
2022-04-19 15:13:58.113,16981,16983,16981,1,-1
2022-04-19 15:13:58.113,16981,16983,16981,1,-1
2022-04-19 15:13:58.150,16981,16983,16981,3,-3
2022-04-19 15:13:58.153,16981,16983,16981,1,-1
2022-04-19 15:13:58.172,16981,16983,16980,1,-1
2022-04-19 15:13:58.176,16981,16983,16980,2,-2
2022-04-19 15:13:58.184,16981,16983,16980,1,-1
2022-04-19 15:13:58.203,16980,16981,16980,1,-1
2022-04-19 15:13:58.204,16980,16981,16980,3,-3
2022-04-19 15:13:58.235,16980,16981,16981,2,2
2022-04-19 15:13:58.285,16980,16981,16980,1,-1
2022-04-19 15:13:58.299,16980,16981,16980,1,-1
2022-04-19 15:13:58.345,16980,16982,16980,1,-1
2022-04-19 15:13:58.357,16980,16982,16982,5,5
2022-04-19 15:13:58.367,16980,16982,16981,1,1
2022-04-19 15:13:58.368,16980,16982,16981,1,1
2022-04-19 15:13:58.369,16980,16982,16981,1,1
2022-04-19 15:13:58.371,16980,16982,16981,1,1
2022-04-19 15:13:58.406,16980,16982,16981,1,1
2022-04-19 15:13:58.434,16980,16982,16981,1,1
2022-04-19 15:13:58.435,16980,16982,16980,2,-2
2022-04-19 15:13:58.439,16980,16982,16982,3,3
2022-04-19 15:13:58.554,16981,16983,16981,2,-2
2022-04-19 15:13:58.585,16981,16983,16981,2,-2
2022-04-19 15:13:58.598,16981,16983,16981,1,-1
2022-04-19 15:13:58.879,16981,16983,16981,2,-2
2022-04-19 15:13:59.046,16981,16983,16982,2,2
2022-04-19 15:13:59.104,16981,16983,16983,9,9
2022-04-19 15:13:59.153,16981,16983,16983,1,1
2022-04-19 15:13:59.366,16983,16984,16983,1,-1
2022-04-19 15:13:59.481,16982,16984,16984,1,1
2022-04-19 15:13:59.700,16982,16984,16982,2,-2
2022-04-19 15:13:59.812,16982,16984,16982,1,-1
2022-04-19 15:13:59.841,16982,16984,16982,1,-1
2022-04-19 15:13:59.847,16982,16984,16982,2,-2
2022-04-19 15:13:59.966,16982,16984,16982,1,-1
2022-04-19 15:13:59.968,16982,16984,16982,1,-1
2022-04-19 15:14:00.122,16981,16983,16981,1,-1
2022-04-19 15:14:00.122,16981,16983,16981,1,-1
2022-04-19 15:14:00.205,16980,16982,16980,1,-1
2022-04-19 15:14:00.206,16980,16982,16980,1,-1
2022-04-19 15:14:00.206,16980,16982,16980,3,-3
2022-04-19 15:14:00.206,16980,16982,16980,1,-1
2022-04-19 15:14:00.206,16980,16982,16980,1,-1
2022-04-19 15:14:00.207,16980,16982,16980,6,-6
2022-04-19 15:14:00.208,16980,16982,16980,3,-3
2022-04-19 15:14:00.310,16980,16982,16979,1,-1
2022-04-19 15:14:00.310,16980,16982,16979,1,-1
2022-04-19 15:14:00.376,16978,16979,16978,1,-1
2022-04-19 15:14:00.470,16978,16979,16978,1,-1
2022-04-19 15:14:00.501,16978,16979,16978,4,-4
2022-04-19 15:14:00.530,16978,16979,16977,4,-4
2022-04-19 15:14:00.588,16977,16978,16977,1,-1
2022-04-19 15:14:00.681,16977,16978,16976,1,-1
2022-04-19 15:14:00.744,16976,16978,16977,2,2
2022-04-19 15:14:00.744,16976,16978,16977,2,2
2022-04-19 15:14:00.944,16977,16979,16977,1,-1
2022-04-19 15:14:00.976,16977,16979,16977,1,-1
2022-04-19 15:14:01.194,16977,16979,16977,1,-1
2022-04-19 15:14:01.205,16977,16979,16977,1,-1
2022-04-19 15:14:01.260,16977,16979,16977,1,-1
2022-04-19 15:14:01.260,16977,16979,16976,1,-1
2022-04-19 15:14:01.347,16976,16978,16976,1,-1
2022-04-19 15:14:01.360,16976,16978,16978,1,1
2022-04-19 15:14:01.468,16977,16979,16979,1,1
2022-04-19 15:14:01.541,16977,16979,16977,1,-1
2022-04-19 15:14:01.554,16977,16979,16979,1,1
2022-04-19 15:14:01.620,16977,16979,16977,1,-1
2022-04-19 15:14:01.627,16977,16979,16976,1,-1
2022-04-19 15:14:01.627,16977,16979,16976,1,-1
2022-04-19 15:14:01.628,16977,16979,16976,1,-1
2022-04-19 15:14:01.778,16976,16978,16976,1,-1
2022-04-19 15:14:01.820,16976,16978,16976,1,-1
2022-04-19 15:14:01.846,16975,16978,16975,1,-1
2022-04-19 15:14:02.133,16975,16978,16978,1,1
2022-04-19 15:14:02.231,16975,16977,16975,1,-1
2022-04-19 15:14:02.317,16975,16977,16975,1,-1
2022-04-19 15:14:02.376,16975,16977,16975,1,-1
2022-04-19 15:14:02.479,16975,16977,16975,1,-1
2022-04-19 15:14:02.671,16975,16977,16975,1,-1
2022-04-19 15:14:02.725,16975,16977,16976,1,1
2022-04-19 15:14:02.729,16975,16977,16977,5,5
2022-04-19 15:14:02.890,16977,16978,16978,1,1
2022-04-19 15:14:02.989,16977,16979,16977,1,-1
2022-04-19 15:14:03.174,16977,16979,16977,1,-1
2022-04-19 15:14:03.271,16977,16979,16977,1,-1
2022-04-19 15:14:03.367,16978,16979,16979,1,1
2022-04-19 15:14:03.367,16978,16979,16979,1,1
2022-04-19 15:14:03.467,16978,16979,16979,1,1
2022-04-19 15:14:03.496,16978,16979,16979,1,1
2022-04-19 15:14:03.543,16978,16979,16979,3,3
2022-04-19 15:14:03.863,16979,16980,16979,1,-1
2022-04-19 15:14:03.898,16979,16980,16980,1,1
2022-04-19 15:14:04.130,16979,16981,16979,1,-1
2022-04-19 15:14:04.255,16978,16981,16981,1,1
2022-04-19 15:14:05.400,16981,16982,16982,2,2
2022-04-19 15:14:06.279,16982,16984,16982,2,-2
2022-04-19 15:14:06.360,16981,16984,16982,1,-1
2022-04-19 15:14:06.360,16981,16984,16981,1,-1
2022-04-19 15:14:07.321,16981,16983,16983,1,1
2022-04-19 15:14:07.329,16981,16983,16981,1,-1
2022-04-19 15:14:07.329,16981,16983,16981,1,-1
2022-04-19 15:14:07.330,16981,16983,16981,1,-1
2022-04-19 15:14:07.330,16981,16983,16981,1,-1
2022-04-19 15:14:07.330,16981,16983,16981,1,-1
2022-04-19 15:14:07.330,16981,16983,16981,1,-1
2022-04-19 15:14:07.330,16981,16983,16981,1,-1
2022-04-19 15:14:07.330,16981,16983,16981,1,-1
2022-04-19 15:14:07.330,16981,16983,16981,1,-1
2022-04-19 15:14:07.330,16981,16983,16981,1,-1
2022-04-19 15:14:07.330,16981,16983,16981,1,-1
2022-04-19 15:14:07.330,16981,16983,16981,1,-1
2022-04-19 15:14:07.330,16981,16983,16981,1,-1
2022-04-19 15:14:07.330,16981,16983,16981,1,-1
2022-04-19 15:14:07.331,16981,16983,16981,1,-1
2022-04-19 15:14:07.331,16981,16983,16981,1,-1
2022-04-19 15:14:07.331,16981,16983,16980,1,-1
2022-04-19 15:14:07.331,16981,16983,16980,1,-1
2022-04-19 15:14:07.331,16981,16983,16980,1,-1
2022-04-19 15:14:07.331,16981,16983,16980,1,-1
2022-04-19 15:14:07.332,16981,16983,16980,1,-1
2022-04-19 15:14:07.332,16981,16983,16979,1,-1
2022-04-19 15:14:07.332,16981,16983,16979,1,-1
2022-04-19 15:14:07.333,16981,16983,16979,1,-1
2022-04-19 15:14:07.340,16981,16983,16979,1,-1
2022-04-19 15:14:07.340,16981,16983,16979,1,-1
2022-04-19 15:14:07.367,16981,16983,16979,2,-2
2022-04-19 15:14:08.173,16978,16980,16980,2,2
2022-04-19 15:14:08.330,16979,16981,16979,1,-1
2022-04-19 15:14:08.330,16979,16981,16979,1,-1
2022-04-19 15:14:08.530,16979,16981,16979,1,-1
2022-04-19 15:14:08.853,16979,16981,16981,1,1
2022-04-19 15:14:09.117,16980,16982,16980,1,-1
2022-04-19 15:14:10.289,16979,16981,16981,1,1
2022-04-19 15:14:10.372,16979,16981,16979,5,-5
2022-04-19 15:14:10.569,16979,16981,16981,1,1
2022-04-19 15:14:10.619,16980,16982,16981,1,1
2022-04-19 15:14:10.774,16980,16981,16980,1,-1
2022-04-19 15:14:10.917,16979,16980,16980,1,1
2022-04-19 15:14:11.050,16979,16980,16980,1,1
2022-04-19 15:14:11.685,16979,16980,16979,2,-2
2022-04-19 15:14:11.685,16979,16980,16979,1,-1
2022-04-19 15:14:11.686,16979,16980,16979,1,-1
2022-04-19 15:14:11.852,16977,16979,16979,2,2
2022-04-19 15:14:11.942,16977,16979,16979,1,1
2022-04-19 15:14:13.220,16978,16979,16979,2,2
2022-04-19 15:14:14.667,16979,16981,16979,5,-5
2022-04-19 15:14:14.667,16979,16981,16978,5,-5
2022-04-19 15:14:14.787,16978,16979,16979,1,1
2022-04-19 15:14:15.045,16978,16980,16980,1,1
2022-04-19 15:14:15.501,16978,16980,16980,1,1
2022-04-19 15:14:15.634,16978,16980,16980,1,1
2022-04-19 15:14:15.720,16978,16980,16978,1,-1
2022-04-19 15:14:16.733,16978,16979,16978,1,-1
2022-04-19 15:14:16.798,16978,16979,16979,2,2
2022-04-19 15:14:17.010,16978,16980,16978,1,-1
2022-04-19 15:14:17.079,16977,16980,16977,1,-1
2022-04-19 15:14:17.080,16977,16980,16977,1,-1
2022-04-19 15:14:17.080,16977,16980,16977,1,-1
2022-04-19 15:14:17.080,16977,16980,16977,1,-1
2022-04-19 15:14:17.080,16977,16980,16977,1,-1
2022-04-19 15:14:17.080,16977,16980,16977,1,-1
2022-04-19 15:14:17.081,16977,16980,16977,1,-1
2022-04-19 15:14:17.642,16977,16979,16977,1,-1
2022-04-19 15:14:18.133,16977,16979,16979,3,3
2022-04-19 15:14:19.261,16978,16980,16980,3,3
2022-04-19 15:14:19.794,16979,16981,16981,2,2
2022-04-19 15:14:19.971,16981,16982,16981,3,-3
2022-04-19 15:14:20.345,16981,16982,16981,1,-1
2022-04-19 15:14:20.449,16981,16982,16981,1,-1
2022-04-19 15:14:20.450,16981,16982,16981,3,-3
2022-04-19 15:14:23.813,16980,16981,16980,1,-1
2022-04-19 15:14:23.813,16980,16981,16979,1,-1
2022-04-19 15:14:24.206,16979,16981,16979,2,-2
2022-04-19 15:14:24.647,16979,16981,16979,1,-1
2022-04-19 15:14:25.375,16980,16981,16981,1,1
2022-04-19 15:14:25.684,16980,16981,16980,3,-3
2022-04-19 15:14:25.755,16979,16981,16980,7,7
2022-04-19 15:14:25.809,16979,16981,16980,1,1
2022-04-19 15:14:26.427,16978,16980,16980,1,1
2022-04-19 15:14:26.647,16978,16980,16978,2,-2
2022-04-19 15:14:27.774,16978,16980,16980,2,2
2022-04-19 15:14:27.830,16978,16980,16978,1,-1
2022-04-19 15:14:27.831,16978,16980,16978,1,-1
2022-04-19 15:14:27.831,16978,16980,16978,1,-1
2022-04-19 15:14:27.832,16978,16980,16978,1,-1
2022-04-19 15:14:28.884,16978,16979,16978,1,-1
2022-04-19 15:14:29.618,16978,16979,16978,1,-1
2022-04-19 15:14:30.187,16977,16979,16979,1,1
2022-04-19 15:14:30.399,16977,16979,16979,1,1
2022-04-19 15:14:30.602,16977,16979,16979,1,1
2022-04-19 15:14:30.612,16977,16979,16978,2,2
2022-04-19 15:14:32.783,16978,16980,16978,1,-1
2022-04-19 15:14:32.820,16978,16980,16980,6,6
2022-04-19 15:14:32.821,16978,16980,16980,4,4
2022-04-19 15:14:33.722,16978,16980,16980,1,1
2022-04-19 15:14:33.731,16978,16980,16978,1,-1
2022-04-19 15:14:33.817,16978,16980,16980,1,1
2022-04-19 15:14:33.820,16978,16980,16980,1,1
2022-04-19 15:14:34.147,16979,16981,16979,1,-1
2022-04-19 15:14:37.029,16980,16981,16981,2,2
2022-04-19 15:14:37.043,16980,16981,16982,3,3
2022-04-19 15:14:37.043,16980,16981,16983,2,2
2022-04-19 15:14:37.119,16982,16983,16982,1,-1
2022-04-19 15:14:37.591,16982,16983,16983,1,1
2022-04-19 15:14:37.594,16982,16983,16983,1,1
2022-04-19 15:14:37.595,16982,16983,16983,1,1
2022-04-19 15:14:37.597,16982,16983,16984,1,1
2022-04-19 15:14:38.689,16982,16983,16982,1,-1
2022-04-19 15:14:38.705,16981,16983,16981,1,-1
2022-04-19 15:14:38.705,16981,16983,16981,1,-1
2022-04-19 15:14:38.705,16981,16983,16981,1,-1
2022-04-19 15:14:38.705,16981,16983,16981,1,-1
2022-04-19 15:14:38.706,16981,16983,16980,1,-1
2022-04-19 15:14:40.152,16980,16981,16981,3,3
2022-04-19 15:14:42.561,16981,16983,16983,1,1
2022-04-19 15:14:45.759,16982,16983,16983,1,1
2022-04-19 15:14:46.065,16982,16984,16982,1,-1
2022-04-19 15:14:49.171,16983,16984,16983,2,-2
2022-04-19 15:14:49.313,16982,16983,16983,1,1
2022-04-19 15:14:52.904,16982,16984,16982,1,-1
2022-04-19 15:14:53.464,16982,16983,16982,1,-1
2022-04-19 15:14:59.421,16980,16981,16981,1,1
2022-04-19 15:14:59.500,16980,16982,16980,4,-4
2022-04-19 15:15:00.073,16980,16982,16980,1,-1
2022-04-19 15:15:00.106,16979,16981,16979,1,-1
2022-04-19 15:15:00.289,16979,16981,16979,1,-1
2022-04-19 15:15:00.334,16979,16981,16979,1,-1
2022-04-19 15:15:00.339,16979,16981,16979,1,-1
2022-04-19 15:15:00.355,16979,16981,16980,1,1
2022-04-19 15:15:00.361,16979,16981,16979,1,-1
2022-04-19 15:15:00.405,16979,16981,16978,5,-5
2022-04-19 15:15:00.410,16979,16981,16978,1,-1
2022-04-19 15:15:00.415,16979,16981,16978,1,-1
2022-04-19 15:15:00.418,16979,16981,16978,1,-1
2022-04-19 15:15:00.556,16978,16979,16978,1,-1
2022-04-19 15:15:01.192,16978,16979,16978,1,-1
2022-04-19 15:15:01.470,16977,16979,16977,2,-2
2022-04-19 15:15:01.560,16977,16979,16977,7,-7
2022-04-19 15:15:01.560,16977,16979,16976,1,-1
2022-04-19 15:15:01.716,16976,16977,16977,1,1
2022-04-19 15:15:01.747,16976,16977,16976,2,-2
2022-04-19 15:15:01.751,16976,16977,16976,2,-2
2022-04-19 15:15:02.140,16976,16977,16976,1,-1
2022-04-19 15:15:02.547,16976,16977,16976,1,-1
2022-04-19 15:15:02.882,16975,16977,16975,1,-1
2022-04-19 15:15:03.216,16975,16977,16975,1,-1
2022-04-19 15:15:03.359,16975,16977,16975,1,-1
2022-04-19 15:15:03.474,16975,16977,16975,2,-2
2022-04-19 15:15:03.810,16975,16977,16975,1,-1
2022-04-19 15:15:04.023,16975,16976,16975,1,-1
2022-04-19 15:15:04.721,16975,16976,16975,1,-1
2022-04-19 15:15:04.721,16975,16976,16975,1,-1
2022-04-19 15:15:05.413,16973,16975,16973,7,-7
2022-04-19 15:15:05.474,16972,16974,16972,3,-3
2022-04-19 15:15:05.474,16972,16974,16972,3,-3
2022-04-19 15:15:05.475,16972,16974,16973,1,1
2022-04-19 15:15:05.508,16972,16974,16972,1,-1
2022-04-19 15:15:05.644,16972,16974,16972,2,-2
2022-04-19 15:15:05.644,16972,16974,16971,7,-7
2022-04-19 15:15:05.646,16972,16974,16971,3,-3
2022-04-19 15:15:05.646,16972,16974,16970,4,-4
2022-04-19 15:15:05.654,16972,16974,16970,1,-1
2022-04-19 15:15:05.678,16972,16974,16970,1,-1
2022-04-19 15:15:05.716,16970,16972,16970,1,-1
2022-04-19 15:15:05.728,16970,16972,16970,1,-1
2022-04-19 15:15:05.753,16970,16972,16970,2,-2
2022-04-19 15:15:05.764,16970,16972,16970,1,-1
2022-04-19 15:15:05.767,16970,16972,16970,1,-1
2022-04-19 15:15:05.770,16970,16972,16970,1,-1
2022-04-19 15:15:05.775,16970,16972,16970,1,-1
2022-04-19 15:15:05.800,16970,16972,16971,1,1
2022-04-19 15:15:05.861,16970,16972,16970,1,-1
2022-04-19 15:15:05.945,16970,16972,16969,1,-1
2022-04-19 15:15:05.952,16970,16972,16970,1,-1
2022-04-19 15:15:05.952,16969,16970,16970,2,2
2022-04-19 15:15:05.954,16969,16970,16971,1,1
2022-04-19 15:15:05.957,16969,16970,16971,1,1
2022-04-19 15:15:05.999,16969,16970,16972,5,5
2022-04-19 15:15:06.004,16969,16970,16973,2,2
2022-04-19 15:15:06.009,16969,16970,16974,1,1
2022-04-19 15:15:06.017,16969,16970,16972,3,3
2022-04-19 15:15:06.023,16969,16970,16974,1,1
2022-04-19 15:15:06.026,16969,16970,16972,3,3
2022-04-19 15:15:06.026,16969,16970,16971,9,9
2022-04-19 15:15:06.059,16969,16970,16973,1,1
2022-04-19 15:15:06.078,16971,16973,16971,1,-1
2022-04-19 15:15:06.078,16971,16973,16970,1,-1
2022-04-19 15:15:06.102,16971,16973,16970,1,-1
2022-04-19 15:15:06.264,16970,16972,16970,1,-1
2022-04-19 15:15:06.318,16970,16972,16970,1,-1
2022-04-19 15:15:06.322,16970,16972,16970,1,-1
2022-04-19 15:15:06.364,16970,16972,16970,3,-3
2022-04-19 15:15:06.393,16970,16972,16970,1,-1
2022-04-19 15:15:06.456,16969,16971,16969,1,-1
2022-04-19 15:15:06.473,16969,16971,16969,3,-3
2022-04-19 15:15:06.500,16969,16971,16971,1,1
2022-04-19 15:15:06.551,16969,16971,16971,1,1
2022-04-19 15:15:06.560,16969,16971,16970,1,1
2022-04-19 15:15:06.647,16970,16972,16972,4,4
2022-04-19 15:15:06.701,16970,16972,16971,1,1
2022-04-19 15:15:06.776,16971,16973,16970,1,-1
2022-04-19 15:15:06.880,16971,16972,16971,1,-1
2022-04-19 15:15:06.880,16971,16972,16970,1,-1
2022-04-19 15:15:06.938,16971,16972,16972,1,1
2022-04-19 15:15:07.578,16971,16973,16971,5,-5
2022-04-19 15:15:07.705,16971,16972,16971,1,-1
2022-04-19 15:15:07.873,16971,16972,16972,1,1
2022-04-19 15:15:07.911,16971,16972,16971,1,-1
2022-04-19 15:15:07.911,16971,16972,16970,4,-4
2022-04-19 15:15:08.305,16969,16972,16969,5,-5
2022-04-19 15:15:08.355,16968,16971,16968,5,-5
2022-04-19 15:15:08.369,16968,16971,16970,1,1
2022-04-19 15:15:08.508,16969,16971,16969,1,-1
2022-04-19 15:15:08.512,16969,16971,16969,1,-1
2022-04-19 15:15:08.518,16969,16971,16969,1,-1
2022-04-19 15:15:08.535,16969,16971,16971,1,1
2022-04-19 15:15:08.596,16968,16971,16968,1,-1
2022-04-19 15:15:08.632,16968,16971,16968,2,-2
2022-04-19 15:15:08.781,16968,16970,16968,2,-2
2022-04-19 15:15:08.781,16968,16970,16968,3,-3
2022-04-19 15:15:08.872,16967,16970,16967,1,-1
2022-04-19 15:15:09.139,16967,16969,16967,3,-3
2022-04-19 15:15:09.224,16967,16968,16967,1,-1
2022-04-19 15:15:09.942,16967,16969,16967,1,-1
2022-04-19 15:15:10.079,16967,16969,16969,2,2
2022-04-19 15:15:10.743,16968,16970,16968,1,-1
2022-04-19 15:15:10.766,16968,16970,16970,4,4
2022-04-19 15:15:10.950,16968,16970,16968,1,-1
2022-04-19 15:15:11.401,16968,16970,16968,1,-1
2022-04-19 15:15:12.021,16969,16971,16969,1,-1
2022-04-19 15:15:12.026,16969,16971,16969,1,-1
2022-04-19 15:15:12.026,16969,16971,16968,6,-6
2022-04-19 15:15:12.026,16969,16971,16968,5,-5
2022-04-19 15:15:12.342,16969,16970,16969,1,-1
2022-04-19 15:15:12.418,16969,16970,16970,1,1
2022-04-19 15:15:12.564,16969,16970,16970,1,1
2022-04-19 15:15:12.726,16969,16970,16969,1,-1
2022-04-19 15:15:13.224,16967,16969,16967,5,-5
2022-04-19 15:15:13.706,16968,16969,16969,1,1
2022-04-19 15:15:14.149,16968,16969,16969,1,1
2022-04-19 15:15:15.362,16968,16969,16969,1,1
2022-04-19 15:15:15.641,16968,16969,16969,1,1
2022-04-19 15:15:16.568,16968,16970,16968,2,-2
2022-04-19 15:15:17.279,16968,16970,16968,1,-1
2022-04-19 15:15:17.330,16968,16970,16968,1,-1
2022-04-19 15:15:18.243,16967,16969,16968,1,1
2022-04-19 15:15:18.979,16968,16969,16968,3,-3
2022-04-19 15:15:20.822,16968,16969,16969,2,2
2022-04-19 15:15:21.041,16969,16970,16970,2,2
2022-04-19 15:15:21.115,16970,16972,16972,1,1
2022-04-19 15:15:21.118,16970,16972,16972,1,1
2022-04-19 15:15:21.119,16970,16972,16972,1,1
2022-04-19 15:15:21.122,16970,16972,16972,1,1
2022-04-19 15:15:21.138,16970,16972,16972,1,1
2022-04-19 15:15:21.146,16970,16972,16972,1,1
2022-04-19 15:15:21.411,16970,16972,16971,1,1
2022-04-19 15:15:21.534,16969,16971,16969,1,-1
2022-04-19 15:15:21.554,16969,16971,16969,1,-1
2022-04-19 15:15:22.421,16969,16971,16971,2,2
2022-04-19 15:15:22.593,16969,16972,16971,1,1
2022-04-19 15:15:23.249,16969,16971,16971,1,1
2022-04-19 15:15:23.585,16969,16971,16971,1,1
2022-04-19 15:15:25.882,16970,16972,16972,12,12
2022-04-19 15:15:25.882,16970,16972,16972,1,1
2022-04-19 15:15:25.882,16970,16972,16972,8,8
2022-04-19 15:15:26.010,16971,16973,16973,1,1
2022-04-19 15:15:26.053,16971,16973,16974,1,1
2022-04-19 15:15:27.384,16971,16973,16973,1,1
2022-04-19 15:15:27.455,16971,16973,16971,1,-1
2022-04-19 15:15:27.455,16971,16973,16971,1,-1
2022-04-19 15:15:27.455,16971,16973,16971,1,-1
2022-04-19 15:15:28.659,16972,16974,16973,1,1
2022-04-19 15:15:29.443,16972,16974,16972,1,-1
2022-04-19 15:15:29.443,16972,16974,16971,4,-4
2022-04-19 15:15:30.853,16971,16972,16972,1,1
2022-04-19 15:15:31.013,16971,16972,16972,2,2
2022-04-19 15:15:31.411,16971,16972,16971,2,-2
2022-04-19 15:15:32.094,16969,16971,16969,2,-2
2022-04-19 15:15:32.457,16969,16970,16970,1,1
2022-04-19 15:15:32.495,16969,16970,16971,1,1
2022-04-19 15:15:33.073,16970,16972,16970,1,-1
2022-04-19 15:15:33.899,16971,16973,16973,2,2
2022-04-19 15:15:34.808,16972,16974,16972,1,-1
2022-04-19 15:15:35.895,16972,16974,16972,1,-1
2022-04-19 15:15:37.759,16972,16974,16972,1,-1
2022-04-19 15:15:37.764,16972,16974,16971,1,-1
2022-04-19 15:15:38.399,16972,16974,16974,1,1
2022-04-19 15:15:39.329,16972,16974,16972,1,-1
2022-04-19 15:15:39.401,16972,16974,16974,1,1
2022-04-19 15:15:39.546,16972,16975,16972,1,-1
2022-04-19 15:15:39.864,16972,16974,16972,2,-2
2022-04-19 15:15:39.865,16972,16974,16972,8,-8
2022-04-19 15:15:41.530,16973,16974,16974,3,3
2022-04-19 15:15:41.531,16973,16974,16974,4,4
2022-04-19 15:15:41.725,16973,16975,16974,1,1
2022-04-19 15:15:41.798,16973,16975,16974,1,1
2022-04-19 15:15:41.806,16973,16975,16974,1,1
2022-04-19 15:15:41.920,16973,16974,16974,2,2
2022-04-19 15:15:42.401,16973,16974,16973,1,-1
2022-04-19 15:15:45.141,16973,16974,16974,1,1
2022-04-19 15:15:45.955,16973,16975,16975,18,18
2022-04-19 15:15:45.958,16973,16975,16976,1,1
2022-04-19 15:15:46.925,16976,16978,16976,1,-1
2022-04-19 15:15:46.925,16976,16978,16975,4,-4
2022-04-19 15:15:48.367,16976,16978,16976,1,-1
2022-04-19 15:15:48.456,16976,16978,16976,1,-1
2022-04-19 15:15:48.688,16976,16978,16978,1,1
2022-04-19 15:15:48.702,16977,16979,16979,1,1
2022-04-19 15:15:48.703,16977,16979,16979,4,4
2022-04-19 15:15:49.398,16978,16980,16978,1,-1
2022-04-19 15:15:49.606,16978,16980,16978,1,-1
2022-04-19 15:15:50.312,16979,16980,16979,1,-1
2022-04-19 15:15:51.188,16979,16980,16979,2,-2
2022-04-19 15:15:51.188,16979,16980,16978,2,-2
2022-04-19 15:15:51.772,16978,16980,16978,1,-1
2022-04-19 15:15:52.209,16977,16980,16977,1,-1
2022-04-19 15:15:53.863,16977,16979,16979,1,1
2022-04-19 15:15:53.947,16977,16979,16979,1,1
2022-04-19 15:15:56.283,16977,16978,16978,1,1
2022-04-19 15:15:56.286,16977,16978,16977,1,-1
2022-04-19 15:16:00.043,16976,16977,16976,1,-1
2022-04-19 15:16:00.351,16976,16977,16976,1,-1
2022-04-19 15:16:01.111,16975,16977,16977,1,1
2022-04-19 15:16:01.205,16975,16976,16976,1,1
2022-04-19 15:16:01.608,16975,16976,16975,2,-2
2022-04-19 15:16:02.241,16975,16976,16975,3,-3
2022-04-19 15:16:02.341,16973,16975,16975,2,2
2022-04-19 15:16:03.897,16973,16975,16975,1,1
2022-04-19 15:16:03.992,16973,16975,16975,2,2
2022-04-19 15:16:04.725,16975,16976,16975,1,-1
2022-04-19 15:16:04.760,16975,16976,16974,1,-1
2022-04-19 15:16:04.950,16973,16975,16973,1,-1
2022-04-19 15:16:05.411,16973,16975,16974,1,1
2022-04-19 15:16:07.282,16974,16975,16975,1,1
2022-04-19 15:16:08.922,16974,16976,16974,5,-5
2022-04-19 15:16:08.954,16973,16976,16976,1,1
2022-04-19 15:16:08.955,16973,16976,16976,1,1
2022-04-19 15:16:13.190,16973,16975,16973,3,-3
2022-04-19 15:16:13.317,16972,16973,16973,1,1
2022-04-19 15:16:16.087,16972,16975,16975,1,1
2022-04-19 15:16:23.917,16973,16974,16973,1,-1
2022-04-19 15:16:23.954,16973,16974,16974,1,1
2022-04-19 15:16:23.955,16973,16974,16974,1,1
2022-04-19 15:16:24.401,16973,16974,16974,1,1
2022-04-19 15:16:25.572,16973,16975,16973,1,-1
2022-04-19 15:16:26.499,16972,16975,16973,5,-5
2022-04-19 15:16:26.982,16972,16975,16975,1,1
2022-04-19 15:16:27.639,16973,16975,16974,1,1
2022-04-19 15:16:27.643,16973,16975,16974,1,1
2022-04-19 15:16:29.104,16972,16974,16974,2,2
2022-04-19 15:16:30.465,16972,16974,16974,3,3
2022-04-19 15:16:32.626,16972,16974,16973,1,1
2022-04-19 15:16:32.629,16972,16974,16973,1,1
2022-04-19 15:16:32.960,16972,16974,16974,1,1
2022-04-19 15:16:32.963,16972,16974,16974,1,1
2022-04-19 15:16:33.512,16972,16974,16973,1,1
2022-04-19 15:16:33.674,16972,16974,16974,2,2
2022-04-19 15:16:33.766,16972,16974,16974,3,3
2022-04-19 15:16:33.799,16972,16974,16972,2,-2
2022-04-19 15:16:34.731,16973,16974,16974,1,1
2022-04-19 15:16:34.735,16973,16974,16974,1,1
2022-04-19 15:16:34.740,16973,16974,16974,1,1
2022-04-19 15:16:35.035,16973,16975,16974,1,1
2022-04-19 15:16:36.309,16973,16975,16973,2,-2
2022-04-19 15:16:36.417,16973,16975,16974,1,1
2022-04-19 15:16:37.027,16974,16975,16975,9,9
2022-04-19 15:16:37.497,16974,16975,16975,1,1
2022-04-19 15:16:37.791,16974,16975,16974,1,-1
2022-04-19 15:16:37.793,16974,16975,16974,1,-1
2022-04-19 15:16:38.042,16974,16975,16974,1,-1
2022-04-19 15:16:39.186,16973,16975,16973,1,-1
2022-04-19 15:16:41.637,16973,16974,16974,3,3
2022-04-19 15:16:43.129,16973,16974,16974,1,1
2022-04-19 15:16:44.841,16974,16975,16975,3,3
2022-04-19 15:16:45.856,16975,16976,16975,2,-2
2022-04-19 15:16:47.957,16973,16974,16973,1,-1
2022-04-19 15:16:49.671,16973,16974,16973,1,-1
2022-04-19 15:16:49.704,16972,16974,16974,1,1
2022-04-19 15:16:53.008,16972,16973,16973,3,3
2022-04-19 15:16:55.421,16972,16973,16973,1,1
2022-04-19 15:16:56.460,16972,16973,16973,1,1
2022-04-19 15:16:57.313,16972,16973,16973,3,3
2022-04-19 15:16:57.575,16973,16974,16973,1,-1
2022-04-19 15:16:57.981,16972,16973,16972,4,-4
2022-04-19 15:16:57.981,16972,16973,16972,1,-1
2022-04-19 15:16:58.165,16971,16972,16971,1,-1
2022-04-19 15:16:58.165,16971,16972,16970,1,-1
2022-04-19 15:16:58.210,16970,16972,16972,2,2
2022-04-19 15:16:58.860,16971,16972,16972,1,1
2022-04-19 15:17:00.259,16972,16973,16972,2,-2
2022-04-19 15:17:00.331,16971,16972,16971,1,-1
2022-04-19 15:17:00.331,16971,16972,16971,1,-1
2022-04-19 15:17:00.331,16971,16972,16970,1,-1
2022-04-19 15:17:02.796,16970,16972,16970,13,-13
2022-04-19 15:17:02.829,16969,16970,16969,1,-1
2022-04-19 15:17:02.829,16969,16970,16969,1,-1
2022-04-19 15:17:03.596,16969,16970,16970,3,3
2022-04-19 15:17:07.134,16970,16971,16971,1,1
2022-04-19 15:17:07.424,16971,16972,16972,1,1
2022-04-19 15:17:07.471,16971,16972,16972,1,1
2022-04-19 15:17:07.922,16971,16973,16971,1,-1
2022-04-19 15:17:07.922,16971,16973,16970,1,-1
2022-04-19 15:17:08.121,16970,16972,16970,7,-7
2022-04-19 15:17:08.121,16970,16972,16969,22,-22
2022-04-19 15:17:08.121,16970,16972,16968,21,-21
2022-04-19 15:17:08.204,16968,16970,16968,1,-1
2022-04-19 15:17:08.205,16968,16970,16968,1,-1
2022-04-19 15:17:08.205,16968,16970,16968,1,-1
2022-04-19 15:17:08.205,16968,16970,16968,1,-1
2022-04-19 15:17:08.205,16968,16970,16968,1,-1
2022-04-19 15:17:08.206,16968,16970,16967,1,-1
2022-04-19 15:17:08.206,16968,16970,16967,1,-1
2022-04-19 15:17:09.276,16967,16969,16969,3,3
2022-04-19 15:17:09.434,16968,16970,16970,1,1
2022-04-19 15:17:09.715,16969,16971,16969,1,-1
2022-04-19 15:17:11.376,16968,16970,16969,1,1
2022-04-19 15:17:11.590,16967,16969,16967,1,-1
2022-04-19 15:17:12.482,16967,16969,16969,1,1
2022-04-19 15:17:13.233,16968,16970,16970,1,1
2022-04-19 15:17:14.273,16968,16970,16970,1,1
2022-04-19 15:17:16.147,16968,16970,16968,1,-1
2022-04-19 15:17:20.617,16968,16970,16970,2,2
2022-04-19 15:17:20.705,16968,16970,16968,1,-1
2022-04-19 15:17:22.181,16968,16969,16968,1,-1
2022-04-19 15:17:22.829,16968,16969,16968,1,-1
2022-04-19 15:17:24.029,16968,16970,16968,1,-1
2022-04-19 15:17:25.404,16968,16970,16970,1,1
2022-04-19 15:17:25.785,16968,16970,16970,1,1
2022-04-19 15:17:26.415,16968,16970,16970,3,3
2022-04-19 15:17:26.418,16968,16970,16970,3,3
2022-04-19 15:17:27.699,16970,16971,16970,1,-1
2022-04-19 15:17:27.705,16970,16971,16970,1,-1
2022-04-19 15:17:27.705,16970,16971,16970,1,-1
2022-04-19 15:17:27.705,16970,16971,16970,1,-1
2022-04-19 15:17:28.096,16970,16971,16970,1,-1
2022-04-19 15:17:28.619,16970,16971,16971,1,1
2022-04-19 15:17:29.180,16969,16971,16970,1,1
2022-04-19 15:17:29.180,16969,16971,16969,9,-9
2022-04-19 15:17:29.181,16969,16971,16969,5,-5
2022-04-19 15:17:29.181,16969,16971,16969,1,-1
2022-04-19 15:17:29.670,16969,16971,16971,1,1
2022-04-19 15:17:32.648,16968,16970,16970,1,1
2022-04-19 15:17:41.039,16968,16970,16970,2,2
2022-04-19 15:17:41.274,16968,16970,16970,3,3
2022-04-19 15:17:42.077,16969,16970,16969,1,-1
2022-04-19 15:17:42.419,16969,16970,16970,3,3
2022-04-19 15:17:44.056,16969,16970,16969,1,-1
2022-04-19 15:17:47.918,16969,16970,16969,1,-1
2022-04-19 15:17:48.483,16968,16970,16970,1,1
2022-04-19 15:17:53.189,16968,16970,16969,1,1
2022-04-19 15:17:55.155,16968,16970,16970,14,14
2022-04-19 15:17:56.260,16969,16971,16969,1,-1
2022-04-19 15:17:59.048,16969,16971,16971,1,1
2022-04-19 15:17:59.779,16969,16970,16969,1,-1
2022-04-19 15:18:00.381,16968,16970,16970,1,1
2022-04-19 15:18:00.455,16968,16970,16968,1,-1
2022-04-19 15:18:00.455,16968,16970,16968,1,-1
2022-04-19 15:18:00.455,16968,16970,16968,1,-1
2022-04-19 15:18:00.455,16968,16970,16968,1,-1
2022-04-19 15:18:00.456,16968,16970,16968,1,-1
2022-04-19 15:18:00.456,16968,16970,16968,1,-1
2022-04-19 15:18:00.456,16968,16970,16968,1,-1
2022-04-19 15:18:00.456,16968,16970,16968,2,-2
2022-04-19 15:18:00.456,16968,16970,16968,4,-4
2022-04-19 15:18:01.276,16967,16969,16969,1,1
2022-04-19 15:18:01.330,16967,16969,16967,1,-1
2022-04-19 15:18:01.330,16967,16969,16967,1,-1
2022-04-19 15:18:01.338,16967,16969,16967,3,-3
2022-04-19 15:18:01.338,16967,16969,16967,7,-7
2022-04-19 15:18:01.339,16967,16969,16967,4,-4
2022-04-19 15:18:03.243,16967,16968,16967,1,-1
2022-04-19 15:18:03.276,16967,16968,16966,1,-1
2022-04-19 15:18:03.323,16967,16968,16966,2,-2
2022-04-19 15:18:03.372,16966,16967,16966,1,-1
2022-04-19 15:18:03.388,16966,16967,16966,2,-2
2022-04-19 15:18:03.388,16966,16967,16966,3,-3
2022-04-19 15:18:03.388,16966,16967,16966,2,-2
2022-04-19 15:18:03.400,16966,16967,16965,2,-2
2022-04-19 15:18:03.419,16966,16967,16965,2,-2
2022-04-19 15:18:03.431,16966,16967,16965,4,-4
2022-04-19 15:18:03.432,16966,16967,16965,1,-1
2022-04-19 15:18:03.432,16966,16967,16965,1,-1
2022-04-19 15:18:03.432,16966,16967,16965,3,-3
2022-04-19 15:18:03.432,16966,16967,16965,2,-2
2022-04-19 15:18:03.432,16966,16967,16965,1,-1
2022-04-19 15:18:03.462,16964,16965,16964,1,-1
2022-04-19 15:18:03.514,16964,16965,16964,1,-1
2022-04-19 15:18:03.525,16964,16965,16964,1,-1
2022-04-19 15:18:03.534,16964,16965,16965,2,2
2022-04-19 15:18:03.542,16964,16965,16964,1,-1
2022-04-19 15:18:03.656,16964,16965,16964,1,-1
2022-04-19 15:18:03.659,16964,16965,16964,1,-1
2022-04-19 15:18:03.659,16964,16965,16963,1,-1
2022-04-19 15:18:03.667,16964,16965,16963,1,-1
2022-04-19 15:18:03.680,16964,16965,16963,1,-1
2022-04-19 15:18:03.702,16963,16965,16963,1,-1
2022-04-19 15:18:03.753,16963,16965,16963,3,-3
2022-04-19 15:18:03.896,16963,16965,16963,1,-1
2022-04-19 15:18:04.266,16964,16966,16964,1,-1
2022-04-19 15:18:04.271,16964,16966,16964,1,-1
2022-04-19 15:18:04.674,16964,16966,16964,2,-2
2022-04-19 15:18:05.532,16963,16966,16966,1,1
2022-04-19 15:18:06.005,16963,16965,16963,4,-4
2022-04-19 15:18:06.809,16963,16964,16964,1,1
2022-04-19 15:18:06.809,16963,16964,16965,1,1
2022-04-19 15:18:06.855,16963,16965,16965,2,2
2022-04-19 15:18:07.070,16963,16965,16965,1,1
2022-04-19 15:18:07.080,16963,16965,16963,1,-1
2022-04-19 15:18:07.080,16963,16965,16963,1,-1
2022-04-19 15:18:07.080,16963,16965,16963,1,-1
2022-04-19 15:18:07.099,16963,16965,16964,2,2
2022-04-19 15:18:07.382,16963,16964,16963,1,-1
2022-04-19 15:18:07.789,16963,16964,16964,1,1
2022-04-19 15:18:07.789,16963,16964,16965,1,1
2022-04-19 15:18:08.520,16963,16965,16963,5,-5
2022-04-19 15:18:09.603,16962,16964,16964,1,1
2022-04-19 15:18:09.949,16962,16964,16964,1,1
2022-04-19 15:18:10.332,16962,16964,16963,1,1
2022-04-19 15:18:10.332,16962,16964,16962,1,-1
2022-04-19 15:18:10.781,16962,16964,16962,1,-1
2022-04-19 15:18:11.393,16962,16963,16962,1,-1
2022-04-19 15:18:11.767,16962,16963,16963,1,1
2022-04-19 15:18:12.251,16962,16963,16962,1,-1
2022-04-19 15:18:12.476,16962,16963,16962,1,-1
2022-04-19 15:18:12.989,16962,16963,16962,1,-1
2022-04-19 15:18:14.072,16962,16963,16962,1,-1
2022-04-19 15:18:14.419,16962,16963,16962,1,-1
2022-04-19 15:18:15.195,16962,16963,16962,1,-1
2022-04-19 15:18:15.581,16961,16962,16962,1,1
2022-04-19 15:18:16.297,16961,16963,16963,6,6
2022-04-19 15:18:16.770,16962,16964,16964,4,4
2022-04-19 15:18:16.771,16962,16964,16964,7,7
2022-04-19 15:18:17.087,16964,16965,16964,1,-1
2022-04-19 15:18:17.205,16964,16965,16964,1,-1
2022-04-19 15:18:17.205,16964,16965,16963,1,-1
2022-04-19 15:18:17.205,16964,16965,16963,1,-1
2022-04-19 15:18:17.440,16963,16965,16965,2,2
2022-04-19 15:18:17.440,16963,16965,16966,3,3
2022-04-19 15:18:18.164,16964,16966,16966,1,1
2022-04-19 15:18:18.302,16965,16966,16965,1,-1
2022-04-19 15:18:19.627,16965,16966,16966,1,1
2022-04-19 15:18:20.786,16965,16967,16966,1,1
2022-04-19 15:18:20.786,16965,16967,16966,1,1
2022-04-19 15:18:20.961,16965,16967,16965,5,-5
2022-04-19 15:18:22.049,16965,16966,16966,6,6
2022-04-19 15:18:23.314,16966,16967,16966,2,-2
2022-04-19 15:18:24.416,16965,16967,16965,1,-1
2022-04-19 15:18:24.785,16965,16966,16965,1,-1
2022-04-19 15:18:27.544,16965,16966,16966,1,1
2022-04-19 15:18:28.102,16966,16967,16967,1,1
2022-04-19 15:18:29.044,16966,16967,16967,1,1
2022-04-19 15:18:29.124,16967,16968,16968,5,5
2022-04-19 15:18:29.678,16967,16969,16969,2,2
2022-04-19 15:18:29.841,16968,16969,16968,1,-1
2022-04-19 15:18:30.985,16966,16968,16968,1,1
2022-04-19 15:18:32.350,16966,16968,16968,1,1
2022-04-19 15:18:33.677,16967,16969,16969,1,1
2022-04-19 15:18:35.189,16967,16969,16968,1,1
2022-04-19 15:18:36.908,16966,16968,16968,1,1
2022-04-19 15:18:38.097,16966,16968,16966,1,-1
2022-04-19 15:18:39.035,16966,16967,16966,1,-1
2022-04-19 15:18:39.100,16966,16967,16967,1,1
2022-04-19 15:18:44.569,16967,16968,16968,5,5
2022-04-19 15:18:44.670,16968,16969,16969,7,7
2022-04-19 15:18:45.384,16969,16970,16970,1,1
2022-04-19 15:18:45.535,16969,16970,16970,1,1
2022-04-19 15:18:48.181,16970,16971,16970,1,-1
2022-04-19 15:18:48.522,16970,16971,16971,1,1
2022-04-19 15:18:48.522,16970,16971,16972,4,4
2022-04-19 15:18:48.529,16970,16971,16972,2,2
2022-04-19 15:18:48.529,16970,16971,16973,5,5
2022-04-19 15:18:48.533,16970,16971,16973,5,5
2022-04-19 15:18:50.933,16971,16973,16971,1,-1
2022-04-19 15:18:51.843,16970,16972,16972,1,1
2022-04-19 15:18:52.361,16970,16972,16970,1,-1
2022-04-19 15:18:56.121,16971,16972,16972,1,1
2022-04-19 15:18:56.556,16972,16973,16973,1,1
2022-04-19 15:18:58.675,16972,16973,16972,2,-2
2022-04-19 15:18:58.675,16972,16973,16971,3,-3
2022-04-19 15:19:01.251,16971,16973,16971,1,-1
2022-04-19 15:19:01.661,16970,16973,16971,2,-2
2022-04-19 15:19:07.124,16971,16973,16973,3,3
2022-04-19 15:19:07.130,16971,16973,16974,21,21
2022-04-19 15:19:10.352,16973,16975,16974,1,1
2022-04-19 15:19:12.403,16974,16975,16975,2,2
2022-04-19 15:19:14.139,16974,16975,16975,3,3
2022-04-19 15:19:15.159,16974,16976,16974,1,-1
2022-04-19 15:19:17.708,16974,16975,16974,1,-1
2022-04-19 15:19:18.684,16974,16975,16974,2,-2
2022-04-19 15:19:21.900,16974,16975,16974,1,-1
2022-04-19 15:19:27.188,16973,16975,16974,1,1
2022-04-19 15:19:28.631,16974,16975,16974,1,-1
2022-04-19 15:19:28.760,16973,16974,16973,1,-1
2022-04-19 15:19:29.695,16972,16974,16972,1,-1
2022-04-19 15:19:30.610,16972,16974,16974,1,1
2022-04-19 15:19:31.084,16972,16974,16972,4,-4
2022-04-19 15:19:33.692,16971,16973,16973,1,1
2022-04-19 15:19:40.117,16971,16973,16972,1,1
2022-04-19 15:19:42.219,16971,16972,16971,4,-4
2022-04-19 15:19:44.752,16970,16972,16972,1,1
2022-04-19 15:19:45.263,16970,16972,16970,1,-1
2022-04-19 15:19:45.263,16970,16972,16970,3,-3
2022-04-19 15:19:47.487,16969,16970,16970,1,1
2022-04-19 15:19:47.671,16969,16971,16970,2,2
2022-04-19 15:19:47.671,16969,16971,16969,10,-10
2022-04-19 15:19:47.711,16969,16970,16970,1,1
2022-04-19 15:19:49.232,16969,16971,16970,1,1
2022-04-19 15:19:49.245,16969,16971,16970,1,1
2022-04-19 15:19:49.309,16969,16971,16969,1,-1
2022-04-19 15:19:49.438,16968,16970,16969,1,1
2022-04-19 15:19:49.438,16968,16970,16968,11,-11
2022-04-19 15:19:55.531,16968,16970,16968,2,-2
2022-04-19 15:19:58.057,16968,16970,16968,2,-2
2022-04-19 15:19:59.222,16968,16970,16970,2,2
2022-04-19 15:20:01.676,16968,16969,16968,1,-1
2022-04-19 15:20:01.717,16967,16969,16967,1,-1
2022-04-19 15:20:01.717,16967,16969,16967,1,-1
2022-04-19 15:20:02.013,16967,16968,16967,1,-1
2022-04-19 15:20:02.072,16967,16968,16967,1,-1
2022-04-19 15:20:02.080,16967,16968,16967,1,-1
2022-04-19 15:20:02.096,16967,16968,16967,1,-1
2022-04-19 15:20:02.171,16967,16968,16967,2,-2
2022-04-19 15:20:02.188,16967,16968,16967,2,-2
2022-04-19 15:20:02.243,16966,16968,16966,1,-1
2022-04-19 15:20:02.258,16966,16968,16966,3,-3
2022-04-19 15:20:02.268,16966,16968,16965,1,-1
2022-04-19 15:20:02.283,16966,16968,16965,1,-1
2022-04-19 15:20:02.307,16966,16968,16965,1,-1
2022-04-19 15:20:02.318,16966,16968,16965,3,-3
2022-04-19 15:20:02.320,16966,16968,16964,1,-1
2022-04-19 15:20:02.341,16964,16966,16966,2,2
2022-04-19 15:20:02.478,16964,16967,16964,1,-1
2022-04-19 15:20:02.695,16964,16967,16964,1,-1
2022-04-19 15:20:03.121,16964,16967,16964,1,-1
2022-04-19 15:20:03.472,16964,16966,16964,1,-1
2022-04-19 15:20:03.725,16964,16965,16965,1,1
2022-04-19 15:20:03.881,16964,16966,16964,1,-1
2022-04-19 15:20:04.138,16964,16966,16966,4,4
2022-04-19 15:20:10.324,16966,16967,16966,1,-1
2022-04-19 15:20:10.477,16966,16967,16966,1,-1
2022-04-19 15:20:13.853,16966,16967,16966,1,-1
2022-04-19 15:20:13.955,16966,16967,16966,1,-1
2022-04-19 15:20:15.749,16966,16967,16967,1,1
2022-04-19 15:20:17.534,16966,16968,16967,1,1
2022-04-19 15:20:18.747,16967,16969,16969,3,3
2022-04-19 15:20:20.372,16969,16970,16970,1,1
2022-04-19 15:20:21.339,16969,16971,16971,2,2
2022-04-19 15:20:23.141,16970,16972,16972,2,2
2022-04-19 15:20:27.976,16972,16973,16973,1,1
2022-04-19 15:20:27.976,16972,16973,16973,1,1
2022-04-19 15:20:28.577,16972,16974,16972,1,-1
2022-04-19 15:20:29.102,16972,16974,16974,1,1
2022-04-19 15:20:29.108,16972,16974,16972,2,-2
2022-04-19 15:20:31.516,16972,16974,16974,4,4
2022-04-19 15:20:31.517,16972,16974,16974,1,1
2022-04-19 15:20:31.707,16973,16975,16973,1,-1
2022-04-19 15:20:31.761,16973,16975,16972,1,-1
2022-04-19 15:20:32.658,16971,16973,16973,2,2
2022-04-19 15:20:34.378,16971,16973,16971,1,-1
2022-04-19 15:20:37.804,16972,16973,16973,2,2
2022-04-19 15:20:37.865,16972,16973,16973,1,1
2022-04-19 15:20:38.201,16972,16973,16972,1,-1
2022-04-19 15:20:42.681,16972,16973,16973,1,1
2022-04-19 15:20:44.094,16972,16973,16973,4,4
2022-04-19 15:20:44.704,16973,16974,16974,2,2
2022-04-19 15:20:44.908,16973,16975,16973,2,-2
2022-04-19 15:20:45.251,16973,16975,16973,1,-1
2022-04-19 15:20:47.495,16973,16975,16973,1,-1
2022-04-19 15:20:47.941,16973,16974,16974,1,1
2022-04-19 15:20:49.939,16973,16974,16974,1,1
2022-04-19 15:20:53.201,16973,16974,16974,1,1
2022-04-19 15:20:53.202,16973,16975,16975,1,1
2022-04-19 15:20:53.379,16973,16975,16975,3,3
2022-04-19 15:20:53.424,16973,16975,16975,1,1
2022-04-19 15:20:53.639,16974,16976,16974,1,-1
2022-04-19 15:20:56.142,16974,16975,16975,1,1
2022-04-19 15:20:56.456,16973,16975,16974,2,2
2022-04-19 15:20:58.002,16974,16975,16975,1,1
2022-04-19 15:20:59.824,16974,16975,16974,2,-2
2022-04-19 15:21:04.485,16974,16975,16974,1,-1
2022-04-19 15:21:04.582,16974,16975,16974,1,-1
2022-04-19 15:21:04.667,16974,16975,16974,1,-1
2022-04-19 15:21:04.991,16974,16975,16975,1,1
2022-04-19 15:21:05.379,16974,16976,16976,5,5
2022-04-19 15:21:06.833,16974,16976,16974,3,-3
2022-04-19 15:21:08.203,16974,16975,16974,2,-2
2022-04-19 15:21:08.330,16974,16975,16974,1,-1
2022-04-19 15:21:08.330,16974,16975,16974,1,-1
2022-04-19 15:21:10.964,16974,16975,16975,2,2
2022-04-19 15:21:11.380,16974,16976,16974,2,-2
2022-04-19 15:21:11.886,16974,16975,16974,2,-2
2022-04-19 15:21:13.115,16973,16974,16973,2,-2
2022-04-19 15:21:13.641,16973,16974,16973,1,-1
2022-04-19 15:21:15.865,16973,16974,16974,1,1
2022-04-19 15:21:16.611,16973,16974,16973,2,-2
2022-04-19 15:21:16.891,16973,16974,16974,1,1
2022-04-19 15:21:18.450,16973,16974,16973,1,-1
2022-04-19 15:21:18.450,16973,16974,16973,1,-1
2022-04-19 15:21:18.455,16972,16974,16972,1,-1
2022-04-19 15:21:19.992,16972,16973,16972,6,-6
2022-04-19 15:21:20.053,16972,16973,16972,1,-1
2022-04-19 15:21:21.893,16971,16973,16971,2,-2
2022-04-19 15:21:22.572,16970,16971,16971,1,1
2022-04-19 15:21:22.876,16970,16971,16971,2,2
2022-04-19 15:21:22.999,16970,16972,16972,2,2
2022-04-19 15:21:23.086,16970,16973,16970,1,-1
2022-04-19 15:21:26.205,16970,16971,16971,2,2
2022-04-19 15:21:26.205,16970,16971,16972,2,2
2022-04-19 15:21:26.423,16971,16973,16971,2,-2
2022-04-19 15:21:27.365,16970,16972,16971,2,2
2022-04-19 15:21:27.935,16970,16971,16971,2,2
2022-04-19 15:21:28.253,16970,16972,16970,2,-2
2022-04-19 15:21:31.270,16970,16971,16970,1,-1
2022-04-19 15:21:31.271,16970,16971,16970,2,-2
2022-04-19 15:21:31.271,16970,16971,16970,1,-1
2022-04-19 15:21:31.271,16970,16971,16970,1,-1
2022-04-19 15:21:31.271,16970,16971,16970,1,-1
2022-04-19 15:21:32.147,16968,16971,16969,1,-1
2022-04-19 15:21:32.147,16968,16971,16969,1,-1
2022-04-19 15:21:35.911,16968,16969,16969,4,4
2022-04-19 15:21:36.430,16969,16971,16969,1,-1
2022-04-19 15:21:36.613,16969,16971,16969,3,-3
2022-04-19 15:21:37.152,16968,16970,16968,5,-5
2022-04-19 15:21:41.557,16969,16971,16968,1,-1
2022-04-19 15:21:44.567,16968,16970,16970,1,1
2022-04-19 15:21:45.065,16968,16970,16970,1,1
2022-04-19 15:21:53.386,16969,16970,16970,3,3
2022-04-19 15:21:54.218,16969,16971,16969,3,-3
2022-04-19 15:21:57.107,16970,16971,16971,3,3
2022-04-19 15:21:58.217,16971,16972,16971,1,-1
2022-04-19 15:21:58.217,16971,16972,16970,2,-2
2022-04-19 15:22:00.217,16970,16971,16970,3,-3
2022-04-19 15:22:00.493,16969,16971,16969,2,-2
2022-04-19 15:22:02.220,16970,16971,16970,1,-1
2022-04-19 15:22:02.220,16970,16971,16969,2,-2
2022-04-19 15:22:03.568,16969,16971,16969,5,-5
2022-04-19 15:22:04.273,16968,16970,16969,3,3
2022-04-19 15:22:04.659,16968,16970,16970,1,1
2022-04-19 15:22:10.180,16970,16971,16971,1,1
2022-04-19 15:22:15.375,16970,16971,16970,2,-2
2022-04-19 15:22:23.353,16970,16971,16970,1,-1
2022-04-19 15:22:30.011,16970,16971,16970,1,-1
2022-04-19 15:22:33.124,16970,16971,16971,2,2
2022-04-19 15:22:36.054,16970,16971,16970,1,-1
2022-04-19 15:22:53.935,16970,16971,16970,3,-3
2022-04-19 15:22:54.117,16970,16971,16970,3,-3
2022-04-19 15:22:54.118,16970,16971,16970,3,-3
2022-04-19 15:22:54.119,16970,16971,16970,1,-1
2022-04-19 15:22:54.289,16969,16970,16969,3,-3
2022-04-19 15:22:54.583,16969,16970,16970,1,1
2022-04-19 15:22:58.550,16969,16970,16970,1,1
2022-04-19 15:22:58.556,16969,16970,16970,2,2
2022-04-19 15:23:01.610,16969,16970,16970,1,1
2022-04-19 15:23:01.855,16969,16970,16969,1,-1
2022-04-19 15:23:03.289,16969,16970,16969,1,-1
2022-04-19 15:23:04.160,16969,16970,16969,7,-7
2022-04-19 15:23:04.323,16968,16969,16968,7,-7
2022-04-19 15:23:08.776,16967,16968,16968,1,1
2022-04-19 15:23:10.078,16967,16968,16968,1,1
2022-04-19 15:23:10.955,16967,16968,16968,2,2
2022-04-19 15:23:19.081,16967,16968,16968,1,1
2022-04-19 15:23:20.111,16967,16968,16967,3,-3
2022-04-19 15:23:22.815,16966,16967,16966,1,-1
2022-04-19 15:23:22.838,16966,16967,16966,2,-2
2022-04-19 15:23:22.838,16966,16967,16965,3,-3
2022-04-19 15:23:23.074,16965,16967,16965,1,-1
2022-04-19 15:23:24.855,16965,16967,16967,1,1
2022-04-19 15:23:25.244,16965,16967,16965,1,-1
2022-04-19 15:23:25.481,16965,16967,16965,1,-1
2022-04-19 15:23:25.852,16965,16967,16967,1,1
2022-04-19 15:23:26.591,16965,16967,16965,1,-1
2022-04-19 15:23:26.686,16965,16967,16965,1,-1
2022-04-19 15:23:27.443,16965,16967,16967,1,1
2022-04-19 15:23:27.607,16967,16968,16968,1,1
2022-04-19 15:23:27.969,16968,16969,16969,2,2
2022-04-19 15:23:28.400,16968,16970,16968,2,-2
2022-04-19 15:23:30.280,16967,16969,16969,2,2
2022-04-19 15:23:33.071,16967,16968,16968,1,1
2022-04-19 15:23:41.633,16968,16969,16969,1,1
2022-04-19 15:23:47.740,16968,16970,16969,1,1
2022-04-19 15:23:49.891,16969,16970,16969,1,-1
2022-04-19 15:23:52.456,16967,16969,16967,3,-3
2022-04-19 15:23:53.306,16967,16969,16969,2,2
2022-04-19 15:23:57.371,16968,16969,16969,3,3
2022-04-19 15:23:57.371,16968,16969,16969,1,1
2022-04-19 15:24:03.797,16969,16970,16970,8,8
2022-04-19 15:24:03.831,16970,16971,16971,2,2
2022-04-19 15:24:03.832,16970,16971,16971,4,4
2022-04-19 15:24:03.838,16970,16971,16972,8,8
2022-04-19 15:24:03.839,16970,16971,16973,5,5
2022-04-19 15:24:04.166,16971,16973,16971,2,-2
2022-04-19 15:24:04.205,16970,16972,16970,2,-2
2022-04-19 15:24:04.676,16969,16972,16970,1,-1
2022-04-19 15:24:04.699,16969,16972,16970,1,-1
2022-04-19 15:24:04.708,16969,16972,16969,1,-1
2022-04-19 15:24:04.729,16969,16972,16969,1,-1
2022-04-19 15:24:04.772,16969,16972,16969,2,-2
2022-04-19 15:24:04.875,16969,16971,16969,1,-1
2022-04-19 15:24:05.160,16968,16970,16970,1,1
2022-04-19 15:24:06.335,16969,16971,16971,1,1
2022-04-19 15:24:06.740,16969,16971,16971,1,1
2022-04-19 15:24:06.847,16969,16971,16971,1,1
2022-04-19 15:24:06.850,16969,16971,16971,1,1
2022-04-19 15:24:06.851,16969,16971,16972,1,1
2022-04-19 15:24:08.712,16970,16971,16971,1,1
2022-04-19 15:24:08.938,16970,16972,16970,2,-2
2022-04-19 15:24:09.119,16969,16972,16971,1,1
2022-04-19 15:24:11.423,16969,16971,16971,1,1
2022-04-19 15:24:12.185,16969,16971,16969,2,-2
2022-04-19 15:24:13.147,16968,16969,16969,1,1
2022-04-19 15:24:14.400,16968,16969,16968,1,-1
2022-04-19 15:24:14.650,16968,16969,16969,1,1
2022-04-19 15:24:17.436,16968,16969,16969,1,1
2022-04-19 15:24:22.264,16969,16970,16969,2,-2
2022-04-19 15:24:24.234,16969,16970,16969,2,-2
2022-04-19 15:24:25.068,16969,16970,16969,1,-1
2022-04-19 15:24:25.620,16968,16969,16969,1,1
2022-04-19 15:24:26.140,16968,16969,16969,1,1
2022-04-19 15:24:28.148,16968,16969,16969,3,3
2022-04-19 15:24:29.193,16969,16970,16969,2,-2
2022-04-19 15:24:30.355,16969,16970,16970,3,3
2022-04-19 15:24:30.355,16969,16970,16970,2,2
2022-04-19 15:24:30.356,16969,16970,16970,1,1
2022-04-19 15:24:30.399,16969,16970,16969,2,-2
2022-04-19 15:24:31.837,16968,16970,16970,1,1
2022-04-19 15:24:32.246,16968,16969,16969,2,2
2022-04-19 15:24:32.246,16968,16969,16970,1,1
2022-04-19 15:24:34.120,16970,16972,16970,2,-2
2022-04-19 15:24:37.364,16970,16971,16971,1,1
2022-04-19 15:24:37.365,16970,16971,16972,3,3
2022-04-19 15:24:40.024,16971,16972,16972,1,1
2022-04-19 15:24:40.025,16971,16972,16972,1,1
2022-04-19 15:24:43.991,16972,16974,16972,1,-1
2022-04-19 15:24:46.707,16973,16974,16974,1,1
2022-04-19 15:24:46.707,16973,16974,16974,1,1
2022-04-19 15:24:46.707,16973,16974,16974,1,1
2022-04-19 15:24:46.902,16974,16975,16974,1,-1
2022-04-19 15:24:46.954,16973,16974,16973,3,-3
2022-04-19 15:24:49.276,16974,16975,16974,1,-1
2022-04-19 15:24:51.189,16974,16975,16975,2,2
2022-04-19 15:24:51.494,16974,16975,16974,1,-1
2022-04-19 15:24:51.531,16974,16975,16975,1,1
2022-04-19 15:24:51.610,16974,16975,16975,2,2
2022-04-19 15:24:51.936,16974,16975,16974,2,-2
2022-04-19 15:24:51.959,16973,16974,16973,1,-1
2022-04-19 15:24:53.097,16973,16974,16973,2,-2
2022-04-19 15:24:53.289,16972,16974,16974,1,1
2022-04-19 15:24:53.851,16972,16974,16973,1,1
2022-04-19 15:24:54.895,16972,16974,16974,1,1
2022-04-19 15:24:55.067,16972,16974,16973,5,5
2022-04-19 15:24:56.822,16973,16974,16973,1,-1
2022-04-19 15:24:56.938,16972,16973,16973,1,1
2022-04-19 15:24:58.854,16972,16973,16973,1,1
2022-04-19 15:25:03.110,16973,16974,16974,1,1
2022-04-19 15:25:03.479,16973,16975,16973,2,-2
2022-04-19 15:25:03.530,16973,16975,16973,1,-1
2022-04-19 15:25:03.530,16973,16975,16973,1,-1
2022-04-19 15:25:03.530,16973,16975,16972,3,-3
2022-04-19 15:25:03.581,16972,16974,16972,2,-2
2022-04-19 15:25:05.027,16972,16973,16972,1,-1
2022-04-19 15:25:06.956,16971,16972,16971,1,-1
2022-04-19 15:25:06.956,16971,16972,16971,1,-1
2022-04-19 15:25:07.502,16970,16971,16971,2,2
2022-04-19 15:25:07.502,16970,16971,16972,2,2
2022-04-19 15:25:07.627,16970,16972,16972,1,1
2022-04-19 15:25:12.241,16970,16972,16971,1,1
2022-04-19 15:25:12.819,16970,16972,16971,1,1
2022-04-19 15:25:13.770,16970,16972,16972,1,1
2022-04-19 15:25:16.266,16971,16972,16972,1,1
2022-04-19 15:25:16.267,16971,16972,16973,2,2
2022-04-19 15:25:19.489,16972,16974,16974,1,1
2022-04-19 15:25:19.490,16972,16974,16974,1,1
2022-04-19 15:25:19.490,16972,16974,16974,5,5
2022-04-19 15:25:19.490,16972,16974,16974,1,1
