2020-01-10,15:00:00.058000,12015,12016,12015,28
2020-01-10,15:00:00.209000,12015,12016,12015,1
2020-01-10,15:00:00.398000,12015,12016,12015,2
2020-01-10,15:00:00.629000,12015,12016,12016,1
2020-01-10,15:00:00.631000,12015,12016,12016,1
2020-01-10,15:00:00.633000,12015,12016,12016,1
2020-01-10,15:00:00.643000,12015,12016,12016,1
2020-01-10,15:00:00.662000,12015,12016,12016,1
2020-01-10,15:00:00.756000,12015,12016,12015,2
2020-01-10,15:00:00.773000,12015,12016,12016,3
2020-01-10,15:00:00.778000,12015,12016,12016,1
2020-01-10,15:00:00.809000,12015,12016,12016,4
2020-01-10,15:00:00.874000,12015,12016,12016,2
2020-01-10,15:00:00.889000,12015,12016,12015,1
2020-01-10,15:00:00.901000,12015,12016,12016,2
2020-01-10,15:00:00.901000,12015,12016,12017,2
2020-01-10,15:00:00.955000,12015,12016,12017,3
2020-01-10,15:00:01.016000,12015,12016,12017,2
2020-01-10,15:00:01.086000,12015,12017,12017,3
2020-01-10,15:00:01.116000,12015,12017,12016,4
2020-01-10,15:00:01.150000,12016,12017,12017,2
2020-01-10,15:00:01.159000,12016,12017,12017,4
2020-01-10,15:00:01.257000,12016,12017,12018,2
2020-01-10,15:00:01.269000,12016,12018,12018,2
2020-01-10,15:00:01.392000,12016,12017,12017,1
2020-01-10,15:00:01.396000,12016,12017,12017,1
2020-01-10,15:00:01.482000,12016,12017,12018,11
2020-01-10,15:00:01.584000,12016,12018,12018,3
2020-01-10,15:00:02.064000,12016,12018,12018,12
2020-01-10,15:00:02.181000,12016,12018,12017,1
2020-01-10,15:00:02.229000,12016,12018,12018,2
2020-01-10,15:00:02.234000,12016,12018,12017,1
2020-01-10,15:00:02.284000,12017,12018,12018,2
2020-01-10,15:00:02.496000,12017,12019,12018,1
2020-01-10,15:00:02.496000,12017,12019,12019,1
2020-01-10,15:00:03.555000,12015,12016,12016,5
2020-01-10,15:00:03.687000,12015,12016,12017,3
2020-01-10,15:00:03.891000,12015,12018,12017,3
2020-01-10,15:00:03.922000,12015,12018,12017,1
2020-01-10,15:00:05.577000,12016,12017,12017,1
2020-01-10,15:00:05.876000,12017,12018,12017,1
2020-01-10,15:00:05.876000,12017,12018,12016,1
2020-01-10,15:00:09.480000,12016,12017,12017,1
2020-01-10,15:00:09.530000,12016,12017,12017,3
2020-01-10,15:00:11.003000,12016,12017,12016,1
2020-01-10,15:00:11.460000,12016,12017,12016,1
2020-01-10,15:00:11.517000,12016,12017,12016,2
2020-01-10,15:00:12.209000,12015,12016,12015,2
2020-01-10,15:00:12.561000,12015,12016,12016,2
2020-01-10,15:00:12.734000,12015,12016,12015,5
2020-01-10,15:00:12.877000,12015,12016,12016,1
2020-01-10,15:00:15.085000,12015,12016,12015,3
2020-01-10,15:00:15.664000,12015,12016,12016,1
2020-01-10,15:00:15.722000,12015,12016,12016,1
2020-01-10,15:00:16.181000,12015,12016,12016,1
2020-01-10,15:00:17.038000,12015,12016,12015,1
2020-01-10,15:00:17.332000,12015,12016,12015,18
2020-01-10,15:00:17.332000,12015,12016,12014,6
2020-01-10,15:00:17.654000,12014,12015,12014,2
2020-01-10,15:00:17.767000,12013,12014,12014,1
2020-01-10,15:00:17.768000,12013,12014,12014,1
2020-01-10,15:00:19.953000,12014,12015,12015,1
2020-01-10,15:00:20.309000,12015,12016,12015,1
2020-01-10,15:00:20.735000,12015,12016,12016,1
2020-01-10,15:00:20.741000,12015,12016,12015,1
2020-01-10,15:00:21.092000,12015,12016,12015,1
2020-01-10,15:00:21.234000,12015,12016,12016,1
2020-01-10,15:00:22.210000,12015,12016,12015,1
2020-01-10,15:00:24.280000,12015,12016,12015,1
2020-01-10,15:00:26.033000,12015,12016,12015,3
2020-01-10,15:00:27.262000,12015,12016,12015,1
2020-01-10,15:00:28.865000,12015,12016,12015,2
2020-01-10,15:00:30.046000,12015,12016,12015,1
2020-01-10,15:00:30.525000,12015,12016,12015,1
2020-01-10,15:00:34.143000,12015,12016,12015,5
2020-01-10,15:00:35.831000,12015,12016,12016,8
2020-01-10,15:00:35.831000,12015,12016,12017,37
2020-01-10,15:00:37.667000,12017,12018,12018,2
2020-01-10,15:00:40.081000,12018,12019,12018,5
2020-01-10,15:00:42.924000,12018,12019,12018,5
2020-01-10,15:00:45.400000,12018,12019,12018,2
2020-01-10,15:00:46.022000,12018,12019,12018,1
2020-01-10,15:00:46.312000,12017,12018,12018,1
2020-01-10,15:00:46.632000,12017,12018,12018,1
2020-01-10,15:00:49.354000,12017,12018,12017,1
2020-01-10,15:00:50.717000,12017,12018,12018,1
2020-01-10,15:00:50.760000,12017,12018,12018,1
2020-01-10,15:00:51.666000,12017,12018,12018,3
2020-01-10,15:00:52.375000,12017,12018,12018,1
2020-01-10,15:00:53.766000,12017,12018,12018,1
2020-01-10,15:00:57.166000,12017,12018,12018,1
2020-01-10,15:00:57.229000,12017,12018,12018,1
2020-01-10,15:00:57.284000,12017,12018,12018,3
2020-01-10,15:00:57.309000,12017,12018,12018,1
2020-01-10,15:01:00.025000,12018,12019,12019,2
2020-01-10,15:01:00.056000,12018,12019,12019,2
2020-01-10,15:01:00.073000,12018,12019,12018,3
2020-01-10,15:01:00.158000,12018,12019,12019,2
2020-01-10,15:01:00.209000,12018,12019,12019,1
2020-01-10,15:01:00.537000,12018,12019,12019,1
2020-01-10,15:01:00.572000,12018,12019,12019,1
2020-01-10,15:01:00.849000,12018,12019,12019,1
2020-01-10,15:01:00.849000,12018,12019,12020,1
2020-01-10,15:01:00.850000,12018,12019,12020,6
2020-01-10,15:01:00.897000,12018,12020,12020,4
2020-01-10,15:01:00.901000,12018,12020,12020,4
2020-01-10,15:01:00.915000,12018,12020,12020,4
2020-01-10,15:01:01.346000,12019,12020,12019,2
2020-01-10,15:01:01.970000,12019,12020,12020,1
2020-01-10,15:01:01.970000,12019,12020,12020,1
2020-01-10,15:01:01.999000,12019,12020,12020,2
2020-01-10,15:01:02.026000,12019,12020,12020,1
2020-01-10,15:01:02.029000,12019,12020,12020,1
2020-01-10,15:01:02.034000,12019,12020,12020,1
2020-01-10,15:01:02.038000,12019,12020,12020,1
2020-01-10,15:01:02.038000,12019,12020,12020,1
2020-01-10,15:01:02.232000,12019,12020,12020,1
2020-01-10,15:01:02.267000,12019,12020,12020,4
2020-01-10,15:01:02.267000,12019,12020,12020,10
2020-01-10,15:01:02.267000,12019,12020,12020,2
2020-01-10,15:01:02.268000,12019,12020,12020,6
2020-01-10,15:01:02.393000,12019,12020,12020,2
2020-01-10,15:01:02.393000,12019,12020,12020,3
2020-01-10,15:01:02.647000,12020,12021,12021,1
2020-01-10,15:01:02.774000,12020,12021,12021,8
2020-01-10,15:01:02.847000,12020,12021,12022,1
2020-01-10,15:01:02.863000,12020,12021,12022,1
2020-01-10,15:01:03.015000,12020,12022,12020,1
2020-01-10,15:01:04.380000,12020,12021,12021,1
2020-01-10,15:01:04.380000,12020,12021,12022,1
2020-01-10,15:01:05.833000,12020,12022,12022,1
2020-01-10,15:01:06.170000,12021,12022,12021,1
2020-01-10,15:01:06.181000,12021,12022,12022,2
2020-01-10,15:01:06.459000,12020,12022,12020,1
2020-01-10,15:01:07.263000,12020,12022,12022,1
2020-01-10,15:01:08.807000,12020,12021,12021,2
2020-01-10,15:01:09.647000,12021,12022,12021,2
2020-01-10,15:01:09.647000,12021,12022,12020,1
2020-01-10,15:01:10.320000,12020,12022,12022,3
2020-01-10,15:01:11.296000,12021,12022,12022,1
2020-01-10,15:01:11.361000,12021,12022,12022,1
2020-01-10,15:01:11.749000,12021,12022,12022,1
2020-01-10,15:01:13.380000,12021,12022,12021,1
2020-01-10,15:01:14.104000,12021,12022,12022,2
2020-01-10,15:01:14.452000,12021,12022,12021,1
2020-01-10,15:01:15.781000,12021,12022,12021,1
2020-01-10,15:01:18.407000,12021,12022,12022,1
2020-01-10,15:01:19.423000,12021,12022,12021,1
2020-01-10,15:01:19.549000,12021,12022,12022,1
2020-01-10,15:01:24.080000,12021,12022,12021,1
2020-01-10,15:01:27.268000,12021,12022,12022,1
2020-01-10,15:01:28.196000,12021,12022,12021,2
2020-01-10,15:01:29.131000,12021,12022,12022,1
2020-01-10,15:01:30.346000,12021,12022,12022,1
2020-01-10,15:01:30.859000,12021,12022,12021,3
2020-01-10,15:01:31.343000,12021,12022,12021,1
2020-01-10,15:01:32.748000,12021,12022,12021,6
2020-01-10,15:01:32.858000,12021,12022,12022,3
2020-01-10,15:01:32.981000,12021,12022,12021,1
2020-01-10,15:01:35.395000,12021,12022,12021,1
2020-01-10,15:01:36.699000,12021,12022,12021,1
2020-01-10,15:01:39.257000,12021,12022,12022,1
2020-01-10,15:01:39.567000,12021,12022,12022,1
2020-01-10,15:01:40.354000,12021,12022,12021,1
2020-01-10,15:01:41.666000,12021,12022,12021,2
2020-01-10,15:01:44.142000,12021,12022,12021,7
2020-01-10,15:01:44.168000,12021,12022,12022,1
2020-01-10,15:01:44.415000,12020,12021,12021,4
2020-01-10,15:01:44.489000,12020,12021,12021,1
2020-01-10,15:01:48.143000,12020,12021,12021,2
2020-01-10,15:01:52.474000,12020,12021,12020,1
2020-01-10,15:01:56.994000,12020,12021,12020,1
2020-01-10,15:01:57.676000,12020,12021,12020,2
2020-01-10,15:01:59.669000,12020,12021,12021,12
2020-01-10,15:01:59.670000,12020,12021,12021,3
2020-01-10,15:01:59.689000,12020,12021,12021,1
2020-01-10,15:01:59.839000,12020,12021,12020,2
2020-01-10,15:02:00.063000,12020,12021,12021,2
2020-01-10,15:02:00.152000,12020,12021,12021,1
2020-01-10,15:02:00.541000,12020,12021,12020,1
2020-01-10,15:02:01.981000,12020,12021,12021,1
2020-01-10,15:02:02.079000,12020,12021,12021,4
2020-01-10,15:02:03.780000,12020,12021,12020,1
2020-01-10,15:02:04.120000,12020,12021,12021,6
2020-01-10,15:02:04.675000,12020,12021,12021,1
2020-01-10,15:02:05.033000,12020,12021,12021,4
2020-01-10,15:02:11.493000,12020,12021,12020,2
2020-01-10,15:02:15.074000,12020,12021,12020,1
2020-01-10,15:02:16.739000,12020,12021,12021,1
2020-01-10,15:02:18.515000,12020,12021,12021,5
2020-01-10,15:02:21.976000,12020,12021,12021,2
2020-01-10,15:02:23.998000,12020,12021,12021,2
2020-01-10,15:02:28.256000,12020,12021,12021,1
2020-01-10,15:02:33.544000,12020,12021,12021,1
2020-01-10,15:02:39.275000,12020,12021,12021,2
2020-01-10,15:02:41.165000,12020,12021,12021,1
2020-01-10,15:02:46.963000,12020,12021,12021,1
2020-01-10,15:02:56.018000,12020,12021,12020,1
2020-01-10,15:03:00.483000,12020,12021,12020,1
2020-01-10,15:03:02.843000,12020,12021,12021,1
2020-01-10,15:03:02.904000,12020,12021,12020,2
2020-01-10,15:03:03.027000,12020,12021,12020,1
2020-01-10,15:03:07.663000,12020,12021,12020,2
2020-01-10,15:03:08.522000,12020,12021,12020,1
2020-01-10,15:03:10.392000,12020,12021,12020,9
2020-01-10,15:03:10.392000,12020,12021,12020,7
2020-01-10,15:03:11.642000,12019,12020,12019,2
2020-01-10,15:03:13.077000,12019,12020,12020,2
2020-01-10,15:03:14.536000,12019,12020,12019,1
2020-01-10,15:03:14.642000,12019,12020,12019,1
2020-01-10,15:03:14.643000,12019,12020,12019,1
2020-01-10,15:03:14.643000,12019,12020,12019,4
2020-01-10,15:03:22.004000,12019,12020,12019,3
2020-01-10,15:03:30.745000,12018,12019,12018,3
2020-01-10,15:03:32.137000,12018,12019,12018,1
2020-01-10,15:03:32.827000,12018,12019,12018,1
2020-01-10,15:03:36.917000,12018,12019,12018,1
2020-01-10,15:03:37.092000,12018,12019,12018,1
2020-01-10,15:03:37.975000,12018,12019,12018,1
2020-01-10,15:03:38.195000,12018,12019,12018,1
2020-01-10,15:03:38.719000,12018,12019,12018,1
2020-01-10,15:03:38.925000,12018,12019,12018,1
2020-01-10,15:03:39.966000,12018,12019,12018,2
2020-01-10,15:03:44.570000,12018,12019,12018,2
2020-01-10,15:03:50.463000,12018,12019,12018,1
2020-01-10,15:03:51.784000,12018,12019,12018,3
2020-01-10,15:03:55.833000,12018,12019,12018,1
2020-01-10,15:03:57.355000,12018,12019,12018,1
2020-01-10,15:03:58.115000,12018,12019,12018,3
2020-01-10,15:04:00.925000,12018,12019,12018,1
2020-01-10,15:04:03.221000,12017,12019,12017,3
2020-01-10,15:04:10.932000,12017,12018,12017,3
2020-01-10,15:04:19.097000,12016,12017,12017,9
2020-01-10,15:04:22.267000,12017,12018,12018,8
2020-01-10,15:04:22.765000,12017,12018,12017,1
2020-01-10,15:04:23.718000,12017,12018,12018,1
2020-01-10,15:04:24.134000,12017,12018,12018,1
2020-01-10,15:04:26.935000,12017,12018,12018,1
2020-01-10,15:04:27.446000,12017,12019,12019,1
2020-01-10,15:04:32.672000,12018,12019,12019,1
2020-01-10,15:04:33.173000,12018,12019,12019,10
2020-01-10,15:04:34.779000,12018,12019,12018,1
2020-01-10,15:04:35.252000,12018,12019,12019,1
2020-01-10,15:04:36.235000,12018,12019,12019,2
2020-01-10,15:04:38.209000,12018,12019,12019,1
2020-01-10,15:04:40.804000,12018,12019,12018,1
2020-01-10,15:04:42.161000,12018,12019,12019,2
2020-01-10,15:04:42.301000,12018,12019,12018,1
2020-01-10,15:04:48.650000,12018,12019,12018,1
2020-01-10,15:04:53.030000,12018,12019,12018,1
2020-01-10,15:04:55.535000,12018,12019,12018,1
2020-01-10,15:04:57.741000,12018,12019,12018,1
2020-01-10,15:05:01.664000,12018,12019,12019,16
2020-01-10,15:05:01.664000,12018,12019,12020,2
2020-01-10,15:05:03.051000,12018,12020,12020,1
2020-01-10,15:05:06.263000,12018,12019,12018,2
2020-01-10,15:05:06.294000,12018,12019,12019,10
2020-01-10,15:05:09.767000,12018,12019,12019,1
2020-01-10,15:05:17.928000,12018,12019,12018,1
2020-01-10,15:05:20.392000,12018,12019,12018,6
2020-01-10,15:05:20.834000,12018,12019,12019,5
2020-01-10,15:05:20.867000,12018,12019,12019,6
2020-01-10,15:05:27.880000,12019,12020,12019,2
2020-01-10,15:05:28.991000,12019,12020,12020,10
2020-01-10,15:05:35.001000,12019,12020,12020,10
2020-01-10,15:05:38.713000,12019,12020,12019,1
2020-01-10,15:05:38.827000,12019,12020,12020,1
2020-01-10,15:05:40.321000,12019,12020,12020,3
2020-01-10,15:05:41.053000,12019,12020,12020,3
2020-01-10,15:05:41.668000,12019,12020,12020,3
2020-01-10,15:05:42.277000,12019,12020,12020,3
2020-01-10,15:05:43.151000,12019,12020,12020,1
2020-01-10,15:05:45.293000,12019,12020,12019,20
2020-01-10,15:05:54.384000,12019,12020,12019,1
2020-01-10,15:05:56.969000,12018,12019,12019,1
2020-01-10,15:06:00.048000,12018,12019,12019,1
2020-01-10,15:06:01.478000,12018,12019,12019,1
2020-01-10,15:06:02.044000,12019,12020,12019,1
2020-01-10,15:06:04.923000,12018,12019,12019,1
2020-01-10,15:06:08.956000,12018,12019,12019,3
2020-01-10,15:06:09.027000,12019,12020,12019,1
2020-01-10,15:06:21.680000,12019,12020,12019,1
2020-01-10,15:06:36.082000,12019,12020,12019,1
2020-01-10,15:06:41.207000,12019,12020,12019,4
2020-01-10,15:06:41.688000,12019,12020,12020,3
2020-01-10,15:06:43.745000,12019,12020,12020,2
2020-01-10,15:06:44.694000,12019,12020,12020,3
2020-01-10,15:06:45.922000,12019,12020,12019,2
2020-01-10,15:06:46.639000,12019,12020,12020,2
2020-01-10,15:06:47.911000,12019,12020,12020,2
2020-01-10,15:06:49.508000,12019,12020,12020,4
2020-01-10,15:06:49.768000,12019,12020,12020,1
2020-01-10,15:06:50.148000,12019,12020,12020,2
2020-01-10,15:06:50.161000,12019,12020,12020,2
2020-01-10,15:06:50.161000,12019,12020,12021,4
2020-01-10,15:06:50.267000,12019,12020,12020,4
2020-01-10,15:06:50.268000,12019,12020,12020,1
2020-01-10,15:06:50.393000,12020,12021,12020,3
2020-01-10,15:06:51.141000,12020,12021,12021,4
2020-01-10,15:06:53.280000,12020,12021,12021,2
2020-01-10,15:06:54.067000,12020,12021,12021,2
2020-01-10,15:06:57.056000,12020,12021,12021,2
2020-01-10,15:07:00.638000,12020,12021,12020,1
2020-01-10,15:07:11.218000,12020,12021,12021,1
2020-01-10,15:07:19.775000,12020,12021,12020,1
2020-01-10,15:07:21.626000,12020,12021,12021,3
2020-01-10,15:07:22.591000,12020,12021,12021,2
2020-01-10,15:07:23.967000,12020,12021,12021,1
2020-01-10,15:07:24.017000,12020,12021,12021,1
2020-01-10,15:07:24.142000,12020,12021,12021,3
2020-01-10,15:07:24.144000,12020,12021,12021,19
2020-01-10,15:07:24.267000,12020,12021,12021,2
2020-01-10,15:07:32.390000,12021,12022,12022,1
2020-01-10,15:07:32.441000,12021,12022,12022,4
2020-01-10,15:07:32.627000,12021,12022,12022,1
2020-01-10,15:07:33.017000,12021,12022,12022,2
2020-01-10,15:07:33.142000,12021,12022,12022,2
2020-01-10,15:07:33.267000,12021,12022,12022,2
2020-01-10,15:07:33.392000,12021,12022,12022,2
2020-01-10,15:07:33.425000,12021,12022,12022,1
2020-01-10,15:07:33.518000,12022,12023,12022,1
2020-01-10,15:07:33.686000,12022,12023,12022,1
2020-01-10,15:07:35.761000,12022,12023,12023,1
2020-01-10,15:07:35.843000,12022,12023,12022,1
2020-01-10,15:07:35.901000,12022,12023,12023,2
2020-01-10,15:07:36.023000,12022,12023,12023,3
2020-01-10,15:07:36.026000,12022,12023,12023,1
2020-01-10,15:07:36.026000,12022,12023,12023,2
2020-01-10,15:07:36.113000,12022,12023,12023,1
2020-01-10,15:07:36.268000,12022,12023,12023,14
2020-01-10,15:07:36.764000,12023,12024,12024,3
2020-01-10,15:07:36.828000,12023,12024,12024,5
2020-01-10,15:07:36.829000,12023,12024,12024,1
2020-01-10,15:07:36.960000,12023,12024,12024,2
2020-01-10,15:07:36.975000,12023,12024,12024,2
2020-01-10,15:07:38.234000,12023,12024,12023,1
2020-01-10,15:07:38.681000,12023,12024,12024,1
2020-01-10,15:07:39.638000,12023,12024,12024,1
2020-01-10,15:07:40.632000,12023,12024,12024,2
2020-01-10,15:07:41.261000,12023,12024,12024,1
2020-01-10,15:07:41.598000,12023,12024,12023,1
2020-01-10,15:07:44.205000,12023,12024,12023,1
2020-01-10,15:07:44.738000,12023,12024,12024,1
2020-01-10,15:07:48.508000,12023,12024,12024,1
2020-01-10,15:07:52.043000,12023,12024,12024,1
2020-01-10,15:07:52.980000,12023,12024,12024,1
2020-01-10,15:07:53.048000,12023,12024,12024,1
2020-01-10,15:07:53.588000,12023,12024,12024,1
2020-01-10,15:07:56.525000,12023,12024,12024,4
2020-01-10,15:07:56.765000,12023,12024,12024,1
2020-01-10,15:07:57.012000,12023,12024,12023,1
2020-01-10,15:07:58.098000,12023,12024,12024,1
2020-01-10,15:07:58.587000,12023,12024,12024,1
2020-01-10,15:07:59.255000,12023,12024,12024,1
2020-01-10,15:07:59.475000,12023,12024,12024,1
2020-01-10,15:07:59.646000,12023,12024,12024,1
2020-01-10,15:08:02.076000,12023,12024,12023,1
2020-01-10,15:08:02.332000,12023,12024,12023,1
2020-01-10,15:08:02.663000,12023,12024,12023,1
2020-01-10,15:08:02.794000,12023,12024,12024,1
2020-01-10,15:08:02.942000,12023,12024,12024,1
2020-01-10,15:08:05.930000,12023,12024,12023,1
2020-01-10,15:08:07.251000,12023,12024,12023,1
2020-01-10,15:08:10.712000,12023,12024,12023,3
2020-01-10,15:08:17.089000,12022,12023,12023,1
2020-01-10,15:08:17.581000,12022,12023,12022,1
2020-01-10,15:08:21.189000,12022,12023,12023,2
2020-01-10,15:08:25.231000,12022,12023,12023,1
2020-01-10,15:08:33.724000,12022,12023,12023,2
2020-01-10,15:08:33.775000,12022,12023,12022,1
2020-01-10,15:08:33.778000,12022,12023,12022,1
2020-01-10,15:08:33.778000,12022,12023,12022,1
2020-01-10,15:08:33.780000,12022,12023,12022,1
2020-01-10,15:08:33.782000,12022,12023,12022,1
2020-01-10,15:08:33.899000,12022,12023,12022,1
2020-01-10,15:08:33.904000,12022,12023,12022,2
2020-01-10,15:08:35.482000,12022,12023,12023,2
2020-01-10,15:08:37.122000,12022,12023,12022,4
2020-01-10,15:08:41.471000,12022,12023,12022,1
2020-01-10,15:08:43.548000,12022,12023,12022,1
2020-01-10,15:08:44.406000,12022,12023,12023,1
2020-01-10,15:08:45.387000,12022,12023,12023,1
2020-01-10,15:08:49.079000,12022,12023,12022,1
2020-01-10,15:08:53.061000,12022,12023,12022,1
2020-01-10,15:08:53.142000,12022,12023,12022,6
2020-01-10,15:08:59.604000,12021,12022,12021,2
2020-01-10,15:09:01.268000,12021,12022,12021,1
2020-01-10,15:09:12.252000,12021,12022,12021,1
2020-01-10,15:09:15.591000,12021,12022,12021,1
2020-01-10,15:09:18.957000,12021,12022,12022,1
2020-01-10,15:09:19.312000,12021,12022,12022,1
2020-01-10,15:09:24.470000,12020,12022,12022,2
2020-01-10,15:09:36.257000,12021,12022,12022,2
2020-01-10,15:09:36.686000,12021,12022,12021,1
2020-01-10,15:09:38.098000,12021,12022,12022,1
2020-01-10,15:09:38.898000,12021,12022,12022,1
2020-01-10,15:09:45.677000,12021,12022,12022,1
2020-01-10,15:09:50.046000,12021,12022,12021,1
2020-01-10,15:09:59.923000,12021,12022,12022,2
2020-01-10,15:10:00.019000,12021,12022,12022,2
2020-01-10,15:10:01.134000,12022,12023,12022,1
2020-01-10,15:10:01.545000,12022,12023,12023,1
2020-01-10,15:10:01.555000,12022,12023,12023,1
2020-01-10,15:10:01.601000,12022,12023,12023,1
2020-01-10,15:10:01.607000,12022,12023,12023,1
2020-01-10,15:10:01.889000,12022,12023,12023,3
2020-01-10,15:10:01.892000,12022,12023,12023,8
2020-01-10,15:10:02.017000,12022,12023,12023,2
2020-01-10,15:10:05.519000,12022,12023,12023,1
2020-01-10,15:10:11.212000,12022,12023,12023,1
2020-01-10,15:10:11.395000,12023,12024,12023,1
2020-01-10,15:10:13.481000,12023,12024,12023,4
2020-01-10,15:10:13.805000,12023,12024,12023,1
2020-01-10,15:10:20.051000,12022,12024,12024,2
2020-01-10,15:10:32.842000,12023,12024,12024,1
2020-01-10,15:10:44.966000,12023,12024,12023,11
2020-01-10,15:10:44.967000,12023,12024,12023,1
2020-01-10,15:10:44.967000,12023,12024,12023,2
2020-01-10,15:10:44.967000,12023,12024,12023,1
2020-01-10,15:10:47.395000,12022,12023,12023,1
2020-01-10,15:10:50.883000,12023,12024,12023,2
2020-01-10,15:10:52.056000,12023,12024,12023,2
2020-01-10,15:10:54.938000,12023,12024,12023,1
2020-01-10,15:11:02.680000,12023,12024,12023,1
2020-01-10,15:11:04.609000,12023,12024,12023,2
2020-01-10,15:11:09.289000,12023,12024,12023,1
2020-01-10,15:11:10.488000,12023,12024,12023,6
2020-01-10,15:11:26.339000,12022,12023,12022,1
2020-01-10,15:11:28.734000,12022,12023,12022,1
2020-01-10,15:11:28.940000,12022,12023,12022,1
2020-01-10,15:11:39.396000,12022,12023,12022,1
2020-01-10,15:11:40.557000,12022,12023,12022,1
2020-01-10,15:11:47.489000,12022,12023,12022,1
2020-01-10,15:11:48.687000,12022,12023,12022,1
2020-01-10,15:11:49.743000,12022,12023,12022,1
2020-01-10,15:11:49.925000,12022,12023,12022,2
2020-01-10,15:11:55.279000,12022,12023,12022,1
2020-01-10,15:12:14.010000,12022,12023,12022,2
2020-01-10,15:12:14.342000,12022,12023,12023,1
2020-01-10,15:12:14.370000,12022,12023,12023,1
2020-01-10,15:12:14.414000,12022,12023,12023,1
2020-01-10,15:12:14.416000,12022,12023,12023,1
2020-01-10,15:12:14.456000,12022,12023,12023,1
2020-01-10,15:12:16.619000,12022,12023,12022,1
2020-01-10,15:12:26.954000,12022,12023,12022,1
2020-01-10,15:13:09.737000,12022,12023,12022,1
2020-01-10,15:13:20.597000,12022,12023,12022,5
2020-01-10,15:13:21.535000,12022,12023,12022,1
2020-01-10,15:13:24.746000,12022,12023,12022,3
2020-01-10,15:13:31.864000,12022,12023,12022,1
2020-01-10,15:13:43.583000,12022,12023,12023,2
2020-01-10,15:13:43.982000,12022,12023,12023,2
2020-01-10,15:13:57.378000,12022,12023,12022,1
2020-01-10,15:13:58.894000,12022,12023,12023,2
2020-01-10,15:14:01.714000,12022,12023,12023,2
2020-01-10,15:14:07.642000,12022,12023,12022,18
2020-01-10,15:14:07.767000,12022,12023,12022,9
2020-01-10,15:14:07.767000,12022,12023,12022,1
2020-01-10,15:14:07.767000,12022,12023,12022,4
2020-01-10,15:14:07.768000,12022,12023,12022,1
2020-01-10,15:14:07.892000,12022,12023,12022,1
2020-01-10,15:14:08.010000,12022,12023,12022,1
2020-01-10,15:14:08.017000,12021,12022,12022,2
2020-01-10,15:14:11.304000,12021,12022,12021,1
2020-01-10,15:14:12.007000,12021,12022,12022,13
2020-01-10,15:14:12.007000,12021,12022,12023,2
2020-01-10,15:14:16.606000,12021,12022,12022,1
2020-01-10,15:14:19.176000,12021,12022,12021,1
2020-01-10,15:14:24.360000,12021,12022,12021,1
2020-01-10,15:14:27.080000,12021,12022,12021,1
2020-01-10,15:14:33.584000,12021,12022,12021,1
2020-01-10,15:14:33.618000,12021,12022,12022,2
2020-01-10,15:14:34.213000,12021,12022,12022,2
2020-01-10,15:14:42.395000,12021,12022,12022,3
2020-01-10,15:14:50.615000,12021,12022,12021,1
2020-01-10,15:14:59.573000,12021,12022,12021,1
2020-01-10,15:15:17.142000,12021,12022,12021,4
2020-01-10,15:15:17.143000,12021,12022,12021,11
2020-01-10,15:15:17.384000,12020,12022,12021,2
2020-01-10,15:15:18.198000,12020,12021,12021,1
2020-01-10,15:15:27.374000,12020,12021,12020,2
2020-01-10,15:15:27.392000,12020,12021,12020,5
2020-01-10,15:15:27.392000,12020,12021,12020,6
2020-01-10,15:15:27.519000,12020,12021,12020,21
2020-01-10,15:15:27.640000,12020,12021,12019,1
2020-01-10,15:15:31.277000,12019,12020,12019,1
2020-01-10,15:15:32.116000,12019,12020,12019,1
2020-01-10,15:15:32.291000,12019,12020,12019,2
2020-01-10,15:15:34.974000,12018,12019,12018,1
2020-01-10,15:15:37.040000,12018,12019,12018,1
2020-01-10,15:15:45.955000,12018,12019,12018,2
2020-01-10,15:15:48.978000,12018,12019,12018,1
2020-01-10,15:15:50.343000,12018,12019,12018,1
2020-01-10,15:15:53.614000,12018,12019,12018,1
2020-01-10,15:15:55.708000,12018,12019,12018,2
2020-01-10,15:15:58.902000,12018,12019,12019,2
2020-01-10,15:15:59.758000,12018,12019,12019,2
2020-01-10,15:16:05.345000,12019,12020,12019,1
2020-01-10,15:16:08.262000,12019,12020,12019,1
2020-01-10,15:16:09.976000,12019,12020,12019,1
2020-01-10,15:16:10.031000,12019,12020,12020,1
2020-01-10,15:16:10.031000,12019,12020,12020,1
2020-01-10,15:16:10.032000,12019,12020,12020,1
2020-01-10,15:16:10.033000,12019,12020,12020,1
2020-01-10,15:16:17.673000,12019,12020,12019,1
2020-01-10,15:16:27.798000,12019,12020,12019,1
2020-01-10,15:16:32.893000,12019,12020,12019,2
2020-01-10,15:16:34.860000,12019,12020,12019,1
2020-01-10,15:16:38.474000,12019,12020,12019,1
2020-01-10,15:16:40.745000,12019,12020,12019,1
2020-01-10,15:16:41.812000,12019,12020,12019,4
2020-01-10,15:16:45.358000,12018,12019,12018,1
2020-01-10,15:16:53.638000,12018,12019,12018,1
2020-01-10,15:17:01.318000,12018,12019,12018,1
2020-01-10,15:17:01.559000,12018,12019,12019,2
2020-01-10,15:17:01.893000,12018,12019,12019,1
2020-01-10,15:17:13.530000,12019,12020,12019,2
2020-01-10,15:17:15.572000,12019,12020,12019,2
2020-01-10,15:17:30.875000,12019,12020,12019,1
2020-01-10,15:17:34.573000,12019,12020,12019,1
2020-01-10,15:17:43.571000,12019,12020,12020,7
2020-01-10,15:17:49.227000,12019,12020,12019,2
2020-01-10,15:17:51.804000,12019,12020,12020,1
2020-01-10,15:18:01.409000,12019,12020,12020,1
2020-01-10,15:18:24.611000,12019,12020,12020,1
2020-01-10,15:18:50.818000,12019,12020,12019,1
2020-01-10,15:19:14.694000,12019,12020,12019,1
2020-01-10,15:19:41.930000,12019,12020,12019,1
2020-01-10,15:19:58.765000,12019,12020,12019,1
2020-01-10,15:20:02.467000,12019,12020,12019,2
2020-01-10,15:20:26.683000,12019,12020,12019,2
2020-01-10,15:20:29.359000,12019,12020,12020,2
2020-01-10,15:20:29.580000,12019,12020,12019,2
2020-01-10,15:20:30.012000,12019,12020,12019,2
2020-01-10,15:20:30.095000,12019,12020,12019,2
2020-01-10,15:20:30.252000,12019,12020,12019,2
2020-01-10,15:20:32.825000,12019,12020,12019,2
2020-01-10,15:20:32.886000,12019,12020,12019,2
2020-01-10,15:20:45.724000,12019,12020,12019,1
2020-01-10,15:20:59.153000,12019,12020,12019,1
2020-01-10,15:21:13.671000,12019,12020,12019,1
2020-01-10,15:21:17.685000,12019,12020,12019,1
2020-01-10,15:21:28.301000,12019,12020,12019,3
2020-01-10,15:21:38.224000,12019,12020,12019,1
2020-01-10,15:21:57.132000,12019,12020,12019,1
2020-01-10,15:21:57.464000,12019,12020,12019,4
2020-01-10,15:22:01.238000,12019,12020,12019,3
2020-01-10,15:22:03.054000,12019,12020,12019,2
2020-01-10,15:22:05.264000,12019,12020,12019,2
2020-01-10,15:22:10.441000,12019,12020,12019,1
2020-01-10,15:22:10.441000,12019,12020,12019,1
2020-01-10,15:22:10.940000,12018,12020,12018,2
2020-01-10,15:22:33.413000,12018,12019,12018,1
2020-01-10,15:22:48.514000,12018,12019,12018,1
2020-01-10,15:22:54.193000,12018,12019,12019,2
2020-01-10,15:22:54.892000,12018,12019,12019,1
2020-01-10,15:23:00.095000,12019,12020,12020,1
2020-01-10,15:23:15.582000,12019,12020,12020,1
2020-01-10,15:23:29.436000,12019,12020,12020,1
2020-01-10,15:23:46.979000,12019,12020,12020,1
2020-01-10,15:24:10.487000,12019,12020,12020,1
2020-01-10,15:24:25.436000,12019,12020,12019,1
2020-01-10,15:24:26.447000,12019,12020,12019,30
2020-01-10,15:24:26.447000,12019,12020,12018,25
2020-01-10,15:24:26.518000,12018,12019,12018,1
2020-01-10,15:24:26.518000,12018,12019,12018,3
2020-01-10,15:24:31.579000,12017,12018,12018,3
2020-01-10,15:24:31.579000,12017,12018,12019,7
2020-01-10,15:24:31.767000,12018,12019,12018,1
2020-01-10,15:24:32.722000,12018,12019,12018,1
2020-01-10,15:24:37.058000,12018,12019,12018,1
2020-01-10,15:24:48.028000,12018,12019,12018,4
2020-01-10,15:24:53.649000,12018,12019,12018,2
2020-01-10,15:24:55.191000,12018,12019,12019,1
2020-01-10,15:25:01.773000,12018,12019,12019,1
2020-01-10,15:25:08.426000,12018,12019,12018,1
2020-01-10,15:25:32.662000,12018,12019,12018,1
2020-01-10,15:25:33.024000,12018,12019,12018,1
2020-01-10,15:25:33.209000,12018,12019,12018,1
2020-01-10,15:25:34.511000,12018,12019,12018,1
2020-01-10,15:25:42.494000,12018,12019,12018,1
2020-01-10,15:25:42.681000,12018,12019,12018,1
2020-01-10,15:25:45.138000,12018,12019,12018,1
2020-01-10,15:25:46.147000,12017,12018,12018,1
2020-01-10,15:25:47.014000,12017,12018,12017,1
2020-01-10,15:25:47.058000,12017,12018,12017,3
2020-01-10,15:25:47.253000,12017,12018,12017,5
2020-01-10,15:25:52.900000,12017,12018,12018,1
2020-01-10,15:26:02.897000,12017,12018,12018,3
2020-01-10,15:26:05.284000,12017,12019,12017,2
2020-01-10,15:26:05.392000,12018,12019,12018,1
2020-01-10,15:26:18.165000,12018,12019,12018,1
2020-01-10,15:26:19.398000,12018,12019,12018,1
2020-01-10,15:27:51.910000,12017,12018,12018,1
2020-01-10,15:27:57.533000,12017,12018,12017,1
2020-01-10,15:28:12.647000,12017,12018,12017,1
2020-01-10,15:28:16.300000,12017,12018,12017,1
2020-01-10,15:28:29.120000,12017,12018,12017,1
2020-01-10,15:28:44.017000,12017,12018,12017,1
2020-01-10,15:28:45.665000,12017,12018,12017,1
2020-01-10,15:28:46.672000,12017,12018,12017,1
2020-01-10,15:29:07.433000,12017,12018,12017,3
2020-01-10,15:29:49.239000,12017,12018,12017,1
2020-01-10,15:29:50.177000,12017,12018,12017,4
2020-01-10,15:29:52.122000,12017,12018,12017,1
2020-01-10,15:30:02.027000,12017,12018,12017,4
2020-01-10,15:30:02.340000,12017,12018,12017,1
2020-01-10,15:30:03.361000,12017,12018,12017,1
2020-01-10,15:30:03.364000,12017,12018,12017,1
2020-01-10,15:30:03.477000,12017,12018,12017,1
2020-01-10,15:30:09.624000,12017,12018,12017,1
2020-01-10,15:30:12.032000,12017,12018,12017,1
2020-01-10,15:30:24.721000,12017,12018,12017,1
2020-01-10,15:30:25.460000,12016,12018,12018,5
2020-01-10,15:30:25.886000,12017,12018,12017,1
2020-01-10,15:30:52.447000,12017,12018,12017,1
2020-01-10,15:31:00.691000,12017,12018,12018,1
2020-01-10,15:31:08.022000,12017,12018,12018,5
2020-01-10,15:31:08.056000,12017,12018,12017,1
2020-01-10,15:31:14.626000,12016,12017,12017,5
2020-01-10,15:31:14.649000,12016,12017,12017,1
2020-01-10,15:31:14.659000,12016,12017,12017,1
2020-01-10,15:31:14.662000,12016,12017,12017,1
2020-01-10,15:31:14.663000,12016,12017,12017,1
2020-01-10,15:31:16.289000,12016,12017,12016,1
2020-01-10,15:31:16.569000,12016,12017,12016,1
2020-01-10,15:31:19.503000,12016,12017,12017,5
2020-01-10,15:31:20.531000,12016,12017,12016,1
2020-01-10,15:31:20.538000,12016,12017,12017,1
2020-01-10,15:31:29.485000,12016,12017,12017,5
2020-01-10,15:31:31.022000,12016,12017,12017,5
2020-01-10,15:31:46.243000,12016,12017,12017,1
2020-01-10,15:31:54.853000,12016,12017,12017,5
2020-01-10,15:31:57.360000,12016,12017,12016,1
2020-01-10,15:32:08.903000,12016,12017,12016,1
2020-01-10,15:32:14.467000,12016,12017,12017,5
2020-01-10,15:32:15.080000,12016,12018,12018,5
2020-01-10,15:32:15.652000,12017,12018,12017,1
2020-01-10,15:32:15.700000,12017,12018,12018,5
2020-01-10,15:32:16.754000,12017,12018,12017,1
2020-01-10,15:32:17.116000,12016,12018,12016,1
2020-01-10,15:32:21.335000,12016,12017,12017,1
2020-01-10,15:32:31.847000,12016,12017,12017,1
2020-01-10,15:32:40.128000,12016,12017,12017,1
2020-01-10,15:32:46.133000,12016,12017,12017,5
2020-01-10,15:32:57.077000,12016,12017,12017,5
2020-01-10,15:32:58.284000,12016,12017,12017,5
2020-01-10,15:32:59.956000,12016,12017,12017,1
2020-01-10,15:33:00.017000,12017,12018,12017,1
2020-01-10,15:33:32.333000,12016,12017,12016,2
2020-01-10,15:33:37.138000,12016,12017,12016,1
2020-01-10,15:33:43.263000,12016,12017,12017,5
2020-01-10,15:33:44.501000,12016,12017,12017,4
2020-01-10,15:33:44.501000,12016,12017,12018,1
2020-01-10,15:33:59.528000,12016,12017,12016,1
2020-01-10,15:34:01.619000,12016,12017,12017,5
2020-01-10,15:34:02.878000,12016,12017,12017,5
2020-01-10,15:34:03.586000,12016,12017,12016,5
2020-01-10,15:34:12.470000,12016,12017,12017,5
2020-01-10,15:34:16.216000,12016,12017,12017,3
2020-01-10,15:34:25.520000,12016,12017,12017,5
2020-01-10,15:34:26.578000,12016,12017,12017,5
2020-01-10,15:34:27.044000,12016,12017,12016,3
2020-01-10,15:34:51.920000,12016,12017,12016,1
2020-01-10,15:35:01.614000,12016,12017,12016,3
2020-01-10,15:35:03.730000,12016,12017,12016,10
2020-01-10,15:35:12.257000,12015,12016,12015,3
2020-01-10,15:35:12.322000,12015,12016,12015,2
2020-01-10,15:35:15.716000,12015,12016,12015,1
2020-01-10,15:35:15.717000,12015,12016,12015,4
2020-01-10,15:35:15.717000,12015,12016,12015,9
2020-01-10,15:35:15.717000,12015,12016,12015,2
2020-01-10,15:35:15.720000,12015,12016,12015,3
2020-01-10,15:35:15.760000,12015,12016,12015,3
2020-01-10,15:35:30.106000,12014,12015,12014,1
2020-01-10,15:35:30.333000,12014,12015,12014,4
2020-01-10,15:35:30.353000,12014,12015,12014,1
2020-01-10,15:35:30.392000,12014,12015,12014,2
2020-01-10,15:35:31.189000,12013,12015,12015,1
2020-01-10,15:35:31.393000,12014,12015,12015,1
2020-01-10,15:35:33.431000,12014,12015,12014,1
2020-01-10,15:35:33.517000,12014,12015,12014,2
2020-01-10,15:35:33.967000,12014,12015,12014,1
2020-01-10,15:35:34.051000,12014,12015,12014,1
2020-01-10,15:35:39.503000,12014,12015,12015,1
2020-01-10,15:35:40.723000,12014,12015,12014,5
2020-01-10,15:35:41.128000,12014,12015,12014,1
2020-01-10,15:35:41.791000,12014,12015,12014,1
2020-01-10,15:35:42.362000,12014,12015,12014,1
2020-01-10,15:35:43.211000,12014,12015,12014,1
2020-01-10,15:35:44.742000,12014,12015,12014,1
2020-01-10,15:35:47.730000,12013,12014,12013,1
2020-01-10,15:35:47.998000,12013,12014,12013,1
2020-01-10,15:35:48.021000,12013,12014,12013,1
2020-01-10,15:35:48.105000,12013,12014,12013,1
2020-01-10,15:35:51.907000,12013,12014,12013,1
2020-01-10,15:35:53.354000,12013,12014,12013,1
2020-01-10,15:35:53.964000,12013,12014,12013,3
2020-01-10,15:35:55.037000,12013,12014,12014,2
2020-01-10,15:36:03.604000,12013,12014,12013,1
2020-01-10,15:36:13.634000,12013,12014,12013,1
2020-01-10,15:36:14.510000,12013,12014,12013,17
2020-01-10,15:36:14.511000,12013,12014,12013,2
2020-01-10,15:36:14.511000,12013,12014,12013,1
2020-01-10,15:36:14.511000,12013,12014,12013,1
2020-01-10,15:36:14.511000,12013,12014,12013,2
2020-01-10,15:36:14.511000,12013,12014,12013,1
2020-01-10,15:36:14.511000,12013,12014,12013,2
2020-01-10,15:36:14.518000,12012,12013,12013,1
2020-01-10,15:36:18.110000,12013,12014,12013,5
2020-01-10,15:36:18.488000,12013,12014,12013,1
2020-01-10,15:36:21.707000,12013,12014,12013,10
2020-01-10,15:36:24.336000,12013,12014,12013,2
2020-01-10,15:36:26.990000,12012,12013,12013,1
2020-01-10,15:36:39.930000,12012,12013,12013,1
2020-01-10,15:36:45.247000,12012,12013,12012,1
2020-01-10,15:36:55.476000,12012,12013,12012,1
2020-01-10,15:36:59.852000,12012,12013,12012,4
2020-01-10,15:37:01.716000,12012,12013,12012,2
2020-01-10,15:37:03.167000,12012,12013,12012,2
2020-01-10,15:37:14.345000,12012,12013,12012,17
2020-01-10,15:37:14.394000,12011,12012,12012,3
2020-01-10,15:37:16.968000,12012,12013,12012,1
2020-01-10,15:37:21.767000,12012,12013,12012,1
2020-01-10,15:37:24.801000,12012,12013,12012,7
2020-01-10,15:37:24.803000,12012,12013,12012,1
2020-01-10,15:37:30.312000,12011,12012,12011,1
2020-01-10,15:37:33.321000,12011,12012,12011,1
2020-01-10,15:37:37.742000,12011,12012,12011,1
2020-01-10,15:37:40.735000,12011,12012,12011,1
2020-01-10,15:37:42.559000,12011,12012,12011,1
2020-01-10,15:37:44.014000,12011,12012,12011,15
2020-01-10,15:37:44.371000,12011,12012,12011,1
2020-01-10,15:37:44.780000,12011,12012,12011,1
2020-01-10,15:37:47.172000,12011,12012,12011,9
2020-01-10,15:37:47.172000,12011,12012,12010,6
2020-01-10,15:37:47.392000,12010,12011,12011,1
2020-01-10,15:37:47.517000,12010,12011,12011,1
2020-01-10,15:37:48.740000,12011,12012,12011,2
2020-01-10,15:37:49.076000,12011,12012,12011,1
2020-01-10,15:37:49.658000,12010,12011,12011,1
2020-01-10,15:37:52.408000,12011,12012,12011,1
2020-01-10,15:37:53.915000,12011,12012,12011,1
2020-01-10,15:37:56.084000,12011,12012,12011,2
2020-01-10,15:37:58.838000,12010,12011,12011,1
2020-01-10,15:38:01.193000,12011,12012,12011,1
2020-01-10,15:38:07.741000,12011,12012,12011,1
2020-01-10,15:38:08.770000,12011,12012,12011,1
2020-01-10,15:38:17.886000,12011,12012,12011,1
2020-01-10,15:38:24.346000,12011,12012,12011,4
2020-01-10,15:38:35.305000,12011,12012,12011,1
2020-01-10,15:38:36.942000,12011,12012,12011,5
2020-01-10,15:39:00.476000,12011,12012,12012,1
2020-01-10,15:39:01.876000,12011,12012,12011,1
2020-01-10,15:39:08.416000,12011,12012,12012,1
2020-01-10,15:39:11.092000,12011,12012,12012,1
2020-01-10,15:39:13.921000,12011,12012,12012,1
2020-01-10,15:39:14.639000,12011,12012,12012,1
2020-01-10,15:39:22.272000,12011,12012,12011,2
2020-01-10,15:39:32.386000,12011,12012,12011,5
2020-01-10,15:39:32.386000,12011,12012,12011,5
2020-01-10,15:39:32.386000,12011,12012,12011,5
2020-01-10,15:39:32.387000,12011,12012,12011,5
2020-01-10,15:39:32.387000,12011,12012,12011,8
2020-01-10,15:39:32.387000,12011,12012,12011,1
2020-01-10,15:39:32.387000,12011,12012,12011,2
2020-01-10,15:39:32.387000,12011,12012,12011,1
2020-01-10,15:39:32.387000,12011,12012,12011,1
2020-01-10,15:39:35.500000,12010,12011,12011,1
2020-01-10,15:39:36.857000,12010,12011,12011,1
2020-01-10,15:39:37.682000,12010,12011,12011,1
2020-01-10,15:39:38.444000,12010,12011,12010,1
2020-01-10,15:39:38.836000,12010,12011,12010,5
2020-01-10,15:39:39.271000,12010,12011,12010,1
2020-01-10,15:39:39.451000,12010,12011,12010,1
2020-01-10,15:39:40.458000,12010,12011,12010,1
2020-01-10,15:39:40.951000,12010,12011,12010,1
2020-01-10,15:39:41.284000,12010,12011,12010,2
2020-01-10,15:39:44.013000,12010,12011,12010,2
2020-01-10,15:39:45.855000,12010,12011,12010,1
2020-01-10,15:39:48.438000,12010,12011,12010,14
2020-01-10,15:39:48.517000,12010,12011,12010,3
2020-01-10,15:39:48.518000,12010,12011,12010,2
2020-01-10,15:39:48.642000,12010,12011,12010,2
2020-01-10,15:39:48.642000,12010,12011,12010,1
2020-01-10,15:39:48.642000,12010,12011,12010,2
2020-01-10,15:39:48.643000,12010,12011,12010,2
2020-01-10,15:39:48.643000,12010,12011,12010,2
2020-01-10,15:39:48.900000,12009,12010,12010,2
2020-01-10,15:39:49.033000,12009,12010,12010,1
2020-01-10,15:39:49.785000,12009,12010,12010,12
2020-01-10,15:39:50.102000,12009,12010,12009,1
2020-01-10,15:39:50.205000,12009,12010,12009,10
2020-01-10,15:39:50.392000,12009,12010,12010,3
2020-01-10,15:39:50.478000,12009,12010,12009,2
2020-01-10,15:39:50.500000,12009,12010,12008,1
2020-01-10,15:39:50.579000,12008,12010,12009,1
2020-01-10,15:39:50.707000,12009,12010,12009,3
2020-01-10,15:39:50.707000,12009,12010,12008,8
2020-01-10,15:39:50.760000,12009,12010,12009,1
2020-01-10,15:39:50.845000,12008,12010,12008,3
2020-01-10,15:39:50.993000,12008,12010,12008,1
2020-01-10,15:39:51.063000,12008,12009,12008,1
2020-01-10,15:39:51.121000,12008,12009,12008,1
2020-01-10,15:39:51.178000,12008,12009,12008,1
2020-01-10,15:39:51.217000,12008,12009,12007,1
2020-01-10,15:39:51.528000,12008,12009,12008,1
2020-01-10,15:39:52.188000,12008,12009,12009,1
2020-01-10,15:39:52.188000,12008,12009,12009,10
2020-01-10,15:39:54.669000,12009,12010,12010,2
2020-01-10,15:39:55.543000,12009,12010,12010,1
2020-01-10,15:40:00.771000,12010,12011,12010,1
2020-01-10,15:40:01.438000,12010,12011,12010,1
2020-01-10,15:40:09.959000,12010,12011,12010,3
2020-01-10,15:40:24.933000,12010,12011,12010,1
2020-01-10,15:40:31.497000,12010,12011,12010,12
2020-01-10,15:40:31.689000,12010,12011,12010,3
2020-01-10,15:40:31.767000,12010,12011,12010,1
2020-01-10,15:40:56.289000,12009,12010,12009,1
2020-01-10,15:40:57.298000,12009,12010,12009,1
2020-01-10,15:41:03.055000,12009,12010,12009,2
2020-01-10,15:41:06.499000,12008,12010,12008,1
2020-01-10,15:41:12.067000,12008,12009,12009,2
2020-01-10,15:41:14.765000,12009,12010,12009,1
2020-01-10,15:41:16.217000,12009,12010,12009,1
2020-01-10,15:41:21.403000,12009,12010,12009,1
2020-01-10,15:41:22.172000,12009,12010,12009,1
2020-01-10,15:41:24.468000,12009,12010,12009,1
2020-01-10,15:41:24.928000,12009,12010,12009,1
2020-01-10,15:41:26.954000,12009,12010,12009,1
2020-01-10,15:41:30.786000,12009,12010,12009,1
2020-01-10,15:41:41.591000,12009,12010,12010,16
2020-01-10,15:41:59.207000,12010,12011,12010,1
2020-01-10,15:42:01.765000,12010,12011,12010,1
2020-01-10,15:42:05.322000,12010,12011,12011,5
2020-01-10,15:42:05.392000,12010,12011,12011,2
2020-01-10,15:42:13.823000,12011,12012,12011,2
2020-01-10,15:42:20.410000,12011,12012,12012,1
2020-01-10,15:42:23.494000,12011,12012,12012,1
2020-01-10,15:42:31.437000,12011,12012,12012,8
2020-01-10,15:42:31.437000,12011,12012,12012,3
2020-01-10,15:43:06.551000,12012,12013,12012,1
2020-01-10,15:43:07.425000,12012,12013,12013,2
2020-01-10,15:43:07.894000,12012,12013,12013,1
2020-01-10,15:43:20.117000,12012,12013,12013,1
2020-01-10,15:43:29.125000,12012,12013,12013,2
2020-01-10,15:43:31.527000,12012,12013,12013,1
2020-01-10,15:43:34.412000,12012,12013,12013,1
2020-01-10,15:43:37.232000,12012,12013,12013,1
2020-01-10,15:43:37.994000,12012,12013,12013,1
2020-01-10,15:43:40.155000,12012,12013,12013,1
2020-01-10,15:43:41.224000,12012,12013,12013,1
2020-01-10,15:43:53.936000,12013,12014,12014,1
2020-01-10,15:43:54.184000,12013,12014,12013,1
2020-01-10,15:44:02.271000,12013,12014,12013,5
2020-01-10,15:44:21.987000,12013,12014,12013,2
2020-01-10,15:44:32.949000,12012,12013,12012,1
2020-01-10,15:44:41.258000,12012,12013,12013,10
2020-01-10,15:44:43.329000,12012,12013,12013,1
2020-01-10,15:44:46.648000,12012,12013,12013,3
2020-01-10,15:44:51.769000,12012,12014,12014,1
2020-01-10,15:45:13.799000,12013,12014,12014,2
2020-01-10,15:45:20.162000,12013,12014,12014,1
2020-01-10,15:45:29.318000,12013,12014,12014,1
2020-01-10,15:45:29.621000,12013,12014,12014,2
2020-01-10,15:45:29.890000,12013,12014,12014,1
2020-01-10,15:45:38.975000,12013,12014,12013,1
2020-01-10,15:45:40.912000,12013,12014,12014,1
2020-01-10,15:45:44.072000,12013,12014,12014,1
2020-01-10,15:45:48.984000,12013,12014,12014,1
2020-01-10,15:45:49.253000,12013,12014,12014,1
2020-01-10,15:46:11.854000,12013,12014,12013,1
2020-01-10,15:46:13.310000,12013,12014,12014,1
2020-01-10,15:46:19.395000,12013,12014,12013,1
2020-01-10,15:46:22.626000,12013,12014,12013,2
2020-01-10,15:46:22.643000,12013,12014,12013,1
2020-01-10,15:46:44.885000,12012,12013,12012,10
2020-01-10,15:46:50.008000,12012,12013,12012,1
2020-01-10,15:47:20.428000,12012,12013,12012,1
2020-01-10,15:47:43.969000,12012,12013,12012,1
2020-01-10,15:47:56.490000,12012,12013,12012,1
2020-01-10,15:48:15.504000,12012,12013,12013,2
2020-01-10,15:48:19.324000,12012,12013,12012,6
2020-01-10,15:48:23.952000,12012,12013,12013,1
2020-01-10,15:48:26.460000,12012,12013,12013,2
2020-01-10,15:49:29.367000,12012,12013,12013,9
2020-01-10,15:49:29.669000,12012,12013,12012,1
2020-01-10,15:49:30.927000,12012,12013,12013,2
2020-01-10,15:49:46.697000,12013,12014,12013,2
2020-01-10,15:49:52.553000,12012,12013,12013,1
2020-01-10,15:52:17.954000,12012,12013,12013,1
2020-01-10,15:52:48.797000,12012,12013,12012,1
2020-01-10,15:52:49.020000,12012,12013,12012,10
2020-01-10,15:52:54.642000,12011,12012,12012,1
2020-01-10,15:52:56.295000,12011,12012,12011,1
2020-01-10,15:53:05.544000,12011,12012,12011,1
2020-01-10,15:53:11.598000,12011,12012,12011,6
2020-01-10,15:53:14.542000,12011,12012,12011,1
2020-01-10,15:53:32.144000,12011,12012,12011,1
2020-01-10,15:53:35.711000,12011,12012,12012,1
2020-01-10,15:53:35.724000,12011,12012,12012,1
2020-01-10,15:53:36.164000,12011,12012,12012,1
2020-01-10,15:53:36.170000,12011,12012,12012,1
2020-01-10,15:53:37.053000,12011,12012,12012,1
2020-01-10,15:53:56.576000,12012,12013,12012,1
2020-01-10,15:54:03.782000,12012,12013,12012,1
2020-01-10,15:54:08.441000,12012,12013,12012,2
2020-01-10,15:54:18.286000,12012,12013,12013,1
2020-01-10,15:54:51.652000,12012,12013,12013,1
2020-01-10,15:56:10.005000,12012,12013,12012,4
2020-01-10,15:56:29.946000,12012,12013,12012,1
2020-01-10,15:56:31.349000,12012,12013,12012,1
2020-01-10,15:56:47.207000,12012,12013,12012,1
2020-01-10,15:57:39.057000,12011,12012,12012,1
2020-01-10,15:57:47.762000,12011,12012,12012,1
2020-01-10,15:57:48.707000,12011,12012,12012,8
2020-01-10,15:58:56.817000,12012,12013,12013,18
2020-01-10,15:58:56.892000,12012,12013,12013,2
2020-01-10,15:59:05.896000,12013,12014,12013,2
2020-01-10,15:59:18.236000,12013,12014,12014,1
2020-01-10,15:59:18.267000,12013,12014,12014,3
2020-01-10,15:59:18.392000,12013,12014,12014,9
2020-01-10,15:59:18.517000,12013,12014,12014,3
2020-01-10,15:59:18.517000,12013,12014,12014,9
2020-01-10,15:59:22.552000,12014,12015,12014,2
2020-01-10,15:59:24.226000,12014,12015,12015,2
2020-01-10,15:59:26.916000,12014,12015,12015,2
2020-01-10,15:59:34.655000,12014,12015,12015,1
2020-01-10,16:00:04.682000,12014,12015,12014,6
2020-01-10,16:00:23.847000,12014,12015,12014,1
2020-01-10,16:00:25.296000,12014,12015,12014,4
2020-01-10,16:00:37.016000,12013,12015,12013,2
2020-01-10,16:00:39.446000,12014,12015,12014,2
2020-01-10,16:01:30.272000,12013,12014,12013,4
2020-01-10,16:01:43.769000,12013,12014,12013,1
2020-01-10,16:01:48.482000,12013,12014,12013,1
2020-01-10,16:01:53.764000,12013,12014,12013,1
2020-01-10,16:01:55.473000,12013,12014,12013,1
2020-01-10,16:02:34.113000,12013,12014,12013,2
2020-01-10,16:02:57.820000,12012,12013,12013,1
2020-01-10,16:03:00.089000,12012,12013,12013,1
2020-01-10,16:03:03.786000,12012,12013,12013,2
2020-01-10,16:03:10.501000,12012,12013,12013,1
2020-01-10,16:03:15.961000,12012,12013,12013,1
2020-01-10,16:03:22.670000,12012,12013,12013,1
2020-01-10,16:03:40.767000,12012,12013,12012,2
2020-01-10,16:03:56.541000,12012,12013,12012,2
2020-01-10,16:03:57.452000,12012,12013,12012,5
2020-01-10,16:03:59.739000,12012,12013,12012,2
2020-01-10,16:04:15.728000,12011,12012,12011,4
2020-01-10,16:04:23.324000,12010,12011,12011,1
2020-01-10,16:04:27.037000,12011,12012,12011,1
2020-01-10,16:04:27.142000,12011,12012,12011,2
2020-01-10,16:05:03.267000,12010,12011,12010,10
2020-01-10,16:05:09.761000,12009,12010,12010,1
2020-01-10,16:05:12.789000,12009,12010,12009,3
2020-01-10,16:05:23.250000,12009,12010,12010,2
2020-01-10,16:05:40.340000,12009,12010,12009,1
2020-01-10,16:05:40.342000,12009,12010,12009,2
2020-01-10,16:05:40.344000,12009,12010,12009,12
2020-01-10,16:05:40.344000,12009,12010,12009,11
2020-01-10,16:05:47.484000,12008,12010,12009,1
2020-01-10,16:05:48.238000,12008,12009,12009,1
2020-01-10,16:05:59.842000,12009,12010,12010,1
2020-01-10,16:05:59.882000,12009,12010,12010,1
2020-01-10,16:06:04.005000,12009,12010,12009,3
2020-01-10,16:06:07.310000,12009,12010,12009,3
2020-01-10,16:06:16.826000,12009,12010,12010,2
2020-01-10,16:06:24.624000,12009,12010,12010,2
2020-01-10,16:06:28.749000,12009,12010,12010,1
2020-01-10,16:06:29.196000,12009,12010,12010,2
2020-01-10,16:06:31.394000,12009,12010,12010,1
2020-01-10,16:06:34.923000,12010,12011,12010,5
2020-01-10,16:06:35.921000,12010,12011,12010,2
2020-01-10,16:06:38.282000,12010,12011,12010,1
2020-01-10,16:06:39.900000,12010,12011,12010,1
2020-01-10,16:07:12.895000,12010,12011,12010,1
2020-01-10,16:07:25.119000,12010,12011,12010,10
2020-01-10,16:07:30.821000,12009,12010,12010,1
2020-01-10,16:07:45.547000,12009,12010,12010,1
2020-01-10,16:07:58.196000,12009,12010,12010,1
2020-01-10,16:08:00.882000,12009,12010,12009,1
2020-01-10,16:08:07.110000,12009,12010,12009,1
2020-01-10,16:08:11.015000,12009,12010,12009,28
2020-01-10,16:08:14.162000,12008,12009,12009,5
2020-01-10,16:08:15.416000,12008,12009,12009,1
2020-01-10,16:08:15.517000,12009,12010,12009,1
2020-01-10,16:08:15.892000,12009,12010,12009,1
2020-01-10,16:08:16.642000,12009,12010,12009,2
2020-01-10,16:08:18.133000,12008,12009,12009,2
2020-01-10,16:08:25.538000,12008,12009,12008,30
2020-01-10,16:08:25.844000,12008,12009,12009,2
2020-01-10,16:08:26.373000,12008,12009,12009,2
2020-01-10,16:08:26.933000,12008,12009,12009,1
2020-01-10,16:08:28.604000,12008,12009,12009,2
2020-01-10,16:08:46.509000,12008,12009,12009,1
2020-01-10,16:09:14.357000,12008,12009,12009,1
2020-01-10,16:09:17.494000,12008,12009,12008,1
2020-01-10,16:09:21.251000,12008,12009,12008,4
2020-01-10,16:09:32.498000,12008,12009,12008,5
2020-01-10,16:09:37.142000,12008,12009,12008,1
2020-01-10,16:09:39.968000,12008,12009,12008,1
2020-01-10,16:09:42.146000,12008,12009,12008,1
2020-01-10,16:09:46.464000,12008,12009,12008,1
2020-01-10,16:09:47.218000,12008,12009,12008,1
2020-01-10,16:09:49.483000,12008,12009,12008,2
2020-01-10,16:09:50.267000,12008,12009,12008,10
2020-01-10,16:09:56.522000,12007,12008,12007,1
2020-01-10,16:09:56.669000,12007,12008,12007,2
2020-01-10,16:10:01.069000,12007,12008,12007,1
2020-01-10,16:10:11.200000,12007,12008,12008,1
2020-01-10,16:10:12.024000,12007,12008,12008,1
2020-01-10,16:10:18.596000,12008,12009,12008,1
2020-01-10,16:10:20.806000,12008,12009,12008,5
2020-01-10,16:10:23.009000,12007,12008,12008,1
2020-01-10,16:10:23.107000,12007,12008,12008,1
2020-01-10,16:10:23.210000,12007,12008,12008,1
2020-01-10,16:10:25.316000,12007,12008,12008,1
2020-01-10,16:10:31.518000,12007,12008,12008,2
2020-01-10,16:10:33.801000,12007,12008,12007,10
2020-01-10,16:10:33.801000,12007,12008,12007,2
2020-01-10,16:10:33.801000,12007,12008,12007,1
2020-01-10,16:10:33.801000,12007,12008,12007,4
2020-01-10,16:10:33.802000,12007,12008,12007,3
2020-01-10,16:10:33.802000,12007,12008,12007,1
2020-01-10,16:10:33.802000,12007,12008,12007,3
2020-01-10,16:10:33.802000,12007,12008,12007,4
2020-01-10,16:10:33.803000,12007,12008,12007,1
2020-01-10,16:10:33.803000,12007,12008,12007,1
2020-01-10,16:10:33.803000,12007,12008,12007,2
2020-01-10,16:10:33.803000,12007,12008,12007,1
2020-01-10,16:10:33.804000,12007,12008,12007,2
2020-01-10,16:10:35.360000,12006,12007,12007,1
2020-01-10,16:10:36.869000,12006,12007,12007,1
2020-01-10,16:10:42.527000,12006,12007,12006,1
2020-01-10,16:10:42.667000,12006,12007,12006,10
2020-01-10,16:10:42.789000,12006,12007,12006,1
2020-01-10,16:10:43.040000,12006,12007,12006,5
2020-01-10,16:10:43.610000,12006,12007,12006,5
2020-01-10,16:10:44.961000,12006,12007,12006,3
2020-01-10,16:10:51.390000,12005,12006,12006,1
2020-01-10,16:10:52.862000,12005,12006,12006,1
2020-01-10,16:10:54.976000,12006,12007,12006,1
2020-01-10,16:10:57.932000,12006,12007,12006,1
2020-01-10,16:11:02.757000,12006,12007,12006,2
2020-01-10,16:11:06.226000,12006,12007,12007,1
2020-01-10,16:11:08.405000,12006,12007,12006,1
2020-01-10,16:11:14.489000,12006,12007,12007,7
2020-01-10,16:11:14.517000,12006,12007,12007,3
2020-01-10,16:11:17.373000,12007,12008,12007,3
2020-01-10,16:11:21.505000,12007,12008,12007,1
2020-01-10,16:11:24.144000,12007,12008,12007,1
2020-01-10,16:11:24.703000,12007,12008,12007,4
2020-01-10,16:11:24.703000,12007,12008,12007,3
2020-01-10,16:11:24.745000,12007,12008,12007,1
2020-01-10,16:11:25.413000,12006,12007,12007,1
2020-01-10,16:11:26.934000,12006,12007,12007,5
2020-01-10,16:11:31.160000,12007,12008,12007,1
2020-01-10,16:11:31.669000,12006,12007,12007,1
2020-01-10,16:11:33.622000,12007,12008,12007,2
2020-01-10,16:11:35.693000,12006,12007,12007,15
2020-01-10,16:11:51.587000,12007,12008,12008,1
2020-01-10,16:11:53.533000,12007,12008,12008,2
2020-01-10,16:11:58.858000,12007,12008,12008,3
2020-01-10,16:12:11.876000,12007,12008,12007,1
2020-01-10,16:12:12.457000,12007,12008,12007,1
2020-01-10,16:12:17.868000,12007,12008,12007,2
2020-01-10,16:12:32.928000,12007,12008,12007,1
2020-01-10,16:12:34.991000,12007,12008,12007,1
2020-01-10,16:12:35.463000,12007,12008,12007,1
2020-01-10,16:12:38.158000,12007,12008,12007,1
2020-01-10,16:12:41.990000,12007,12008,12007,1
2020-01-10,16:12:42.230000,12007,12008,12007,1
2020-01-10,16:12:46.779000,12007,12008,12007,1
2020-01-10,16:12:50.281000,12007,12008,12007,7
2020-01-10,16:12:59.281000,12007,12008,12007,1
2020-01-10,16:13:00.145000,12007,12008,12007,1
2020-01-10,16:13:39.486000,12007,12008,12008,1
2020-01-10,16:13:41.357000,12007,12008,12008,1
2020-01-10,16:13:41.392000,12007,12008,12008,2
2020-01-10,16:13:41.393000,12007,12008,12008,16
2020-01-10,16:13:44.265000,12008,12009,12008,1
2020-01-10,16:14:00.208000,12008,12009,12008,1
2020-01-10,16:14:24.198000,12008,12009,12008,1
2020-01-10,16:14:48.867000,12008,12009,12008,1
2020-01-10,16:14:51.892000,12008,12009,12008,3
2020-01-10,16:14:51.892000,12008,12009,12008,3
2020-01-10,16:14:51.892000,12008,12009,12008,7
2020-01-10,16:15:02.804000,12007,12008,12008,1
2020-01-10,16:15:19.695000,12007,12008,12008,1
2020-01-10,16:15:19.741000,12007,12008,12008,1
2020-01-10,16:15:21.217000,12008,12009,12008,1
2020-01-10,16:15:35.725000,12008,12009,12008,2
2020-01-10,16:15:35.999000,12007,12008,12008,1
2020-01-10,16:15:40.002000,12007,12008,12008,1
2020-01-10,16:15:40.399000,12007,12008,12008,1
2020-01-10,16:15:45.816000,12007,12008,12008,3
2020-01-10,16:15:46.991000,12007,12009,12008,1
2020-01-10,16:15:48.959000,12008,12009,12008,1
2020-01-10,16:15:54.987000,12007,12008,12008,1
2020-01-10,16:16:18.746000,12007,12008,12007,1
2020-01-10,16:16:37.004000,12007,12008,12007,1
2020-01-10,16:16:45.160000,12007,12008,12007,5
2020-01-10,16:16:55.738000,12007,12008,12007,1
2020-01-10,16:16:56.873000,12007,12008,12007,1
2020-01-10,16:17:06.929000,12007,12008,12008,1
2020-01-10,16:17:33.422000,12007,12008,12007,1
2020-01-10,16:18:11.144000,12007,12008,12007,14
2020-01-10,16:18:13.098000,12006,12007,12007,1
2020-01-10,16:18:17.170000,12006,12007,12006,1
2020-01-10,16:18:18.118000,12006,12007,12007,1
2020-01-10,16:18:18.836000,12006,12007,12006,1
2020-01-10,16:18:19.106000,12006,12007,12006,2
2020-01-10,16:18:19.976000,12006,12007,12006,1
2020-01-10,16:18:21.392000,12006,12007,12006,2
2020-01-10,16:18:21.420000,12006,12007,12006,3
2020-01-10,16:18:21.426000,12006,12007,12006,2
2020-01-10,16:18:21.426000,12006,12007,12006,1
2020-01-10,16:18:21.471000,12006,12007,12006,1
2020-01-10,16:18:21.517000,12006,12007,12006,2
2020-01-10,16:18:21.517000,12006,12007,12006,2
2020-01-10,16:18:23.483000,12005,12006,12006,1
2020-01-10,16:18:25.213000,12005,12006,12006,1
2020-01-10,16:18:25.840000,12005,12006,12006,1
2020-01-10,16:18:26.238000,12005,12006,12006,1
2020-01-10,16:18:31.283000,12005,12006,12006,1
2020-01-10,16:18:48.704000,12005,12006,12005,1
2020-01-10,16:18:48.803000,12005,12006,12005,1
2020-01-10,16:18:48.862000,12005,12006,12005,1
2020-01-10,16:18:48.868000,12005,12006,12005,4
2020-01-10,16:18:49.040000,12005,12006,12006,1
2020-01-10,16:18:49.606000,12005,12007,12005,2
2020-01-10,16:18:49.721000,12005,12007,12005,2
2020-01-10,16:18:50.186000,12005,12007,12005,2
2020-01-10,16:18:50.313000,12006,12007,12006,2
2020-01-10,16:18:50.364000,12006,12007,12005,2
2020-01-10,16:18:50.382000,12006,12007,12005,2
2020-01-10,16:18:51.364000,12005,12006,12006,1
2020-01-10,16:18:56.331000,12005,12006,12005,1
2020-01-10,16:19:05.666000,12005,12006,12005,2
2020-01-10,16:19:09.340000,12005,12006,12006,2
2020-01-10,16:19:12.737000,12005,12006,12006,1
2020-01-10,16:19:28.252000,12005,12006,12006,1
2020-01-10,16:19:28.391000,12006,12007,12006,2
2020-01-10,16:19:33.892000,12006,12007,12006,1
2020-01-10,16:19:36.924000,12005,12006,12006,1
2020-01-10,16:20:01.932000,12006,12007,12006,1
2020-01-10,16:20:08.033000,12005,12006,12006,1
2020-01-10,16:20:11.952000,12005,12006,12006,2
2020-01-10,16:20:14.973000,12005,12006,12005,20
2020-01-10,16:20:15.043000,12004,12006,12004,1
2020-01-10,16:20:15.208000,12004,12005,12004,1
2020-01-10,16:20:22.462000,12004,12005,12004,1
2020-01-10,16:20:22.828000,12004,12005,12004,16
2020-01-10,16:20:23.184000,12003,12004,12004,1
2020-01-10,16:20:30.752000,12003,12004,12003,1
2020-01-10,16:20:31.148000,12003,12004,12003,1
2020-01-10,16:20:31.655000,12003,12004,12003,1
2020-01-10,16:20:31.674000,12003,12004,12004,1
2020-01-10,16:20:32.072000,12003,12004,12003,1
2020-01-10,16:20:33.457000,12003,12004,12003,1
2020-01-10,16:20:36.584000,12003,12004,12004,1
2020-01-10,16:20:37.619000,12003,12004,12003,1
2020-01-10,16:20:38.559000,12003,12004,12003,5
2020-01-10,16:20:40.488000,12003,12004,12003,1
2020-01-10,16:20:41.901000,12003,12004,12003,5
2020-01-10,16:20:42.017000,12003,12004,12003,1
2020-01-10,16:20:42.143000,12003,12004,12003,1
2020-01-10,16:20:42.715000,12002,12003,12002,3
2020-01-10,16:20:45.932000,12002,12003,12002,8
2020-01-10,16:20:46.017000,12002,12003,12002,4
2020-01-10,16:20:46.017000,12002,12003,12002,1
2020-01-10,16:20:46.142000,12002,12003,12002,1
2020-01-10,16:20:46.274000,12001,12002,12002,1
2020-01-10,16:20:46.392000,12001,12002,12002,2
2020-01-10,16:20:46.393000,12001,12002,12002,2
2020-01-10,16:20:46.449000,12001,12002,12002,2
2020-01-10,16:20:46.775000,12002,12003,12002,1
2020-01-10,16:20:50.828000,12001,12003,12001,1
2020-01-10,16:20:50.947000,12001,12003,12003,3
2020-01-10,16:20:55.550000,12001,12002,12002,3
2020-01-10,16:20:57.887000,12001,12003,12001,1
2020-01-10,16:20:58.684000,12001,12002,12001,7
2020-01-10,16:21:00.261000,12001,12002,12001,17
2020-01-10,16:21:00.524000,12001,12002,12002,1
2020-01-10,16:21:00.993000,12001,12002,12002,1
2020-01-10,16:21:01.340000,12002,12003,12002,1
2020-01-10,16:21:03.579000,12002,12003,12003,5
2020-01-10,16:21:03.906000,12002,12003,12002,2
2020-01-10,16:21:04.506000,12002,12003,12002,1
2020-01-10,16:21:05.492000,12002,12003,12002,1
2020-01-10,16:21:07.521000,12002,12003,12002,3
2020-01-10,16:21:08.964000,12002,12003,12002,3
2020-01-10,16:21:11.465000,12002,12003,12002,1
2020-01-10,16:21:12.473000,12002,12003,12002,4
2020-01-10,16:21:15.829000,12002,12003,12002,1
2020-01-10,16:21:17.782000,12002,12003,12002,1
2020-01-10,16:21:18.317000,12002,12003,12003,1
2020-01-10,16:21:26.227000,12002,12003,12002,3
2020-01-10,16:21:28.219000,12002,12003,12002,2
2020-01-10,16:21:31.593000,12002,12003,12002,1
2020-01-10,16:21:32.141000,12002,12003,12002,1
2020-01-10,16:21:32.277000,12002,12003,12002,2
2020-01-10,16:21:32.625000,12002,12003,12002,1
2020-01-10,16:21:32.778000,12002,12003,12002,1
2020-01-10,16:21:33.707000,12002,12003,12002,2
2020-01-10,16:21:33.957000,12002,12003,12002,2
2020-01-10,16:21:34.844000,12002,12003,12002,1
2020-01-10,16:21:35.211000,12002,12003,12002,2
2020-01-10,16:21:35.946000,12002,12003,12002,2
2020-01-10,16:21:35.946000,12002,12003,12001,53
2020-01-10,16:21:36.018000,12001,12002,12001,3
2020-01-10,16:21:36.892000,12001,12002,12001,2
2020-01-10,16:21:44.201000,12001,12002,12001,1
2020-01-10,16:21:45.368000,12001,12002,12001,2
2020-01-10,16:21:46.809000,12001,12002,12001,1
2020-01-10,16:21:47.163000,12001,12002,12001,2
2020-01-10,16:21:50.884000,12001,12002,12002,5
2020-01-10,16:21:55.507000,12001,12002,12001,1
2020-01-10,16:22:06.705000,12001,12002,12001,2
2020-01-10,16:22:08.690000,12001,12002,12001,1
2020-01-10,16:22:09.840000,12001,12002,12001,1
2020-01-10,16:22:15.081000,12001,12002,12002,1
2020-01-10,16:22:16.013000,12001,12002,12002,17
2020-01-10,16:22:32.583000,12002,12003,12003,1
2020-01-10,16:22:55.663000,12002,12003,12003,1
2020-01-10,16:22:57.299000,12002,12003,12003,2
2020-01-10,16:22:57.886000,12002,12003,12003,1
2020-01-10,16:22:58.267000,12002,12003,12003,20
2020-01-10,16:22:58.392000,12002,12003,12003,4
2020-01-10,16:22:58.392000,12002,12003,12003,1
2020-01-10,16:22:58.519000,12003,12004,12003,1
2020-01-10,16:23:00.766000,12003,12004,12003,1
2020-01-10,16:23:02.809000,12003,12004,12003,2
2020-01-10,16:23:02.892000,12003,12004,12003,2
2020-01-10,16:23:14.236000,12002,12003,12003,2
2020-01-10,16:23:29.969000,12002,12003,12003,5
2020-01-10,16:23:33.594000,12002,12003,12003,1
2020-01-10,16:23:36.956000,12002,12003,12003,1
2020-01-10,16:23:44.102000,12002,12003,12002,2
2020-01-10,16:23:44.395000,12002,12003,12003,1
2020-01-10,16:23:49.204000,12002,12003,12002,1
2020-01-10,16:24:06.162000,12002,12003,12002,1
2020-01-10,16:24:10.643000,12002,12003,12002,1
2020-01-10,16:24:16.859000,12002,12003,12002,1
2020-01-10,16:24:34.604000,12002,12003,12002,1
2020-01-10,16:24:34.726000,12002,12003,12002,2
2020-01-10,16:24:40.940000,12002,12003,12002,1
2020-01-10,16:24:44.270000,12002,12003,12002,3
2020-01-10,16:24:50.260000,12002,12003,12002,1
2020-01-10,16:24:53.394000,12002,12003,12003,1
2020-01-10,16:24:57.955000,12002,12003,12003,1
2020-01-10,16:25:26.741000,12002,12003,12003,1
2020-01-10,16:25:27.025000,12002,12003,12002,1
2020-01-10,16:25:33.488000,12002,12003,12002,1
2020-01-10,16:25:35.805000,12002,12003,12002,1
2020-01-10,16:25:35.806000,12002,12003,12002,2
2020-01-10,16:25:36.038000,12002,12003,12002,12
2020-01-10,16:25:42.654000,12001,12002,12002,1
2020-01-10,16:25:47.570000,12001,12002,12001,8
2020-01-10,16:25:47.642000,12001,12002,12001,4
2020-01-10,16:25:47.767000,12001,12002,12001,2
2020-01-10,16:25:47.767000,12001,12002,12001,1
2020-01-10,16:25:48.589000,12000,12001,12000,1
2020-01-10,16:25:48.642000,12000,12001,12000,3
2020-01-10,16:25:48.695000,12000,12001,12000,1
2020-01-10,16:25:48.764000,12000,12001,12000,1
2020-01-10,16:25:48.764000,12000,12001,12000,2
2020-01-10,16:25:48.767000,12000,12001,12000,8
2020-01-10,16:25:48.767000,12000,12001,12000,1
2020-01-10,16:25:48.767000,12000,12001,12000,4
2020-01-10,16:25:48.767000,12000,12001,12000,1
2020-01-10,16:25:48.767000,12000,12001,12000,2
2020-01-10,16:25:48.767000,12000,12001,12000,4
2020-01-10,16:25:48.768000,12000,12001,12000,4
2020-01-10,16:25:48.861000,12000,12001,12001,2
2020-01-10,16:25:48.892000,12000,12001,12000,1
2020-01-10,16:25:48.893000,12000,12001,12000,1
2020-01-10,16:25:48.893000,12000,12001,12000,2
2020-01-10,16:25:48.893000,12000,12001,12000,1
2020-01-10,16:25:48.893000,12000,12001,12000,1
2020-01-10,16:25:48.893000,12000,12001,12000,1
2020-01-10,16:25:48.893000,12000,12001,12000,2
2020-01-10,16:25:48.893000,12000,12001,12000,1
2020-01-10,16:25:48.945000,12000,12001,12000,1
2020-01-10,16:25:48.979000,12000,12001,12000,2
2020-01-10,16:25:48.979000,12000,12001,12000,3
2020-01-10,16:25:49.017000,12000,12001,12000,1
2020-01-10,16:25:49.017000,12000,12001,12000,1
2020-01-10,16:25:49.017000,12000,12001,12000,1
2020-01-10,16:25:49.017000,12000,12001,12000,1
2020-01-10,16:25:49.018000,12000,12001,12000,1
2020-01-10,16:25:49.018000,12000,12001,12000,2
2020-01-10,16:25:49.018000,12000,12001,12000,2
2020-01-10,16:25:49.018000,12000,12001,12000,1
2020-01-10,16:25:49.018000,12000,12001,12000,2
2020-01-10,16:25:49.018000,12000,12001,12000,1
2020-01-10,16:25:49.020000,12000,12001,12000,51
2020-01-10,16:25:49.169000,11999,12000,11999,1
2020-01-10,16:25:49.380000,11999,12000,11999,1
2020-01-10,16:25:49.389000,11999,12000,11999,2
2020-01-10,16:25:49.393000,11999,12000,11999,14
2020-01-10,16:25:49.547000,11998,12000,11999,2
2020-01-10,16:25:49.597000,11998,12000,11998,1
2020-01-10,16:25:49.712000,11998,11999,11998,1
2020-01-10,16:25:49.740000,11998,11999,11998,10
2020-01-10,16:25:50.034000,11998,11999,11998,5
2020-01-10,16:25:50.034000,11998,11999,11997,6
2020-01-10,16:25:50.514000,11998,11999,11998,1
2020-01-10,16:25:51.239000,11998,11999,11998,1
2020-01-10,16:25:53.371000,11998,11999,11998,1
2020-01-10,16:25:54.908000,11998,11999,11998,1
2020-01-10,16:25:55.724000,11997,11999,11997,1
2020-01-10,16:25:57.518000,11997,11998,11998,2
2020-01-10,16:25:58.741000,11998,12000,11998,1
2020-01-10,16:25:59.219000,11998,12000,11999,1
2020-01-10,16:25:59.614000,11998,12000,11998,2
2020-01-10,16:26:00.070000,11998,12000,12000,4
2020-01-10,16:26:00.672000,11999,12000,11999,1
2020-01-10,16:26:00.715000,11999,12000,11999,1
2020-01-10,16:26:00.726000,11999,12000,11999,1
2020-01-10,16:26:00.802000,11999,12001,11999,1
2020-01-10,16:26:01.335000,11999,12000,12000,1
2020-01-10,16:26:03.083000,11999,12000,12000,1
2020-01-10,16:26:04.211000,11999,12001,11999,1
2020-01-10,16:26:05.271000,11999,12000,12000,1
2020-01-10,16:26:05.393000,11999,12000,12000,2
2020-01-10,16:26:06.810000,12000,12001,12000,2
2020-01-10,16:26:07.054000,12000,12001,12000,1
2020-01-10,16:26:07.124000,12000,12001,12001,1
2020-01-10,16:26:10.870000,12000,12001,12000,3
2020-01-10,16:26:17.266000,11999,12000,12000,1
2020-01-10,16:26:20.490000,11999,12000,11999,2
2020-01-10,16:26:21.140000,11999,12000,12000,1
2020-01-10,16:26:29.450000,11999,12000,12000,1
2020-01-10,16:26:36.397000,11999,12000,11999,1
2020-01-10,16:26:37.256000,11999,12000,12000,1
2020-01-10,16:26:39.163000,11999,12000,11999,2
2020-01-10,16:26:48.883000,11999,12000,11999,1
2020-01-10,16:26:53.544000,11999,12000,11999,1
2020-01-10,16:26:55.485000,11999,12000,12000,1
2020-01-10,16:26:55.485000,11999,12000,12000,5
2020-01-10,16:26:55.485000,11999,12000,12000,12
2020-01-10,16:26:56.633000,12000,12001,12000,1
2020-01-10,16:26:56.934000,12000,12001,12000,1
2020-01-10,16:27:01.999000,12000,12001,12000,1
2020-01-10,16:27:03.719000,12000,12001,12001,2
2020-01-10,16:27:03.938000,12000,12001,12001,1
2020-01-10,16:27:04.968000,12000,12001,12001,2
2020-01-10,16:27:11.088000,12000,12001,12000,1
2020-01-10,16:27:11.106000,12000,12001,12001,2
2020-01-10,16:27:15.216000,12000,12001,12001,1
2020-01-10,16:27:18.092000,12000,12001,12001,1
2020-01-10,16:27:19.670000,12000,12001,12001,1
2020-01-10,16:27:23.128000,12000,12001,12000,2
2020-01-10,16:27:25.813000,12000,12001,12000,2
2020-01-10,16:27:26.080000,12000,12001,12001,1
2020-01-10,16:27:32.369000,12000,12001,12001,1
2020-01-10,16:27:33.870000,12000,12001,12001,1
2020-01-10,16:27:34.710000,12000,12001,12001,2
2020-01-10,16:27:37.474000,12001,12002,12001,1
2020-01-10,16:28:06.723000,12000,12001,12001,1
2020-01-10,16:28:14.002000,12000,12001,12001,1
2020-01-10,16:28:16.816000,12000,12001,12001,1
2020-01-10,16:28:20.701000,12001,12002,12001,10
2020-01-10,16:28:20.722000,12001,12002,12001,1
2020-01-10,16:28:20.845000,12000,12001,12001,4
2020-01-10,16:28:25.563000,12001,12002,12001,1
2020-01-10,16:28:25.945000,12000,12001,12000,2
2020-01-10,16:28:34.207000,12000,12001,12000,1
2020-01-10,16:28:38.301000,12000,12001,12000,1
2020-01-10,16:28:39.111000,12000,12001,12001,2
2020-01-10,16:28:39.989000,12001,12002,12001,2
2020-01-10,16:28:47.675000,12000,12001,12001,1
2020-01-10,16:28:47.927000,12000,12001,12001,2
2020-01-10,16:28:48.142000,12001,12002,12001,1
2020-01-10,16:28:54.709000,12001,12002,12001,1
2020-01-10,16:28:56.460000,12001,12002,12001,2
2020-01-10,16:29:03.221000,12001,12002,12001,2
2020-01-10,16:29:03.653000,12001,12002,12001,2
2020-01-10,16:29:03.702000,12001,12002,12002,9
2020-01-10,16:29:04.004000,12001,12002,12002,9
2020-01-10,16:29:04.517000,12001,12002,12002,7
2020-01-10,16:29:07.355000,12002,12003,12002,1
2020-01-10,16:29:09.753000,12002,12003,12003,1
2020-01-10,16:29:10.967000,12002,12003,12003,1
2020-01-10,16:29:11.142000,12002,12003,12003,2
2020-01-10,16:29:11.143000,12002,12003,12003,2
2020-01-10,16:29:11.143000,12002,12003,12003,1
2020-01-10,16:29:11.267000,12002,12003,12003,2
2020-01-10,16:29:13.736000,12002,12003,12003,2
2020-01-10,16:29:14.425000,12003,12004,12003,1
2020-01-10,16:29:36.811000,12003,12004,12004,10
2020-01-10,16:29:39.776000,12004,12005,12004,2
2020-01-10,16:29:42.474000,12004,12005,12004,1
2020-01-10,16:29:43.127000,12004,12005,12004,1
2020-01-10,16:29:52.036000,12003,12004,12004,20
2020-01-10,16:30:05.599000,12004,12005,12004,1
2020-01-10,16:30:05.685000,12004,12005,12004,1
2020-01-10,16:30:05.729000,12004,12005,12004,1
2020-01-10,16:30:05.793000,12004,12005,12004,1
2020-01-10,16:30:05.807000,12004,12005,12004,1
2020-01-10,16:30:05.876000,12004,12005,12004,1
2020-01-10,16:30:05.926000,12004,12005,12004,1
2020-01-10,16:30:05.949000,12004,12005,12003,1
2020-01-10,16:30:05.970000,12004,12005,12003,1
2020-01-10,16:30:06.048000,12003,12005,12003,1
2020-01-10,16:30:06.152000,12003,12005,12003,1
2020-01-10,16:30:18.893000,12003,12004,12004,1
2020-01-10,16:30:24.387000,12003,12004,12004,1
2020-01-10,16:30:44.006000,12003,12004,12004,2
2020-01-10,16:30:44.813000,12003,12004,12004,1
2020-01-10,16:30:46.470000,12003,12004,12004,1
2020-01-10,16:30:52.672000,12003,12004,12004,1
2020-01-10,16:31:02.434000,12003,12004,12003,7
2020-01-10,16:31:02.434000,12003,12004,12003,4
2020-01-10,16:31:02.434000,12003,12004,12003,4
2020-01-10,16:31:02.435000,12003,12004,12003,3
2020-01-10,16:31:03.002000,12002,12003,12003,1
2020-01-10,16:31:03.475000,12002,12003,12003,1
2020-01-10,16:31:13.824000,12002,12003,12003,1
2020-01-10,16:31:16.396000,12002,12003,12003,1
2020-01-10,16:31:30.115000,12002,12003,12003,1
2020-01-10,16:31:59.369000,12002,12003,12003,1
2020-01-10,16:32:09.892000,12002,12003,12003,4
2020-01-10,16:32:09.893000,12002,12003,12003,6
2020-01-10,16:32:09.893000,12002,12003,12003,3
2020-01-10,16:32:10.017000,12002,12003,12003,1
2020-01-10,16:32:22.571000,12003,12004,12003,1
2020-01-10,16:32:25.773000,12003,12004,12003,1
2020-01-10,16:32:35.129000,12003,12004,12004,2
2020-01-10,16:32:36.474000,12003,12004,12004,3
2020-01-10,16:32:49.037000,12003,12004,12004,1
2020-01-10,16:32:50.841000,12003,12004,12004,1
2020-01-10,16:32:55.285000,12003,12004,12003,2
2020-01-10,16:33:01.125000,12003,12004,12003,2
2020-01-10,16:33:08.448000,12003,12004,12004,1
2020-01-10,16:33:14.483000,12003,12004,12004,1
2020-01-10,16:33:27.182000,12003,12004,12003,5
2020-01-10,16:33:56.620000,12003,12004,12004,3
2020-01-10,16:33:56.620000,12003,12004,12004,5
2020-01-10,16:33:58.459000,12004,12005,12004,2
2020-01-10,16:33:59.960000,12004,12005,12004,2
2020-01-10,16:34:07.245000,12003,12005,12004,1
2020-01-10,16:34:07.626000,12004,12005,12004,1
2020-01-10,16:34:10.806000,12003,12005,12003,5
2020-01-10,16:34:12.809000,12003,12004,12003,1
2020-01-10,16:34:18.005000,12003,12005,12003,1
2020-01-10,16:34:24.921000,12003,12004,12003,1
2020-01-10,16:34:31.270000,12003,12004,12004,5
2020-01-10,16:34:36.996000,12003,12004,12004,1
2020-01-10,16:34:43.827000,12003,12004,12004,1
2020-01-10,16:35:06.981000,12003,12004,12004,1
2020-01-10,16:35:22.216000,12003,12004,12004,3
2020-01-10,16:35:27.116000,12003,12004,12003,2
2020-01-10,16:35:27.553000,12003,12004,12003,2
2020-01-10,16:35:27.642000,12003,12004,12003,2
2020-01-10,16:35:27.767000,12003,12004,12003,3
2020-01-10,16:36:03.543000,12002,12003,12002,1
2020-01-10,16:36:04.092000,12002,12003,12003,1
2020-01-10,16:36:11.785000,12002,12003,12003,1
2020-01-10,16:36:34.387000,12002,12003,12002,1
2020-01-10,16:36:35.191000,12002,12003,12002,1
2020-01-10,16:36:37.214000,12002,12003,12002,5
2020-01-10,16:36:46.246000,12002,12003,12002,10
2020-01-10,16:36:52.066000,12002,12003,12002,1
2020-01-10,16:36:59.886000,12002,12003,12002,1
2020-01-10,16:37:00.591000,12002,12003,12002,1
2020-01-10,16:37:00.642000,12002,12003,12002,4
2020-01-10,16:37:00.642000,12002,12003,12002,2
2020-01-10,16:37:00.642000,12002,12003,12002,4
2020-01-10,16:37:00.767000,12002,12003,12002,2
2020-01-10,16:37:00.767000,12002,12003,12002,8
2020-01-10,16:37:03.040000,12001,12002,12001,2
2020-01-10,16:37:03.652000,12001,12002,12001,2
2020-01-10,16:37:04.390000,12001,12002,12001,2
2020-01-10,16:37:10.208000,12001,12002,12001,2
2020-01-10,16:37:15.346000,12000,12001,12000,3
2020-01-10,16:37:15.353000,12000,12001,12000,1
2020-01-10,16:37:15.360000,12000,12001,12000,2
2020-01-10,16:37:15.371000,12000,12001,12000,3
2020-01-10,16:37:23.568000,12000,12001,12000,1
2020-01-10,16:37:34.624000,12000,12001,12000,1
2020-01-10,16:37:46.105000,12000,12001,12000,1
2020-01-10,16:37:53.597000,12000,12001,12001,7
2020-01-10,16:37:56.749000,12001,12002,12001,1
2020-01-10,16:38:19.792000,12001,12002,12002,2
2020-01-10,16:38:24.147000,12001,12002,12001,4
2020-01-10,16:38:45.737000,12001,12002,12002,1
2020-01-10,16:39:04.904000,12001,12002,12001,4
2020-01-10,16:39:04.904000,12001,12002,12001,6
2020-01-10,16:39:05.901000,12001,12002,12001,2
2020-01-10,16:39:06.010000,12001,12002,12001,2
2020-01-10,16:39:07.125000,12001,12002,12001,2
2020-01-10,16:39:07.674000,12001,12002,12001,2
2020-01-10,16:39:11.498000,12001,12002,12001,1
2020-01-10,16:39:11.772000,12000,12002,12000,1
2020-01-10,16:39:22.951000,12000,12001,12000,1
2020-01-10,16:39:26.859000,12000,12001,12000,5
2020-01-10,16:39:28.384000,12000,12001,12000,1
2020-01-10,16:39:32.487000,12000,12001,12000,1
2020-01-10,16:39:35.375000,12000,12001,12000,1
2020-01-10,16:39:40.542000,12000,12001,12000,1
2020-01-10,16:39:42.785000,12000,12001,12000,1
2020-01-10,16:39:53.956000,12000,12001,12000,1
2020-01-10,16:39:57.050000,12000,12001,12001,2
2020-01-10,16:39:57.143000,12000,12001,12001,7
2020-01-10,16:39:58.704000,12001,12002,12002,1
2020-01-10,16:40:02.317000,12001,12002,12001,2
2020-01-10,16:40:10.101000,12001,12002,12001,1
2020-01-10,16:40:21.162000,12000,12001,12001,2
2020-01-10,16:40:24.216000,12001,12002,12001,1
2020-01-10,16:40:34.439000,12001,12002,12002,1
2020-01-10,16:40:34.989000,12001,12002,12002,3
2020-01-10,16:40:51.840000,12001,12002,12002,4
2020-01-10,16:41:08.971000,12001,12002,12002,8
2020-01-10,16:41:08.972000,12001,12002,12002,2
2020-01-10,16:41:09.017000,12001,12002,12002,5
2020-01-10,16:41:09.144000,12002,12003,12002,1
2020-01-10,16:41:11.099000,12002,12003,12003,5
2020-01-10,16:41:21.977000,12002,12003,12003,2
2020-01-10,16:41:22.418000,12002,12003,12003,2
2020-01-10,16:41:25.892000,12003,12004,12003,1
2020-01-10,16:41:25.974000,12003,12004,12003,1
2020-01-10,16:41:26.860000,12002,12003,12003,1
2020-01-10,16:41:38.692000,12002,12003,12003,1
2020-01-10,16:41:41.379000,12002,12003,12003,1
2020-01-10,16:41:48.892000,12002,12003,12003,1
2020-01-10,16:41:49.580000,12002,12004,12003,1
2020-01-10,16:41:49.580000,12002,12004,12004,4
2020-01-10,16:42:00.999000,12002,12003,12003,1
2020-01-10,16:42:00.999000,12002,12003,12004,1
2020-01-10,16:42:21.473000,12002,12003,12003,1
2020-01-10,16:42:36.694000,12003,12004,12003,1
2020-01-10,16:42:42.004000,12002,12003,12003,1
2020-01-10,16:42:43.957000,12002,12003,12003,1
2020-01-10,16:42:49.228000,12002,12003,12003,1
2020-01-10,16:42:49.267000,12002,12003,12003,1
2020-01-10,16:42:49.309000,12002,12003,12003,1
2020-01-10,16:42:49.392000,12002,12003,12003,1
2020-01-10,16:42:49.392000,12002,12003,12003,1
2020-01-10,16:42:49.392000,12002,12003,12003,1
2020-01-10,16:42:49.517000,12002,12003,12003,1
2020-01-10,16:43:15.625000,12003,12004,12004,5
2020-01-10,16:43:18.576000,12003,12004,12003,1
2020-01-10,16:43:41.441000,12003,12004,12003,1
2020-01-10,16:43:44.563000,12003,12004,12003,1
2020-01-10,16:44:02.176000,12003,12004,12003,3
2020-01-10,16:44:19.876000,12003,12004,12003,1
2020-01-10,16:44:25.426000,12003,12004,12004,7
2020-01-10,16:44:33.909000,12004,12005,12004,2
2020-01-10,16:44:57.771000,12004,12005,12004,1
2020-01-10,16:45:02.049000,12004,12005,12004,6
2020-01-10,16:45:10.319000,12004,12005,12004,3
2020-01-10,16:45:11.409000,12003,12004,12003,5
2020-01-10,16:45:16.061000,12003,12004,12003,5
2020-01-10,16:45:19.557000,12003,12004,12003,1
2020-01-10,16:45:28.585000,12003,12004,12003,1
2020-01-10,16:45:40.731000,12003,12004,12003,2
2020-01-10,16:45:40.731000,12003,12004,12002,3
2020-01-10,16:45:46.264000,12002,12003,12002,5
2020-01-10,16:46:08.243000,12002,12003,12002,4
2020-01-10,16:46:09.669000,12002,12003,12003,1
2020-01-10,16:46:15.167000,12002,12003,12002,3
2020-01-10,16:46:24.138000,12002,12003,12003,2
2020-01-10,16:46:24.139000,12002,12003,12003,4
2020-01-10,16:46:30.312000,12003,12004,12003,3
2020-01-10,16:46:40.251000,12003,12004,12003,4
2020-01-10,16:46:59.755000,12003,12004,12004,3
2020-01-10,16:46:59.768000,12003,12004,12004,1
2020-01-10,16:47:07.213000,12004,12005,12004,1
2020-01-10,16:47:16.412000,12004,12005,12005,5
2020-01-10,16:47:16.591000,12004,12005,12005,1
2020-01-10,16:47:27.630000,12004,12005,12005,5
2020-01-10,16:47:29.535000,12004,12005,12005,1
2020-01-10,16:47:30.218000,12004,12005,12005,3
2020-01-10,16:47:30.218000,12004,12005,12005,2
2020-01-10,16:47:30.219000,12004,12005,12005,2
2020-01-10,16:47:30.219000,12004,12005,12005,4
2020-01-10,16:47:30.222000,12004,12005,12005,2
2020-01-10,16:47:30.268000,12004,12005,12005,2
2020-01-10,16:47:33.473000,12005,12006,12005,1
2020-01-10,16:48:06.427000,12005,12006,12006,1
2020-01-10,16:48:06.650000,12005,12006,12006,1
2020-01-10,16:48:12.090000,12005,12006,12006,5
2020-01-10,16:48:13.157000,12005,12006,12006,4
2020-01-10,16:48:13.268000,12005,12006,12006,11
2020-01-10,16:48:15.744000,12006,12007,12007,1
2020-01-10,16:48:15.790000,12006,12007,12007,1
2020-01-10,16:48:15.803000,12006,12007,12007,1
2020-01-10,16:48:15.809000,12006,12007,12007,2
2020-01-10,16:48:15.809000,12006,12007,12007,2
2020-01-10,16:48:18.590000,12006,12007,12007,1
2020-01-10,16:48:26.387000,12006,12007,12007,1
2020-01-10,16:48:26.795000,12006,12007,12007,1
2020-01-10,16:48:29.994000,12006,12007,12007,1
2020-01-10,16:48:30.160000,12006,12007,12007,1
2020-01-10,16:48:30.499000,12007,12008,12007,1
2020-01-10,16:48:41.950000,12007,12008,12007,1
2020-01-10,16:48:43.105000,12006,12008,12008,1
2020-01-10,16:48:43.209000,12006,12008,12008,10
2020-01-10,16:48:43.290000,12006,12008,12008,1
2020-01-10,16:48:43.475000,12006,12008,12008,11
2020-01-10,16:48:43.479000,12006,12008,12008,1
2020-01-10,16:48:56.458000,12007,12008,12007,3
2020-01-10,16:48:58.837000,12007,12008,12007,1
2020-01-10,16:49:01.431000,12007,12008,12007,1
2020-01-10,16:49:01.955000,12007,12008,12008,1
2020-01-10,16:49:05.441000,12007,12008,12007,1
2020-01-10,16:49:10.506000,12007,12008,12007,2
2020-01-10,16:49:11.442000,12006,12007,12007,6
2020-01-10,16:49:14.937000,12006,12007,12007,1
2020-01-10,16:49:23.166000,12006,12007,12007,1
2020-01-10,16:49:30.265000,12006,12007,12007,2
2020-01-10,16:49:38.478000,12007,12008,12008,1
2020-01-10,16:49:47.074000,12006,12008,12008,1
2020-01-10,16:49:54.404000,12007,12008,12008,1
2020-01-10,16:49:59.746000,12006,12007,12007,1
2020-01-10,16:50:18.893000,12007,12008,12007,2
2020-01-10,16:50:23.697000,12007,12008,12008,1
2020-01-10,16:50:31.131000,12007,12008,12007,1
2020-01-10,16:50:41.711000,12007,12008,12007,1
2020-01-10,16:50:43.269000,12007,12008,12007,7
2020-01-10,16:51:08.384000,12006,12007,12006,1
2020-01-10,16:51:49.568000,12006,12007,12006,1
2020-01-10,16:51:53.555000,12006,12007,12006,2
2020-01-10,16:52:31.156000,12006,12007,12007,1
2020-01-10,16:52:37.588000,12006,12007,12007,1
2020-01-10,16:52:42.748000,12006,12007,12007,5
2020-01-10,16:53:00.070000,12006,12007,12007,10
2020-01-10,16:53:04.642000,12006,12007,12007,6
2020-01-10,16:53:17.159000,12006,12007,12007,1
2020-01-10,16:53:30.813000,12006,12007,12007,1
2020-01-10,16:54:18.036000,12006,12007,12007,1
2020-01-10,16:54:19.241000,12006,12007,12007,2
2020-01-10,16:54:29.134000,12006,12007,12006,1
2020-01-10,16:54:31.815000,12006,12007,12006,1
2020-01-10,16:54:36.208000,12006,12007,12006,1
2020-01-10,16:54:36.538000,12006,12007,12006,1
2020-01-10,16:54:52.866000,12006,12007,12006,1
2020-01-10,16:54:53.760000,12006,12007,12006,1
2020-01-10,16:54:54.784000,12006,12007,12006,1
2020-01-10,16:55:06.687000,12005,12006,12005,1
2020-01-10,16:55:30.122000,12005,12006,12005,2
2020-01-10,16:55:43.207000,12005,12006,12005,1
2020-01-10,16:55:51.519000,12005,12006,12005,1
2020-01-10,16:55:55.966000,12005,12006,12005,1
2020-01-10,16:55:56.018000,12005,12006,12005,2
2020-01-10,16:56:11.114000,12005,12006,12005,2
2020-01-10,16:56:11.381000,12004,12005,12005,2
2020-01-10,16:56:11.392000,12004,12005,12005,1
2020-01-10,16:56:18.375000,12004,12005,12005,2
2020-01-10,16:56:26.126000,12004,12005,12005,2
2020-01-10,16:56:26.854000,12004,12005,12005,1
2020-01-10,16:56:28.084000,12005,12006,12005,1
2020-01-10,16:56:44.706000,12005,12006,12005,1
2020-01-10,16:57:07.840000,12004,12005,12004,4
2020-01-10,16:57:07.840000,12004,12005,12004,1
2020-01-10,16:57:30.569000,12004,12005,12004,1
2020-01-10,16:57:38.040000,12004,12005,12004,5
2020-01-10,16:57:41.241000,12004,12005,12005,1
2020-01-10,16:58:25.527000,12004,12005,12004,10
2020-01-10,16:58:36.339000,12003,12004,12004,1
2020-01-10,16:59:01.935000,12004,12005,12005,30
2020-01-10,16:59:27.244000,12005,12006,12006,2
2020-01-10,16:59:27.268000,12005,12006,12006,10
2020-01-10,17:00:04.533000,12006,12007,12006,1
2020-01-10,17:00:05.215000,12006,12007,12007,1
2020-01-10,17:00:05.293000,12006,12007,12007,1
2020-01-10,17:00:05.354000,12006,12007,12007,1
2020-01-10,17:00:05.356000,12006,12007,12007,2
2020-01-10,17:00:05.396000,12006,12007,12007,1
2020-01-10,17:00:05.464000,12006,12007,12007,1
2020-01-10,17:00:05.478000,12006,12007,12007,1
2020-01-10,17:00:05.529000,12006,12007,12007,1
2020-01-10,17:00:05.572000,12006,12007,12007,1
2020-01-10,17:00:05.695000,12006,12007,12007,1
2020-01-10,17:00:05.822000,12006,12007,12007,1
2020-01-10,17:00:08.586000,12006,12007,12007,2
2020-01-10,17:00:14.083000,12006,12007,12006,3
2020-01-10,17:00:14.083000,12006,12007,12006,4
2020-01-10,17:00:14.083000,12006,12007,12006,4
2020-01-10,17:00:14.735000,12005,12006,12006,1
2020-01-10,17:00:19.576000,12005,12006,12006,1
2020-01-10,17:00:48.474000,12005,12006,12006,1
2020-01-10,17:00:51.038000,12005,12006,12006,1
2020-01-10,17:01:02.412000,12005,12006,12006,5
2020-01-10,17:01:02.517000,12005,12006,12006,1
2020-01-10,17:01:02.642000,12005,12006,12006,1
2020-01-10,17:01:02.767000,12005,12006,12006,1
2020-01-10,17:02:06.529000,12005,12006,12006,1
2020-01-10,17:02:38.842000,12005,12006,12005,4
2020-01-10,17:02:39.065000,12005,12006,12005,1
2020-01-10,17:03:01.019000,12005,12006,12006,1
2020-01-10,17:03:08.253000,12005,12006,12006,2
2020-01-10,17:03:08.254000,12005,12006,12006,1
2020-01-10,17:03:08.267000,12005,12006,12006,8
2020-01-10,17:03:08.267000,12005,12006,12006,4
2020-01-10,17:03:08.392000,12005,12006,12006,1
2020-01-10,17:03:15.644000,12006,12007,12006,19
2020-01-10,17:03:19.444000,12006,12007,12006,7
2020-01-10,17:03:29.687000,12006,12007,12006,1
2020-01-10,17:03:44.472000,12006,12007,12007,2
2020-01-10,17:04:28.528000,12006,12007,12007,1
2020-01-10,17:04:31.736000,12006,12007,12006,3
2020-01-10,17:04:31.736000,12006,12007,12006,2
2020-01-10,17:04:31.767000,12006,12007,12006,8
2020-01-10,17:04:38.531000,12005,12006,12006,1
2020-01-10,17:04:43.663000,12006,12007,12006,2
2020-01-10,17:05:17.667000,12006,12007,12006,1
2020-01-10,17:05:17.941000,12006,12007,12007,1
2020-01-10,17:05:31.119000,12006,12007,12007,1
2020-01-10,17:05:32.153000,12006,12007,12007,1
2020-01-10,17:05:58.028000,12006,12007,12006,5
2020-01-10,17:06:14.509000,12006,12007,12006,3
2020-01-10,17:06:15.699000,12005,12006,12006,2
2020-01-10,17:06:16.964000,12006,12007,12006,3
2020-01-10,17:07:19.775000,12006,12007,12006,3
2020-01-10,17:07:31.122000,12006,12007,12006,2
2020-01-10,17:07:34.151000,12005,12006,12005,12
2020-01-10,17:07:42.329000,12004,12005,12005,2
2020-01-10,17:07:50.464000,12004,12005,12005,2
2020-01-10,17:07:56.792000,12004,12005,12005,1
2020-01-10,17:08:31.047000,12005,12006,12005,1
2020-01-10,17:08:43.901000,12004,12005,12005,1
2020-01-10,17:08:53.104000,12004,12006,12004,1
2020-01-10,17:08:54.406000,12004,12006,12004,1
2020-01-10,17:08:55.271000,12004,12006,12004,1
2020-01-10,17:08:58.351000,12004,12006,12004,1
2020-01-10,17:08:58.782000,12004,12006,12004,1
2020-01-10,17:09:27.179000,12004,12005,12004,1
2020-01-10,17:09:54.399000,12004,12005,12004,1
2020-01-10,17:10:28.998000,12004,12005,12005,1
2020-01-10,17:10:47.851000,12004,12005,12005,1
2020-01-10,17:10:52.950000,12004,12005,12005,1
2020-01-10,17:10:58.043000,12004,12005,12004,12
2020-01-10,17:11:07.861000,12004,12005,12004,3
2020-01-10,17:11:12.266000,12003,12004,12004,2
2020-01-10,17:11:25.018000,12004,12005,12004,1
2020-01-10,17:11:33.630000,12004,12005,12004,2
2020-01-10,17:11:33.961000,12004,12005,12004,1
2020-01-10,17:11:50.991000,12004,12005,12005,1
2020-01-10,17:12:34.119000,12004,12005,12005,3
2020-01-10,17:12:34.119000,12004,12005,12005,5
2020-01-10,17:12:34.142000,12004,12005,12005,3
2020-01-10,17:12:39.716000,12005,12006,12006,1
2020-01-10,17:12:40.775000,12005,12006,12006,2
2020-01-10,17:12:59.736000,12005,12007,12007,2
2020-01-10,17:13:09.709000,12006,12007,12007,1
2020-01-10,17:13:40.355000,12006,12007,12006,1
2020-01-10,17:13:54.525000,12006,12007,12006,1
2020-01-10,17:13:59.176000,12006,12007,12006,1
2020-01-10,17:13:59.919000,12006,12007,12006,2
2020-01-10,17:14:00.017000,12006,12007,12006,1
2020-01-10,17:14:00.142000,12005,12006,12006,1
2020-01-10,17:14:52.990000,12005,12006,12006,1
2020-01-10,17:15:19.367000,12005,12006,12006,16
2020-01-10,17:15:20.453000,12005,12006,12006,6
2020-01-10,17:15:20.453000,12005,12006,12007,7
2020-01-10,17:15:22.186000,12005,12007,12007,8
2020-01-10,17:15:38.752000,12006,12007,12006,2
2020-01-10,17:15:44.213000,12005,12006,12006,1
2020-01-10,17:16:46.288000,12006,12007,12006,1
2020-01-10,17:17:16.088000,12006,12007,12006,1
2020-01-10,17:17:29.738000,12006,12007,12007,1
2020-01-10,17:17:45.059000,12006,12007,12007,1
2020-01-10,17:17:50.001000,12006,12007,12007,1
2020-01-10,17:17:55.137000,12006,12007,12007,1
2020-01-10,17:18:00.570000,12006,12007,12007,1
2020-01-10,17:18:04.665000,12006,12007,12007,1
2020-01-10,17:18:06.670000,12006,12007,12007,2
2020-01-10,17:18:08.610000,12006,12007,12007,1
2020-01-10,17:18:10.849000,12006,12007,12007,1
2020-01-10,17:18:17.210000,12006,12007,12007,1
2020-01-10,17:18:20.307000,12006,12007,12007,1
2020-01-10,17:18:24.412000,12006,12007,12007,1
2020-01-10,17:18:45.065000,12006,12007,12007,1
2020-01-10,17:18:45.155000,12006,12007,12007,2
2020-01-10,17:18:47.967000,12006,12007,12007,1
2020-01-10,17:18:59.855000,12006,12007,12007,3
2020-01-10,17:19:14.595000,12007,12008,12007,1
2020-01-10,17:19:35.275000,12007,12008,12007,2
2020-01-10,17:20:09.887000,12007,12008,12007,4
2020-01-10,17:21:07.645000,12006,12007,12007,2
2020-01-10,17:21:11.716000,12006,12007,12007,5
2020-01-10,17:21:12.010000,12007,12008,12007,1
2020-01-10,17:21:14.267000,12007,12008,12008,1
2020-01-10,17:21:45.519000,12007,12008,12008,4
2020-01-10,17:21:45.642000,12007,12008,12008,11
2020-01-10,17:21:45.642000,12007,12008,12008,4
2020-01-10,17:21:45.767000,12007,12008,12008,5
2020-01-10,17:21:49.180000,12008,12009,12008,2
2020-01-10,17:21:59.704000,12007,12008,12008,1
2020-01-10,17:22:14.308000,12007,12008,12008,1
2020-01-10,17:22:15.083000,12007,12008,12008,1
2020-01-10,17:22:15.939000,12007,12008,12008,1
2020-01-10,17:22:17.606000,12007,12008,12008,1
2020-01-10,17:22:19.144000,12007,12008,12008,1
2020-01-10,17:22:27.763000,12007,12008,12008,1
2020-01-10,17:22:28.214000,12007,12008,12008,1
2020-01-10,17:22:29.422000,12008,12009,12008,4
2020-01-10,17:22:39.230000,12007,12008,12008,1
2020-01-10,17:22:40.174000,12007,12008,12008,1
2020-01-10,17:22:41.061000,12007,12008,12008,1
2020-01-10,17:22:50.646000,12007,12008,12008,2
2020-01-10,17:22:50.646000,12007,12008,12008,4
2020-01-10,17:23:04.769000,12008,12009,12009,2
2020-01-10,17:23:04.989000,12008,12009,12009,2
2020-01-10,17:23:05.032000,12008,12009,12009,2
2020-01-10,17:23:05.167000,12008,12009,12009,2
2020-01-10,17:23:12.939000,12008,12009,12009,1
2020-01-10,17:23:18.349000,12008,12009,12009,1
2020-01-10,17:23:44.367000,12008,12009,12009,2
2020-01-10,17:23:45.865000,12008,12009,12009,36
2020-01-10,17:23:46.622000,12009,12010,12010,1
2020-01-10,17:23:49.808000,12009,12010,12010,8
2020-01-10,17:23:49.892000,12009,12010,12010,3
2020-01-10,17:23:50.741000,12010,12011,12010,5
2020-01-10,17:23:52.431000,12010,12011,12010,1
2020-01-10,17:23:53.390000,12010,12011,12010,1
2020-01-10,17:23:54.396000,12010,12011,12010,1
2020-01-10,17:23:56.416000,12010,12011,12010,1
2020-01-10,17:23:58.131000,12010,12011,12011,1
2020-01-10,17:23:58.164000,12010,12011,12011,1
2020-01-10,17:23:59.767000,12010,12011,12010,4
2020-01-10,17:24:00.189000,12009,12010,12009,5
2020-01-10,17:24:02.774000,12009,12010,12009,1
2020-01-10,17:24:16.069000,12009,12010,12010,1
2020-01-10,17:24:16.394000,12009,12010,12010,1
2020-01-10,17:24:17.307000,12009,12010,12010,1
2020-01-10,17:24:27.852000,12009,12010,12010,1
2020-01-10,17:24:29.641000,12009,12010,12010,1
2020-01-10,17:25:03.129000,12010,12011,12011,2
2020-01-10,17:25:04.268000,12010,12011,12011,1
2020-01-10,17:25:04.882000,12010,12011,12011,1
2020-01-10,17:25:12.012000,12010,12011,12011,9
2020-01-10,17:25:16.152000,12010,12011,12011,9
2020-01-10,17:25:17.216000,12010,12011,12011,1
2020-01-10,17:25:18.661000,12010,12011,12011,1
2020-01-10,17:25:24.542000,12010,12011,12011,1
2020-01-10,17:25:26.648000,12010,12011,12011,1
2020-01-10,17:25:27.074000,12010,12011,12011,1
2020-01-10,17:25:27.074000,12010,12011,12011,3
2020-01-10,17:25:27.099000,12010,12011,12011,1
2020-01-10,17:25:27.099000,12010,12011,12011,1
2020-01-10,17:25:27.142000,12010,12011,12011,1
2020-01-10,17:25:27.788000,12010,12011,12011,1
2020-01-10,17:25:30.346000,12011,12012,12011,2
2020-01-10,17:26:01.998000,12011,12012,12012,2
2020-01-10,17:26:02.039000,12011,12012,12012,1
2020-01-10,17:26:02.997000,12011,12012,12011,2
2020-01-10,17:26:19.598000,12011,12012,12011,1
2020-01-10,17:26:20.783000,12011,12012,12011,1
2020-01-10,17:26:25.296000,12011,12012,12011,1
2020-01-10,17:26:27.545000,12011,12012,12011,1
2020-01-10,17:26:28.464000,12011,12012,12011,5
2020-01-10,17:26:30.064000,12011,12012,12011,2
2020-01-10,17:26:37.886000,12010,12011,12011,1
2020-01-10,17:26:44.064000,12010,12011,12010,3
2020-01-10,17:26:49.321000,12010,12011,12011,2
2020-01-10,17:26:50.494000,12010,12011,12011,1
2020-01-10,17:27:52.095000,12010,12011,12011,1
2020-01-10,17:28:04.324000,12010,12011,12011,1
2020-01-10,17:28:43.851000,12010,12011,12010,17
2020-01-10,17:28:43.852000,12010,12011,12010,1
2020-01-10,17:28:43.852000,12010,12011,12010,4
2020-01-10,17:28:43.892000,12010,12011,12010,5
2020-01-10,17:28:44.141000,12009,12010,12010,1
2020-01-10,17:29:02.555000,12009,12010,12010,4
2020-01-10,17:29:25.668000,12009,12010,12009,5
2020-01-10,17:29:41.312000,12009,12010,12009,5
2020-01-10,17:29:43.996000,12009,12010,12009,1
2020-01-10,17:30:24.732000,12009,12010,12009,1
2020-01-10,17:30:27.269000,12009,12010,12009,5
2020-01-10,17:30:34.334000,12009,12010,12009,1
2020-01-10,17:30:44.291000,12009,12010,12009,5
2020-01-10,17:31:03.552000,12009,12010,12009,1
2020-01-10,17:31:04.041000,12009,12010,12009,5
2020-01-10,17:31:40.892000,12008,12009,12008,5
2020-01-10,17:31:58.260000,12008,12009,12008,1
2020-01-10,17:32:16.058000,12008,12009,12008,5
2020-01-10,17:32:21.847000,12008,12009,12008,1
2020-01-10,17:32:24.100000,12008,12009,12008,1
2020-01-10,17:32:25.055000,12008,12009,12008,4
2020-01-10,17:32:28.468000,12008,12009,12008,1
2020-01-10,17:32:34.446000,12008,12009,12008,5
2020-01-10,17:32:35.644000,12008,12009,12008,2
2020-01-10,17:32:58.167000,12008,12009,12008,5
2020-01-10,17:33:06.164000,12008,12009,12008,1
2020-01-10,17:33:41.257000,12008,12009,12009,2
2020-01-10,17:33:44.759000,12008,12009,12009,2
2020-01-10,17:34:42.806000,12009,12010,12010,1
2020-01-10,17:34:43.369000,12009,12010,12010,1
2020-01-10,17:34:47.275000,12009,12010,12010,1
2020-01-10,17:34:48.770000,12009,12010,12010,1
2020-01-10,17:35:33.508000,12009,12010,12010,2
2020-01-10,17:35:35.659000,12009,12010,12009,9
2020-01-10,17:35:45.302000,12008,12009,12008,1
2020-01-10,17:37:25.698000,12008,12009,12009,1
2020-01-10,17:37:27.859000,12008,12010,12009,5
2020-01-10,17:37:46.878000,12009,12010,12009,1
2020-01-10,17:38:11.487000,12008,12009,12009,2
2020-01-10,17:38:18.123000,12008,12009,12009,1
2020-01-10,17:38:19.294000,12008,12009,12009,1
2020-01-10,17:39:07.280000,12008,12009,12009,2
2020-01-10,17:39:13.370000,12008,12009,12009,1
2020-01-10,17:39:56.105000,12009,12010,12010,5
2020-01-10,17:40:02.172000,12009,12010,12009,2
2020-01-10,17:40:02.778000,12009,12010,12010,1
2020-01-10,17:40:37.103000,12009,12010,12009,5
2020-01-10,17:40:40.236000,12009,12010,12009,2
2020-01-10,17:40:40.236000,12009,12010,12009,3
2020-01-10,17:41:04.854000,12009,12010,12009,5
2020-01-10,17:41:31.270000,12008,12010,12008,1
2020-01-10,17:41:41.412000,12009,12010,12009,1
2020-01-10,17:41:57.838000,12008,12009,12008,1
2020-01-10,17:42:28.947000,12008,12009,12008,1
2020-01-10,17:42:29.619000,12008,12009,12009,1
2020-01-10,17:43:00.617000,12008,12009,12008,1
2020-01-10,17:43:06.768000,12008,12009,12008,1
2020-01-10,17:43:19.858000,12008,12009,12008,1
2020-01-10,17:44:32.617000,12007,12008,12007,1
2020-01-10,17:44:56.751000,12007,12008,12007,1
2020-01-10,17:45:02.856000,12007,12008,12007,1
2020-01-10,17:45:34.448000,12006,12007,12007,1
2020-01-10,17:45:52.332000,12006,12007,12007,1
2020-01-10,17:47:02.200000,12007,12008,12008,1
2020-01-10,17:47:18.179000,12007,12008,12008,16
2020-01-10,17:47:18.290000,12008,12009,12009,1
2020-01-10,17:47:19.218000,12008,12009,12009,4
2020-01-10,17:47:19.219000,12008,12009,12009,3
2020-01-10,17:48:02.441000,12009,12010,12010,10
2020-01-10,17:48:02.675000,12009,12010,12010,3
2020-01-10,17:48:33.387000,12009,12010,12009,1
2020-01-10,17:49:02.267000,12009,12010,12010,4
2020-01-10,17:49:16.099000,12009,12010,12010,2
2020-01-10,17:49:16.268000,12009,12010,12010,6
2020-01-10,17:49:17.200000,12009,12010,12010,1
2020-01-10,17:49:17.767000,12010,12011,12010,1
2020-01-10,17:49:48.216000,12010,12011,12010,1
2020-01-10,17:49:51.391000,12010,12011,12011,1
2020-01-10,17:50:02.177000,12010,12011,12011,2
2020-01-10,17:50:44,12010,12011,12011,1
2020-01-10,17:50:53.967000,12010,12011,12010,1
2020-01-10,17:50:53.968000,12010,12011,12010,1
2020-01-10,17:50:53.968000,12010,12011,12010,2
2020-01-10,17:50:54.017000,12010,12011,12010,1
2020-01-10,17:50:54.017000,12010,12011,12010,6
2020-01-10,17:51:02.338000,12009,12010,12010,2
2020-01-10,17:51:19.488000,12009,12010,12010,1
2020-01-10,17:52:09.470000,12009,12010,12010,1
2020-01-10,17:52:36.243000,12009,12010,12010,1
2020-01-10,17:52:46.432000,12009,12010,12010,1
2020-01-10,17:53:00.507000,12009,12010,12010,1
2020-01-10,17:53:01.048000,12009,12010,12010,1
2020-01-10,17:53:13.818000,12010,12011,12010,1
2020-01-10,17:53:35.391000,12010,12011,12010,1
2020-01-10,17:54:28.883000,12010,12011,12010,1
2020-01-10,17:54:35.437000,12010,12011,12010,1
2020-01-10,17:54:47.265000,12010,12011,12011,22
2020-01-10,17:55:18.052000,12011,12012,12011,1
2020-01-10,17:55:22.759000,12011,12012,12011,2
2020-01-10,17:55:40.690000,12011,12012,12011,1
2020-01-10,17:56:03.515000,12011,12012,12012,1
2020-01-10,17:56:04.163000,12011,12012,12012,2
2020-01-10,17:56:04.163000,12011,12012,12012,2
2020-01-10,17:56:20.654000,12011,12012,12011,1
2020-01-10,17:56:25.952000,12011,12012,12011,5
2020-01-10,17:56:32.779000,12011,12012,12012,1
2020-01-10,17:56:39.993000,12011,12012,12011,1
2020-01-10,17:56:42.802000,12011,12012,12011,3
2020-01-10,17:56:45.169000,12011,12012,12011,1
2020-01-10,17:56:51.823000,12010,12011,12011,2
2020-01-10,17:56:57.067000,12010,12011,12011,1
2020-01-10,17:56:57.895000,12010,12011,12011,1
2020-01-10,17:56:59.019000,12010,12011,12010,1
2020-01-10,17:57:01.057000,12010,12011,12011,1
2020-01-10,17:57:02.252000,12011,12012,12011,3
2020-01-10,17:57:07.713000,12011,12012,12011,1
2020-01-10,17:57:13.412000,12011,12012,12011,1
2020-01-10,17:57:51.543000,12011,12012,12011,1
2020-01-10,17:58:02.211000,12010,12011,12011,1
2020-01-10,17:58:23.293000,12010,12011,12011,1
2020-01-10,17:58:30.326000,12011,12012,12011,1
2020-01-10,17:58:57.087000,12011,12012,12011,5
2020-01-10,17:59:02.931000,12011,12012,12011,1
2020-01-10,17:59:30.267000,12010,12011,12011,2
2020-01-10,17:59:32.767000,12010,12011,12011,1
2020-01-10,17:59:34.445000,12010,12011,12011,1
2020-01-10,17:59:36.125000,12010,12011,12011,1
2020-01-10,17:59:40.061000,12010,12012,12012,1
2020-01-10,17:59:40.229000,12010,12012,12012,1
2020-01-10,17:59:52.365000,12011,12012,12012,1
2020-01-10,18:00:04.020000,12011,12012,12012,1
2020-01-10,18:00:04.291000,12011,12012,12012,1
2020-01-10,18:00:04.642000,12011,12012,12012,1
2020-01-10,18:00:04.767000,12011,12012,12012,1
2020-01-10,18:00:04.788000,12011,12012,12012,1
2020-01-10,18:00:04.826000,12011,12012,12012,1
2020-01-10,18:00:05.027000,12011,12012,12012,1
2020-01-10,18:00:05.231000,12011,12012,12012,1
2020-01-10,18:00:05.267000,12011,12012,12012,2
2020-01-10,18:00:05.267000,12011,12012,12012,8
2020-01-10,18:00:05.328000,12011,12012,12012,6
2020-01-10,18:00:05.328000,12011,12012,12013,4
2020-01-10,18:00:05.512000,12012,12013,12012,5
2020-01-10,18:00:05.628000,12012,12013,12013,1
2020-01-10,18:00:05.640000,12012,12013,12013,1
2020-01-10,18:00:05.829000,12012,12013,12013,1
2020-01-10,18:00:06.030000,12011,12013,12013,1
2020-01-10,18:00:06.233000,12011,12013,12013,1
2020-01-10,18:00:06.544000,12012,12013,12013,1
2020-01-10,18:00:27.617000,12011,12012,12012,2
2020-01-10,18:00:40.964000,12011,12012,12011,1
2020-01-10,18:01:50.799000,12011,12012,12011,4
2020-01-10,18:01:50.822000,12011,12012,12011,2
2020-01-10,18:03:56.309000,12010,12011,12010,1
2020-01-10,18:04:15.471000,12010,12011,12011,1
2020-01-10,18:04:18.255000,12010,12011,12011,2
2020-01-10,18:05:18.111000,12010,12011,12011,1
2020-01-10,18:07:21.898000,12011,12012,12012,2
2020-01-10,18:08:33.667000,12011,12012,12012,1
2020-01-10,18:09:23.625000,12011,12012,12012,3
2020-01-10,18:09:23.769000,12011,12012,12012,3
2020-01-10,18:09:42.117000,12011,12012,12012,1
2020-01-10,18:10:04.683000,12011,12012,12012,1
2020-01-10,18:10:11.996000,12011,12012,12012,1
2020-01-10,18:10:16.414000,12011,12012,12012,1
2020-01-10,18:10:29.312000,12011,12012,12012,1
2020-01-10,18:10:41.611000,12011,12012,12012,1
2020-01-10,18:10:45.045000,12011,12012,12012,1
2020-01-10,18:10:51.912000,12011,12012,12012,4
2020-01-10,18:10:51.912000,12011,12012,12012,1
2020-01-10,18:10:51.912000,12011,12012,12012,1
2020-01-10,18:10:52.017000,12011,12012,12012,1
2020-01-10,18:10:58.381000,12012,12013,12013,1
2020-01-10,18:11:03.586000,12012,12013,12012,1
2020-01-10,18:11:21.280000,12011,12012,12012,2
2020-01-10,18:11:30.503000,12012,12013,12012,2
2020-01-10,18:11:36.267000,12011,12013,12012,1
2020-01-10,18:11:38.517000,12011,12012,12012,1
2020-01-10,18:11:38.518000,12011,12012,12012,1
2020-01-10,18:12:42.001000,12012,12013,12013,2
2020-01-10,18:12:54.697000,12012,12013,12012,1
2020-01-10,18:13:16.206000,12012,12013,12012,1
2020-01-10,18:13:18.817000,12012,12013,12012,1
2020-01-10,18:13:21.245000,12012,12013,12012,2
2020-01-10,18:13:37.237000,12012,12013,12013,2
2020-01-10,18:14:34.881000,12012,12013,12013,3
2020-01-10,18:14:47.786000,12012,12013,12013,6
2020-01-10,18:14:53.008000,12012,12013,12013,1
2020-01-10,18:14:53.678000,12012,12013,12013,1
2020-01-10,18:14:53.678000,12012,12013,12013,8
2020-01-10,18:14:53.678000,12012,12013,12013,2
2020-01-10,18:15:04.622000,12013,12014,12014,2
2020-01-10,18:15:04.663000,12013,12014,12014,1
2020-01-10,18:15:08.827000,12013,12014,12014,2
2020-01-10,18:15:21.958000,12013,12014,12014,1
2020-01-10,18:15:26.422000,12013,12014,12014,1
2020-01-10,18:15:32.783000,12013,12014,12014,1
2020-01-10,18:15:33.938000,12013,12014,12014,1
2020-01-10,18:15:36.992000,12013,12014,12014,3
2020-01-10,18:15:37.520000,12013,12014,12014,2
2020-01-10,18:15:38.914000,12013,12014,12014,1
2020-01-10,18:15:39.811000,12013,12014,12014,2
2020-01-10,18:15:42.355000,12013,12014,12014,1
2020-01-10,18:15:50.638000,12013,12014,12014,1
2020-01-10,18:17:18.518000,12013,12014,12013,12
2020-01-10,18:17:20.282000,12012,12013,12013,1
2020-01-10,18:17:20.764000,12012,12013,12013,1
2020-01-10,18:17:23.945000,12012,12013,12013,2
2020-01-10,18:17:27.034000,12012,12013,12013,2
2020-01-10,18:17:30.194000,12012,12013,12013,2
2020-01-10,18:17:48.911000,12012,12013,12012,2
2020-01-10,18:17:48.911000,12012,12013,12012,2
2020-01-10,18:17:48.911000,12012,12013,12012,4
2020-01-10,18:17:50.147000,12011,12012,12012,2
2020-01-10,18:18:06.477000,12011,12012,12011,1
2020-01-10,18:18:14.947000,12011,12012,12011,3
2020-01-10,18:18:58.944000,12011,12012,12011,1
2020-01-10,18:19:21.661000,12011,12013,12012,3
2020-01-10,18:19:21.773000,12012,12013,12013,2
2020-01-10,18:20:08.990000,12012,12013,12012,1
2020-01-10,18:20:22.431000,12011,12012,12012,1
2020-01-10,18:20:52.213000,12011,12012,12011,1
2020-01-10,18:20:54.090000,12011,12012,12011,1
2020-01-10,18:21:36.735000,12011,12012,12012,1
2020-01-10,18:21:36.735000,12011,12012,12012,1
2020-01-10,18:21:40.229000,12011,12012,12012,2
2020-01-10,18:22:17.771000,12011,12012,12012,1
2020-01-10,18:22:30.897000,12011,12012,12012,1
2020-01-10,18:22:43.311000,12011,12013,12013,4
2020-01-10,18:22:43.518000,12012,12013,12013,4
2020-01-10,18:22:47.269000,12011,12013,12013,1
2020-01-10,18:23:13.171000,12011,12013,12013,1
2020-01-10,18:24:10.286000,12012,12013,12012,1
2020-01-10,18:24:37.775000,12011,12012,12012,1
2020-01-10,18:24:38.017000,12012,12013,12012,1
2020-01-10,18:24:47.177000,12012,12013,12012,1
2020-01-10,18:24:47.267000,12012,12013,12012,1
2020-01-10,18:24:47.267000,12012,12013,12012,1
2020-01-10,18:24:47.392000,12012,12013,12012,1
2020-01-10,18:24:52.977000,12011,12012,12012,1
2020-01-10,18:25:19.767000,12011,12012,12011,5
2020-01-10,18:25:19.892000,12011,12012,12011,12
2020-01-10,18:25:20.017000,12011,12012,12011,3
2020-01-10,18:26:37.046000,12010,12011,12011,1
2020-01-10,18:28:48.196000,12011,12012,12011,2
2020-01-10,18:28:55.592000,12011,12012,12012,2
2020-01-10,18:28:57.534000,12011,12012,12012,2
2020-01-10,18:28:58.789000,12011,12012,12012,2
2020-01-10,18:28:58.789000,12011,12012,12012,3
2020-01-10,18:28:58.789000,12011,12012,12012,5
2020-01-10,18:29:05.305000,12012,12013,12013,1
2020-01-10,18:29:11.796000,12012,12013,12013,13
2020-01-10,18:29:11.796000,12012,12013,12013,4
2020-01-10,18:29:11.892000,12012,12013,12013,6
2020-01-10,18:29:43.430000,12013,12014,12013,1
2020-01-10,18:29:59.214000,12013,12014,12013,1
2020-01-10,18:30:08.489000,12012,12013,12013,1
2020-01-10,18:30:41.481000,12012,12013,12012,1
2020-01-10,18:30:46.810000,12012,12013,12012,1
2020-01-10,18:31:25.885000,12012,12013,12013,6
2020-01-10,18:31:25.892000,12012,12013,12013,2
2020-01-10,18:31:27.417000,12012,12013,12013,1
2020-01-10,18:31:28.463000,12012,12013,12013,1
