2023-05-12 15:00:00,15503,15503,15503,106,0
2023-05-12 15:00:00,15503,15503,15503,2,0
2023-05-12 15:00:00,15504,15504,15504,8,8
2023-05-12 15:00:00,15503,15503,15503,2,-2
2023-05-12 15:00:00,15502,15502,15502,2,-2
2023-05-12 15:00:00,15502,15502,15502,2,0
2023-05-12 15:00:00,15504,15504,15504,6,6
2023-05-12 15:00:00,15502,15502,15502,2,-2
2023-05-12 15:00:00,15503,15503,15503,2,2
2023-05-12 15:00:00,15502,15502,15502,2,-2
2023-05-12 15:00:00,15502,15502,15502,2,0
2023-05-12 15:00:00,15502,15502,15502,2,0
2023-05-12 15:00:00,15502,15502,15502,2,0
2023-05-12 15:00:00,15502,15502,15502,6,0
2023-05-12 15:00:00,15502,15502,15502,2,0
2023-05-12 15:00:01,15502,15502,15502,2,0
2023-05-12 15:00:01,15502,15502,15502,2,0
2023-05-12 15:00:03,15504,15504,15504,2,2
2023-05-12 15:00:04,15502,15502,15502,2,-2
2023-05-12 15:00:04,15502,15502,15502,6,0
2023-05-12 15:00:04,15503,15503,15503,4,4
2023-05-12 15:00:05,15501,15501,15501,2,-2
2023-05-12 15:00:05,15501,15501,15501,4,0
2023-05-12 15:00:05,15501,15501,15501,2,0
2023-05-12 15:00:05,15501,15501,15501,2,0
2023-05-12 15:00:05,15501,15501,15501,2,0
2023-05-12 15:00:05,15501,15501,15501,2,0
2023-05-12 15:00:05,15501,15501,15501,2,0
2023-05-12 15:00:05,15501,15501,15501,2,0
2023-05-12 15:00:05,15501,15501,15501,2,0
2023-05-12 15:00:05,15500,15500,15500,2,-2
2023-05-12 15:00:05,15500,15500,15500,2,0
2023-05-12 15:00:05,15500,15500,15500,2,0
2023-05-12 15:00:05,15500,15500,15500,2,0
2023-05-12 15:00:05,15500,15500,15500,2,0
2023-05-12 15:00:05,15500,15500,15500,2,0
2023-05-12 15:00:05,15500,15500,15500,2,0
2023-05-12 15:00:05,15500,15500,15500,2,0
2023-05-12 15:00:05,15500,15500,15500,2,0
2023-05-12 15:00:05,15500,15500,15500,2,0
2023-05-12 15:00:05,15500,15500,15500,2,0
2023-05-12 15:00:05,15500,15500,15500,6,0
2023-05-12 15:00:05,15500,15500,15500,2,0
2023-05-12 15:00:05,15499,15499,15499,2,-2
2023-05-12 15:00:05,15499,15499,15499,6,0
2023-05-12 15:00:05,15499,15499,15499,2,0
2023-05-12 15:00:05,15499,15499,15499,2,0
2023-05-12 15:00:05,15499,15499,15499,6,0
2023-05-12 15:00:05,15499,15499,15499,4,0
2023-05-12 15:00:05,15498,15498,15498,2,-2
2023-05-12 15:00:05,15498,15498,15498,4,0
2023-05-12 15:00:05,15498,15498,15498,2,0
2023-05-12 15:00:05,15498,15498,15498,2,0
2023-05-12 15:00:05,15498,15498,15498,2,0
2023-05-12 15:00:06,15498,15498,15498,2,0
2023-05-12 15:00:06,15498,15498,15498,2,0
2023-05-12 15:00:06,15500,15500,15500,2,2
2023-05-12 15:00:06,15498,15498,15498,2,-2
2023-05-12 15:00:06,15498,15498,15498,2,0
2023-05-12 15:00:06,15497,15497,15497,2,-2
2023-05-12 15:00:06,15497,15497,15497,8,0
2023-05-12 15:00:06,15497,15497,15497,2,0
2023-05-12 15:00:06,15497,15497,15497,2,0
2023-05-12 15:00:06,15497,15497,15497,2,0
2023-05-12 15:00:06,15497,15497,15497,2,0
2023-05-12 15:00:06,15497,15497,15497,2,0
2023-05-12 15:00:06,15497,15497,15497,2,0
2023-05-12 15:00:06,15496,15496,15496,2,-2
2023-05-12 15:00:06,15496,15496,15496,2,0
2023-05-12 15:00:06,15499,15499,15499,2,2
2023-05-12 15:00:06,15498,15498,15498,2,-2
2023-05-12 15:00:07,15500,15500,15500,4,4
2023-05-12 15:00:08,15503,15503,15503,2,2
2023-05-12 15:00:09,15503,15503,15503,2,0
2023-05-12 15:00:09,15503,15503,15503,2,0
2023-05-12 15:00:09,15503,15503,15503,2,0
2023-05-12 15:00:09,15503,15503,15503,2,0
2023-05-12 15:00:09,15502,15502,15502,2,-2
2023-05-12 15:00:09,15502,15502,15502,2,0
2023-05-12 15:00:09,15502,15502,15502,4,0
2023-05-12 15:00:11,15502,15502,15502,2,0
2023-05-12 15:00:14,15503,15503,15503,2,2
2023-05-12 15:00:15,15503,15503,15503,2,0
2023-05-12 15:00:15,15503,15503,15503,2,0
2023-05-12 15:00:16,15502,15502,15502,2,-2
2023-05-12 15:00:16,15502,15502,15502,2,0
2023-05-12 15:00:16,15502,15502,15502,2,0
2023-05-12 15:00:16,15502,15502,15502,4,0
2023-05-12 15:00:17,15503,15503,15503,2,2
2023-05-12 15:00:17,15504,15504,15504,2,2
2023-05-12 15:00:19,15504,15504,15504,2,0
2023-05-12 15:00:20,15503,15503,15503,2,-2
2023-05-12 15:00:20,15503,15503,15503,2,0
2023-05-12 15:00:21,15504,15504,15504,2,2
2023-05-12 15:00:21,15504,15504,15504,4,0
2023-05-12 15:00:26,15505,15505,15505,2,2
2023-05-12 15:00:26,15505,15505,15505,2,0
2023-05-12 15:00:26,15505,15505,15505,4,0
2023-05-12 15:00:29,15506,15506,15506,14,14
2023-05-12 15:00:29,15506,15506,15506,2,0
2023-05-12 15:00:29,15506,15506,15506,2,0
2023-05-12 15:00:30,15506,15506,15506,2,0
2023-05-12 15:00:31,15506,15506,15506,2,0
2023-05-12 15:00:34,15507,15507,15507,4,4
2023-05-12 15:00:34,15507,15507,15507,2,0
2023-05-12 15:00:34,15506,15506,15506,2,-2
2023-05-12 15:00:34,15507,15507,15507,2,2
2023-05-12 15:00:38,15507,15507,15507,2,0
2023-05-12 15:00:38,15507,15507,15507,2,0
2023-05-12 15:00:39,15507,15507,15507,2,0
2023-05-12 15:00:39,15507,15507,15507,2,0
2023-05-12 15:00:39,15506,15506,15506,2,-2
2023-05-12 15:00:39,15506,15506,15506,10,0
2023-05-12 15:00:39,15507,15507,15507,2,2
2023-05-12 15:00:39,15507,15507,15507,2,0
2023-05-12 15:00:41,15507,15507,15507,2,0
2023-05-12 15:00:42,15507,15507,15507,4,0
2023-05-12 15:00:42,15507,15507,15507,2,0
2023-05-12 15:00:44,15507,15507,15507,2,0
2023-05-12 15:00:44,15507,15507,15507,2,0
2023-05-12 15:00:44,15506,15506,15506,2,-2
2023-05-12 15:00:44,15507,15507,15507,2,2
2023-05-12 15:00:45,15507,15507,15507,2,0
2023-05-12 15:00:45,15507,15507,15507,2,0
2023-05-12 15:00:45,15508,15508,15508,6,6
2023-05-12 15:00:45,15508,15508,15508,4,0
2023-05-12 15:00:45,15508,15508,15508,6,0
2023-05-12 15:00:45,15509,15509,15509,26,26
2023-05-12 15:00:46,15508,15508,15508,2,-2
2023-05-12 15:00:46,15508,15508,15508,2,0
2023-05-12 15:00:46,15508,15508,15508,2,0
2023-05-12 15:00:46,15509,15509,15509,2,2
2023-05-12 15:00:47,15507,15507,15507,4,-4
2023-05-12 15:00:49,15508,15508,15508,4,4
2023-05-12 15:00:51,15509,15509,15509,6,6
2023-05-12 15:00:53,15508,15508,15508,2,-2
2023-05-12 15:00:55,15508,15508,15508,4,0
2023-05-12 15:00:56,15508,15508,15508,2,0
2023-05-12 15:00:59,15508,15508,15508,2,0
2023-05-12 15:00:59,15507,15507,15507,4,-4
2023-05-12 15:00:59,15507,15507,15507,2,0
2023-05-12 15:00:59,15507,15507,15507,2,0
2023-05-12 15:00:59,15507,15507,15507,2,0
2023-05-12 15:00:59,15507,15507,15507,2,0
2023-05-12 15:00:59,15507,15507,15507,2,0
2023-05-12 15:01:00,15508,15508,15508,2,2
2023-05-12 15:01:00,15506,15506,15506,6,-6
2023-05-12 15:01:00,15506,15506,15506,2,0
2023-05-12 15:01:00,15506,15506,15506,4,0
2023-05-12 15:01:00,15506,15506,15506,8,0
2023-05-12 15:01:00,15506,15506,15506,2,0
2023-05-12 15:01:00,15506,15506,15506,2,0
2023-05-12 15:01:00,15506,15506,15506,4,0
2023-05-12 15:01:00,15506,15506,15506,2,0
2023-05-12 15:01:00,15506,15506,15506,6,0
2023-05-12 15:01:00,15506,15506,15506,2,0
2023-05-12 15:01:00,15505,15505,15505,2,-2
2023-05-12 15:01:00,15505,15505,15505,2,0
2023-05-12 15:01:00,15505,15505,15505,2,0
2023-05-12 15:01:00,15505,15505,15505,2,0
2023-05-12 15:01:00,15505,15505,15505,6,0
2023-05-12 15:01:00,15505,15505,15505,2,0
2023-05-12 15:01:00,15505,15505,15505,6,0
2023-05-12 15:01:00,15505,15505,15505,6,0
2023-05-12 15:01:00,15505,15505,15505,2,0
2023-05-12 15:01:00,15505,15505,15505,2,0
2023-05-12 15:01:00,15505,15505,15505,2,0
2023-05-12 15:01:00,15505,15505,15505,2,0
2023-05-12 15:01:00,15505,15505,15505,2,0
2023-05-12 15:01:00,15505,15505,15505,2,0
2023-05-12 15:01:00,15505,15505,15505,2,0
2023-05-12 15:01:00,15505,15505,15505,2,0
2023-05-12 15:01:00,15505,15505,15505,2,0
2023-05-12 15:01:00,15505,15505,15505,2,0
2023-05-12 15:01:00,15507,15507,15507,2,2
2023-05-12 15:01:00,15507,15507,15507,4,0
2023-05-12 15:01:00,15507,15507,15507,4,0
2023-05-12 15:01:00,15506,15506,15506,2,-2
2023-05-12 15:01:00,15506,15506,15506,2,0
2023-05-12 15:01:00,15506,15506,15506,4,0
2023-05-12 15:01:00,15508,15508,15508,2,2
2023-05-12 15:01:00,15506,15506,15506,2,-2
2023-05-12 15:01:00,15506,15506,15506,2,0
2023-05-12 15:01:00,15506,15506,15506,6,0
2023-05-12 15:01:00,15506,15506,15506,2,0
2023-05-12 15:01:00,15506,15506,15506,4,0
2023-05-12 15:01:00,15506,15506,15506,2,0
2023-05-12 15:01:00,15505,15505,15505,2,-2
2023-05-12 15:01:00,15505,15505,15505,2,0
2023-05-12 15:01:00,15505,15505,15505,2,0
2023-05-12 15:01:04,15507,15507,15507,2,2
2023-05-12 15:01:04,15507,15507,15507,2,0
2023-05-12 15:01:04,15508,15508,15508,6,6
2023-05-12 15:01:06,15508,15508,15508,6,0
2023-05-12 15:01:06,15508,15508,15508,2,0
2023-05-12 15:01:07,15508,15508,15508,2,0
2023-05-12 15:01:07,15508,15508,15508,2,0
2023-05-12 15:01:07,15508,15508,15508,2,0
2023-05-12 15:01:07,15508,15508,15508,2,0
2023-05-12 15:01:08,15508,15508,15508,2,0
2023-05-12 15:01:08,15508,15508,15508,2,0
2023-05-12 15:01:08,15508,15508,15508,2,0
2023-05-12 15:01:08,15508,15508,15508,2,0
2023-05-12 15:01:09,15508,15508,15508,4,0
2023-05-12 15:01:09,15508,15508,15508,2,0
2023-05-12 15:01:10,15508,15508,15508,2,0
2023-05-12 15:01:12,15508,15508,15508,2,0
2023-05-12 15:01:12,15508,15508,15508,2,0
2023-05-12 15:01:13,15508,15508,15508,2,0
2023-05-12 15:01:13,15508,15508,15508,2,0
2023-05-12 15:01:15,15508,15508,15508,2,0
2023-05-12 15:01:15,15509,15509,15509,2,2
2023-05-12 15:01:15,15509,15509,15509,2,0
2023-05-12 15:01:16,15508,15508,15508,2,-2
2023-05-12 15:01:17,15508,15508,15508,2,0
2023-05-12 15:01:18,15508,15508,15508,2,0
2023-05-12 15:01:18,15509,15509,15509,8,8
2023-05-12 15:01:19,15508,15508,15508,2,-2
2023-05-12 15:01:19,15508,15508,15508,2,0
2023-05-12 15:01:21,15509,15509,15509,6,6
2023-05-12 15:01:22,15508,15508,15508,2,-2
2023-05-12 15:01:25,15509,15509,15509,2,2
2023-05-12 15:01:25,15509,15509,15509,2,0
2023-05-12 15:01:26,15509,15509,15509,2,0
2023-05-12 15:01:26,15510,15510,15510,4,4
2023-05-12 15:01:26,15510,15510,15510,18,0
2023-05-12 15:01:26,15510,15510,15510,2,0
2023-05-12 15:01:26,15510,15510,15510,4,0
2023-05-12 15:01:26,15510,15510,15510,2,0
2023-05-12 15:01:26,15510,15510,15510,2,0
2023-05-12 15:01:27,15510,15510,15510,2,0
2023-05-12 15:01:27,15511,15511,15511,2,2
2023-05-12 15:01:27,15511,15511,15511,8,0
2023-05-12 15:01:28,15511,15511,15511,2,0
2023-05-12 15:01:28,15511,15511,15511,2,0
2023-05-12 15:01:28,15510,15510,15510,2,-2
2023-05-12 15:01:29,15511,15511,15511,2,2
2023-05-12 15:01:29,15511,15511,15511,2,0
2023-05-12 15:01:30,15511,15511,15511,2,0
2023-05-12 15:01:30,15511,15511,15511,2,0
2023-05-12 15:01:30,15511,15511,15511,2,0
2023-05-12 15:01:34,15510,15510,15510,2,-2
2023-05-12 15:01:35,15510,15510,15510,2,0
2023-05-12 15:01:35,15510,15510,15510,2,0
2023-05-12 15:01:35,15511,15511,15511,2,2
2023-05-12 15:01:36,15510,15510,15510,2,-2
2023-05-12 15:01:36,15511,15511,15511,4,4
2023-05-12 15:01:38,15510,15510,15510,2,-2
2023-05-12 15:01:38,15510,15510,15510,2,0
2023-05-12 15:01:38,15510,15510,15510,2,0
2023-05-12 15:01:38,15509,15509,15509,2,-2
2023-05-12 15:01:38,15509,15509,15509,2,0
2023-05-12 15:01:41,15510,15510,15510,2,2
2023-05-12 15:01:41,15511,15511,15511,2,2
2023-05-12 15:01:42,15510,15510,15510,6,-6
2023-05-12 15:01:43,15511,15511,15511,20,20
2023-05-12 15:01:43,15512,15512,15512,48,48
2023-05-12 15:01:43,15512,15512,15512,2,0
2023-05-12 15:01:43,15512,15512,15512,2,0
2023-05-12 15:01:43,15512,15512,15512,2,0
2023-05-12 15:01:43,15513,15513,15513,2,2
2023-05-12 15:01:43,15513,15513,15513,2,0
2023-05-12 15:01:43,15513,15513,15513,2,0
2023-05-12 15:01:44,15512,15512,15512,2,-2
2023-05-12 15:01:45,15512,15512,15512,2,0
2023-05-12 15:01:45,15512,15512,15512,2,0
2023-05-12 15:01:45,15511,15511,15511,2,-2
2023-05-12 15:01:45,15513,15513,15513,42,42
2023-05-12 15:01:45,15513,15513,15513,2,0
2023-05-12 15:01:45,15513,15513,15513,2,0
2023-05-12 15:01:45,15514,15514,15514,4,4
2023-05-12 15:01:47,15513,15513,15513,2,-2
2023-05-12 15:01:49,15513,15513,15513,2,0
2023-05-12 15:01:51,15514,15514,15514,10,10
2023-05-12 15:02:00,15514,15514,15514,2,0
2023-05-12 15:02:00,15515,15515,15515,4,4
2023-05-12 15:02:01,15514,15514,15514,2,-2
2023-05-12 15:02:01,15514,15514,15514,2,0
2023-05-12 15:02:01,15514,15514,15514,2,0
2023-05-12 15:02:01,15514,15514,15514,2,0
2023-05-12 15:02:03,15514,15514,15514,2,0
2023-05-12 15:02:05,15515,15515,15515,2,2
2023-05-12 15:02:06,15515,15515,15515,2,0
2023-05-12 15:02:06,15515,15515,15515,4,0
2023-05-12 15:02:08,15515,15515,15515,6,0
2023-05-12 15:02:09,15515,15515,15515,2,0
2023-05-12 15:02:10,15514,15514,15514,6,-6
2023-05-12 15:02:10,15514,15514,15514,2,0
2023-05-12 15:02:10,15514,15514,15514,2,0
2023-05-12 15:02:10,15514,15514,15514,2,0
2023-05-12 15:02:10,15514,15514,15514,2,0
2023-05-12 15:02:10,15515,15515,15515,2,2
2023-05-12 15:02:10,15513,15513,15513,2,-2
2023-05-12 15:02:15,15514,15514,15514,2,2
2023-05-12 15:02:18,15513,15513,15513,10,-10
2023-05-12 15:02:18,15513,15513,15513,4,0
2023-05-12 15:02:18,15513,15513,15513,2,0
2023-05-12 15:02:29,15513,15513,15513,4,0
2023-05-12 15:02:30,15513,15513,15513,2,0
2023-05-12 15:02:31,15513,15513,15513,2,0
2023-05-12 15:02:31,15513,15513,15513,2,0
2023-05-12 15:02:33,15514,15514,15514,2,2
2023-05-12 15:02:34,15513,15513,15513,2,-2
2023-05-12 15:02:34,15513,15513,15513,2,0
2023-05-12 15:02:38,15512,15512,15512,2,-2
2023-05-12 15:02:38,15513,15513,15513,2,2
2023-05-12 15:02:44,15513,15513,15513,28,0
2023-05-12 15:02:46,15512,15512,15512,2,-2
2023-05-12 15:02:50,15512,15512,15512,2,0
2023-05-12 15:02:50,15511,15511,15511,2,-2
2023-05-12 15:02:51,15511,15511,15511,2,0
2023-05-12 15:02:56,15511,15511,15511,2,0
2023-05-12 15:03:00,15511,15511,15511,2,0
2023-05-12 15:03:01,15511,15511,15511,2,0
2023-05-12 15:03:01,15511,15511,15511,2,0
2023-05-12 15:03:01,15511,15511,15511,2,0
2023-05-12 15:03:01,15511,15511,15511,2,0
2023-05-12 15:03:01,15511,15511,15511,2,0
2023-05-12 15:03:01,15511,15511,15511,2,0
2023-05-12 15:03:01,15511,15511,15511,2,0
2023-05-12 15:03:01,15511,15511,15511,2,0
2023-05-12 15:03:01,15511,15511,15511,2,0
2023-05-12 15:03:01,15511,15511,15511,4,0
2023-05-12 15:03:01,15510,15510,15510,2,-2
2023-05-12 15:03:01,15510,15510,15510,2,0
2023-05-12 15:03:01,15510,15510,15510,2,0
2023-05-12 15:03:01,15510,15510,15510,2,0
2023-05-12 15:03:01,15510,15510,15510,2,0
2023-05-12 15:03:01,15510,15510,15510,2,0
2023-05-12 15:03:01,15510,15510,15510,2,0
2023-05-12 15:03:01,15510,15510,15510,2,0
2023-05-12 15:03:01,15510,15510,15510,2,0
2023-05-12 15:03:01,15510,15510,15510,2,0
2023-05-12 15:03:01,15510,15510,15510,2,0
2023-05-12 15:03:01,15510,15510,15510,2,0
2023-05-12 15:03:06,15511,15511,15511,2,2
2023-05-12 15:03:19,15511,15511,15511,2,0
2023-05-12 15:03:20,15511,15511,15511,4,0
2023-05-12 15:03:20,15510,15510,15510,2,-2
2023-05-12 15:03:21,15510,15510,15510,2,0
2023-05-12 15:03:23,15510,15510,15510,2,0
2023-05-12 15:03:23,15510,15510,15510,2,0
2023-05-12 15:03:23,15510,15510,15510,18,0
2023-05-12 15:03:23,15510,15510,15510,2,0
2023-05-12 15:03:23,15510,15510,15510,2,0
2023-05-12 15:03:23,15509,15509,15509,4,-4
2023-05-12 15:03:23,15509,15509,15509,2,0
2023-05-12 15:03:23,15509,15509,15509,2,0
2023-05-12 15:03:23,15508,15508,15508,2,-2
2023-05-12 15:03:23,15508,15508,15508,2,0
2023-05-12 15:03:23,15508,15508,15508,2,0
2023-05-12 15:03:24,15509,15509,15509,2,2
2023-05-12 15:03:28,15509,15509,15509,2,0
2023-05-12 15:03:28,15508,15508,15508,2,-2
2023-05-12 15:03:32,15508,15508,15508,2,0
2023-05-12 15:03:35,15508,15508,15508,4,0
2023-05-12 15:03:35,15508,15508,15508,4,0
2023-05-12 15:03:35,15508,15508,15508,2,0
2023-05-12 15:03:35,15508,15508,15508,2,0
2023-05-12 15:03:35,15508,15508,15508,2,0
2023-05-12 15:03:36,15507,15507,15507,2,-2
2023-05-12 15:03:36,15507,15507,15507,2,0
2023-05-12 15:03:36,15507,15507,15507,2,0
2023-05-12 15:03:36,15508,15508,15508,2,2
2023-05-12 15:03:37,15506,15506,15506,2,-2
2023-05-12 15:03:37,15506,15506,15506,2,0
2023-05-12 15:03:39,15506,15506,15506,2,0
2023-05-12 15:03:41,15507,15507,15507,2,2
2023-05-12 15:03:42,15508,15508,15508,2,2
2023-05-12 15:03:43,15507,15507,15507,2,-2
2023-05-12 15:03:43,15507,15507,15507,2,0
2023-05-12 15:03:46,15509,15509,15509,14,14
2023-05-12 15:03:46,15509,15509,15509,2,0
2023-05-12 15:03:49,15508,15508,15508,2,-2
2023-05-12 15:03:54,15508,15508,15508,2,0
2023-05-12 15:03:54,15508,15508,15508,2,0
2023-05-12 15:03:54,15508,15508,15508,2,0
2023-05-12 15:03:56,15509,15509,15509,6,6
2023-05-12 15:03:56,15509,15509,15509,2,0
2023-05-12 15:03:56,15509,15509,15509,2,0
2023-05-12 15:03:57,15509,15509,15509,2,0
2023-05-12 15:03:57,15509,15509,15509,2,0
2023-05-12 15:03:57,15509,15509,15509,2,0
2023-05-12 15:03:57,15509,15509,15509,2,0
2023-05-12 15:03:57,15508,15508,15508,2,-2
2023-05-12 15:03:58,15508,15508,15508,2,0
2023-05-12 15:03:59,15508,15508,15508,2,0
2023-05-12 15:03:59,15508,15508,15508,6,0
2023-05-12 15:04:01,15508,15508,15508,2,0
2023-05-12 15:04:01,15507,15507,15507,2,-2
2023-05-12 15:04:01,15507,15507,15507,4,0
2023-05-12 15:04:01,15507,15507,15507,2,0
2023-05-12 15:04:01,15507,15507,15507,2,0
2023-05-12 15:04:01,15507,15507,15507,2,0
2023-05-12 15:04:02,15509,15509,15509,4,4
2023-05-12 15:04:02,15509,15509,15509,2,0
2023-05-12 15:04:04,15508,15508,15508,2,-2
2023-05-12 15:04:07,15509,15509,15509,4,4
2023-05-12 15:04:21,15508,15508,15508,2,-2
2023-05-12 15:04:34,15509,15509,15509,2,2
2023-05-12 15:04:44,15509,15509,15509,22,0
2023-05-12 15:04:50,15509,15509,15509,2,0
2023-05-12 15:04:56,15509,15509,15509,2,0
2023-05-12 15:05:00,15509,15509,15509,2,0
2023-05-12 15:05:00,15509,15509,15509,2,0
2023-05-12 15:05:00,15509,15509,15509,2,0
2023-05-12 15:05:00,15509,15509,15509,2,0
2023-05-12 15:05:00,15509,15509,15509,2,0
2023-05-12 15:05:04,15509,15509,15509,2,0
2023-05-12 15:05:04,15509,15509,15509,2,0
2023-05-12 15:05:14,15509,15509,15509,2,0
2023-05-12 15:05:15,15510,15510,15510,2,2
2023-05-12 15:05:15,15510,15510,15510,26,0
2023-05-12 15:05:16,15511,15511,15511,2,2
2023-05-12 15:05:18,15511,15511,15511,4,0
2023-05-12 15:05:24,15511,15511,15511,2,0
2023-05-12 15:05:26,15511,15511,15511,2,0
2023-05-12 15:05:41,15511,15511,15511,2,0
2023-05-12 15:05:41,15510,15510,15510,6,-6
2023-05-12 15:05:50,15510,15510,15510,4,0
2023-05-12 15:05:50,15510,15510,15510,2,0
2023-05-12 15:05:51,15511,15511,15511,4,4
2023-05-12 15:05:51,15510,15510,15510,2,-2
2023-05-12 15:05:51,15510,15510,15510,2,0
2023-05-12 15:05:54,15510,15510,15510,2,0
2023-05-12 15:05:55,15511,15511,15511,6,6
2023-05-12 15:05:59,15512,15512,15512,4,4
2023-05-12 15:05:59,15511,15511,15511,4,-4
2023-05-12 15:06:03,15512,15512,15512,2,2
2023-05-12 15:06:13,15512,15512,15512,4,0
2023-05-12 15:06:16,15512,15512,15512,4,0
2023-05-12 15:06:20,15513,15513,15513,2,2
2023-05-12 15:06:21,15512,15512,15512,2,-2
2023-05-12 15:06:22,15512,15512,15512,2,0
2023-05-12 15:06:24,15512,15512,15512,2,0
2023-05-12 15:06:29,15512,15512,15512,2,0
2023-05-12 15:06:39,15512,15512,15512,2,0
2023-05-12 15:06:39,15512,15512,15512,2,0
2023-05-12 15:06:55,15513,15513,15513,2,2
2023-05-12 15:07:01,15513,15513,15513,4,0
2023-05-12 15:07:08,15513,15513,15513,12,0
2023-05-12 15:07:09,15513,15513,15513,2,0
2023-05-12 15:07:09,15512,15512,15512,2,-2
2023-05-12 15:07:09,15512,15512,15512,14,0
2023-05-12 15:07:09,15512,15512,15512,2,0
2023-05-12 15:07:09,15512,15512,15512,2,0
2023-05-12 15:07:09,15512,15512,15512,2,0
2023-05-12 15:07:09,15512,15512,15512,2,0
2023-05-12 15:07:09,15512,15512,15512,2,0
2023-05-12 15:07:09,15512,15512,15512,2,0
2023-05-12 15:07:10,15512,15512,15512,4,0
2023-05-12 15:07:10,15512,15512,15512,2,0
2023-05-12 15:07:10,15512,15512,15512,2,0
2023-05-12 15:07:13,15512,15512,15512,2,0
2023-05-12 15:07:16,15513,15513,15513,2,2
2023-05-12 15:07:17,15512,15512,15512,2,-2
2023-05-12 15:07:31,15512,15512,15512,2,0
2023-05-12 15:07:34,15512,15512,15512,2,0
2023-05-12 15:07:35,15513,15513,15513,10,10
2023-05-12 15:07:36,15512,15512,15512,2,-2
2023-05-12 15:07:50,15512,15512,15512,2,0
2023-05-12 15:07:50,15512,15512,15512,2,0
2023-05-12 15:08:09,15512,15512,15512,2,0
2023-05-12 15:08:09,15512,15512,15512,2,0
2023-05-12 15:08:11,15513,15513,15513,10,10
2023-05-12 15:08:20,15514,15514,15514,10,10
2023-05-12 15:08:21,15514,15514,15514,2,0
2023-05-12 15:08:26,15514,15514,15514,2,0
2023-05-12 15:08:29,15514,15514,15514,2,0
2023-05-12 15:08:29,15514,15514,15514,2,0
2023-05-12 15:08:29,15513,15513,15513,4,-4
2023-05-12 15:08:29,15513,15513,15513,2,0
2023-05-12 15:08:29,15513,15513,15513,2,0
2023-05-12 15:08:29,15512,15512,15512,2,-2
2023-05-12 15:08:29,15512,15512,15512,4,0
2023-05-12 15:08:31,15511,15511,15511,2,-2
2023-05-12 15:08:31,15511,15511,15511,4,0
2023-05-12 15:08:31,15511,15511,15511,4,0
2023-05-12 15:08:31,15512,15512,15512,2,2
2023-05-12 15:08:32,15512,15512,15512,2,0
2023-05-12 15:08:33,15512,15512,15512,2,0
2023-05-12 15:08:34,15511,15511,15511,2,-2
2023-05-12 15:08:38,15511,15511,15511,4,0
2023-05-12 15:08:40,15510,15510,15510,2,-2
2023-05-12 15:08:40,15510,15510,15510,2,0
2023-05-12 15:08:40,15510,15510,15510,2,0
2023-05-12 15:08:40,15510,15510,15510,2,0
2023-05-12 15:08:40,15510,15510,15510,10,0
2023-05-12 15:08:40,15510,15510,15510,2,0
2023-05-12 15:08:40,15510,15510,15510,2,0
2023-05-12 15:08:44,15510,15510,15510,2,0
2023-05-12 15:08:49,15510,15510,15510,2,0
2023-05-12 15:09:03,15510,15510,15510,2,0
2023-05-12 15:09:08,15511,15511,15511,4,4
2023-05-12 15:09:12,15511,15511,15511,2,0
2023-05-12 15:09:31,15510,15510,15510,2,-2
2023-05-12 15:09:31,15510,15510,15510,10,0
2023-05-12 15:09:31,15510,15510,15510,8,0
2023-05-12 15:09:31,15510,15510,15510,4,0
2023-05-12 15:09:31,15510,15510,15510,2,0
2023-05-12 15:09:31,15510,15510,15510,2,0
2023-05-12 15:09:36,15509,15509,15509,2,-2
2023-05-12 15:09:36,15509,15509,15509,2,0
2023-05-12 15:09:36,15509,15509,15509,2,0
2023-05-12 15:09:36,15509,15509,15509,2,0
2023-05-12 15:09:36,15509,15509,15509,2,0
2023-05-12 15:09:36,15509,15509,15509,2,0
2023-05-12 15:09:37,15508,15508,15508,2,-2
2023-05-12 15:09:40,15508,15508,15508,2,0
2023-05-12 15:09:40,15508,15508,15508,8,0
2023-05-12 15:09:41,15508,15508,15508,16,0
2023-05-12 15:09:41,15508,15508,15508,2,0
2023-05-12 15:09:41,15508,15508,15508,2,0
2023-05-12 15:09:41,15508,15508,15508,2,0
2023-05-12 15:09:41,15508,15508,15508,2,0
2023-05-12 15:09:43,15507,15507,15507,4,-4
2023-05-12 15:09:43,15507,15507,15507,2,0
2023-05-12 15:09:43,15507,15507,15507,2,0
2023-05-12 15:09:44,15507,15507,15507,2,0
2023-05-12 15:09:49,15506,15506,15506,2,-2
2023-05-12 15:09:49,15506,15506,15506,2,0
2023-05-12 15:09:49,15506,15506,15506,2,0
2023-05-12 15:09:49,15506,15506,15506,2,0
2023-05-12 15:09:49,15506,15506,15506,2,0
2023-05-12 15:09:49,15506,15506,15506,6,0
2023-05-12 15:09:49,15506,15506,15506,2,0
2023-05-12 15:09:49,15506,15506,15506,2,0
2023-05-12 15:09:49,15506,15506,15506,6,0
2023-05-12 15:09:49,15506,15506,15506,4,0
2023-05-12 15:09:49,15506,15506,15506,6,0
2023-05-12 15:09:49,15506,15506,15506,2,0
2023-05-12 15:09:49,15506,15506,15506,2,0
2023-05-12 15:09:49,15506,15506,15506,2,0
2023-05-12 15:09:50,15506,15506,15506,2,0
2023-05-12 15:09:50,15506,15506,15506,2,0
2023-05-12 15:09:50,15506,15506,15506,4,0
2023-05-12 15:09:50,15506,15506,15506,2,0
2023-05-12 15:09:55,15505,15505,15505,4,-4
2023-05-12 15:09:59,15506,15506,15506,2,2
2023-05-12 15:10:00,15505,15505,15505,2,-2
2023-05-12 15:10:00,15505,15505,15505,2,0
2023-05-12 15:10:01,15506,15506,15506,2,2
2023-05-12 15:10:01,15506,15506,15506,2,0
2023-05-12 15:10:06,15506,15506,15506,4,0
2023-05-12 15:10:06,15506,15506,15506,2,0
2023-05-12 15:10:06,15505,15505,15505,6,-6
2023-05-12 15:10:06,15505,15505,15505,6,0
2023-05-12 15:10:06,15505,15505,15505,2,0
2023-05-12 15:10:06,15505,15505,15505,2,0
2023-05-12 15:10:06,15505,15505,15505,6,0
2023-05-12 15:10:06,15505,15505,15505,2,0
2023-05-12 15:10:06,15505,15505,15505,2,0
2023-05-12 15:10:06,15505,15505,15505,2,0
2023-05-12 15:10:06,15505,15505,15505,2,0
2023-05-12 15:10:06,15505,15505,15505,4,0
2023-05-12 15:10:06,15505,15505,15505,2,0
2023-05-12 15:10:06,15505,15505,15505,2,0
2023-05-12 15:10:06,15505,15505,15505,2,0
2023-05-12 15:10:11,15504,15504,15504,2,-2
2023-05-12 15:10:11,15504,15504,15504,2,0
2023-05-12 15:10:11,15504,15504,15504,2,0
2023-05-12 15:10:14,15505,15505,15505,2,2
2023-05-12 15:10:15,15505,15505,15505,2,0
2023-05-12 15:10:16,15505,15505,15505,2,0
2023-05-12 15:10:16,15505,15505,15505,2,0
2023-05-12 15:10:18,15504,15504,15504,2,-2
2023-05-12 15:10:24,15504,15504,15504,2,0
2023-05-12 15:10:25,15504,15504,15504,2,0
2023-05-12 15:10:26,15504,15504,15504,2,0
2023-05-12 15:10:28,15505,15505,15505,2,2
2023-05-12 15:10:28,15505,15505,15505,2,0
2023-05-12 15:10:28,15505,15505,15505,38,0
2023-05-12 15:10:33,15506,15506,15506,4,4
2023-05-12 15:10:36,15506,15506,15506,6,0
2023-05-12 15:10:43,15506,15506,15506,2,0
2023-05-12 15:10:43,15505,15505,15505,2,-2
2023-05-12 15:10:43,15505,15505,15505,2,0
2023-05-12 15:10:43,15505,15505,15505,2,0
2023-05-12 15:10:43,15505,15505,15505,6,0
2023-05-12 15:10:43,15505,15505,15505,2,0
2023-05-12 15:10:43,15505,15505,15505,2,0
2023-05-12 15:10:44,15505,15505,15505,8,0
2023-05-12 15:10:44,15505,15505,15505,2,0
2023-05-12 15:10:45,15505,15505,15505,2,0
2023-05-12 15:10:45,15505,15505,15505,2,0
2023-05-12 15:10:55,15505,15505,15505,4,0
2023-05-12 15:10:55,15505,15505,15505,2,0
2023-05-12 15:10:55,15505,15505,15505,2,0
2023-05-12 15:10:56,15505,15505,15505,2,0
2023-05-12 15:10:57,15504,15504,15504,2,-2
2023-05-12 15:10:58,15505,15505,15505,2,2
2023-05-12 15:11:02,15504,15504,15504,2,-2
2023-05-12 15:11:05,15504,15504,15504,2,0
2023-05-12 15:11:09,15504,15504,15504,2,0
2023-05-12 15:11:09,15504,15504,15504,2,0
2023-05-12 15:11:09,15504,15504,15504,4,0
2023-05-12 15:11:09,15504,15504,15504,10,0
2023-05-12 15:11:09,15504,15504,15504,2,0
2023-05-12 15:11:09,15504,15504,15504,2,0
2023-05-12 15:11:09,15504,15504,15504,2,0
2023-05-12 15:11:09,15504,15504,15504,2,0
2023-05-12 15:11:09,15504,15504,15504,2,0
2023-05-12 15:11:19,15503,15503,15503,2,-2
2023-05-12 15:11:20,15503,15503,15503,2,0
2023-05-12 15:11:23,15504,15504,15504,2,2
2023-05-12 15:11:24,15503,15503,15503,2,-2
2023-05-12 15:11:26,15504,15504,15504,2,2
2023-05-12 15:11:28,15504,15504,15504,2,0
2023-05-12 15:11:32,15504,15504,15504,2,0
2023-05-12 15:11:33,15503,15503,15503,2,-2
2023-05-12 15:11:33,15503,15503,15503,2,0
2023-05-12 15:11:33,15503,15503,15503,18,0
2023-05-12 15:11:33,15503,15503,15503,4,0
2023-05-12 15:11:33,15503,15503,15503,2,0
2023-05-12 15:11:33,15503,15503,15503,10,0
2023-05-12 15:11:33,15503,15503,15503,2,0
2023-05-12 15:11:33,15503,15503,15503,2,0
2023-05-12 15:11:33,15503,15503,15503,4,0
2023-05-12 15:11:33,15503,15503,15503,4,0
2023-05-12 15:11:33,15502,15502,15502,2,-2
2023-05-12 15:11:33,15502,15502,15502,2,0
2023-05-12 15:11:33,15502,15502,15502,6,0
2023-05-12 15:11:33,15502,15502,15502,2,0
2023-05-12 15:11:33,15502,15502,15502,2,0
2023-05-12 15:11:33,15502,15502,15502,2,0
2023-05-12 15:11:33,15502,15502,15502,2,0
2023-05-12 15:11:33,15502,15502,15502,2,0
2023-05-12 15:11:36,15501,15501,15501,2,-2
2023-05-12 15:11:36,15501,15501,15501,2,0
2023-05-12 15:11:36,15501,15501,15501,2,0
2023-05-12 15:11:36,15501,15501,15501,2,0
2023-05-12 15:11:36,15501,15501,15501,2,0
2023-05-12 15:11:36,15501,15501,15501,10,0
2023-05-12 15:11:36,15501,15501,15501,2,0
2023-05-12 15:11:36,15501,15501,15501,2,0
2023-05-12 15:11:39,15501,15501,15501,2,0
2023-05-12 15:11:39,15501,15501,15501,2,0
2023-05-12 15:11:40,15501,15501,15501,4,0
2023-05-12 15:11:41,15500,15500,15500,2,-2
2023-05-12 15:11:41,15500,15500,15500,2,0
2023-05-12 15:11:41,15500,15500,15500,2,0
2023-05-12 15:11:41,15500,15500,15500,2,0
2023-05-12 15:11:42,15500,15500,15500,4,0
2023-05-12 15:11:42,15500,15500,15500,2,0
2023-05-12 15:11:42,15500,15500,15500,2,0
2023-05-12 15:11:42,15500,15500,15500,2,0
2023-05-12 15:11:42,15500,15500,15500,2,0
2023-05-12 15:11:43,15500,15500,15500,2,0
2023-05-12 15:11:43,15500,15500,15500,2,0
2023-05-12 15:11:43,15500,15500,15500,6,0
2023-05-12 15:11:43,15501,15501,15501,2,2
2023-05-12 15:11:43,15500,15500,15500,4,-4
2023-05-12 15:11:43,15500,15500,15500,2,0
2023-05-12 15:11:43,15500,15500,15500,2,0
2023-05-12 15:11:43,15500,15500,15500,2,0
2023-05-12 15:11:43,15500,15500,15500,2,0
2023-05-12 15:11:43,15499,15499,15499,2,-2
2023-05-12 15:11:43,15499,15499,15499,2,0
2023-05-12 15:11:46,15500,15500,15500,2,2
2023-05-12 15:11:47,15499,15499,15499,2,-2
2023-05-12 15:11:47,15499,15499,15499,2,0
2023-05-12 15:11:48,15499,15499,15499,2,0
2023-05-12 15:11:48,15499,15499,15499,2,0
2023-05-12 15:11:48,15499,15499,15499,2,0
2023-05-12 15:11:54,15499,15499,15499,4,0
2023-05-12 15:11:54,15499,15499,15499,2,0
2023-05-12 15:11:54,15499,15499,15499,6,0
2023-05-12 15:11:54,15499,15499,15499,2,0
2023-05-12 15:11:54,15499,15499,15499,2,0
2023-05-12 15:11:56,15498,15498,15498,2,-2
2023-05-12 15:11:58,15499,15499,15499,2,2
2023-05-12 15:12:00,15498,15498,15498,10,-10
2023-05-12 15:12:00,15498,15498,15498,2,0
2023-05-12 15:12:00,15498,15498,15498,6,0
2023-05-12 15:12:00,15498,15498,15498,2,0
2023-05-12 15:12:00,15498,15498,15498,2,0
2023-05-12 15:12:00,15498,15498,15498,2,0
2023-05-12 15:12:00,15498,15498,15498,2,0
2023-05-12 15:12:01,15498,15498,15498,2,0
2023-05-12 15:12:01,15497,15497,15497,2,-2
2023-05-12 15:12:01,15497,15497,15497,2,0
2023-05-12 15:12:02,15498,15498,15498,2,2
2023-05-12 15:12:02,15497,15497,15497,2,-2
2023-05-12 15:12:02,15497,15497,15497,2,0
2023-05-12 15:12:02,15497,15497,15497,2,0
2023-05-12 15:12:02,15497,15497,15497,2,0
2023-05-12 15:12:02,15497,15497,15497,2,0
2023-05-12 15:12:02,15497,15497,15497,2,0
2023-05-12 15:12:02,15497,15497,15497,2,0
2023-05-12 15:12:02,15497,15497,15497,2,0
2023-05-12 15:12:02,15497,15497,15497,2,0
2023-05-12 15:12:03,15496,15496,15496,2,-2
2023-05-12 15:12:04,15496,15496,15496,2,0
2023-05-12 15:12:06,15496,15496,15496,2,0
2023-05-12 15:12:06,15496,15496,15496,2,0
2023-05-12 15:12:06,15496,15496,15496,2,0
2023-05-12 15:12:06,15496,15496,15496,2,0
2023-05-12 15:12:06,15496,15496,15496,2,0
2023-05-12 15:12:06,15496,15496,15496,4,0
2023-05-12 15:12:07,15496,15496,15496,2,0
2023-05-12 15:12:08,15496,15496,15496,2,0
2023-05-12 15:12:09,15496,15496,15496,2,0
2023-05-12 15:12:10,15496,15496,15496,4,0
2023-05-12 15:12:10,15497,15497,15497,2,2
2023-05-12 15:12:10,15497,15497,15497,4,0
2023-05-12 15:12:10,15498,15498,15498,4,4
2023-05-12 15:12:10,15498,15498,15498,4,0
2023-05-12 15:12:10,15497,15497,15497,2,-2
2023-05-12 15:12:10,15497,15497,15497,4,0
2023-05-12 15:12:10,15497,15497,15497,2,0
2023-05-12 15:12:10,15497,15497,15497,2,0
2023-05-12 15:12:10,15497,15497,15497,6,0
2023-05-12 15:12:10,15497,15497,15497,2,0
2023-05-12 15:12:10,15497,15497,15497,2,0
2023-05-12 15:12:10,15497,15497,15497,2,0
2023-05-12 15:12:10,15497,15497,15497,2,0
2023-05-12 15:12:10,15497,15497,15497,2,0
2023-05-12 15:12:10,15496,15496,15496,6,-6
2023-05-12 15:12:10,15496,15496,15496,6,0
2023-05-12 15:12:10,15496,15496,15496,2,0
2023-05-12 15:12:10,15496,15496,15496,2,0
2023-05-12 15:12:10,15496,15496,15496,2,0
2023-05-12 15:12:10,15496,15496,15496,2,0
2023-05-12 15:12:10,15496,15496,15496,2,0
2023-05-12 15:12:10,15496,15496,15496,2,0
2023-05-12 15:12:13,15497,15497,15497,2,2
2023-05-12 15:12:13,15498,15498,15498,4,4
2023-05-12 15:12:19,15498,15498,15498,6,0
2023-05-12 15:12:19,15499,15499,15499,4,4
2023-05-12 15:12:23,15498,15498,15498,2,-2
2023-05-12 15:12:25,15498,15498,15498,2,0
2023-05-12 15:12:26,15498,15498,15498,2,0
2023-05-12 15:12:28,15498,15498,15498,2,0
2023-05-12 15:12:28,15498,15498,15498,2,0
2023-05-12 15:12:29,15498,15498,15498,6,0
2023-05-12 15:12:32,15497,15497,15497,2,-2
2023-05-12 15:12:32,15497,15497,15497,4,0
2023-05-12 15:12:32,15497,15497,15497,2,0
2023-05-12 15:12:34,15498,15498,15498,2,2
2023-05-12 15:12:34,15499,15499,15499,10,10
2023-05-12 15:12:36,15498,15498,15498,2,-2
2023-05-12 15:12:36,15498,15498,15498,6,0
2023-05-12 15:12:37,15499,15499,15499,2,2
2023-05-12 15:12:40,15498,15498,15498,2,-2
2023-05-12 15:12:46,15499,15499,15499,2,2
2023-05-12 15:12:48,15498,15498,15498,2,-2
2023-05-12 15:12:49,15498,15498,15498,4,0
2023-05-12 15:12:55,15498,15498,15498,4,0
2023-05-12 15:12:58,15499,15499,15499,8,8
2023-05-12 15:12:59,15498,15498,15498,10,-10
2023-05-12 15:12:59,15498,15498,15498,2,0
2023-05-12 15:12:59,15498,15498,15498,2,0
2023-05-12 15:12:59,15498,15498,15498,6,0
2023-05-12 15:12:59,15498,15498,15498,2,0
2023-05-12 15:12:59,15498,15498,15498,2,0
2023-05-12 15:12:59,15498,15498,15498,2,0
2023-05-12 15:12:59,15498,15498,15498,2,0
2023-05-12 15:12:59,15498,15498,15498,2,0
2023-05-12 15:13:04,15499,15499,15499,6,6
2023-05-12 15:13:04,15498,15498,15498,2,-2
2023-05-12 15:13:15,15499,15499,15499,4,4
2023-05-12 15:13:15,15499,15499,15499,6,0
2023-05-12 15:13:15,15498,15498,15498,2,-2
2023-05-12 15:13:15,15498,15498,15498,2,0
2023-05-12 15:13:15,15499,15499,15499,2,2
2023-05-12 15:13:15,15497,15497,15497,2,-2
2023-05-12 15:13:17,15498,15498,15498,2,2
2023-05-12 15:13:30,15499,15499,15499,2,2
2023-05-12 15:13:30,15499,15499,15499,2,0
2023-05-12 15:13:30,15498,15498,15498,2,-2
2023-05-12 15:13:43,15499,15499,15499,2,2
2023-05-12 15:13:48,15500,15500,15500,4,4
2023-05-12 15:13:48,15499,15499,15499,2,-2
2023-05-12 15:13:49,15500,15500,15500,2,2
2023-05-12 15:13:55,15499,15499,15499,2,-2
2023-05-12 15:13:55,15499,15499,15499,2,0
2023-05-12 15:13:55,15499,15499,15499,2,0
2023-05-12 15:13:57,15500,15500,15500,2,2
2023-05-12 15:13:58,15500,15500,15500,4,0
2023-05-12 15:13:58,15500,15500,15500,2,0
2023-05-12 15:13:59,15499,15499,15499,2,-2
2023-05-12 15:14:01,15499,15499,15499,2,0
2023-05-12 15:14:07,15501,15501,15501,4,4
2023-05-12 15:14:19,15502,15502,15502,2,2
2023-05-12 15:14:19,15501,15501,15501,2,-2
2023-05-12 15:14:24,15501,15501,15501,2,0
2023-05-12 15:14:27,15501,15501,15501,2,0
2023-05-12 15:14:35,15502,15502,15502,2,2
2023-05-12 15:14:35,15502,15502,15502,2,0
2023-05-12 15:14:36,15502,15502,15502,8,0
2023-05-12 15:14:40,15503,15503,15503,2,2
2023-05-12 15:14:40,15503,15503,15503,4,0
2023-05-12 15:14:41,15503,15503,15503,4,0
2023-05-12 15:14:45,15504,15504,15504,2,2
2023-05-12 15:14:52,15504,15504,15504,2,0
2023-05-12 15:14:54,15504,15504,15504,2,0
2023-05-12 15:15:04,15504,15504,15504,2,0
2023-05-12 15:15:04,15504,15504,15504,24,0
2023-05-12 15:15:06,15503,15503,15503,2,-2
2023-05-12 15:15:08,15504,15504,15504,2,2
2023-05-12 15:15:08,15504,15504,15504,2,0
2023-05-12 15:15:10,15504,15504,15504,2,0
2023-05-12 15:15:12,15503,15503,15503,2,-2
2023-05-12 15:15:12,15503,15503,15503,10,0
2023-05-12 15:15:12,15503,15503,15503,2,0
2023-05-12 15:15:12,15503,15503,15503,4,0
2023-05-12 15:15:12,15503,15503,15503,2,0
2023-05-12 15:15:12,15503,15503,15503,2,0
2023-05-12 15:15:12,15504,15504,15504,2,2
2023-05-12 15:15:13,15503,15503,15503,2,-2
2023-05-12 15:15:18,15503,15503,15503,2,0
2023-05-12 15:15:21,15503,15503,15503,2,0
2023-05-12 15:15:25,15503,15503,15503,2,0
2023-05-12 15:15:40,15503,15503,15503,2,0
2023-05-12 15:15:40,15503,15503,15503,12,0
2023-05-12 15:15:50,15503,15503,15503,2,0
2023-05-12 15:15:51,15503,15503,15503,2,0
2023-05-12 15:15:51,15503,15503,15503,2,0
2023-05-12 15:15:51,15503,15503,15503,2,0
2023-05-12 15:15:51,15503,15503,15503,2,0
2023-05-12 15:15:51,15503,15503,15503,4,0
2023-05-12 15:15:53,15503,15503,15503,2,0
2023-05-12 15:15:54,15504,15504,15504,2,2
2023-05-12 15:15:54,15503,15503,15503,4,-4
2023-05-12 15:15:56,15503,15503,15503,2,0
2023-05-12 15:15:56,15503,15503,15503,2,0
2023-05-12 15:16:05,15504,15504,15504,2,2
2023-05-12 15:16:08,15504,15504,15504,2,0
2023-05-12 15:16:08,15504,15504,15504,2,0
2023-05-12 15:16:08,15504,15504,15504,2,0
2023-05-12 15:16:08,15504,15504,15504,2,0
2023-05-12 15:16:16,15504,15504,15504,2,0
2023-05-12 15:16:16,15504,15504,15504,4,0
2023-05-12 15:16:16,15504,15504,15504,2,0
2023-05-12 15:16:18,15505,15505,15505,8,8
2023-05-12 15:16:19,15505,15505,15505,2,0
2023-05-12 15:16:19,15505,15505,15505,2,0
2023-05-12 15:16:20,15506,15506,15506,2,2
2023-05-12 15:16:20,15506,15506,15506,6,0
2023-05-12 15:16:24,15507,15507,15507,2,2
2023-05-12 15:16:24,15507,15507,15507,12,0
2023-05-12 15:16:27,15507,15507,15507,2,0
2023-05-12 15:16:32,15508,15508,15508,2,2
2023-05-12 15:16:33,15507,15507,15507,2,-2
2023-05-12 15:16:33,15508,15508,15508,2,2
2023-05-12 15:16:40,15508,15508,15508,2,0
2023-05-12 15:17:01,15509,15509,15509,4,4
2023-05-12 15:17:01,15509,15509,15509,2,0
2023-05-12 15:17:02,15508,15508,15508,2,-2
2023-05-12 15:17:09,15509,15509,15509,4,4
2023-05-12 15:17:12,15509,15509,15509,4,0
2023-05-12 15:17:13,15509,15509,15509,2,0
2023-05-12 15:17:17,15509,15509,15509,2,0
2023-05-12 15:17:20,15509,15509,15509,4,0
2023-05-12 15:17:21,15509,15509,15509,2,0
2023-05-12 15:17:28,15509,15509,15509,2,0
2023-05-12 15:17:30,15508,15508,15508,2,-2
2023-05-12 15:17:32,15509,15509,15509,2,2
2023-05-12 15:17:36,15509,15509,15509,2,0
2023-05-12 15:17:40,15509,15509,15509,6,0
2023-05-12 15:17:41,15509,15509,15509,2,0
2023-05-12 15:17:44,15509,15509,15509,6,0
2023-05-12 15:17:52,15510,15510,15510,40,40
2023-05-12 15:17:55,15509,15509,15509,2,-2
2023-05-12 15:17:55,15509,15509,15509,2,0
2023-05-12 15:17:55,15510,15510,15510,2,2
2023-05-12 15:17:56,15510,15510,15510,2,0
2023-05-12 15:17:57,15511,15511,15511,2,2
2023-05-12 15:17:57,15511,15511,15511,2,0
2023-05-12 15:18:03,15510,15510,15510,2,-2
2023-05-12 15:18:05,15511,15511,15511,2,2
2023-05-12 15:18:10,15511,15511,15511,2,0
2023-05-12 15:18:12,15511,15511,15511,2,0
2023-05-12 15:18:20,15511,15511,15511,2,0
2023-05-12 15:18:26,15510,15510,15510,2,-2
2023-05-12 15:18:31,15510,15510,15510,6,0
2023-05-12 15:18:31,15510,15510,15510,2,0
2023-05-12 15:18:31,15511,15511,15511,2,2
2023-05-12 15:19:11,15510,15510,15510,2,-2
2023-05-12 15:19:11,15510,15510,15510,2,0
2023-05-12 15:19:11,15510,15510,15510,2,0
2023-05-12 15:19:11,15510,15510,15510,2,0
2023-05-12 15:19:11,15510,15510,15510,2,0
2023-05-12 15:19:11,15510,15510,15510,2,0
2023-05-12 15:19:11,15510,15510,15510,2,0
2023-05-12 15:19:11,15510,15510,15510,2,0
2023-05-12 15:19:11,15510,15510,15510,2,0
2023-05-12 15:19:11,15510,15510,15510,2,0
2023-05-12 15:19:23,15509,15509,15509,2,-2
2023-05-12 15:19:23,15509,15509,15509,2,0
2023-05-12 15:19:23,15508,15508,15508,2,-2
2023-05-12 15:19:23,15508,15508,15508,2,0
2023-05-12 15:19:25,15509,15509,15509,2,2
2023-05-12 15:19:25,15509,15509,15509,2,0
2023-05-12 15:19:28,15509,15509,15509,2,0
2023-05-12 15:19:31,15508,15508,15508,2,-2
2023-05-12 15:19:31,15508,15508,15508,2,0
2023-05-12 15:19:31,15507,15507,15507,4,-4
2023-05-12 15:19:36,15508,15508,15508,4,4
2023-05-12 15:19:39,15508,15508,15508,2,0
2023-05-12 15:19:41,15508,15508,15508,2,0
2023-05-12 15:19:41,15508,15508,15508,2,0
2023-05-12 15:19:42,15508,15508,15508,2,0
2023-05-12 15:19:42,15507,15507,15507,2,-2
2023-05-12 15:19:46,15507,15507,15507,2,0
2023-05-12 15:19:47,15507,15507,15507,2,0
2023-05-12 15:19:51,15508,15508,15508,4,4
2023-05-12 15:19:54,15508,15508,15508,4,0
2023-05-12 15:19:57,15507,15507,15507,2,-2
2023-05-12 15:19:57,15507,15507,15507,4,0
2023-05-12 15:20:00,15506,15506,15506,2,-2
2023-05-12 15:20:00,15506,15506,15506,4,0
2023-05-12 15:20:00,15506,15506,15506,2,0
2023-05-12 15:20:10,15505,15505,15505,2,-2
2023-05-12 15:20:10,15505,15505,15505,2,0
2023-05-12 15:20:10,15505,15505,15505,4,0
2023-05-12 15:20:10,15505,15505,15505,2,0
2023-05-12 15:20:12,15504,15504,15504,2,-2
2023-05-12 15:20:12,15504,15504,15504,4,0
2023-05-12 15:20:12,15504,15504,15504,2,0
2023-05-12 15:20:12,15503,15503,15503,2,-2
2023-05-12 15:20:17,15504,15504,15504,2,2
2023-05-12 15:20:17,15503,15503,15503,2,-2
2023-05-12 15:20:48,15505,15505,15505,2,2
2023-05-12 15:20:49,15506,15506,15506,2,2
2023-05-12 15:20:49,15506,15506,15506,2,0
2023-05-12 15:20:52,15506,15506,15506,2,0
2023-05-12 15:20:59,15506,15506,15506,2,0
2023-05-12 15:21:09,15505,15505,15505,14,-14
2023-05-12 15:21:19,15506,15506,15506,4,4
2023-05-12 15:21:19,15505,15505,15505,2,-2
2023-05-12 15:21:21,15506,15506,15506,2,2
2023-05-12 15:21:21,15506,15506,15506,2,0
2023-05-12 15:21:36,15506,15506,15506,2,0
2023-05-12 15:22:01,15506,15506,15506,2,0
2023-05-12 15:22:01,15506,15506,15506,2,0
2023-05-12 15:22:01,15506,15506,15506,4,0
2023-05-12 15:22:01,15506,15506,15506,2,0
2023-05-12 15:22:01,15506,15506,15506,2,0
2023-05-12 15:22:01,15506,15506,15506,6,0
2023-05-12 15:22:01,15506,15506,15506,2,0
2023-05-12 15:22:01,15506,15506,15506,2,0
2023-05-12 15:22:01,15506,15506,15506,2,0
2023-05-12 15:22:01,15506,15506,15506,2,0
2023-05-12 15:22:01,15506,15506,15506,2,0
2023-05-12 15:22:01,15506,15506,15506,2,0
2023-05-12 15:22:06,15508,15508,15508,10,10
2023-05-12 15:22:06,15508,15508,15508,2,0
2023-05-12 15:22:06,15508,15508,15508,4,0
2023-05-12 15:22:06,15508,15508,15508,2,0
2023-05-12 15:22:06,15508,15508,15508,2,0
2023-05-12 15:22:06,15507,15507,15507,2,-2
2023-05-12 15:22:06,15507,15507,15507,6,0
2023-05-12 15:22:06,15507,15507,15507,2,0
2023-05-12 15:22:10,15508,15508,15508,6,6
2023-05-12 15:22:10,15508,15508,15508,2,0
2023-05-12 15:22:10,15508,15508,15508,2,0
2023-05-12 15:22:12,15508,15508,15508,2,0
2023-05-12 15:22:12,15508,15508,15508,2,0
2023-05-12 15:22:12,15508,15508,15508,6,0
2023-05-12 15:22:13,15508,15508,15508,4,0
2023-05-12 15:22:13,15508,15508,15508,2,0
2023-05-12 15:22:13,15508,15508,15508,4,0
2023-05-12 15:22:19,15508,15508,15508,2,0
2023-05-12 15:22:19,15508,15508,15508,2,0
2023-05-12 15:22:23,15508,15508,15508,6,0
2023-05-12 15:22:44,15508,15508,15508,4,0
2023-05-12 15:22:47,15508,15508,15508,8,0
2023-05-12 15:22:47,15508,15508,15508,2,0
2023-05-12 15:22:47,15508,15508,15508,2,0
2023-05-12 15:22:48,15507,15507,15507,2,-2
2023-05-12 15:22:58,15508,15508,15508,2,2
2023-05-12 15:23:01,15508,15508,15508,2,0
2023-05-12 15:23:11,15507,15507,15507,2,-2
2023-05-12 15:23:14,15507,15507,15507,2,0
2023-05-12 15:23:14,15507,15507,15507,2,0
2023-05-12 15:23:14,15507,15507,15507,2,0
2023-05-12 15:23:14,15507,15507,15507,2,0
2023-05-12 15:23:14,15506,15506,15506,4,-4
2023-05-12 15:23:14,15506,15506,15506,2,0
2023-05-12 15:23:14,15506,15506,15506,2,0
2023-05-12 15:23:16,15505,15505,15505,2,-2
2023-05-12 15:23:19,15505,15505,15505,4,0
2023-05-12 15:23:19,15505,15505,15505,2,0
2023-05-12 15:23:19,15505,15505,15505,2,0
2023-05-12 15:23:19,15505,15505,15505,2,0
2023-05-12 15:23:26,15505,15505,15505,2,0
2023-05-12 15:23:26,15505,15505,15505,8,0
2023-05-12 15:23:39,15505,15505,15505,4,0
2023-05-12 15:23:39,15505,15505,15505,2,0
2023-05-12 15:23:43,15505,15505,15505,6,0
2023-05-12 15:23:59,15505,15505,15505,4,0
2023-05-12 15:23:59,15505,15505,15505,2,0
2023-05-12 15:23:59,15505,15505,15505,4,0
2023-05-12 15:23:59,15505,15505,15505,2,0
2023-05-12 15:23:59,15505,15505,15505,2,0
2023-05-12 15:23:59,15505,15505,15505,2,0
2023-05-12 15:23:59,15505,15505,15505,2,0
2023-05-12 15:23:59,15505,15505,15505,2,0
2023-05-12 15:23:59,15505,15505,15505,6,0
2023-05-12 15:23:59,15505,15505,15505,2,0
2023-05-12 15:23:59,15505,15505,15505,2,0
2023-05-12 15:24:02,15505,15505,15505,2,0
2023-05-12 15:24:02,15505,15505,15505,2,0
2023-05-12 15:24:12,15505,15505,15505,2,0
2023-05-12 15:24:13,15504,15504,15504,2,-2
2023-05-12 15:24:13,15504,15504,15504,2,0
2023-05-12 15:24:13,15504,15504,15504,2,0
2023-05-12 15:24:13,15503,15503,15503,2,-2
2023-05-12 15:24:13,15503,15503,15503,2,0
2023-05-12 15:24:25,15503,15503,15503,2,0
2023-05-12 15:24:30,15503,15503,15503,2,0
2023-05-12 15:24:31,15503,15503,15503,2,0
2023-05-12 15:24:32,15502,15502,15502,2,-2
2023-05-12 15:24:33,15502,15502,15502,2,0
2023-05-12 15:24:37,15502,15502,15502,2,0
2023-05-12 15:24:37,15502,15502,15502,4,0
2023-05-12 15:24:37,15502,15502,15502,4,0
2023-05-12 15:24:43,15502,15502,15502,2,0
2023-05-12 15:24:45,15502,15502,15502,4,0
2023-05-12 15:24:47,15502,15502,15502,2,0
2023-05-12 15:24:49,15502,15502,15502,2,0
2023-05-12 15:24:49,15503,15503,15503,2,2
2023-05-12 15:24:54,15503,15503,15503,8,0
2023-05-12 15:24:54,15504,15504,15504,52,52
2023-05-12 15:24:54,15505,15505,15505,60,60
2023-05-12 15:24:54,15506,15506,15506,12,12
2023-05-12 15:24:56,15506,15506,15506,2,0
2023-05-12 15:24:56,15506,15506,15506,2,0
2023-05-12 15:24:58,15505,15505,15505,2,-2
2023-05-12 15:24:58,15505,15505,15505,4,0
2023-05-12 15:24:59,15506,15506,15506,4,4
2023-05-12 15:25:00,15505,15505,15505,2,-2
2023-05-12 15:25:06,15504,15504,15504,4,-4
2023-05-12 15:25:16,15505,15505,15505,2,2
2023-05-12 15:25:19,15506,15506,15506,2,2
2023-05-12 15:25:26,15506,15506,15506,2,0
2023-05-12 15:25:27,15506,15506,15506,2,0
2023-05-12 15:25:27,15506,15506,15506,2,0
2023-05-12 15:25:36,15507,15507,15507,6,6
2023-05-12 15:25:42,15506,15506,15506,2,-2
2023-05-12 15:25:42,15506,15506,15506,2,0
2023-05-12 15:25:49,15508,15508,15508,4,4
2023-05-12 15:25:50,15507,15507,15507,2,-2
2023-05-12 15:26:13,15508,15508,15508,2,2
2023-05-12 15:26:40,15508,15508,15508,4,0
2023-05-12 15:26:48,15509,15509,15509,2,2
2023-05-12 15:26:48,15509,15509,15509,2,0
2023-05-12 15:26:48,15510,15510,15510,8,8
2023-05-12 15:26:49,15511,15511,15511,4,4
2023-05-12 15:26:49,15511,15511,15511,2,0
2023-05-12 15:26:49,15511,15511,15511,2,0
2023-05-12 15:26:49,15511,15511,15511,2,0
2023-05-12 15:26:49,15511,15511,15511,2,0
2023-05-12 15:26:49,15511,15511,15511,2,0
2023-05-12 15:26:49,15511,15511,15511,2,0
2023-05-12 15:26:49,15511,15511,15511,2,0
2023-05-12 15:26:49,15511,15511,15511,18,0
2023-05-12 15:26:59,15511,15511,15511,2,0
2023-05-12 15:26:59,15512,15512,15512,12,12
2023-05-12 15:26:59,15512,15512,15512,4,0
2023-05-12 15:27:00,15511,15511,15511,4,-4
2023-05-12 15:27:11,15512,15512,15512,14,14
2023-05-12 15:27:16,15512,15512,15512,2,0
2023-05-12 15:27:17,15511,15511,15511,2,-2
2023-05-12 15:27:17,15511,15511,15511,2,0
2023-05-12 15:27:17,15511,15511,15511,2,0
2023-05-12 15:27:17,15511,15511,15511,2,0
2023-05-12 15:27:22,15511,15511,15511,2,0
2023-05-12 15:28:05,15509,15509,15509,2,-2
2023-05-12 15:28:05,15509,15509,15509,2,0
2023-05-12 15:28:05,15510,15510,15510,2,2
2023-05-12 15:28:06,15510,15510,15510,6,0
2023-05-12 15:28:11,15510,15510,15510,2,0
2023-05-12 15:28:24,15510,15510,15510,2,0
2023-05-12 15:28:25,15511,15511,15511,2,2
2023-05-12 15:28:44,15511,15511,15511,12,0
2023-05-12 15:29:04,15511,15511,15511,2,0
2023-05-12 15:29:12,15511,15511,15511,2,0
2023-05-12 15:29:16,15511,15511,15511,10,0
2023-05-12 15:29:27,15511,15511,15511,16,0
2023-05-12 15:29:30,15511,15511,15511,2,0
2023-05-12 15:29:35,15511,15511,15511,2,0
2023-05-12 15:29:50,15511,15511,15511,2,0
2023-05-12 15:29:50,15511,15511,15511,2,0
2023-05-12 15:29:50,15511,15511,15511,2,0
2023-05-12 15:29:50,15511,15511,15511,4,0
2023-05-12 15:29:50,15511,15511,15511,2,0
2023-05-12 15:29:54,15510,15510,15510,4,-4
2023-05-12 15:30:06,15511,15511,15511,2,2
2023-05-12 15:30:06,15512,15512,15512,6,6
2023-05-12 15:30:06,15512,15512,15512,14,0
2023-05-12 15:30:07,15512,15512,15512,4,0
2023-05-12 15:30:07,15512,15512,15512,4,0
2023-05-12 15:30:07,15511,15511,15511,2,-2
2023-05-12 15:30:07,15513,15513,15513,4,4
2023-05-12 15:30:07,15513,15513,15513,4,0
2023-05-12 15:30:09,15512,15512,15512,4,-4
2023-05-12 15:30:09,15512,15512,15512,2,0
2023-05-12 15:30:09,15512,15512,15512,2,0
2023-05-12 15:30:09,15512,15512,15512,2,0
2023-05-12 15:30:10,15513,15513,15513,2,2
2023-05-12 15:30:16,15513,15513,15513,4,0
2023-05-12 15:30:21,15513,15513,15513,2,0
2023-05-12 15:30:21,15513,15513,15513,2,0
2023-05-12 15:30:23,15514,15514,15514,2,2
2023-05-12 15:30:23,15514,15514,15514,4,0
2023-05-12 15:30:23,15514,15514,15514,2,0
2023-05-12 15:30:24,15514,15514,15514,2,0
2023-05-12 15:30:24,15514,15514,15514,4,0
2023-05-12 15:30:24,15514,15514,15514,2,0
2023-05-12 15:30:25,15515,15515,15515,20,20
2023-05-12 15:30:26,15516,15516,15516,2,2
2023-05-12 15:30:26,15516,15516,15516,2,0
2023-05-12 15:30:26,15516,15516,15516,4,0
2023-05-12 15:30:26,15516,15516,15516,6,0
2023-05-12 15:30:26,15516,15516,15516,2,0
2023-05-12 15:30:26,15516,15516,15516,2,0
2023-05-12 15:30:28,15516,15516,15516,4,0
2023-05-12 15:30:29,15516,15516,15516,4,0
2023-05-12 15:30:30,15515,15515,15515,2,-2
2023-05-12 15:30:34,15515,15515,15515,2,0
2023-05-12 15:30:34,15515,15515,15515,2,0
2023-05-12 15:30:39,15515,15515,15515,2,0
2023-05-12 15:30:44,15515,15515,15515,4,0
2023-05-12 15:30:45,15515,15515,15515,2,0
2023-05-12 15:30:45,15516,15516,15516,10,10
2023-05-12 15:30:46,15515,15515,15515,2,-2
2023-05-12 15:30:47,15515,15515,15515,2,0
2023-05-12 15:30:47,15515,15515,15515,2,0
2023-05-12 15:30:47,15515,15515,15515,2,0
2023-05-12 15:30:47,15514,15514,15514,2,-2
2023-05-12 15:30:47,15515,15515,15515,2,2
2023-05-12 15:30:48,15514,15514,15514,2,-2
2023-05-12 15:30:48,15514,15514,15514,2,0
2023-05-12 15:30:50,15514,15514,15514,2,0
2023-05-12 15:30:54,15515,15515,15515,2,2
2023-05-12 15:30:58,15515,15515,15515,4,0
2023-05-12 15:30:58,15515,15515,15515,2,0
2023-05-12 15:30:58,15515,15515,15515,2,0
2023-05-12 15:30:58,15515,15515,15515,2,0
2023-05-12 15:31:00,15515,15515,15515,2,0
2023-05-12 15:31:00,15515,15515,15515,2,0
2023-05-12 15:31:00,15516,15516,15516,8,8
2023-05-12 15:31:00,15517,15517,15517,2,2
2023-05-12 15:31:00,15517,15517,15517,2,0
2023-05-12 15:31:00,15517,15517,15517,2,0
2023-05-12 15:31:00,15517,15517,15517,2,0
2023-05-12 15:31:00,15517,15517,15517,2,0
2023-05-12 15:31:00,15517,15517,15517,2,0
2023-05-12 15:31:00,15517,15517,15517,2,0
2023-05-12 15:31:00,15517,15517,15517,2,0
2023-05-12 15:31:00,15517,15517,15517,2,0
2023-05-12 15:31:00,15517,15517,15517,2,0
2023-05-12 15:31:00,15517,15517,15517,2,0
2023-05-12 15:31:00,15517,15517,15517,2,0
2023-05-12 15:31:01,15517,15517,15517,2,0
2023-05-12 15:31:01,15517,15517,15517,2,0
2023-05-12 15:31:01,15518,15518,15518,2,2
2023-05-12 15:31:01,15518,15518,15518,2,0
2023-05-12 15:31:01,15516,15516,15516,2,-2
2023-05-12 15:31:01,15517,15517,15517,2,2
2023-05-12 15:31:01,15516,15516,15516,2,-2
2023-05-12 15:31:03,15518,15518,15518,4,4
2023-05-12 15:31:03,15516,15516,15516,2,-2
2023-05-12 15:31:05,15517,15517,15517,6,6
2023-05-12 15:31:12,15517,15517,15517,2,0
2023-05-12 15:31:14,15517,15517,15517,2,0
2023-05-12 15:31:26,15517,15517,15517,2,0
2023-05-12 15:31:26,15516,15516,15516,2,-2
2023-05-12 15:31:26,15516,15516,15516,6,0
2023-05-12 15:31:26,15516,15516,15516,2,0
2023-05-12 15:31:26,15516,15516,15516,4,0
2023-05-12 15:31:26,15516,15516,15516,2,0
2023-05-12 15:31:26,15516,15516,15516,2,0
2023-05-12 15:31:26,15515,15515,15515,2,-2
2023-05-12 15:31:26,15515,15515,15515,2,0
2023-05-12 15:31:26,15515,15515,15515,2,0
2023-05-12 15:31:26,15515,15515,15515,4,0
2023-05-12 15:31:26,15515,15515,15515,6,0
2023-05-12 15:31:26,15515,15515,15515,2,0
2023-05-12 15:31:26,15515,15515,15515,4,0
2023-05-12 15:31:26,15515,15515,15515,6,0
2023-05-12 15:31:26,15515,15515,15515,2,0
2023-05-12 15:31:26,15515,15515,15515,10,0
2023-05-12 15:31:26,15515,15515,15515,10,0
2023-05-12 15:31:26,15516,15516,15516,2,2
2023-05-12 15:31:26,15516,15516,15516,2,0
2023-05-12 15:31:27,15516,15516,15516,2,0
2023-05-12 15:31:28,15515,15515,15515,2,-2
2023-05-12 15:31:31,15513,15513,15513,2,-2
2023-05-12 15:31:39,15515,15515,15515,2,2
2023-05-12 15:31:42,15515,15515,15515,2,0
2023-05-12 15:31:43,15514,15514,15514,2,-2
2023-05-12 15:31:46,15515,15515,15515,4,4
2023-05-12 15:31:46,15515,15515,15515,4,0
2023-05-12 15:31:47,15516,15516,15516,4,4
2023-05-12 15:31:49,15516,15516,15516,2,0
2023-05-12 15:31:52,15515,15515,15515,2,-2
2023-05-12 15:31:54,15516,15516,15516,4,4
2023-05-12 15:31:56,15515,15515,15515,2,-2
2023-05-12 15:31:57,15517,15517,15517,2,2
2023-05-12 15:32:08,15517,15517,15517,2,0
2023-05-12 15:32:11,15517,15517,15517,2,0
2023-05-12 15:32:24,15517,15517,15517,2,0
2023-05-12 15:32:26,15516,15516,15516,6,-6
2023-05-12 15:32:26,15516,15516,15516,2,0
2023-05-12 15:32:26,15516,15516,15516,2,0
2023-05-12 15:32:26,15516,15516,15516,2,0
2023-05-12 15:32:27,15515,15515,15515,2,-2
2023-05-12 15:32:27,15515,15515,15515,2,0
2023-05-12 15:32:27,15514,15514,15514,2,-2
2023-05-12 15:32:30,15515,15515,15515,2,2
2023-05-12 15:32:45,15515,15515,15515,4,0
2023-05-12 15:32:45,15515,15515,15515,4,0
2023-05-12 15:32:53,15516,15516,15516,2,2
2023-05-12 15:32:54,15516,15516,15516,2,0
2023-05-12 15:33:00,15516,15516,15516,2,0
2023-05-12 15:33:20,15515,15515,15515,2,-2
2023-05-12 15:33:20,15515,15515,15515,4,0
2023-05-12 15:33:20,15515,15515,15515,6,0
2023-05-12 15:33:20,15515,15515,15515,6,0
2023-05-12 15:33:20,15515,15515,15515,2,0
2023-05-12 15:33:20,15515,15515,15515,2,0
2023-05-12 15:33:21,15515,15515,15515,2,0
2023-05-12 15:33:24,15514,15514,15514,2,-2
2023-05-12 15:33:31,15514,15514,15514,2,0
2023-05-12 15:33:33,15515,15515,15515,2,2
2023-05-12 15:33:42,15515,15515,15515,2,0
2023-05-12 15:33:44,15516,15516,15516,6,6
2023-05-12 15:33:45,15516,15516,15516,10,0
2023-05-12 15:33:45,15515,15515,15515,2,-2
2023-05-12 15:33:45,15515,15515,15515,2,0
2023-05-12 15:33:49,15515,15515,15515,2,0
2023-05-12 15:33:50,15516,15516,15516,2,2
2023-05-12 15:33:50,15516,15516,15516,6,0
2023-05-12 15:33:50,15515,15515,15515,2,-2
2023-05-12 15:33:51,15515,15515,15515,2,0
2023-05-12 15:33:54,15515,15515,15515,2,0
2023-05-12 15:33:59,15515,15515,15515,2,0
2023-05-12 15:33:59,15515,15515,15515,4,0
2023-05-12 15:33:59,15515,15515,15515,4,0
2023-05-12 15:33:59,15515,15515,15515,2,0
2023-05-12 15:33:59,15515,15515,15515,2,0
2023-05-12 15:33:59,15515,15515,15515,2,0
2023-05-12 15:34:04,15514,15514,15514,2,-2
2023-05-12 15:34:04,15514,15514,15514,6,0
2023-05-12 15:34:05,15514,15514,15514,6,0
2023-05-12 15:34:08,15514,15514,15514,6,0
2023-05-12 15:34:12,15515,15515,15515,6,6
2023-05-12 15:34:15,15514,15514,15514,4,-4
2023-05-12 15:34:17,15513,15513,15513,12,-12
2023-05-12 15:34:17,15513,15513,15513,6,0
2023-05-12 15:34:17,15513,15513,15513,4,0
2023-05-12 15:34:18,15514,15514,15514,6,6
2023-05-12 15:34:24,15514,15514,15514,6,0
2023-05-12 15:34:31,15514,15514,15514,2,0
2023-05-12 15:34:34,15514,15514,15514,2,0
2023-05-12 15:34:40,15514,15514,15514,6,0
2023-05-12 15:34:44,15514,15514,15514,2,0
2023-05-12 15:34:44,15515,15515,15515,4,4
2023-05-12 15:34:46,15513,15513,15513,2,-2
2023-05-12 15:34:46,15513,15513,15513,2,0
2023-05-12 15:34:46,15513,15513,15513,4,0
2023-05-12 15:34:46,15513,15513,15513,2,0
2023-05-12 15:34:51,15515,15515,15515,6,6
2023-05-12 15:34:54,15514,15514,15514,2,-2
2023-05-12 15:34:54,15515,15515,15515,6,6
2023-05-12 15:34:57,15515,15515,15515,6,0
2023-05-12 15:35:00,15515,15515,15515,6,0
2023-05-12 15:35:03,15515,15515,15515,6,0
2023-05-12 15:35:06,15515,15515,15515,6,0
2023-05-12 15:35:12,15513,15513,15513,2,-2
2023-05-12 15:35:12,15513,15513,15513,4,0
2023-05-12 15:35:12,15513,15513,15513,2,0
2023-05-12 15:35:12,15512,15512,15512,2,-2
2023-05-12 15:35:12,15512,15512,15512,2,0
2023-05-12 15:35:12,15512,15512,15512,2,0
2023-05-12 15:35:12,15512,15512,15512,2,0
2023-05-12 15:35:12,15511,15511,15511,2,-2
2023-05-12 15:35:12,15511,15511,15511,2,0
2023-05-12 15:35:12,15512,15512,15512,2,2
2023-05-12 15:35:12,15512,15512,15512,2,0
2023-05-12 15:35:16,15512,15512,15512,2,0
2023-05-12 15:35:18,15511,15511,15511,4,-4
2023-05-12 15:35:18,15511,15511,15511,4,0
2023-05-12 15:35:18,15511,15511,15511,2,0
2023-05-12 15:35:20,15511,15511,15511,2,0
2023-05-12 15:35:20,15511,15511,15511,2,0
2023-05-12 15:35:20,15511,15511,15511,2,0
2023-05-12 15:35:21,15513,15513,15513,6,6
2023-05-12 15:35:23,15513,15513,15513,6,0
2023-05-12 15:35:29,15514,15514,15514,6,6
2023-05-12 15:35:31,15513,15513,15513,2,-2
2023-05-12 15:35:35,15514,15514,15514,6,6
2023-05-12 15:35:38,15514,15514,15514,6,0
2023-05-12 15:35:40,15514,15514,15514,2,0
2023-05-12 15:35:40,15515,15515,15515,4,4
2023-05-12 15:35:43,15514,15514,15514,2,-2
2023-05-12 15:35:43,15515,15515,15515,4,4
2023-05-12 15:35:46,15515,15515,15515,6,0
2023-05-12 15:35:47,15515,15515,15515,20,0
2023-05-12 15:35:48,15514,15514,15514,2,-2
2023-05-12 15:35:48,15516,15516,15516,6,6
2023-05-12 15:35:52,15515,15515,15515,2,-2
2023-05-12 15:35:52,15516,15516,15516,6,6
2023-05-12 15:35:53,15515,15515,15515,2,-2
2023-05-12 15:35:55,15515,15515,15515,4,0
2023-05-12 15:35:55,15516,15516,15516,2,2
2023-05-12 15:35:59,15514,15514,15514,2,-2
2023-05-12 15:36:01,15515,15515,15515,2,2
2023-05-12 15:36:01,15515,15515,15515,2,0
2023-05-12 15:36:01,15515,15515,15515,2,0
2023-05-12 15:36:01,15515,15515,15515,2,0
2023-05-12 15:36:03,15515,15515,15515,2,0
2023-05-12 15:36:10,15515,15515,15515,6,0
2023-05-12 15:36:15,15515,15515,15515,6,0
2023-05-12 15:36:23,15514,15514,15514,2,-2
2023-05-12 15:36:23,15515,15515,15515,4,4
2023-05-12 15:36:27,15513,15513,15513,2,-2
2023-05-12 15:36:28,15513,15513,15513,2,0
2023-05-12 15:36:28,15514,15514,15514,4,4
2023-05-12 15:36:36,15514,15514,15514,6,0
2023-05-12 15:36:36,15513,15513,15513,4,-4
2023-05-12 15:36:39,15514,15514,15514,6,6
2023-05-12 15:36:43,15514,15514,15514,6,0
2023-05-12 15:36:46,15514,15514,15514,6,0
2023-05-12 15:36:49,15514,15514,15514,6,0
2023-05-12 15:36:58,15515,15515,15515,6,6
2023-05-12 15:37:01,15515,15515,15515,6,0
2023-05-12 15:37:04,15515,15515,15515,2,0
2023-05-12 15:37:04,15516,15516,15516,4,4
2023-05-12 15:37:09,15515,15515,15515,2,-2
2023-05-12 15:37:10,15515,15515,15515,2,0
2023-05-12 15:37:27,15516,15516,15516,6,6
2023-05-12 15:37:27,15516,15516,15516,4,0
2023-05-12 15:37:31,15516,15516,15516,4,0
2023-05-12 15:37:31,15517,15517,15517,2,2
2023-05-12 15:37:34,15517,15517,15517,6,0
2023-05-12 15:37:37,15516,15516,15516,2,-2
2023-05-12 15:37:37,15517,15517,15517,4,4
2023-05-12 15:37:38,15516,15516,15516,2,-2
2023-05-12 15:37:40,15517,15517,15517,6,6
2023-05-12 15:37:42,15517,15517,15517,2,0
2023-05-12 15:37:44,15517,15517,15517,6,0
2023-05-12 15:37:46,15516,15516,15516,2,-2
2023-05-12 15:37:49,15517,15517,15517,6,6
2023-05-12 15:37:52,15517,15517,15517,6,0
2023-05-12 15:37:58,15517,15517,15517,2,0
2023-05-12 15:38:05,15517,15517,15517,2,0
2023-05-12 15:38:05,15517,15517,15517,4,0
2023-05-12 15:38:08,15517,15517,15517,2,0
2023-05-12 15:38:12,15517,15517,15517,6,0
2023-05-12 15:38:12,15517,15517,15517,2,0
2023-05-12 15:38:12,15517,15517,15517,2,0
2023-05-12 15:38:15,15518,15518,15518,6,6
2023-05-12 15:38:15,15518,15518,15518,4,0
2023-05-12 15:38:15,15517,15517,15517,2,-2
2023-05-12 15:38:17,15518,15518,15518,6,6
2023-05-12 15:38:20,15517,15517,15517,2,-2
2023-05-12 15:38:20,15518,15518,15518,4,4
2023-05-12 15:38:28,15517,15517,15517,2,-2
2023-05-12 15:38:38,15517,15517,15517,2,0
2023-05-12 15:38:38,15517,15517,15517,2,0
2023-05-12 15:38:38,15517,15517,15517,4,0
2023-05-12 15:39:01,15517,15517,15517,2,0
2023-05-12 15:39:01,15517,15517,15517,8,0
2023-05-12 15:39:20,15517,15517,15517,8,0
2023-05-12 15:39:29,15516,15516,15516,2,-2
2023-05-12 15:39:29,15516,15516,15516,4,0
2023-05-12 15:39:29,15516,15516,15516,2,0
2023-05-12 15:39:34,15516,15516,15516,2,0
2023-05-12 15:39:57,15517,15517,15517,2,2
2023-05-12 15:40:02,15516,15516,15516,2,-2
2023-05-12 15:40:02,15516,15516,15516,2,0
2023-05-12 15:40:02,15516,15516,15516,2,0
2023-05-12 15:40:03,15515,15515,15515,2,-2
2023-05-12 15:40:03,15515,15515,15515,2,0
2023-05-12 15:40:03,15515,15515,15515,4,0
2023-05-12 15:40:03,15515,15515,15515,2,0
2023-05-12 15:40:03,15515,15515,15515,4,0
2023-05-12 15:40:03,15515,15515,15515,2,0
2023-05-12 15:40:03,15515,15515,15515,2,0
2023-05-12 15:40:03,15515,15515,15515,4,0
2023-05-12 15:40:03,15515,15515,15515,2,0
2023-05-12 15:40:03,15515,15515,15515,2,0
2023-05-12 15:40:11,15515,15515,15515,2,0
2023-05-12 15:40:11,15515,15515,15515,4,0
2023-05-12 15:41:00,15516,15516,15516,4,4
2023-05-12 15:41:00,15516,15516,15516,6,0
2023-05-12 15:41:09,15515,15515,15515,2,-2
2023-05-12 15:41:09,15515,15515,15515,4,0
2023-05-12 15:41:11,15516,15516,15516,2,2
2023-05-12 15:41:19,15516,15516,15516,2,0
2023-05-12 15:41:23,15517,15517,15517,4,4
2023-05-12 15:41:29,15516,15516,15516,2,-2
2023-05-12 15:41:45,15516,15516,15516,2,0
2023-05-12 15:41:58,15516,15516,15516,2,0
2023-05-12 15:42:19,15516,15516,15516,2,0
2023-05-12 15:42:22,15516,15516,15516,4,0
2023-05-12 15:42:42,15516,15516,15516,2,0
2023-05-12 15:42:42,15516,15516,15516,2,0
2023-05-12 15:42:42,15516,15516,15516,4,0
2023-05-12 15:42:44,15516,15516,15516,2,0
2023-05-12 15:43:12,15516,15516,15516,2,0
2023-05-12 15:43:12,15516,15516,15516,2,0
2023-05-12 15:43:12,15516,15516,15516,2,0
2023-05-12 15:43:15,15516,15516,15516,2,0
2023-05-12 15:43:20,15517,15517,15517,2,2
2023-05-12 15:43:47,15517,15517,15517,2,0
2023-05-12 15:43:55,15516,15516,15516,2,-2
2023-05-12 15:43:55,15516,15516,15516,2,0
2023-05-12 15:44:44,15515,15515,15515,2,-2
2023-05-12 15:45:00,15515,15515,15515,6,0
2023-05-12 15:45:00,15515,15515,15515,4,0
2023-05-12 15:45:00,15515,15515,15515,2,0
2023-05-12 15:45:00,15515,15515,15515,4,0
2023-05-12 15:45:00,15515,15515,15515,2,0
2023-05-12 15:45:00,15515,15515,15515,4,0
2023-05-12 15:45:00,15515,15515,15515,28,0
2023-05-12 15:45:00,15515,15515,15515,2,0
2023-05-12 15:45:00,15516,15516,15516,2,2
2023-05-12 15:45:06,15515,15515,15515,2,-2
2023-05-12 15:45:10,15515,15515,15515,2,0
2023-05-12 15:45:22,15515,15515,15515,2,0
2023-05-12 15:45:22,15515,15515,15515,2,0
2023-05-12 15:45:22,15516,15516,15516,2,2
2023-05-12 15:45:22,15514,15514,15514,2,-2
2023-05-12 15:45:22,15514,15514,15514,2,0
2023-05-12 15:45:41,15514,15514,15514,2,0
2023-05-12 15:45:42,15515,15515,15515,2,2
2023-05-12 15:45:42,15515,15515,15515,2,0
2023-05-12 15:45:42,15515,15515,15515,2,0
2023-05-12 15:45:45,15514,15514,15514,2,-2
2023-05-12 15:45:46,15514,15514,15514,2,0
2023-05-12 15:45:48,15514,15514,15514,2,0
2023-05-12 15:45:51,15513,15513,15513,2,-2
2023-05-12 15:46:12,15513,15513,15513,2,0
2023-05-12 15:46:13,15514,15514,15514,2,2
2023-05-12 15:46:14,15513,15513,15513,2,-2
2023-05-12 15:46:19,15513,15513,15513,2,0
2023-05-12 15:46:22,15513,15513,15513,2,0
2023-05-12 15:46:26,15513,15513,15513,2,0
2023-05-12 15:46:26,15513,15513,15513,2,0
2023-05-12 15:46:26,15513,15513,15513,2,0
2023-05-12 15:46:33,15513,15513,15513,2,0
2023-05-12 15:46:39,15512,15512,15512,2,-2
2023-05-12 15:47:12,15512,15512,15512,2,0
2023-05-12 15:47:20,15513,15513,15513,2,2
2023-05-12 15:47:21,15513,15513,15513,2,0
2023-05-12 15:47:23,15513,15513,15513,2,0
2023-05-12 15:47:42,15513,15513,15513,2,0
2023-05-12 15:47:42,15513,15513,15513,4,0
2023-05-12 15:47:42,15513,15513,15513,2,0
2023-05-12 15:47:42,15513,15513,15513,2,0
2023-05-12 15:47:42,15513,15513,15513,2,0
2023-05-12 15:47:42,15513,15513,15513,2,0
2023-05-12 15:47:51,15512,15512,15512,16,-16
2023-05-12 15:47:51,15512,15512,15512,2,0
2023-05-12 15:47:51,15512,15512,15512,4,0
2023-05-12 15:47:51,15511,15511,15511,4,-4
2023-05-12 15:47:51,15511,15511,15511,2,0
2023-05-12 15:47:51,15511,15511,15511,2,0
2023-05-12 15:47:51,15511,15511,15511,2,0
2023-05-12 15:47:51,15511,15511,15511,2,0
2023-05-12 15:47:52,15511,15511,15511,2,0
2023-05-12 15:47:52,15511,15511,15511,2,0
2023-05-12 15:47:52,15511,15511,15511,2,0
2023-05-12 15:47:52,15511,15511,15511,8,0
2023-05-12 15:47:52,15510,15510,15510,2,-2
2023-05-12 15:47:52,15510,15510,15510,2,0
2023-05-12 15:47:53,15511,15511,15511,2,2
2023-05-12 15:48:00,15510,15510,15510,4,-4
2023-05-12 15:48:00,15510,15510,15510,2,0
2023-05-12 15:48:00,15510,15510,15510,2,0
2023-05-12 15:48:00,15510,15510,15510,2,0
2023-05-12 15:48:00,15511,15511,15511,2,2
2023-05-12 15:48:03,15510,15510,15510,2,-2
2023-05-12 15:48:03,15510,15510,15510,2,0
2023-05-12 15:48:08,15510,15510,15510,2,0
2023-05-12 15:48:08,15510,15510,15510,2,0
2023-05-12 15:48:09,15510,15510,15510,4,0
2023-05-12 15:48:10,15510,15510,15510,2,0
2023-05-12 15:48:10,15510,15510,15510,2,0
2023-05-12 15:48:10,15509,15509,15509,4,-4
2023-05-12 15:48:10,15509,15509,15509,2,0
2023-05-12 15:48:16,15510,15510,15510,2,2
2023-05-12 15:48:20,15510,15510,15510,2,0
2023-05-12 15:48:26,15510,15510,15510,2,0
2023-05-12 15:48:30,15510,15510,15510,2,0
2023-05-12 15:48:30,15510,15510,15510,2,0
2023-05-12 15:48:30,15510,15510,15510,2,0
2023-05-12 15:48:30,15510,15510,15510,2,0
2023-05-12 15:48:30,15510,15510,15510,2,0
2023-05-12 15:48:36,15511,15511,15511,4,4
2023-05-12 15:48:36,15511,15511,15511,2,0
2023-05-12 15:48:36,15511,15511,15511,6,0
2023-05-12 15:48:36,15511,15511,15511,4,0
2023-05-12 15:48:36,15511,15511,15511,6,0
2023-05-12 15:48:36,15511,15511,15511,2,0
2023-05-12 15:48:36,15511,15511,15511,2,0
2023-05-12 15:48:36,15511,15511,15511,4,0
2023-05-12 15:48:36,15511,15511,15511,2,0
2023-05-12 15:48:37,15512,15512,15512,2,2
2023-05-12 15:48:37,15512,15512,15512,2,0
2023-05-12 15:48:44,15512,15512,15512,2,0
2023-05-12 15:48:50,15512,15512,15512,2,0
2023-05-12 15:48:54,15512,15512,15512,2,0
2023-05-12 15:49:03,15512,15512,15512,2,0
2023-05-12 15:49:16,15511,15511,15511,2,-2
2023-05-12 15:49:21,15511,15511,15511,2,0
2023-05-12 15:49:50,15512,15512,15512,2,2
2023-05-12 15:49:50,15512,15512,15512,2,0
2023-05-12 15:49:57,15512,15512,15512,2,0
2023-05-12 15:49:57,15512,15512,15512,2,0
2023-05-12 15:50:26,15512,15512,15512,2,0
2023-05-12 15:50:33,15512,15512,15512,6,0
2023-05-12 15:50:34,15512,15512,15512,10,0
2023-05-12 15:50:42,15513,15513,15513,10,10
2023-05-12 15:50:55,15514,15514,15514,8,8
2023-05-12 15:51:00,15513,15513,15513,2,-2
2023-05-12 15:51:00,15513,15513,15513,2,0
2023-05-12 15:51:00,15513,15513,15513,4,0
2023-05-12 15:51:00,15513,15513,15513,6,0
2023-05-12 15:51:00,15513,15513,15513,8,0
2023-05-12 15:51:00,15513,15513,15513,2,0
2023-05-12 15:51:00,15513,15513,15513,18,0
2023-05-12 15:51:00,15513,15513,15513,2,0
2023-05-12 15:51:00,15513,15513,15513,10,0
2023-05-12 15:51:00,15513,15513,15513,2,0
2023-05-12 15:51:23,15513,15513,15513,2,0
2023-05-12 15:51:23,15512,15512,15512,2,-2
2023-05-12 15:51:23,15512,15512,15512,2,0
2023-05-12 15:51:23,15512,15512,15512,4,0
2023-05-12 15:51:23,15512,15512,15512,2,0
2023-05-12 15:51:23,15512,15512,15512,2,0
2023-05-12 15:51:35,15511,15511,15511,2,-2
2023-05-12 15:51:35,15511,15511,15511,2,0
2023-05-12 15:51:35,15511,15511,15511,2,0
2023-05-12 15:51:35,15511,15511,15511,2,0
2023-05-12 15:51:40,15511,15511,15511,2,0
2023-05-12 15:51:57,15511,15511,15511,4,0
2023-05-12 15:52:00,15511,15511,15511,2,0
2023-05-12 15:52:00,15511,15511,15511,4,0
2023-05-12 15:52:01,15511,15511,15511,4,0
2023-05-12 15:52:01,15511,15511,15511,4,0
2023-05-12 15:52:22,15511,15511,15511,2,0
2023-05-12 15:52:28,15510,15510,15510,2,-2
2023-05-12 15:52:30,15510,15510,15510,2,0
2023-05-12 15:52:32,15510,15510,15510,2,0
2023-05-12 15:52:37,15510,15510,15510,2,0
2023-05-12 15:52:37,15510,15510,15510,2,0
2023-05-12 15:52:39,15510,15510,15510,2,0
2023-05-12 15:52:39,15510,15510,15510,2,0
2023-05-12 15:52:45,15510,15510,15510,2,0
2023-05-12 15:52:55,15510,15510,15510,2,0
2023-05-12 15:52:55,15510,15510,15510,2,0
2023-05-12 15:52:55,15510,15510,15510,2,0
2023-05-12 15:52:55,15510,15510,15510,2,0
2023-05-12 15:53:00,15510,15510,15510,2,0
2023-05-12 15:53:05,15510,15510,15510,2,0
2023-05-12 15:53:05,15510,15510,15510,2,0
2023-05-12 15:53:08,15510,15510,15510,2,0
2023-05-12 15:53:10,15510,15510,15510,2,0
2023-05-12 15:53:11,15509,15509,15509,2,-2
2023-05-12 15:53:18,15509,15509,15509,2,0
2023-05-12 15:53:20,15509,15509,15509,2,0
2023-05-12 15:53:28,15509,15509,15509,6,0
2023-05-12 15:53:28,15509,15509,15509,2,0
2023-05-12 15:53:34,15508,15508,15508,2,-2
2023-05-12 15:53:34,15508,15508,15508,2,0
2023-05-12 15:53:34,15508,15508,15508,6,0
2023-05-12 15:53:37,15508,15508,15508,4,0
2023-05-12 15:53:47,15508,15508,15508,4,0
2023-05-12 15:53:47,15508,15508,15508,2,0
2023-05-12 15:53:47,15508,15508,15508,2,0
2023-05-12 15:53:47,15508,15508,15508,2,0
2023-05-12 15:53:47,15508,15508,15508,2,0
2023-05-12 15:53:47,15508,15508,15508,2,0
2023-05-12 15:53:47,15508,15508,15508,8,0
2023-05-12 15:53:54,15508,15508,15508,2,0
2023-05-12 15:53:57,15508,15508,15508,2,0
2023-05-12 15:53:57,15508,15508,15508,2,0
2023-05-12 15:53:58,15508,15508,15508,4,0
2023-05-12 15:54:29,15508,15508,15508,2,0
2023-05-12 15:54:36,15508,15508,15508,2,0
2023-05-12 15:54:47,15508,15508,15508,2,0
2023-05-12 15:55:05,15508,15508,15508,2,0
2023-05-12 15:55:05,15508,15508,15508,2,0
2023-05-12 15:55:07,15508,15508,15508,2,0
2023-05-12 15:55:07,15508,15508,15508,4,0
2023-05-12 15:55:07,15508,15508,15508,2,0
2023-05-12 15:55:07,15508,15508,15508,2,0
2023-05-12 15:55:11,15508,15508,15508,2,0
2023-05-12 15:55:11,15507,15507,15507,2,-2
2023-05-12 15:55:11,15507,15507,15507,2,0
2023-05-12 15:55:24,15508,15508,15508,4,4
2023-05-12 15:55:24,15508,15508,15508,2,0
2023-05-12 15:55:48,15508,15508,15508,4,0
2023-05-12 15:55:53,15508,15508,15508,8,0
2023-05-12 15:56:02,15509,15509,15509,2,2
2023-05-12 15:56:02,15509,15509,15509,4,0
2023-05-12 15:56:06,15510,15510,15510,2,2
2023-05-12 15:56:11,15509,15509,15509,2,-2
2023-05-12 15:56:45,15509,15509,15509,2,0
2023-05-12 15:56:57,15509,15509,15509,6,0
2023-05-12 15:57:31,15509,15509,15509,2,0
2023-05-12 15:57:34,15509,15509,15509,2,0
2023-05-12 15:58:02,15509,15509,15509,2,0
2023-05-12 15:58:02,15509,15509,15509,2,0
2023-05-12 15:58:02,15509,15509,15509,4,0
2023-05-12 15:58:07,15508,15508,15508,2,-2
2023-05-12 15:58:12,15509,15509,15509,2,2
2023-05-12 15:58:23,15509,15509,15509,2,0
2023-05-12 15:58:24,15509,15509,15509,2,0
2023-05-12 15:58:25,15508,15508,15508,2,-2
2023-05-12 15:58:39,15509,15509,15509,2,2
2023-05-12 15:59:00,15509,15509,15509,2,0
2023-05-12 15:59:33,15508,15508,15508,2,-2
2023-05-12 15:59:33,15508,15508,15508,2,0
2023-05-12 15:59:33,15508,15508,15508,4,0
2023-05-12 15:59:33,15508,15508,15508,6,0
2023-05-12 15:59:33,15508,15508,15508,2,0
2023-05-12 15:59:33,15508,15508,15508,6,0
2023-05-12 15:59:33,15508,15508,15508,2,0
2023-05-12 15:59:33,15508,15508,15508,2,0
2023-05-12 15:59:33,15508,15508,15508,2,0
2023-05-12 15:59:33,15508,15508,15508,2,0
2023-05-12 15:59:33,15508,15508,15508,2,0
2023-05-12 15:59:34,15509,15509,15509,2,2
2023-05-12 15:59:40,15507,15507,15507,2,-2
2023-05-12 15:59:40,15507,15507,15507,2,0
2023-05-12 15:59:44,15507,15507,15507,2,0
2023-05-12 15:59:44,15507,15507,15507,2,0
2023-05-12 15:59:57,15507,15507,15507,4,0
2023-05-12 15:59:58,15507,15507,15507,2,0
2023-05-12 15:59:58,15507,15507,15507,2,0
2023-05-12 15:59:58,15507,15507,15507,2,0
2023-05-12 16:00:08,15507,15507,15507,2,0
2023-05-12 16:00:08,15508,15508,15508,2,2
2023-05-12 16:00:08,15509,15509,15509,2,2
2023-05-12 16:00:08,15509,15509,15509,2,0
2023-05-12 16:00:09,15507,15507,15507,2,-2
2023-05-12 16:00:09,15507,15507,15507,2,0
2023-05-12 16:00:09,15507,15507,15507,2,0
2023-05-12 16:00:09,15507,15507,15507,2,0
2023-05-12 16:00:09,15507,15507,15507,2,0
2023-05-12 16:00:09,15507,15507,15507,2,0
2023-05-12 16:00:09,15507,15507,15507,2,0
2023-05-12 16:00:09,15506,15506,15506,2,-2
2023-05-12 16:00:09,15506,15506,15506,2,0
2023-05-12 16:00:09,15506,15506,15506,2,0
2023-05-12 16:00:09,15506,15506,15506,2,0
2023-05-12 16:00:09,15506,15506,15506,2,0
2023-05-12 16:00:09,15506,15506,15506,2,0
2023-05-12 16:00:09,15506,15506,15506,2,0
2023-05-12 16:00:09,15506,15506,15506,2,0
2023-05-12 16:00:09,15506,15506,15506,2,0
2023-05-12 16:00:09,15508,15508,15508,2,2
2023-05-12 16:00:09,15506,15506,15506,2,-2
2023-05-12 16:00:09,15506,15506,15506,2,0
2023-05-12 16:00:09,15506,15506,15506,2,0
2023-05-12 16:00:09,15506,15506,15506,2,0
2023-05-12 16:00:09,15506,15506,15506,2,0
2023-05-12 16:00:10,15506,15506,15506,2,0
2023-05-12 16:00:10,15506,15506,15506,2,0
2023-05-12 16:00:10,15506,15506,15506,2,0
2023-05-12 16:00:11,15507,15507,15507,2,2
2023-05-12 16:00:17,15506,15506,15506,2,-2
2023-05-12 16:00:17,15506,15506,15506,2,0
2023-05-12 16:00:17,15506,15506,15506,2,0
2023-05-12 16:00:17,15506,15506,15506,2,0
2023-05-12 16:00:31,15506,15506,15506,2,0
2023-05-12 16:00:32,15506,15506,15506,6,0
2023-05-12 16:00:35,15505,15505,15505,2,-2
2023-05-12 16:00:35,15505,15505,15505,2,0
2023-05-12 16:00:35,15505,15505,15505,2,0
2023-05-12 16:00:35,15505,15505,15505,4,0
2023-05-12 16:00:35,15505,15505,15505,2,0
2023-05-12 16:00:35,15505,15505,15505,2,0
2023-05-12 16:00:35,15505,15505,15505,4,0
2023-05-12 16:00:35,15505,15505,15505,2,0
2023-05-12 16:00:35,15505,15505,15505,2,0
2023-05-12 16:00:35,15505,15505,15505,6,0
2023-05-12 16:00:35,15505,15505,15505,2,0
2023-05-12 16:00:35,15505,15505,15505,2,0
2023-05-12 16:00:35,15505,15505,15505,2,0
2023-05-12 16:00:35,15505,15505,15505,2,0
2023-05-12 16:00:37,15504,15504,15504,4,-4
2023-05-12 16:00:37,15504,15504,15504,2,0
2023-05-12 16:00:37,15504,15504,15504,2,0
2023-05-12 16:00:37,15504,15504,15504,2,0
2023-05-12 16:00:37,15504,15504,15504,2,0
2023-05-12 16:00:37,15504,15504,15504,2,0
2023-05-12 16:00:37,15504,15504,15504,8,0
2023-05-12 16:00:38,15505,15505,15505,2,2
2023-05-12 16:00:42,15504,15504,15504,4,-4
2023-05-12 16:00:42,15504,15504,15504,2,0
2023-05-12 16:00:49,15504,15504,15504,6,0
2023-05-12 16:00:49,15504,15504,15504,2,0
2023-05-12 16:00:49,15504,15504,15504,2,0
2023-05-12 16:00:49,15504,15504,15504,2,0
2023-05-12 16:00:49,15504,15504,15504,8,0
2023-05-12 16:00:52,15504,15504,15504,6,0
2023-05-12 16:00:52,15504,15504,15504,2,0
2023-05-12 16:00:55,15505,15505,15505,2,2
2023-05-12 16:00:55,15504,15504,15504,2,-2
2023-05-12 16:01:00,15504,15504,15504,2,0
2023-05-12 16:01:00,15504,15504,15504,6,0
2023-05-12 16:01:00,15504,15504,15504,2,0
2023-05-12 16:01:00,15504,15504,15504,6,0
2023-05-12 16:01:00,15505,15505,15505,2,2
2023-05-12 16:01:00,15505,15505,15505,2,0
2023-05-12 16:01:00,15505,15505,15505,2,0
2023-05-12 16:01:02,15505,15505,15505,2,0
2023-05-12 16:01:02,15506,15506,15506,2,2
2023-05-12 16:01:04,15506,15506,15506,18,0
2023-05-12 16:01:04,15506,15506,15506,12,0
2023-05-12 16:01:04,15506,15506,15506,4,0
2023-05-12 16:01:04,15506,15506,15506,4,0
2023-05-12 16:01:04,15506,15506,15506,4,0
2023-05-12 16:01:18,15506,15506,15506,2,0
2023-05-12 16:01:19,15506,15506,15506,2,0
2023-05-12 16:01:26,15506,15506,15506,4,0
2023-05-12 16:01:26,15506,15506,15506,2,0
2023-05-12 16:01:57,15506,15506,15506,2,0
2023-05-12 16:02:20,15506,15506,15506,2,0
2023-05-12 16:02:20,15506,15506,15506,2,0
2023-05-12 16:02:27,15506,15506,15506,6,0
2023-05-12 16:02:27,15506,15506,15506,2,0
2023-05-12 16:02:27,15506,15506,15506,2,0
2023-05-12 16:02:27,15506,15506,15506,6,0
2023-05-12 16:02:27,15506,15506,15506,2,0
2023-05-12 16:02:27,15506,15506,15506,2,0
2023-05-12 16:02:27,15506,15506,15506,2,0
2023-05-12 16:02:27,15506,15506,15506,2,0
2023-05-12 16:02:27,15506,15506,15506,8,0
2023-05-12 16:02:27,15506,15506,15506,4,0
2023-05-12 16:02:28,15504,15504,15504,2,-2
2023-05-12 16:02:28,15504,15504,15504,2,0
2023-05-12 16:02:28,15504,15504,15504,2,0
2023-05-12 16:02:28,15504,15504,15504,2,0
2023-05-12 16:02:29,15504,15504,15504,2,0
2023-05-12 16:02:32,15506,15506,15506,4,4
2023-05-12 16:02:34,15506,15506,15506,2,0
2023-05-12 16:02:42,15506,15506,15506,2,0
2023-05-12 16:03:07,15506,15506,15506,2,0
2023-05-12 16:03:08,15506,15506,15506,2,0
2023-05-12 16:03:20,15506,15506,15506,2,0
2023-05-12 16:03:28,15506,15506,15506,2,0
2023-05-12 16:03:29,15506,15506,15506,2,0
2023-05-12 16:03:29,15506,15506,15506,2,0
2023-05-12 16:03:35,15506,15506,15506,2,0
2023-05-12 16:03:37,15507,15507,15507,6,6
2023-05-12 16:03:51,15507,15507,15507,10,0
2023-05-12 16:04:00,15506,15506,15506,2,-2
2023-05-12 16:04:00,15506,15506,15506,2,0
2023-05-12 16:04:01,15507,15507,15507,2,2
2023-05-12 16:04:40,15506,15506,15506,2,-2
2023-05-12 16:04:43,15505,15505,15505,2,-2
2023-05-12 16:04:43,15505,15505,15505,2,0
2023-05-12 16:04:43,15505,15505,15505,2,0
2023-05-12 16:05:06,15505,15505,15505,2,0
2023-05-12 16:05:07,15504,15504,15504,2,-2
2023-05-12 16:05:07,15504,15504,15504,2,0
2023-05-12 16:05:08,15504,15504,15504,2,0
2023-05-12 16:05:13,15505,15505,15505,2,2
2023-05-12 16:05:13,15505,15505,15505,2,0
2023-05-12 16:05:24,15505,15505,15505,2,0
2023-05-12 16:05:52,15505,15505,15505,2,0
2023-05-12 16:05:54,15505,15505,15505,2,0
2023-05-12 16:05:54,15505,15505,15505,2,0
2023-05-12 16:06:01,15505,15505,15505,2,0
2023-05-12 16:06:05,15505,15505,15505,2,0
2023-05-12 16:06:05,15505,15505,15505,2,0
2023-05-12 16:06:36,15505,15505,15505,2,0
2023-05-12 16:06:42,15505,15505,15505,2,0
2023-05-12 16:06:56,15507,15507,15507,4,4
2023-05-12 16:06:58,15507,15507,15507,2,0
2023-05-12 16:07:00,15508,15508,15508,2,2
2023-05-12 16:07:00,15508,15508,15508,2,0
2023-05-12 16:07:03,15509,15509,15509,2,2
2023-05-12 16:07:13,15509,15509,15509,6,0
2023-05-12 16:07:37,15510,15510,15510,4,4
2023-05-12 16:07:37,15510,15510,15510,2,0
2023-05-12 16:07:37,15510,15510,15510,38,0
2023-05-12 16:07:44,15510,15510,15510,2,0
2023-05-12 16:07:54,15510,15510,15510,2,0
2023-05-12 16:07:54,15510,15510,15510,2,0
2023-05-12 16:07:55,15509,15509,15509,2,-2
2023-05-12 16:08:06,15507,15507,15507,4,-4
2023-05-12 16:08:06,15507,15507,15507,2,0
2023-05-12 16:08:06,15507,15507,15507,2,0
2023-05-12 16:08:06,15507,15507,15507,2,0
2023-05-12 16:08:06,15507,15507,15507,4,0
2023-05-12 16:08:06,15507,15507,15507,2,0
2023-05-12 16:08:06,15507,15507,15507,2,0
2023-05-12 16:08:06,15507,15507,15507,2,0
2023-05-12 16:08:53,15510,15510,15510,4,4
2023-05-12 16:09:01,15510,15510,15510,2,0
2023-05-12 16:09:16,15510,15510,15510,2,0
2023-05-12 16:09:17,15510,15510,15510,2,0
2023-05-12 16:09:17,15510,15510,15510,2,0
2023-05-12 16:09:21,15511,15511,15511,2,2
2023-05-12 16:09:59,15511,15511,15511,2,0
2023-05-12 16:09:59,15511,15511,15511,4,0
2023-05-12 16:09:59,15511,15511,15511,2,0
2023-05-12 16:10:02,15512,15512,15512,4,4
2023-05-12 16:10:03,15510,15510,15510,2,-2
2023-05-12 16:10:03,15510,15510,15510,2,0
2023-05-12 16:10:03,15510,15510,15510,2,0
2023-05-12 16:10:03,15510,15510,15510,2,0
2023-05-12 16:10:03,15510,15510,15510,2,0
2023-05-12 16:10:03,15510,15510,15510,2,0
2023-05-12 16:10:03,15510,15510,15510,2,0
2023-05-12 16:10:03,15510,15510,15510,2,0
2023-05-12 16:10:03,15510,15510,15510,2,0
2023-05-12 16:10:03,15510,15510,15510,2,0
2023-05-12 16:10:03,15510,15510,15510,2,0
2023-05-12 16:10:03,15510,15510,15510,2,0
2023-05-12 16:10:03,15510,15510,15510,2,0
2023-05-12 16:10:03,15510,15510,15510,2,0
2023-05-12 16:10:03,15510,15510,15510,4,0
2023-05-12 16:10:03,15510,15510,15510,2,0
2023-05-12 16:10:03,15510,15510,15510,2,0
2023-05-12 16:10:03,15510,15510,15510,2,0
2023-05-12 16:10:03,15512,15512,15512,4,4
2023-05-12 16:10:03,15510,15510,15510,4,-4
2023-05-12 16:10:03,15510,15510,15510,2,0
2023-05-12 16:10:03,15510,15510,15510,2,0
2023-05-12 16:10:03,15510,15510,15510,2,0
2023-05-12 16:10:04,15510,15510,15510,2,0
2023-05-12 16:10:04,15510,15510,15510,2,0
2023-05-12 16:10:10,15511,15511,15511,2,2
2023-05-12 16:10:10,15511,15511,15511,6,0
2023-05-12 16:10:10,15511,15511,15511,2,0
2023-05-12 16:10:10,15511,15511,15511,20,0
2023-05-12 16:10:18,15511,15511,15511,2,0
2023-05-12 16:10:20,15511,15511,15511,2,0
2023-05-12 16:10:25,15511,15511,15511,2,0
2023-05-12 16:10:39,15511,15511,15511,2,0
2023-05-12 16:10:39,15511,15511,15511,2,0
2023-05-12 16:10:39,15511,15511,15511,2,0
2023-05-12 16:10:39,15511,15511,15511,4,0
2023-05-12 16:10:40,15512,15512,15512,16,16
2023-05-12 16:10:40,15512,15512,15512,2,0
2023-05-12 16:11:17,15512,15512,15512,24,0
2023-05-12 16:11:25,15513,15513,15513,12,12
2023-05-12 16:11:25,15514,15514,15514,38,38
2023-05-12 16:11:29,15514,15514,15514,2,0
2023-05-12 16:11:30,15514,15514,15514,2,0
2023-05-12 16:11:37,15514,15514,15514,2,0
2023-05-12 16:11:39,15514,15514,15514,8,0
2023-05-12 16:11:39,15513,15513,15513,2,-2
2023-05-12 16:11:39,15513,15513,15513,2,0
2023-05-12 16:11:39,15513,15513,15513,2,0
2023-05-12 16:11:39,15513,15513,15513,2,0
2023-05-12 16:11:39,15512,15512,15512,4,-4
2023-05-12 16:11:48,15513,15513,15513,4,4
2023-05-12 16:11:50,15512,15512,15512,4,-4
2023-05-12 16:11:52,15514,15514,15514,2,2
2023-05-12 16:12:01,15514,15514,15514,2,0
2023-05-12 16:12:04,15514,15514,15514,2,0
2023-05-12 16:12:04,15514,15514,15514,2,0
2023-05-12 16:12:04,15514,15514,15514,6,0
2023-05-12 16:12:10,15514,15514,15514,2,0
2023-05-12 16:12:13,15515,15515,15515,4,4
2023-05-12 16:12:19,15514,15514,15514,2,-2
2023-05-12 16:12:40,15515,15515,15515,4,4
2023-05-12 16:12:43,15515,15515,15515,2,0
2023-05-12 16:12:50,15515,15515,15515,2,0
2023-05-12 16:12:58,15515,15515,15515,2,0
2023-05-12 16:13:17,15514,15514,15514,4,-4
2023-05-12 16:13:17,15514,15514,15514,4,0
2023-05-12 16:13:18,15514,15514,15514,2,0
2023-05-12 16:13:18,15514,15514,15514,6,0
2023-05-12 16:13:30,15514,15514,15514,2,0
2023-05-12 16:13:34,15514,15514,15514,4,0
2023-05-12 16:13:34,15514,15514,15514,2,0
2023-05-12 16:13:42,15515,15515,15515,22,22
2023-05-12 16:13:51,15515,15515,15515,14,0
2023-05-12 16:13:59,15514,15514,15514,2,-2
2023-05-12 16:13:59,15514,15514,15514,2,0
2023-05-12 16:14:00,15513,15513,15513,2,-2
2023-05-12 16:14:01,15514,15514,15514,2,2
2023-05-12 16:14:11,15513,15513,15513,4,-4
2023-05-12 16:14:11,15512,15512,15512,10,-10
2023-05-12 16:14:47,15512,15512,15512,2,0
2023-05-12 16:14:50,15512,15512,15512,2,0
2023-05-12 16:15:05,15512,15512,15512,2,0
2023-05-12 16:15:05,15512,15512,15512,2,0
2023-05-12 16:15:05,15513,15513,15513,2,2
2023-05-12 16:15:05,15513,15513,15513,2,0
2023-05-12 16:15:05,15514,15514,15514,2,2
2023-05-12 16:15:05,15514,15514,15514,2,0
2023-05-12 16:15:13,15514,15514,15514,4,0
2023-05-12 16:15:13,15514,15514,15514,2,0
2023-05-12 16:15:21,15514,15514,15514,10,0
2023-05-12 16:15:21,15514,15514,15514,2,0
2023-05-12 16:15:29,15514,15514,15514,2,0
2023-05-12 16:15:29,15515,15515,15515,2,2
2023-05-12 16:15:33,15515,15515,15515,2,0
2023-05-12 16:15:40,15514,15514,15514,2,-2
2023-05-12 16:15:40,15514,15514,15514,2,0
2023-05-12 16:15:55,15513,15513,15513,4,-4
2023-05-12 16:15:55,15513,15513,15513,2,0
2023-05-12 16:15:58,15515,15515,15515,6,6
2023-05-12 16:15:58,15515,15515,15515,4,0
2023-05-12 16:15:58,15515,15515,15515,4,0
2023-05-12 16:16:17,15515,15515,15515,2,0
2023-05-12 16:16:20,15515,15515,15515,2,0
2023-05-12 16:16:23,15515,15515,15515,2,0
2023-05-12 16:16:47,15515,15515,15515,2,0
2023-05-12 16:16:47,15515,15515,15515,2,0
2023-05-12 16:16:48,15515,15515,15515,2,0
2023-05-12 16:17:31,15514,15514,15514,2,-2
2023-05-12 16:17:39,15515,15515,15515,4,4
2023-05-12 16:17:45,15515,15515,15515,18,0
2023-05-12 16:17:45,15516,15516,15516,2,2
2023-05-12 16:17:45,15516,15516,15516,24,0
2023-05-12 16:17:46,15516,15516,15516,2,0
2023-05-12 16:18:09,15516,15516,15516,2,0
2023-05-12 16:18:09,15516,15516,15516,2,0
2023-05-12 16:18:21,15516,15516,15516,2,0
2023-05-12 16:18:21,15516,15516,15516,2,0
2023-05-12 16:18:33,15516,15516,15516,2,0
2023-05-12 16:18:42,15516,15516,15516,2,0
2023-05-12 16:18:42,15516,15516,15516,2,0
2023-05-12 16:18:42,15516,15516,15516,2,0
2023-05-12 16:18:42,15516,15516,15516,2,0
2023-05-12 16:18:42,15516,15516,15516,2,0
2023-05-12 16:18:42,15516,15516,15516,4,0
2023-05-12 16:18:52,15515,15515,15515,2,-2
2023-05-12 16:18:52,15515,15515,15515,2,0
2023-05-12 16:18:52,15515,15515,15515,2,0
2023-05-12 16:18:53,15516,15516,15516,4,4
2023-05-12 16:18:53,15515,15515,15515,2,-2
2023-05-12 16:18:53,15515,15515,15515,2,0
2023-05-12 16:19:18,15515,15515,15515,6,0
2023-05-12 16:19:18,15515,15515,15515,2,0
2023-05-12 16:19:18,15515,15515,15515,2,0
2023-05-12 16:19:21,15515,15515,15515,2,0
2023-05-12 16:19:21,15515,15515,15515,4,0
2023-05-12 16:19:22,15516,15516,15516,4,4
2023-05-12 16:19:33,15516,15516,15516,4,0
2023-05-12 16:19:35,15515,15515,15515,2,-2
2023-05-12 16:19:55,15515,15515,15515,2,0
2023-05-12 16:20:06,15515,15515,15515,2,0
2023-05-12 16:20:06,15515,15515,15515,6,0
2023-05-12 16:20:06,15515,15515,15515,2,0
2023-05-12 16:20:06,15515,15515,15515,4,0
2023-05-12 16:20:06,15515,15515,15515,2,0
2023-05-12 16:20:06,15515,15515,15515,2,0
2023-05-12 16:20:06,15515,15515,15515,6,0
2023-05-12 16:20:06,15515,15515,15515,2,0
2023-05-12 16:20:06,15515,15515,15515,2,0
2023-05-12 16:20:06,15514,15514,15514,2,-2
2023-05-12 16:20:14,15516,15516,15516,4,4
2023-05-12 16:20:20,15516,15516,15516,8,0
2023-05-12 16:20:32,15516,15516,15516,4,0
2023-05-12 16:20:32,15516,15516,15516,4,0
2023-05-12 16:20:32,15516,15516,15516,8,0
2023-05-12 16:20:32,15516,15516,15516,2,0
2023-05-12 16:20:35,15516,15516,15516,2,0
2023-05-12 16:20:35,15516,15516,15516,2,0
2023-05-12 16:20:38,15516,15516,15516,2,0
2023-05-12 16:20:42,15516,15516,15516,2,0
2023-05-12 16:20:43,15516,15516,15516,2,0
2023-05-12 16:20:44,15516,15516,15516,2,0
2023-05-12 16:20:52,15516,15516,15516,2,0
2023-05-12 16:21:24,15516,15516,15516,2,0
2023-05-12 16:22:44,15515,15515,15515,2,-2
2023-05-12 16:22:49,15515,15515,15515,2,0
2023-05-12 16:23:08,15515,15515,15515,2,0
2023-05-12 16:23:08,15515,15515,15515,2,0
2023-05-12 16:23:08,15515,15515,15515,2,0
2023-05-12 16:23:08,15515,15515,15515,4,0
2023-05-12 16:23:22,15516,15516,15516,2,2
2023-05-12 16:23:40,15515,15515,15515,2,-2
2023-05-12 16:23:40,15515,15515,15515,2,0
2023-05-12 16:23:40,15515,15515,15515,2,0
2023-05-12 16:23:40,15515,15515,15515,2,0
2023-05-12 16:23:40,15515,15515,15515,2,0
2023-05-12 16:23:40,15515,15515,15515,2,0
2023-05-12 16:23:42,15515,15515,15515,8,0
2023-05-12 16:24:07,15516,15516,15516,22,22
2023-05-12 16:24:07,15516,15516,15516,20,0
2023-05-12 16:24:23,15517,15517,15517,4,4
2023-05-12 16:24:23,15517,15517,15517,4,0
2023-05-12 16:24:23,15517,15517,15517,2,0
2023-05-12 16:24:23,15517,15517,15517,6,0
2023-05-12 16:24:23,15517,15517,15517,14,0
2023-05-12 16:24:23,15518,15518,15518,28,28
2023-05-12 16:24:23,15518,15518,15518,14,0
2023-05-12 16:24:23,15518,15518,15518,2,0
2023-05-12 16:24:23,15518,15518,15518,4,0
2023-05-12 16:24:24,15519,15519,15519,20,20
2023-05-12 16:24:24,15519,15519,15519,2,0
2023-05-12 16:24:24,15520,15520,15520,8,8
2023-05-12 16:24:24,15520,15520,15520,4,0
2023-05-12 16:24:24,15520,15520,15520,2,0
2023-05-12 16:24:24,15520,15520,15520,2,0
2023-05-12 16:24:24,15520,15520,15520,6,0
2023-05-12 16:24:24,15520,15520,15520,2,0
2023-05-12 16:24:24,15520,15520,15520,4,0
2023-05-12 16:24:24,15520,15520,15520,10,0
2023-05-12 16:24:24,15520,15520,15520,40,0
2023-05-12 16:24:24,15521,15521,15521,10,10
2023-05-12 16:24:24,15521,15521,15521,8,0
2023-05-12 16:24:24,15520,15520,15520,2,-2
2023-05-12 16:24:24,15521,15521,15521,4,4
2023-05-12 16:24:24,15522,15522,15522,4,4
2023-05-12 16:24:24,15522,15522,15522,2,0
2023-05-12 16:24:24,15522,15522,15522,4,0
2023-05-12 16:24:24,15522,15522,15522,2,0
2023-05-12 16:24:24,15522,15522,15522,2,0
2023-05-12 16:24:25,15522,15522,15522,2,0
2023-05-12 16:24:31,15522,15522,15522,2,0
2023-05-12 16:24:36,15522,15522,15522,16,0
2023-05-12 16:24:37,15521,15521,15521,2,-2
2023-05-12 16:24:39,15522,15522,15522,2,2
2023-05-12 16:24:41,15521,15521,15521,2,-2
2023-05-12 16:24:43,15523,15523,15523,2,2
2023-05-12 16:24:43,15523,15523,15523,2,0
2023-05-12 16:24:43,15523,15523,15523,2,0
2023-05-12 16:24:44,15523,15523,15523,2,0
2023-05-12 16:24:46,15521,15521,15521,2,-2
2023-05-12 16:24:46,15521,15521,15521,2,0
2023-05-12 16:24:47,15522,15522,15522,10,10
2023-05-12 16:24:51,15522,15522,15522,2,0
2023-05-12 16:24:52,15522,15522,15522,10,0
2023-05-12 16:24:58,15522,15522,15522,8,0
2023-05-12 16:24:58,15523,15523,15523,4,4
2023-05-12 16:25:00,15522,15522,15522,2,-2
2023-05-12 16:25:00,15522,15522,15522,4,0
2023-05-12 16:25:00,15522,15522,15522,4,0
2023-05-12 16:25:00,15522,15522,15522,4,0
2023-05-12 16:25:00,15523,15523,15523,4,4
2023-05-12 16:25:00,15523,15523,15523,16,0
2023-05-12 16:25:00,15523,15523,15523,2,0
2023-05-12 16:25:00,15523,15523,15523,2,0
2023-05-12 16:25:00,15523,15523,15523,2,0
2023-05-12 16:25:00,15523,15523,15523,2,0
2023-05-12 16:25:00,15523,15523,15523,2,0
2023-05-12 16:25:00,15523,15523,15523,14,0
2023-05-12 16:25:00,15524,15524,15524,2,2
2023-05-12 16:25:01,15524,15524,15524,2,0
2023-05-12 16:25:01,15524,15524,15524,2,0
2023-05-12 16:25:01,15524,15524,15524,2,0
2023-05-12 16:25:01,15522,15522,15522,2,-2
2023-05-12 16:25:02,15522,15522,15522,2,0
2023-05-12 16:25:05,15523,15523,15523,2,2
2023-05-12 16:25:05,15524,15524,15524,4,4
2023-05-12 16:25:07,15523,15523,15523,2,-2
2023-05-12 16:25:07,15524,15524,15524,2,2
2023-05-12 16:25:10,15523,15523,15523,2,-2
2023-05-12 16:25:10,15523,15523,15523,2,0
2023-05-12 16:25:11,15523,15523,15523,8,0
2023-05-12 16:25:12,15523,15523,15523,2,0
2023-05-12 16:25:14,15523,15523,15523,4,0
2023-05-12 16:25:15,15524,15524,15524,6,6
2023-05-12 16:25:17,15524,15524,15524,4,0
2023-05-12 16:25:18,15524,15524,15524,4,0
2023-05-12 16:25:18,15524,15524,15524,2,0
2023-05-12 16:25:19,15524,15524,15524,2,0
2023-05-12 16:25:25,15524,15524,15524,2,0
2023-05-12 16:25:27,15524,15524,15524,2,0
2023-05-12 16:25:37,15524,15524,15524,2,0
2023-05-12 16:25:42,15523,15523,15523,2,-2
2023-05-12 16:25:46,15524,15524,15524,2,2
2023-05-12 16:25:46,15523,15523,15523,2,-2
2023-05-12 16:25:46,15523,15523,15523,2,0
2023-05-12 16:25:46,15523,15523,15523,2,0
2023-05-12 16:25:46,15523,15523,15523,8,0
2023-05-12 16:25:46,15523,15523,15523,2,0
2023-05-12 16:25:46,15523,15523,15523,2,0
2023-05-12 16:25:46,15523,15523,15523,4,0
2023-05-12 16:25:46,15523,15523,15523,2,0
2023-05-12 16:25:46,15523,15523,15523,2,0
2023-05-12 16:25:46,15523,15523,15523,2,0
2023-05-12 16:25:47,15523,15523,15523,2,0
2023-05-12 16:25:53,15522,15522,15522,4,-4
2023-05-12 16:25:54,15522,15522,15522,4,0
2023-05-12 16:25:54,15522,15522,15522,2,0
2023-05-12 16:25:54,15522,15522,15522,4,0
2023-05-12 16:25:54,15522,15522,15522,2,0
2023-05-12 16:25:54,15522,15522,15522,2,0
2023-05-12 16:26:02,15521,15521,15521,2,-2
2023-05-12 16:26:02,15521,15521,15521,2,0
2023-05-12 16:26:02,15521,15521,15521,2,0
2023-05-12 16:26:03,15520,15520,15520,2,-2
2023-05-12 16:26:14,15521,15521,15521,2,2
2023-05-12 16:26:19,15521,15521,15521,2,0
2023-05-12 16:26:19,15521,15521,15521,2,0
2023-05-12 16:26:20,15521,15521,15521,2,0
2023-05-12 16:26:20,15521,15521,15521,2,0
2023-05-12 16:26:20,15521,15521,15521,2,0
2023-05-12 16:26:20,15521,15521,15521,2,0
2023-05-12 16:26:20,15521,15521,15521,2,0
2023-05-12 16:26:20,15521,15521,15521,6,0
2023-05-12 16:26:20,15521,15521,15521,2,0
2023-05-12 16:26:20,15520,15520,15520,2,-2
2023-05-12 16:26:20,15520,15520,15520,2,0
2023-05-12 16:26:20,15520,15520,15520,2,0
2023-05-12 16:26:20,15520,15520,15520,2,0
2023-05-12 16:26:20,15520,15520,15520,4,0
2023-05-12 16:26:20,15520,15520,15520,6,0
2023-05-12 16:26:21,15521,15521,15521,4,4
2023-05-12 16:26:30,15521,15521,15521,2,0
2023-05-12 16:26:31,15521,15521,15521,2,0
2023-05-12 16:26:48,15522,15522,15522,2,2
2023-05-12 16:26:48,15522,15522,15522,4,0
2023-05-12 16:26:53,15522,15522,15522,2,0
2023-05-12 16:26:55,15522,15522,15522,2,0
2023-05-12 16:27:12,15523,15523,15523,2,2
2023-05-12 16:27:15,15522,15522,15522,2,-2
2023-05-12 16:27:15,15522,15522,15522,36,0
2023-05-12 16:27:15,15522,15522,15522,2,0
2023-05-12 16:27:15,15522,15522,15522,2,0
2023-05-12 16:27:15,15521,15521,15521,4,-4
2023-05-12 16:27:15,15521,15521,15521,2,0
2023-05-12 16:27:15,15521,15521,15521,2,0
2023-05-12 16:27:15,15521,15521,15521,2,0
2023-05-12 16:27:15,15521,15521,15521,6,0
2023-05-12 16:27:15,15521,15521,15521,2,0
2023-05-12 16:27:15,15521,15521,15521,2,0
2023-05-12 16:27:15,15521,15521,15521,2,0
2023-05-12 16:27:15,15521,15521,15521,2,0
2023-05-12 16:27:15,15521,15521,15521,2,0
2023-05-12 16:27:15,15521,15521,15521,2,0
2023-05-12 16:27:15,15521,15521,15521,2,0
2023-05-12 16:27:15,15521,15521,15521,10,0
2023-05-12 16:27:15,15521,15521,15521,2,0
2023-05-12 16:27:15,15521,15521,15521,2,0
2023-05-12 16:27:15,15521,15521,15521,10,0
2023-05-12 16:27:15,15521,15521,15521,10,0
2023-05-12 16:27:15,15520,15520,15520,2,-2
2023-05-12 16:27:15,15520,15520,15520,2,0
2023-05-12 16:27:15,15520,15520,15520,10,0
2023-05-12 16:27:15,15520,15520,15520,2,0
2023-05-12 16:27:15,15520,15520,15520,2,0
2023-05-12 16:27:15,15521,15521,15521,4,4
2023-05-12 16:27:15,15520,15520,15520,2,-2
2023-05-12 16:27:15,15520,15520,15520,2,0
2023-05-12 16:27:20,15519,15519,15519,2,-2
2023-05-12 16:27:20,15519,15519,15519,2,0
2023-05-12 16:27:24,15520,15520,15520,2,2
2023-05-12 16:27:35,15519,15519,15519,2,-2
2023-05-12 16:27:35,15519,15519,15519,2,0
2023-05-12 16:27:43,15519,15519,15519,2,0
2023-05-12 16:27:44,15520,15520,15520,10,10
2023-05-12 16:28:02,15520,15520,15520,4,0
2023-05-12 16:28:02,15520,15520,15520,2,0
2023-05-12 16:28:02,15521,15521,15521,2,2
2023-05-12 16:28:03,15520,15520,15520,2,-2
2023-05-12 16:28:03,15522,15522,15522,2,2
2023-05-12 16:28:34,15520,15520,15520,2,-2
2023-05-12 16:28:34,15520,15520,15520,2,0
2023-05-12 16:28:34,15521,15521,15521,4,4
2023-05-12 16:28:34,15520,15520,15520,2,-2
2023-05-12 16:28:34,15520,15520,15520,2,0
2023-05-12 16:28:34,15520,15520,15520,2,0
2023-05-12 16:28:34,15520,15520,15520,2,0
2023-05-12 16:28:34,15520,15520,15520,2,0
2023-05-12 16:28:34,15520,15520,15520,2,0
2023-05-12 16:28:51,15520,15520,15520,2,0
2023-05-12 16:28:51,15520,15520,15520,2,0
2023-05-12 16:28:54,15520,15520,15520,2,0
2023-05-12 16:28:54,15520,15520,15520,2,0
2023-05-12 16:28:54,15521,15521,15521,2,2
2023-05-12 16:29:30,15521,15521,15521,2,0
2023-05-12 16:29:32,15520,15520,15520,2,-2
2023-05-12 16:29:44,15520,15520,15520,2,0
2023-05-12 16:29:54,15520,15520,15520,2,0
2023-05-12 16:30:04,15521,15521,15521,2,2
2023-05-12 16:30:04,15521,15521,15521,2,0
2023-05-12 16:30:04,15521,15521,15521,2,0
2023-05-12 16:30:04,15521,15521,15521,6,0
2023-05-12 16:30:04,15521,15521,15521,14,0
2023-05-12 16:30:04,15521,15521,15521,2,0
2023-05-12 16:30:04,15521,15521,15521,4,0
2023-05-12 16:30:04,15521,15521,15521,2,0
2023-05-12 16:30:04,15521,15521,15521,2,0
2023-05-12 16:30:04,15521,15521,15521,2,0
2023-05-12 16:30:04,15521,15521,15521,2,0
2023-05-12 16:30:04,15521,15521,15521,2,0
2023-05-12 16:30:04,15521,15521,15521,8,0
2023-05-12 16:30:05,15522,15522,15522,8,8
2023-05-12 16:30:05,15522,15522,15522,4,0
2023-05-12 16:30:05,15523,15523,15523,4,4
2023-05-12 16:30:05,15523,15523,15523,4,0
2023-05-12 16:30:05,15523,15523,15523,12,0
2023-05-12 16:30:15,15524,15524,15524,4,4
2023-05-12 16:30:15,15524,15524,15524,2,0
2023-05-12 16:30:15,15524,15524,15524,2,0
2023-05-12 16:30:23,15524,15524,15524,2,0
2023-05-12 16:30:25,15524,15524,15524,2,0
2023-05-12 16:30:26,15524,15524,15524,2,0
2023-05-12 16:30:29,15524,15524,15524,2,0
2023-05-12 16:30:32,15524,15524,15524,2,0
2023-05-12 16:30:36,15524,15524,15524,2,0
2023-05-12 16:30:37,15524,15524,15524,2,0
2023-05-12 16:30:39,15523,15523,15523,2,-2
2023-05-12 16:30:39,15524,15524,15524,2,2
2023-05-12 16:30:45,15524,15524,15524,4,0
2023-05-12 16:30:49,15524,15524,15524,4,0
2023-05-12 16:30:54,15524,15524,15524,2,0
2023-05-12 16:30:57,15523,15523,15523,2,-2
2023-05-12 16:30:58,15524,15524,15524,8,8
2023-05-12 16:31:03,15524,15524,15524,2,0
2023-05-12 16:31:03,15524,15524,15524,2,0
2023-05-12 16:31:03,15524,15524,15524,2,0
2023-05-12 16:31:09,15524,15524,15524,2,0
2023-05-12 16:31:24,15523,15523,15523,2,-2
2023-05-12 16:31:25,15523,15523,15523,2,0
2023-05-12 16:31:25,15522,15522,15522,2,-2
2023-05-12 16:31:37,15522,15522,15522,2,0
2023-05-12 16:31:49,15523,15523,15523,2,2
2023-05-12 16:31:49,15523,15523,15523,4,0
2023-05-12 16:31:49,15523,15523,15523,2,0
2023-05-12 16:31:53,15523,15523,15523,2,0
2023-05-12 16:31:57,15523,15523,15523,2,0
2023-05-12 16:32:12,15523,15523,15523,2,0
2023-05-12 16:32:16,15523,15523,15523,2,0
2023-05-12 16:32:22,15523,15523,15523,2,0
2023-05-12 16:32:29,15523,15523,15523,2,0
2023-05-12 16:32:29,15523,15523,15523,2,0
2023-05-12 16:32:29,15522,15522,15522,2,-2
2023-05-12 16:32:29,15522,15522,15522,2,0
2023-05-12 16:32:29,15522,15522,15522,2,0
2023-05-12 16:32:43,15521,15521,15521,2,-2
2023-05-12 16:32:45,15521,15521,15521,2,0
2023-05-12 16:32:48,15521,15521,15521,2,0
2023-05-12 16:32:51,15521,15521,15521,4,0
2023-05-12 16:32:51,15521,15521,15521,2,0
2023-05-12 16:32:51,15521,15521,15521,2,0
2023-05-12 16:32:58,15521,15521,15521,2,0
2023-05-12 16:32:58,15521,15521,15521,2,0
2023-05-12 16:33:00,15521,15521,15521,2,0
2023-05-12 16:33:04,15521,15521,15521,2,0
2023-05-12 16:33:05,15521,15521,15521,2,0
2023-05-12 16:33:07,15521,15521,15521,2,0
2023-05-12 16:33:17,15522,15522,15522,4,4
2023-05-12 16:33:21,15521,15521,15521,2,-2
2023-05-12 16:33:46,15522,15522,15522,2,2
2023-05-12 16:33:56,15522,15522,15522,2,0
2023-05-12 16:33:58,15522,15522,15522,2,0
2023-05-12 16:34:01,15522,15522,15522,2,0
2023-05-12 16:34:15,15522,15522,15522,2,0
2023-05-12 16:34:20,15523,15523,15523,2,2
2023-05-12 16:34:20,15523,15523,15523,2,0
2023-05-12 16:34:45,15522,15522,15522,2,-2
2023-05-12 16:34:55,15522,15522,15522,2,0
2023-05-12 16:34:56,15523,15523,15523,2,2
2023-05-12 16:35:13,15523,15523,15523,2,0
2023-05-12 16:35:14,15523,15523,15523,2,0
2023-05-12 16:35:14,15523,15523,15523,2,0
2023-05-12 16:35:59,15521,15521,15521,2,-2
2023-05-12 16:35:59,15522,15522,15522,2,2
2023-05-12 16:36:10,15523,15523,15523,10,10
2023-05-12 16:36:23,15523,15523,15523,4,0
2023-05-12 16:36:28,15523,15523,15523,2,0
2023-05-12 16:36:32,15523,15523,15523,2,0
2023-05-12 16:36:39,15522,15522,15522,2,-2
2023-05-12 16:36:39,15522,15522,15522,2,0
2023-05-12 16:36:39,15521,15521,15521,4,-4
2023-05-12 16:36:39,15521,15521,15521,2,0
2023-05-12 16:36:39,15521,15521,15521,10,0
2023-05-12 16:36:39,15521,15521,15521,4,0
2023-05-12 16:36:39,15521,15521,15521,2,0
2023-05-12 16:36:39,15521,15521,15521,2,0
2023-05-12 16:36:39,15521,15521,15521,2,0
2023-05-12 16:36:39,15521,15521,15521,2,0
2023-05-12 16:36:39,15521,15521,15521,6,0
2023-05-12 16:36:39,15521,15521,15521,2,0
2023-05-12 16:36:39,15521,15521,15521,10,0
2023-05-12 16:36:39,15521,15521,15521,6,0
2023-05-12 16:36:39,15520,15520,15520,26,-26
2023-05-12 16:36:39,15520,15520,15520,4,0
2023-05-12 16:36:39,15520,15520,15520,2,0
2023-05-12 16:36:39,15520,15520,15520,2,0
2023-05-12 16:36:39,15520,15520,15520,2,0
2023-05-12 16:36:39,15520,15520,15520,8,0
2023-05-12 16:36:39,15520,15520,15520,2,0
2023-05-12 16:36:39,15520,15520,15520,2,0
2023-05-12 16:36:39,15520,15520,15520,2,0
2023-05-12 16:36:39,15520,15520,15520,2,0
2023-05-12 16:36:39,15520,15520,15520,2,0
2023-05-12 16:36:39,15520,15520,15520,2,0
2023-05-12 16:36:39,15520,15520,15520,2,0
2023-05-12 16:36:39,15520,15520,15520,2,0
2023-05-12 16:36:39,15520,15520,15520,2,0
2023-05-12 16:36:39,15520,15520,15520,2,0
2023-05-12 16:36:43,15522,15522,15522,6,6
2023-05-12 16:36:52,15520,15520,15520,2,-2
2023-05-12 16:36:57,15522,15522,15522,44,44
2023-05-12 16:37:03,15522,15522,15522,4,0
2023-05-12 16:37:05,15522,15522,15522,10,0
2023-05-12 16:37:13,15523,15523,15523,4,4
2023-05-12 16:37:19,15523,15523,15523,4,0
2023-05-12 16:37:25,15523,15523,15523,4,0
2023-05-12 16:37:45,15522,15522,15522,2,-2
2023-05-12 16:38:00,15522,15522,15522,2,0
2023-05-12 16:38:14,15523,15523,15523,2,2
2023-05-12 16:38:14,15523,15523,15523,4,0
2023-05-12 16:38:14,15523,15523,15523,38,0
2023-05-12 16:38:14,15523,15523,15523,2,0
2023-05-12 16:38:15,15524,15524,15524,4,4
2023-05-12 16:38:15,15524,15524,15524,4,0
2023-05-12 16:38:15,15524,15524,15524,10,0
2023-05-12 16:38:15,15524,15524,15524,18,0
2023-05-12 16:38:15,15524,15524,15524,6,0
2023-05-12 16:38:15,15524,15524,15524,2,0
2023-05-12 16:38:15,15524,15524,15524,6,0
2023-05-12 16:38:15,15524,15524,15524,2,0
2023-05-12 16:38:15,15524,15524,15524,2,0
2023-05-12 16:38:15,15524,15524,15524,2,0
2023-05-12 16:38:15,15525,15525,15525,2,2
2023-05-12 16:38:15,15525,15525,15525,2,0
2023-05-12 16:38:15,15525,15525,15525,2,0
2023-05-12 16:38:15,15525,15525,15525,4,0
2023-05-12 16:38:15,15525,15525,15525,2,0
2023-05-12 16:38:21,15525,15525,15525,2,0
2023-05-12 16:38:28,15525,15525,15525,6,0
2023-05-12 16:38:31,15524,15524,15524,4,-4
2023-05-12 16:38:37,15525,15525,15525,6,6
2023-05-12 16:38:39,15524,15524,15524,2,-2
2023-05-12 16:38:39,15524,15524,15524,2,0
2023-05-12 16:38:39,15524,15524,15524,2,0
2023-05-12 16:38:40,15524,15524,15524,2,0
2023-05-12 16:38:41,15524,15524,15524,2,0
2023-05-12 16:39:02,15525,15525,15525,22,22
2023-05-12 16:39:05,15526,15526,15526,2,2
2023-05-12 16:39:05,15526,15526,15526,2,0
2023-05-12 16:39:05,15526,15526,15526,2,0
2023-05-12 16:39:05,15526,15526,15526,2,0
2023-05-12 16:39:06,15526,15526,15526,2,0
2023-05-12 16:39:10,15526,15526,15526,2,0
2023-05-12 16:39:10,15526,15526,15526,16,0
2023-05-12 16:39:10,15527,15527,15527,2,2
2023-05-12 16:39:10,15527,15527,15527,2,0
2023-05-12 16:39:13,15527,15527,15527,2,0
2023-05-12 16:39:15,15526,15526,15526,2,-2
2023-05-12 16:39:22,15526,15526,15526,6,0
2023-05-12 16:39:22,15526,15526,15526,2,0
2023-05-12 16:39:31,15526,15526,15526,2,0
2023-05-12 16:39:34,15526,15526,15526,2,0
2023-05-12 16:39:39,15526,15526,15526,2,0
2023-05-12 16:39:40,15526,15526,15526,2,0
2023-05-12 16:39:42,15525,15525,15525,2,-2
2023-05-12 16:39:42,15525,15525,15525,2,0
2023-05-12 16:39:42,15525,15525,15525,2,0
2023-05-12 16:39:42,15525,15525,15525,2,0
2023-05-12 16:39:44,15525,15525,15525,2,0
2023-05-12 16:39:55,15525,15525,15525,2,0
2023-05-12 16:39:56,15525,15525,15525,2,0
2023-05-12 16:40:00,15525,15525,15525,20,0
2023-05-12 16:40:01,15526,15526,15526,2,2
2023-05-12 16:40:02,15526,15526,15526,2,0
2023-05-12 16:40:06,15526,15526,15526,2,0
2023-05-12 16:40:16,15527,15527,15527,8,8
2023-05-12 16:40:16,15527,15527,15527,2,0
2023-05-12 16:40:16,15527,15527,15527,2,0
2023-05-12 16:40:16,15527,15527,15527,20,0
2023-05-12 16:40:16,15527,15527,15527,2,0
2023-05-12 16:40:16,15527,15527,15527,2,0
2023-05-12 16:40:16,15528,15528,15528,14,14
2023-05-12 16:40:16,15527,15527,15527,2,-2
2023-05-12 16:40:16,15527,15527,15527,4,0
