2021-02-24 15:00:00.068,16150,16151,16150,148,-148
2021-02-24 15:00:00.072,16148,16150,16150,3,3
2021-02-24 15:00:00.073,16148,16150,16150,3,3
2021-02-24 15:00:00.073,16148,16150,16148,1,-1
2021-02-24 15:00:00.073,16148,16150,16150,1,1
2021-02-24 15:00:00.074,16148,16150,16150,8,8
2021-02-24 15:00:00.189,16150,16151,16151,1,1
2021-02-24 15:00:00.275,16150,16151,16150,4,-4
2021-02-24 15:00:00.288,16150,16151,16150,1,-1
2021-02-24 15:00:00.288,16150,16151,16148,3,-3
2021-02-24 15:00:00.288,16150,16151,16147,2,-2
2021-02-24 15:00:00.288,16150,16151,16147,8,-8
2021-02-24 15:00:00.390,16145,16147,16145,3,-3
2021-02-24 15:00:00.396,16145,16147,16145,2,-2
2021-02-24 15:00:00.406,16145,16147,16147,2,2
2021-02-24 15:00:00.443,16145,16147,16147,1,1
2021-02-24 15:00:00.443,16145,16147,16147,20,20
2021-02-24 15:00:00.465,16145,16147,16146,1,-1
2021-02-24 15:00:00.465,16145,16147,16145,5,-5
2021-02-24 15:00:00.484,16145,16147,16146,2,2
2021-02-24 15:00:00.484,16145,16147,16145,1,-1
2021-02-24 15:00:00.491,16145,16147,16147,1,1
2021-02-24 15:00:00.491,16145,16147,16147,1,1
2021-02-24 15:00:00.491,16145,16147,16147,1,1
2021-02-24 15:00:00.492,16145,16147,16147,1,1
2021-02-24 15:00:00.493,16145,16147,16147,4,4
2021-02-24 15:00:00.498,16145,16147,16147,2,2
2021-02-24 15:00:00.498,16145,16147,16147,1,1
2021-02-24 15:00:00.498,16145,16147,16147,2,2
2021-02-24 15:00:00.523,16145,16147,16148,1,1
2021-02-24 15:00:00.523,16145,16147,16149,1,1
2021-02-24 15:00:00.526,16145,16147,16146,1,-1
2021-02-24 15:00:00.532,16145,16147,16148,1,1
2021-02-24 15:00:00.532,16145,16147,16149,1,1
2021-02-24 15:00:00.639,16145,16148,16148,2,2
2021-02-24 15:00:00.639,16145,16148,16149,1,1
2021-02-24 15:00:00.639,16145,16148,16150,1,1
2021-02-24 15:00:00.639,16145,16148,16151,6,6
2021-02-24 15:00:00.639,16145,16148,16153,1,1
2021-02-24 15:00:00.660,16145,16148,16147,2,-2
2021-02-24 15:00:00.660,16145,16148,16147,1,-1
2021-02-24 15:00:00.669,16145,16148,16148,3,3
2021-02-24 15:00:00.669,16145,16148,16149,1,1
2021-02-24 15:00:00.669,16145,16148,16150,2,2
2021-02-24 15:00:00.669,16145,16148,16151,1,1
2021-02-24 15:00:00.669,16145,16148,16152,2,2
2021-02-24 15:00:00.669,16145,16148,16153,1,1
2021-02-24 15:00:00.669,16145,16148,16155,2,2
2021-02-24 15:00:00.702,16147,16152,16151,1,-1
2021-02-24 15:00:00.733,16147,16152,16150,1,-1
2021-02-24 15:00:00.772,16147,16152,16152,1,1
2021-02-24 15:00:00.772,16147,16152,16154,1,1
2021-02-24 15:00:00.786,16147,16152,16154,1,1
2021-02-24 15:00:00.806,16152,16155,16154,1,-1
2021-02-24 15:00:00.806,16152,16155,16155,1,1
2021-02-24 15:00:00.817,16152,16155,16156,1,1
2021-02-24 15:00:00.817,16152,16155,16157,1,1
2021-02-24 15:00:00.847,16152,16155,16155,1,1
2021-02-24 15:00:00.847,16152,16155,16157,1,1
2021-02-24 15:00:00.968,16155,16159,16159,2,2
2021-02-24 15:00:00.981,16155,16159,16159,1,1
2021-02-24 15:00:00.981,16155,16159,16160,2,2
2021-02-24 15:00:01.035,16155,16159,16158,2,-2
2021-02-24 15:00:01.051,16156,16158,16156,1,-1
2021-02-24 15:00:01.051,16156,16158,16155,1,-1
2021-02-24 15:00:01.051,16156,16158,16155,1,-1
2021-02-24 15:00:01.051,16156,16158,16154,1,-1
2021-02-24 15:00:01.052,16156,16158,16154,1,-1
2021-02-24 15:00:01.052,16156,16158,16154,1,-1
2021-02-24 15:00:01.052,16156,16158,16155,1,1
2021-02-24 15:00:01.053,16156,16158,16155,1,-1
2021-02-24 15:00:01.054,16156,16158,16154,1,-1
2021-02-24 15:00:01.054,16156,16158,16153,1,-1
2021-02-24 15:00:01.054,16156,16158,16153,1,-1
2021-02-24 15:00:01.062,16156,16158,16151,1,-1
2021-02-24 15:00:01.094,16156,16158,16151,1,-1
2021-02-24 15:00:01.094,16156,16158,16148,2,-2
2021-02-24 15:00:01.107,16156,16158,16156,1,1
2021-02-24 15:00:01.107,16156,16158,16157,1,1
2021-02-24 15:00:01.211,16147,16152,16152,1,1
2021-02-24 15:00:01.215,16147,16152,16147,2,-2
2021-02-24 15:00:01.325,16147,16153,16147,1,-1
2021-02-24 15:00:01.356,16147,16153,16148,1,1
2021-02-24 15:00:01.412,16147,16153,16152,2,2
2021-02-24 15:00:01.439,16152,16154,16155,1,1
2021-02-24 15:00:01.443,16152,16154,16154,1,1
2021-02-24 15:00:01.446,16152,16154,16154,1,1
2021-02-24 15:00:01.513,16152,16154,16153,1,-1
2021-02-24 15:00:01.513,16152,16154,16152,2,-2
2021-02-24 15:00:01.513,16152,16154,16151,2,-2
2021-02-24 15:00:01.513,16152,16154,16150,1,-1
2021-02-24 15:00:01.513,16152,16154,16149,1,-1
2021-02-24 15:00:01.513,16152,16154,16148,1,-1
2021-02-24 15:00:01.514,16152,16154,16152,1,1
2021-02-24 15:00:01.700,16153,16154,16153,1,1
2021-02-24 15:00:01.700,16153,16154,16152,1,-1
2021-02-24 15:00:01.733,16153,16154,16152,1,-1
2021-02-24 15:00:01.745,16153,16154,16153,1,1
2021-02-24 15:00:01.745,16153,16154,16153,1,-1
2021-02-24 15:00:01.778,16153,16154,16153,2,-2
2021-02-24 15:00:01.788,16153,16154,16152,1,-1
2021-02-24 15:00:01.797,16153,16154,16153,1,1
2021-02-24 15:00:01.804,16150,16154,16152,1,-1
2021-02-24 15:00:02.048,16150,16153,16153,3,3
2021-02-24 15:00:02.120,16150,16153,16152,1,-1
2021-02-24 15:00:02.125,16150,16153,16150,2,-2
2021-02-24 15:00:02.173,16150,16152,16152,1,1
2021-02-24 15:00:02.180,16150,16152,16150,1,-1
2021-02-24 15:00:02.203,16150,16152,16150,1,-1
2021-02-24 15:00:02.203,16150,16152,16149,2,-2
2021-02-24 15:00:02.203,16150,16152,16149,1,-1
2021-02-24 15:00:02.209,16150,16152,16152,3,3
2021-02-24 15:00:02.276,16150,16152,16153,1,1
2021-02-24 15:00:02.296,16150,16152,16154,1,1
2021-02-24 15:00:02.327,16153,16155,16154,1,-1
2021-02-24 15:00:02.473,16153,16156,16154,1,-1
2021-02-24 15:00:02.473,16153,16156,16153,3,-3
2021-02-24 15:00:02.483,16153,16156,16153,1,-1
2021-02-24 15:00:02.483,16153,16156,16152,3,-3
2021-02-24 15:00:02.935,16152,16155,16155,1,1
2021-02-24 15:00:03.163,16152,16155,16153,1,-1
2021-02-24 15:00:03.163,16152,16155,16152,3,-3
2021-02-24 15:00:03.312,16152,16155,16152,4,-4
2021-02-24 15:00:03.480,16152,16154,16152,2,-2
2021-02-24 15:00:03.480,16152,16154,16151,2,-2
2021-02-24 15:00:04.061,16151,16154,16151,1,-1
2021-02-24 15:00:04.116,16151,16154,16153,1,1
2021-02-24 15:00:04.211,16151,16153,16151,1,-1
2021-02-24 15:00:04.211,16151,16153,16150,4,-4
2021-02-24 15:00:04.572,16149,16152,16152,1,1
2021-02-24 15:00:04.994,16149,16152,16152,1,1
2021-02-24 15:00:05.097,16150,16153,16150,4,-4
2021-02-24 15:00:05.097,16150,16153,16149,1,-1
2021-02-24 15:00:05.255,16149,16152,16149,5,-5
2021-02-24 15:00:05.298,16149,16151,16151,1,1
2021-02-24 15:00:05.324,16149,16151,16151,1,1
2021-02-24 15:00:05.420,16149,16151,16150,1,-1
2021-02-24 15:00:05.476,16149,16152,16152,1,1
2021-02-24 15:00:05.535,16149,16152,16153,2,2
2021-02-24 15:00:05.535,16149,16152,16154,1,1
2021-02-24 15:00:05.913,16151,16154,16152,1,-1
2021-02-24 15:00:06.094,16151,16153,16153,1,1
2021-02-24 15:00:06.094,16151,16153,16154,2,2
2021-02-24 15:00:06.094,16151,16153,16155,1,1
2021-02-24 15:00:06.292,16151,16154,16154,2,2
2021-02-24 15:00:06.292,16151,16154,16155,2,2
2021-02-24 15:00:06.294,16151,16154,16154,1,1
2021-02-24 15:00:06.554,16152,16154,16152,1,-1
2021-02-24 15:00:06.666,16152,16154,16154,1,1
2021-02-24 15:00:06.690,16153,16155,16155,1,1
2021-02-24 15:00:07.012,16152,16154,16152,1,-1
2021-02-24 15:00:07.050,16152,16154,16152,1,-1
2021-02-24 15:00:07.307,16152,16154,16154,1,1
2021-02-24 15:00:07.423,16153,16154,16154,1,1
2021-02-24 15:00:07.867,16153,16155,16155,1,1
2021-02-24 15:00:08.039,16154,16157,16154,1,-1
2021-02-24 15:00:08.173,16154,16156,16156,1,1
2021-02-24 15:00:08.196,16154,16156,16156,1,1
2021-02-24 15:00:09.393,16155,16156,16155,1,-1
2021-02-24 15:00:09.449,16154,16156,16156,1,1
2021-02-24 15:00:09.547,16154,16156,16156,7,7
2021-02-24 15:00:09.681,16154,16156,16156,1,1
2021-02-24 15:00:09.952,16154,16156,16155,1,-1
2021-02-24 15:00:10.360,16154,16156,16154,1,-1
2021-02-24 15:00:10.369,16154,16156,16156,1,1
2021-02-24 15:00:10.424,16154,16156,16156,1,1
2021-02-24 15:00:10.455,16154,16156,16157,1,1
2021-02-24 15:00:10.544,16154,16156,16155,1,-1
2021-02-24 15:00:10.674,16154,16156,16156,1,1
2021-02-24 15:00:10.683,16154,16156,16156,1,1
2021-02-24 15:00:10.686,16154,16156,16156,1,1
2021-02-24 15:00:10.726,16154,16156,16156,1,1
2021-02-24 15:00:10.726,16154,16156,16157,3,3
2021-02-24 15:00:11.018,16155,16157,16157,1,1
2021-02-24 15:00:12.025,16156,16157,16156,5,-5
2021-02-24 15:00:12.025,16156,16157,16155,2,-2
2021-02-24 15:00:12.026,16156,16157,16155,3,-3
2021-02-24 15:00:12.055,16155,16157,16155,1,-1
2021-02-24 15:00:12.473,16155,16157,16155,1,-1
2021-02-24 15:00:12.606,16154,16156,16156,1,1
2021-02-24 15:00:12.642,16154,16156,16156,2,2
2021-02-24 15:00:12.642,16154,16156,16156,1,1
2021-02-24 15:00:13.134,16154,16156,16156,1,1
2021-02-24 15:00:13.134,16154,16156,16157,1,1
2021-02-24 15:00:13.150,16154,16156,16156,2,2
2021-02-24 15:00:13.150,16154,16156,16157,1,1
2021-02-24 15:00:13.150,16154,16156,16158,2,2
2021-02-24 15:00:13.150,16154,16156,16159,1,1
2021-02-24 15:00:13.155,16154,16156,16158,2,2
2021-02-24 15:00:13.155,16154,16156,16159,2,2
2021-02-24 15:00:13.184,16156,16159,16157,1,-1
2021-02-24 15:00:13.207,16156,16159,16159,1,1
2021-02-24 15:00:13.207,16156,16159,16160,1,1
2021-02-24 15:00:13.298,16155,16157,16157,1,1
2021-02-24 15:00:13.338,16155,16157,16156,1,-1
2021-02-24 15:00:13.610,16156,16158,16156,1,-1
2021-02-24 15:00:14.334,16157,16158,16158,1,1
2021-02-24 15:00:14.367,16157,16158,16158,1,1
2021-02-24 15:00:14.575,16157,16159,16157,1,-1
2021-02-24 15:00:14.605,16157,16159,16157,1,-1
2021-02-24 15:00:14.850,16157,16159,16157,1,-1
2021-02-24 15:00:14.852,16157,16159,16159,2,2
2021-02-24 15:00:15.408,16158,16160,16158,1,-1
2021-02-24 15:00:15.441,16158,16160,16158,1,-1
2021-02-24 15:00:15.651,16158,16160,16158,2,-2
2021-02-24 15:00:15.754,16157,16159,16159,1,1
2021-02-24 15:00:15.831,16157,16159,16157,2,-2
2021-02-24 15:00:15.831,16157,16159,16156,2,-2
2021-02-24 15:00:16.252,16157,16159,16159,1,1
2021-02-24 15:00:16.491,16157,16159,16159,1,1
2021-02-24 15:00:16.520,16157,16159,16159,1,1
2021-02-24 15:00:17.938,16158,16160,16160,1,1
2021-02-24 15:00:18.050,16159,16160,16159,1,-1
2021-02-24 15:00:18.050,16159,16160,16159,1,-1
2021-02-24 15:00:18.050,16159,16160,16158,1,-1
2021-02-24 15:00:18.050,16159,16160,16158,1,-1
2021-02-24 15:00:18.141,16159,16160,16159,1,1
2021-02-24 15:00:18.247,16158,16160,16158,1,-1
2021-02-24 15:00:19.612,16158,16160,16160,1,1
2021-02-24 15:00:19.851,16158,16160,16160,1,1
2021-02-24 15:00:20.473,16158,16160,16160,1,1
2021-02-24 15:00:20.574,16158,16160,16158,2,-2
2021-02-24 15:00:20.879,16158,16160,16160,1,1
2021-02-24 15:00:21.173,16158,16159,16159,1,1
2021-02-24 15:00:21.298,16158,16160,16160,1,1
2021-02-24 15:00:21.707,16158,16159,16159,1,1
2021-02-24 15:00:21.839,16158,16159,16159,1,1
2021-02-24 15:00:22.063,16158,16160,16160,1,1
2021-02-24 15:00:22.071,16158,16160,16159,1,-1
2021-02-24 15:00:22.470,16158,16159,16158,1,-1
2021-02-24 15:00:22.816,16158,16159,16159,1,1
2021-02-24 15:00:22.831,16158,16159,16159,1,1
2021-02-24 15:00:22.863,16158,16159,16158,1,-1
2021-02-24 15:00:23.551,16159,16160,16159,1,1
2021-02-24 15:00:23.597,16159,16160,16159,1,-1
2021-02-24 15:00:23.598,16159,16160,16159,1,-1
2021-02-24 15:00:23.673,16159,16160,16159,1,-1
2021-02-24 15:00:23.827,16158,16160,16158,2,-2
2021-02-24 15:00:24.028,16158,16159,16159,1,1
2021-02-24 15:00:24.337,16159,16160,16160,1,1
2021-02-24 15:00:24.775,16159,16160,16159,1,-1
2021-02-24 15:00:24.810,16159,16160,16159,1,-1
2021-02-24 15:00:24.810,16159,16160,16158,1,-1
2021-02-24 15:00:25.673,16158,16159,16158,7,-7
2021-02-24 15:00:25.674,16158,16159,16158,1,-1
2021-02-24 15:00:26.780,16158,16159,16159,1,1
2021-02-24 15:00:26.780,16158,16159,16158,1,-1
2021-02-24 15:00:26.991,16157,16158,16158,1,1
2021-02-24 15:00:27.027,16157,16158,16158,1,1
2021-02-24 15:00:27.306,16157,16159,16157,3,-3
2021-02-24 15:00:27.878,16156,16158,16157,1,-1
2021-02-24 15:00:28.167,16156,16157,16157,1,1
2021-02-24 15:00:28.200,16156,16157,16157,1,1
2021-02-24 15:00:28.243,16156,16157,16156,2,-2
2021-02-24 15:00:29.582,16156,16158,16158,1,1
2021-02-24 15:00:30.486,16156,16158,16158,1,1
2021-02-24 15:00:31.901,16157,16159,16157,1,-1
2021-02-24 15:00:31.901,16157,16159,16159,1,1
2021-02-24 15:00:32.548,16157,16159,16159,1,1
2021-02-24 15:00:32.617,16157,16159,16158,1,-1
2021-02-24 15:00:32.740,16157,16159,16159,2,2
2021-02-24 15:00:32.802,16158,16159,16159,2,2
2021-02-24 15:00:32.802,16158,16159,16160,2,2
2021-02-24 15:00:32.828,16158,16159,16160,2,2
2021-02-24 15:00:32.829,16158,16159,16160,9,9
2021-02-24 15:00:32.836,16158,16159,16160,1,1
2021-02-24 15:00:32.923,16159,16160,16160,1,1
2021-02-24 15:00:33.048,16159,16161,16161,1,1
2021-02-24 15:00:33.497,16159,16161,16159,2,-2
2021-02-24 15:00:33.616,16158,16160,16160,2,2
2021-02-24 15:00:33.618,16158,16160,16161,3,3
2021-02-24 15:00:33.673,16160,16161,16161,1,1
2021-02-24 15:00:35.055,16161,16162,16161,1,-1
2021-02-24 15:00:35.101,16161,16162,16162,1,1
2021-02-24 15:00:35.196,16161,16162,16162,1,1
2021-02-24 15:00:35.483,16160,16162,16162,1,1
2021-02-24 15:00:35.706,16161,16162,16162,1,1
2021-02-24 15:00:36.173,16162,16163,16162,1,-1
2021-02-24 15:00:36.423,16161,16163,16161,1,-1
2021-02-24 15:00:36.432,16161,16163,16160,1,-1
2021-02-24 15:00:36.559,16160,16162,16160,1,-1
2021-02-24 15:00:36.561,16160,16162,16162,1,1
2021-02-24 15:00:36.727,16160,16162,16162,1,1
2021-02-24 15:00:37.418,16160,16163,16162,1,-1
2021-02-24 15:00:37.425,16160,16163,16160,1,-1
2021-02-24 15:00:37.617,16160,16163,16162,1,1
2021-02-24 15:00:37.617,16160,16163,16163,1,1
2021-02-24 15:00:37.618,16160,16163,16163,3,3
2021-02-24 15:00:38.803,16162,16164,16162,1,-1
2021-02-24 15:00:38.813,16162,16164,16164,1,1
2021-02-24 15:00:39.075,16162,16164,16162,1,-1
2021-02-24 15:00:39.075,16162,16164,16161,1,-1
2021-02-24 15:00:39.502,16161,16163,16163,1,1
2021-02-24 15:00:39.502,16161,16163,16164,1,1
2021-02-24 15:00:39.502,16161,16163,16165,2,2
2021-02-24 15:00:39.502,16161,16163,16166,1,1
2021-02-24 15:00:39.502,16161,16163,16167,2,2
2021-02-24 15:00:39.502,16161,16163,16168,1,1
2021-02-24 15:00:39.531,16161,16163,16165,1,1
2021-02-24 15:00:39.531,16161,16163,16166,1,1
2021-02-24 15:00:39.531,16161,16163,16167,1,1
2021-02-24 15:00:39.544,16161,16163,16164,1,1
2021-02-24 15:00:39.575,16163,16168,16164,1,-1
2021-02-24 15:00:39.668,16163,16168,16168,1,1
2021-02-24 15:00:39.668,16163,16168,16169,2,2
2021-02-24 15:00:39.668,16163,16168,16170,3,3
2021-02-24 15:00:39.668,16163,16168,16172,3,3
2021-02-24 15:00:39.668,16163,16168,16173,2,2
2021-02-24 15:00:39.672,16163,16168,16173,1,1
2021-02-24 15:00:39.906,16165,16173,16173,1,1
2021-02-24 15:00:39.908,16165,16173,16173,1,1
2021-02-24 15:00:39.912,16165,16173,16173,1,1
2021-02-24 15:00:40.030,16165,16173,16165,1,-1
2021-02-24 15:00:40.030,16165,16173,16164,1,-1
2021-02-24 15:00:40.199,16167,16169,16169,1,1
2021-02-24 15:00:40.267,16167,16169,16169,1,1
2021-02-24 15:00:40.558,16169,16171,16169,1,-1
2021-02-24 15:00:40.593,16169,16171,16168,1,-1
2021-02-24 15:00:41.580,16168,16171,16168,1,-1
2021-02-24 15:00:42.836,16168,16171,16168,1,-1
2021-02-24 15:00:42.941,16168,16171,16169,1,1
2021-02-24 15:00:43.076,16168,16171,16168,1,-1
2021-02-24 15:00:43.668,16168,16171,16168,5,-5
2021-02-24 15:00:43.843,16167,16169,16167,2,-2
2021-02-24 15:00:44.225,16166,16168,16166,1,-1
2021-02-24 15:00:44.346,16165,16168,16165,1,-1
2021-02-24 15:00:44.364,16165,16168,16165,1,-1
2021-02-24 15:00:45.015,16164,16167,16165,1,-1
2021-02-24 15:00:45.441,16166,16167,16167,1,1
2021-02-24 15:00:45.644,16166,16168,16166,5,-5
2021-02-24 15:00:46.041,16165,16166,16166,1,1
2021-02-24 15:00:46.041,16165,16166,16167,1,1
2021-02-24 15:00:46.041,16165,16166,16167,1,1
2021-02-24 15:00:46.041,16165,16166,16168,3,3
2021-02-24 15:00:46.046,16165,16166,16168,2,2
2021-02-24 15:00:46.064,16166,16168,16168,4,4
2021-02-24 15:00:46.161,16166,16168,16169,2,2
2021-02-24 15:00:47.583,16168,16169,16168,1,-1
2021-02-24 15:00:47.815,16167,16168,16167,1,-1
2021-02-24 15:00:47.827,16167,16168,16166,1,-1
2021-02-24 15:00:47.845,16167,16168,16167,1,1
2021-02-24 15:00:47.845,16167,16168,16168,1,1
2021-02-24 15:00:48.978,16166,16168,16168,1,1
2021-02-24 15:00:49.263,16166,16169,16169,6,6
2021-02-24 15:00:51.845,16168,16169,16168,1,-1
2021-02-24 15:00:51.846,16168,16169,16168,1,-1
2021-02-24 15:00:51.846,16168,16169,16168,1,-1
2021-02-24 15:00:51.846,16168,16169,16168,1,-1
2021-02-24 15:00:51.966,16168,16169,16168,2,-2
2021-02-24 15:00:52.178,16167,16169,16169,2,2
2021-02-24 15:00:52.594,16167,16170,16170,2,2
2021-02-24 15:00:54.714,16169,16171,16169,1,-1
2021-02-24 15:00:54.715,16169,16171,16169,4,-4
2021-02-24 15:00:54.808,16168,16170,16170,1,1
2021-02-24 15:00:54.810,16168,16170,16170,1,1
2021-02-24 15:00:54.854,16168,16170,16169,1,-1
2021-02-24 15:00:55.057,16168,16171,16171,4,4
2021-02-24 15:00:55.059,16168,16171,16171,1,1
2021-02-24 15:00:55.060,16168,16171,16171,1,1
2021-02-24 15:00:55.199,16170,16172,16172,1,1
2021-02-24 15:00:55.199,16170,16172,16173,3,3
2021-02-24 15:00:55.199,16170,16172,16174,2,2
2021-02-24 15:00:55.508,16171,16174,16174,1,1
2021-02-24 15:00:55.784,16171,16174,16171,1,-1
2021-02-24 15:00:56.062,16170,16174,16170,1,-1
2021-02-24 15:00:56.238,16171,16173,16171,1,1
2021-02-24 15:00:56.457,16170,16173,16170,1,-1
2021-02-24 15:00:57.111,16170,16172,16170,1,-1
2021-02-24 15:00:57.499,16170,16172,16172,1,1
2021-02-24 15:00:58.236,16170,16172,16170,1,-1
2021-02-24 15:00:58.676,16169,16171,16170,1,-1
2021-02-24 15:00:59.695,16168,16170,16170,1,1
2021-02-24 15:00:59.809,16168,16170,16168,1,-1
2021-02-24 15:00:59.825,16168,16170,16168,1,-1
2021-02-24 15:01:00.083,16168,16170,16168,9,-9
2021-02-24 15:01:00.105,16168,16170,16168,1,-1
2021-02-24 15:01:00.126,16168,16170,16169,1,1
2021-02-24 15:01:00.202,16167,16168,16168,1,1
2021-02-24 15:01:00.294,16167,16168,16169,1,1
2021-02-24 15:01:00.322,16167,16170,16170,1,1
2021-02-24 15:01:01.000,16167,16169,16169,1,1
2021-02-24 15:01:01.010,16167,16169,16170,1,1
2021-02-24 15:01:01.637,16167,16169,16167,2,-2
2021-02-24 15:01:01.673,16167,16168,16167,1,-1
2021-02-24 15:01:01.998,16167,16168,16166,3,-3
2021-02-24 15:01:02.670,16167,16169,16169,2,2
2021-02-24 15:01:03.163,16168,16169,16168,1,-1
2021-02-24 15:01:03.343,16167,16169,16167,1,-1
2021-02-24 15:01:03.343,16167,16169,16167,1,-1
2021-02-24 15:01:04.308,16167,16168,16168,1,1
2021-02-24 15:01:04.394,16167,16168,16169,2,2
2021-02-24 15:01:04.673,16169,16170,16169,1,-1
2021-02-24 15:01:04.987,16168,16170,16168,1,-1
2021-02-24 15:01:04.987,16168,16170,16167,1,-1
2021-02-24 15:01:05.906,16169,16170,16169,1,1
2021-02-24 15:01:06.034,16167,16169,16169,1,1
2021-02-24 15:01:07.016,16169,16170,16170,1,1
2021-02-24 15:01:07.049,16169,16170,16170,1,1
2021-02-24 15:01:07.052,16169,16170,16170,1,1
2021-02-24 15:01:07.052,16169,16170,16170,1,1
2021-02-24 15:01:07.052,16169,16170,16170,1,1
2021-02-24 15:01:07.181,16169,16170,16169,1,-1
2021-02-24 15:01:07.298,16169,16170,16169,1,-1
2021-02-24 15:01:08.424,16169,16170,16170,1,1
2021-02-24 15:01:08.424,16169,16170,16170,1,1
2021-02-24 15:01:08.424,16169,16170,16170,1,1
2021-02-24 15:01:08.424,16169,16170,16170,1,1
2021-02-24 15:01:08.549,16170,16171,16170,2,-2
2021-02-24 15:01:08.703,16169,16171,16169,1,-1
2021-02-24 15:01:09.420,16169,16170,16169,2,-2
2021-02-24 15:01:09.423,16168,16170,16168,1,-1
2021-02-24 15:01:09.757,16169,16170,16169,1,1
2021-02-24 15:01:11.530,16167,16169,16167,5,-5
2021-02-24 15:01:11.581,16166,16168,16168,4,4
2021-02-24 15:01:11.581,16166,16168,16169,6,6
2021-02-24 15:01:11.991,16166,16168,16168,1,1
2021-02-24 15:01:12.144,16166,16168,16168,1,1
2021-02-24 15:01:12.423,16167,16169,16167,1,-1
2021-02-24 15:01:13.060,16167,16169,16169,1,1
2021-02-24 15:01:14.799,16168,16170,16168,1,-1
2021-02-24 15:01:15.506,16167,16169,16167,1,-1
2021-02-24 15:01:15.793,16167,16169,16167,6,-6
2021-02-24 15:01:15.798,16166,16168,16166,1,-1
2021-02-24 15:01:16.235,16166,16168,16168,1,1
2021-02-24 15:01:19.378,16167,16168,16167,1,-1
2021-02-24 15:01:20.121,16166,16167,16167,1,1
2021-02-24 15:01:21.227,16166,16168,16166,1,-1
2021-02-24 15:01:21.479,16166,16168,16168,5,5
2021-02-24 15:01:22.548,16166,16168,16166,1,-1
2021-02-24 15:01:22.618,16166,16168,16166,1,-1
2021-02-24 15:01:22.982,16165,16167,16167,1,1
2021-02-24 15:01:24.151,16167,16168,16167,9,-9
2021-02-24 15:01:25.298,16166,16167,16166,1,-1
2021-02-24 15:01:25.798,16165,16167,16165,3,-3
2021-02-24 15:01:28.743,16165,16166,16165,1,-1
2021-02-24 15:01:28.863,16164,16165,16164,1,-1
2021-02-24 15:01:28.863,16164,16165,16164,1,-1
2021-02-24 15:01:28.863,16164,16165,16164,1,-1
2021-02-24 15:01:29.083,16163,16164,16163,1,-1
2021-02-24 15:01:29.329,16162,16164,16164,1,1
2021-02-24 15:01:32.240,16162,16164,16164,1,1
2021-02-24 15:01:33.912,16162,16164,16162,6,-6
2021-02-24 15:01:33.912,16162,16164,16162,1,-1
2021-02-24 15:01:33.948,16161,16163,16161,1,-1
2021-02-24 15:01:34.069,16160,16162,16160,1,-1
2021-02-24 15:01:34.937,16161,16163,16163,1,1
2021-02-24 15:01:35.087,16161,16163,16161,3,-3
2021-02-24 15:01:36.386,16160,16162,16162,2,2
2021-02-24 15:01:37.423,16161,16162,16161,1,-1
2021-02-24 15:01:37.832,16160,16162,16162,1,1
2021-02-24 15:01:37.832,16160,16162,16163,1,1
2021-02-24 15:01:37.873,16160,16162,16163,2,2
2021-02-24 15:01:38.124,16161,16164,16161,2,-2
2021-02-24 15:01:38.309,16161,16164,16164,2,2
2021-02-24 15:01:38.385,16161,16164,16162,1,-1
2021-02-24 15:01:38.553,16161,16162,16161,2,-2
2021-02-24 15:01:38.554,16161,16162,16161,1,-1
2021-02-24 15:01:38.555,16161,16162,16161,17,-17
2021-02-24 15:01:39.298,16161,16162,16161,1,-1
2021-02-24 15:01:39.315,16161,16162,16160,1,-1
2021-02-24 15:01:40.364,16160,16162,16160,1,-1
2021-02-24 15:01:40.398,16160,16162,16161,1,1
2021-02-24 15:01:40.434,16160,16162,16160,9,-9
2021-02-24 15:01:40.522,16160,16162,16160,1,-1
2021-02-24 15:01:40.664,16160,16161,16160,1,-1
2021-02-24 15:01:40.665,16160,16161,16160,1,-1
2021-02-24 15:01:40.665,16160,16161,16160,2,-2
2021-02-24 15:01:40.665,16160,16161,16160,1,-1
2021-02-24 15:01:41.599,16159,16161,16159,1,-1
2021-02-24 15:01:41.821,16159,16161,16159,1,-1
2021-02-24 15:01:42.543,16159,16161,16161,1,1
2021-02-24 15:01:42.665,16159,16161,16161,2,2
2021-02-24 15:01:42.666,16159,16161,16161,6,6
2021-02-24 15:01:42.666,16159,16161,16161,1,1
2021-02-24 15:01:42.666,16159,16161,16161,1,1
2021-02-24 15:01:43.382,16158,16160,16158,1,-1
2021-02-24 15:01:43.714,16158,16159,16158,1,-1
2021-02-24 15:01:44.354,16158,16159,16159,1,1
2021-02-24 15:01:45.919,16158,16159,16158,4,-4
2021-02-24 15:01:47.352,16157,16159,16159,1,1
2021-02-24 15:01:48.901,16158,16159,16159,2,2
2021-02-24 15:01:49.269,16159,16160,16160,25,25
2021-02-24 15:01:49.270,16159,16160,16160,1,1
2021-02-24 15:01:49.270,16159,16160,16160,1,1
2021-02-24 15:01:49.270,16159,16160,16160,2,2
2021-02-24 15:01:50.114,16161,16162,16162,5,5
2021-02-24 15:01:50.490,16161,16163,16161,1,-1
2021-02-24 15:01:52.387,16162,16163,16163,1,1
2021-02-24 15:01:52.520,16163,16164,16163,1,-1
2021-02-24 15:01:52.520,16163,16164,16162,4,-4
2021-02-24 15:01:52.520,16163,16164,16162,1,-1
2021-02-24 15:01:52.520,16163,16164,16162,3,-3
2021-02-24 15:01:52.520,16163,16164,16162,1,-1
2021-02-24 15:01:52.520,16163,16164,16162,10,-10
2021-02-24 15:01:53.390,16163,16164,16164,1,1
2021-02-24 15:01:53.390,16163,16164,16164,1,1
2021-02-24 15:01:53.631,16164,16165,16164,1,-1
2021-02-24 15:01:53.979,16163,16165,16165,1,1
2021-02-24 15:01:55.171,16164,16165,16165,1,1
2021-02-24 15:01:55.173,16164,16165,16165,5,5
2021-02-24 15:01:55.298,16165,16166,16166,1,1
2021-02-24 15:01:55.301,16165,16166,16167,2,2
2021-02-24 15:01:55.769,16165,16167,16167,1,1
2021-02-24 15:01:56.004,16166,16168,16166,1,-1
2021-02-24 15:01:56.641,16165,16167,16165,1,-1
2021-02-24 15:01:57.460,16165,16167,16167,1,1
2021-02-24 15:01:57.504,16165,16167,16165,1,-1
2021-02-24 15:01:57.504,16165,16167,16165,2,-2
2021-02-24 15:01:58.042,16164,16165,16165,1,1
2021-02-24 15:01:58.441,16164,16166,16164,1,-1
2021-02-24 15:01:58.976,16163,16165,16163,1,-1
2021-02-24 15:01:59.790,16163,16164,16164,1,1
2021-02-24 15:01:59.912,16163,16164,16164,2,2
2021-02-24 15:02:00.258,16163,16164,16163,1,-1
2021-02-24 15:02:00.259,16163,16164,16163,1,-1
2021-02-24 15:02:02.064,16162,16163,16162,1,-1
2021-02-24 15:02:02.658,16162,16163,16163,2,2
2021-02-24 15:02:03.203,16163,16164,16163,1,-1
2021-02-24 15:02:03.382,16163,16164,16163,1,-1
2021-02-24 15:02:04.491,16163,16164,16163,1,-1
2021-02-24 15:02:09.356,16163,16164,16163,6,-6
2021-02-24 15:02:10.037,16163,16164,16163,6,-6
2021-02-24 15:02:12.093,16163,16164,16164,2,2
2021-02-24 15:02:12.093,16163,16164,16165,3,3
2021-02-24 15:02:12.489,16163,16165,16163,3,-3
2021-02-24 15:02:12.635,16163,16165,16163,1,-1
2021-02-24 15:02:15.429,16162,16163,16162,2,-2
2021-02-24 15:02:20.298,16161,16162,16161,4,-4
2021-02-24 15:02:23.602,16161,16162,16161,1,-1
2021-02-24 15:02:23.658,16161,16162,16161,1,-1
2021-02-24 15:02:23.673,16161,16162,16161,1,-1
2021-02-24 15:02:25.812,16160,16161,16160,1,-1
2021-02-24 15:02:28.368,16160,16161,16160,1,-1
2021-02-24 15:02:28.368,16160,16161,16160,1,-1
2021-02-24 15:02:28.423,16160,16161,16160,1,-1
2021-02-24 15:02:29.566,16159,16160,16159,3,-3
2021-02-24 15:02:31.812,16158,16160,16158,1,-1
2021-02-24 15:02:32.183,16158,16159,16158,6,-6
2021-02-24 15:02:32.183,16158,16159,16158,1,-1
2021-02-24 15:02:32.183,16158,16159,16158,1,-1
2021-02-24 15:02:32.183,16158,16159,16158,1,-1
2021-02-24 15:02:33.191,16158,16159,16159,2,2
2021-02-24 15:02:33.268,16158,16159,16159,1,1
2021-02-24 15:02:35.850,16158,16160,16158,1,-1
2021-02-24 15:02:38.073,16158,16160,16160,1,1
2021-02-24 15:02:40.042,16159,16160,16159,1,-1
2021-02-24 15:02:40.463,16158,16160,16158,1,-1
2021-02-24 15:02:41.692,16159,16160,16159,1,1
2021-02-24 15:02:42.846,16158,16160,16159,1,-1
2021-02-24 15:02:43.192,16158,16160,16159,1,-1
2021-02-24 15:02:43.795,16158,16159,16159,1,1
2021-02-24 15:02:45.343,16158,16159,16159,1,1
2021-02-24 15:02:45.762,16158,16159,16159,1,1
2021-02-24 15:02:46.703,16158,16159,16158,2,-2
2021-02-24 15:02:47.540,16158,16159,16158,1,-1
2021-02-24 15:02:47.541,16158,16159,16159,3,3
2021-02-24 15:02:47.940,16158,16159,16159,1,1
2021-02-24 15:02:47.942,16158,16159,16159,4,4
2021-02-24 15:02:48.149,16158,16160,16159,1,-1
2021-02-24 15:02:51.263,16158,16159,16158,1,-1
2021-02-24 15:02:52.162,16158,16159,16158,1,-1
2021-02-24 15:02:53.282,16157,16159,16159,2,2
2021-02-24 15:02:54.582,16158,16160,16158,1,-1
2021-02-24 15:03:00.035,16157,16159,16159,3,3
2021-02-24 15:03:00.042,16157,16159,16157,1,-1
2021-02-24 15:03:00.087,16157,16159,16157,1,-1
2021-02-24 15:03:01.385,16157,16159,16159,1,1
2021-02-24 15:03:01.388,16157,16159,16158,1,-1
2021-02-24 15:03:02.866,16158,16159,16158,1,-1
2021-02-24 15:03:06.521,16157,16158,16158,2,2
2021-02-24 15:03:08.647,16158,16159,16159,3,3
2021-02-24 15:03:08.648,16158,16159,16159,1,1
2021-02-24 15:03:09.621,16158,16159,16158,1,-1
2021-02-24 15:03:09.811,16158,16159,16158,3,-3
2021-02-24 15:03:11.584,16157,16158,16158,2,2
2021-02-24 15:03:16.951,16158,16159,16159,1,1
2021-02-24 15:03:16.951,16158,16159,16160,2,2
2021-02-24 15:03:17.705,16158,16160,16158,1,-1
2021-02-24 15:03:20.887,16158,16160,16158,1,-1
2021-02-24 15:03:22.694,16158,16160,16158,1,-1
2021-02-24 15:03:23.431,16158,16160,16160,14,14
2021-02-24 15:03:23.517,16158,16160,16160,1,1
2021-02-24 15:03:24.041,16159,16161,16161,1,1
2021-02-24 15:03:24.235,16159,16161,16161,2,2
2021-02-24 15:03:28.365,16160,16162,16162,1,1
2021-02-24 15:03:31.229,16160,16162,16162,1,1
2021-02-24 15:03:31.655,16160,16162,16161,2,-2
2021-02-24 15:03:33.655,16160,16162,16162,3,3
2021-02-24 15:03:35.440,16160,16161,16161,1,1
2021-02-24 15:03:37.015,16161,16162,16161,3,-3
2021-02-24 15:03:37.572,16160,16162,16161,1,-1
2021-02-24 15:03:38.148,16160,16161,16160,1,-1
2021-02-24 15:03:38.390,16160,16161,16160,1,-1
2021-02-24 15:03:38.955,16158,16161,16158,1,-1
2021-02-24 15:03:39.595,16159,16161,16161,1,1
2021-02-24 15:03:45.198,16159,16160,16160,2,2
2021-02-24 15:03:45.204,16159,16160,16161,1,1
2021-02-24 15:03:45.207,16159,16160,16161,1,1
2021-02-24 15:03:45.214,16159,16160,16161,2,2
2021-02-24 15:03:45.215,16159,16160,16161,4,4
2021-02-24 15:03:45.215,16159,16160,16161,1,1
2021-02-24 15:03:45.215,16159,16160,16161,1,1
2021-02-24 15:03:54.054,16160,16161,16161,1,1
2021-02-24 15:03:55.694,16160,16161,16160,5,-5
2021-02-24 15:03:55.695,16160,16161,16160,1,-1
2021-02-24 15:03:57.821,16159,16161,16161,3,3
2021-02-24 15:03:59.881,16160,16161,16161,2,2
2021-02-24 15:04:08.280,16159,16161,16159,4,-4
2021-02-24 15:04:08.565,16158,16159,16158,1,-1
2021-02-24 15:04:10.141,16158,16159,16158,1,-1
2021-02-24 15:04:11.362,16158,16159,16159,2,2
2021-02-24 15:04:11.362,16158,16159,16160,1,1
2021-02-24 15:04:11.605,16158,16159,16158,2,-2
2021-02-24 15:04:15.162,16157,16158,16157,7,-7
2021-02-24 15:04:15.163,16157,16158,16157,3,-3
2021-02-24 15:04:17.491,16156,16157,16156,1,-1
2021-02-24 15:04:17.492,16156,16157,16156,3,-3
2021-02-24 15:04:17.492,16156,16157,16155,5,-5
2021-02-24 15:04:22.119,16155,16157,16157,1,1
2021-02-24 15:04:24.261,16156,16158,16156,3,-3
2021-02-24 15:04:24.262,16156,16158,16156,1,-1
2021-02-24 15:04:25.843,16156,16157,16157,2,2
2021-02-24 15:04:26.053,16156,16158,16156,3,-3
2021-02-24 15:04:26.053,16156,16158,16156,2,-2
2021-02-24 15:04:27.098,16156,16158,16156,1,-1
2021-02-24 15:04:28.476,16156,16157,16157,4,4
2021-02-24 15:04:28.476,16156,16157,16158,1,1
2021-02-24 15:04:34.275,16156,16158,16157,1,-1
2021-02-24 15:04:35.778,16156,16157,16156,4,-4
2021-02-24 15:04:35.778,16156,16157,16156,1,-1
2021-02-24 15:04:40.645,16155,16156,16155,1,-1
2021-02-24 15:04:40.646,16155,16156,16155,13,-13
2021-02-24 15:04:43.867,16154,16155,16155,1,1
2021-02-24 15:04:43.867,16154,16155,16156,4,4
2021-02-24 15:04:44.203,16154,16155,16154,1,-1
2021-02-24 15:04:45.259,16153,16155,16155,1,1
2021-02-24 15:04:47.180,16153,16154,16153,1,-1
2021-02-24 15:04:48.368,16153,16154,16153,1,-1
2021-02-24 15:04:48.368,16153,16154,16153,1,-1
2021-02-24 15:04:48.368,16153,16154,16153,1,-1
2021-02-24 15:04:48.368,16153,16154,16153,1,-1
2021-02-24 15:04:48.369,16153,16154,16153,5,-5
2021-02-24 15:04:48.369,16153,16154,16152,9,-9
2021-02-24 15:04:50.006,16151,16152,16151,2,-2
2021-02-24 15:04:50.461,16151,16152,16151,1,-1
2021-02-24 15:04:50.473,16151,16152,16151,1,-1
2021-02-24 15:04:51.264,16151,16152,16151,1,-1
2021-02-24 15:04:52.048,16151,16152,16152,1,1
2021-02-24 15:04:52.167,16151,16152,16152,1,1
2021-02-24 15:04:52.282,16152,16154,16152,1,-1
2021-02-24 15:04:52.282,16152,16154,16151,4,-4
2021-02-24 15:04:52.927,16152,16154,16153,1,1
2021-02-24 15:04:53.983,16152,16154,16152,2,-2
2021-02-24 15:04:54.928,16152,16154,16152,1,-1
2021-02-24 15:04:55.697,16152,16154,16152,1,-1
2021-02-24 15:04:56.482,16152,16154,16152,1,-1
2021-02-24 15:04:57.616,16152,16154,16152,1,-1
2021-02-24 15:04:59.527,16152,16153,16153,1,1
2021-02-24 15:05:00.837,16152,16153,16152,1,-1
2021-02-24 15:05:01.643,16152,16153,16152,1,-1
2021-02-24 15:05:02.261,16151,16152,16152,1,1
2021-02-24 15:05:02.263,16151,16152,16151,2,-2
2021-02-24 15:05:02.691,16151,16152,16151,1,-1
2021-02-24 15:05:02.693,16151,16152,16151,1,-1
2021-02-24 15:05:05.632,16150,16152,16150,1,-1
2021-02-24 15:05:08.202,16150,16151,16151,1,1
2021-02-24 15:05:08.564,16150,16152,16150,1,-1
2021-02-24 15:05:08.626,16150,16152,16152,2,2
2021-02-24 15:05:09.642,16150,16152,16151,2,-2
2021-02-24 15:05:12.287,16150,16151,16150,1,-1
2021-02-24 15:05:12.288,16150,16151,16150,11,-11
2021-02-24 15:05:12.289,16150,16151,16149,4,-4
2021-02-24 15:05:13.220,16148,16149,16149,1,1
2021-02-24 15:05:14.521,16148,16149,16148,6,-6
2021-02-24 15:05:15.394,16147,16149,16147,3,-3
2021-02-24 15:05:15.395,16147,16149,16147,2,-2
2021-02-24 15:05:16.541,16146,16148,16146,1,-1
2021-02-24 15:05:17.161,16146,16148,16146,1,-1
2021-02-24 15:05:18.018,16146,16148,16146,3,-3
2021-02-24 15:05:18.018,16146,16148,16145,1,-1
2021-02-24 15:05:18.089,16146,16148,16146,1,1
2021-02-24 15:05:18.099,16146,16148,16146,2,-2
2021-02-24 15:05:18.099,16146,16148,16145,1,-1
2021-02-24 15:05:18.110,16146,16148,16145,1,-1
2021-02-24 15:05:18.147,16146,16148,16145,1,-1
2021-02-24 15:05:18.164,16146,16148,16145,1,-1
2021-02-24 15:05:18.188,16145,16147,16145,1,-1
2021-02-24 15:05:18.205,16145,16147,16145,1,-1
2021-02-24 15:05:18.364,16145,16147,16145,1,-1
2021-02-24 15:05:18.638,16146,16148,16146,2,2
2021-02-24 15:05:18.802,16145,16147,16145,1,-1
2021-02-24 15:05:18.830,16145,16147,16145,1,-1
2021-02-24 15:05:19.467,16144,16146,16144,2,-2
2021-02-24 15:05:19.574,16144,16146,16144,3,-3
2021-02-24 15:05:19.745,16144,16146,16144,2,-2
2021-02-24 15:05:19.822,16143,16146,16146,1,1
2021-02-24 15:05:20.111,16143,16146,16143,1,-1
2021-02-24 15:05:20.317,16144,16146,16144,2,2
2021-02-24 15:05:20.317,16144,16146,16143,1,-1
2021-02-24 15:05:20.873,16143,16145,16143,1,-1
2021-02-24 15:05:21.063,16143,16145,16143,5,-5
2021-02-24 15:05:21.086,16143,16145,16142,2,-2
2021-02-24 15:05:21.183,16142,16145,16142,1,-1
2021-02-24 15:05:21.183,16142,16145,16142,1,-1
2021-02-24 15:05:21.183,16142,16145,16142,1,-1
2021-02-24 15:05:21.183,16142,16145,16142,1,-1
2021-02-24 15:05:21.314,16141,16144,16144,2,2
2021-02-24 15:05:21.314,16141,16144,16144,2,2
2021-02-24 15:05:21.633,16143,16145,16143,1,-1
2021-02-24 15:05:21.712,16143,16145,16143,1,-1
2021-02-24 15:05:21.845,16143,16145,16143,1,-1
2021-02-24 15:05:22.413,16143,16145,16143,1,-1
2021-02-24 15:05:22.970,16143,16145,16143,4,-4
2021-02-24 15:05:22.970,16143,16145,16142,6,-6
2021-02-24 15:05:23.195,16143,16145,16143,1,1
2021-02-24 15:05:25.010,16141,16143,16142,1,-1
2021-02-24 15:05:25.012,16141,16143,16142,1,-1
2021-02-24 15:05:25.044,16141,16143,16141,1,-1
2021-02-24 15:05:25.114,16141,16143,16141,2,-2
2021-02-24 15:05:25.212,16141,16143,16141,1,-1
2021-02-24 15:05:25.340,16141,16143,16141,1,-1
2021-02-24 15:05:25.883,16140,16141,16140,1,-1
2021-02-24 15:05:25.950,16140,16141,16140,1,-1
2021-02-24 15:05:25.994,16140,16141,16140,1,-1
2021-02-24 15:05:26.815,16140,16141,16141,2,2
2021-02-24 15:05:27.283,16141,16142,16141,1,-1
2021-02-24 15:05:27.702,16140,16141,16141,1,1
2021-02-24 15:05:27.747,16140,16141,16141,1,1
2021-02-24 15:05:27.939,16141,16142,16141,1,-1
2021-02-24 15:05:28.124,16140,16141,16140,1,-1
2021-02-24 15:05:28.283,16140,16141,16140,1,-1
2021-02-24 15:05:28.626,16140,16141,16140,1,-1
2021-02-24 15:05:28.755,16140,16141,16140,2,-2
2021-02-24 15:05:28.803,16140,16141,16140,1,-1
2021-02-24 15:05:28.909,16140,16141,16140,1,-1
2021-02-24 15:05:29.036,16140,16141,16141,1,1
2021-02-24 15:05:29.305,16140,16141,16141,1,1
2021-02-24 15:05:29.305,16140,16141,16141,1,1
2021-02-24 15:05:29.318,16140,16141,16141,1,1
2021-02-24 15:05:29.319,16140,16141,16141,1,1
2021-02-24 15:05:29.428,16140,16141,16141,1,1
2021-02-24 15:05:30.029,16141,16142,16142,1,1
2021-02-24 15:05:30.135,16141,16142,16141,1,-1
2021-02-24 15:05:30.135,16141,16142,16141,1,-1
2021-02-24 15:05:30.245,16140,16141,16140,4,-4
2021-02-24 15:05:30.302,16140,16141,16140,1,-1
2021-02-24 15:05:30.676,16140,16141,16140,1,-1
2021-02-24 15:05:31.010,16140,16141,16140,1,-1
2021-02-24 15:05:31.223,16140,16141,16140,1,-1
2021-02-24 15:05:31.286,16140,16141,16140,8,-8
2021-02-24 15:05:31.388,16139,16140,16139,1,-1
2021-02-24 15:05:31.425,16139,16140,16139,1,-1
2021-02-24 15:05:31.426,16139,16140,16139,1,-1
2021-02-24 15:05:31.435,16139,16140,16140,1,1
2021-02-24 15:05:31.451,16139,16140,16139,1,-1
2021-02-24 15:05:31.452,16139,16140,16139,1,-1
2021-02-24 15:05:32.166,16138,16140,16140,2,2
2021-02-24 15:05:33.013,16138,16140,16140,1,1
2021-02-24 15:05:33.192,16138,16140,16140,1,1
2021-02-24 15:05:33.475,16139,16140,16139,1,-1
2021-02-24 15:05:33.533,16139,16140,16140,1,1
2021-02-24 15:05:33.670,16139,16140,16140,2,2
2021-02-24 15:05:33.672,16139,16140,16140,12,12
2021-02-24 15:05:33.751,16140,16141,16140,1,-1
2021-02-24 15:05:33.824,16140,16141,16141,1,1
2021-02-24 15:05:34.181,16141,16142,16141,1,-1
2021-02-24 15:05:34.429,16140,16141,16140,1,-1
2021-02-24 15:05:36.032,16141,16142,16141,1,1
2021-02-24 15:05:36.206,16141,16142,16141,1,-1
2021-02-24 15:05:36.659,16140,16142,16142,1,1
2021-02-24 15:05:36.659,16140,16142,16143,1,1
2021-02-24 15:05:36.771,16140,16143,16140,2,-2
2021-02-24 15:05:36.806,16139,16142,16139,1,-1
2021-02-24 15:05:36.899,16139,16142,16141,1,1
2021-02-24 15:05:37.842,16140,16142,16140,1,-1
2021-02-24 15:05:38.003,16140,16142,16140,1,-1
2021-02-24 15:05:38.194,16140,16141,16141,1,1
2021-02-24 15:05:38.665,16141,16143,16141,1,-1
2021-02-24 15:05:39.200,16141,16143,16142,1,1
2021-02-24 15:05:39.230,16141,16143,16142,1,-1
2021-02-24 15:05:39.308,16141,16143,16141,1,-1
2021-02-24 15:05:39.308,16141,16143,16141,1,-1
2021-02-24 15:05:39.460,16140,16142,16142,3,3
2021-02-24 15:05:39.460,16140,16142,16143,4,4
2021-02-24 15:05:40.911,16141,16143,16141,1,-1
2021-02-24 15:05:42.290,16141,16143,16141,2,-2
2021-02-24 15:05:42.290,16141,16143,16140,2,-2
2021-02-24 15:05:42.290,16141,16143,16139,1,-1
2021-02-24 15:05:43.021,16140,16143,16141,2,2
2021-02-24 15:05:43.929,16140,16143,16143,2,2
2021-02-24 15:05:45.078,16140,16143,16140,1,-1
2021-02-24 15:05:46.918,16141,16143,16141,1,1
2021-02-24 15:05:50.043,16141,16143,16141,1,-1
2021-02-24 15:05:50.810,16141,16143,16141,1,-1
2021-02-24 15:05:51.516,16141,16143,16141,1,-1
2021-02-24 15:05:51.516,16141,16143,16140,1,-1
2021-02-24 15:05:51.620,16140,16142,16142,1,1
2021-02-24 15:05:51.867,16141,16143,16141,1,-1
2021-02-24 15:05:54.277,16141,16143,16141,3,-3
2021-02-24 15:05:55.077,16141,16143,16141,3,-3
2021-02-24 15:05:56.176,16141,16143,16141,2,-2
2021-02-24 15:05:56.629,16141,16143,16141,1,-1
2021-02-24 15:05:58.131,16142,16143,16143,11,11
2021-02-24 15:05:58.802,16142,16144,16142,1,-1
2021-02-24 15:05:58.803,16142,16144,16142,1,-1
2021-02-24 15:05:58.935,16141,16143,16143,1,1
2021-02-24 15:05:59.496,16143,16144,16143,1,-1
2021-02-24 15:05:59.597,16142,16144,16144,4,4
2021-02-24 15:05:59.632,16142,16144,16143,1,-1
2021-02-24 15:05:59.965,16143,16145,16144,1,1
2021-02-24 15:06:00.294,16144,16145,16144,1,-1
2021-02-24 15:06:00.359,16143,16145,16143,1,-1
2021-02-24 15:06:00.742,16143,16145,16145,9,9
2021-02-24 15:06:00.831,16144,16146,16145,1,-1
2021-02-24 15:06:00.966,16144,16146,16144,2,-2
2021-02-24 15:06:01.762,16144,16145,16145,1,1
2021-02-24 15:06:01.816,16144,16146,16145,1,-1
2021-02-24 15:06:02.085,16144,16146,16146,1,1
2021-02-24 15:06:03.144,16144,16146,16145,1,-1
2021-02-24 15:06:03.145,16144,16146,16146,3,3
2021-02-24 15:06:04.533,16145,16147,16147,1,1
2021-02-24 15:06:04.903,16144,16146,16146,1,1
2021-02-24 15:06:05.140,16145,16147,16147,1,1
2021-02-24 15:06:05.895,16145,16147,16147,3,3
2021-02-24 15:06:06.630,16146,16148,16148,1,1
2021-02-24 15:06:07.695,16146,16148,16146,1,-1
2021-02-24 15:06:07.843,16146,16148,16147,1,1
2021-02-24 15:06:09.222,16146,16148,16148,1,1
2021-02-24 15:06:10.176,16146,16148,16148,6,6
2021-02-24 15:06:10.177,16146,16148,16148,1,1
2021-02-24 15:06:12.880,16147,16149,16147,3,-3
2021-02-24 15:06:13.078,16147,16149,16149,2,2
2021-02-24 15:06:13.079,16147,16149,16149,3,3
2021-02-24 15:06:14.163,16148,16150,16150,1,1
2021-02-24 15:06:15.663,16148,16150,16150,7,7
2021-02-24 15:06:15.793,16150,16151,16151,1,1
2021-02-24 15:06:15.793,16150,16151,16151,1,1
2021-02-24 15:06:16.679,16150,16152,16150,1,-1
2021-02-24 15:06:16.831,16150,16152,16150,2,-2
2021-02-24 15:06:17.051,16149,16150,16150,2,2
2021-02-24 15:06:17.518,16149,16150,16150,1,1
2021-02-24 15:06:17.518,16149,16150,16151,1,1
2021-02-24 15:06:18.623,16149,16151,16150,1,-1
2021-02-24 15:06:18.688,16149,16151,16150,1,-1
2021-02-24 15:06:20.295,16150,16151,16151,1,1
2021-02-24 15:06:20.295,16150,16151,16151,1,1
2021-02-24 15:06:20.531,16150,16152,16152,1,1
2021-02-24 15:06:20.652,16150,16152,16150,1,-1
2021-02-24 15:06:21.021,16149,16152,16152,12,12
2021-02-24 15:06:21.766,16151,16153,16153,3,3
2021-02-24 15:06:21.912,16151,16154,16154,6,6
2021-02-24 15:06:22.332,16151,16154,16152,1,-1
2021-02-24 15:06:22.402,16151,16154,16151,1,-1
2021-02-24 15:06:24.788,16150,16153,16152,1,1
2021-02-24 15:06:25.164,16150,16153,16153,1,1
2021-02-24 15:06:28.078,16151,16153,16153,3,3
2021-02-24 15:06:29.423,16152,16154,16152,1,-1
2021-02-24 15:06:29.478,16152,16154,16154,1,1
2021-02-24 15:06:29.512,16152,16154,16154,1,1
2021-02-24 15:06:29.668,16151,16154,16154,1,1
2021-02-24 15:06:29.831,16151,16154,16154,1,1
2021-02-24 15:06:29.876,16151,16154,16154,1,1
2021-02-24 15:06:30.078,16151,16153,16153,1,1
2021-02-24 15:06:30.078,16151,16153,16153,2,2
2021-02-24 15:06:30.105,16151,16153,16153,1,1
2021-02-24 15:06:30.516,16152,16153,16153,1,1
2021-02-24 15:06:30.558,16152,16153,16153,1,1
2021-02-24 15:06:30.777,16152,16154,16154,1,1
2021-02-24 15:06:30.818,16153,16154,16154,1,1
2021-02-24 15:06:31.132,16153,16155,16155,1,1
2021-02-24 15:06:31.143,16153,16155,16155,1,1
2021-02-24 15:06:31.144,16153,16155,16155,2,2
2021-02-24 15:06:31.454,16153,16155,16155,1,1
2021-02-24 15:06:31.491,16153,16155,16155,1,1
2021-02-24 15:06:31.685,16153,16155,16154,1,-1
2021-02-24 15:06:31.721,16153,16155,16155,1,1
2021-02-24 15:06:31.742,16153,16155,16155,1,1
2021-02-24 15:06:31.761,16153,16155,16156,1,1
2021-02-24 15:06:32.038,16153,16156,16154,1,-1
2021-02-24 15:06:32.145,16153,16156,16156,1,1
2021-02-24 15:06:32.491,16154,16156,16156,1,1
2021-02-24 15:06:32.491,16154,16156,16156,1,1
2021-02-24 15:06:32.727,16155,16157,16157,2,2
2021-02-24 15:06:32.824,16156,16157,16157,1,1
2021-02-24 15:06:32.824,16156,16157,16157,2,2
2021-02-24 15:06:33.095,16156,16158,16156,1,-1
2021-02-24 15:06:33.751,16156,16158,16158,1,1
2021-02-24 15:06:34.052,16157,16158,16158,4,4
2021-02-24 15:06:34.251,16157,16159,16157,2,-2
2021-02-24 15:06:34.251,16157,16159,16158,1,1
2021-02-24 15:06:34.448,16157,16159,16159,1,1
2021-02-24 15:06:34.455,16157,16159,16159,1,1
2021-02-24 15:06:34.456,16157,16159,16159,1,1
2021-02-24 15:06:34.569,16157,16159,16159,1,1
2021-02-24 15:06:35.281,16157,16159,16159,1,1
2021-02-24 15:06:35.513,16157,16159,16159,1,1
2021-02-24 15:06:35.885,16157,16159,16159,1,1
2021-02-24 15:06:35.885,16157,16159,16159,2,2
2021-02-24 15:06:36.799,16158,16160,16160,2,2
2021-02-24 15:06:36.910,16158,16160,16159,1,-1
2021-02-24 15:06:37.650,16158,16160,16158,1,-1
2021-02-24 15:06:39.823,16158,16160,16160,1,1
2021-02-24 15:06:40.566,16158,16160,16158,1,-1
2021-02-24 15:06:41.908,16156,16159,16159,1,1
2021-02-24 15:06:43.292,16157,16159,16159,1,1
2021-02-24 15:06:43.438,16157,16159,16160,1,1
2021-02-24 15:06:43.531,16157,16159,16159,1,1
2021-02-24 15:06:43.903,16159,16160,16160,2,2
2021-02-24 15:06:44.284,16159,16160,16159,1,-1
2021-02-24 15:06:44.772,16159,16160,16159,1,-1
2021-02-24 15:06:45.148,16159,16160,16160,4,4
2021-02-24 15:06:45.465,16159,16161,16159,1,-1
2021-02-24 15:06:45.912,16158,16160,16159,1,-1
2021-02-24 15:06:47.070,16158,16160,16160,1,1
2021-02-24 15:06:47.598,16158,16160,16159,1,-1
2021-02-24 15:06:48.722,16158,16159,16159,1,1
2021-02-24 15:06:49.948,16158,16160,16160,3,3
2021-02-24 15:06:51.194,16159,16160,16159,1,-1
2021-02-24 15:06:51.449,16158,16160,16160,2,2
2021-02-24 15:06:52.396,16158,16160,16158,2,-2
2021-02-24 15:06:53.331,16159,16160,16159,1,1
2021-02-24 15:06:53.332,16159,16160,16159,1,-1
2021-02-24 15:06:54.659,16158,16160,16160,2,2
2021-02-24 15:06:56.724,16159,16160,16159,1,-1
2021-02-24 15:06:58.653,16158,16160,16160,2,2
2021-02-24 15:07:00.321,16158,16160,16160,1,1
2021-02-24 15:07:00.879,16158,16160,16160,1,1
2021-02-24 15:07:01.343,16158,16160,16160,1,1
2021-02-24 15:07:01.466,16158,16160,16160,3,3
2021-02-24 15:07:01.467,16158,16160,16160,2,2
2021-02-24 15:07:01.467,16158,16160,16160,2,2
2021-02-24 15:07:02.740,16160,16161,16160,1,-1
2021-02-24 15:07:02.815,16160,16161,16161,1,1
2021-02-24 15:07:02.910,16160,16161,16161,4,4
2021-02-24 15:07:02.911,16160,16161,16161,2,2
2021-02-24 15:07:02.960,16160,16162,16162,3,3
2021-02-24 15:07:03.007,16160,16162,16161,1,-1
2021-02-24 15:07:03.048,16160,16162,16162,1,1
2021-02-24 15:07:04.318,16161,16163,16161,3,-3
2021-02-24 15:07:04.528,16161,16162,16161,1,-1
2021-02-24 15:07:08.219,16162,16163,16162,1,1
2021-02-24 15:07:08.219,16162,16163,16162,1,-1
2021-02-24 15:07:08.700,16161,16163,16163,1,1
2021-02-24 15:07:08.891,16161,16163,16162,1,-1
2021-02-24 15:07:09.436,16162,16163,16163,1,1
2021-02-24 15:07:09.437,16162,16163,16163,1,1
2021-02-24 15:07:09.869,16162,16164,16164,4,4
2021-02-24 15:07:11.153,16162,16165,16165,1,1
2021-02-24 15:07:12.138,16162,16164,16162,1,-1
2021-02-24 15:07:12.571,16162,16164,16162,1,-1
2021-02-24 15:07:12.994,16162,16164,16164,1,1
2021-02-24 15:07:13.610,16162,16164,16164,1,1
2021-02-24 15:07:13.799,16162,16165,16163,2,-2
2021-02-24 15:07:13.799,16162,16165,16163,1,-1
2021-02-24 15:07:16.757,16163,16164,16164,1,1
2021-02-24 15:07:16.959,16163,16164,16164,1,1
2021-02-24 15:07:16.959,16163,16164,16164,1,1
2021-02-24 15:07:17.803,16163,16164,16164,1,1
2021-02-24 15:07:17.803,16163,16164,16165,4,4
2021-02-24 15:07:17.853,16163,16164,16165,2,2
2021-02-24 15:07:17.853,16163,16164,16166,3,3
2021-02-24 15:07:18.272,16164,16165,16164,1,-1
2021-02-24 15:07:18.272,16164,16165,16163,1,-1
2021-02-24 15:07:18.543,16163,16165,16165,2,2
2021-02-24 15:07:19.517,16164,16165,16164,2,-2
2021-02-24 15:07:19.517,16164,16165,16163,3,-3
2021-02-24 15:07:20.017,16163,16165,16165,3,3
2021-02-24 15:07:20.017,16163,16165,16166,1,1
2021-02-24 15:07:20.336,16163,16165,16165,1,1
2021-02-24 15:07:20.998,16163,16164,16164,1,1
2021-02-24 15:07:21.428,16163,16165,16164,1,-1
2021-02-24 15:07:21.502,16163,16165,16165,1,1
2021-02-24 15:07:24.053,16163,16165,16165,3,3
2021-02-24 15:07:24.117,16163,16165,16165,1,1
2021-02-24 15:07:24.474,16164,16166,16166,2,2
2021-02-24 15:07:25.095,16164,16166,16166,3,3
2021-02-24 15:07:25.262,16166,16167,16166,2,-2
2021-02-24 15:07:27.419,16165,16166,16166,1,1
2021-02-24 15:07:27.419,16165,16166,16167,3,3
2021-02-24 15:07:28.766,16165,16167,16166,1,-1
2021-02-24 15:07:31.111,16166,16168,16168,3,3
2021-02-24 15:07:31.112,16166,16168,16168,12,12
2021-02-24 15:07:31.112,16166,16168,16168,1,1
2021-02-24 15:07:31.403,16166,16169,16167,1,-1
2021-02-24 15:07:33.304,16167,16168,16168,1,1
2021-02-24 15:07:33.804,16167,16169,16169,1,1
2021-02-24 15:07:35.227,16168,16169,16169,1,1
2021-02-24 15:07:35.444,16168,16169,16169,1,1
2021-02-24 15:07:36.143,16168,16169,16169,1,1
2021-02-24 15:07:37.403,16169,16170,16170,1,1
2021-02-24 15:07:37.404,16169,16170,16170,1,1
2021-02-24 15:07:37.405,16169,16170,16170,2,2
2021-02-24 15:07:37.479,16169,16170,16170,4,4
2021-02-24 15:07:37.480,16169,16170,16170,1,1
2021-02-24 15:07:37.608,16169,16171,16169,1,-1
2021-02-24 15:07:37.891,16169,16171,16169,1,-1
2021-02-24 15:07:38.441,16168,16169,16170,8,8
2021-02-24 15:07:38.442,16168,16169,16171,1,1
2021-02-24 15:07:38.548,16170,16171,16171,3,3
2021-02-24 15:07:39.382,16170,16172,16172,1,1
2021-02-24 15:07:39.382,16170,16172,16172,1,1
2021-02-24 15:07:39.451,16170,16172,16172,4,4
2021-02-24 15:07:39.452,16170,16172,16172,1,1
2021-02-24 15:07:39.455,16170,16172,16172,1,1
2021-02-24 15:07:39.548,16170,16172,16172,1,1
2021-02-24 15:07:39.554,16170,16172,16172,1,1
2021-02-24 15:07:39.561,16170,16172,16172,1,1
2021-02-24 15:07:39.568,16170,16172,16173,1,1
2021-02-24 15:07:39.637,16170,16172,16173,1,1
2021-02-24 15:07:39.656,16170,16172,16173,1,1
2021-02-24 15:07:39.707,16171,16173,16173,1,1
2021-02-24 15:07:39.708,16171,16173,16173,1,1
2021-02-24 15:07:39.718,16171,16173,16173,2,2
2021-02-24 15:07:39.718,16171,16173,16174,1,1
2021-02-24 15:07:39.719,16171,16173,16174,1,1
2021-02-24 15:07:39.724,16171,16173,16174,1,1
2021-02-24 15:07:39.725,16171,16173,16172,1,-1
2021-02-24 15:07:39.725,16171,16173,16174,1,1
2021-02-24 15:07:39.758,16171,16173,16174,1,1
2021-02-24 15:07:39.763,16171,16173,16174,1,1
2021-02-24 15:07:39.769,16171,16173,16174,1,1
2021-02-24 15:07:39.785,16171,16173,16175,1,1
2021-02-24 15:07:39.797,16171,16173,16175,1,1
2021-02-24 15:07:39.807,16171,16175,16175,2,2
2021-02-24 15:07:39.854,16171,16175,16175,1,1
2021-02-24 15:07:39.856,16171,16175,16176,1,1
2021-02-24 15:07:39.859,16171,16175,16175,1,1
2021-02-24 15:07:39.859,16171,16175,16174,1,-1
2021-02-24 15:07:39.906,16171,16175,16176,1,1
2021-02-24 15:07:39.906,16171,16175,16176,1,1
2021-02-24 15:07:39.918,16171,16175,16177,1,1
2021-02-24 15:07:39.918,16171,16175,16177,1,1
2021-02-24 15:07:39.923,16175,16177,16177,1,1
2021-02-24 15:07:39.929,16175,16177,16177,1,1
2021-02-24 15:07:39.962,16175,16177,16177,1,1
2021-02-24 15:07:39.963,16175,16177,16176,1,-1
2021-02-24 15:07:39.963,16175,16177,16175,1,-1
2021-02-24 15:07:39.964,16175,16177,16177,1,1
2021-02-24 15:07:39.964,16175,16177,16178,4,4
2021-02-24 15:07:39.971,16175,16177,16178,1,1
2021-02-24 15:07:39.986,16175,16177,16178,1,1
2021-02-24 15:07:40.002,16175,16177,16178,1,1
2021-02-24 15:07:40.032,16175,16177,16178,1,1
2021-02-24 15:07:40.048,16176,16178,16177,1,-1
2021-02-24 15:07:40.055,16176,16178,16178,2,2
2021-02-24 15:07:40.055,16176,16178,16179,1,1
2021-02-24 15:07:40.059,16176,16178,16180,1,1
2021-02-24 15:07:40.144,16176,16178,16179,1,1
2021-02-24 15:07:40.162,16176,16178,16179,1,1
2021-02-24 15:07:40.216,16177,16179,16179,1,1
2021-02-24 15:07:40.216,16177,16179,16180,3,3
2021-02-24 15:07:40.220,16177,16179,16177,1,-1
2021-02-24 15:07:40.305,16177,16178,16177,1,-1
2021-02-24 15:07:40.341,16177,16178,16178,1,1
2021-02-24 15:07:40.362,16177,16178,16179,1,1
2021-02-24 15:07:40.439,16176,16178,16178,2,2
2021-02-24 15:07:40.458,16176,16178,16179,1,1
2021-02-24 15:07:40.499,16176,16178,16178,1,1
2021-02-24 15:07:40.506,16176,16178,16178,1,1
2021-02-24 15:07:40.518,16176,16178,16179,2,2
2021-02-24 15:07:40.536,16176,16178,16179,1,1
2021-02-24 15:07:40.547,16176,16178,16179,1,1
2021-02-24 15:07:40.583,16176,16180,16179,1,-1
2021-02-24 15:07:40.646,16176,16180,16180,1,1
2021-02-24 15:07:40.727,16177,16180,16179,1,-1
2021-02-24 15:07:40.773,16177,16180,16180,1,1
2021-02-24 15:07:41.139,16177,16179,16179,1,1
2021-02-24 15:07:41.145,16177,16179,16179,1,1
2021-02-24 15:07:41.145,16177,16179,16178,1,-1
2021-02-24 15:07:41.307,16177,16179,16177,1,-1
2021-02-24 15:07:41.373,16177,16179,16179,1,1
2021-02-24 15:07:41.673,16177,16179,16177,1,-1
2021-02-24 15:07:41.689,16177,16179,16178,3,3
2021-02-24 15:07:41.757,16177,16179,16179,1,1
2021-02-24 15:07:42.416,16177,16179,16177,4,-4
2021-02-24 15:07:42.424,16176,16179,16176,1,-1
2021-02-24 15:07:42.815,16176,16178,16176,1,-1
2021-02-24 15:07:42.851,16176,16178,16176,1,-1
2021-02-24 15:07:43.020,16175,16178,16178,1,1
2021-02-24 15:07:44.003,16175,16177,16175,1,-1
2021-02-24 15:07:44.340,16175,16177,16177,1,1
2021-02-24 15:07:44.340,16175,16177,16177,1,1
2021-02-24 15:07:44.582,16175,16176,16175,5,-5
2021-02-24 15:07:45.132,16174,16176,16176,1,1
2021-02-24 15:07:45.555,16174,16176,16174,2,-2
2021-02-24 15:07:45.555,16174,16176,16173,3,-3
2021-02-24 15:07:45.870,16173,16176,16175,5,5
2021-02-24 15:07:45.872,16173,16176,16175,1,-1
2021-02-24 15:07:46.342,16174,16176,16176,1,1
2021-02-24 15:07:46.362,16174,16176,16176,1,1
2021-02-24 15:07:46.930,16175,16177,16176,1,-1
2021-02-24 15:07:47.141,16175,16177,16177,1,1
2021-02-24 15:07:47.174,16175,16176,16176,1,1
2021-02-24 15:07:47.175,16175,16176,16177,1,1
2021-02-24 15:07:47.176,16175,16176,16177,1,1
2021-02-24 15:07:47.176,16175,16176,16177,1,1
2021-02-24 15:07:47.177,16175,16176,16178,1,1
2021-02-24 15:07:47.178,16175,16176,16179,1,1
2021-02-24 15:07:47.178,16175,16176,16179,1,1
2021-02-24 15:07:47.178,16175,16176,16179,1,1
2021-02-24 15:07:47.178,16175,16176,16179,1,1
2021-02-24 15:07:47.178,16175,16176,16179,1,1
2021-02-24 15:07:47.180,16175,16176,16179,1,1
2021-02-24 15:07:47.181,16175,16176,16180,1,1
2021-02-24 15:07:47.181,16175,16176,16180,1,1
2021-02-24 15:07:47.181,16175,16176,16179,1,1
2021-02-24 15:07:47.181,16175,16176,16180,1,1
2021-02-24 15:07:47.181,16175,16176,16180,1,1
2021-02-24 15:07:47.181,16175,16176,16180,1,1
2021-02-24 15:07:47.181,16175,16176,16180,1,1
2021-02-24 15:07:47.181,16175,16176,16180,1,1
2021-02-24 15:07:47.634,16178,16180,16180,1,1
2021-02-24 15:07:47.812,16177,16179,16177,1,-1
2021-02-24 15:07:47.922,16177,16179,16177,4,-4
2021-02-24 15:07:47.922,16177,16179,16176,6,-6
2021-02-24 15:07:48.342,16176,16178,16176,1,-1
2021-02-24 15:07:49.436,16178,16179,16178,4,4
2021-02-24 15:07:49.436,16178,16179,16177,1,-1
2021-02-24 15:07:51.621,16177,16179,16177,1,-1
2021-02-24 15:07:51.870,16176,16178,16179,1,1
2021-02-24 15:07:52.092,16176,16179,16176,4,-4
2021-02-24 15:07:52.134,16176,16179,16176,3,-3
2021-02-24 15:07:53.134,16175,16178,16175,3,-3
2021-02-24 15:07:53.195,16175,16177,16177,1,1
2021-02-24 15:07:54.134,16175,16178,16174,1,-1
2021-02-24 15:07:55.187,16176,16177,16176,1,1
2021-02-24 15:07:55.529,16174,16176,16176,1,1
2021-02-24 15:07:56.134,16174,16176,16174,1,-1
2021-02-24 15:07:56.784,16174,16176,16174,1,-1
2021-02-24 15:07:57.103,16175,16176,16175,1,1
2021-02-24 15:07:57.176,16174,16176,16176,1,1
2021-02-24 15:07:57.181,16174,16176,16176,1,1
2021-02-24 15:07:57.218,16174,16176,16175,1,-1
2021-02-24 15:07:57.218,16174,16176,16174,2,-2
2021-02-24 15:07:59.457,16176,16177,16177,1,1
2021-02-24 15:07:59.686,16176,16177,16177,1,1
2021-02-24 15:07:59.844,16176,16177,16177,1,1
2021-02-24 15:08:00.217,16177,16178,16178,1,1
2021-02-24 15:08:00.526,16177,16179,16179,2,2
2021-02-24 15:08:00.548,16177,16179,16179,2,2
2021-02-24 15:08:00.549,16177,16179,16179,3,3
2021-02-24 15:08:00.563,16177,16179,16180,2,2
2021-02-24 15:08:00.637,16177,16179,16178,4,-4
2021-02-24 15:08:00.673,16177,16179,16179,1,1
2021-02-24 15:08:00.673,16177,16179,16180,4,4
2021-02-24 15:08:00.716,16177,16179,16177,1,-1
2021-02-24 15:08:01.391,16177,16180,16180,2,2
2021-02-24 15:08:01.707,16178,16179,16178,1,-1
2021-02-24 15:08:02.858,16177,16179,16177,2,-2
2021-02-24 15:08:03.134,16177,16179,16179,1,1
2021-02-24 15:08:03.148,16177,16179,16179,1,1
2021-02-24 15:08:03.783,16177,16179,16177,1,-1
2021-02-24 15:08:04.688,16178,16179,16179,1,1
2021-02-24 15:08:04.805,16178,16179,16178,1,-1
2021-02-24 15:08:04.938,16177,16178,16177,1,-1
2021-02-24 15:08:05.983,16177,16178,16177,2,-2
2021-02-24 15:08:05.983,16177,16178,16177,1,-1
2021-02-24 15:08:07.601,16176,16177,16177,1,1
2021-02-24 15:08:07.654,16176,16177,16178,2,2
2021-02-24 15:08:10.513,16178,16179,16179,2,2
2021-02-24 15:08:10.923,16178,16180,16180,1,1
2021-02-24 15:08:12.114,16179,16180,16180,1,1
2021-02-24 15:08:12.222,16180,16181,16180,1,-1
2021-02-24 15:08:12.222,16180,16181,16179,2,-2
2021-02-24 15:08:13.095,16178,16180,16180,1,1
2021-02-24 15:08:14.194,16178,16180,16180,2,2
2021-02-24 15:08:14.235,16178,16180,16178,1,-1
2021-02-24 15:08:14.819,16178,16179,16179,1,1
2021-02-24 15:08:16.173,16178,16179,16178,1,-1
2021-02-24 15:08:17.982,16178,16179,16178,5,-5
2021-02-24 15:08:19.114,16177,16179,16179,2,2
2021-02-24 15:08:19.890,16177,16178,16177,1,-1
2021-02-24 15:08:20.218,16176,16178,16178,1,1
2021-02-24 15:08:20.218,16176,16178,16179,1,1
2021-02-24 15:08:22.264,16177,16178,16178,1,1
2021-02-24 15:08:22.265,16177,16178,16178,3,3
2021-02-24 15:08:24.950,16177,16178,16177,2,-2
2021-02-24 15:08:25.309,16176,16177,16176,1,-1
2021-02-24 15:08:25.423,16176,16177,16177,1,1
2021-02-24 15:08:25.423,16176,16177,16178,1,1
2021-02-24 15:08:25.755,16176,16177,16177,1,1
2021-02-24 15:08:25.755,16176,16177,16178,1,1
2021-02-24 15:08:25.797,16176,16177,16177,1,1
2021-02-24 15:08:26.923,16177,16178,16177,1,-1
2021-02-24 15:08:30.055,16177,16178,16177,1,-1
2021-02-24 15:08:30.979,16176,16178,16178,1,1
2021-02-24 15:08:31.066,16177,16178,16178,2,2
2021-02-24 15:08:31.910,16177,16179,16179,1,1
2021-02-24 15:08:32.004,16178,16179,16178,1,-1
2021-02-24 15:08:33.051,16178,16179,16178,2,-2
2021-02-24 15:08:33.051,16178,16179,16177,6,-6
2021-02-24 15:08:33.051,16178,16179,16176,23,-23
2021-02-24 15:08:33.051,16178,16179,16175,6,-6
2021-02-24 15:08:33.052,16178,16179,16175,1,-1
2021-02-24 15:08:33.053,16178,16179,16175,1,-1
2021-02-24 15:08:33.053,16178,16179,16175,5,-5
2021-02-24 15:08:33.053,16178,16179,16175,6,-6
2021-02-24 15:08:33.055,16178,16179,16176,1,1
2021-02-24 15:08:33.055,16178,16179,16176,1,-1
2021-02-24 15:08:33.055,16178,16179,16175,1,-1
2021-02-24 15:08:34.007,16175,16177,16177,3,3
2021-02-24 15:08:34.007,16175,16177,16178,1,1
2021-02-24 15:08:34.644,16175,16177,16175,1,-1
2021-02-24 15:08:34.715,16174,16177,16175,1,-1
2021-02-24 15:08:37.049,16175,16177,16176,1,1
2021-02-24 15:08:38.477,16176,16177,16176,1,-1
2021-02-24 15:08:38.596,16175,16177,16176,1,-1
2021-02-24 15:08:39.471,16175,16177,16177,2,2
2021-02-24 15:08:39.669,16176,16177,16177,1,1
2021-02-24 15:08:39.684,16176,16177,16176,1,-1
2021-02-24 15:08:39.684,16176,16177,16177,2,2
2021-02-24 15:08:40.453,16177,16178,16178,2,2
2021-02-24 15:08:41.136,16177,16179,16177,1,-1
2021-02-24 15:08:44.016,16177,16179,16179,8,8
2021-02-24 15:08:44.048,16179,16180,16180,8,8
2021-02-24 15:08:44.049,16179,16180,16180,1,1
2021-02-24 15:08:44.173,16179,16181,16181,2,2
2021-02-24 15:08:44.332,16179,16181,16181,8,8
2021-02-24 15:08:44.446,16179,16181,16181,1,1
2021-02-24 15:08:44.665,16180,16181,16181,1,1
2021-02-24 15:08:44.682,16180,16181,16181,1,1
2021-02-24 15:08:44.682,16180,16181,16181,1,1
2021-02-24 15:08:44.717,16180,16181,16181,1,1
2021-02-24 15:08:44.806,16180,16181,16180,1,-1
2021-02-24 15:08:46.622,16179,16181,16181,2,2
2021-02-24 15:08:46.722,16179,16182,16182,2,2
2021-02-24 15:08:48.293,16180,16182,16182,1,1
2021-02-24 15:08:50.541,16181,16182,16182,1,1
2021-02-24 15:08:51.025,16181,16182,16181,1,-1
2021-02-24 15:08:51.444,16179,16182,16182,2,2
2021-02-24 15:08:52.292,16181,16182,16182,4,4
2021-02-24 15:08:52.292,16181,16182,16182,1,1
2021-02-24 15:08:52.293,16181,16182,16182,1,1
2021-02-24 15:08:52.293,16181,16182,16182,1,1
2021-02-24 15:08:52.294,16181,16182,16182,1,1
2021-02-24 15:08:53.057,16181,16183,16181,1,-1
2021-02-24 15:08:53.239,16181,16182,16182,1,1
2021-02-24 15:08:54.818,16181,16182,16181,2,-2
2021-02-24 15:08:55.144,16180,16182,16182,3,3
2021-02-24 15:08:55.932,16181,16182,16182,1,1
2021-02-24 15:08:56.499,16181,16182,16182,1,1
2021-02-24 15:08:57.181,16181,16182,16182,2,2
2021-02-24 15:08:57.327,16182,16183,16182,1,-1
2021-02-24 15:09:02.184,16182,16183,16182,3,-3
2021-02-24 15:09:02.659,16181,16183,16183,3,3
2021-02-24 15:09:03.288,16181,16183,16183,1,1
2021-02-24 15:09:05.722,16181,16182,16181,3,-3
2021-02-24 15:09:05.798,16180,16181,16180,8,-8
2021-02-24 15:09:06.099,16179,16181,16180,1,-1
2021-02-24 15:09:08.424,16179,16180,16180,1,1
2021-02-24 15:09:08.424,16179,16180,16181,1,1
2021-02-24 15:09:11.107,16179,16180,16179,1,-1
2021-02-24 15:09:11.918,16178,16180,16178,2,-2
2021-02-24 15:09:12.131,16178,16180,16180,1,1
2021-02-24 15:09:12.439,16178,16180,16180,1,1
2021-02-24 15:09:12.440,16178,16180,16180,4,4
2021-02-24 15:09:12.805,16178,16180,16180,2,2
2021-02-24 15:09:18.224,16179,16180,16180,1,1
2021-02-24 15:09:19.169,16180,16181,16180,1,-1
2021-02-24 15:09:19.208,16180,16181,16180,4,-4
2021-02-24 15:09:20.666,16179,16180,16179,3,-3
2021-02-24 15:09:25.776,16178,16179,16179,1,1
2021-02-24 15:09:26.517,16178,16179,16179,4,4
2021-02-24 15:09:26.517,16178,16179,16180,7,7
2021-02-24 15:09:27.621,16178,16179,16178,6,-6
2021-02-24 15:09:30.910,16178,16179,16179,1,1
2021-02-24 15:09:32.315,16178,16180,16178,1,-1
2021-02-24 15:09:36.441,16178,16179,16179,1,1
2021-02-24 15:09:39.944,16179,16180,16179,1,-1
2021-02-24 15:09:43.548,16178,16179,16179,1,1
2021-02-24 15:09:44.322,16178,16179,16179,4,4
2021-02-24 15:09:44.323,16178,16179,16180,1,1
2021-02-24 15:09:44.585,16179,16180,16180,5,5
2021-02-24 15:09:45.131,16178,16179,16178,2,-2
2021-02-24 15:09:45.309,16178,16179,16178,1,-1
2021-02-24 15:09:48.042,16178,16179,16179,1,1
2021-02-24 15:09:51.660,16179,16180,16180,1,1
2021-02-24 15:09:52.231,16180,16181,16180,1,-1
2021-02-24 15:09:56.295,16178,16180,16179,1,-1
2021-02-24 15:09:57.139,16179,16180,16180,1,1
2021-02-24 15:09:57.635,16179,16181,16179,4,-4
2021-02-24 15:10:00.804,16179,16180,16180,1,1
2021-02-24 15:10:01.058,16179,16180,16180,1,1
2021-02-24 15:10:01.130,16179,16180,16180,4,4
2021-02-24 15:10:01.130,16179,16180,16181,10,10
2021-02-24 15:10:01.165,16179,16180,16181,14,14
2021-02-24 15:10:01.165,16179,16180,16181,3,3
2021-02-24 15:10:01.165,16179,16180,16181,18,18
2021-02-24 15:10:01.165,16179,16180,16181,1,1
2021-02-24 15:10:01.492,16181,16182,16182,8,8
2021-02-24 15:10:01.493,16181,16182,16183,1,1
2021-02-24 15:10:01.494,16181,16182,16183,1,1
2021-02-24 15:10:01.507,16181,16182,16184,6,6
2021-02-24 15:10:01.533,16181,16182,16183,1,1
2021-02-24 15:10:01.533,16181,16182,16182,1,1
2021-02-24 15:10:01.549,16182,16184,16184,2,2
2021-02-24 15:10:01.595,16182,16184,16182,1,-1
2021-02-24 15:10:01.627,16182,16184,16183,1,1
2021-02-24 15:10:01.643,16182,16184,16184,1,1
2021-02-24 15:10:01.748,16183,16185,16184,1,-1
2021-02-24 15:10:01.848,16184,16185,16184,1,-1
2021-02-24 15:10:02.227,16184,16185,16184,2,-2
2021-02-24 15:10:02.277,16184,16185,16183,2,-2
2021-02-24 15:10:02.380,16182,16184,16184,1,1
2021-02-24 15:10:02.472,16182,16184,16184,1,1
2021-02-24 15:10:02.542,16182,16184,16182,3,-3
2021-02-24 15:10:04.534,16182,16184,16182,3,-3
2021-02-24 15:10:05.666,16183,16184,16184,1,1
2021-02-24 15:10:06.824,16183,16184,16184,2,2
2021-02-24 15:10:06.824,16183,16184,16185,7,7
2021-02-24 15:10:06.865,16183,16184,16184,1,1
2021-02-24 15:10:07.091,16183,16184,16184,1,1
2021-02-24 15:10:07.249,16183,16185,16185,1,1
2021-02-24 15:10:07.278,16183,16185,16185,1,1
2021-02-24 15:10:07.559,16183,16185,16185,1,1
2021-02-24 15:10:08.080,16183,16184,16184,1,1
2021-02-24 15:10:08.671,16183,16184,16184,1,1
2021-02-24 15:10:09.029,16183,16184,16184,1,1
2021-02-24 15:10:09.238,16184,16185,16185,1,1
2021-02-24 15:10:09.238,16184,16185,16186,3,3
2021-02-24 15:10:09.313,16185,16186,16186,2,2
2021-02-24 15:10:09.399,16185,16186,16186,1,1
2021-02-24 15:10:09.399,16185,16186,16187,3,3
2021-02-24 15:10:09.430,16185,16187,16187,1,1
2021-02-24 15:10:09.432,16185,16187,16187,1,1
2021-02-24 15:10:09.433,16185,16187,16187,1,1
2021-02-24 15:10:09.437,16185,16187,16187,1,1
2021-02-24 15:10:09.458,16185,16187,16187,1,1
2021-02-24 15:10:09.471,16185,16187,16187,1,1
2021-02-24 15:10:10.055,16185,16187,16187,1,1
2021-02-24 15:10:10.970,16185,16186,16186,1,1
2021-02-24 15:10:10.970,16185,16186,16187,1,1
2021-02-24 15:10:11.092,16185,16187,16185,1,-1
2021-02-24 15:10:11.867,16185,16186,16185,1,-1
2021-02-24 15:10:13.658,16185,16186,16185,1,-1
2021-02-24 15:10:17.048,16185,16186,16186,3,3
2021-02-24 15:10:18.287,16186,16187,16187,1,1
2021-02-24 15:10:18.287,16186,16187,16188,4,4
2021-02-24 15:10:18.299,16187,16188,16188,1,1
2021-02-24 15:10:18.340,16187,16188,16188,4,4
2021-02-24 15:10:18.340,16187,16188,16189,8,8
2021-02-24 15:10:18.505,16187,16190,16190,1,1
2021-02-24 15:10:18.547,16187,16190,16190,1,1
2021-02-24 15:10:18.684,16188,16190,16190,1,1
2021-02-24 15:10:18.764,16188,16190,16190,1,1
2021-02-24 15:10:18.907,16188,16190,16190,1,1
2021-02-24 15:10:18.973,16189,16190,16189,1,-1
2021-02-24 15:10:18.998,16189,16190,16190,1,1
2021-02-24 15:10:19.005,16189,16190,16190,1,1
2021-02-24 15:10:19.063,16189,16190,16190,1,1
2021-02-24 15:10:19.073,16189,16190,16190,1,1
2021-02-24 15:10:20.343,16189,16190,16189,3,-3
2021-02-24 15:10:21.027,16188,16189,16189,1,1
2021-02-24 15:10:21.027,16188,16189,16190,1,1
2021-02-24 15:10:21.176,16188,16190,16188,5,-5
2021-02-24 15:10:21.970,16188,16189,16188,2,-2
2021-02-24 15:10:21.970,16188,16189,16188,2,-2
2021-02-24 15:10:21.971,16188,16189,16188,1,-1
2021-02-24 15:10:21.988,16188,16189,16189,1,1
2021-02-24 15:10:22.204,16186,16189,16189,3,3
2021-02-24 15:10:22.204,16186,16189,16190,2,2
2021-02-24 15:10:22.218,16186,16189,16187,1,-1
2021-02-24 15:10:22.415,16186,16189,16189,1,1
2021-02-24 15:10:22.549,16187,16189,16189,2,2
2021-02-24 15:10:22.549,16187,16189,16190,2,2
2021-02-24 15:10:23.102,16187,16190,16187,1,-1
2021-02-24 15:10:23.182,16187,16189,16189,1,1
2021-02-24 15:10:23.184,16187,16189,16189,1,1
2021-02-24 15:10:24.712,16188,16189,16188,1,-1
2021-02-24 15:10:24.875,16187,16189,16189,1,1
2021-02-24 15:10:25.252,16187,16189,16189,2,2
2021-02-24 15:10:25.252,16187,16189,16189,1,1
2021-02-24 15:10:25.252,16187,16189,16189,2,2
2021-02-24 15:10:25.889,16187,16189,16189,1,1
2021-02-24 15:10:25.937,16187,16189,16188,1,-1
2021-02-24 15:10:26.459,16187,16189,16189,2,2
2021-02-24 15:10:26.459,16187,16189,16190,3,3
2021-02-24 15:10:26.791,16188,16189,16189,1,1
2021-02-24 15:10:29.354,16188,16189,16189,1,1
2021-02-24 15:10:29.425,16188,16189,16189,1,1
2021-02-24 15:10:29.425,16188,16189,16190,1,1
2021-02-24 15:10:29.431,16188,16189,16190,1,1
2021-02-24 15:10:30.226,16188,16189,16189,1,1
2021-02-24 15:10:30.228,16188,16189,16189,2,2
2021-02-24 15:10:30.228,16188,16189,16189,1,1
2021-02-24 15:10:30.228,16188,16189,16189,1,1
2021-02-24 15:10:30.228,16188,16189,16190,1,1
2021-02-24 15:10:30.229,16188,16189,16190,1,1
2021-02-24 15:10:30.231,16188,16189,16191,2,2
2021-02-24 15:10:30.231,16188,16189,16192,15,15
2021-02-24 15:10:30.231,16188,16189,16193,2,2
2021-02-24 15:10:30.232,16188,16189,16192,1,1
2021-02-24 15:10:30.235,16188,16189,16192,1,1
2021-02-24 15:10:30.274,16188,16189,16192,1,1
2021-02-24 15:10:30.279,16188,16189,16193,1,1
2021-02-24 15:10:30.280,16188,16189,16193,1,1
2021-02-24 15:10:30.290,16188,16189,16193,1,1
2021-02-24 15:10:30.333,16191,16193,16193,1,1
2021-02-24 15:10:30.364,16191,16193,16193,1,1
2021-02-24 15:10:30.369,16191,16193,16193,1,1
2021-02-24 15:10:30.429,16191,16193,16193,1,1
2021-02-24 15:10:30.508,16191,16193,16193,1,1
2021-02-24 15:10:30.608,16191,16193,16191,1,-1
2021-02-24 15:10:30.650,16191,16193,16192,1,1
2021-02-24 15:10:30.651,16191,16193,16192,1,-1
2021-02-24 15:10:30.797,16191,16193,16191,5,-5
2021-02-24 15:10:30.797,16191,16193,16190,1,-1
2021-02-24 15:10:30.894,16190,16192,16192,2,2
2021-02-24 15:10:30.894,16190,16192,16193,3,3
2021-02-24 15:10:31.193,16190,16192,16192,1,1
2021-02-24 15:10:31.193,16190,16192,16193,3,3
2021-02-24 15:10:31.798,16191,16193,16193,1,1
2021-02-24 15:10:32.178,16191,16193,16193,1,1
2021-02-24 15:10:33.949,16190,16192,16192,1,1
2021-02-24 15:10:34.010,16190,16192,16191,1,-1
2021-02-24 15:10:34.106,16191,16192,16192,1,1
2021-02-24 15:10:35.252,16191,16192,16191,1,-1
2021-02-24 15:10:35.431,16190,16191,16191,1,1
2021-02-24 15:10:35.518,16190,16191,16190,1,-1
2021-02-24 15:10:36.037,16190,16191,16191,1,1
2021-02-24 15:10:36.374,16190,16192,16192,1,1
2021-02-24 15:10:36.793,16190,16191,16191,3,3
2021-02-24 15:10:37.085,16190,16191,16190,5,-5
2021-02-24 15:10:37.087,16190,16191,16189,2,-2
2021-02-24 15:10:37.584,16188,16190,16190,1,1
2021-02-24 15:10:37.903,16188,16190,16189,1,-1
2021-02-24 15:10:37.931,16188,16190,16190,1,1
2021-02-24 15:10:38.051,16188,16190,16190,1,1
2021-02-24 15:10:38.076,16188,16190,16190,1,1
2021-02-24 15:10:38.954,16189,16190,16190,1,1
2021-02-24 15:10:38.954,16189,16190,16191,1,1
2021-02-24 15:10:39.597,16189,16190,16189,1,-1
2021-02-24 15:10:39.682,16188,16190,16190,1,1
2021-02-24 15:10:41.034,16188,16190,16190,1,1
2021-02-24 15:10:41.565,16188,16190,16190,1,1
2021-02-24 15:10:41.565,16188,16190,16191,1,1
2021-02-24 15:10:42.257,16188,16191,16190,1,-1
2021-02-24 15:10:42.697,16188,16191,16190,1,-1
2021-02-24 15:10:43.935,16190,16191,16191,3,3
2021-02-24 15:10:44.679,16190,16191,16191,1,1
2021-02-24 15:10:44.802,16190,16191,16190,3,-3
2021-02-24 15:10:45.007,16189,16190,16190,1,1
2021-02-24 15:10:45.332,16189,16191,16191,1,1
2021-02-24 15:10:46.494,16189,16191,16191,1,1
2021-02-24 15:10:47.507,16190,16191,16191,1,1
2021-02-24 15:10:47.555,16190,16191,16191,1,1
2021-02-24 15:10:47.632,16190,16191,16191,1,1
2021-02-24 15:10:47.655,16190,16191,16190,1,-1
2021-02-24 15:10:48.002,16190,16191,16191,1,1
2021-02-24 15:10:51.089,16191,16193,16193,1,1
2021-02-24 15:10:52.035,16191,16193,16191,2,-2
2021-02-24 15:10:52.103,16191,16193,16191,4,-4
2021-02-24 15:10:53.701,16191,16192,16191,1,-1
2021-02-24 15:10:54.327,16191,16192,16192,1,1
2021-02-24 15:10:55.020,16192,16193,16193,1,1
2021-02-24 15:10:55.153,16192,16193,16193,11,11
2021-02-24 15:10:55.153,16192,16193,16194,9,9
2021-02-24 15:10:55.429,16193,16195,16195,1,1
2021-02-24 15:10:55.578,16193,16195,16195,1,1
2021-02-24 15:10:56.004,16193,16195,16195,1,1
2021-02-24 15:10:56.020,16193,16195,16193,1,-1
2021-02-24 15:10:56.663,16194,16195,16195,2,2
2021-02-24 15:10:56.896,16194,16195,16194,1,-1
2021-02-24 15:10:59.286,16193,16195,16194,1,-1
2021-02-24 15:11:00.269,16193,16194,16194,2,2
2021-02-24 15:11:00.345,16193,16195,16195,8,8
2021-02-24 15:11:00.536,16194,16196,16194,4,-4
2021-02-24 15:11:00.684,16194,16195,16195,1,1
2021-02-24 15:11:00.686,16194,16195,16195,1,1
2021-02-24 15:11:00.714,16194,16195,16195,1,1
2021-02-24 15:11:00.863,16194,16196,16195,1,-1
2021-02-24 15:11:01.189,16194,16196,16194,1,-1
2021-02-24 15:11:01.299,16193,16195,16195,1,1
2021-02-24 15:11:01.305,16193,16195,16196,1,1
2021-02-24 15:11:01.707,16194,16196,16196,5,5
2021-02-24 15:11:01.766,16194,16196,16196,1,1
2021-02-24 15:11:01.766,16194,16196,16197,1,1
2021-02-24 15:11:01.811,16194,16197,16197,5,5
2021-02-24 15:11:01.867,16194,16197,16197,2,2
2021-02-24 15:11:02.254,16195,16197,16197,2,2
2021-02-24 15:11:02.498,16196,16198,16196,1,-1
2021-02-24 15:11:02.566,16197,16198,16197,1,1
2021-02-24 15:11:03.768,16196,16197,16197,1,1
2021-02-24 15:11:04.147,16195,16197,16195,1,-1
2021-02-24 15:11:04.609,16195,16197,16197,1,1
2021-02-24 15:11:05.885,16195,16197,16197,1,1
2021-02-24 15:11:05.885,16195,16197,16197,1,1
2021-02-24 15:11:06.738,16195,16197,16197,1,1
2021-02-24 15:11:06.738,16195,16197,16198,4,4
2021-02-24 15:11:06.816,16196,16198,16198,5,5
2021-02-24 15:11:07.313,16196,16198,16198,1,1
2021-02-24 15:11:07.425,16196,16198,16198,1,1
2021-02-24 15:11:07.425,16196,16198,16198,1,1
2021-02-24 15:11:07.426,16196,16198,16198,1,1
2021-02-24 15:11:07.426,16196,16198,16199,1,1
2021-02-24 15:11:07.426,16196,16198,16199,1,1
2021-02-24 15:11:07.426,16196,16198,16199,1,1
2021-02-24 15:11:07.426,16196,16198,16199,1,1
2021-02-24 15:11:07.427,16196,16198,16199,1,1
2021-02-24 15:11:07.427,16196,16198,16199,1,1
2021-02-24 15:11:07.428,16196,16198,16199,1,1
2021-02-24 15:11:07.431,16196,16198,16199,1,1
2021-02-24 15:11:07.431,16196,16198,16200,1,1
2021-02-24 15:11:07.431,16196,16198,16200,1,1
2021-02-24 15:11:07.431,16196,16198,16200,1,1
2021-02-24 15:11:07.431,16196,16198,16200,1,1
2021-02-24 15:11:07.521,16196,16198,16199,1,1
2021-02-24 15:11:07.581,16197,16200,16200,1,1
2021-02-24 15:11:07.586,16197,16200,16200,2,2
2021-02-24 15:11:07.590,16197,16200,16200,1,1
2021-02-24 15:11:07.821,16197,16200,16200,1,1
2021-02-24 15:11:08.072,16197,16200,16200,1,1
2021-02-24 15:11:08.105,16197,16200,16197,4,-4
2021-02-24 15:11:08.199,16195,16198,16198,2,2
2021-02-24 15:11:08.423,16197,16199,16197,2,-2
2021-02-24 15:11:08.430,16197,16199,16199,1,1
2021-02-24 15:11:08.548,16197,16199,16197,1,-1
2021-02-24 15:11:08.936,16195,16198,16198,1,1
2021-02-24 15:11:10.059,16196,16198,16197,1,-1
2021-02-24 15:11:10.476,16196,16198,16198,1,1
2021-02-24 15:11:11.115,16196,16198,16197,1,-1
2021-02-24 15:11:11.133,16196,16198,16196,4,-4
2021-02-24 15:11:11.206,16195,16198,16198,1,1
2021-02-24 15:11:11.312,16196,16198,16197,1,-1
2021-02-24 15:11:11.734,16196,16198,16198,4,4
2021-02-24 15:11:11.734,16196,16198,16199,1,1
2021-02-24 15:11:11.765,16196,16198,16198,1,1
2021-02-24 15:11:11.806,16196,16199,16199,1,1
2021-02-24 15:11:11.813,16196,16199,16200,5,5
2021-02-24 15:11:12.228,16197,16200,16200,1,1
2021-02-24 15:11:13.130,16197,16199,16198,3,-3
2021-02-24 15:11:14.294,16196,16198,16198,1,1
2021-02-24 15:11:15.488,16196,16198,16198,2,2
2021-02-24 15:11:15.489,16196,16198,16198,4,4
2021-02-24 15:11:15.606,16196,16199,16199,2,2
2021-02-24 15:11:15.632,16196,16199,16198,1,-1
2021-02-24 15:11:16.059,16196,16199,16199,1,1
2021-02-24 15:11:16.693,16197,16199,16198,1,-1
2021-02-24 15:11:17.557,16198,16199,16198,5,-5
2021-02-24 15:11:17.674,16197,16199,16199,1,1
2021-02-24 15:11:17.676,16197,16199,16199,1,1
2021-02-24 15:11:17.676,16197,16199,16200,1,1
2021-02-24 15:11:17.681,16197,16199,16200,1,1
2021-02-24 15:11:17.681,16197,16199,16200,1,1
2021-02-24 15:11:17.681,16197,16199,16200,1,1
2021-02-24 15:11:19.249,16198,16200,16200,1,1
2021-02-24 15:11:19.501,16198,16200,16200,1,1
2021-02-24 15:11:19.628,16198,16200,16198,1,-1
2021-02-24 15:11:19.682,16197,16199,16198,1,-1
2021-02-24 15:11:20.175,16198,16199,16199,1,1
2021-02-24 15:11:21.530,16198,16200,16198,4,-4
2021-02-24 15:11:21.548,16197,16199,16197,5,-5
2021-02-24 15:11:21.673,16196,16198,16196,5,-5
2021-02-24 15:11:21.850,16196,16198,16197,1,1
2021-02-24 15:11:22.396,16196,16198,16198,1,1
2021-02-24 15:11:22.456,16196,16198,16198,1,1
2021-02-24 15:11:22.747,16196,16198,16196,5,-5
2021-02-24 15:11:23.788,16195,16198,16195,1,-1
2021-02-24 15:11:23.877,16195,16198,16195,5,-5
2021-02-24 15:11:24.585,16195,16197,16195,1,-1
2021-02-24 15:11:24.585,16195,16197,16195,2,-2
2021-02-24 15:11:24.815,16194,16197,16196,1,1
2021-02-24 15:11:25.713,16195,16197,16197,1,1
2021-02-24 15:11:25.832,16195,16197,16196,1,-1
2021-02-24 15:11:26.365,16195,16197,16197,1,1
2021-02-24 15:11:26.405,16195,16197,16196,1,-1
2021-02-24 15:11:27.195,16195,16196,16195,2,-2
2021-02-24 15:11:27.299,16194,16196,16196,1,1
2021-02-24 15:11:27.300,16194,16196,16197,1,1
2021-02-24 15:11:27.301,16194,16196,16197,1,1
2021-02-24 15:11:27.305,16194,16196,16198,1,1
2021-02-24 15:11:27.305,16194,16196,16198,1,1
2021-02-24 15:11:27.305,16194,16196,16198,1,1
2021-02-24 15:11:27.307,16194,16196,16197,1,1
2021-02-24 15:11:27.663,16196,16198,16196,1,-1
2021-02-24 15:11:28.469,16195,16197,16196,1,-1
2021-02-24 15:11:28.659,16195,16197,16196,2,-2
2021-02-24 15:11:29.839,16195,16197,16196,1,-1
2021-02-24 15:11:31.111,16195,16197,16196,2,-2
2021-02-24 15:11:31.552,16196,16197,16196,2,-2
2021-02-24 15:11:32.514,16195,16197,16196,1,-1
2021-02-24 15:11:33.853,16195,16197,16195,1,-1
2021-02-24 15:11:34.430,16195,16196,16195,4,-4
2021-02-24 15:11:35.516,16194,16196,16196,1,1
2021-02-24 15:11:36.880,16195,16196,16195,1,-1
2021-02-24 15:11:41.560,16194,16196,16194,2,-2
2021-02-24 15:11:41.674,16194,16195,16195,1,1
2021-02-24 15:11:41.680,16194,16195,16196,1,1
2021-02-24 15:11:41.680,16194,16195,16196,1,1
2021-02-24 15:11:41.680,16194,16195,16196,1,1
2021-02-24 15:11:42.103,16194,16196,16196,1,1
2021-02-24 15:11:43.727,16193,16196,16194,1,-1
2021-02-24 15:11:44.425,16193,16195,16195,1,1
2021-02-24 15:11:44.829,16193,16195,16193,1,-1
2021-02-24 15:11:46.358,16193,16195,16193,1,-1
2021-02-24 15:11:51.658,16193,16194,16193,2,-2
2021-02-24 15:11:52.338,16193,16194,16193,2,-2
2021-02-24 15:11:53.764,16193,16194,16193,1,-1
2021-02-24 15:11:54.695,16193,16194,16194,1,1
2021-02-24 15:11:56.284,16193,16194,16194,1,1
2021-02-24 15:11:56.636,16193,16195,16195,1,1
2021-02-24 15:11:57.750,16194,16195,16194,1,-1
2021-02-24 15:11:58.887,16193,16194,16194,1,1
2021-02-24 15:12:01.698,16193,16194,16193,1,-1
2021-02-24 15:12:02.057,16192,16194,16194,1,1
2021-02-24 15:12:02.278,16192,16194,16192,1,-1
2021-02-24 15:12:02.412,16192,16194,16194,2,2
2021-02-24 15:12:02.575,16193,16194,16194,1,1
2021-02-24 15:12:02.692,16192,16194,16194,1,1
2021-02-24 15:12:02.804,16192,16194,16192,1,-1
2021-02-24 15:12:03.697,16192,16193,16193,1,1
2021-02-24 15:12:04.810,16192,16194,16192,1,-1
2021-02-24 15:12:05.951,16192,16194,16192,1,-1
2021-02-24 15:12:09.726,16192,16193,16192,1,-1
2021-02-24 15:12:13.876,16192,16193,16192,3,-3
2021-02-24 15:12:15.307,16191,16192,16192,1,1
2021-02-24 15:12:15.691,16191,16192,16192,1,1
2021-02-24 15:12:15.691,16191,16192,16193,1,1
2021-02-24 15:12:20.897,16191,16192,16191,1,-1
2021-02-24 15:12:21.088,16191,16192,16191,1,-1
2021-02-24 15:12:21.762,16191,16192,16191,2,-2
2021-02-24 15:12:23.840,16192,16193,16193,1,1
2021-02-24 15:12:29.689,16192,16193,16192,1,-1
2021-02-24 15:12:32.315,16191,16193,16193,1,1
2021-02-24 15:12:33.192,16192,16193,16193,1,1
2021-02-24 15:12:35.047,16192,16193,16193,1,1
2021-02-24 15:12:38.348,16192,16193,16193,1,1
2021-02-24 15:12:39.543,16193,16194,16194,9,9
2021-02-24 15:12:39.544,16193,16194,16194,2,2
2021-02-24 15:12:39.936,16193,16195,16193,2,-2
2021-02-24 15:12:39.977,16193,16195,16192,1,-1
2021-02-24 15:12:45.430,16193,16195,16193,1,1
2021-02-24 15:12:47.291,16194,16195,16194,1,1
2021-02-24 15:12:52.759,16193,16195,16193,1,-1
2021-02-24 15:12:54.217,16193,16194,16193,1,-1
2021-02-24 15:12:56.406,16193,16194,16194,1,1
2021-02-24 15:13:02.243,16193,16195,16195,5,5
2021-02-24 15:13:02.243,16193,16195,16195,7,7
2021-02-24 15:13:05.150,16195,16196,16196,1,1
2021-02-24 15:13:05.286,16195,16196,16196,1,1
2021-02-24 15:13:05.298,16195,16196,16196,4,4
2021-02-24 15:13:09.846,16195,16196,16196,1,1
2021-02-24 15:13:09.893,16195,16196,16196,1,1
2021-02-24 15:13:11.548,16196,16197,16197,6,6
2021-02-24 15:13:14.142,16196,16198,16198,1,1
2021-02-24 15:13:15.180,16196,16197,16196,2,-2
2021-02-24 15:13:17.025,16196,16198,16198,1,1
2021-02-24 15:13:17.249,16196,16198,16197,1,-1
2021-02-24 15:13:17.847,16196,16197,16196,5,-5
2021-02-24 15:13:18.496,16195,16196,16196,2,2
2021-02-24 15:13:18.507,16195,16196,16196,1,1
2021-02-24 15:13:19.215,16197,16198,16197,1,1
2021-02-24 15:13:20.139,16197,16198,16198,1,1
2021-02-24 15:13:20.298,16197,16198,16198,1,1
2021-02-24 15:13:20.476,16197,16198,16198,1,1
2021-02-24 15:13:20.648,16197,16198,16198,1,1
2021-02-24 15:13:20.737,16197,16198,16198,1,1
2021-02-24 15:13:20.821,16197,16198,16198,1,1
2021-02-24 15:13:20.821,16197,16198,16198,2,2
2021-02-24 15:13:21.001,16197,16199,16199,1,1
2021-02-24 15:13:21.166,16197,16199,16199,1,1
2021-02-24 15:13:21.344,16197,16199,16199,1,1
2021-02-24 15:13:21.509,16197,16199,16199,1,1
2021-02-24 15:13:21.688,16197,16199,16199,1,1
2021-02-24 15:13:21.852,16197,16199,16199,1,1
2021-02-24 15:13:22.025,16197,16199,16199,1,1
2021-02-24 15:13:22.188,16197,16199,16199,1,1
2021-02-24 15:13:22.359,16197,16199,16199,1,1
2021-02-24 15:13:22.532,16197,16199,16199,1,1
2021-02-24 15:13:22.708,16197,16199,16199,1,1
2021-02-24 15:13:22.884,16197,16199,16199,1,1
2021-02-24 15:13:23.040,16197,16199,16199,1,1
2021-02-24 15:13:23.219,16197,16199,16199,4,4
2021-02-24 15:13:23.221,16197,16199,16199,1,1
2021-02-24 15:13:23.222,16197,16199,16199,1,1
2021-02-24 15:13:23.391,16198,16200,16199,1,-1
2021-02-24 15:13:23.423,16198,16200,16200,6,6
2021-02-24 15:13:23.426,16198,16200,16200,4,4
2021-02-24 15:13:23.426,16198,16200,16200,6,6
2021-02-24 15:13:23.426,16198,16200,16200,1,1
2021-02-24 15:13:23.427,16198,16200,16200,3,3
2021-02-24 15:13:23.427,16198,16200,16200,1,1
2021-02-24 15:13:23.427,16198,16200,16200,1,1
2021-02-24 15:13:23.547,16198,16200,16200,1,1
2021-02-24 15:13:23.557,16199,16200,16200,1,1
2021-02-24 15:13:23.572,16199,16200,16199,1,-1
2021-02-24 15:13:23.572,16199,16200,16199,1,-1
2021-02-24 15:13:23.597,16199,16200,16200,4,4
2021-02-24 15:13:23.737,16199,16200,16200,1,1
2021-02-24 15:13:23.924,16199,16200,16200,1,1
2021-02-24 15:13:24.096,16199,16200,16200,1,1
2021-02-24 15:13:24.245,16199,16200,16200,1,1
2021-02-24 15:13:24.434,16199,16200,16200,1,1
2021-02-24 15:13:24.444,16199,16200,16200,2,2
2021-02-24 15:13:24.445,16199,16200,16200,1,1
2021-02-24 15:13:24.445,16199,16200,16200,1,1
2021-02-24 15:13:24.445,16199,16200,16200,1,1
2021-02-24 15:13:24.550,16199,16201,16201,1,1
2021-02-24 15:13:24.636,16199,16201,16201,1,1
2021-02-24 15:13:24.755,16200,16201,16201,2,2
2021-02-24 15:13:24.756,16200,16201,16201,1,1
2021-02-24 15:13:24.788,16200,16201,16202,1,1
2021-02-24 15:13:24.851,16200,16202,16202,1,1
2021-02-24 15:13:24.862,16200,16202,16202,1,1
2021-02-24 15:13:24.880,16200,16202,16202,1,1
2021-02-24 15:13:24.883,16200,16202,16203,1,1
2021-02-24 15:13:24.976,16201,16203,16203,1,1
2021-02-24 15:13:24.985,16201,16203,16203,1,1
2021-02-24 15:13:25.017,16201,16203,16204,1,1
2021-02-24 15:13:25.097,16203,16204,16204,1,1
2021-02-24 15:13:25.134,16203,16204,16205,3,3
2021-02-24 15:13:25.215,16203,16205,16205,1,1
2021-02-24 15:13:25.293,16203,16205,16205,1,1
2021-02-24 15:13:25.302,16203,16205,16205,1,1
2021-02-24 15:13:25.768,16203,16205,16204,1,-1
2021-02-24 15:13:25.771,16203,16205,16203,1,-1
2021-02-24 15:13:25.783,16203,16205,16203,1,-1
2021-02-24 15:13:25.814,16202,16203,16203,1,1
2021-02-24 15:13:25.949,16202,16204,16204,1,1
2021-02-24 15:13:25.981,16202,16204,16203,1,-1
2021-02-24 15:13:27.049,16203,16204,16204,2,2
2021-02-24 15:13:27.387,16203,16205,16204,1,-1
2021-02-24 15:13:27.387,16203,16205,16205,1,1
2021-02-24 15:13:27.662,16203,16204,16204,2,2
2021-02-24 15:13:28.048,16204,16205,16204,1,-1
2021-02-24 15:13:28.818,16204,16205,16205,1,1
2021-02-24 15:13:29.274,16204,16205,16204,1,-1
2021-02-24 15:13:30.321,16203,16204,16204,1,1
2021-02-24 15:13:30.321,16203,16204,16205,2,2
2021-02-24 15:13:30.946,16203,16204,16204,1,1
2021-02-24 15:13:31.285,16203,16204,16204,2,2
2021-02-24 15:13:32.055,16203,16204,16204,1,1
2021-02-24 15:13:32.721,16204,16205,16204,1,-1
2021-02-24 15:13:33.528,16203,16204,16204,1,1
2021-02-24 15:13:33.669,16203,16205,16204,1,-1
2021-02-24 15:13:34.796,16203,16205,16204,1,-1
2021-02-24 15:13:35.142,16203,16204,16204,7,7
2021-02-24 15:13:35.143,16203,16204,16204,3,3
2021-02-24 15:13:35.919,16204,16205,16204,1,-1
2021-02-24 15:13:37.918,16203,16204,16204,1,1
2021-02-24 15:13:37.919,16203,16204,16204,1,1
2021-02-24 15:13:37.948,16204,16205,16204,1,-1
2021-02-24 15:13:38.122,16203,16205,16203,2,-2
2021-02-24 15:13:38.593,16203,16204,16203,3,-3
2021-02-24 15:13:38.673,16203,16204,16204,2,2
2021-02-24 15:13:38.827,16203,16204,16204,1,1
2021-02-24 15:13:39.948,16203,16204,16203,1,-1
2021-02-24 15:13:40.351,16203,16204,16203,4,-4
2021-02-24 15:13:40.668,16202,16204,16204,3,3
2021-02-24 15:13:41.160,16202,16204,16202,1,-1
2021-02-24 15:13:42.064,16202,16204,16203,1,1
2021-02-24 15:13:44.189,16203,16204,16203,1,-1
2021-02-24 15:13:44.810,16202,16204,16204,1,1
2021-02-24 15:13:45.321,16203,16204,16203,2,-2
2021-02-24 15:13:45.724,16203,16204,16203,1,-1
2021-02-24 15:13:46.241,16203,16204,16204,1,1
2021-02-24 15:13:46.329,16203,16204,16204,1,1
2021-02-24 15:13:46.485,16203,16204,16204,1,1
2021-02-24 15:13:47.021,16203,16204,16204,2,2
2021-02-24 15:13:47.607,16203,16204,16203,1,-1
2021-02-24 15:13:48.389,16203,16204,16203,2,-2
2021-02-24 15:13:48.391,16203,16204,16203,1,-1
2021-02-24 15:13:49.082,16202,16204,16204,1,1
2021-02-24 15:13:49.693,16202,16204,16202,2,-2
2021-02-24 15:13:49.722,16202,16204,16202,1,-1
2021-02-24 15:13:50.011,16202,16203,16202,1,-1
2021-02-24 15:13:50.112,16201,16203,16201,3,-3
2021-02-24 15:13:50.999,16201,16203,16203,1,1
2021-02-24 15:13:51.358,16201,16203,16202,3,-3
2021-02-24 15:13:52.015,16201,16203,16202,1,-1
2021-02-24 15:13:53.281,16201,16203,16203,2,2
2021-02-24 15:13:55.024,16201,16202,16202,1,1
2021-02-24 15:13:55.075,16201,16202,16201,12,-12
2021-02-24 15:13:55.572,16200,16202,16202,1,1
2021-02-24 15:13:58.824,16201,16202,16202,1,1
2021-02-24 15:13:59.107,16201,16202,16201,1,-1
2021-02-24 15:13:59.995,16201,16202,16201,2,-2
2021-02-24 15:13:59.995,16201,16202,16201,1,-1
2021-02-24 15:14:00.077,16200,16201,16200,8,-8
2021-02-24 15:14:00.178,16198,16201,16201,1,1
2021-02-24 15:14:00.178,16198,16201,16201,1,1
2021-02-24 15:14:00.178,16198,16201,16201,1,1
2021-02-24 15:14:00.674,16199,16200,16200,1,1
2021-02-24 15:14:01.018,16199,16200,16200,1,1
2021-02-24 15:14:01.049,16199,16201,16201,1,1
2021-02-24 15:14:01.051,16199,16201,16202,1,1
2021-02-24 15:14:01.051,16199,16201,16202,1,1
2021-02-24 15:14:01.051,16199,16201,16202,1,1
2021-02-24 15:14:01.054,16199,16201,16202,1,1
2021-02-24 15:14:01.055,16199,16201,16203,1,1
2021-02-24 15:14:01.745,16200,16202,16202,1,1
2021-02-24 15:14:04.051,16201,16202,16201,1,-1
2021-02-24 15:14:04.052,16201,16202,16201,1,-1
2021-02-24 15:14:04.191,16200,16202,16201,1,-1
2021-02-24 15:14:05.399,16200,16202,16200,3,-3
2021-02-24 15:14:06.449,16198,16201,16198,1,-1
2021-02-24 15:14:07.733,16198,16201,16198,2,-2
2021-02-24 15:14:07.799,16198,16201,16201,2,2
2021-02-24 15:14:07.799,16198,16201,16201,1,1
2021-02-24 15:14:07.800,16198,16201,16201,1,1
2021-02-24 15:14:07.801,16198,16201,16201,1,1
2021-02-24 15:14:07.801,16198,16201,16201,1,1
2021-02-24 15:14:07.801,16198,16201,16201,1,1
2021-02-24 15:14:07.801,16198,16201,16201,1,1
2021-02-24 15:14:07.801,16198,16201,16201,1,1
2021-02-24 15:14:07.802,16198,16201,16201,1,1
2021-02-24 15:14:07.803,16198,16201,16201,1,1
2021-02-24 15:14:07.805,16198,16201,16201,1,1
2021-02-24 15:14:07.805,16198,16201,16201,1,1
2021-02-24 15:14:07.805,16198,16201,16201,1,1
2021-02-24 15:14:07.805,16198,16201,16201,1,1
2021-02-24 15:14:07.806,16198,16201,16202,1,1
2021-02-24 15:14:07.806,16198,16201,16202,1,1
2021-02-24 15:14:07.806,16198,16201,16202,1,1
2021-02-24 15:14:10.749,16198,16200,16200,2,2
2021-02-24 15:14:11.081,16198,16200,16200,1,1
2021-02-24 15:14:11.081,16198,16200,16201,1,1
2021-02-24 15:14:11.473,16198,16201,16201,3,3
2021-02-24 15:14:14.791,16199,16200,16200,1,1
2021-02-24 15:14:14.925,16199,16201,16201,1,1
2021-02-24 15:14:16.240,16199,16201,16200,1,-1
2021-02-24 15:14:18.876,16199,16201,16201,2,2
2021-02-24 15:14:18.924,16199,16201,16201,1,1
2021-02-24 15:14:18.924,16199,16201,16202,1,1
2021-02-24 15:14:18.926,16199,16201,16202,1,1
2021-02-24 15:14:18.926,16199,16201,16202,1,1
2021-02-24 15:14:18.930,16199,16201,16202,2,2
2021-02-24 15:14:20.100,16201,16202,16202,2,2
2021-02-24 15:14:20.522,16201,16202,16202,1,1
2021-02-24 15:14:20.562,16201,16202,16202,6,6
2021-02-24 15:14:20.874,16201,16203,16201,1,-1
2021-02-24 15:14:22.434,16201,16202,16202,3,3
2021-02-24 15:14:24.031,16201,16203,16201,2,-2
2021-02-24 15:14:24.205,16200,16202,16202,1,1
2021-02-24 15:14:26.772,16200,16202,16200,1,-1
2021-02-24 15:14:27.054,16201,16202,16201,2,2
2021-02-24 15:14:27.174,16200,16201,16201,1,1
2021-02-24 15:14:27.176,16200,16201,16201,1,1
2021-02-24 15:14:27.176,16200,16201,16201,1,1
2021-02-24 15:14:27.176,16200,16201,16202,1,1
2021-02-24 15:14:27.176,16200,16201,16202,1,1
2021-02-24 15:14:27.177,16200,16201,16203,1,1
2021-02-24 15:14:27.181,16200,16201,16203,1,1
2021-02-24 15:14:27.181,16200,16201,16203,1,1
2021-02-24 15:14:27.181,16200,16201,16203,1,1
2021-02-24 15:14:30.433,16200,16202,16200,1,-1
2021-02-24 15:14:30.612,16200,16202,16200,2,-2
2021-02-24 15:14:33.560,16200,16201,16201,1,1
2021-02-24 15:14:36.290,16201,16202,16202,2,2
2021-02-24 15:14:39.618,16201,16202,16201,2,-2
2021-02-24 15:14:39.674,16201,16202,16202,1,1
2021-02-24 15:14:39.675,16201,16202,16202,1,1
2021-02-24 15:14:39.680,16201,16202,16202,1,1
2021-02-24 15:14:39.680,16201,16202,16202,1,1
2021-02-24 15:14:39.681,16201,16202,16202,2,2
2021-02-24 15:14:41.666,16202,16203,16202,1,-1
2021-02-24 15:14:45.476,16202,16203,16202,4,-4
2021-02-24 15:14:45.476,16202,16203,16201,11,-11
2021-02-24 15:14:47.351,16201,16202,16201,1,-1
2021-02-24 15:14:47.468,16200,16201,16201,1,1
2021-02-24 15:14:48.878,16200,16201,16201,1,1
2021-02-24 15:14:48.930,16200,16201,16201,1,1
2021-02-24 15:14:49.757,16200,16201,16201,2,2
2021-02-24 15:14:50.444,16200,16201,16200,1,-1
2021-02-24 15:14:52.524,16199,16200,16199,4,-4
2021-02-24 15:14:52.901,16198,16200,16200,1,1
2021-02-24 15:14:54.074,16198,16199,16199,1,1
2021-02-24 15:14:55.230,16198,16200,16200,1,1
2021-02-24 15:14:55.700,16198,16200,16198,2,-2
2021-02-24 15:14:56.566,16199,16200,16199,1,1
2021-02-24 15:14:56.811,16198,16200,16200,1,1
2021-02-24 15:14:58.279,16198,16200,16200,1,1
2021-02-24 15:14:59.753,16198,16199,16198,5,-5
2021-02-24 15:15:00.553,16197,16198,16197,1,-1
2021-02-24 15:15:00.554,16197,16198,16197,1,-1
2021-02-24 15:15:00.678,16197,16198,16198,1,1
2021-02-24 15:15:00.679,16197,16198,16199,1,1
2021-02-24 15:15:00.680,16197,16198,16199,1,1
2021-02-24 15:15:00.921,16199,16200,16199,1,-1
2021-02-24 15:15:01.310,16198,16200,16200,4,4
2021-02-24 15:15:01.310,16198,16200,16201,4,4
2021-02-24 15:15:01.424,16199,16201,16201,1,1
2021-02-24 15:15:01.426,16199,16201,16201,1,1
2021-02-24 15:15:01.426,16199,16201,16202,1,1
2021-02-24 15:15:01.463,16199,16201,16202,1,1
2021-02-24 15:15:01.522,16199,16201,16202,2,2
2021-02-24 15:15:01.818,16199,16201,16201,1,1
2021-02-24 15:15:01.827,16199,16201,16202,1,1
2021-02-24 15:15:04.554,16201,16202,16202,1,1
2021-02-24 15:15:04.988,16201,16202,16202,1,1
2021-02-24 15:15:05.913,16201,16202,16201,4,-4
2021-02-24 15:15:06.203,16200,16202,16200,1,-1
2021-02-24 15:15:07.064,16200,16201,16201,1,1
2021-02-24 15:15:07.174,16200,16202,16202,1,1
2021-02-24 15:15:07.175,16200,16202,16202,1,1
2021-02-24 15:15:07.177,16200,16202,16202,1,1
2021-02-24 15:15:07.177,16200,16202,16202,1,1
2021-02-24 15:15:07.178,16200,16202,16202,1,1
2021-02-24 15:15:07.178,16200,16202,16203,1,1
2021-02-24 15:15:07.178,16200,16202,16203,1,1
2021-02-24 15:15:07.178,16200,16202,16203,1,1
2021-02-24 15:15:07.179,16200,16202,16203,1,1
2021-02-24 15:15:07.179,16200,16202,16203,1,1
2021-02-24 15:15:07.179,16200,16202,16203,1,1
2021-02-24 15:15:07.180,16200,16202,16203,1,1
2021-02-24 15:15:07.181,16200,16202,16203,1,1
2021-02-24 15:15:07.181,16200,16202,16203,1,1
2021-02-24 15:15:07.181,16200,16202,16203,1,1
2021-02-24 15:15:07.181,16200,16202,16203,1,1
2021-02-24 15:15:07.181,16200,16202,16203,1,1
2021-02-24 15:15:07.181,16200,16202,16203,2,2
2021-02-24 15:15:07.181,16200,16202,16204,1,1
2021-02-24 15:15:07.181,16200,16202,16204,1,1
2021-02-24 15:15:07.181,16200,16202,16204,1,1
2021-02-24 15:15:07.181,16200,16202,16204,1,1
2021-02-24 15:15:07.181,16200,16202,16204,1,1
2021-02-24 15:15:07.181,16200,16202,16203,1,1
2021-02-24 15:15:07.181,16200,16202,16204,1,1
2021-02-24 15:15:07.182,16200,16202,16204,1,1
2021-02-24 15:15:07.182,16200,16202,16204,1,1
2021-02-24 15:15:07.450,16203,16205,16203,1,-1
2021-02-24 15:15:07.539,16203,16205,16205,3,3
2021-02-24 15:15:07.545,16203,16205,16205,2,2
2021-02-24 15:15:07.625,16203,16205,16205,3,3
2021-02-24 15:15:07.626,16203,16205,16204,1,-1
2021-02-24 15:15:07.667,16203,16205,16203,1,-1
2021-02-24 15:15:08.597,16203,16205,16205,5,5
2021-02-24 15:15:08.697,16204,16206,16204,1,-1
2021-02-24 15:15:08.999,16204,16206,16206,1,1
2021-02-24 15:15:09.076,16204,16206,16206,1,1
2021-02-24 15:15:09.076,16204,16206,16206,1,1
2021-02-24 15:15:09.415,16204,16206,16204,1,-1
2021-02-24 15:15:09.713,16203,16205,16203,1,-1
2021-02-24 15:15:11.473,16203,16205,16205,2,2
2021-02-24 15:15:12.523,16203,16205,16203,1,-1
2021-02-24 15:15:13.655,16203,16205,16203,1,-1
2021-02-24 15:15:13.698,16202,16204,16202,1,-1
2021-02-24 15:15:14.498,16203,16204,16204,1,1
2021-02-24 15:15:14.548,16203,16205,16205,1,1
2021-02-24 15:15:14.850,16203,16204,16204,1,1
2021-02-24 15:15:16.227,16204,16205,16205,1,1
2021-02-24 15:15:16.484,16204,16205,16205,2,2
2021-02-24 15:15:16.484,16204,16205,16206,1,1
2021-02-24 15:15:17.970,16205,16206,16206,1,1
2021-02-24 15:15:18.049,16205,16206,16206,1,1
2021-02-24 15:15:18.050,16205,16206,16206,1,1
2021-02-24 15:15:18.050,16205,16206,16206,7,7
2021-02-24 15:15:18.051,16205,16206,16207,1,1
2021-02-24 15:15:18.056,16205,16206,16207,1,1
2021-02-24 15:15:18.056,16205,16206,16207,1,1
2021-02-24 15:15:18.327,16206,16207,16207,4,4
2021-02-24 15:15:18.328,16206,16207,16207,1,1
2021-02-24 15:15:18.614,16206,16207,16206,1,-1
2021-02-24 15:15:19.636,16206,16207,16206,1,-1
2021-02-24 15:15:19.700,16206,16207,16207,1,1
2021-02-24 15:15:20.742,16206,16207,16206,1,-1
2021-02-24 15:15:21.330,16206,16207,16207,2,2
2021-02-24 15:15:22.932,16207,16208,16207,1,-1
2021-02-24 15:15:23.909,16207,16208,16208,4,4
2021-02-24 15:15:23.910,16207,16208,16208,1,1
2021-02-24 15:15:23.910,16207,16208,16208,1,1
2021-02-24 15:15:23.910,16207,16208,16208,1,1
2021-02-24 15:15:23.999,16207,16208,16208,2,2
2021-02-24 15:15:24.008,16207,16208,16208,2,2
2021-02-24 15:15:24.295,16207,16208,16207,1,-1
2021-02-24 15:15:24.470,16207,16208,16208,1,1
2021-02-24 15:15:24.599,16207,16208,16208,1,1
2021-02-24 15:15:24.838,16207,16208,16208,1,1
2021-02-24 15:15:24.868,16207,16208,16208,8,8
2021-02-24 15:15:26.769,16208,16209,16209,1,1
2021-02-24 15:15:27.314,16208,16209,16209,2,2
2021-02-24 15:15:27.424,16208,16209,16209,1,1
2021-02-24 15:15:27.425,16208,16209,16209,1,1
2021-02-24 15:15:27.426,16208,16209,16209,1,1
2021-02-24 15:15:27.430,16208,16209,16209,1,1
2021-02-24 15:15:27.430,16208,16209,16209,1,1
2021-02-24 15:15:27.430,16208,16209,16209,1,1
2021-02-24 15:15:27.430,16208,16209,16210,1,1
2021-02-24 15:15:27.534,16208,16209,16208,1,-1
2021-02-24 15:15:27.585,16208,16210,16210,1,1
2021-02-24 15:15:27.856,16208,16209,16209,1,1
2021-02-24 15:15:27.916,16208,16209,16209,1,1
2021-02-24 15:15:28.710,16209,16210,16210,1,1
2021-02-24 15:15:28.867,16209,16210,16210,1,1
2021-02-24 15:15:28.930,16209,16210,16210,1,1
2021-02-24 15:15:28.959,16209,16210,16210,1,1
2021-02-24 15:15:29.003,16209,16210,16210,1,1
2021-02-24 15:15:29.075,16209,16210,16210,1,1
2021-02-24 15:15:29.293,16209,16210,16210,6,6
2021-02-24 15:15:29.295,16209,16210,16210,4,4
2021-02-24 15:15:29.587,16209,16210,16210,1,1
2021-02-24 15:15:29.659,16209,16210,16210,1,1
2021-02-24 15:15:29.698,16209,16210,16210,1,1
2021-02-24 15:15:30.223,16209,16210,16211,3,3
2021-02-24 15:15:30.268,16209,16210,16209,1,-1
2021-02-24 15:15:30.270,16209,16210,16211,1,1
2021-02-24 15:15:30.746,16209,16211,16211,1,1
2021-02-24 15:15:30.786,16209,16211,16211,3,3
2021-02-24 15:15:31.375,16209,16210,16210,1,1
2021-02-24 15:15:31.900,16210,16211,16211,1,1
2021-02-24 15:15:31.993,16209,16211,16210,2,-2
2021-02-24 15:15:32.820,16210,16211,16210,1,-1
2021-02-24 15:15:33.483,16209,16210,16210,2,2
2021-02-24 15:15:34.696,16209,16210,16210,2,2
2021-02-24 15:15:35.613,16209,16210,16210,1,1
2021-02-24 15:15:36.082,16209,16211,16210,1,-1
2021-02-24 15:15:36.356,16209,16210,16210,1,1
2021-02-24 15:15:37.519,16209,16210,16210,1,1
2021-02-24 15:15:37.521,16209,16210,16210,4,4
2021-02-24 15:15:37.549,16209,16211,16211,1,1
2021-02-24 15:15:37.552,16209,16211,16211,1,1
2021-02-24 15:15:37.556,16209,16211,16211,1,1
2021-02-24 15:15:38.315,16209,16210,16210,1,1
2021-02-24 15:15:38.830,16209,16210,16209,1,-1
2021-02-24 15:15:39.026,16209,16210,16210,2,2
2021-02-24 15:15:39.740,16210,16211,16210,2,-2
2021-02-24 15:15:41.094,16209,16211,16209,7,-7
2021-02-24 15:15:41.505,16208,16209,16209,1,1
2021-02-24 15:15:42.522,16208,16209,16208,14,-14
2021-02-24 15:15:42.524,16208,16209,16207,5,-5
2021-02-24 15:15:47.004,16206,16208,16206,3,-3
2021-02-24 15:15:47.840,16205,16207,16205,1,-1
2021-02-24 15:15:47.841,16205,16207,16205,1,-1
2021-02-24 15:15:48.531,16204,16206,16205,1,-1
2021-02-24 15:15:48.535,16204,16206,16206,1,1
2021-02-24 15:15:48.556,16205,16207,16207,1,1
2021-02-24 15:15:48.638,16205,16207,16206,1,-1
2021-02-24 15:15:48.668,16205,16207,16205,1,-1
2021-02-24 15:15:48.694,16204,16206,16204,2,-2
2021-02-24 15:15:48.726,16204,16206,16205,1,1
2021-02-24 15:15:49.549,16204,16205,16205,1,1
2021-02-24 15:15:50.215,16204,16206,16206,1,1
2021-02-24 15:15:50.279,16204,16206,16205,1,-1
2021-02-24 15:15:51.446,16204,16205,16204,1,-1
2021-02-24 15:15:51.859,16203,16205,16203,5,-5
2021-02-24 15:15:51.881,16203,16205,16203,2,-2
2021-02-24 15:15:52.802,16202,16203,16202,5,-5
2021-02-24 15:15:52.803,16202,16203,16202,1,-1
2021-02-24 15:15:53.498,16201,16203,16201,1,-1
2021-02-24 15:15:53.699,16200,16201,16200,1,-1
2021-02-24 15:15:53.699,16200,16201,16200,1,-1
2021-02-24 15:15:54.395,16200,16201,16201,1,1
2021-02-24 15:15:54.562,16200,16201,16200,3,-3
2021-02-24 15:15:55.392,16199,16200,16200,2,2
2021-02-24 15:15:55.708,16200,16201,16200,1,-1
2021-02-24 15:15:55.708,16200,16201,16199,1,-1
2021-02-24 15:15:56.690,16199,16201,16199,5,-5
2021-02-24 15:15:57.858,16199,16201,16199,5,-5
2021-02-24 15:15:57.859,16199,16201,16200,1,1
2021-02-24 15:15:58.434,16198,16200,16199,1,-1
2021-02-24 15:15:58.517,16198,16200,16199,1,-1
2021-02-24 15:15:58.840,16198,16200,16199,1,-1
2021-02-24 15:16:00.104,16199,16200,16199,1,-1
2021-02-24 15:16:00.244,16198,16200,16199,1,-1
2021-02-24 15:16:00.399,16198,16199,16199,1,1
2021-02-24 15:16:01.265,16198,16199,16199,6,6
2021-02-24 15:16:01.300,16199,16200,16200,1,1
2021-02-24 15:16:01.301,16199,16200,16200,1,1
2021-02-24 15:16:01.305,16199,16200,16201,1,1
2021-02-24 15:16:01.305,16199,16200,16201,1,1
2021-02-24 15:16:01.451,16200,16201,16199,2,-2
2021-02-24 15:16:01.604,16199,16201,16199,1,-1
2021-02-24 15:16:02.291,16199,16200,16200,1,1
2021-02-24 15:16:05.850,16199,16201,16199,1,-1
2021-02-24 15:16:05.904,16199,16201,16199,2,-2
2021-02-24 15:16:07.321,16199,16200,16199,1,-1
2021-02-24 15:16:08.737,16199,16200,16200,1,1
2021-02-24 15:16:08.800,16199,16200,16200,1,1
2021-02-24 15:16:08.800,16199,16200,16200,2,2
2021-02-24 15:16:08.800,16199,16200,16200,1,1
2021-02-24 15:16:08.801,16199,16200,16200,1,1
2021-02-24 15:16:08.801,16199,16200,16200,1,1
2021-02-24 15:16:08.801,16199,16200,16200,1,1
2021-02-24 15:16:08.802,16199,16200,16200,1,1
2021-02-24 15:16:08.803,16199,16200,16200,1,1
2021-02-24 15:16:08.803,16199,16200,16200,1,1
2021-02-24 15:16:08.803,16199,16200,16201,1,1
2021-02-24 15:16:08.804,16199,16200,16201,1,1
2021-02-24 15:16:08.805,16199,16200,16202,1,1
2021-02-24 15:16:08.805,16199,16200,16202,1,1
2021-02-24 15:16:08.806,16199,16200,16202,1,1
2021-02-24 15:16:08.806,16199,16200,16203,2,2
2021-02-24 15:16:08.806,16199,16200,16203,1,1
2021-02-24 15:16:08.806,16199,16200,16203,1,1
2021-02-24 15:16:08.806,16199,16200,16203,1,1
2021-02-24 15:16:09.869,16201,16202,16202,1,1
2021-02-24 15:16:11.179,16201,16204,16201,1,-1
2021-02-24 15:16:11.750,16201,16203,16201,2,-2
2021-02-24 15:16:12.891,16200,16201,16201,1,1
2021-02-24 15:16:13.451,16200,16201,16200,1,-1
2021-02-24 15:16:16.923,16200,16201,16200,5,-5
2021-02-24 15:16:16.924,16200,16201,16199,2,-2
2021-02-24 15:16:16.925,16200,16201,16199,1,-1
2021-02-24 15:16:17.221,16198,16200,16198,1,-1
2021-02-24 15:16:17.299,16198,16200,16200,2,2
2021-02-24 15:16:17.300,16198,16200,16200,1,1
2021-02-24 15:16:17.301,16198,16200,16200,1,1
2021-02-24 15:16:17.302,16198,16200,16201,1,1
2021-02-24 15:16:17.302,16198,16200,16201,1,1
2021-02-24 15:16:17.305,16198,16200,16201,1,1
2021-02-24 15:16:20.404,16199,16201,16200,1,-1
2021-02-24 15:16:20.787,16199,16201,16199,6,-6
2021-02-24 15:16:21.917,16198,16200,16200,2,2
2021-02-24 15:16:26.256,16198,16200,16200,1,1
2021-02-24 15:16:27.672,16199,16200,16200,1,1
2021-02-24 15:16:27.674,16199,16200,16200,1,1
2021-02-24 15:16:27.675,16199,16200,16200,1,1
2021-02-24 15:16:27.676,16199,16200,16201,1,1
2021-02-24 15:16:27.676,16199,16200,16201,1,1
2021-02-24 15:16:27.677,16199,16200,16200,1,1
2021-02-24 15:16:27.680,16199,16200,16201,1,1
2021-02-24 15:16:27.680,16199,16200,16201,1,1
2021-02-24 15:16:27.680,16199,16200,16201,1,1
2021-02-24 15:16:30.756,16199,16201,16200,1,-1
2021-02-24 15:16:31.039,16200,16201,16200,1,-1
2021-02-24 15:16:32.736,16199,16200,16199,2,-2
2021-02-24 15:16:32.736,16199,16200,16199,2,-2
2021-02-24 15:16:33.897,16198,16200,16198,1,-1
2021-02-24 15:16:36.519,16198,16199,16198,1,-1
2021-02-24 15:16:36.548,16198,16199,16198,11,-11
2021-02-24 15:16:36.548,16198,16199,16198,17,-17
2021-02-24 15:16:37.543,16197,16199,16199,1,1
2021-02-24 15:16:37.550,16197,16199,16199,1,1
2021-02-24 15:16:37.551,16197,16199,16199,1,1
2021-02-24 15:16:37.551,16197,16199,16200,1,1
2021-02-24 15:16:37.555,16197,16199,16200,1,1
2021-02-24 15:16:37.555,16197,16199,16201,1,1
2021-02-24 15:16:37.555,16197,16199,16201,1,1
2021-02-24 15:16:37.700,16198,16200,16198,1,-1
2021-02-24 15:16:39.611,16198,16199,16198,1,-1
2021-02-24 15:16:39.611,16198,16199,16198,1,-1
2021-02-24 15:16:41.761,16197,16198,16198,1,1
2021-02-24 15:16:41.891,16197,16198,16197,3,-3
2021-02-24 15:16:42.092,16196,16198,16198,1,1
2021-02-24 15:16:42.491,16196,16198,16197,1,-1
2021-02-24 15:16:46.323,16196,16197,16196,2,-2
2021-02-24 15:16:48.357,16196,16197,16197,1,1
2021-02-24 15:16:48.357,16196,16197,16198,2,2
2021-02-24 15:16:48.539,16196,16197,16196,2,-2
2021-02-24 15:16:48.623,16195,16197,16196,1,-1
2021-02-24 15:16:49.249,16195,16196,16195,1,-1
2021-02-24 15:16:49.344,16195,16196,16195,1,-1
2021-02-24 15:16:49.360,16195,16196,16195,1,-1
2021-02-24 15:16:49.429,16195,16196,16196,1,1
2021-02-24 15:16:50.105,16195,16197,16196,1,-1
2021-02-24 15:16:50.224,16195,16197,16195,2,-2
2021-02-24 15:16:50.556,16195,16197,16196,1,1
2021-02-24 15:16:53.068,16195,16196,16196,1,1
2021-02-24 15:16:53.818,16195,16196,16195,2,-2
2021-02-24 15:16:54.452,16195,16196,16196,1,1
2021-02-24 15:16:54.452,16195,16196,16196,1,1
2021-02-24 15:16:54.456,16195,16196,16197,1,1
2021-02-24 15:16:55.215,16197,16198,16197,1,-1
2021-02-24 15:16:55.726,16197,16198,16197,1,-1
