2019-11-27 15:00:00,11648,11648,11648,112,112
2019-11-27 15:00:00,11648,11648,11648,2,2
2019-11-27 15:00:00,11649,11649,11649,2,2
2019-11-27 15:00:00,11649,11649,11649,2,2
2019-11-27 15:00:00,11649,11649,11649,4,4
2019-11-27 15:00:00,11649,11649,11649,2,2
2019-11-27 15:00:00,11648,11648,11648,4,-4
2019-11-27 15:00:00,11648,11648,11648,2,2
2019-11-27 15:00:00,11648,11648,11648,4,4
2019-11-27 15:00:00,11649,11649,11649,2,2
2019-11-27 15:00:00,11649,11649,11649,2,2
2019-11-27 15:00:00,11649,11649,11649,2,2
2019-11-27 15:00:00,11649,11649,11649,2,2
2019-11-27 15:00:00,11649,11649,11649,2,2
2019-11-27 15:00:00,11649,11649,11649,4,4
2019-11-27 15:00:01,11649,11649,11649,4,4
2019-11-27 15:00:01,11648,11648,11648,2,-2
2019-11-27 15:00:01,11649,11649,11649,2,2
2019-11-27 15:00:01,11649,11649,11649,22,22
2019-11-27 15:00:01,11650,11650,11650,2,2
2019-11-27 15:00:01,11649,11649,11649,2,-2
2019-11-27 15:00:01,11650,11650,11650,2,2
2019-11-27 15:00:01,11650,11650,11650,12,12
2019-11-27 15:00:01,11650,11650,11650,8,8
2019-11-27 15:00:01,11651,11651,11651,8,8
2019-11-27 15:00:02,11651,11651,11651,2,2
2019-11-27 15:00:02,11651,11651,11651,4,4
2019-11-27 15:00:02,11651,11651,11651,2,2
2019-11-27 15:00:02,11651,11651,11651,2,2
2019-11-27 15:00:02,11651,11651,11651,4,4
2019-11-27 15:00:02,11651,11651,11651,2,2
2019-11-27 15:00:02,11651,11651,11651,2,2
2019-11-27 15:00:02,11652,11652,11652,2,2
2019-11-27 15:00:02,11651,11651,11651,10,-10
2019-11-27 15:00:02,11652,11652,11652,2,2
2019-11-27 15:00:02,11652,11652,11652,40,40
2019-11-27 15:00:03,11652,11652,11652,2,2
2019-11-27 15:00:03,11652,11652,11652,2,2
2019-11-27 15:00:04,11653,11653,11653,2,2
2019-11-27 15:00:04,11653,11653,11653,4,4
2019-11-27 15:00:04,11653,11653,11653,4,4
2019-11-27 15:00:04,11653,11653,11653,4,4
2019-11-27 15:00:05,11653,11653,11653,4,4
2019-11-27 15:00:05,11653,11653,11653,8,8
2019-11-27 15:00:07,11652,11652,11652,2,-2
2019-11-27 15:00:07,11653,11653,11653,2,2
2019-11-27 15:00:07,11652,11652,11652,4,-4
2019-11-27 15:00:07,11652,11652,11652,2,2
2019-11-27 15:00:07,11652,11652,11652,2,2
2019-11-27 15:00:07,11653,11653,11653,2,2
2019-11-27 15:00:08,11653,11653,11653,2,2
2019-11-27 15:00:08,11652,11652,11652,4,-4
2019-11-27 15:00:08,11652,11652,11652,2,2
2019-11-27 15:00:08,11653,11653,11653,2,2
2019-11-27 15:00:08,11651,11651,11651,2,-2
2019-11-27 15:00:08,11652,11652,11652,2,2
2019-11-27 15:00:08,11653,11653,11653,2,2
2019-11-27 15:00:08,11652,11652,11652,2,-2
2019-11-27 15:00:09,11653,11653,11653,2,2
2019-11-27 15:00:10,11651,11651,11651,2,-2
2019-11-27 15:00:11,11651,11651,11651,2,2
2019-11-27 15:00:11,11651,11651,11651,2,2
2019-11-27 15:00:12,11650,11650,11650,2,-2
2019-11-27 15:00:13,11651,11651,11651,2,2
2019-11-27 15:00:13,11651,11651,11651,8,8
2019-11-27 15:00:13,11650,11650,11650,2,-2
2019-11-27 15:00:14,11650,11650,11650,4,4
2019-11-27 15:00:14,11650,11650,11650,6,6
2019-11-27 15:00:14,11650,11650,11650,2,2
2019-11-27 15:00:16,11650,11650,11650,2,2
2019-11-27 15:00:16,11650,11650,11650,2,2
2019-11-27 15:00:16,11651,11651,11651,2,2
2019-11-27 15:00:17,11651,11651,11651,2,2
2019-11-27 15:00:18,11650,11650,11650,2,-2
2019-11-27 15:00:18,11650,11650,11650,2,2
2019-11-27 15:00:18,11650,11650,11650,2,2
2019-11-27 15:00:18,11650,11650,11650,2,2
2019-11-27 15:00:19,11650,11650,11650,2,2
2019-11-27 15:00:20,11650,11650,11650,2,2
2019-11-27 15:00:20,11650,11650,11650,4,4
2019-11-27 15:00:21,11650,11650,11650,4,4
2019-11-27 15:00:23,11650,11650,11650,2,2
2019-11-27 15:00:24,11650,11650,11650,2,2
2019-11-27 15:00:24,11650,11650,11650,2,2
2019-11-27 15:00:26,11650,11650,11650,4,4
2019-11-27 15:00:26,11650,11650,11650,2,2
2019-11-27 15:00:27,11650,11650,11650,2,2
2019-11-27 15:00:28,11650,11650,11650,2,2
2019-11-27 15:00:29,11650,11650,11650,2,2
2019-11-27 15:00:29,11650,11650,11650,6,6
2019-11-27 15:00:29,11650,11650,11650,2,2
2019-11-27 15:00:29,11650,11650,11650,4,4
2019-11-27 15:00:29,11650,11650,11650,2,2
2019-11-27 15:00:30,11650,11650,11650,2,2
2019-11-27 15:00:31,11650,11650,11650,6,6
2019-11-27 15:00:31,11650,11650,11650,2,2
2019-11-27 15:00:32,11650,11650,11650,2,2
2019-11-27 15:00:35,11650,11650,11650,2,2
2019-11-27 15:00:36,11650,11650,11650,2,2
2019-11-27 15:00:36,11650,11650,11650,8,8
2019-11-27 15:00:37,11650,11650,11650,10,10
2019-11-27 15:00:37,11651,11651,11651,8,8
2019-11-27 15:00:38,11650,11650,11650,2,-2
2019-11-27 15:00:38,11650,11650,11650,2,2
2019-11-27 15:00:38,11650,11650,11650,6,6
2019-11-27 15:00:38,11650,11650,11650,4,4
2019-11-27 15:00:39,11650,11650,11650,2,2
2019-11-27 15:00:40,11650,11650,11650,2,2
2019-11-27 15:00:41,11650,11650,11650,16,16
2019-11-27 15:00:43,11650,11650,11650,4,4
2019-11-27 15:00:45,11650,11650,11650,2,2
2019-11-27 15:00:45,11651,11651,11651,2,2
2019-11-27 15:00:46,11650,11650,11650,2,-2
2019-11-27 15:00:49,11650,11650,11650,4,4
2019-11-27 15:00:49,11650,11650,11650,2,2
2019-11-27 15:00:50,11651,11651,11651,8,8
2019-11-27 15:00:54,11650,11650,11650,2,-2
2019-11-27 15:00:54,11650,11650,11650,2,2
2019-11-27 15:00:54,11650,11650,11650,2,2
2019-11-27 15:00:54,11650,11650,11650,4,4
2019-11-27 15:01:00,11651,11651,11651,6,6
2019-11-27 15:01:00,11650,11650,11650,2,-2
2019-11-27 15:01:00,11651,11651,11651,2,2
2019-11-27 15:01:00,11651,11651,11651,2,2
2019-11-27 15:01:00,11651,11651,11651,64,64
2019-11-27 15:01:00,11651,11651,11651,2,2
2019-11-27 15:01:00,11651,11651,11651,4,4
2019-11-27 15:01:00,11652,11652,11652,2,2
2019-11-27 15:01:01,11651,11651,11651,4,-4
2019-11-27 15:01:01,11651,11651,11651,6,6
2019-11-27 15:01:08,11651,11651,11651,2,2
2019-11-27 15:01:08,11652,11652,11652,2,2
2019-11-27 15:01:08,11652,11652,11652,2,2
2019-11-27 15:01:08,11652,11652,11652,2,2
2019-11-27 15:01:08,11652,11652,11652,2,2
2019-11-27 15:01:08,11652,11652,11652,2,2
2019-11-27 15:01:08,11652,11652,11652,2,2
2019-11-27 15:01:08,11652,11652,11652,2,2
2019-11-27 15:01:10,11651,11651,11651,2,-2
2019-11-27 15:01:30,11651,11651,11651,2,2
2019-11-27 15:01:30,11651,11651,11651,4,4
2019-11-27 15:01:30,11651,11651,11651,2,2
2019-11-27 15:01:37,11651,11651,11651,4,4
2019-11-27 15:01:37,11651,11651,11651,6,6
2019-11-27 15:01:39,11651,11651,11651,2,2
2019-11-27 15:01:39,11651,11651,11651,4,4
2019-11-27 15:01:39,11651,11651,11651,2,2
2019-11-27 15:01:44,11651,11651,11651,2,2
2019-11-27 15:01:44,11651,11651,11651,2,2
2019-11-27 15:01:55,11651,11651,11651,2,2
2019-11-27 15:01:58,11651,11651,11651,18,18
2019-11-27 15:01:59,11651,11651,11651,8,8
2019-11-27 15:01:59,11652,11652,11652,2,2
2019-11-27 15:01:59,11652,11652,11652,46,46
2019-11-27 15:01:59,11651,11651,11651,2,-2
2019-11-27 15:01:59,11651,11651,11651,2,2
2019-11-27 15:02:05,11652,11652,11652,2,2
2019-11-27 15:02:18,11652,11652,11652,2,2
2019-11-27 15:02:19,11651,11651,11651,2,-2
2019-11-27 15:02:19,11651,11651,11651,2,2
2019-11-27 15:02:19,11652,11652,11652,2,2
2019-11-27 15:02:24,11651,11651,11651,2,-2
2019-11-27 15:02:24,11651,11651,11651,2,2
2019-11-27 15:02:29,11651,11651,11651,2,2
2019-11-27 15:02:29,11651,11651,11651,2,2
2019-11-27 15:02:29,11651,11651,11651,2,2
2019-11-27 15:02:29,11651,11651,11651,2,2
2019-11-27 15:02:31,11652,11652,11652,2,2
2019-11-27 15:02:36,11652,11652,11652,2,2
2019-11-27 15:02:37,11651,11651,11651,2,-2
2019-11-27 15:02:40,11650,11650,11650,2,-2
2019-11-27 15:02:41,11651,11651,11651,10,10
2019-11-27 15:02:43,11650,11650,11650,2,-2
2019-11-27 15:02:48,11650,11650,11650,2,2
2019-11-27 15:02:49,11650,11650,11650,2,2
2019-11-27 15:02:57,11651,11651,11651,4,4
2019-11-27 15:02:57,11651,11651,11651,4,4
2019-11-27 15:02:57,11651,11651,11651,4,4
2019-11-27 15:02:57,11651,11651,11651,4,4
2019-11-27 15:02:57,11651,11651,11651,4,4
2019-11-27 15:03:00,11651,11651,11651,2,2
2019-11-27 15:03:03,11651,11651,11651,2,2
2019-11-27 15:03:13,11651,11651,11651,2,2
2019-11-27 15:03:13,11651,11651,11651,2,2
2019-11-27 15:03:13,11651,11651,11651,2,2
2019-11-27 15:03:13,11651,11651,11651,2,2
2019-11-27 15:03:13,11651,11651,11651,2,2
2019-11-27 15:03:17,11650,11650,11650,2,-2
2019-11-27 15:03:17,11650,11650,11650,2,2
2019-11-27 15:03:17,11650,11650,11650,2,2
2019-11-27 15:03:17,11650,11650,11650,2,2
2019-11-27 15:03:17,11650,11650,11650,2,2
2019-11-27 15:03:19,11651,11651,11651,2,2
2019-11-27 15:03:40,11651,11651,11651,2,2
2019-11-27 15:03:44,11651,11651,11651,2,2
2019-11-27 15:03:47,11650,11650,11650,2,-2
2019-11-27 15:03:47,11650,11650,11650,4,4
2019-11-27 15:03:47,11650,11650,11650,2,2
2019-11-27 15:03:48,11650,11650,11650,2,2
2019-11-27 15:03:49,11650,11650,11650,2,2
2019-11-27 15:03:49,11650,11650,11650,2,2
2019-11-27 15:03:49,11650,11650,11650,2,2
2019-11-27 15:03:49,11650,11650,11650,2,2
2019-11-27 15:03:49,11650,11650,11650,4,4
2019-11-27 15:03:49,11650,11650,11650,2,2
2019-11-27 15:03:59,11650,11650,11650,2,2
2019-11-27 15:04:00,11651,11651,11651,2,2
2019-11-27 15:04:00,11651,11651,11651,2,2
2019-11-27 15:04:00,11651,11651,11651,2,2
2019-11-27 15:04:00,11651,11651,11651,2,2
2019-11-27 15:04:00,11651,11651,11651,4,4
2019-11-27 15:04:00,11651,11651,11651,2,2
2019-11-27 15:04:00,11650,11650,11650,2,-2
2019-11-27 15:04:00,11650,11650,11650,4,4
2019-11-27 15:04:00,11650,11650,11650,2,2
2019-11-27 15:04:02,11651,11651,11651,8,8
2019-11-27 15:04:15,11651,11651,11651,6,6
2019-11-27 15:04:15,11651,11651,11651,6,6
2019-11-27 15:04:15,11652,11652,11652,2,2
2019-11-27 15:04:19,11652,11652,11652,2,2
2019-11-27 15:04:27,11651,11651,11651,2,-2
2019-11-27 15:04:28,11651,11651,11651,4,4
2019-11-27 15:04:28,11651,11651,11651,2,2
2019-11-27 15:04:28,11651,11651,11651,2,2
2019-11-27 15:04:28,11651,11651,11651,2,2
2019-11-27 15:04:40,11651,11651,11651,2,2
2019-11-27 15:04:40,11651,11651,11651,4,4
2019-11-27 15:04:40,11651,11651,11651,4,4
2019-11-27 15:04:41,11650,11650,11650,4,-4
2019-11-27 15:04:42,11650,11650,11650,2,2
2019-11-27 15:05:02,11651,11651,11651,2,2
2019-11-27 15:05:03,11651,11651,11651,2,2
2019-11-27 15:05:03,11651,11651,11651,2,2
2019-11-27 15:05:13,11651,11651,11651,6,6
2019-11-27 15:05:19,11652,11652,11652,60,60
2019-11-27 15:05:19,11653,11653,11653,2,2
2019-11-27 15:05:19,11652,11652,11652,2,-2
2019-11-27 15:05:20,11653,11653,11653,2,2
2019-11-27 15:05:20,11652,11652,11652,2,-2
2019-11-27 15:05:20,11653,11653,11653,4,4
2019-11-27 15:05:20,11653,11653,11653,2,2
2019-11-27 15:05:24,11653,11653,11653,14,14
2019-11-27 15:05:24,11654,11654,11654,2,2
2019-11-27 15:05:24,11652,11652,11652,6,-6
2019-11-27 15:05:24,11652,11652,11652,6,6
2019-11-27 15:05:24,11652,11652,11652,6,6
2019-11-27 15:05:24,11654,11654,11654,2,2
2019-11-27 15:05:25,11654,11654,11654,2,2
2019-11-27 15:05:25,11654,11654,11654,2,2
2019-11-27 15:05:25,11654,11654,11654,2,2
2019-11-27 15:05:27,11653,11653,11653,2,-2
2019-11-27 15:05:28,11653,11653,11653,4,4
2019-11-27 15:05:29,11653,11653,11653,2,2
2019-11-27 15:05:33,11653,11653,11653,2,2
2019-11-27 15:05:36,11653,11653,11653,2,2
2019-11-27 15:05:36,11653,11653,11653,2,2
2019-11-27 15:05:50,11653,11653,11653,2,2
2019-11-27 15:05:50,11653,11653,11653,2,2
2019-11-27 15:05:53,11653,11653,11653,2,2
2019-11-27 15:05:58,11653,11653,11653,2,2
2019-11-27 15:06:00,11654,11654,11654,2,2
2019-11-27 15:06:00,11654,11654,11654,2,2
2019-11-27 15:06:00,11654,11654,11654,2,2
2019-11-27 15:06:00,11654,11654,11654,2,2
2019-11-27 15:06:03,11653,11653,11653,2,-2
2019-11-27 15:06:03,11653,11653,11653,2,2
2019-11-27 15:06:03,11653,11653,11653,2,2
2019-11-27 15:06:03,11653,11653,11653,2,2
2019-11-27 15:06:04,11654,11654,11654,10,10
2019-11-27 15:06:05,11654,11654,11654,4,4
2019-11-27 15:06:06,11654,11654,11654,2,2
2019-11-27 15:06:15,11654,11654,11654,2,2
2019-11-27 15:06:16,11654,11654,11654,2,2
2019-11-27 15:06:17,11653,11653,11653,10,-10
2019-11-27 15:06:17,11653,11653,11653,2,2
2019-11-27 15:06:17,11653,11653,11653,2,2
2019-11-27 15:06:17,11653,11653,11653,6,6
2019-11-27 15:06:18,11654,11654,11654,22,22
2019-11-27 15:06:20,11654,11654,11654,2,2
2019-11-27 15:06:22,11654,11654,11654,2,2
2019-11-27 15:06:25,11655,11655,11655,4,4
2019-11-27 15:06:25,11655,11655,11655,2,2
2019-11-27 15:06:26,11655,11655,11655,2,2
2019-11-27 15:06:26,11655,11655,11655,2,2
2019-11-27 15:06:28,11655,11655,11655,60,60
2019-11-27 15:06:30,11655,11655,11655,2,2
2019-11-27 15:06:50,11655,11655,11655,2,2
2019-11-27 15:06:52,11655,11655,11655,2,2
2019-11-27 15:06:53,11655,11655,11655,2,2
2019-11-27 15:06:55,11655,11655,11655,2,2
2019-11-27 15:06:55,11655,11655,11655,2,2
2019-11-27 15:06:55,11655,11655,11655,2,2
2019-11-27 15:06:56,11655,11655,11655,2,2
2019-11-27 15:06:56,11655,11655,11655,2,2
2019-11-27 15:06:56,11655,11655,11655,2,2
2019-11-27 15:07:02,11655,11655,11655,2,2
2019-11-27 15:07:03,11656,11656,11656,2,2
2019-11-27 15:07:03,11656,11656,11656,2,2
2019-11-27 15:07:03,11656,11656,11656,4,4
2019-11-27 15:07:04,11656,11656,11656,30,30
2019-11-27 15:07:04,11657,11657,11657,2,2
2019-11-27 15:07:04,11657,11657,11657,2,2
2019-11-27 15:07:04,11656,11656,11656,2,-2
2019-11-27 15:07:04,11657,11657,11657,2,2
2019-11-27 15:07:04,11657,11657,11657,2,2
2019-11-27 15:07:04,11657,11657,11657,4,4
2019-11-27 15:07:04,11657,11657,11657,2,2
2019-11-27 15:07:04,11657,11657,11657,2,2
2019-11-27 15:07:04,11657,11657,11657,2,2
2019-11-27 15:07:04,11657,11657,11657,2,2
2019-11-27 15:07:04,11656,11656,11656,2,-2
2019-11-27 15:07:04,11657,11657,11657,2,2
2019-11-27 15:07:05,11657,11657,11657,18,18
2019-11-27 15:07:05,11657,11657,11657,20,20
2019-11-27 15:07:05,11657,11657,11657,4,4
2019-11-27 15:07:05,11657,11657,11657,2,2
2019-11-27 15:07:05,11657,11657,11657,2,2
2019-11-27 15:07:05,11657,11657,11657,24,24
2019-11-27 15:07:05,11657,11657,11657,4,4
2019-11-27 15:07:05,11657,11657,11657,2,2
2019-11-27 15:07:05,11657,11657,11657,2,2
2019-11-27 15:07:05,11657,11657,11657,2,2
2019-11-27 15:07:05,11657,11657,11657,2,2
2019-11-27 15:07:05,11657,11657,11657,22,22
2019-11-27 15:07:06,11658,11658,11658,4,4
2019-11-27 15:07:06,11658,11658,11658,6,6
2019-11-27 15:07:06,11658,11658,11658,2,2
2019-11-27 15:07:06,11658,11658,11658,2,2
2019-11-27 15:07:06,11658,11658,11658,2,2
2019-11-27 15:07:06,11658,11658,11658,2,2
2019-11-27 15:07:07,11658,11658,11658,2,2
2019-11-27 15:07:07,11658,11658,11658,2,2
2019-11-27 15:07:07,11658,11658,11658,2,2
2019-11-27 15:07:07,11658,11658,11658,2,2
2019-11-27 15:07:07,11658,11658,11658,2,2
2019-11-27 15:07:08,11658,11658,11658,2,2
2019-11-27 15:07:08,11658,11658,11658,2,2
2019-11-27 15:07:09,11657,11657,11657,2,-2
2019-11-27 15:07:10,11657,11657,11657,2,2
2019-11-27 15:07:11,11658,11658,11658,2,2
2019-11-27 15:07:11,11656,11656,11656,2,-2
2019-11-27 15:07:11,11656,11656,11656,4,4
2019-11-27 15:07:13,11657,11657,11657,2,2
2019-11-27 15:07:14,11657,11657,11657,2,2
2019-11-27 15:07:15,11656,11656,11656,2,-2
2019-11-27 15:07:15,11657,11657,11657,2,2
2019-11-27 15:07:18,11657,11657,11657,8,8
2019-11-27 15:07:18,11657,11657,11657,2,2
2019-11-27 15:07:19,11657,11657,11657,2,2
2019-11-27 15:07:19,11657,11657,11657,2,2
2019-11-27 15:07:20,11657,11657,11657,2,2
2019-11-27 15:07:22,11658,11658,11658,2,2
2019-11-27 15:07:25,11658,11658,11658,2,2
2019-11-27 15:07:27,11658,11658,11658,10,10
2019-11-27 15:07:29,11658,11658,11658,2,2
2019-11-27 15:07:30,11658,11658,11658,2,2
2019-11-27 15:07:30,11657,11657,11657,2,-2
2019-11-27 15:07:30,11657,11657,11657,2,2
2019-11-27 15:07:30,11657,11657,11657,2,2
2019-11-27 15:07:31,11657,11657,11657,2,2
2019-11-27 15:07:33,11658,11658,11658,4,4
2019-11-27 15:07:34,11658,11658,11658,2,2
2019-11-27 15:07:36,11658,11658,11658,2,2
2019-11-27 15:07:38,11658,11658,11658,2,2
2019-11-27 15:07:38,11658,11658,11658,4,4
2019-11-27 15:07:39,11657,11657,11657,2,-2
2019-11-27 15:07:41,11657,11657,11657,2,2
2019-11-27 15:07:42,11657,11657,11657,2,2
2019-11-27 15:07:46,11657,11657,11657,2,2
2019-11-27 15:07:47,11658,11658,11658,76,76
2019-11-27 15:07:47,11658,11658,11658,2,2
2019-11-27 15:07:47,11659,11659,11659,6,6
2019-11-27 15:07:48,11659,11659,11659,2,2
2019-11-27 15:07:48,11658,11658,11658,4,-4
2019-11-27 15:07:48,11658,11658,11658,6,6
2019-11-27 15:07:48,11658,11658,11658,2,2
2019-11-27 15:07:48,11658,11658,11658,4,4
2019-11-27 15:07:49,11659,11659,11659,6,6
2019-11-27 15:07:56,11658,11658,11658,2,-2
2019-11-27 15:07:56,11659,11659,11659,2,2
2019-11-27 15:07:56,11659,11659,11659,2,2
2019-11-27 15:07:58,11659,11659,11659,2,2
2019-11-27 15:07:58,11658,11658,11658,2,-2
2019-11-27 15:07:58,11658,11658,11658,2,2
2019-11-27 15:07:58,11658,11658,11658,2,2
2019-11-27 15:07:59,11659,11659,11659,2,2
2019-11-27 15:08:02,11659,11659,11659,2,2
2019-11-27 15:08:02,11659,11659,11659,2,2
2019-11-27 15:08:03,11659,11659,11659,16,16
2019-11-27 15:08:03,11659,11659,11659,2,2
2019-11-27 15:08:03,11659,11659,11659,2,2
2019-11-27 15:08:03,11659,11659,11659,2,2
2019-11-27 15:08:05,11659,11659,11659,2,2
2019-11-27 15:08:05,11659,11659,11659,2,2
2019-11-27 15:08:05,11659,11659,11659,6,6
2019-11-27 15:08:07,11659,11659,11659,2,2
2019-11-27 15:08:07,11659,11659,11659,4,4
2019-11-27 15:08:08,11659,11659,11659,4,4
2019-11-27 15:08:09,11660,11660,11660,2,2
2019-11-27 15:08:09,11660,11660,11660,10,10
2019-11-27 15:08:09,11660,11660,11660,2,2
2019-11-27 15:08:09,11660,11660,11660,2,2
2019-11-27 15:08:09,11659,11659,11659,2,-2
2019-11-27 15:08:09,11660,11660,11660,2,2
2019-11-27 15:08:09,11660,11660,11660,2,2
2019-11-27 15:08:09,11660,11660,11660,2,2
2019-11-27 15:08:09,11660,11660,11660,2,2
2019-11-27 15:08:09,11660,11660,11660,2,2
2019-11-27 15:08:09,11660,11660,11660,2,2
2019-11-27 15:08:09,11660,11660,11660,2,2
2019-11-27 15:08:09,11660,11660,11660,2,2
2019-11-27 15:08:10,11660,11660,11660,2,2
2019-11-27 15:08:10,11660,11660,11660,2,2
2019-11-27 15:08:10,11660,11660,11660,2,2
2019-11-27 15:08:10,11660,11660,11660,2,2
2019-11-27 15:08:10,11660,11660,11660,2,2
2019-11-27 15:08:10,11660,11660,11660,2,2
2019-11-27 15:08:11,11659,11659,11659,2,-2
2019-11-27 15:08:11,11660,11660,11660,2,2
2019-11-27 15:08:11,11659,11659,11659,2,-2
2019-11-27 15:08:11,11659,11659,11659,6,6
2019-11-27 15:08:12,11659,11659,11659,2,2
2019-11-27 15:08:13,11659,11659,11659,2,2
2019-11-27 15:08:13,11660,11660,11660,2,2
2019-11-27 15:08:14,11660,11660,11660,2,2
2019-11-27 15:08:16,11660,11660,11660,2,2
2019-11-27 15:08:18,11659,11659,11659,2,-2
2019-11-27 15:08:18,11659,11659,11659,2,2
2019-11-27 15:08:18,11659,11659,11659,2,2
2019-11-27 15:08:18,11659,11659,11659,2,2
2019-11-27 15:08:18,11659,11659,11659,2,2
2019-11-27 15:08:19,11660,11660,11660,4,4
2019-11-27 15:08:22,11660,11660,11660,2,2
2019-11-27 15:08:23,11660,11660,11660,2,2
2019-11-27 15:08:23,11660,11660,11660,4,4
2019-11-27 15:08:23,11660,11660,11660,2,2
2019-11-27 15:08:26,11659,11659,11659,2,-2
2019-11-27 15:08:29,11660,11660,11660,2,2
2019-11-27 15:08:29,11660,11660,11660,2,2
2019-11-27 15:08:31,11660,11660,11660,2,2
2019-11-27 15:08:35,11659,11659,11659,2,-2
2019-11-27 15:08:43,11659,11659,11659,2,2
2019-11-27 15:08:46,11659,11659,11659,2,2
2019-11-27 15:08:46,11659,11659,11659,4,4
2019-11-27 15:08:46,11659,11659,11659,2,2
2019-11-27 15:08:47,11659,11659,11659,2,2
2019-11-27 15:08:47,11659,11659,11659,2,2
2019-11-27 15:08:47,11659,11659,11659,2,2
2019-11-27 15:08:47,11659,11659,11659,2,2
2019-11-27 15:08:47,11659,11659,11659,20,20
2019-11-27 15:08:47,11659,11659,11659,2,2
2019-11-27 15:08:47,11659,11659,11659,10,10
2019-11-27 15:08:47,11659,11659,11659,2,2
2019-11-27 15:08:47,11659,11659,11659,8,8
2019-11-27 15:08:47,11659,11659,11659,2,2
2019-11-27 15:08:47,11659,11659,11659,2,2
2019-11-27 15:08:47,11659,11659,11659,2,2
2019-11-27 15:08:47,11659,11659,11659,2,2
2019-11-27 15:08:47,11659,11659,11659,2,2
2019-11-27 15:08:47,11659,11659,11659,2,2
2019-11-27 15:08:47,11658,11658,11658,2,-2
2019-11-27 15:08:52,11658,11658,11658,2,2
2019-11-27 15:08:52,11658,11658,11658,4,4
2019-11-27 15:08:53,11658,11658,11658,2,2
2019-11-27 15:08:54,11659,11659,11659,4,4
2019-11-27 15:08:55,11659,11659,11659,2,2
2019-11-27 15:08:55,11658,11658,11658,2,-2
2019-11-27 15:08:56,11658,11658,11658,2,2
2019-11-27 15:08:56,11658,11658,11658,2,2
2019-11-27 15:08:56,11658,11658,11658,2,2
2019-11-27 15:08:56,11658,11658,11658,2,2
2019-11-27 15:08:57,11659,11659,11659,2,2
2019-11-27 15:08:59,11658,11658,11658,2,-2
2019-11-27 15:08:59,11658,11658,11658,2,2
2019-11-27 15:09:06,11659,11659,11659,2,2
2019-11-27 15:09:07,11658,11658,11658,2,-2
2019-11-27 15:09:07,11659,11659,11659,2,2
2019-11-27 15:09:14,11658,11658,11658,2,-2
2019-11-27 15:09:14,11658,11658,11658,2,2
2019-11-27 15:09:15,11658,11658,11658,2,2
2019-11-27 15:09:18,11658,11658,11658,2,2
2019-11-27 15:09:18,11658,11658,11658,2,2
2019-11-27 15:09:25,11659,11659,11659,4,4
2019-11-27 15:09:26,11658,11658,11658,2,-2
2019-11-27 15:09:28,11658,11658,11658,2,2
2019-11-27 15:09:31,11658,11658,11658,2,2
2019-11-27 15:09:46,11658,11658,11658,2,2
2019-11-27 15:09:46,11658,11658,11658,2,2
2019-11-27 15:09:46,11658,11658,11658,4,4
2019-11-27 15:09:46,11658,11658,11658,4,4
2019-11-27 15:09:46,11658,11658,11658,2,2
2019-11-27 15:09:46,11658,11658,11658,2,2
2019-11-27 15:09:46,11658,11658,11658,2,2
2019-11-27 15:09:46,11658,11658,11658,2,2
2019-11-27 15:09:46,11658,11658,11658,2,2
2019-11-27 15:09:46,11658,11658,11658,2,2
2019-11-27 15:09:48,11657,11657,11657,2,-2
2019-11-27 15:09:49,11658,11658,11658,2,2
2019-11-27 15:09:51,11657,11657,11657,2,-2
2019-11-27 15:09:55,11658,11658,11658,2,2
2019-11-27 15:09:56,11658,11658,11658,2,2
2019-11-27 15:09:57,11657,11657,11657,2,-2
2019-11-27 15:10:01,11657,11657,11657,2,2
2019-11-27 15:10:01,11658,11658,11658,2,2
2019-11-27 15:10:01,11658,11658,11658,2,2
2019-11-27 15:10:01,11658,11658,11658,2,2
2019-11-27 15:10:01,11658,11658,11658,2,2
2019-11-27 15:10:02,11657,11657,11657,2,-2
2019-11-27 15:10:03,11657,11657,11657,2,2
2019-11-27 15:10:04,11657,11657,11657,2,2
2019-11-27 15:10:05,11657,11657,11657,2,2
2019-11-27 15:10:05,11658,11658,11658,4,4
2019-11-27 15:10:07,11657,11657,11657,2,-2
2019-11-27 15:10:07,11657,11657,11657,2,2
2019-11-27 15:10:09,11658,11658,11658,2,2
2019-11-27 15:10:20,11658,11658,11658,2,2
2019-11-27 15:10:22,11658,11658,11658,4,4
2019-11-27 15:10:23,11657,11657,11657,2,-2
2019-11-27 15:10:23,11658,11658,11658,2,2
2019-11-27 15:10:25,11658,11658,11658,2,2
2019-11-27 15:10:29,11658,11658,11658,6,6
2019-11-27 15:10:31,11658,11658,11658,2,2
2019-11-27 15:10:33,11658,11658,11658,4,4
2019-11-27 15:10:33,11658,11658,11658,4,4
2019-11-27 15:10:33,11658,11658,11658,4,4
2019-11-27 15:10:33,11658,11658,11658,4,4
2019-11-27 15:10:33,11658,11658,11658,4,4
2019-11-27 15:10:33,11658,11658,11658,2,2
2019-11-27 15:10:35,11659,11659,11659,2,2
2019-11-27 15:10:43,11659,11659,11659,2,2
2019-11-27 15:10:54,11658,11658,11658,2,-2
2019-11-27 15:11:02,11658,11658,11658,2,2
2019-11-27 15:11:03,11658,11658,11658,2,2
2019-11-27 15:11:05,11658,11658,11658,2,2
2019-11-27 15:11:10,11658,11658,11658,2,2
2019-11-27 15:11:17,11658,11658,11658,2,2
2019-11-27 15:11:19,11658,11658,11658,2,2
2019-11-27 15:11:22,11658,11658,11658,2,2
2019-11-27 15:11:22,11658,11658,11658,2,2
2019-11-27 15:11:22,11658,11658,11658,2,2
2019-11-27 15:11:22,11658,11658,11658,4,4
2019-11-27 15:11:30,11657,11657,11657,2,-2
2019-11-27 15:11:48,11657,11657,11657,2,2
2019-11-27 15:11:49,11658,11658,11658,2,2
2019-11-27 15:12:00,11658,11658,11658,34,34
2019-11-27 15:12:00,11658,11658,11658,14,14
2019-11-27 15:12:01,11659,11659,11659,2,2
2019-11-27 15:12:01,11659,11659,11659,2,2
2019-11-27 15:12:03,11658,11658,11658,2,-2
2019-11-27 15:12:05,11659,11659,11659,6,6
2019-11-27 15:12:10,11658,11658,11658,4,-4
2019-11-27 15:12:19,11658,11658,11658,2,2
2019-11-27 15:12:31,11658,11658,11658,2,2
2019-11-27 15:12:32,11659,11659,11659,2,2
2019-11-27 15:12:32,11658,11658,11658,6,-6
2019-11-27 15:12:40,11658,11658,11658,2,2
2019-11-27 15:12:41,11658,11658,11658,2,2
2019-11-27 15:12:49,11658,11658,11658,4,4
2019-11-27 15:12:49,11658,11658,11658,2,2
2019-11-27 15:12:56,11658,11658,11658,2,2
2019-11-27 15:13:04,11658,11658,11658,2,2
2019-11-27 15:13:04,11658,11658,11658,2,2
2019-11-27 15:13:07,11658,11658,11658,2,2
2019-11-27 15:13:12,11659,11659,11659,2,2
2019-11-27 15:13:19,11659,11659,11659,6,6
2019-11-27 15:13:19,11658,11658,11658,2,-2
2019-11-27 15:13:20,11658,11658,11658,2,2
2019-11-27 15:13:27,11658,11658,11658,8,8
2019-11-27 15:13:27,11658,11658,11658,2,2
2019-11-27 15:13:32,11658,11658,11658,2,2
2019-11-27 15:13:33,11658,11658,11658,4,4
2019-11-27 15:13:33,11658,11658,11658,2,2
2019-11-27 15:13:33,11658,11658,11658,6,6
2019-11-27 15:13:36,11658,11658,11658,2,2
2019-11-27 15:13:39,11658,11658,11658,2,2
2019-11-27 15:13:42,11658,11658,11658,2,2
2019-11-27 15:13:42,11658,11658,11658,2,2
2019-11-27 15:13:42,11658,11658,11658,2,2
2019-11-27 15:13:45,11657,11657,11657,4,-4
2019-11-27 15:13:50,11658,11658,11658,4,4
2019-11-27 15:13:50,11658,11658,11658,6,6
2019-11-27 15:14:00,11658,11658,11658,2,2
2019-11-27 15:14:04,11658,11658,11658,2,2
2019-11-27 15:14:10,11658,11658,11658,2,2
2019-11-27 15:14:11,11658,11658,11658,2,2
2019-11-27 15:14:12,11658,11658,11658,2,2
2019-11-27 15:14:12,11658,11658,11658,2,2
2019-11-27 15:14:16,11658,11658,11658,2,2
2019-11-27 15:14:17,11658,11658,11658,2,2
2019-11-27 15:14:17,11658,11658,11658,2,2
2019-11-27 15:14:27,11658,11658,11658,2,2
2019-11-27 15:14:27,11658,11658,11658,2,2
2019-11-27 15:14:27,11658,11658,11658,2,2
2019-11-27 15:14:27,11658,11658,11658,4,4
2019-11-27 15:14:41,11658,11658,11658,4,4
2019-11-27 15:14:41,11658,11658,11658,2,2
2019-11-27 15:14:44,11659,11659,11659,2,2
2019-11-27 15:14:44,11659,11659,11659,2,2
2019-11-27 15:14:44,11659,11659,11659,2,2
2019-11-27 15:14:44,11659,11659,11659,2,2
2019-11-27 15:14:44,11659,11659,11659,2,2
2019-11-27 15:14:44,11659,11659,11659,2,2
2019-11-27 15:14:45,11658,11658,11658,2,-2
2019-11-27 15:14:45,11659,11659,11659,2,2
2019-11-27 15:14:46,11658,11658,11658,2,-2
2019-11-27 15:14:48,11659,11659,11659,2,2
2019-11-27 15:14:50,11659,11659,11659,2,2
2019-11-27 15:14:51,11659,11659,11659,2,2
2019-11-27 15:14:51,11659,11659,11659,4,4
2019-11-27 15:14:51,11659,11659,11659,2,2
2019-11-27 15:14:51,11659,11659,11659,2,2
2019-11-27 15:14:51,11659,11659,11659,2,2
2019-11-27 15:14:51,11659,11659,11659,4,4
2019-11-27 15:14:51,11659,11659,11659,2,2
2019-11-27 15:14:52,11659,11659,11659,2,2
2019-11-27 15:14:54,11658,11658,11658,2,-2
2019-11-27 15:14:59,11659,11659,11659,2,2
2019-11-27 15:14:59,11659,11659,11659,2,2
2019-11-27 15:15:00,11659,11659,11659,2,2
2019-11-27 15:15:00,11659,11659,11659,2,2
2019-11-27 15:15:00,11658,11658,11658,2,-2
2019-11-27 15:15:00,11659,11659,11659,2,2
2019-11-27 15:15:00,11659,11659,11659,2,2
2019-11-27 15:15:00,11659,11659,11659,2,2
2019-11-27 15:15:03,11659,11659,11659,6,6
2019-11-27 15:15:07,11659,11659,11659,2,2
2019-11-27 15:15:08,11659,11659,11659,4,4
2019-11-27 15:15:08,11659,11659,11659,2,2
2019-11-27 15:15:08,11659,11659,11659,2,2
2019-11-27 15:15:08,11659,11659,11659,4,4
2019-11-27 15:15:08,11659,11659,11659,2,2
2019-11-27 15:15:08,11659,11659,11659,2,2
2019-11-27 15:15:08,11659,11659,11659,2,2
2019-11-27 15:15:08,11659,11659,11659,2,2
2019-11-27 15:15:08,11659,11659,11659,2,2
2019-11-27 15:15:09,11659,11659,11659,14,14
2019-11-27 15:15:09,11659,11659,11659,2,2
2019-11-27 15:15:14,11659,11659,11659,2,2
2019-11-27 15:15:18,11659,11659,11659,2,2
2019-11-27 15:15:20,11659,11659,11659,2,2
2019-11-27 15:15:20,11660,11660,11660,2,2
2019-11-27 15:15:20,11660,11660,11660,2,2
2019-11-27 15:15:20,11660,11660,11660,2,2
2019-11-27 15:15:20,11660,11660,11660,2,2
2019-11-27 15:15:20,11660,11660,11660,2,2
2019-11-27 15:15:20,11660,11660,11660,2,2
2019-11-27 15:15:20,11660,11660,11660,10,10
2019-11-27 15:15:20,11660,11660,11660,2,2
2019-11-27 15:15:20,11660,11660,11660,2,2
2019-11-27 15:15:20,11660,11660,11660,10,10
2019-11-27 15:15:21,11660,11660,11660,2,2
2019-11-27 15:15:26,11660,11660,11660,2,2
2019-11-27 15:15:26,11660,11660,11660,2,2
2019-11-27 15:15:26,11660,11660,11660,4,4
2019-11-27 15:15:26,11660,11660,11660,2,2
2019-11-27 15:15:27,11660,11660,11660,2,2
2019-11-27 15:15:27,11660,11660,11660,2,2
2019-11-27 15:15:27,11660,11660,11660,2,2
2019-11-27 15:15:29,11660,11660,11660,2,2
2019-11-27 15:15:34,11660,11660,11660,4,4
2019-11-27 15:15:34,11660,11660,11660,2,2
2019-11-27 15:15:34,11660,11660,11660,2,2
2019-11-27 15:15:34,11660,11660,11660,2,2
2019-11-27 15:15:34,11660,11660,11660,2,2
2019-11-27 15:15:34,11660,11660,11660,2,2
2019-11-27 15:15:39,11660,11660,11660,60,60
2019-11-27 15:15:39,11661,11661,11661,140,140
2019-11-27 15:15:39,11661,11661,11661,6,6
2019-11-27 15:15:39,11661,11661,11661,6,6
2019-11-27 15:15:39,11661,11661,11661,6,6
2019-11-27 15:15:39,11662,11662,11662,20,20
2019-11-27 15:15:39,11662,11662,11662,6,6
2019-11-27 15:15:39,11662,11662,11662,10,10
2019-11-27 15:15:39,11661,11661,11661,2,-2
2019-11-27 15:15:39,11662,11662,11662,2,2
2019-11-27 15:15:39,11662,11662,11662,2,2
2019-11-27 15:15:39,11662,11662,11662,22,22
2019-11-27 15:15:39,11662,11662,11662,8,8
2019-11-27 15:15:39,11662,11662,11662,6,6
2019-11-27 15:15:39,11662,11662,11662,4,4
2019-11-27 15:15:39,11662,11662,11662,4,4
2019-11-27 15:15:40,11662,11662,11662,2,2
2019-11-27 15:15:40,11662,11662,11662,2,2
2019-11-27 15:15:40,11662,11662,11662,124,124
2019-11-27 15:15:40,11663,11663,11663,2,2
2019-11-27 15:15:40,11663,11663,11663,8,8
2019-11-27 15:15:41,11663,11663,11663,2,2
2019-11-27 15:15:41,11663,11663,11663,2,2
2019-11-27 15:15:41,11663,11663,11663,2,2
2019-11-27 15:15:41,11663,11663,11663,2,2
2019-11-27 15:15:41,11663,11663,11663,2,2
2019-11-27 15:15:41,11663,11663,11663,4,4
2019-11-27 15:15:41,11663,11663,11663,2,2
2019-11-27 15:15:41,11663,11663,11663,2,2
2019-11-27 15:15:41,11663,11663,11663,2,2
2019-11-27 15:15:42,11663,11663,11663,2,2
2019-11-27 15:15:42,11663,11663,11663,4,4
2019-11-27 15:15:42,11663,11663,11663,2,2
2019-11-27 15:15:43,11663,11663,11663,6,6
2019-11-27 15:15:44,11663,11663,11663,2,2
2019-11-27 15:15:44,11663,11663,11663,2,2
2019-11-27 15:15:45,11663,11663,11663,2,2
2019-11-27 15:15:46,11663,11663,11663,2,2
2019-11-27 15:15:49,11662,11662,11662,2,-2
2019-11-27 15:15:50,11663,11663,11663,2,2
2019-11-27 15:15:50,11663,11663,11663,2,2
2019-11-27 15:15:50,11663,11663,11663,2,2
2019-11-27 15:15:50,11663,11663,11663,2,2
2019-11-27 15:15:50,11663,11663,11663,2,2
2019-11-27 15:15:50,11663,11663,11663,2,2
2019-11-27 15:15:50,11663,11663,11663,2,2
2019-11-27 15:15:50,11662,11662,11662,2,-2
2019-11-27 15:15:51,11663,11663,11663,6,6
2019-11-27 15:15:55,11663,11663,11663,4,4
2019-11-27 15:15:55,11663,11663,11663,4,4
2019-11-27 15:15:55,11663,11663,11663,2,2
2019-11-27 15:15:55,11663,11663,11663,6,6
2019-11-27 15:15:55,11663,11663,11663,2,2
2019-11-27 15:15:55,11663,11663,11663,6,6
2019-11-27 15:15:55,11663,11663,11663,2,2
2019-11-27 15:15:55,11663,11663,11663,6,6
2019-11-27 15:15:55,11663,11663,11663,6,6
2019-11-27 15:15:55,11663,11663,11663,4,4
2019-11-27 15:15:55,11663,11663,11663,4,4
2019-11-27 15:15:55,11663,11663,11663,2,2
2019-11-27 15:15:55,11663,11663,11663,4,4
2019-11-27 15:15:55,11663,11663,11663,2,2
2019-11-27 15:15:55,11663,11663,11663,2,2
2019-11-27 15:15:55,11663,11663,11663,2,2
2019-11-27 15:15:56,11664,11664,11664,2,2
2019-11-27 15:15:56,11664,11664,11664,4,4
2019-11-27 15:15:56,11664,11664,11664,2,2
2019-11-27 15:15:56,11664,11664,11664,2,2
2019-11-27 15:15:56,11664,11664,11664,4,4
2019-11-27 15:15:56,11664,11664,11664,2,2
2019-11-27 15:15:56,11663,11663,11663,2,-2
2019-11-27 15:15:56,11664,11664,11664,2,2
2019-11-27 15:15:57,11663,11663,11663,4,-4
2019-11-27 15:15:57,11664,11664,11664,2,2
2019-11-27 15:15:58,11664,11664,11664,2,2
2019-11-27 15:15:59,11663,11663,11663,2,-2
2019-11-27 15:15:59,11664,11664,11664,4,4
2019-11-27 15:15:59,11663,11663,11663,2,-2
2019-11-27 15:15:59,11663,11663,11663,2,2
2019-11-27 15:16:02,11664,11664,11664,6,6
2019-11-27 15:16:03,11664,11664,11664,2,2
2019-11-27 15:16:04,11663,11663,11663,10,-10
2019-11-27 15:16:05,11664,11664,11664,4,4
2019-11-27 15:16:05,11664,11664,11664,8,8
2019-11-27 15:16:05,11664,11664,11664,4,4
2019-11-27 15:16:05,11664,11664,11664,2,2
2019-11-27 15:16:05,11664,11664,11664,8,8
2019-11-27 15:16:05,11664,11664,11664,8,8
2019-11-27 15:16:05,11664,11664,11664,2,2
2019-11-27 15:16:05,11664,11664,11664,2,2
2019-11-27 15:16:05,11664,11664,11664,8,8
2019-11-27 15:16:05,11664,11664,11664,4,4
2019-11-27 15:16:05,11664,11664,11664,4,4
2019-11-27 15:16:05,11664,11664,11664,2,2
2019-11-27 15:16:05,11664,11664,11664,8,8
2019-11-27 15:16:05,11664,11664,11664,2,2
2019-11-27 15:16:06,11664,11664,11664,2,2
2019-11-27 15:16:07,11664,11664,11664,2,2
2019-11-27 15:16:07,11664,11664,11664,4,4
2019-11-27 15:16:07,11663,11663,11663,2,-2
2019-11-27 15:16:08,11664,11664,11664,16,16
2019-11-27 15:16:13,11663,11663,11663,2,-2
2019-11-27 15:16:14,11664,11664,11664,2,2
2019-11-27 15:16:14,11664,11664,11664,2,2
2019-11-27 15:16:15,11664,11664,11664,2,2
2019-11-27 15:16:15,11664,11664,11664,2,2
2019-11-27 15:16:15,11664,11664,11664,2,2
2019-11-27 15:16:17,11663,11663,11663,2,-2
2019-11-27 15:16:18,11663,11663,11663,2,2
2019-11-27 15:16:18,11663,11663,11663,2,2
2019-11-27 15:16:18,11663,11663,11663,2,2
2019-11-27 15:16:20,11663,11663,11663,2,2
2019-11-27 15:16:21,11664,11664,11664,2,2
2019-11-27 15:16:22,11663,11663,11663,2,-2
2019-11-27 15:16:22,11663,11663,11663,2,2
2019-11-27 15:16:22,11663,11663,11663,2,2
2019-11-27 15:16:23,11663,11663,11663,2,2
2019-11-27 15:16:23,11663,11663,11663,2,2
2019-11-27 15:16:29,11663,11663,11663,2,2
2019-11-27 15:16:30,11663,11663,11663,2,2
2019-11-27 15:16:30,11663,11663,11663,2,2
2019-11-27 15:16:30,11663,11663,11663,2,2
2019-11-27 15:16:30,11663,11663,11663,2,2
2019-11-27 15:16:30,11663,11663,11663,2,2
2019-11-27 15:16:30,11663,11663,11663,2,2
2019-11-27 15:16:30,11662,11662,11662,4,-4
2019-11-27 15:16:30,11662,11662,11662,2,2
2019-11-27 15:16:30,11662,11662,11662,2,2
2019-11-27 15:16:30,11662,11662,11662,4,4
2019-11-27 15:16:34,11662,11662,11662,2,2
2019-11-27 15:16:35,11663,11663,11663,2,2
2019-11-27 15:16:36,11662,11662,11662,2,-2
2019-11-27 15:16:37,11662,11662,11662,2,2
2019-11-27 15:16:41,11663,11663,11663,2,2
2019-11-27 15:16:44,11663,11663,11663,4,4
2019-11-27 15:16:45,11663,11663,11663,2,2
2019-11-27 15:16:49,11663,11663,11663,6,6
2019-11-27 15:16:52,11663,11663,11663,4,4
2019-11-27 15:16:52,11662,11662,11662,2,-2
2019-11-27 15:16:53,11663,11663,11663,6,6
2019-11-27 15:16:55,11663,11663,11663,2,2
2019-11-27 15:16:58,11663,11663,11663,2,2
2019-11-27 15:17:05,11663,11663,11663,40,40
2019-11-27 15:17:06,11663,11663,11663,2,2
2019-11-27 15:17:11,11662,11662,11662,2,-2
2019-11-27 15:17:12,11663,11663,11663,2,2
2019-11-27 15:17:12,11663,11663,11663,2,2
2019-11-27 15:17:14,11663,11663,11663,8,8
2019-11-27 15:17:19,11663,11663,11663,16,16
2019-11-27 15:17:21,11662,11662,11662,2,-2
2019-11-27 15:17:23,11663,11663,11663,6,6
2019-11-27 15:17:30,11663,11663,11663,40,40
2019-11-27 15:17:35,11663,11663,11663,4,4
2019-11-27 15:17:35,11663,11663,11663,2,2
2019-11-27 15:17:36,11662,11662,11662,4,-4
2019-11-27 15:17:37,11663,11663,11663,2,2
2019-11-27 15:17:44,11663,11663,11663,2,2
2019-11-27 15:17:48,11662,11662,11662,2,-2
2019-11-27 15:17:48,11663,11663,11663,8,8
2019-11-27 15:17:54,11663,11663,11663,2,2
2019-11-27 15:17:55,11663,11663,11663,2,2
2019-11-27 15:17:57,11663,11663,11663,2,2
2019-11-27 15:17:57,11663,11663,11663,2,2
2019-11-27 15:17:59,11663,11663,11663,2,2
2019-11-27 15:18:02,11662,11662,11662,2,-2
2019-11-27 15:18:07,11663,11663,11663,2,2
2019-11-27 15:18:10,11663,11663,11663,2,2
2019-11-27 15:18:14,11663,11663,11663,2,2
2019-11-27 15:18:17,11664,11664,11664,10,10
2019-11-27 15:18:17,11664,11664,11664,4,4
2019-11-27 15:18:17,11664,11664,11664,2,2
2019-11-27 15:18:17,11663,11663,11663,2,-2
2019-11-27 15:18:17,11663,11663,11663,2,2
2019-11-27 15:18:24,11663,11663,11663,2,2
2019-11-27 15:18:29,11663,11663,11663,2,2
2019-11-27 15:18:29,11663,11663,11663,2,2
2019-11-27 15:18:34,11664,11664,11664,2,2
2019-11-27 15:18:35,11664,11664,11664,40,40
2019-11-27 15:18:36,11664,11664,11664,40,40
2019-11-27 15:18:36,11664,11664,11664,8,8
2019-11-27 15:18:36,11664,11664,11664,2,2
2019-11-27 15:18:36,11664,11664,11664,2,2
2019-11-27 15:18:38,11663,11663,11663,2,-2
2019-11-27 15:18:45,11664,11664,11664,2,2
2019-11-27 15:18:49,11664,11664,11664,2,2
2019-11-27 15:18:52,11664,11664,11664,2,2
2019-11-27 15:18:52,11664,11664,11664,2,2
2019-11-27 15:18:54,11664,11664,11664,2,2
2019-11-27 15:18:54,11664,11664,11664,2,2
2019-11-27 15:18:54,11665,11665,11665,2,2
2019-11-27 15:18:54,11665,11665,11665,2,2
2019-11-27 15:18:54,11665,11665,11665,4,4
2019-11-27 15:18:54,11665,11665,11665,2,2
2019-11-27 15:18:54,11665,11665,11665,2,2
2019-11-27 15:18:54,11665,11665,11665,2,2
2019-11-27 15:18:54,11665,11665,11665,2,2
2019-11-27 15:18:54,11665,11665,11665,2,2
2019-11-27 15:18:54,11665,11665,11665,2,2
2019-11-27 15:18:54,11665,11665,11665,2,2
2019-11-27 15:18:55,11664,11664,11664,2,-2
2019-11-27 15:18:56,11664,11664,11664,2,2
2019-11-27 15:19:00,11663,11663,11663,2,-2
2019-11-27 15:19:02,11664,11664,11664,4,4
2019-11-27 15:19:04,11664,11664,11664,2,2
2019-11-27 15:19:05,11665,11665,11665,2,2
2019-11-27 15:19:06,11664,11664,11664,2,-2
2019-11-27 15:19:06,11664,11664,11664,2,2
2019-11-27 15:19:06,11665,11665,11665,2,2
2019-11-27 15:19:15,11664,11664,11664,2,-2
2019-11-27 15:19:15,11664,11664,11664,2,2
2019-11-27 15:19:17,11665,11665,11665,2,2
2019-11-27 15:19:17,11665,11665,11665,2,2
2019-11-27 15:19:19,11664,11664,11664,2,-2
2019-11-27 15:19:22,11665,11665,11665,2,2
2019-11-27 15:19:26,11665,11665,11665,2,2
2019-11-27 15:19:28,11665,11665,11665,2,2
2019-11-27 15:19:28,11665,11665,11665,2,2
2019-11-27 15:19:28,11665,11665,11665,2,2
2019-11-27 15:19:29,11665,11665,11665,2,2
2019-11-27 15:19:32,11665,11665,11665,2,2
2019-11-27 15:19:36,11665,11665,11665,4,4
2019-11-27 15:19:36,11665,11665,11665,2,2
2019-11-27 15:19:37,11665,11665,11665,2,2
2019-11-27 15:19:40,11664,11664,11664,2,-2
2019-11-27 15:19:41,11665,11665,11665,6,6
2019-11-27 15:19:41,11665,11665,11665,20,20
2019-11-27 15:19:41,11665,11665,11665,6,6
2019-11-27 15:19:51,11666,11666,11666,4,4
2019-11-27 15:19:52,11666,11666,11666,6,6
2019-11-27 15:19:52,11665,11665,11665,2,-2
2019-11-27 15:19:52,11666,11666,11666,2,2
2019-11-27 15:19:52,11666,11666,11666,2,2
2019-11-27 15:19:56,11666,11666,11666,10,10
2019-11-27 15:19:57,11666,11666,11666,2,2
2019-11-27 15:19:58,11666,11666,11666,2,2
2019-11-27 15:20:00,11666,11666,11666,2,2
2019-11-27 15:20:03,11666,11666,11666,4,4
2019-11-27 15:20:03,11666,11666,11666,4,4
2019-11-27 15:20:03,11666,11666,11666,6,6
2019-11-27 15:20:03,11666,11666,11666,6,6
2019-11-27 15:20:03,11666,11666,11666,2,2
2019-11-27 15:20:03,11666,11666,11666,6,6
2019-11-27 15:20:03,11666,11666,11666,6,6
2019-11-27 15:20:03,11666,11666,11666,4,4
2019-11-27 15:20:03,11666,11666,11666,2,2
2019-11-27 15:20:03,11666,11666,11666,2,2
2019-11-27 15:20:03,11666,11666,11666,2,2
2019-11-27 15:20:03,11666,11666,11666,2,2
2019-11-27 15:20:03,11667,11667,11667,2,2
2019-11-27 15:20:03,11667,11667,11667,2,2
2019-11-27 15:20:03,11667,11667,11667,2,2
2019-11-27 15:20:03,11667,11667,11667,6,6
2019-11-27 15:20:03,11667,11667,11667,2,2
2019-11-27 15:20:03,11667,11667,11667,2,2
2019-11-27 15:20:03,11667,11667,11667,2,2
2019-11-27 15:20:03,11667,11667,11667,4,4
2019-11-27 15:20:03,11667,11667,11667,2,2
2019-11-27 15:20:03,11667,11667,11667,10,10
2019-11-27 15:20:04,11667,11667,11667,2,2
2019-11-27 15:20:04,11666,11666,11666,2,-2
2019-11-27 15:20:04,11666,11666,11666,2,2
2019-11-27 15:20:05,11666,11666,11666,2,2
2019-11-27 15:20:05,11666,11666,11666,2,2
2019-11-27 15:20:05,11667,11667,11667,2,2
2019-11-27 15:20:06,11666,11666,11666,2,-2
2019-11-27 15:20:06,11666,11666,11666,4,4
2019-11-27 15:20:06,11666,11666,11666,2,2
2019-11-27 15:20:06,11667,11667,11667,2,2
2019-11-27 15:20:06,11666,11666,11666,2,-2
2019-11-27 15:20:06,11667,11667,11667,2,2
2019-11-27 15:20:06,11666,11666,11666,2,-2
2019-11-27 15:20:06,11666,11666,11666,2,2
2019-11-27 15:20:07,11666,11666,11666,2,2
2019-11-27 15:20:07,11666,11666,11666,2,2
2019-11-27 15:20:08,11666,11666,11666,2,2
2019-11-27 15:20:12,11666,11666,11666,2,2
2019-11-27 15:20:12,11666,11666,11666,6,6
2019-11-27 15:20:13,11666,11666,11666,2,2
2019-11-27 15:20:13,11666,11666,11666,2,2
2019-11-27 15:20:13,11666,11666,11666,4,4
2019-11-27 15:20:14,11666,11666,11666,2,2
2019-11-27 15:20:14,11666,11666,11666,2,2
2019-11-27 15:20:14,11666,11666,11666,2,2
2019-11-27 15:20:15,11666,11666,11666,2,2
2019-11-27 15:20:15,11666,11666,11666,2,2
2019-11-27 15:20:15,11666,11666,11666,2,2
2019-11-27 15:20:15,11666,11666,11666,6,6
2019-11-27 15:20:15,11666,11666,11666,2,2
2019-11-27 15:20:16,11666,11666,11666,2,2
2019-11-27 15:20:16,11666,11666,11666,2,2
2019-11-27 15:20:16,11666,11666,11666,2,2
2019-11-27 15:20:16,11666,11666,11666,2,2
2019-11-27 15:20:17,11666,11666,11666,2,2
2019-11-27 15:20:17,11666,11666,11666,2,2
2019-11-27 15:20:18,11666,11666,11666,4,4
2019-11-27 15:20:18,11666,11666,11666,2,2
2019-11-27 15:20:18,11666,11666,11666,2,2
2019-11-27 15:20:18,11666,11666,11666,2,2
2019-11-27 15:20:24,11666,11666,11666,2,2
2019-11-27 15:20:24,11666,11666,11666,2,2
2019-11-27 15:20:25,11666,11666,11666,2,2
2019-11-27 15:20:25,11666,11666,11666,2,2
2019-11-27 15:20:26,11666,11666,11666,4,4
2019-11-27 15:20:27,11666,11666,11666,4,4
2019-11-27 15:20:28,11666,11666,11666,2,2
2019-11-27 15:20:29,11666,11666,11666,2,2
2019-11-27 15:20:30,11666,11666,11666,4,4
2019-11-27 15:20:31,11666,11666,11666,4,4
2019-11-27 15:20:36,11666,11666,11666,2,2
2019-11-27 15:20:37,11666,11666,11666,2,2
2019-11-27 15:20:37,11666,11666,11666,2,2
2019-11-27 15:20:39,11666,11666,11666,2,2
2019-11-27 15:20:41,11666,11666,11666,2,2
2019-11-27 15:20:44,11666,11666,11666,2,2
2019-11-27 15:20:47,11666,11666,11666,4,4
2019-11-27 15:20:49,11666,11666,11666,2,2
2019-11-27 15:20:59,11666,11666,11666,4,4
2019-11-27 15:21:02,11666,11666,11666,4,4
2019-11-27 15:21:02,11666,11666,11666,4,4
2019-11-27 15:21:04,11666,11666,11666,2,2
2019-11-27 15:21:05,11666,11666,11666,2,2
2019-11-27 15:21:06,11666,11666,11666,2,2
2019-11-27 15:21:06,11666,11666,11666,2,2
2019-11-27 15:21:06,11666,11666,11666,2,2
2019-11-27 15:21:06,11666,11666,11666,2,2
2019-11-27 15:21:06,11666,11666,11666,2,2
2019-11-27 15:21:06,11666,11666,11666,2,2
2019-11-27 15:21:06,11666,11666,11666,2,2
2019-11-27 15:21:06,11666,11666,11666,2,2
2019-11-27 15:21:06,11666,11666,11666,2,2
2019-11-27 15:21:06,11666,11666,11666,2,2
2019-11-27 15:21:06,11666,11666,11666,4,4
2019-11-27 15:21:06,11666,11666,11666,2,2
2019-11-27 15:21:06,11666,11666,11666,4,4
2019-11-27 15:21:06,11666,11666,11666,4,4
2019-11-27 15:21:06,11666,11666,11666,2,2
2019-11-27 15:21:06,11666,11666,11666,4,4
2019-11-27 15:21:06,11666,11666,11666,2,2
2019-11-27 15:21:06,11666,11666,11666,2,2
2019-11-27 15:21:09,11666,11666,11666,2,2
2019-11-27 15:21:10,11666,11666,11666,4,4
2019-11-27 15:21:10,11666,11666,11666,2,2
2019-11-27 15:21:10,11666,11666,11666,4,4
2019-11-27 15:21:10,11666,11666,11666,2,2
2019-11-27 15:21:10,11666,11666,11666,2,2
2019-11-27 15:21:10,11666,11666,11666,4,4
2019-11-27 15:21:10,11666,11666,11666,2,2
2019-11-27 15:21:14,11666,11666,11666,2,2
2019-11-27 15:21:14,11666,11666,11666,2,2
2019-11-27 15:21:14,11666,11666,11666,2,2
2019-11-27 15:21:14,11666,11666,11666,2,2
2019-11-27 15:21:14,11666,11666,11666,6,6
2019-11-27 15:21:14,11666,11666,11666,2,2
2019-11-27 15:21:14,11666,11666,11666,4,4
2019-11-27 15:21:14,11666,11666,11666,2,2
2019-11-27 15:21:14,11666,11666,11666,2,2
2019-11-27 15:21:14,11665,11665,11665,2,-2
2019-11-27 15:21:14,11665,11665,11665,2,2
2019-11-27 15:21:17,11666,11666,11666,2,2
2019-11-27 15:21:17,11666,11666,11666,2,2
2019-11-27 15:21:22,11666,11666,11666,2,2
2019-11-27 15:21:25,11666,11666,11666,4,4
2019-11-27 15:21:26,11665,11665,11665,2,-2
2019-11-27 15:21:27,11666,11666,11666,4,4
2019-11-27 15:21:27,11665,11665,11665,8,-8
2019-11-27 15:21:27,11665,11665,11665,6,6
2019-11-27 15:21:31,11665,11665,11665,2,2
2019-11-27 15:21:33,11666,11666,11666,4,4
2019-11-27 15:21:36,11666,11666,11666,2,2
2019-11-27 15:21:37,11665,11665,11665,2,-2
2019-11-27 15:21:45,11665,11665,11665,2,2
2019-11-27 15:21:48,11666,11666,11666,2,2
2019-11-27 15:21:48,11665,11665,11665,2,-2
2019-11-27 15:21:49,11666,11666,11666,2,2
2019-11-27 15:21:51,11666,11666,11666,2,2
2019-11-27 15:21:52,11666,11666,11666,2,2
2019-11-27 15:21:52,11666,11666,11666,6,6
2019-11-27 15:21:54,11666,11666,11666,2,2
2019-11-27 15:21:54,11666,11666,11666,6,6
2019-11-27 15:21:58,11665,11665,11665,2,-2
2019-11-27 15:21:58,11665,11665,11665,4,4
2019-11-27 15:21:58,11665,11665,11665,6,6
2019-11-27 15:21:58,11665,11665,11665,20,20
2019-11-27 15:21:58,11665,11665,11665,2,2
2019-11-27 15:21:58,11665,11665,11665,40,40
2019-11-27 15:21:58,11665,11665,11665,8,8
2019-11-27 15:21:58,11665,11665,11665,10,10
2019-11-27 15:21:58,11665,11665,11665,10,10
2019-11-27 15:21:58,11665,11665,11665,2,2
2019-11-27 15:21:58,11665,11665,11665,30,30
2019-11-27 15:21:58,11665,11665,11665,6,6
2019-11-27 15:21:58,11665,11665,11665,10,10
2019-11-27 15:21:58,11665,11665,11665,2,2
2019-11-27 15:21:58,11665,11665,11665,2,2
2019-11-27 15:21:58,11665,11665,11665,2,2
2019-11-27 15:21:58,11665,11665,11665,10,10
2019-11-27 15:21:58,11665,11665,11665,2,2
2019-11-27 15:21:58,11665,11665,11665,10,10
2019-11-27 15:21:58,11665,11665,11665,2,2
2019-11-27 15:21:58,11665,11665,11665,2,2
2019-11-27 15:21:58,11665,11665,11665,2,2
2019-11-27 15:21:58,11665,11665,11665,2,2
2019-11-27 15:21:58,11665,11665,11665,4,4
2019-11-27 15:21:58,11665,11665,11665,8,8
2019-11-27 15:21:58,11664,11664,11664,4,-4
2019-11-27 15:21:58,11664,11664,11664,4,4
2019-11-27 15:21:58,11664,11664,11664,12,12
2019-11-27 15:21:58,11664,11664,11664,2,2
2019-11-27 15:21:58,11664,11664,11664,2,2
2019-11-27 15:21:59,11665,11665,11665,16,16
2019-11-27 15:21:59,11665,11665,11665,2,2
2019-11-27 15:22:00,11665,11665,11665,2,2
2019-11-27 15:22:01,11665,11665,11665,2,2
2019-11-27 15:22:02,11665,11665,11665,2,2
2019-11-27 15:22:04,11664,11664,11664,2,-2
2019-11-27 15:22:07,11665,11665,11665,10,10
2019-11-27 15:22:07,11664,11664,11664,2,-2
2019-11-27 15:22:07,11664,11664,11664,2,2
2019-11-27 15:22:07,11664,11664,11664,2,2
2019-11-27 15:22:08,11665,11665,11665,20,20
2019-11-27 15:22:09,11665,11665,11665,2,2
2019-11-27 15:22:12,11665,11665,11665,20,20
2019-11-27 15:22:12,11665,11665,11665,2,2
2019-11-27 15:22:15,11665,11665,11665,2,2
2019-11-27 15:22:16,11664,11664,11664,2,-2
2019-11-27 15:22:16,11664,11664,11664,4,4
2019-11-27 15:22:17,11664,11664,11664,4,4
2019-11-27 15:22:17,11665,11665,11665,6,6
2019-11-27 15:22:22,11664,11664,11664,2,-2
2019-11-27 15:22:25,11664,11664,11664,4,4
2019-11-27 15:22:25,11664,11664,11664,2,2
2019-11-27 15:22:26,11664,11664,11664,2,2
2019-11-27 15:22:40,11664,11664,11664,2,2
2019-11-27 15:22:44,11664,11664,11664,2,2
2019-11-27 15:22:47,11664,11664,11664,2,2
2019-11-27 15:22:47,11664,11664,11664,4,4
2019-11-27 15:22:51,11664,11664,11664,2,2
2019-11-27 15:22:51,11664,11664,11664,2,2
2019-11-27 15:22:56,11664,11664,11664,2,2
2019-11-27 15:22:56,11664,11664,11664,2,2
2019-11-27 15:22:56,11664,11664,11664,2,2
2019-11-27 15:22:56,11664,11664,11664,2,2
2019-11-27 15:22:56,11664,11664,11664,2,2
2019-11-27 15:22:57,11665,11665,11665,2,2
2019-11-27 15:23:00,11664,11664,11664,2,-2
2019-11-27 15:23:01,11664,11664,11664,2,2
2019-11-27 15:23:01,11664,11664,11664,2,2
2019-11-27 15:23:01,11664,11664,11664,2,2
2019-11-27 15:23:01,11664,11664,11664,4,4
2019-11-27 15:23:01,11664,11664,11664,2,2
2019-11-27 15:23:01,11664,11664,11664,10,10
2019-11-27 15:23:01,11664,11664,11664,2,2
2019-11-27 15:23:01,11664,11664,11664,2,2
2019-11-27 15:23:01,11664,11664,11664,4,4
2019-11-27 15:23:01,11663,11663,11663,4,-4
2019-11-27 15:23:01,11663,11663,11663,2,2
2019-11-27 15:23:01,11663,11663,11663,2,2
2019-11-27 15:23:01,11663,11663,11663,2,2
2019-11-27 15:23:01,11663,11663,11663,2,2
2019-11-27 15:23:01,11663,11663,11663,2,2
2019-11-27 15:23:01,11663,11663,11663,2,2
2019-11-27 15:23:01,11663,11663,11663,2,2
2019-11-27 15:23:01,11663,11663,11663,4,4
2019-11-27 15:23:01,11663,11663,11663,2,2
2019-11-27 15:23:01,11663,11663,11663,6,6
2019-11-27 15:23:01,11663,11663,11663,8,8
2019-11-27 15:23:01,11663,11663,11663,4,4
2019-11-27 15:23:01,11663,11663,11663,2,2
2019-11-27 15:23:01,11663,11663,11663,2,2
2019-11-27 15:23:01,11663,11663,11663,4,4
2019-11-27 15:23:01,11663,11663,11663,2,2
2019-11-27 15:23:01,11663,11663,11663,2,2
2019-11-27 15:23:01,11663,11663,11663,2,2
2019-11-27 15:23:01,11663,11663,11663,2,2
2019-11-27 15:23:01,11663,11663,11663,2,2
2019-11-27 15:23:01,11663,11663,11663,2,2
2019-11-27 15:23:01,11663,11663,11663,2,2
2019-11-27 15:23:01,11663,11663,11663,2,2
2019-11-27 15:23:01,11663,11663,11663,2,2
2019-11-27 15:23:01,11663,11663,11663,2,2
2019-11-27 15:23:01,11663,11663,11663,4,4
2019-11-27 15:23:01,11663,11663,11663,20,20
2019-11-27 15:23:01,11663,11663,11663,6,6
2019-11-27 15:23:01,11663,11663,11663,6,6
2019-11-27 15:23:01,11663,11663,11663,2,2
2019-11-27 15:23:01,11663,11663,11663,2,2
2019-11-27 15:23:01,11663,11663,11663,2,2
2019-11-27 15:23:01,11663,11663,11663,2,2
2019-11-27 15:23:01,11663,11663,11663,2,2
2019-11-27 15:23:01,11663,11663,11663,2,2
2019-11-27 15:23:01,11663,11663,11663,2,2
2019-11-27 15:23:01,11663,11663,11663,4,4
2019-11-27 15:23:01,11663,11663,11663,6,6
2019-11-27 15:23:01,11663,11663,11663,2,2
2019-11-27 15:23:09,11663,11663,11663,2,2
2019-11-27 15:23:09,11663,11663,11663,4,4
2019-11-27 15:23:09,11663,11663,11663,2,2
2019-11-27 15:23:09,11663,11663,11663,8,8
2019-11-27 15:23:09,11663,11663,11663,6,6
2019-11-27 15:23:09,11663,11663,11663,2,2
2019-11-27 15:23:09,11663,11663,11663,28,28
2019-11-27 15:23:09,11663,11663,11663,2,2
2019-11-27 15:23:15,11662,11662,11662,2,-2
2019-11-27 15:23:19,11662,11662,11662,2,2
2019-11-27 15:23:25,11662,11662,11662,6,6
2019-11-27 15:23:31,11662,11662,11662,2,2
2019-11-27 15:23:31,11662,11662,11662,4,4
2019-11-27 15:23:31,11662,11662,11662,2,2
2019-11-27 15:23:32,11662,11662,11662,2,2
2019-11-27 15:23:37,11662,11662,11662,2,2
2019-11-27 15:23:38,11662,11662,11662,2,2
2019-11-27 15:23:41,11662,11662,11662,2,2
2019-11-27 15:23:43,11662,11662,11662,2,2
2019-11-27 15:23:43,11662,11662,11662,2,2
2019-11-27 15:23:43,11662,11662,11662,2,2
2019-11-27 15:23:43,11662,11662,11662,2,2
2019-11-27 15:23:43,11662,11662,11662,2,2
2019-11-27 15:23:43,11662,11662,11662,2,2
2019-11-27 15:23:44,11663,11663,11663,2,2
2019-11-27 15:23:45,11662,11662,11662,2,-2
2019-11-27 15:23:46,11662,11662,11662,2,2
2019-11-27 15:23:55,11663,11663,11663,40,40
2019-11-27 15:23:55,11663,11663,11663,36,36
2019-11-27 15:23:55,11663,11663,11663,4,4
2019-11-27 15:23:55,11663,11663,11663,2,2
2019-11-27 15:23:55,11663,11663,11663,2,2
2019-11-27 15:23:55,11663,11663,11663,4,4
2019-11-27 15:24:02,11663,11663,11663,2,2
2019-11-27 15:24:06,11664,11664,11664,4,4
2019-11-27 15:24:12,11664,11664,11664,2,2
2019-11-27 15:24:12,11664,11664,11664,2,2
2019-11-27 15:24:13,11664,11664,11664,2,2
2019-11-27 15:24:24,11664,11664,11664,2,2
2019-11-27 15:24:31,11664,11664,11664,2,2
2019-11-27 15:24:31,11664,11664,11664,2,2
2019-11-27 15:24:38,11664,11664,11664,2,2
2019-11-27 15:24:39,11664,11664,11664,2,2
2019-11-27 15:24:43,11663,11663,11663,6,-6
2019-11-27 15:24:43,11663,11663,11663,24,24
2019-11-27 15:24:43,11663,11663,11663,16,16
2019-11-27 15:24:43,11663,11663,11663,4,4
2019-11-27 15:24:43,11663,11663,11663,2,2
2019-11-27 15:24:43,11663,11663,11663,4,4
2019-11-27 15:24:43,11663,11663,11663,6,6
2019-11-27 15:24:44,11663,11663,11663,2,2
2019-11-27 15:24:45,11663,11663,11663,2,2
2019-11-27 15:24:45,11663,11663,11663,2,2
2019-11-27 15:24:46,11663,11663,11663,2,2
2019-11-27 15:24:50,11663,11663,11663,8,8
2019-11-27 15:24:51,11664,11664,11664,2,2
2019-11-27 15:24:53,11663,11663,11663,2,-2
2019-11-27 15:24:55,11664,11664,11664,2,2
2019-11-27 15:25:00,11663,11663,11663,2,-2
2019-11-27 15:25:00,11664,11664,11664,2,2
2019-11-27 15:25:00,11664,11664,11664,2,2
2019-11-27 15:25:10,11663,11663,11663,2,-2
2019-11-27 15:25:10,11663,11663,11663,4,4
2019-11-27 15:25:18,11663,11663,11663,4,4
2019-11-27 15:25:22,11663,11663,11663,6,6
2019-11-27 15:25:24,11663,11663,11663,2,2
2019-11-27 15:25:24,11663,11663,11663,4,4
2019-11-27 15:25:26,11663,11663,11663,2,2
2019-11-27 15:25:26,11663,11663,11663,2,2
2019-11-27 15:25:28,11664,11664,11664,6,6
2019-11-27 15:25:30,11663,11663,11663,4,-4
2019-11-27 15:25:31,11663,11663,11663,4,4
2019-11-27 15:25:43,11663,11663,11663,2,2
2019-11-27 15:25:50,11663,11663,11663,2,2
2019-11-27 15:25:53,11663,11663,11663,2,2
2019-11-27 15:25:53,11663,11663,11663,2,2
2019-11-27 15:26:00,11663,11663,11663,2,2
2019-11-27 15:26:01,11663,11663,11663,4,4
2019-11-27 15:26:09,11663,11663,11663,4,4
2019-11-27 15:26:09,11663,11663,11663,2,2
2019-11-27 15:26:09,11662,11662,11662,2,-2
2019-11-27 15:26:10,11663,11663,11663,8,8
2019-11-27 15:26:10,11662,11662,11662,2,-2
2019-11-27 15:26:13,11662,11662,11662,2,2
2019-11-27 15:26:14,11662,11662,11662,2,2
2019-11-27 15:26:14,11662,11662,11662,2,2
2019-11-27 15:26:20,11663,11663,11663,10,10
2019-11-27 15:26:20,11663,11663,11663,2,2
2019-11-27 15:26:22,11663,11663,11663,2,2
2019-11-27 15:26:23,11663,11663,11663,10,10
2019-11-27 15:26:27,11663,11663,11663,2,2
2019-11-27 15:26:37,11663,11663,11663,2,2
2019-11-27 15:26:48,11663,11663,11663,6,6
2019-11-27 15:27:15,11663,11663,11663,2,2
2019-11-27 15:27:29,11664,11664,11664,10,10
2019-11-27 15:27:29,11664,11664,11664,10,10
2019-11-27 15:27:29,11664,11664,11664,10,10
2019-11-27 15:27:29,11664,11664,11664,10,10
2019-11-27 15:27:29,11664,11664,11664,18,18
2019-11-27 15:27:29,11664,11664,11664,2,2
2019-11-27 15:27:29,11664,11664,11664,8,8
2019-11-27 15:27:29,11664,11664,11664,2,2
2019-11-27 15:27:29,11664,11664,11664,4,4
2019-11-27 15:27:29,11664,11664,11664,2,2
2019-11-27 15:27:29,11664,11664,11664,2,2
2019-11-27 15:27:29,11664,11664,11664,2,2
2019-11-27 15:27:31,11664,11664,11664,2,2
2019-11-27 15:27:35,11664,11664,11664,2,2
2019-11-27 15:27:46,11664,11664,11664,2,2
2019-11-27 15:27:46,11664,11664,11664,2,2
2019-11-27 15:27:46,11664,11664,11664,2,2
2019-11-27 15:27:46,11664,11664,11664,2,2
2019-11-27 15:27:46,11664,11664,11664,2,2
2019-11-27 15:27:46,11664,11664,11664,2,2
2019-11-27 15:27:46,11664,11664,11664,2,2
2019-11-27 15:27:46,11664,11664,11664,2,2
2019-11-27 15:27:46,11664,11664,11664,4,4
2019-11-27 15:27:46,11664,11664,11664,2,2
2019-11-27 15:27:46,11664,11664,11664,4,4
2019-11-27 15:27:46,11664,11664,11664,8,8
2019-11-27 15:27:46,11664,11664,11664,2,2
2019-11-27 15:27:46,11664,11664,11664,10,10
2019-11-27 15:27:46,11664,11664,11664,10,10
2019-11-27 15:27:46,11664,11664,11664,6,6
2019-11-27 15:27:46,11664,11664,11664,6,6
2019-11-27 15:27:46,11664,11664,11664,6,6
2019-11-27 15:27:47,11663,11663,11663,4,-4
2019-11-27 15:27:47,11663,11663,11663,4,4
2019-11-27 15:28:02,11664,11664,11664,2,2
2019-11-27 15:28:06,11664,11664,11664,2,2
2019-11-27 15:28:08,11664,11664,11664,2,2
2019-11-27 15:28:08,11664,11664,11664,2,2
2019-11-27 15:28:08,11664,11664,11664,4,4
2019-11-27 15:28:08,11664,11664,11664,2,2
2019-11-27 15:28:08,11664,11664,11664,2,2
2019-11-27 15:28:08,11664,11664,11664,4,4
2019-11-27 15:28:16,11664,11664,11664,4,4
2019-11-27 15:28:29,11664,11664,11664,2,2
2019-11-27 15:28:29,11664,11664,11664,2,2
2019-11-27 15:28:29,11664,11664,11664,4,4
2019-11-27 15:28:31,11664,11664,11664,2,2
2019-11-27 15:28:43,11664,11664,11664,2,2
2019-11-27 15:28:46,11664,11664,11664,2,2
2019-11-27 15:28:49,11665,11665,11665,2,2
2019-11-27 15:28:53,11664,11664,11664,2,-2
2019-11-27 15:28:53,11664,11664,11664,2,2
2019-11-27 15:28:53,11664,11664,11664,2,2
2019-11-27 15:28:56,11664,11664,11664,2,2
2019-11-27 15:28:57,11665,11665,11665,2,2
2019-11-27 15:28:58,11664,11664,11664,2,-2
2019-11-27 15:29:03,11664,11664,11664,2,2
2019-11-27 15:29:05,11664,11664,11664,2,2
2019-11-27 15:29:10,11665,11665,11665,88,88
2019-11-27 15:29:10,11666,11666,11666,60,60
2019-11-27 15:29:10,11665,11665,11665,2,-2
2019-11-27 15:29:10,11665,11665,11665,2,2
2019-11-27 15:29:14,11665,11665,11665,2,2
2019-11-27 15:29:15,11665,11665,11665,2,2
2019-11-27 15:29:16,11665,11665,11665,4,4
2019-11-27 15:29:19,11666,11666,11666,2,2
2019-11-27 15:29:20,11665,11665,11665,2,-2
2019-11-27 15:29:25,11665,11665,11665,2,2
2019-11-27 15:29:31,11665,11665,11665,12,12
2019-11-27 15:29:31,11665,11665,11665,2,2
2019-11-27 15:29:31,11665,11665,11665,2,2
2019-11-27 15:29:32,11665,11665,11665,2,2
2019-11-27 15:29:32,11665,11665,11665,4,4
2019-11-27 15:29:45,11665,11665,11665,2,2
2019-11-27 15:29:52,11665,11665,11665,2,2
2019-11-27 15:29:53,11666,11666,11666,80,80
2019-11-27 15:29:53,11667,11667,11667,4,4
2019-11-27 15:29:53,11666,11666,11666,2,-2
2019-11-27 15:29:53,11666,11666,11666,2,2
2019-11-27 15:29:53,11666,11666,11666,2,2
2019-11-27 15:29:53,11666,11666,11666,2,2
2019-11-27 15:29:53,11665,11665,11665,2,-2
2019-11-27 15:29:53,11665,11665,11665,2,2
2019-11-27 15:29:54,11667,11667,11667,2,2
2019-11-27 15:29:54,11667,11667,11667,4,4
2019-11-27 15:29:54,11665,11665,11665,2,-2
2019-11-27 15:30:04,11666,11666,11666,8,8
2019-11-27 15:30:04,11666,11666,11666,2,2
2019-11-27 15:30:04,11666,11666,11666,2,2
2019-11-27 15:30:04,11665,11665,11665,2,-2
2019-11-27 15:30:04,11665,11665,11665,2,2
2019-11-27 15:30:05,11666,11666,11666,10,10
2019-11-27 15:30:05,11666,11666,11666,10,10
2019-11-27 15:30:05,11667,11667,11667,2,2
2019-11-27 15:30:05,11665,11665,11665,2,-2
2019-11-27 15:30:05,11667,11667,11667,2,2
2019-11-27 15:30:05,11667,11667,11667,4,4
2019-11-27 15:30:05,11667,11667,11667,2,2
2019-11-27 15:30:05,11667,11667,11667,4,4
2019-11-27 15:30:06,11667,11667,11667,2,2
2019-11-27 15:30:06,11667,11667,11667,4,4
2019-11-27 15:30:06,11666,11666,11666,4,-4
2019-11-27 15:30:07,11667,11667,11667,2,2
2019-11-27 15:30:07,11666,11666,11666,2,-2
2019-11-27 15:30:11,11666,11666,11666,2,2
2019-11-27 15:30:11,11666,11666,11666,2,2
2019-11-27 15:30:11,11666,11666,11666,2,2
2019-11-27 15:30:18,11666,11666,11666,2,2
2019-11-27 15:30:19,11666,11666,11666,2,2
2019-11-27 15:30:24,11666,11666,11666,2,2
2019-11-27 15:30:35,11665,11665,11665,2,-2
2019-11-27 15:30:38,11666,11666,11666,2,2
2019-11-27 15:30:42,11666,11666,11666,12,12
2019-11-27 15:30:42,11665,11665,11665,2,-2
2019-11-27 15:30:43,11666,11666,11666,2,2
2019-11-27 15:30:47,11666,11666,11666,2,2
2019-11-27 15:30:57,11666,11666,11666,6,6
2019-11-27 15:31:00,11666,11666,11666,2,2
2019-11-27 15:31:02,11666,11666,11666,2,2
2019-11-27 15:31:02,11666,11666,11666,2,2
2019-11-27 15:31:02,11666,11666,11666,2,2
2019-11-27 15:31:02,11666,11666,11666,2,2
2019-11-27 15:31:03,11667,11667,11667,2,2
2019-11-27 15:31:03,11667,11667,11667,2,2
2019-11-27 15:31:03,11667,11667,11667,2,2
2019-11-27 15:31:03,11667,11667,11667,2,2
2019-11-27 15:31:05,11666,11666,11666,2,-2
2019-11-27 15:31:07,11667,11667,11667,2,2
2019-11-27 15:31:08,11667,11667,11667,4,4
2019-11-27 15:31:10,11667,11667,11667,16,16
2019-11-27 15:31:15,11667,11667,11667,2,2
2019-11-27 15:31:16,11667,11667,11667,2,2
2019-11-27 15:31:19,11667,11667,11667,4,4
2019-11-27 15:31:19,11667,11667,11667,2,2
2019-11-27 15:31:19,11667,11667,11667,6,6
2019-11-27 15:31:19,11667,11667,11667,6,6
2019-11-27 15:31:19,11667,11667,11667,6,6
2019-11-27 15:31:19,11667,11667,11667,6,6
2019-11-27 15:31:19,11667,11667,11667,6,6
2019-11-27 15:31:19,11667,11667,11667,6,6
2019-11-27 15:31:19,11667,11667,11667,6,6
2019-11-27 15:31:19,11667,11667,11667,6,6
2019-11-27 15:31:19,11667,11667,11667,30,30
2019-11-27 15:31:21,11668,11668,11668,2,2
2019-11-27 15:31:21,11668,11668,11668,2,2
2019-11-27 15:31:21,11668,11668,11668,10,10
2019-11-27 15:31:21,11667,11667,11667,2,-2
2019-11-27 15:31:21,11668,11668,11668,6,6
2019-11-27 15:31:21,11667,11667,11667,2,-2
2019-11-27 15:31:21,11668,11668,11668,2,2
2019-11-27 15:31:21,11668,11668,11668,2,2
2019-11-27 15:31:21,11668,11668,11668,2,2
2019-11-27 15:31:21,11668,11668,11668,60,60
2019-11-27 15:31:21,11668,11668,11668,6,6
2019-11-27 15:31:21,11668,11668,11668,20,20
2019-11-27 15:31:21,11668,11668,11668,4,4
2019-11-27 15:31:21,11668,11668,11668,16,16
2019-11-27 15:31:22,11669,11669,11669,104,104
2019-11-27 15:31:22,11669,11669,11669,2,2
2019-11-27 15:31:22,11669,11669,11669,2,2
2019-11-27 15:31:22,11669,11669,11669,6,6
2019-11-27 15:31:22,11670,11670,11670,4,4
2019-11-27 15:31:22,11670,11670,11670,6,6
2019-11-27 15:31:22,11670,11670,11670,6,6
2019-11-27 15:31:22,11670,11670,11670,8,8
2019-11-27 15:31:22,11670,11670,11670,6,6
2019-11-27 15:31:22,11670,11670,11670,6,6
2019-11-27 15:31:22,11670,11670,11670,2,2
2019-11-27 15:31:22,11670,11670,11670,2,2
2019-11-27 15:31:22,11669,11669,11669,2,-2
2019-11-27 15:31:22,11670,11670,11670,2,2
2019-11-27 15:31:22,11670,11670,11670,2,2
2019-11-27 15:31:22,11670,11670,11670,2,2
2019-11-27 15:31:22,11670,11670,11670,4,4
2019-11-27 15:31:23,11669,11669,11669,2,-2
2019-11-27 15:31:23,11669,11669,11669,6,6
2019-11-27 15:31:25,11669,11669,11669,2,2
2019-11-27 15:31:27,11669,11669,11669,2,2
2019-11-27 15:31:27,11669,11669,11669,2,2
2019-11-27 15:31:27,11669,11669,11669,2,2
2019-11-27 15:31:30,11670,11670,11670,2,2
2019-11-27 15:31:31,11670,11670,11670,192,192
2019-11-27 15:31:34,11671,11671,11671,2,2
2019-11-27 15:31:34,11671,11671,11671,6,6
2019-11-27 15:31:34,11671,11671,11671,10,10
2019-11-27 15:31:34,11671,11671,11671,2,2
2019-11-27 15:31:34,11671,11671,11671,2,2
2019-11-27 15:31:35,11670,11670,11670,2,-2
2019-11-27 15:31:35,11670,11670,11670,6,6
2019-11-27 15:31:35,11670,11670,11670,2,2
2019-11-27 15:31:35,11670,11670,11670,10,10
2019-11-27 15:31:35,11670,11670,11670,6,6
2019-11-27 15:31:35,11670,11670,11670,2,2
2019-11-27 15:31:35,11670,11670,11670,2,2
2019-11-27 15:31:35,11670,11670,11670,2,2
2019-11-27 15:31:35,11669,11669,11669,2,-2
2019-11-27 15:31:36,11670,11670,11670,2,2
2019-11-27 15:31:36,11669,11669,11669,2,-2
2019-11-27 15:31:36,11669,11669,11669,4,4
2019-11-27 15:31:36,11669,11669,11669,2,2
2019-11-27 15:31:36,11669,11669,11669,2,2
2019-11-27 15:31:36,11669,11669,11669,2,2
2019-11-27 15:31:37,11669,11669,11669,2,2
2019-11-27 15:31:37,11669,11669,11669,2,2
2019-11-27 15:31:38,11669,11669,11669,2,2
2019-11-27 15:31:39,11669,11669,11669,6,6
2019-11-27 15:31:39,11669,11669,11669,6,6
2019-11-27 15:31:40,11669,11669,11669,2,2
2019-11-27 15:31:42,11669,11669,11669,2,2
2019-11-27 15:31:43,11669,11669,11669,2,2
2019-11-27 15:31:43,11669,11669,11669,2,2
2019-11-27 15:31:43,11668,11668,11668,2,-2
2019-11-27 15:31:45,11669,11669,11669,12,12
2019-11-27 15:31:46,11670,11670,11670,2,2
2019-11-27 15:31:47,11670,11670,11670,2,2
2019-11-27 15:31:48,11669,11669,11669,2,-2
2019-11-27 15:31:48,11669,11669,11669,2,2
2019-11-27 15:31:48,11669,11669,11669,2,2
2019-11-27 15:31:50,11670,11670,11670,2,2
2019-11-27 15:31:53,11669,11669,11669,2,-2
2019-11-27 15:31:53,11669,11669,11669,6,6
2019-11-27 15:31:53,11669,11669,11669,2,2
2019-11-27 15:31:54,11670,11670,11670,10,10
2019-11-27 15:31:56,11669,11669,11669,2,-2
2019-11-27 15:31:58,11669,11669,11669,4,4
2019-11-27 15:32:00,11669,11669,11669,2,2
2019-11-27 15:32:05,11669,11669,11669,2,2
2019-11-27 15:32:10,11670,11670,11670,2,2
2019-11-27 15:32:11,11670,11670,11670,2,2
2019-11-27 15:32:14,11670,11670,11670,4,4
2019-11-27 15:32:14,11670,11670,11670,2,2
2019-11-27 15:32:15,11670,11670,11670,4,4
2019-11-27 15:32:19,11670,11670,11670,30,30
2019-11-27 15:32:20,11670,11670,11670,2,2
2019-11-27 15:32:22,11670,11670,11670,2,2
2019-11-27 15:32:23,11670,11670,11670,2,2
2019-11-27 15:32:23,11669,11669,11669,2,-2
2019-11-27 15:32:24,11670,11670,11670,2,2
2019-11-27 15:32:25,11670,11670,11670,2,2
2019-11-27 15:32:25,11670,11670,11670,4,4
2019-11-27 15:32:25,11669,11669,11669,2,-2
2019-11-27 15:32:25,11670,11670,11670,2,2
2019-11-27 15:32:28,11670,11670,11670,8,8
2019-11-27 15:32:37,11670,11670,11670,2,2
2019-11-27 15:32:41,11670,11670,11670,2,2
2019-11-27 15:32:42,11670,11670,11670,8,8
2019-11-27 15:32:43,11670,11670,11670,2,2
2019-11-27 15:32:44,11670,11670,11670,2,2
2019-11-27 15:32:45,11670,11670,11670,2,2
2019-11-27 15:32:45,11670,11670,11670,6,6
2019-11-27 15:32:45,11670,11670,11670,2,2
2019-11-27 15:32:45,11670,11670,11670,2,2
2019-11-27 15:32:50,11670,11670,11670,2,2
2019-11-27 15:32:50,11670,11670,11670,2,2
2019-11-27 15:32:51,11670,11670,11670,6,6
2019-11-27 15:32:52,11669,11669,11669,2,-2
2019-11-27 15:33:00,11669,11669,11669,2,2
2019-11-27 15:33:00,11670,11670,11670,6,6
2019-11-27 15:33:03,11670,11670,11670,30,30
2019-11-27 15:33:04,11670,11670,11670,6,6
2019-11-27 15:33:04,11670,11670,11670,6,6
2019-11-27 15:33:04,11670,11670,11670,2,2
2019-11-27 15:33:04,11670,11670,11670,2,2
2019-11-27 15:33:04,11670,11670,11670,2,2
2019-11-27 15:33:04,11670,11670,11670,6,6
2019-11-27 15:33:04,11670,11670,11670,6,6
2019-11-27 15:33:04,11669,11669,11669,4,-4
2019-11-27 15:33:04,11670,11670,11670,4,4
2019-11-27 15:33:04,11670,11670,11670,2,2
2019-11-27 15:33:04,11670,11670,11670,6,6
2019-11-27 15:33:04,11670,11670,11670,2,2
2019-11-27 15:33:04,11670,11670,11670,4,4
2019-11-27 15:33:04,11670,11670,11670,2,2
2019-11-27 15:33:04,11670,11670,11670,6,6
2019-11-27 15:33:04,11670,11670,11670,6,6
2019-11-27 15:33:04,11670,11670,11670,4,4
2019-11-27 15:33:04,11670,11670,11670,2,2
2019-11-27 15:33:04,11670,11670,11670,6,6
2019-11-27 15:33:04,11670,11670,11670,6,6
2019-11-27 15:33:04,11670,11670,11670,6,6
2019-11-27 15:33:04,11671,11671,11671,4,4
2019-11-27 15:33:04,11671,11671,11671,4,4
2019-11-27 15:33:04,11671,11671,11671,6,6
2019-11-27 15:33:04,11671,11671,11671,6,6
2019-11-27 15:33:04,11671,11671,11671,4,4
2019-11-27 15:33:04,11671,11671,11671,6,6
2019-11-27 15:33:05,11670,11670,11670,2,-2
2019-11-27 15:33:05,11670,11670,11670,4,4
2019-11-27 15:33:05,11671,11671,11671,2,2
2019-11-27 15:33:05,11671,11671,11671,4,4
2019-11-27 15:33:05,11671,11671,11671,6,6
2019-11-27 15:33:05,11671,11671,11671,4,4
2019-11-27 15:33:05,11671,11671,11671,4,4
2019-11-27 15:33:05,11671,11671,11671,4,4
2019-11-27 15:33:05,11671,11671,11671,6,6
2019-11-27 15:33:05,11671,11671,11671,4,4
2019-11-27 15:33:05,11671,11671,11671,6,6
2019-11-27 15:33:05,11671,11671,11671,4,4
2019-11-27 15:33:05,11671,11671,11671,4,4
2019-11-27 15:33:05,11671,11671,11671,2,2
2019-11-27 15:33:05,11671,11671,11671,4,4
2019-11-27 15:33:05,11671,11671,11671,2,2
2019-11-27 15:33:05,11672,11672,11672,2,2
2019-11-27 15:33:05,11672,11672,11672,4,4
2019-11-27 15:33:05,11671,11671,11671,2,-2
2019-11-27 15:33:05,11672,11672,11672,2,2
2019-11-27 15:33:05,11672,11672,11672,20,20
2019-11-27 15:33:05,11672,11672,11672,6,6
2019-11-27 15:33:05,11672,11672,11672,6,6
2019-11-27 15:33:05,11672,11672,11672,6,6
2019-11-27 15:33:05,11672,11672,11672,6,6
2019-11-27 15:33:05,11672,11672,11672,2,2
2019-11-27 15:33:05,11672,11672,11672,2,2
2019-11-27 15:33:05,11672,11672,11672,4,4
2019-11-27 15:33:06,11672,11672,11672,2,2
2019-11-27 15:33:06,11672,11672,11672,4,4
2019-11-27 15:33:07,11671,11671,11671,4,-4
2019-11-27 15:33:07,11671,11671,11671,2,2
2019-11-27 15:33:08,11671,11671,11671,2,2
2019-11-27 15:33:09,11671,11671,11671,10,10
2019-11-27 15:33:10,11670,11670,11670,2,-2
2019-11-27 15:33:12,11671,11671,11671,6,6
2019-11-27 15:33:12,11670,11670,11670,2,-2
2019-11-27 15:33:12,11670,11670,11670,4,4
2019-11-27 15:33:12,11670,11670,11670,2,2
2019-11-27 15:33:12,11670,11670,11670,2,2
2019-11-27 15:33:17,11671,11671,11671,2,2
2019-11-27 15:33:17,11670,11670,11670,2,-2
2019-11-27 15:33:19,11671,11671,11671,16,16
2019-11-27 15:33:24,11671,11671,11671,6,6
2019-11-27 15:33:24,11671,11671,11671,2,2
2019-11-27 15:33:25,11671,11671,11671,2,2
2019-11-27 15:33:25,11671,11671,11671,2,2
2019-11-27 15:33:26,11671,11671,11671,2,2
2019-11-27 15:33:26,11671,11671,11671,4,4
2019-11-27 15:33:27,11671,11671,11671,2,2
2019-11-27 15:33:27,11671,11671,11671,2,2
2019-11-27 15:33:27,11671,11671,11671,2,2
2019-11-27 15:33:28,11671,11671,11671,2,2
2019-11-27 15:33:30,11671,11671,11671,2,2
2019-11-27 15:33:31,11671,11671,11671,2,2
2019-11-27 15:33:31,11671,11671,11671,2,2
2019-11-27 15:33:31,11671,11671,11671,2,2
2019-11-27 15:33:31,11671,11671,11671,2,2
2019-11-27 15:33:31,11671,11671,11671,2,2
2019-11-27 15:33:33,11671,11671,11671,4,4
2019-11-27 15:33:34,11672,11672,11672,2,2
2019-11-27 15:33:38,11672,11672,11672,2,2
2019-11-27 15:33:39,11672,11672,11672,2,2
2019-11-27 15:33:40,11672,11672,11672,2,2
2019-11-27 15:33:41,11672,11672,11672,2,2
2019-11-27 15:33:43,11672,11672,11672,2,2
2019-11-27 15:33:44,11671,11671,11671,2,-2
2019-11-27 15:33:49,11671,11671,11671,2,2
2019-11-27 15:33:51,11672,11672,11672,2,2
2019-11-27 15:33:51,11672,11672,11672,6,6
2019-11-27 15:33:52,11672,11672,11672,2,2
2019-11-27 15:33:53,11672,11672,11672,2,2
2019-11-27 15:33:53,11671,11671,11671,2,-2
2019-11-27 15:33:54,11672,11672,11672,2,2
2019-11-27 15:33:54,11672,11672,11672,6,6
2019-11-27 15:33:54,11672,11672,11672,2,2
2019-11-27 15:33:55,11672,11672,11672,2,2
2019-11-27 15:33:57,11671,11671,11671,2,-2
2019-11-27 15:33:59,11671,11671,11671,2,2
2019-11-27 15:34:00,11672,11672,11672,2,2
2019-11-27 15:34:00,11671,11671,11671,2,-2
2019-11-27 15:34:00,11672,11672,11672,6,6
2019-11-27 15:34:01,11672,11672,11672,20,20
2019-11-27 15:34:02,11672,11672,11672,10,10
2019-11-27 15:34:02,11671,11671,11671,4,-4
2019-11-27 15:34:02,11671,11671,11671,2,2
2019-11-27 15:34:02,11671,11671,11671,2,2
2019-11-27 15:34:02,11672,11672,11672,4,4
2019-11-27 15:34:02,11672,11672,11672,2,2
2019-11-27 15:34:02,11672,11672,11672,2,2
2019-11-27 15:34:02,11672,11672,11672,2,2
2019-11-27 15:34:02,11672,11672,11672,2,2
2019-11-27 15:34:02,11672,11672,11672,2,2
2019-11-27 15:34:02,11672,11672,11672,2,2
2019-11-27 15:34:02,11673,11673,11673,2,2
2019-11-27 15:34:02,11673,11673,11673,2,2
2019-11-27 15:34:02,11673,11673,11673,2,2
2019-11-27 15:34:02,11673,11673,11673,6,6
2019-11-27 15:34:02,11673,11673,11673,10,10
2019-11-27 15:34:02,11673,11673,11673,4,4
2019-11-27 15:34:02,11673,11673,11673,2,2
2019-11-27 15:34:02,11673,11673,11673,2,2
2019-11-27 15:34:03,11673,11673,11673,2,2
2019-11-27 15:34:03,11673,11673,11673,2,2
2019-11-27 15:34:03,11673,11673,11673,2,2
2019-11-27 15:34:03,11673,11673,11673,2,2
2019-11-27 15:34:05,11673,11673,11673,2,2
2019-11-27 15:34:06,11672,11672,11672,2,-2
2019-11-27 15:34:07,11672,11672,11672,2,2
2019-11-27 15:34:07,11672,11672,11672,4,4
2019-11-27 15:34:08,11671,11671,11671,2,-2
2019-11-27 15:34:09,11672,11672,11672,2,2
2019-11-27 15:34:09,11672,11672,11672,2,2
2019-11-27 15:34:11,11672,11672,11672,2,2
2019-11-27 15:34:11,11671,11671,11671,2,-2
2019-11-27 15:34:24,11671,11671,11671,2,2
2019-11-27 15:34:24,11671,11671,11671,2,2
2019-11-27 15:34:31,11671,11671,11671,2,2
2019-11-27 15:34:32,11671,11671,11671,2,2
2019-11-27 15:34:38,11672,11672,11672,6,6
2019-11-27 15:34:43,11672,11672,11672,2,2
2019-11-27 15:34:45,11672,11672,11672,2,2
2019-11-27 15:34:45,11672,11672,11672,2,2
2019-11-27 15:34:50,11672,11672,11672,12,12
2019-11-27 15:34:52,11672,11672,11672,2,2
2019-11-27 15:34:55,11672,11672,11672,2,2
2019-11-27 15:34:56,11672,11672,11672,2,2
2019-11-27 15:34:58,11672,11672,11672,4,4
2019-11-27 15:34:58,11672,11672,11672,2,2
2019-11-27 15:34:59,11672,11672,11672,6,6
2019-11-27 15:35:03,11672,11672,11672,2,2
2019-11-27 15:35:03,11672,11672,11672,2,2
2019-11-27 15:35:04,11672,11672,11672,2,2
2019-11-27 15:35:04,11673,11673,11673,2,2
2019-11-27 15:35:04,11673,11673,11673,4,4
2019-11-27 15:35:04,11673,11673,11673,2,2
2019-11-27 15:35:04,11673,11673,11673,2,2
2019-11-27 15:35:07,11672,11672,11672,2,-2
2019-11-27 15:35:07,11672,11672,11672,6,6
2019-11-27 15:35:07,11672,11672,11672,2,2
2019-11-27 15:35:07,11672,11672,11672,4,4
2019-11-27 15:35:07,11672,11672,11672,2,2
2019-11-27 15:35:11,11673,11673,11673,2,2
2019-11-27 15:35:12,11672,11672,11672,2,-2
2019-11-27 15:35:17,11672,11672,11672,2,2
2019-11-27 15:35:17,11672,11672,11672,2,2
2019-11-27 15:35:18,11672,11672,11672,2,2
2019-11-27 15:35:18,11673,11673,11673,2,2
2019-11-27 15:35:19,11672,11672,11672,2,-2
2019-11-27 15:35:21,11672,11672,11672,2,2
2019-11-27 15:35:21,11672,11672,11672,2,2
2019-11-27 15:35:27,11673,11673,11673,20,20
2019-11-27 15:35:32,11672,11672,11672,2,-2
2019-11-27 15:35:33,11673,11673,11673,2,2
2019-11-27 15:35:33,11673,11673,11673,6,6
2019-11-27 15:35:34,11673,11673,11673,8,8
2019-11-27 15:35:35,11672,11672,11672,2,-2
2019-11-27 15:35:35,11673,11673,11673,2,2
2019-11-27 15:35:36,11673,11673,11673,2,2
2019-11-27 15:35:37,11673,11673,11673,2,2
2019-11-27 15:35:37,11673,11673,11673,2,2
2019-11-27 15:35:37,11673,11673,11673,2,2
2019-11-27 15:35:38,11673,11673,11673,34,34
2019-11-27 15:35:38,11673,11673,11673,4,4
2019-11-27 15:35:39,11673,11673,11673,2,2
2019-11-27 15:35:39,11673,11673,11673,2,2
2019-11-27 15:35:42,11673,11673,11673,4,4
2019-11-27 15:35:45,11673,11673,11673,8,8
2019-11-27 15:35:47,11673,11673,11673,2,2
2019-11-27 15:35:47,11673,11673,11673,2,2
2019-11-27 15:35:49,11674,11674,11674,2,2
2019-11-27 15:35:49,11674,11674,11674,4,4
2019-11-27 15:35:49,11674,11674,11674,6,6
2019-11-27 15:35:50,11674,11674,11674,2,2
2019-11-27 15:35:53,11674,11674,11674,2,2
2019-11-27 15:35:55,11673,11673,11673,2,-2
2019-11-27 15:35:56,11674,11674,11674,4,4
2019-11-27 15:35:57,11674,11674,11674,2,2
2019-11-27 15:35:57,11674,11674,11674,14,14
2019-11-27 15:35:58,11673,11673,11673,2,-2
2019-11-27 15:35:59,11674,11674,11674,2,2
2019-11-27 15:35:59,11673,11673,11673,4,-4
2019-11-27 15:35:59,11673,11673,11673,2,2
2019-11-27 15:35:59,11673,11673,11673,2,2
2019-11-27 15:35:59,11673,11673,11673,2,2
2019-11-27 15:36:04,11673,11673,11673,2,2
2019-11-27 15:36:04,11673,11673,11673,2,2
2019-11-27 15:36:04,11673,11673,11673,2,2
2019-11-27 15:36:04,11673,11673,11673,14,14
2019-11-27 15:36:05,11674,11674,11674,4,4
2019-11-27 15:36:05,11674,11674,11674,2,2
2019-11-27 15:36:05,11673,11673,11673,2,-2
2019-11-27 15:36:06,11673,11673,11673,4,4
2019-11-27 15:36:09,11673,11673,11673,2,2
2019-11-27 15:36:12,11673,11673,11673,2,2
2019-11-27 15:36:13,11673,11673,11673,2,2
2019-11-27 15:36:13,11673,11673,11673,12,12
2019-11-27 15:36:13,11673,11673,11673,2,2
2019-11-27 15:36:13,11673,11673,11673,14,14
2019-11-27 15:36:13,11673,11673,11673,2,2
2019-11-27 15:36:13,11673,11673,11673,4,4
2019-11-27 15:36:13,11673,11673,11673,2,2
2019-11-27 15:36:14,11673,11673,11673,2,2
2019-11-27 15:36:14,11673,11673,11673,2,2
2019-11-27 15:36:18,11673,11673,11673,2,2
2019-11-27 15:36:18,11673,11673,11673,2,2
2019-11-27 15:36:18,11673,11673,11673,6,6
2019-11-27 15:36:19,11673,11673,11673,2,2
2019-11-27 15:36:19,11673,11673,11673,2,2
2019-11-27 15:36:21,11672,11672,11672,2,-2
2019-11-27 15:36:21,11673,11673,11673,2,2
2019-11-27 15:36:30,11672,11672,11672,4,-4
2019-11-27 15:36:30,11673,11673,11673,2,2
2019-11-27 15:36:31,11673,11673,11673,2,2
2019-11-27 15:36:32,11673,11673,11673,2,2
2019-11-27 15:36:35,11673,11673,11673,2,2
2019-11-27 15:36:36,11673,11673,11673,2,2
2019-11-27 15:36:37,11672,11672,11672,2,-2
2019-11-27 15:36:44,11673,11673,11673,2,2
2019-11-27 15:36:44,11672,11672,11672,2,-2
2019-11-27 15:36:47,11673,11673,11673,2,2
2019-11-27 15:36:52,11672,11672,11672,2,-2
2019-11-27 15:36:53,11672,11672,11672,2,2
2019-11-27 15:36:54,11672,11672,11672,2,2
2019-11-27 15:36:55,11672,11672,11672,2,2
2019-11-27 15:36:55,11673,11673,11673,2,2
2019-11-27 15:36:59,11672,11672,11672,2,-2
2019-11-27 15:37:01,11673,11673,11673,2,2
2019-11-27 15:37:01,11672,11672,11672,2,-2
2019-11-27 15:37:05,11672,11672,11672,2,2
2019-11-27 15:37:05,11672,11672,11672,2,2
2019-11-27 15:37:06,11672,11672,11672,2,2
2019-11-27 15:37:07,11672,11672,11672,2,2
2019-11-27 15:37:10,11672,11672,11672,2,2
2019-11-27 15:37:14,11673,11673,11673,2,2
2019-11-27 15:37:16,11672,11672,11672,2,-2
2019-11-27 15:37:27,11672,11672,11672,2,2
2019-11-27 15:37:30,11672,11672,11672,2,2
2019-11-27 15:37:33,11672,11672,11672,2,2
2019-11-27 15:37:34,11672,11672,11672,2,2
2019-11-27 15:37:34,11672,11672,11672,2,2
2019-11-27 15:37:36,11672,11672,11672,2,2
2019-11-27 15:37:37,11672,11672,11672,2,2
2019-11-27 15:37:37,11672,11672,11672,2,2
2019-11-27 15:37:37,11672,11672,11672,2,2
2019-11-27 15:37:37,11672,11672,11672,2,2
2019-11-27 15:37:37,11672,11672,11672,2,2
2019-11-27 15:37:37,11672,11672,11672,4,4
2019-11-27 15:37:37,11672,11672,11672,2,2
2019-11-27 15:37:37,11672,11672,11672,2,2
2019-11-27 15:37:37,11672,11672,11672,2,2
2019-11-27 15:37:37,11672,11672,11672,2,2
2019-11-27 15:37:37,11672,11672,11672,2,2
2019-11-27 15:37:38,11672,11672,11672,2,2
2019-11-27 15:37:40,11671,11671,11671,2,-2
2019-11-27 15:37:50,11671,11671,11671,2,2
2019-11-27 15:37:50,11671,11671,11671,4,4
2019-11-27 15:37:51,11671,11671,11671,2,2
2019-11-27 15:37:51,11671,11671,11671,2,2
2019-11-27 15:37:51,11671,11671,11671,2,2
2019-11-27 15:37:52,11671,11671,11671,2,2
2019-11-27 15:37:52,11671,11671,11671,4,4
2019-11-27 15:37:52,11671,11671,11671,6,6
2019-11-27 15:37:52,11671,11671,11671,2,2
2019-11-27 15:37:52,11671,11671,11671,2,2
2019-11-27 15:37:52,11671,11671,11671,2,2
2019-11-27 15:37:52,11671,11671,11671,2,2
2019-11-27 15:37:54,11671,11671,11671,2,2
2019-11-27 15:37:55,11671,11671,11671,2,2
2019-11-27 15:37:56,11671,11671,11671,2,2
2019-11-27 15:37:58,11671,11671,11671,2,2
2019-11-27 15:37:58,11671,11671,11671,2,2
2019-11-27 15:37:58,11671,11671,11671,2,2
2019-11-27 15:37:58,11671,11671,11671,4,4
2019-11-27 15:37:59,11671,11671,11671,2,2
2019-11-27 15:38:00,11671,11671,11671,4,4
2019-11-27 15:38:05,11671,11671,11671,2,2
2019-11-27 15:38:05,11671,11671,11671,2,2
2019-11-27 15:38:17,11671,11671,11671,2,2
2019-11-27 15:38:21,11671,11671,11671,2,2
2019-11-27 15:38:22,11671,11671,11671,4,4
2019-11-27 15:38:22,11671,11671,11671,2,2
2019-11-27 15:38:22,11671,11671,11671,6,6
2019-11-27 15:38:26,11671,11671,11671,2,2
2019-11-27 15:38:27,11671,11671,11671,2,2
2019-11-27 15:38:27,11671,11671,11671,2,2
2019-11-27 15:38:27,11671,11671,11671,2,2
2019-11-27 15:38:27,11671,11671,11671,4,4
2019-11-27 15:38:27,11671,11671,11671,4,4
2019-11-27 15:38:27,11671,11671,11671,26,26
2019-11-27 15:38:32,11670,11670,11670,2,-2
2019-11-27 15:38:37,11671,11671,11671,2,2
2019-11-27 15:38:39,11670,11670,11670,2,-2
2019-11-27 15:38:39,11670,11670,11670,2,2
2019-11-27 15:38:39,11670,11670,11670,2,2
2019-11-27 15:38:39,11670,11670,11670,2,2
2019-11-27 15:38:39,11670,11670,11670,2,2
2019-11-27 15:38:40,11671,11671,11671,2,2
2019-11-27 15:38:41,11670,11670,11670,2,-2
2019-11-27 15:38:41,11670,11670,11670,2,2
2019-11-27 15:38:42,11670,11670,11670,2,2
2019-11-27 15:38:44,11671,11671,11671,2,2
2019-11-27 15:38:45,11671,11671,11671,2,2
2019-11-27 15:38:45,11671,11671,11671,2,2
2019-11-27 15:38:45,11671,11671,11671,2,2
2019-11-27 15:38:45,11671,11671,11671,2,2
2019-11-27 15:38:45,11671,11671,11671,2,2
2019-11-27 15:38:46,11671,11671,11671,2,2
2019-11-27 15:38:46,11671,11671,11671,8,8
2019-11-27 15:38:46,11671,11671,11671,2,2
2019-11-27 15:38:47,11671,11671,11671,2,2
2019-11-27 15:38:48,11671,11671,11671,2,2
2019-11-27 15:38:55,11670,11670,11670,2,-2
2019-11-27 15:38:56,11671,11671,11671,2,2
2019-11-27 15:38:58,11670,11670,11670,2,-2
2019-11-27 15:39:03,11670,11670,11670,2,2
2019-11-27 15:39:04,11670,11670,11670,2,2
2019-11-27 15:39:09,11670,11670,11670,4,4
2019-11-27 15:39:09,11670,11670,11670,2,2
2019-11-27 15:39:09,11670,11670,11670,2,2
2019-11-27 15:39:09,11670,11670,11670,2,2
2019-11-27 15:39:09,11670,11670,11670,2,2
2019-11-27 15:39:09,11670,11670,11670,2,2
2019-11-27 15:39:09,11670,11670,11670,2,2
2019-11-27 15:39:09,11670,11670,11670,4,4
2019-11-27 15:39:10,11670,11670,11670,2,2
2019-11-27 15:39:10,11670,11670,11670,2,2
2019-11-27 15:39:10,11670,11670,11670,2,2
2019-11-27 15:39:10,11670,11670,11670,6,6
2019-11-27 15:39:14,11670,11670,11670,2,2
2019-11-27 15:39:14,11670,11670,11670,2,2
2019-11-27 15:39:26,11670,11670,11670,6,6
2019-11-27 15:39:26,11670,11670,11670,2,2
2019-11-27 15:39:38,11670,11670,11670,4,4
2019-11-27 15:39:43,11670,11670,11670,4,4
2019-11-27 15:39:47,11670,11670,11670,2,2
2019-11-27 15:39:47,11671,11671,11671,2,2
2019-11-27 15:39:48,11670,11670,11670,2,-2
2019-11-27 15:39:57,11670,11670,11670,8,8
2019-11-27 15:39:57,11670,11670,11670,2,2
2019-11-27 15:39:57,11670,11670,11670,2,2
2019-11-27 15:39:57,11670,11670,11670,2,2
2019-11-27 15:39:57,11670,11670,11670,2,2
2019-11-27 15:39:58,11669,11669,11669,2,-2
2019-11-27 15:39:58,11670,11670,11670,2,2
2019-11-27 15:40:00,11669,11669,11669,2,-2
2019-11-27 15:40:07,11670,11670,11670,4,4
2019-11-27 15:40:10,11670,11670,11670,8,8
2019-11-27 15:40:10,11670,11670,11670,2,2
2019-11-27 15:40:12,11670,11670,11670,2,2
2019-11-27 15:40:13,11670,11670,11670,2,2
2019-11-27 15:40:15,11671,11671,11671,8,8
2019-11-27 15:40:22,11670,11670,11670,2,-2
2019-11-27 15:40:26,11670,11670,11670,2,2
2019-11-27 15:40:26,11670,11670,11670,2,2
2019-11-27 15:40:29,11670,11670,11670,2,2
2019-11-27 15:40:40,11669,11669,11669,2,-2
2019-11-27 15:40:51,11669,11669,11669,2,2
2019-11-27 15:40:51,11669,11669,11669,2,2
2019-11-27 15:40:52,11670,11670,11670,6,6
2019-11-27 15:40:53,11669,11669,11669,2,-2
2019-11-27 15:40:53,11669,11669,11669,2,2
2019-11-27 15:40:53,11669,11669,11669,2,2
2019-11-27 15:40:53,11669,11669,11669,4,4
2019-11-27 15:40:53,11669,11669,11669,2,2
2019-11-27 15:40:53,11669,11669,11669,2,2
2019-11-27 15:40:53,11669,11669,11669,2,2
2019-11-27 15:40:56,11669,11669,11669,2,2
2019-11-27 15:41:03,11669,11669,11669,2,2
2019-11-27 15:41:09,11669,11669,11669,2,2
2019-11-27 15:41:12,11669,11669,11669,2,2
2019-11-27 15:41:14,11670,11670,11670,2,2
2019-11-27 15:41:17,11669,11669,11669,2,-2
2019-11-27 15:41:17,11669,11669,11669,2,2
2019-11-27 15:41:18,11669,11669,11669,2,2
2019-11-27 15:41:18,11669,11669,11669,2,2
2019-11-27 15:41:18,11669,11669,11669,2,2
2019-11-27 15:41:18,11669,11669,11669,2,2
2019-11-27 15:41:18,11669,11669,11669,2,2
2019-11-27 15:41:18,11669,11669,11669,2,2
2019-11-27 15:41:20,11669,11669,11669,2,2
2019-11-27 15:41:24,11669,11669,11669,2,2
2019-11-27 15:41:24,11670,11670,11670,6,6
2019-11-27 15:41:26,11670,11670,11670,30,30
2019-11-27 15:41:27,11670,11670,11670,26,26
2019-11-27 15:41:30,11669,11669,11669,2,-2
2019-11-27 15:41:30,11669,11669,11669,2,2
2019-11-27 15:41:30,11670,11670,11670,4,4
2019-11-27 15:41:31,11670,11670,11670,8,8
2019-11-27 15:41:33,11670,11670,11670,2,2
2019-11-27 15:41:36,11670,11670,11670,6,6
2019-11-27 15:41:36,11670,11670,11670,2,2
2019-11-27 15:41:36,11670,11670,11670,2,2
2019-11-27 15:41:43,11670,11670,11670,2,2
2019-11-27 15:41:44,11670,11670,11670,36,36
2019-11-27 15:41:48,11670,11670,11670,2,2
2019-11-27 15:41:48,11670,11670,11670,2,2
2019-11-27 15:41:50,11670,11670,11670,2,2
2019-11-27 15:41:56,11670,11670,11670,2,2
2019-11-27 15:42:02,11670,11670,11670,2,2
2019-11-27 15:42:04,11669,11669,11669,2,-2
2019-11-27 15:42:05,11670,11670,11670,2,2
2019-11-27 15:42:05,11670,11670,11670,2,2
2019-11-27 15:42:08,11670,11670,11670,6,6
2019-11-27 15:42:13,11670,11670,11670,2,2
2019-11-27 15:42:19,11670,11670,11670,2,2
2019-11-27 15:42:19,11670,11670,11670,2,2
2019-11-27 15:42:25,11670,11670,11670,2,2
2019-11-27 15:42:28,11670,11670,11670,2,2
2019-11-27 15:42:29,11671,11671,11671,2,2
2019-11-27 15:42:43,11670,11670,11670,4,-4
2019-11-27 15:42:43,11670,11670,11670,6,6
2019-11-27 15:42:45,11670,11670,11670,2,2
2019-11-27 15:42:45,11670,11670,11670,4,4
2019-11-27 15:42:46,11671,11671,11671,2,2
2019-11-27 15:42:48,11670,11670,11670,2,-2
2019-11-27 15:42:48,11670,11670,11670,2,2
2019-11-27 15:42:48,11670,11670,11670,2,2
2019-11-27 15:43:01,11670,11670,11670,2,2
2019-11-27 15:43:02,11670,11670,11670,2,2
2019-11-27 15:43:08,11670,11670,11670,6,6
2019-11-27 15:43:15,11669,11669,11669,2,-2
2019-11-27 15:43:15,11669,11669,11669,2,2
2019-11-27 15:43:26,11669,11669,11669,2,2
2019-11-27 15:43:27,11669,11669,11669,2,2
2019-11-27 15:43:27,11669,11669,11669,6,6
2019-11-27 15:43:27,11669,11669,11669,2,2
2019-11-27 15:43:27,11669,11669,11669,2,2
2019-11-27 15:43:27,11669,11669,11669,2,2
2019-11-27 15:43:27,11669,11669,11669,2,2
2019-11-27 15:43:27,11669,11669,11669,20,20
2019-11-27 15:43:27,11669,11669,11669,4,4
2019-11-27 15:43:27,11669,11669,11669,6,6
2019-11-27 15:43:27,11669,11669,11669,2,2
2019-11-27 15:43:27,11669,11669,11669,2,2
2019-11-27 15:43:28,11669,11669,11669,2,2
2019-11-27 15:43:29,11669,11669,11669,2,2
2019-11-27 15:43:43,11669,11669,11669,4,4
2019-11-27 15:43:49,11669,11669,11669,2,2
2019-11-27 15:43:59,11669,11669,11669,2,2
2019-11-27 15:44:00,11669,11669,11669,2,2
2019-11-27 15:44:00,11669,11669,11669,2,2
2019-11-27 15:44:00,11669,11669,11669,4,4
2019-11-27 15:44:00,11669,11669,11669,2,2
2019-11-27 15:44:00,11669,11669,11669,2,2
2019-11-27 15:44:00,11669,11669,11669,10,10
2019-11-27 15:44:04,11669,11669,11669,2,2
2019-11-27 15:44:11,11669,11669,11669,2,2
2019-11-27 15:44:14,11668,11668,11668,2,-2
2019-11-27 15:44:23,11668,11668,11668,2,2
2019-11-27 15:44:25,11669,11669,11669,6,6
2019-11-27 15:44:25,11668,11668,11668,2,-2
2019-11-27 15:44:25,11669,11669,11669,2,2
2019-11-27 15:44:26,11669,11669,11669,6,6
2019-11-27 15:44:27,11669,11669,11669,6,6
2019-11-27 15:44:34,11669,11669,11669,2,2
2019-11-27 15:44:35,11669,11669,11669,2,2
2019-11-27 15:44:39,11669,11669,11669,2,2
2019-11-27 15:44:45,11669,11669,11669,2,2
2019-11-27 15:44:55,11668,11668,11668,2,-2
2019-11-27 15:44:57,11669,11669,11669,2,2
2019-11-27 15:44:57,11668,11668,11668,2,-2
2019-11-27 15:44:57,11668,11668,11668,2,2
2019-11-27 15:45:00,11668,11668,11668,2,2
2019-11-27 15:45:00,11668,11668,11668,2,2
2019-11-27 15:45:00,11668,11668,11668,2,2
2019-11-27 15:45:00,11668,11668,11668,2,2
2019-11-27 15:45:00,11669,11669,11669,2,2
2019-11-27 15:45:00,11669,11669,11669,2,2
2019-11-27 15:45:01,11668,11668,11668,2,-2
2019-11-27 15:45:01,11668,11668,11668,2,2
2019-11-27 15:45:01,11668,11668,11668,2,2
2019-11-27 15:45:02,11669,11669,11669,2,2
2019-11-27 15:45:14,11668,11668,11668,2,-2
2019-11-27 15:45:20,11668,11668,11668,2,2
2019-11-27 15:45:26,11668,11668,11668,4,4
2019-11-27 15:45:26,11668,11668,11668,2,2
2019-11-27 15:45:36,11668,11668,11668,6,6
2019-11-27 15:45:40,11668,11668,11668,2,2
2019-11-27 15:45:40,11668,11668,11668,2,2
2019-11-27 15:45:53,11668,11668,11668,2,2
2019-11-27 15:45:54,11668,11668,11668,2,2
2019-11-27 15:45:54,11668,11668,11668,2,2
2019-11-27 15:45:57,11668,11668,11668,2,2
2019-11-27 15:45:57,11668,11668,11668,2,2
2019-11-27 15:46:10,11668,11668,11668,2,2
2019-11-27 15:46:13,11668,11668,11668,2,2
2019-11-27 15:46:20,11668,11668,11668,2,2
2019-11-27 15:46:26,11669,11669,11669,10,10
2019-11-27 15:46:27,11669,11669,11669,10,10
2019-11-27 15:46:32,11669,11669,11669,10,10
2019-11-27 15:46:33,11669,11669,11669,10,10
2019-11-27 15:46:35,11669,11669,11669,8,8
2019-11-27 15:46:35,11669,11669,11669,2,2
2019-11-27 15:46:39,11669,11669,11669,2,2
2019-11-27 15:46:40,11669,11669,11669,2,2
2019-11-27 15:46:45,11670,11670,11670,2,2
2019-11-27 15:46:54,11670,11670,11670,2,2
2019-11-27 15:47:02,11669,11669,11669,2,-2
2019-11-27 15:47:03,11669,11669,11669,8,8
2019-11-27 15:47:03,11669,11669,11669,2,2
2019-11-27 15:47:03,11669,11669,11669,2,2
2019-11-27 15:47:03,11669,11669,11669,2,2
2019-11-27 15:47:03,11669,11669,11669,4,4
2019-11-27 15:47:04,11669,11669,11669,4,4
2019-11-27 15:47:05,11669,11669,11669,2,2
2019-11-27 15:47:05,11669,11669,11669,2,2
2019-11-27 15:47:05,11670,11670,11670,4,4
2019-11-27 15:47:07,11669,11669,11669,2,-2
2019-11-27 15:47:19,11668,11668,11668,2,-2
2019-11-27 15:47:43,11669,11669,11669,2,2
2019-11-27 15:47:54,11669,11669,11669,2,2
2019-11-27 15:47:55,11668,11668,11668,2,-2
2019-11-27 15:48:05,11668,11668,11668,2,2
2019-11-27 15:48:18,11669,11669,11669,2,2
2019-11-27 15:48:18,11669,11669,11669,2,2
2019-11-27 15:48:20,11669,11669,11669,2,2
2019-11-27 15:48:20,11668,11668,11668,2,-2
2019-11-27 15:48:20,11669,11669,11669,2,2
2019-11-27 15:48:20,11668,11668,11668,2,-2
2019-11-27 15:48:21,11669,11669,11669,2,2
2019-11-27 15:48:22,11669,11669,11669,2,2
2019-11-27 15:48:22,11668,11668,11668,2,-2
2019-11-27 15:48:22,11668,11668,11668,2,2
2019-11-27 15:48:22,11668,11668,11668,2,2
2019-11-27 15:48:22,11668,11668,11668,2,2
2019-11-27 15:48:22,11668,11668,11668,2,2
2019-11-27 15:48:22,11668,11668,11668,2,2
2019-11-27 15:48:23,11668,11668,11668,2,2
2019-11-27 15:48:23,11668,11668,11668,2,2
2019-11-27 15:48:23,11668,11668,11668,2,2
2019-11-27 15:48:25,11669,11669,11669,2,2
2019-11-27 15:48:26,11668,11668,11668,2,-2
2019-11-27 15:48:26,11668,11668,11668,2,2
2019-11-27 15:48:28,11668,11668,11668,2,2
2019-11-27 15:48:28,11668,11668,11668,2,2
2019-11-27 15:48:28,11668,11668,11668,2,2
2019-11-27 15:48:28,11668,11668,11668,2,2
2019-11-27 15:48:28,11667,11667,11667,2,-2
2019-11-27 15:48:28,11667,11667,11667,2,2
2019-11-27 15:48:28,11667,11667,11667,2,2
2019-11-27 15:48:28,11667,11667,11667,2,2
2019-11-27 15:48:28,11667,11667,11667,2,2
2019-11-27 15:48:28,11667,11667,11667,2,2
2019-11-27 15:48:28,11667,11667,11667,2,2
2019-11-27 15:48:28,11667,11667,11667,2,2
2019-11-27 15:48:28,11667,11667,11667,2,2
2019-11-27 15:48:28,11667,11667,11667,2,2
2019-11-27 15:48:28,11668,11668,11668,4,4
2019-11-27 15:48:30,11669,11669,11669,2,2
2019-11-27 15:48:33,11668,11668,11668,2,-2
2019-11-27 15:48:35,11668,11668,11668,2,2
2019-11-27 15:48:38,11668,11668,11668,2,2
2019-11-27 15:48:40,11668,11668,11668,2,2
2019-11-27 15:48:46,11668,11668,11668,2,2
2019-11-27 15:48:49,11668,11668,11668,2,2
2019-11-27 15:48:49,11668,11668,11668,2,2
2019-11-27 15:48:53,11668,11668,11668,2,2
2019-11-27 15:48:53,11668,11668,11668,4,4
2019-11-27 15:48:53,11668,11668,11668,2,2
2019-11-27 15:48:53,11668,11668,11668,2,2
2019-11-27 15:48:57,11668,11668,11668,2,2
2019-11-27 15:48:59,11668,11668,11668,2,2
2019-11-27 15:48:59,11668,11668,11668,2,2
2019-11-27 15:49:00,11668,11668,11668,2,2
2019-11-27 15:49:02,11668,11668,11668,2,2
2019-11-27 15:49:09,11668,11668,11668,18,18
2019-11-27 15:49:09,11668,11668,11668,2,2
2019-11-27 15:49:21,11668,11668,11668,2,2
2019-11-27 15:49:38,11668,11668,11668,12,12
2019-11-27 15:49:45,11668,11668,11668,2,2
2019-11-27 15:50:10,11667,11667,11667,2,-2
2019-11-27 15:50:10,11667,11667,11667,2,2
2019-11-27 15:50:17,11667,11667,11667,2,2
2019-11-27 15:50:21,11667,11667,11667,2,2
2019-11-27 15:50:21,11667,11667,11667,2,2
2019-11-27 15:50:22,11667,11667,11667,2,2
2019-11-27 15:50:29,11667,11667,11667,2,2
2019-11-27 15:50:40,11667,11667,11667,4,4
2019-11-27 15:50:41,11667,11667,11667,2,2
2019-11-27 15:50:43,11667,11667,11667,2,2
2019-11-27 15:50:45,11667,11667,11667,2,2
2019-11-27 15:50:47,11667,11667,11667,2,2
2019-11-27 15:50:47,11667,11667,11667,4,4
2019-11-27 15:50:48,11667,11667,11667,2,2
2019-11-27 15:50:55,11667,11667,11667,2,2
2019-11-27 15:50:55,11668,11668,11668,2,2
2019-11-27 15:50:56,11667,11667,11667,6,-6
2019-11-27 15:51:05,11667,11667,11667,2,2
2019-11-27 15:51:05,11667,11667,11667,2,2
2019-11-27 15:51:15,11667,11667,11667,2,2
2019-11-27 15:51:24,11667,11667,11667,2,2
2019-11-27 15:51:24,11668,11668,11668,2,2
2019-11-27 15:51:38,11667,11667,11667,2,-2
2019-11-27 15:51:42,11667,11667,11667,2,2
2019-11-27 15:51:42,11667,11667,11667,2,2
2019-11-27 15:51:44,11668,11668,11668,4,4
2019-11-27 15:51:49,11668,11668,11668,2,2
2019-11-27 15:52:01,11667,11667,11667,2,-2
2019-11-27 15:52:01,11667,11667,11667,2,2
2019-11-27 15:52:01,11667,11667,11667,2,2
2019-11-27 15:52:01,11667,11667,11667,2,2
2019-11-27 15:52:01,11667,11667,11667,2,2
2019-11-27 15:52:01,11667,11667,11667,4,4
2019-11-27 15:52:01,11667,11667,11667,2,2
2019-11-27 15:52:01,11667,11667,11667,2,2
2019-11-27 15:52:01,11667,11667,11667,2,2
2019-11-27 15:52:01,11667,11667,11667,2,2
2019-11-27 15:52:01,11667,11667,11667,2,2
2019-11-27 15:52:04,11667,11667,11667,2,2
2019-11-27 15:52:04,11667,11667,11667,2,2
2019-11-27 15:52:08,11667,11667,11667,2,2
2019-11-27 15:52:08,11667,11667,11667,2,2
2019-11-27 15:52:09,11667,11667,11667,2,2
2019-11-27 15:52:11,11667,11667,11667,2,2
2019-11-27 15:52:11,11667,11667,11667,2,2
2019-11-27 15:52:11,11667,11667,11667,4,4
2019-11-27 15:52:19,11667,11667,11667,2,2
2019-11-27 15:52:23,11667,11667,11667,2,2
2019-11-27 15:52:24,11667,11667,11667,4,4
2019-11-27 15:52:24,11667,11667,11667,2,2
2019-11-27 15:52:24,11667,11667,11667,2,2
2019-11-27 15:52:25,11667,11667,11667,2,2
2019-11-27 15:52:26,11667,11667,11667,2,2
2019-11-27 15:52:26,11667,11667,11667,4,4
2019-11-27 15:52:26,11667,11667,11667,6,6
2019-11-27 15:52:27,11666,11666,11666,4,-4
2019-11-27 15:52:27,11666,11666,11666,4,4
2019-11-27 15:52:28,11666,11666,11666,2,2
2019-11-27 15:52:28,11666,11666,11666,2,2
2019-11-27 15:52:28,11666,11666,11666,2,2
2019-11-27 15:52:30,11667,11667,11667,2,2
2019-11-27 15:52:32,11666,11666,11666,2,-2
2019-11-27 15:52:39,11666,11666,11666,2,2
2019-11-27 15:52:39,11666,11666,11666,2,2
2019-11-27 15:52:39,11666,11666,11666,4,4
2019-11-27 15:52:39,11666,11666,11666,2,2
2019-11-27 15:52:42,11666,11666,11666,2,2
2019-11-27 15:52:56,11666,11666,11666,2,2
2019-11-27 15:53:04,11667,11667,11667,6,6
2019-11-27 15:53:04,11666,11666,11666,2,-2
2019-11-27 15:53:04,11667,11667,11667,6,6
2019-11-27 15:53:05,11667,11667,11667,20,20
2019-11-27 15:53:05,11667,11667,11667,4,4
2019-11-27 15:53:06,11667,11667,11667,2,2
2019-11-27 15:53:15,11667,11667,11667,2,2
2019-11-27 15:53:17,11667,11667,11667,2,2
2019-11-27 15:53:19,11667,11667,11667,2,2
2019-11-27 15:53:20,11667,11667,11667,2,2
2019-11-27 15:53:27,11667,11667,11667,2,2
2019-11-27 15:53:29,11667,11667,11667,2,2
2019-11-27 15:53:34,11667,11667,11667,2,2
2019-11-27 15:53:36,11667,11667,11667,2,2
2019-11-27 15:53:37,11668,11668,11668,2,2
2019-11-27 15:53:42,11667,11667,11667,2,-2
2019-11-27 15:53:42,11667,11667,11667,2,2
2019-11-27 15:53:47,11667,11667,11667,2,2
2019-11-27 15:53:51,11667,11667,11667,2,2
2019-11-27 15:53:57,11668,11668,11668,2,2
2019-11-27 15:53:58,11668,11668,11668,2,2
2019-11-27 15:53:59,11668,11668,11668,2,2
2019-11-27 15:54:05,11668,11668,11668,2,2
2019-11-27 15:54:06,11668,11668,11668,4,4
2019-11-27 15:54:06,11668,11668,11668,4,4
2019-11-27 15:54:17,11668,11668,11668,2,2
2019-11-27 15:54:18,11668,11668,11668,2,2
2019-11-27 15:54:19,11668,11668,11668,2,2
2019-11-27 15:54:25,11667,11667,11667,2,-2
2019-11-27 15:54:26,11668,11668,11668,2,2
2019-11-27 15:54:38,11668,11668,11668,4,4
2019-11-27 15:54:38,11668,11668,11668,10,10
2019-11-27 15:54:38,11668,11668,11668,10,10
2019-11-27 15:54:38,11668,11668,11668,42,42
2019-11-27 15:54:38,11668,11668,11668,8,8
2019-11-27 15:54:38,11668,11668,11668,6,6
2019-11-27 15:54:38,11668,11668,11668,2,2
2019-11-27 15:54:38,11668,11668,11668,8,8
2019-11-27 15:54:38,11668,11668,11668,2,2
2019-11-27 15:54:38,11668,11668,11668,6,6
2019-11-27 15:54:38,11668,11668,11668,2,2
2019-11-27 15:54:38,11668,11668,11668,6,6
2019-11-27 15:54:38,11668,11668,11668,2,2
2019-11-27 15:54:38,11668,11668,11668,18,18
2019-11-27 15:54:39,11668,11668,11668,2,2
2019-11-27 15:54:41,11668,11668,11668,2,2
2019-11-27 15:54:41,11668,11668,11668,4,4
2019-11-27 15:54:42,11668,11668,11668,2,2
2019-11-27 15:54:45,11668,11668,11668,2,2
2019-11-27 15:54:45,11667,11667,11667,4,-4
2019-11-27 15:54:45,11667,11667,11667,2,2
2019-11-27 15:54:46,11667,11667,11667,6,6
2019-11-27 15:55:20,11668,11668,11668,6,6
2019-11-27 15:55:38,11668,11668,11668,2,2
2019-11-27 15:55:49,11669,11669,11669,40,40
2019-11-27 15:55:58,11669,11669,11669,2,2
2019-11-27 15:56:02,11670,11670,11670,2,2
2019-11-27 15:56:02,11670,11670,11670,2,2
2019-11-27 15:56:04,11670,11670,11670,2,2
2019-11-27 15:56:11,11670,11670,11670,2,2
2019-11-27 15:56:15,11670,11670,11670,2,2
2019-11-27 15:56:15,11670,11670,11670,2,2
2019-11-27 15:56:19,11670,11670,11670,2,2
2019-11-27 15:56:25,11670,11670,11670,2,2
2019-11-27 15:56:30,11670,11670,11670,2,2
2019-11-27 15:56:31,11669,11669,11669,4,-4
2019-11-27 15:56:37,11669,11669,11669,2,2
2019-11-27 15:56:40,11670,11670,11670,2,2
2019-11-27 15:56:40,11670,11670,11670,2,2
2019-11-27 15:56:41,11670,11670,11670,2,2
2019-11-27 15:56:51,11670,11670,11670,14,14
2019-11-27 15:56:53,11670,11670,11670,4,4
2019-11-27 15:56:54,11670,11670,11670,2,2
2019-11-27 15:56:57,11669,11669,11669,2,-2
2019-11-27 15:56:58,11670,11670,11670,2,2
2019-11-27 15:57:06,11670,11670,11670,2,2
2019-11-27 15:57:25,11670,11670,11670,2,2
2019-11-27 15:57:37,11670,11670,11670,4,4
2019-11-27 15:57:51,11669,11669,11669,2,-2
2019-11-27 15:57:55,11669,11669,11669,2,2
2019-11-27 15:58:13,11669,11669,11669,2,2
2019-11-27 15:58:13,11669,11669,11669,2,2
2019-11-27 15:58:15,11669,11669,11669,2,2
2019-11-27 15:58:15,11669,11669,11669,2,2
2019-11-27 15:58:29,11669,11669,11669,4,4
2019-11-27 15:58:29,11669,11669,11669,2,2
2019-11-27 15:58:29,11669,11669,11669,2,2
2019-11-27 15:58:40,11670,11670,11670,2,2
2019-11-27 15:58:40,11670,11670,11670,2,2
2019-11-27 15:58:46,11670,11670,11670,2,2
2019-11-27 15:59:01,11669,11669,11669,6,-6
2019-11-27 15:59:01,11669,11669,11669,36,36
2019-11-27 15:59:01,11669,11669,11669,6,6
2019-11-27 15:59:01,11669,11669,11669,2,2
2019-11-27 15:59:01,11669,11669,11669,6,6
2019-11-27 15:59:01,11669,11669,11669,4,4
2019-11-27 15:59:01,11669,11669,11669,4,4
2019-11-27 15:59:01,11669,11669,11669,6,6
2019-11-27 15:59:01,11669,11669,11669,4,4
2019-11-27 15:59:01,11669,11669,11669,2,2
2019-11-27 15:59:01,11669,11669,11669,4,4
2019-11-27 15:59:01,11669,11669,11669,2,2
2019-11-27 15:59:01,11669,11669,11669,22,22
2019-11-27 15:59:01,11669,11669,11669,6,6
2019-11-27 15:59:01,11669,11669,11669,6,6
2019-11-27 15:59:01,11669,11669,11669,2,2
2019-11-27 15:59:01,11669,11669,11669,4,4
2019-11-27 15:59:01,11669,11669,11669,2,2
2019-11-27 15:59:01,11669,11669,11669,4,4
2019-11-27 15:59:01,11669,11669,11669,2,2
2019-11-27 15:59:01,11669,11669,11669,2,2
2019-11-27 15:59:01,11668,11668,11668,2,-2
2019-11-27 15:59:02,11669,11669,11669,2,2
2019-11-27 15:59:07,11668,11668,11668,2,-2
2019-11-27 15:59:11,11668,11668,11668,2,2
2019-11-27 15:59:16,11668,11668,11668,4,4
2019-11-27 15:59:21,11668,11668,11668,2,2
2019-11-27 15:59:24,11668,11668,11668,4,4
2019-11-27 15:59:24,11668,11668,11668,2,2
2019-11-27 15:59:25,11668,11668,11668,2,2
2019-11-27 15:59:25,11668,11668,11668,2,2
2019-11-27 15:59:42,11668,11668,11668,2,2
2019-11-27 15:59:50,11668,11668,11668,2,2
2019-11-27 15:59:50,11668,11668,11668,2,2
2019-11-27 16:00:18,11668,11668,11668,2,2
2019-11-27 16:00:18,11669,11669,11669,2,2
2019-11-27 16:00:19,11669,11669,11669,6,6
2019-11-27 16:00:19,11669,11669,11669,2,2
2019-11-27 16:00:19,11669,11669,11669,2,2
2019-11-27 16:00:19,11669,11669,11669,2,2
2019-11-27 16:00:19,11669,11669,11669,2,2
2019-11-27 16:00:19,11670,11670,11670,2,2
2019-11-27 16:00:19,11669,11669,11669,2,-2
2019-11-27 16:00:19,11670,11670,11670,4,4
2019-11-27 16:00:19,11670,11670,11670,6,6
2019-11-27 16:00:50,11669,11669,11669,2,-2
2019-11-27 16:01:06,11669,11669,11669,2,2
2019-11-27 16:01:10,11669,11669,11669,4,4
2019-11-27 16:01:19,11669,11669,11669,6,6
2019-11-27 16:01:35,11668,11668,11668,2,-2
2019-11-27 16:01:35,11668,11668,11668,2,2
2019-11-27 16:01:35,11668,11668,11668,2,2
2019-11-27 16:01:35,11668,11668,11668,2,2
2019-11-27 16:01:35,11668,11668,11668,2,2
2019-11-27 16:01:35,11668,11668,11668,2,2
2019-11-27 16:01:35,11668,11668,11668,2,2
2019-11-27 16:01:35,11668,11668,11668,2,2
2019-11-27 16:01:35,11668,11668,11668,2,2
2019-11-27 16:01:35,11668,11668,11668,2,2
2019-11-27 16:01:43,11667,11667,11667,2,-2
2019-11-27 16:01:45,11667,11667,11667,2,2
2019-11-27 16:01:45,11667,11667,11667,2,2
2019-11-27 16:01:45,11667,11667,11667,2,2
2019-11-27 16:01:45,11667,11667,11667,2,2
2019-11-27 16:01:45,11667,11667,11667,2,2
2019-11-27 16:01:45,11667,11667,11667,2,2
2019-11-27 16:02:07,11666,11666,11666,2,-2
2019-11-27 16:02:07,11667,11667,11667,6,6
2019-11-27 16:02:08,11667,11667,11667,10,10
2019-11-27 16:02:10,11667,11667,11667,2,2
2019-11-27 16:02:13,11667,11667,11667,2,2
2019-11-27 16:02:18,11667,11667,11667,2,2
2019-11-27 16:02:19,11667,11667,11667,2,2
2019-11-27 16:02:20,11667,11667,11667,2,2
2019-11-27 16:02:27,11666,11666,11666,2,-2
2019-11-27 16:02:27,11666,11666,11666,2,2
2019-11-27 16:02:27,11666,11666,11666,2,2
2019-11-27 16:02:27,11666,11666,11666,2,2
2019-11-27 16:02:27,11666,11666,11666,2,2
2019-11-27 16:02:27,11666,11666,11666,2,2
2019-11-27 16:02:27,11666,11666,11666,6,6
2019-11-27 16:02:27,11666,11666,11666,2,2
2019-11-27 16:02:27,11666,11666,11666,2,2
2019-11-27 16:02:27,11666,11666,11666,2,2
2019-11-27 16:02:27,11666,11666,11666,2,2
2019-11-27 16:02:27,11666,11666,11666,4,4
2019-11-27 16:02:29,11667,11667,11667,2,2
2019-11-27 16:02:39,11666,11666,11666,2,-2
2019-11-27 16:02:41,11666,11666,11666,4,4
2019-11-27 16:02:43,11666,11666,11666,6,6
2019-11-27 16:02:43,11666,11666,11666,4,4
2019-11-27 16:02:46,11666,11666,11666,2,2
2019-11-27 16:02:46,11666,11666,11666,2,2
2019-11-27 16:02:46,11666,11666,11666,2,2
2019-11-27 16:02:47,11666,11666,11666,2,2
2019-11-27 16:02:47,11666,11666,11666,2,2
2019-11-27 16:02:47,11666,11666,11666,2,2
2019-11-27 16:02:47,11666,11666,11666,2,2
2019-11-27 16:02:49,11666,11666,11666,6,6
2019-11-27 16:02:58,11666,11666,11666,2,2
