2021-04-01 15:00:00.068,16578,16580,16580,86,86
2021-04-01 15:00:00.134,16578,16580,16580,1,1
2021-04-01 15:00:00.143,16578,16580,16580,1,1
2021-04-01 15:00:00.147,16578,16580,16580,1,1
2021-04-01 15:00:00.174,16578,16580,16580,1,1
2021-04-01 15:00:00.185,16578,16580,16580,1,1
2021-04-01 15:00:00.189,16578,16580,16580,1,1
2021-04-01 15:00:00.189,16578,16580,16580,1,1
2021-04-01 15:00:00.249,16578,16580,16581,1,1
2021-04-01 15:00:00.251,16578,16580,16581,1,1
2021-04-01 15:00:00.284,16578,16581,16581,1,1
2021-04-01 15:00:00.332,16578,16581,16581,1,1
2021-04-01 15:00:00.386,16578,16581,16581,1,1
2021-04-01 15:00:00.398,16578,16581,16581,2,2
2021-04-01 15:00:00.408,16578,16581,16578,1,-1
2021-04-01 15:00:00.411,16578,16581,16581,1,1
2021-04-01 15:00:00.458,16578,16581,16581,1,1
2021-04-01 15:00:00.474,16578,16581,16580,1,-1
2021-04-01 15:00:00.474,16578,16581,16581,2,2
2021-04-01 15:00:00.478,16578,16581,16581,2,2
2021-04-01 15:00:00.493,16578,16581,16578,2,-2
2021-04-01 15:00:00.494,16578,16581,16581,1,1
2021-04-01 15:00:00.495,16578,16581,16581,1,1
2021-04-01 15:00:00.527,16578,16581,16581,1,1
2021-04-01 15:00:00.533,16577,16581,16577,1,-1
2021-04-01 15:00:00.541,16577,16581,16581,1,1
2021-04-01 15:00:00.542,16577,16581,16581,3,3
2021-04-01 15:00:00.551,16577,16581,16581,1,1
2021-04-01 15:00:00.556,16577,16581,16581,1,1
2021-04-01 15:00:00.560,16577,16581,16581,2,2
2021-04-01 15:00:00.596,16577,16581,16581,1,1
2021-04-01 15:00:00.597,16577,16581,16581,4,4
2021-04-01 15:00:00.601,16577,16581,16581,3,3
2021-04-01 15:00:00.602,16577,16581,16580,1,-1
2021-04-01 15:00:00.606,16577,16581,16581,6,6
2021-04-01 15:00:00.617,16577,16581,16581,1,1
2021-04-01 15:00:00.617,16577,16581,16581,3,3
2021-04-01 15:00:00.620,16577,16581,16581,6,6
2021-04-01 15:00:00.620,16577,16581,16581,3,3
2021-04-01 15:00:00.658,16580,16582,16582,2,2
2021-04-01 15:00:00.658,16580,16582,16582,1,1
2021-04-01 15:00:00.667,16580,16582,16582,1,1
2021-04-01 15:00:00.700,16580,16582,16583,1,1
2021-04-01 15:00:00.718,16580,16582,16583,2,2
2021-04-01 15:00:00.732,16580,16582,16583,2,2
2021-04-01 15:00:00.732,16580,16582,16583,1,1
2021-04-01 15:00:00.740,16580,16582,16582,1,1
2021-04-01 15:00:00.740,16580,16582,16581,5,-5
2021-04-01 15:00:00.795,16581,16584,16582,1,1
2021-04-01 15:00:00.795,16581,16584,16581,1,-1
2021-04-01 15:00:00.813,16581,16584,16584,2,2
2021-04-01 15:00:00.813,16581,16584,16585,2,2
2021-04-01 15:00:00.862,16581,16584,16585,1,1
2021-04-01 15:00:00.865,16581,16584,16581,4,-4
2021-04-01 15:00:00.876,16581,16584,16585,2,2
2021-04-01 15:00:00.977,16581,16585,16585,3,3
2021-04-01 15:00:01.043,16583,16584,16583,3,-3
2021-04-01 15:00:01.083,16583,16584,16584,1,1
2021-04-01 15:00:01.345,16583,16584,16584,1,1
2021-04-01 15:00:01.345,16583,16584,16585,2,2
2021-04-01 15:00:01.400,16583,16584,16585,1,1
2021-04-01 15:00:01.661,16583,16584,16583,1,-1
2021-04-01 15:00:01.661,16583,16584,16583,4,-4
2021-04-01 15:00:01.933,16580,16583,16582,1,-1
2021-04-01 15:00:01.958,16580,16583,16582,1,-1
2021-04-01 15:00:01.998,16580,16583,16581,1,-1
2021-04-01 15:00:02.074,16581,16582,16582,1,1
2021-04-01 15:00:02.104,16581,16582,16582,1,1
2021-04-01 15:00:02.281,16581,16582,16582,2,2
2021-04-01 15:00:02.442,16581,16583,16583,1,1
2021-04-01 15:00:02.445,16581,16583,16581,1,-1
2021-04-01 15:00:02.445,16581,16583,16580,2,-2
2021-04-01 15:00:02.445,16581,16583,16580,3,-3
2021-04-01 15:00:02.494,16581,16583,16577,1,-1
2021-04-01 15:00:02.627,16577,16580,16580,1,1
2021-04-01 15:00:03.019,16580,16582,16580,2,-2
2021-04-01 15:00:03.334,16578,16580,16580,1,1
2021-04-01 15:00:03.674,16579,16580,16579,1,-1
2021-04-01 15:00:03.674,16579,16580,16578,7,-7
2021-04-01 15:00:03.674,16579,16580,16577,4,-4
2021-04-01 15:00:03.674,16579,16580,16576,1,-1
2021-04-01 15:00:03.769,16579,16580,16579,1,1
2021-04-01 15:00:03.769,16579,16580,16580,5,5
2021-04-01 15:00:03.769,16579,16580,16582,2,2
2021-04-01 15:00:03.870,16580,16582,16581,1,-1
2021-04-01 15:00:03.929,16580,16581,16581,2,2
2021-04-01 15:00:03.930,16580,16581,16581,2,2
2021-04-01 15:00:03.972,16580,16581,16583,1,1
2021-04-01 15:00:04.074,16581,16583,16583,2,2
2021-04-01 15:00:04.254,16581,16583,16583,1,1
2021-04-01 15:00:04.281,16581,16583,16583,1,1
2021-04-01 15:00:04.305,16581,16583,16582,1,-1
2021-04-01 15:00:04.428,16581,16583,16583,1,1
2021-04-01 15:00:04.439,16581,16583,16583,1,1
2021-04-01 15:00:04.439,16581,16583,16582,1,-1
2021-04-01 15:00:04.450,16581,16583,16583,1,1
2021-04-01 15:00:04.462,16581,16583,16583,1,1
2021-04-01 15:00:04.643,16581,16584,16581,1,-1
2021-04-01 15:00:04.661,16581,16584,16581,1,-1
2021-04-01 15:00:05.070,16580,16584,16584,1,1
2021-04-01 15:00:05.180,16581,16584,16584,1,1
2021-04-01 15:00:05.333,16581,16584,16584,1,1
2021-04-01 15:00:05.354,16581,16584,16584,1,1
2021-04-01 15:00:05.510,16581,16583,16583,1,1
2021-04-01 15:00:05.528,16581,16583,16584,1,1
2021-04-01 15:00:05.640,16581,16584,16584,1,1
2021-04-01 15:00:05.665,16581,16584,16584,1,1
2021-04-01 15:00:05.770,16581,16584,16582,1,-1
2021-04-01 15:00:05.770,16581,16584,16581,1,-1
2021-04-01 15:00:06.301,16581,16584,16581,1,-1
2021-04-01 15:00:06.475,16581,16584,16584,1,1
2021-04-01 15:00:06.476,16581,16584,16585,1,1
2021-04-01 15:00:06.480,16581,16584,16585,1,1
2021-04-01 15:00:06.537,16581,16586,16581,2,-2
2021-04-01 15:00:06.575,16581,16586,16586,1,1
2021-04-01 15:00:06.590,16581,16586,16586,1,1
2021-04-01 15:00:06.602,16581,16586,16582,1,-1
2021-04-01 15:00:06.602,16581,16586,16581,1,-1
2021-04-01 15:00:06.605,16581,16586,16586,1,1
2021-04-01 15:00:06.647,16581,16586,16586,1,1
2021-04-01 15:00:06.734,16581,16586,16586,2,2
2021-04-01 15:00:06.754,16581,16586,16586,1,1
2021-04-01 15:00:06.771,16581,16586,16586,1,1
2021-04-01 15:00:07.004,16581,16584,16584,1,1
2021-04-01 15:00:07.035,16581,16585,16585,1,1
2021-04-01 15:00:07.053,16581,16585,16586,1,1
2021-04-01 15:00:07.093,16581,16585,16584,1,-1
2021-04-01 15:00:07.261,16581,16585,16585,1,1
2021-04-01 15:00:07.311,16582,16585,16585,2,2
2021-04-01 15:00:07.449,16582,16585,16582,1,-1
2021-04-01 15:00:08.152,16581,16585,16581,1,-1
2021-04-01 15:00:09.036,16581,16585,16581,2,-2
2021-04-01 15:00:09.369,16581,16584,16583,1,1
2021-04-01 15:00:09.369,16581,16584,16584,1,1
2021-04-01 15:00:09.369,16581,16584,16585,1,1
2021-04-01 15:00:09.400,16581,16584,16583,1,-1
2021-04-01 15:00:09.653,16581,16585,16581,2,-2
2021-04-01 15:00:09.740,16580,16585,16580,1,-1
2021-04-01 15:00:11.373,16580,16583,16582,1,1
2021-04-01 15:00:11.680,16580,16583,16580,1,-1
2021-04-01 15:00:12.451,16580,16583,16582,1,1
2021-04-01 15:00:13.302,16581,16583,16582,1,-1
2021-04-01 15:00:14.060,16581,16583,16581,1,-1
2021-04-01 15:00:14.267,16581,16583,16582,1,1
2021-04-01 15:00:14.718,16581,16583,16581,1,-1
2021-04-01 15:00:14.718,16581,16583,16580,2,-2
2021-04-01 15:00:15.336,16580,16583,16583,3,3
2021-04-01 15:00:15.388,16580,16583,16584,1,1
2021-04-01 15:00:15.500,16583,16585,16582,1,-1
2021-04-01 15:00:16.767,16582,16583,16583,1,1
2021-04-01 15:00:16.856,16582,16583,16582,1,-1
2021-04-01 15:00:16.990,16582,16583,16582,1,-1
2021-04-01 15:00:17.177,16582,16583,16582,1,-1
2021-04-01 15:00:17.178,16582,16583,16582,3,-3
2021-04-01 15:00:17.598,16581,16582,16582,1,1
2021-04-01 15:00:17.599,16581,16582,16582,1,1
2021-04-01 15:00:17.923,16582,16583,16583,1,1
2021-04-01 15:00:18.177,16582,16584,16583,1,-1
2021-04-01 15:00:18.237,16582,16584,16583,1,-1
2021-04-01 15:00:18.477,16581,16583,16581,1,-1
2021-04-01 15:00:19.877,16581,16582,16581,1,-1
2021-04-01 15:00:19.899,16581,16582,16580,1,-1
2021-04-01 15:00:21.565,16580,16581,16581,1,1
2021-04-01 15:00:21.932,16580,16581,16580,1,-1
2021-04-01 15:00:21.991,16580,16581,16580,4,-4
2021-04-01 15:00:21.993,16580,16581,16580,4,-4
2021-04-01 15:00:22.381,16579,16580,16580,1,1
2021-04-01 15:00:23.238,16579,16580,16579,1,-1
2021-04-01 15:00:23.238,16579,16580,16579,5,-5
2021-04-01 15:00:23.238,16579,16580,16579,1,-1
2021-04-01 15:00:23.495,16578,16580,16580,3,3
2021-04-01 15:00:23.786,16578,16580,16580,1,1
2021-04-01 15:00:24.283,16578,16580,16580,1,1
2021-04-01 15:00:24.284,16578,16580,16580,1,1
2021-04-01 15:00:25.793,16579,16580,16579,1,-1
2021-04-01 15:00:25.794,16579,16580,16580,1,1
2021-04-01 15:00:27.033,16578,16579,16579,1,1
2021-04-01 15:00:27.033,16578,16579,16579,1,1
2021-04-01 15:00:28.000,16578,16580,16580,1,1
2021-04-01 15:00:28.599,16578,16580,16578,1,-1
2021-04-01 15:00:29.180,16578,16579,16579,2,2
2021-04-01 15:00:29.728,16578,16580,16578,1,-1
2021-04-01 15:00:30.260,16578,16580,16580,1,1
2021-04-01 15:00:30.322,16578,16580,16579,1,-1
2021-04-01 15:00:30.528,16578,16580,16579,1,-1
2021-04-01 15:00:31.295,16578,16579,16578,1,-1
2021-04-01 15:00:31.295,16578,16579,16578,1,-1
2021-04-01 15:00:32.372,16577,16579,16577,1,-1
2021-04-01 15:00:32.926,16578,16580,16578,1,1
2021-04-01 15:00:33.039,16577,16579,16579,1,1
2021-04-01 15:00:34.328,16577,16578,16577,2,-2
2021-04-01 15:00:35.121,16577,16578,16577,2,-2
2021-04-01 15:00:36.406,16577,16578,16577,2,-2
2021-04-01 15:00:37.309,16577,16578,16577,2,-2
2021-04-01 15:00:37.788,16577,16578,16577,1,-1
2021-04-01 15:00:38.683,16577,16578,16577,1,-1
2021-04-01 15:00:39.448,16577,16578,16578,1,1
2021-04-01 15:00:40.224,16577,16578,16577,1,-1
2021-04-01 15:00:40.225,16577,16578,16577,2,-2
2021-04-01 15:00:40.225,16577,16578,16577,1,-1
2021-04-01 15:00:40.225,16577,16578,16577,3,-3
2021-04-01 15:00:40.530,16576,16578,16578,1,1
2021-04-01 15:00:41.258,16576,16577,16576,2,-2
2021-04-01 15:00:42.288,16576,16577,16576,1,-1
2021-04-01 15:00:42.704,16576,16577,16576,1,-1
2021-04-01 15:00:42.790,16575,16577,16577,1,1
2021-04-01 15:00:43.676,16575,16576,16575,1,-1
2021-04-01 15:00:43.834,16575,16576,16575,2,-2
2021-04-01 15:00:44.100,16575,16576,16576,1,1
2021-04-01 15:00:44.420,16575,16576,16575,5,-5
2021-04-01 15:00:44.420,16575,16576,16575,1,-1
2021-04-01 15:00:46.107,16574,16576,16574,2,-2
2021-04-01 15:00:46.536,16573,16574,16574,1,1
2021-04-01 15:00:48.187,16573,16574,16574,7,7
2021-04-01 15:00:48.558,16574,16576,16574,2,-2
2021-04-01 15:00:48.631,16574,16576,16576,1,1
2021-04-01 15:00:48.663,16574,16576,16576,1,1
2021-04-01 15:00:49.352,16574,16576,16575,1,-1
2021-04-01 15:00:50.320,16574,16576,16576,2,2
2021-04-01 15:00:51.369,16575,16577,16575,1,-1
2021-04-01 15:00:52.743,16575,16577,16575,2,-2
2021-04-01 15:00:52.935,16574,16575,16575,1,1
2021-04-01 15:00:52.935,16574,16575,16575,2,2
2021-04-01 15:00:52.968,16574,16575,16575,1,1
2021-04-01 15:00:53.731,16574,16575,16575,4,4
2021-04-01 15:00:53.858,16574,16576,16576,2,2
2021-04-01 15:00:53.858,16574,16576,16576,1,1
2021-04-01 15:00:53.982,16575,16577,16575,2,-2
2021-04-01 15:00:55.080,16575,16577,16575,1,-1
2021-04-01 15:00:55.608,16575,16577,16575,1,-1
2021-04-01 15:00:55.968,16574,16577,16577,1,1
2021-04-01 15:00:55.987,16574,16577,16577,1,1
2021-04-01 15:00:56.424,16575,16577,16575,2,-2
2021-04-01 15:00:57.255,16575,16577,16575,1,-1
2021-04-01 15:00:57.488,16575,16577,16576,2,2
2021-04-01 15:00:58.656,16576,16577,16577,2,2
2021-04-01 15:00:58.657,16576,16577,16577,2,2
2021-04-01 15:00:58.685,16576,16577,16576,1,-1
2021-04-01 15:00:58.963,16576,16577,16576,1,-1
2021-04-01 15:00:59.740,16576,16577,16577,2,2
2021-04-01 15:00:59.741,16576,16577,16577,2,2
2021-04-01 15:00:59.818,16576,16577,16577,1,1
2021-04-01 15:00:59.818,16576,16577,16577,2,2
2021-04-01 15:00:59.863,16576,16577,16577,8,8
2021-04-01 15:00:59.881,16576,16577,16576,1,-1
2021-04-01 15:00:59.883,16576,16577,16576,1,-1
2021-04-01 15:00:59.976,16576,16578,16578,1,1
2021-04-01 15:00:59.977,16576,16578,16578,2,2
2021-04-01 15:00:59.979,16576,16578,16578,1,1
2021-04-01 15:00:59.982,16576,16578,16578,1,1
2021-04-01 15:01:00.024,16576,16578,16579,1,1
2021-04-01 15:01:00.031,16577,16579,16579,3,3
2021-04-01 15:01:00.049,16577,16579,16579,1,1
2021-04-01 15:01:00.050,16577,16579,16579,2,2
2021-04-01 15:01:00.050,16577,16579,16578,1,-1
2021-04-01 15:01:00.093,16577,16579,16579,1,1
2021-04-01 15:01:00.113,16577,16579,16579,1,1
2021-04-01 15:01:00.113,16577,16579,16579,2,2
2021-04-01 15:01:00.209,16578,16579,16579,2,2
2021-04-01 15:01:00.210,16578,16579,16579,3,3
2021-04-01 15:01:00.601,16578,16580,16579,1,-1
2021-04-01 15:01:00.719,16577,16580,16577,1,-1
2021-04-01 15:01:00.815,16577,16580,16577,1,-1
2021-04-01 15:01:01.874,16577,16578,16577,1,-1
2021-04-01 15:01:01.907,16577,16578,16578,1,1
2021-04-01 15:01:02.515,16577,16579,16577,1,-1
2021-04-01 15:01:02.881,16577,16579,16577,3,-3
2021-04-01 15:01:04.687,16577,16578,16577,1,-1
2021-04-01 15:01:05.003,16576,16578,16576,1,-1
2021-04-01 15:01:05.071,16576,16578,16576,2,-2
2021-04-01 15:01:06.014,16576,16578,16576,2,-2
2021-04-01 15:01:06.857,16577,16578,16578,1,1
2021-04-01 15:01:09.397,16577,16578,16577,2,-2
2021-04-01 15:01:09.713,16577,16578,16577,1,-1
2021-04-01 15:01:10.824,16577,16578,16577,2,-2
2021-04-01 15:01:11.408,16577,16578,16577,2,-2
2021-04-01 15:01:11.843,16577,16578,16577,2,-2
2021-04-01 15:01:11.845,16577,16578,16577,8,-8
2021-04-01 15:01:11.986,16577,16578,16578,1,1
2021-04-01 15:01:13.681,16577,16578,16578,3,3
2021-04-01 15:01:13.682,16577,16578,16578,6,6
2021-04-01 15:01:13.857,16578,16579,16579,1,1
2021-04-01 15:01:13.857,16578,16579,16579,2,2
2021-04-01 15:01:14.418,16578,16580,16580,1,1
2021-04-01 15:01:14.582,16578,16580,16578,1,-1
2021-04-01 15:01:14.808,16578,16580,16578,1,-1
2021-04-01 15:01:15.166,16578,16579,16579,1,1
2021-04-01 15:01:15.166,16578,16579,16579,2,2
2021-04-01 15:01:16.941,16578,16580,16579,3,-3
2021-04-01 15:01:19.209,16578,16579,16578,8,-8
2021-04-01 15:01:19.210,16578,16579,16578,2,-2
2021-04-01 15:01:20.651,16578,16579,16579,1,1
2021-04-01 15:01:20.716,16578,16580,16578,1,-1
2021-04-01 15:01:24.103,16577,16579,16578,1,-1
2021-04-01 15:01:25.621,16577,16578,16578,4,4
2021-04-01 15:01:25.935,16577,16578,16577,1,-1
2021-04-01 15:01:25.935,16577,16578,16577,1,-1
2021-04-01 15:01:25.935,16577,16578,16577,2,-2
2021-04-01 15:01:25.936,16577,16578,16577,4,-4
2021-04-01 15:01:26.151,16576,16577,16576,1,-1
2021-04-01 15:01:26.294,16576,16577,16577,1,1
2021-04-01 15:01:26.786,16577,16578,16577,1,-1
2021-04-01 15:01:28.932,16576,16577,16576,1,-1
2021-04-01 15:01:29.034,16576,16577,16577,1,1
2021-04-01 15:01:31.305,16576,16577,16577,1,1
2021-04-01 15:01:34.589,16577,16578,16577,1,-1
2021-04-01 15:01:36.199,16576,16577,16577,2,2
2021-04-01 15:01:38.333,16576,16577,16576,1,-1
2021-04-01 15:01:39.592,16576,16577,16577,1,1
2021-04-01 15:01:40.828,16576,16577,16577,1,1
2021-04-01 15:01:42.336,16576,16577,16576,1,-1
2021-04-01 15:01:42.336,16576,16577,16576,1,-1
2021-04-01 15:01:46.197,16576,16577,16577,1,1
2021-04-01 15:01:46.526,16576,16577,16576,2,-2
2021-04-01 15:01:46.842,16575,16576,16576,2,2
2021-04-01 15:01:47.194,16576,16577,16577,4,4
2021-04-01 15:01:47.792,16577,16578,16578,1,1
2021-04-01 15:01:47.933,16577,16578,16577,1,-1
2021-04-01 15:01:48.174,16577,16578,16577,1,-1
2021-04-01 15:01:50.515,16577,16578,16577,1,-1
2021-04-01 15:01:51.241,16577,16578,16577,2,-2
2021-04-01 15:01:52.188,16577,16578,16577,1,-1
2021-04-01 15:01:52.434,16577,16578,16577,1,-1
2021-04-01 15:01:53.047,16577,16578,16577,1,-1
2021-04-01 15:01:54.044,16576,16578,16576,2,-2
2021-04-01 15:01:54.737,16577,16578,16577,1,1
2021-04-01 15:01:55.697,16576,16578,16576,1,-1
2021-04-01 15:01:56.514,16577,16578,16577,3,3
2021-04-01 15:01:56.514,16577,16578,16576,2,-2
2021-04-01 15:01:56.743,16576,16577,16577,1,1
2021-04-01 15:01:58.815,16576,16578,16578,1,1
2021-04-01 15:02:00.131,16576,16577,16577,1,1
2021-04-01 15:02:00.131,16576,16577,16577,1,1
2021-04-01 15:02:01.035,16577,16578,16577,1,-1
2021-04-01 15:02:01.490,16576,16577,16576,1,-1
2021-04-01 15:02:01.870,16576,16577,16577,1,1
2021-04-01 15:02:02.098,16576,16577,16577,1,1
2021-04-01 15:02:04.971,16576,16577,16576,1,-1
2021-04-01 15:02:06.302,16576,16577,16576,1,-1
2021-04-01 15:02:08.239,16575,16576,16575,2,-2
2021-04-01 15:02:08.302,16575,16576,16575,2,-2
2021-04-01 15:02:09.055,16575,16576,16576,1,1
2021-04-01 15:02:13.021,16575,16576,16576,1,1
2021-04-01 15:02:13.357,16576,16577,16576,1,-1
2021-04-01 15:02:14.988,16575,16576,16575,2,-2
2021-04-01 15:02:14.991,16575,16576,16575,1,-1
2021-04-01 15:02:15.176,16575,16576,16575,1,-1
2021-04-01 15:02:16.643,16575,16576,16576,1,1
2021-04-01 15:02:16.681,16575,16576,16576,1,1
2021-04-01 15:02:20.095,16575,16576,16576,1,1
2021-04-01 15:02:20.095,16575,16576,16577,4,4
2021-04-01 15:02:20.325,16575,16577,16577,5,5
2021-04-01 15:02:20.863,16576,16577,16576,1,-1
2021-04-01 15:02:23.626,16576,16577,16576,2,-2
2021-04-01 15:02:25.225,16576,16577,16576,1,-1
2021-04-01 15:02:26.607,16576,16577,16577,3,3
2021-04-01 15:02:29.128,16577,16578,16577,3,-3
2021-04-01 15:02:31.771,16576,16577,16577,1,1
2021-04-01 15:02:32.279,16576,16577,16576,1,-1
2021-04-01 15:02:33.032,16576,16577,16576,2,-2
2021-04-01 15:02:33.540,16576,16577,16576,1,-1
2021-04-01 15:02:34.441,16576,16577,16576,2,-2
2021-04-01 15:02:34.441,16576,16577,16575,2,-2
2021-04-01 15:02:35.737,16575,16576,16576,1,1
2021-04-01 15:02:42.408,16575,16576,16575,4,-4
2021-04-01 15:02:47.282,16575,16576,16575,1,-1
2021-04-01 15:02:47.585,16575,16576,16575,2,-2
2021-04-01 15:02:48.125,16575,16576,16576,2,2
2021-04-01 15:02:48.875,16575,16577,16575,2,-2
2021-04-01 15:02:52.800,16575,16576,16576,1,1
2021-04-01 15:02:54.554,16575,16576,16575,1,-1
2021-04-01 15:02:59.158,16574,16575,16575,1,1
2021-04-01 15:03:01.926,16575,16576,16575,1,-1
2021-04-01 15:03:02.411,16574,16575,16574,1,-1
2021-04-01 15:03:02.600,16574,16575,16574,1,-1
2021-04-01 15:03:02.839,16574,16575,16574,1,-1
2021-04-01 15:03:02.846,16574,16575,16573,1,-1
2021-04-01 15:03:04.964,16573,16575,16573,1,-1
2021-04-01 15:03:08.822,16573,16574,16573,1,-1
2021-04-01 15:03:08.866,16573,16574,16573,1,-1
2021-04-01 15:03:09.067,16573,16574,16573,2,-2
2021-04-01 15:03:09.077,16573,16574,16572,2,-2
2021-04-01 15:03:09.089,16573,16574,16572,2,-2
2021-04-01 15:03:09.920,16572,16573,16573,1,1
2021-04-01 15:03:10.776,16572,16573,16573,1,1
2021-04-01 15:03:10.868,16572,16573,16572,1,-1
2021-04-01 15:03:13.138,16572,16573,16572,1,-1
2021-04-01 15:03:13.958,16572,16573,16573,2,2
2021-04-01 15:03:14.107,16572,16573,16572,1,-1
2021-04-01 15:03:15.514,16572,16573,16572,1,-1
2021-04-01 15:03:16.281,16572,16573,16573,2,2
2021-04-01 15:03:18.293,16572,16573,16573,6,6
2021-04-01 15:03:19.595,16573,16574,16574,1,1
2021-04-01 15:03:19.951,16573,16575,16573,1,-1
2021-04-01 15:03:19.951,16573,16575,16573,6,-6
2021-04-01 15:03:19.952,16573,16575,16573,1,-1
2021-04-01 15:03:19.952,16573,16575,16573,2,-2
2021-04-01 15:03:22.973,16572,16573,16572,2,-2
2021-04-01 15:03:25.943,16572,16573,16573,1,1
2021-04-01 15:03:25.943,16572,16573,16573,1,1
2021-04-01 15:03:25.943,16572,16573,16573,1,1
2021-04-01 15:03:27.333,16572,16574,16574,1,1
2021-04-01 15:03:29.183,16572,16574,16572,1,-1
2021-04-01 15:03:29.292,16572,16574,16572,1,-1
2021-04-01 15:03:32.484,16572,16574,16574,1,1
2021-04-01 15:03:41.482,16572,16573,16573,1,1
2021-04-01 15:03:46.217,16572,16573,16573,1,1
2021-04-01 15:03:48.353,16572,16573,16573,4,4
2021-04-01 15:03:51.249,16573,16574,16573,8,-8
2021-04-01 15:03:51.250,16573,16574,16573,4,-4
2021-04-01 15:03:52.018,16572,16574,16573,1,-1
2021-04-01 15:03:54.066,16573,16574,16573,1,-1
2021-04-01 15:03:57.542,16573,16574,16573,1,-1
2021-04-01 15:03:57.650,16573,16574,16574,2,2
2021-04-01 15:03:59.295,16573,16574,16573,1,-1
2021-04-01 15:04:00.514,16573,16574,16574,2,2
2021-04-01 15:04:02.787,16573,16574,16574,1,1
2021-04-01 15:04:02.787,16573,16574,16574,4,4
2021-04-01 15:04:02.787,16573,16574,16574,1,1
2021-04-01 15:04:02.787,16573,16574,16574,2,2
2021-04-01 15:04:02.787,16573,16574,16574,9,9
2021-04-01 15:04:05.644,16574,16575,16574,1,-1
2021-04-01 15:04:05.685,16574,16575,16574,1,-1
2021-04-01 15:04:09.515,16573,16574,16573,2,-2
2021-04-01 15:04:09.711,16572,16573,16573,1,1
2021-04-01 15:04:14.656,16573,16574,16573,1,-1
2021-04-01 15:04:14.657,16573,16574,16573,1,-1
2021-04-01 15:04:16.237,16573,16574,16573,1,-1
2021-04-01 15:04:17.080,16573,16574,16573,1,-1
2021-04-01 15:04:23.909,16573,16574,16573,1,-1
2021-04-01 15:04:24.362,16573,16574,16573,1,-1
2021-04-01 15:04:26.376,16573,16574,16573,3,-3
2021-04-01 15:04:29.634,16572,16573,16573,1,1
2021-04-01 15:04:32.437,16572,16573,16572,20,-20
2021-04-01 15:04:32.439,16572,16573,16572,4,-4
2021-04-01 15:04:37.653,16572,16573,16573,2,2
2021-04-01 15:04:37.655,16572,16573,16573,6,6
2021-04-01 15:04:39.557,16573,16574,16573,1,-1
2021-04-01 15:04:43.109,16573,16574,16573,2,-2
2021-04-01 15:04:43.828,16573,16574,16573,5,-5
2021-04-01 15:04:43.828,16573,16574,16572,4,-4
2021-04-01 15:04:43.993,16573,16574,16573,1,1
2021-04-01 15:04:47.550,16573,16574,16574,4,4
2021-04-01 15:04:47.770,16573,16575,16573,1,-1
2021-04-01 15:04:49.748,16573,16575,16573,1,-1
2021-04-01 15:04:51.428,16573,16575,16573,4,-4
2021-04-01 15:04:51.428,16573,16575,16572,1,-1
2021-04-01 15:04:56.562,16573,16575,16574,1,1
2021-04-01 15:05:02.342,16574,16575,16574,1,-1
2021-04-01 15:05:02.704,16573,16575,16574,1,-1
2021-04-01 15:05:03.070,16573,16574,16574,1,1
2021-04-01 15:05:03.192,16573,16574,16574,1,1
2021-04-01 15:05:03.232,16573,16574,16574,1,1
2021-04-01 15:05:03.233,16573,16574,16574,3,3
2021-04-01 15:05:03.575,16573,16574,16574,2,2
2021-04-01 15:05:08.938,16573,16574,16574,1,1
2021-04-01 15:05:14.322,16573,16574,16573,2,-2
2021-04-01 15:05:14.323,16573,16574,16573,1,-1
2021-04-01 15:05:16.609,16573,16574,16574,3,3
2021-04-01 15:05:24.670,16573,16574,16573,2,-2
2021-04-01 15:05:24.670,16573,16574,16573,1,-1
2021-04-01 15:05:24.670,16573,16574,16573,1,-1
2021-04-01 15:05:24.671,16573,16574,16573,2,-2
2021-04-01 15:05:26.347,16573,16574,16574,8,8
2021-04-01 15:05:30.932,16573,16574,16573,1,-1
2021-04-01 15:05:32.987,16572,16573,16573,3,3
2021-04-01 15:05:36.206,16572,16573,16573,1,1
2021-04-01 15:05:38.097,16572,16573,16572,1,-1
2021-04-01 15:05:40.373,16572,16573,16573,2,2
2021-04-01 15:05:41.907,16572,16573,16572,1,-1
2021-04-01 15:05:42.429,16572,16573,16573,1,1
2021-04-01 15:05:49.754,16572,16573,16572,1,-1
2021-04-01 15:05:51.741,16572,16573,16572,1,-1
2021-04-01 15:05:51.855,16572,16573,16573,1,1
2021-04-01 15:05:57.232,16572,16573,16572,1,-1
2021-04-01 15:06:00.038,16572,16573,16573,1,1
2021-04-01 15:06:00.038,16572,16573,16573,2,2
2021-04-01 15:06:00.039,16572,16573,16573,1,1
2021-04-01 15:06:00.043,16572,16573,16574,1,1
2021-04-01 15:06:00.047,16572,16573,16574,1,1
2021-04-01 15:06:00.054,16572,16573,16574,1,1
2021-04-01 15:06:00.058,16572,16573,16574,1,1
2021-04-01 15:06:00.062,16572,16573,16574,1,1
2021-04-01 15:06:00.101,16572,16573,16573,1,1
2021-04-01 15:06:00.102,16572,16573,16573,1,1
2021-04-01 15:06:00.102,16572,16573,16573,2,2
2021-04-01 15:06:03.386,16572,16573,16572,3,-3
2021-04-01 15:06:08.512,16572,16573,16572,1,-1
2021-04-01 15:06:11.012,16572,16573,16572,2,-2
2021-04-01 15:06:11.756,16572,16573,16572,2,-2
2021-04-01 15:06:11.756,16572,16573,16572,3,-3
2021-04-01 15:06:11.757,16572,16573,16572,1,-1
2021-04-01 15:06:14.957,16571,16572,16572,1,1
2021-04-01 15:06:27.807,16571,16572,16571,1,-1
2021-04-01 15:06:34.237,16571,16572,16571,1,-1
2021-04-01 15:06:35.554,16571,16572,16571,1,-1
2021-04-01 15:06:35.554,16571,16572,16571,1,-1
2021-04-01 15:06:35.554,16571,16572,16571,1,-1
2021-04-01 15:06:35.554,16571,16572,16571,2,-2
2021-04-01 15:06:35.554,16571,16572,16571,5,-5
2021-04-01 15:06:35.554,16571,16572,16571,1,-1
2021-04-01 15:06:35.940,16571,16572,16571,1,-1
2021-04-01 15:06:38.836,16571,16572,16571,1,-1
2021-04-01 15:06:40.306,16571,16572,16572,1,1
2021-04-01 15:06:48.167,16571,16572,16571,1,-1
2021-04-01 15:06:49.188,16571,16572,16571,1,-1
2021-04-01 15:06:49.320,16571,16572,16572,1,1
2021-04-01 15:06:51.766,16571,16572,16571,1,-1
2021-04-01 15:06:51.973,16571,16572,16572,1,1
2021-04-01 15:06:55.300,16571,16572,16571,1,-1
2021-04-01 15:06:58.692,16571,16572,16571,1,-1
2021-04-01 15:06:58.852,16571,16572,16571,1,-1
2021-04-01 15:06:59.254,16570,16571,16571,2,2
2021-04-01 15:07:00.121,16570,16571,16571,1,1
2021-04-01 15:07:00.122,16570,16571,16571,1,1
2021-04-01 15:07:04.945,16571,16572,16571,1,-1
2021-04-01 15:07:05.234,16571,16572,16571,1,-1
2021-04-01 15:07:08.316,16570,16571,16571,2,2
2021-04-01 15:07:08.985,16571,16572,16571,1,-1
2021-04-01 15:07:10.260,16571,16572,16571,1,-1
2021-04-01 15:07:10.631,16571,16572,16571,1,-1
2021-04-01 15:07:15.731,16571,16572,16571,1,-1
2021-04-01 15:07:17.872,16571,16572,16572,1,1
2021-04-01 15:07:21.120,16571,16572,16572,6,6
2021-04-01 15:07:21.122,16571,16572,16572,1,1
2021-04-01 15:07:21.122,16571,16572,16572,1,1
2021-04-01 15:07:21.123,16571,16572,16572,1,1
2021-04-01 15:07:21.123,16571,16572,16572,4,4
2021-04-01 15:07:21.123,16571,16572,16572,2,2
2021-04-01 15:07:22.223,16572,16573,16573,8,8
2021-04-01 15:07:27.265,16573,16574,16574,1,1
2021-04-01 15:07:28.533,16573,16574,16574,2,2
2021-04-01 15:07:30.071,16573,16574,16574,1,1
2021-04-01 15:07:30.072,16573,16574,16574,1,1
2021-04-01 15:07:30.285,16573,16575,16573,1,-1
2021-04-01 15:07:38.065,16573,16574,16574,1,1
2021-04-01 15:07:40.562,16573,16575,16573,1,-1
2021-04-01 15:07:42.533,16573,16574,16574,1,1
2021-04-01 15:07:52.488,16573,16574,16574,1,1
2021-04-01 15:07:52.909,16573,16575,16573,1,-1
2021-04-01 15:08:03.539,16573,16574,16573,1,-1
2021-04-01 15:08:06.904,16573,16574,16574,1,1
2021-04-01 15:08:07.804,16573,16574,16574,1,1
2021-04-01 15:08:12.754,16574,16575,16575,1,1
2021-04-01 15:08:13.829,16574,16575,16574,1,-1
2021-04-01 15:08:19.046,16574,16575,16575,1,1
2021-04-01 15:08:19.126,16574,16575,16574,4,-4
2021-04-01 15:08:31.104,16573,16574,16573,1,-1
2021-04-01 15:08:32.702,16573,16574,16573,2,-2
2021-04-01 15:08:35.359,16573,16574,16573,1,-1
2021-04-01 15:08:57.331,16573,16574,16573,2,-2
2021-04-01 15:09:05.659,16572,16573,16573,1,1
2021-04-01 15:09:14.214,16572,16573,16573,1,1
2021-04-01 15:09:26.142,16572,16573,16572,2,-2
2021-04-01 15:09:26.605,16572,16573,16572,1,-1
2021-04-01 15:09:27.009,16572,16573,16572,1,-1
2021-04-01 15:09:27.009,16572,16573,16572,1,-1
2021-04-01 15:09:27.009,16572,16573,16572,2,-2
2021-04-01 15:09:27.009,16572,16573,16572,1,-1
2021-04-01 15:09:27.009,16572,16573,16572,1,-1
2021-04-01 15:09:27.033,16571,16573,16573,1,1
2021-04-01 15:09:27.436,16571,16573,16573,1,1
2021-04-01 15:09:32.418,16571,16572,16571,1,-1
2021-04-01 15:09:34.459,16571,16572,16572,1,1
2021-04-01 15:09:34.495,16571,16572,16571,1,-1
2021-04-01 15:09:34.506,16571,16572,16572,1,1
2021-04-01 15:09:34.507,16571,16572,16572,1,1
2021-04-01 15:09:38.270,16571,16572,16571,1,-1
2021-04-01 15:09:45.724,16572,16573,16572,2,2
2021-04-01 15:09:51.943,16572,16573,16572,1,-1
2021-04-01 15:10:03.387,16572,16573,16572,1,-1
2021-04-01 15:10:03.703,16572,16573,16573,1,1
2021-04-01 15:10:05.685,16572,16573,16572,1,-1
2021-04-01 15:10:05.910,16572,16573,16572,2,-2
2021-04-01 15:10:07.441,16571,16572,16572,1,1
2021-04-01 15:10:12.495,16571,16572,16572,1,1
2021-04-01 15:10:17.386,16571,16572,16571,1,-1
2021-04-01 15:10:18.768,16571,16572,16572,1,1
2021-04-01 15:10:21.674,16571,16572,16571,1,-1
2021-04-01 15:10:24.013,16571,16572,16572,1,1
2021-04-01 15:10:24.425,16571,16572,16571,1,-1
2021-04-01 15:10:37.605,16571,16572,16572,1,1
2021-04-01 15:10:37.605,16571,16572,16572,5,5
2021-04-01 15:10:37.605,16571,16572,16572,1,1
2021-04-01 15:10:37.605,16571,16572,16572,2,2
2021-04-01 15:10:37.605,16571,16572,16572,6,6
2021-04-01 15:10:38.070,16571,16573,16571,1,-1
2021-04-01 15:10:39.293,16571,16572,16572,1,1
2021-04-01 15:10:40.591,16571,16572,16572,1,1
2021-04-01 15:10:46.193,16572,16573,16573,1,1
2021-04-01 15:10:49.159,16572,16573,16573,1,1
2021-04-01 15:10:53.337,16572,16573,16573,1,1
2021-04-01 15:10:53.609,16572,16573,16573,1,1
2021-04-01 15:10:57.354,16573,16574,16573,1,-1
2021-04-01 15:10:57.985,16573,16574,16573,1,-1
2021-04-01 15:11:02.057,16572,16573,16572,1,-1
2021-04-01 15:11:10.439,16572,16573,16572,2,-2
2021-04-01 15:11:10.439,16572,16573,16572,3,-3
2021-04-01 15:11:10.440,16572,16573,16572,1,-1
2021-04-01 15:11:13.710,16572,16573,16573,1,1
2021-04-01 15:11:16.747,16572,16573,16572,2,-2
2021-04-01 15:11:16.748,16572,16573,16572,1,-1
2021-04-01 15:11:31.045,16572,16573,16573,1,1
2021-04-01 15:11:31.363,16572,16573,16573,3,3
2021-04-01 15:11:31.381,16572,16573,16572,1,-1
2021-04-01 15:11:32.288,16572,16573,16572,1,-1
2021-04-01 15:11:38.387,16571,16572,16571,1,-1
2021-04-01 15:11:38.387,16571,16572,16571,1,-1
2021-04-01 15:11:38.387,16571,16572,16571,4,-4
2021-04-01 15:11:38.387,16571,16572,16571,9,-9
2021-04-01 15:11:38.387,16571,16572,16571,1,-1
2021-04-01 15:11:38.387,16571,16572,16571,2,-2
2021-04-01 15:11:38.387,16571,16572,16571,5,-5
2021-04-01 15:11:38.387,16571,16572,16571,2,-2
2021-04-01 15:11:41.179,16570,16571,16571,8,8
2021-04-01 15:11:46.900,16570,16571,16570,2,-2
2021-04-01 15:11:47.052,16570,16571,16570,1,-1
2021-04-01 15:11:58.577,16570,16571,16571,2,2
2021-04-01 15:11:58.930,16570,16571,16570,1,-1
2021-04-01 15:11:59.068,16570,16571,16570,2,-2
2021-04-01 15:12:03.828,16570,16571,16570,1,-1
2021-04-01 15:12:04.189,16570,16571,16571,3,3
2021-04-01 15:12:04.196,16570,16571,16571,2,2
2021-04-01 15:12:04.235,16570,16571,16571,3,3
2021-04-01 15:12:06.565,16570,16571,16570,1,-1
2021-04-01 15:12:07.409,16570,16571,16571,1,1
2021-04-01 15:12:10.299,16570,16571,16570,14,-14
2021-04-01 15:12:11.487,16570,16571,16570,1,-1
2021-04-01 15:12:11.521,16570,16571,16570,1,-1
2021-04-01 15:12:13.622,16569,16570,16569,1,-1
2021-04-01 15:12:20.981,16569,16570,16569,1,-1
2021-04-01 15:12:34.674,16569,16570,16569,1,-1
2021-04-01 15:12:40.051,16569,16570,16570,1,1
2021-04-01 15:12:40.052,16569,16570,16570,1,1
2021-04-01 15:12:40.052,16569,16570,16570,2,2
2021-04-01 15:12:44.808,16569,16571,16571,1,1
2021-04-01 15:12:50.354,16569,16571,16571,1,1
2021-04-01 15:12:56.001,16570,16571,16571,1,1
2021-04-01 15:12:59.219,16571,16572,16572,1,1
2021-04-01 15:13:00.793,16571,16572,16571,1,-1
2021-04-01 15:13:00.793,16571,16572,16570,9,-9
2021-04-01 15:13:00.794,16571,16572,16570,1,-1
2021-04-01 15:13:00.794,16571,16572,16570,3,-3
2021-04-01 15:13:00.795,16571,16572,16570,1,-1
2021-04-01 15:13:01.218,16569,16571,16571,2,2
2021-04-01 15:13:01.348,16570,16572,16572,2,2
2021-04-01 15:13:01.349,16570,16572,16572,2,2
2021-04-01 15:13:08.423,16570,16571,16571,1,1
2021-04-01 15:13:10.564,16570,16572,16570,1,-1
2021-04-01 15:13:18.335,16570,16571,16571,1,1
2021-04-01 15:13:26.851,16571,16572,16571,1,-1
2021-04-01 15:13:26.909,16571,16572,16571,1,-1
2021-04-01 15:13:31.062,16570,16572,16572,2,2
2021-04-01 15:13:49.510,16571,16572,16571,2,-2
2021-04-01 15:13:52.126,16571,16572,16571,1,-1
2021-04-01 15:13:52.668,16571,16572,16572,1,1
2021-04-01 15:13:53.819,16571,16572,16572,1,1
2021-04-01 15:13:53.820,16571,16572,16572,1,1
2021-04-01 15:13:53.820,16571,16572,16572,1,1
2021-04-01 15:13:53.820,16571,16572,16572,8,8
2021-04-01 15:13:58.608,16572,16573,16572,1,-1
2021-04-01 15:14:16.151,16572,16573,16572,3,-3
2021-04-01 15:14:20.224,16572,16573,16573,5,5
2021-04-01 15:14:20.324,16572,16574,16572,1,-1
2021-04-01 15:14:20.453,16572,16574,16574,3,3
2021-04-01 15:14:26.132,16573,16574,16574,1,1
2021-04-01 15:14:26.913,16573,16574,16574,1,1
2021-04-01 15:14:27.461,16573,16574,16573,2,-2
2021-04-01 15:14:27.473,16573,16574,16573,1,-1
2021-04-01 15:14:27.473,16573,16574,16573,1,-1
2021-04-01 15:14:39.276,16573,16574,16574,1,1
2021-04-01 15:14:39.630,16573,16574,16574,2,2
2021-04-01 15:14:41.031,16573,16574,16573,1,-1
2021-04-01 15:14:41.470,16573,16574,16574,3,3
2021-04-01 15:14:43.336,16573,16574,16574,1,1
2021-04-01 15:14:56.930,16573,16574,16574,3,3
2021-04-01 15:14:58.751,16573,16574,16573,3,-3
2021-04-01 15:14:58.751,16573,16574,16572,5,-5
2021-04-01 15:15:04.231,16572,16573,16573,2,2
2021-04-01 15:15:04.394,16572,16573,16572,1,-1
2021-04-01 15:15:04.434,16572,16573,16572,3,-3
2021-04-01 15:15:04.434,16572,16573,16571,1,-1
2021-04-01 15:15:04.443,16572,16573,16571,4,-4
2021-04-01 15:15:04.443,16572,16573,16571,1,-1
2021-04-01 15:15:04.621,16570,16571,16571,1,1
2021-04-01 15:15:05.227,16570,16571,16571,1,1
2021-04-01 15:15:07.335,16570,16571,16571,1,1
2021-04-01 15:15:14.153,16570,16571,16570,1,-1
2021-04-01 15:15:14.159,16570,16571,16570,1,-1
2021-04-01 15:15:15.704,16570,16571,16570,1,-1
2021-04-01 15:15:15.745,16570,16571,16570,1,-1
2021-04-01 15:15:17.632,16570,16571,16570,1,-1
2021-04-01 15:15:22.234,16570,16571,16570,3,-3
2021-04-01 15:15:26.848,16569,16570,16570,1,1
2021-04-01 15:15:42.582,16569,16570,16570,1,1
2021-04-01 15:15:46.733,16569,16570,16569,1,-1
2021-04-01 15:15:46.782,16569,16570,16569,1,-1
2021-04-01 15:15:46.801,16569,16570,16569,2,-2
2021-04-01 15:15:51.002,16569,16570,16569,1,-1
2021-04-01 15:15:51.682,16569,16570,16569,1,-1
2021-04-01 15:15:52.087,16569,16570,16569,1,-1
2021-04-01 15:16:00.324,16569,16570,16569,26,-26
2021-04-01 15:16:07.796,16568,16569,16568,2,-2
2021-04-01 15:16:12.022,16568,16569,16569,1,1
2021-04-01 15:16:20.504,16568,16569,16568,10,-10
2021-04-01 15:16:20.872,16567,16568,16568,1,1
2021-04-01 15:16:24.121,16567,16568,16568,1,1
2021-04-01 15:16:27.109,16567,16568,16567,3,-3
2021-04-01 15:16:30.456,16567,16568,16567,1,-1
2021-04-01 15:16:33.051,16567,16568,16567,1,-1
2021-04-01 15:16:41.746,16567,16568,16567,1,-1
2021-04-01 15:16:41.893,16567,16568,16567,1,-1
2021-04-01 15:16:41.935,16567,16568,16567,1,-1
2021-04-01 15:16:43.351,16567,16568,16567,1,-1
2021-04-01 15:16:43.397,16567,16568,16567,1,-1
2021-04-01 15:16:45.759,16567,16568,16567,1,-1
2021-04-01 15:16:46.889,16566,16567,16567,1,1
2021-04-01 15:16:50.368,16566,16567,16566,1,-1
2021-04-01 15:16:50.429,16566,16567,16566,1,-1
2021-04-01 15:16:50.431,16566,16567,16566,2,-2
2021-04-01 15:16:50.510,16566,16567,16566,1,-1
2021-04-01 15:16:51.320,16565,16566,16566,1,1
2021-04-01 15:16:56.729,16565,16566,16566,1,1
2021-04-01 15:16:57.231,16565,16566,16566,2,2
2021-04-01 15:17:01.473,16566,16567,16566,1,-1
2021-04-01 15:17:01.652,16566,16567,16566,1,-1
2021-04-01 15:17:02.333,16566,16567,16566,1,-1
2021-04-01 15:17:02.779,16566,16567,16566,1,-1
2021-04-01 15:17:02.861,16566,16567,16566,2,-2
2021-04-01 15:17:03.846,16566,16567,16566,1,-1
2021-04-01 15:17:07.291,16566,16567,16566,2,-2
2021-04-01 15:17:08.658,16565,16566,16566,1,1
2021-04-01 15:17:09.441,16565,16566,16566,1,1
2021-04-01 15:17:16.951,16565,16566,16565,2,-2
2021-04-01 15:17:17.054,16565,16566,16565,1,-1
2021-04-01 15:17:17.056,16565,16566,16565,12,-12
2021-04-01 15:17:17.056,16565,16566,16564,11,-11
2021-04-01 15:17:17.059,16565,16566,16565,1,1
2021-04-01 15:17:17.061,16565,16566,16565,1,-1
2021-04-01 15:17:17.063,16565,16566,16564,2,-2
2021-04-01 15:17:17.138,16565,16566,16564,1,-1
2021-04-01 15:17:22.743,16564,16565,16564,1,-1
2021-04-01 15:17:24.217,16564,16565,16564,1,-1
2021-04-01 15:17:24.746,16564,16565,16565,1,1
2021-04-01 15:17:25.035,16565,16566,16565,2,-2
2021-04-01 15:17:25.035,16565,16566,16564,8,-8
2021-04-01 15:17:33.020,16564,16565,16564,1,-1
2021-04-01 15:17:33.843,16564,16565,16565,1,1
2021-04-01 15:17:35.173,16565,16566,16565,1,-1
2021-04-01 15:17:40.441,16565,16566,16565,2,-2
2021-04-01 15:17:42.155,16565,16566,16566,10,10
2021-04-01 15:17:49.124,16565,16567,16567,1,1
2021-04-01 15:17:49.410,16565,16567,16565,1,-1
2021-04-01 15:17:50.341,16566,16567,16566,1,1
2021-04-01 15:17:52.522,16565,16567,16565,1,-1
2021-04-01 15:17:54.822,16565,16567,16567,1,1
2021-04-01 15:18:04.414,16565,16566,16566,1,1
2021-04-01 15:18:04.414,16565,16566,16567,1,1
2021-04-01 15:18:06.222,16565,16566,16566,1,1
2021-04-01 15:18:15.790,16566,16567,16566,1,-1
2021-04-01 15:18:28.965,16566,16567,16566,3,-3
2021-04-01 15:18:32.311,16565,16566,16566,1,1
2021-04-01 15:18:34.418,16565,16566,16565,1,-1
2021-04-01 15:18:38.412,16565,16566,16566,1,1
2021-04-01 15:18:38.412,16565,16566,16567,22,22
2021-04-01 15:18:41.653,16567,16568,16568,1,1
2021-04-01 15:18:42.308,16567,16568,16568,1,1
2021-04-01 15:19:02.665,16567,16568,16568,1,1
2021-04-01 15:19:09.823,16567,16568,16567,1,-1
2021-04-01 15:19:16.474,16567,16568,16567,2,-2
2021-04-01 15:19:16.475,16567,16568,16567,1,-1
2021-04-01 15:19:16.475,16567,16568,16567,2,-2
2021-04-01 15:19:16.475,16567,16568,16567,1,-1
2021-04-01 15:19:16.476,16567,16568,16567,1,-1
2021-04-01 15:19:23.228,16566,16567,16566,1,-1
2021-04-01 15:19:43.963,16566,16567,16567,1,1
2021-04-01 15:19:59.373,16566,16567,16567,1,1
2021-04-01 15:19:59.813,16566,16567,16566,1,-1
2021-04-01 15:20:00.612,16566,16567,16567,1,1
2021-04-01 15:20:00.925,16566,16567,16566,1,-1
2021-04-01 15:20:01.349,16566,16567,16566,1,-1
2021-04-01 15:20:10.340,16566,16567,16567,1,1
2021-04-01 15:20:10.340,16566,16567,16567,1,1
2021-04-01 15:20:10.340,16566,16567,16567,2,2
2021-04-01 15:20:13.042,16566,16568,16566,4,-4
2021-04-01 15:20:13.042,16566,16568,16566,1,-1
2021-04-01 15:20:17.323,16566,16568,16566,1,-1
2021-04-01 15:20:21.370,16566,16567,16566,2,-2
2021-04-01 15:20:28.076,16565,16566,16565,3,-3
2021-04-01 15:20:32.391,16565,16566,16566,3,3
2021-04-01 15:20:33.151,16566,16567,16566,1,-1
2021-04-01 15:20:38.936,16566,16567,16567,1,1
2021-04-01 15:20:39.406,16566,16567,16566,1,-1
2021-04-01 15:20:41.906,16566,16567,16566,1,-1
2021-04-01 15:20:41.908,16566,16567,16566,4,-4
2021-04-01 15:20:43.818,16566,16567,16566,2,-2
2021-04-01 15:20:44.102,16565,16566,16566,1,1
2021-04-01 15:20:46.911,16565,16566,16566,2,2
2021-04-01 15:20:49.196,16565,16566,16566,1,1
2021-04-01 15:20:52.468,16565,16566,16566,2,2
2021-04-01 15:20:57.634,16566,16567,16567,1,1
2021-04-01 15:21:05.585,16566,16567,16567,1,1
2021-04-01 15:21:06.851,16566,16567,16567,3,3
2021-04-01 15:21:15.907,16567,16568,16568,1,1
2021-04-01 15:21:29.417,16567,16569,16568,1,-1
2021-04-01 15:21:32.515,16568,16569,16569,1,1
2021-04-01 15:21:32.516,16568,16569,16569,1,1
2021-04-01 15:21:32.555,16568,16569,16569,1,1
2021-04-01 15:21:32.839,16568,16569,16569,1,1
2021-04-01 15:21:32.839,16568,16569,16569,4,4
2021-04-01 15:21:33.634,16569,16570,16570,1,1
2021-04-01 15:21:35.683,16569,16570,16570,1,1
2021-04-01 15:21:38.896,16569,16570,16570,1,1
2021-04-01 15:21:39.196,16569,16570,16570,3,3
2021-04-01 15:21:39.196,16569,16570,16570,28,28
2021-04-01 15:21:39.197,16569,16570,16570,2,2
2021-04-01 15:21:39.197,16569,16570,16570,1,1
2021-04-01 15:21:44.328,16570,16571,16570,1,-1
2021-04-01 15:21:45.192,16570,16571,16571,1,1
2021-04-01 15:21:49.481,16570,16571,16571,1,1
2021-04-01 15:21:51.667,16570,16571,16571,1,1
2021-04-01 15:21:54.700,16570,16571,16571,1,1
2021-04-01 15:21:55.696,16570,16571,16571,1,1
2021-04-01 15:22:00.227,16570,16571,16570,4,-4
2021-04-01 15:22:01.082,16569,16570,16570,1,1
2021-04-01 15:22:01.454,16569,16570,16570,1,1
2021-04-01 15:22:03.038,16569,16570,16570,1,1
2021-04-01 15:22:04.265,16569,16570,16570,1,1
2021-04-01 15:22:16.142,16569,16570,16569,5,-5
2021-04-01 15:22:19.771,16569,16570,16570,1,1
2021-04-01 15:22:19.906,16569,16570,16569,3,-3
2021-04-01 15:22:20.197,16568,16569,16569,1,1
2021-04-01 15:22:23.135,16568,16569,16569,2,2
2021-04-01 15:22:24.099,16568,16569,16568,1,-1
2021-04-01 15:22:28.159,16568,16569,16568,5,-5
2021-04-01 15:22:37.734,16568,16569,16569,1,1
2021-04-01 15:22:37.979,16568,16570,16569,5,-5
2021-04-01 15:22:40.541,16569,16570,16569,1,-1
2021-04-01 15:22:44.899,16568,16569,16569,1,1
2021-04-01 15:22:45.595,16568,16569,16569,1,1
2021-04-01 15:22:45.820,16568,16569,16569,3,3
2021-04-01 15:22:46.813,16568,16569,16569,2,2
2021-04-01 15:22:48.214,16569,16570,16569,1,-1
2021-04-01 15:22:56.437,16568,16569,16569,1,1
2021-04-01 15:23:04.696,16568,16569,16569,1,1
2021-04-01 15:23:05.002,16568,16569,16569,2,2
2021-04-01 15:23:05.002,16568,16569,16569,1,1
2021-04-01 15:23:05.007,16568,16569,16570,2,2
2021-04-01 15:23:05.026,16568,16569,16570,2,2
2021-04-01 15:23:06.635,16569,16570,16569,1,-1
2021-04-01 15:23:12.269,16568,16569,16568,5,-5
2021-04-01 15:23:13.071,16568,16569,16569,1,1
2021-04-01 15:23:17.261,16568,16569,16568,5,-5
2021-04-01 15:23:25.647,16568,16569,16568,1,-1
2021-04-01 15:23:26.571,16568,16569,16568,1,-1
2021-04-01 15:23:27.112,16567,16568,16568,1,1
2021-04-01 15:23:30.957,16567,16568,16568,2,2
2021-04-01 15:23:30.957,16567,16568,16568,1,1
2021-04-01 15:23:36.234,16567,16569,16569,1,1
2021-04-01 15:23:43.886,16568,16569,16569,3,3
2021-04-01 15:23:44.469,16568,16569,16569,3,3
2021-04-01 15:24:01.519,16568,16569,16568,1,-1
2021-04-01 15:24:01.771,16567,16569,16569,1,1
2021-04-01 15:24:01.803,16567,16569,16569,2,2
2021-04-01 15:24:01.824,16567,16569,16569,1,1
2021-04-01 15:24:01.844,16567,16569,16567,1,-1
2021-04-01 15:24:01.851,16567,16569,16569,1,1
2021-04-01 15:24:03.578,16568,16569,16569,1,1
2021-04-01 15:24:05.038,16567,16569,16567,1,-1
2021-04-01 15:24:18.614,16567,16568,16567,1,-1
2021-04-01 15:24:21.561,16567,16568,16567,1,-1
2021-04-01 15:24:32.950,16567,16568,16568,1,1
2021-04-01 15:24:35.531,16568,16569,16569,1,1
2021-04-01 15:24:36.933,16568,16569,16568,1,-1
2021-04-01 15:24:40.063,16568,16569,16568,1,-1
2021-04-01 15:24:44.020,16568,16569,16568,1,-1
2021-04-01 15:24:48.306,16568,16569,16569,2,2
2021-04-01 15:24:52.504,16569,16570,16569,1,-1
2021-04-01 15:25:03.027,16569,16570,16570,5,5
2021-04-01 15:25:03.028,16569,16570,16570,1,1
2021-04-01 15:25:29.228,16570,16571,16570,1,-1
2021-04-01 15:25:35.140,16570,16571,16570,1,-1
2021-04-01 15:25:41.056,16570,16571,16571,1,1
2021-04-01 15:25:44.170,16570,16571,16571,1,1
2021-04-01 15:25:46.974,16570,16571,16571,7,7
2021-04-01 15:25:46.974,16570,16571,16571,2,2
2021-04-01 15:25:46.974,16570,16571,16571,1,1
2021-04-01 15:25:46.975,16570,16571,16571,5,5
2021-04-01 15:25:46.975,16570,16571,16571,2,2
2021-04-01 15:25:46.975,16570,16571,16571,1,1
2021-04-01 15:25:46.975,16570,16571,16571,19,19
2021-04-01 15:25:46.976,16570,16571,16571,2,2
2021-04-01 15:25:46.976,16570,16571,16571,3,3
2021-04-01 15:25:50.366,16570,16571,16570,5,-5
2021-04-01 15:25:50.965,16570,16571,16570,1,-1
2021-04-01 15:25:53.053,16570,16571,16570,5,-5
2021-04-01 15:25:53.982,16570,16571,16571,1,1
2021-04-01 15:25:55.629,16570,16571,16570,5,-5
2021-04-01 15:25:57.525,16570,16571,16570,2,-2
2021-04-01 15:25:58.340,16570,16571,16570,1,-1
2021-04-01 15:26:01.900,16569,16571,16569,1,-1
2021-04-01 15:26:01.985,16569,16571,16569,3,-3
2021-04-01 15:26:02.624,16569,16571,16571,2,2
2021-04-01 15:26:02.932,16569,16571,16569,2,-2
2021-04-01 15:26:07.069,16569,16571,16571,1,1
2021-04-01 15:26:10.363,16570,16571,16571,1,1
2021-04-01 15:26:11.017,16570,16571,16571,3,3
2021-04-01 15:26:13.900,16570,16571,16571,1,1
2021-04-01 15:26:18.423,16570,16571,16571,2,2
2021-04-01 15:26:27.592,16570,16571,16571,1,1
2021-04-01 15:26:37.955,16570,16571,16571,1,1
2021-04-01 15:26:43.294,16570,16571,16571,24,24
2021-04-01 15:26:50.252,16571,16572,16572,1,1
2021-04-01 15:26:50.252,16571,16572,16572,3,3
2021-04-01 15:26:52.965,16571,16573,16572,1,-1
2021-04-01 15:26:53.163,16571,16573,16572,1,-1
2021-04-01 15:26:54.965,16571,16573,16572,1,-1
2021-04-01 15:27:19.665,16572,16573,16573,1,1
2021-04-01 15:27:19.954,16572,16573,16573,1,1
2021-04-01 15:27:19.954,16572,16573,16573,8,8
2021-04-01 15:27:20.057,16572,16574,16574,1,1
2021-04-01 15:27:20.747,16572,16574,16574,1,1
2021-04-01 15:27:20.754,16572,16574,16574,1,1
2021-04-01 15:27:20.754,16572,16574,16574,1,1
2021-04-01 15:27:20.755,16572,16574,16574,1,1
2021-04-01 15:27:20.774,16572,16574,16574,1,1
2021-04-01 15:27:20.855,16572,16574,16574,1,1
2021-04-01 15:27:21.058,16572,16574,16574,1,1
2021-04-01 15:27:21.086,16572,16574,16574,1,1
2021-04-01 15:27:21.086,16572,16574,16574,1,1
2021-04-01 15:27:23.936,16572,16573,16573,1,1
2021-04-01 15:27:23.936,16572,16573,16574,1,1
2021-04-01 15:27:29.810,16573,16574,16574,1,1
2021-04-01 15:27:34.150,16573,16574,16574,1,1
2021-04-01 15:27:34.495,16573,16574,16574,3,3
2021-04-01 15:27:34.496,16573,16574,16574,1,1
2021-04-01 15:27:35.638,16573,16574,16574,2,2
2021-04-01 15:27:35.638,16573,16574,16575,1,1
2021-04-01 15:27:35.684,16573,16575,16575,2,2
2021-04-01 15:27:35.915,16573,16575,16575,1,1
2021-04-01 15:27:40.789,16574,16575,16574,1,-1
2021-04-01 15:27:41.360,16574,16575,16575,2,2
2021-04-01 15:27:44.643,16574,16575,16574,1,-1
2021-04-01 15:27:44.703,16574,16575,16575,4,4
2021-04-01 15:27:45.067,16574,16575,16575,3,3
2021-04-01 15:27:48.997,16574,16575,16575,1,1
2021-04-01 15:28:02.038,16574,16575,16575,1,1
2021-04-01 15:28:02.340,16574,16575,16575,2,2
2021-04-01 15:28:02.406,16574,16575,16575,3,3
2021-04-01 15:28:03.578,16574,16575,16574,1,-1
2021-04-01 15:28:06.708,16574,16575,16575,1,1
2021-04-01 15:28:06.855,16574,16575,16575,1,1
2021-04-01 15:28:07.370,16574,16575,16575,1,1
2021-04-01 15:28:11.371,16574,16575,16574,1,-1
2021-04-01 15:28:13.983,16574,16575,16575,1,1
2021-04-01 15:28:16.717,16574,16575,16575,1,1
2021-04-01 15:28:18.023,16574,16575,16575,1,1
2021-04-01 15:28:18.888,16574,16575,16575,1,1
2021-04-01 15:28:19.469,16574,16575,16575,2,2
2021-04-01 15:28:24.427,16574,16575,16574,2,-2
2021-04-01 15:28:28.236,16574,16575,16575,3,3
2021-04-01 15:28:32.442,16574,16575,16574,1,-1
2021-04-01 15:28:32.442,16574,16575,16574,6,-6
2021-04-01 15:28:36.835,16573,16574,16573,1,-1
2021-04-01 15:28:36.835,16573,16574,16573,1,-1
2021-04-01 15:28:42.021,16572,16574,16574,1,1
2021-04-01 15:28:45.531,16573,16574,16573,1,-1
2021-04-01 15:28:50.870,16572,16573,16573,1,1
2021-04-01 15:28:51.343,16572,16574,16572,3,-3
2021-04-01 15:29:11.479,16572,16573,16572,3,-3
2021-04-01 15:29:25.943,16572,16573,16573,1,1
2021-04-01 15:29:39.423,16572,16573,16573,1,1
2021-04-01 15:29:45.730,16572,16573,16573,2,2
2021-04-01 15:29:54.247,16572,16573,16573,1,1
2021-04-01 15:29:55.969,16572,16573,16573,1,1
2021-04-01 15:29:57.111,16572,16573,16573,1,1
2021-04-01 15:29:58.020,16572,16573,16572,5,-5
2021-04-01 15:30:10.943,16572,16573,16572,1,-1
2021-04-01 15:30:11.271,16571,16572,16572,2,2
2021-04-01 15:30:11.271,16571,16572,16572,1,1
2021-04-01 15:30:11.279,16571,16572,16573,2,2
2021-04-01 15:30:11.298,16571,16573,16573,2,2
2021-04-01 15:30:11.592,16571,16573,16573,2,2
2021-04-01 15:30:12.216,16572,16574,16574,1,1
2021-04-01 15:30:12.223,16572,16574,16574,1,1
2021-04-01 15:30:19.469,16573,16574,16573,2,-2
2021-04-01 15:30:19.469,16573,16574,16572,3,-3
2021-04-01 15:30:19.707,16572,16574,16573,1,1
2021-04-01 15:30:25.510,16572,16573,16573,2,2
2021-04-01 15:30:34.105,16572,16573,16573,1,1
2021-04-01 15:30:34.106,16572,16573,16573,1,1
2021-04-01 15:30:44.773,16572,16573,16572,1,-1
2021-04-01 15:30:44.773,16572,16573,16572,1,-1
2021-04-01 15:30:44.773,16572,16573,16572,1,-1
2021-04-01 15:30:44.773,16572,16573,16572,1,-1
2021-04-01 15:30:44.814,16572,16573,16572,1,-1
2021-04-01 15:31:18.285,16571,16572,16571,1,-1
2021-04-01 15:31:19.693,16571,16572,16572,1,1
2021-04-01 15:31:25.407,16571,16572,16571,1,-1
2021-04-01 15:31:25.420,16571,16572,16571,2,-2
2021-04-01 15:31:25.420,16571,16572,16571,1,-1
2021-04-01 15:31:32.443,16570,16571,16570,1,-1
2021-04-01 15:31:33.368,16570,16571,16570,2,-2
2021-04-01 15:31:37.181,16570,16571,16570,1,-1
2021-04-01 15:31:37.612,16570,16571,16570,5,-5
2021-04-01 15:31:51.663,16569,16570,16569,1,-1
2021-04-01 15:31:51.787,16569,16570,16569,1,-1
2021-04-01 15:31:52.876,16569,16570,16569,1,-1
2021-04-01 15:31:55.895,16568,16569,16569,1,1
2021-04-01 15:31:57.029,16569,16570,16569,2,-2
2021-04-01 15:32:01.874,16568,16569,16569,1,1
2021-04-01 15:32:17.608,16569,16570,16570,3,3
2021-04-01 15:32:18.552,16569,16570,16569,1,-1
2021-04-01 15:32:23.590,16569,16570,16569,1,-1
2021-04-01 15:32:28.382,16569,16570,16569,1,-1
2021-04-01 15:32:36.830,16569,16570,16569,1,-1
2021-04-01 15:32:38.519,16569,16570,16569,1,-1
2021-04-01 15:32:49.925,16568,16569,16569,3,3
2021-04-01 15:32:51.673,16568,16569,16569,3,3
2021-04-01 15:32:54.145,16569,16570,16569,1,-1
2021-04-01 15:32:54.483,16569,16570,16569,2,-2
2021-04-01 15:33:13.039,16569,16570,16570,1,1
2021-04-01 15:33:16.448,16569,16570,16570,1,1
2021-04-01 15:33:36.888,16568,16570,16569,1,-1
2021-04-01 15:33:44.125,16568,16569,16569,2,2
2021-04-01 15:33:50.135,16568,16569,16569,1,1
2021-04-01 15:33:58.475,16568,16569,16569,1,1
2021-04-01 15:34:11.740,16568,16569,16569,1,1
2021-04-01 15:34:12.906,16568,16569,16569,1,1
2021-04-01 15:34:17.436,16569,16570,16570,1,1
2021-04-01 15:34:20.378,16568,16570,16568,1,-1
2021-04-01 15:34:20.622,16568,16570,16570,1,1
2021-04-01 15:34:26.672,16569,16570,16570,1,1
2021-04-01 15:34:32.249,16569,16570,16570,1,1
2021-04-01 15:34:32.393,16569,16570,16570,1,1
2021-04-01 15:34:32.393,16569,16570,16570,1,1
2021-04-01 15:34:32.393,16569,16570,16570,1,1
2021-04-01 15:34:32.393,16569,16570,16570,1,1
2021-04-01 15:34:32.394,16569,16570,16570,1,1
2021-04-01 15:34:32.394,16569,16570,16570,1,1
2021-04-01 15:34:32.394,16569,16570,16570,8,8
2021-04-01 15:34:32.437,16570,16571,16571,1,1
2021-04-01 15:34:32.438,16570,16571,16571,1,1
2021-04-01 15:34:32.509,16570,16571,16571,1,1
2021-04-01 15:34:32.510,16570,16571,16571,1,1
2021-04-01 15:34:32.737,16570,16571,16571,1,1
2021-04-01 15:34:32.752,16570,16571,16571,1,1
2021-04-01 15:34:33.557,16570,16571,16571,3,3
2021-04-01 15:34:33.557,16570,16571,16571,5,5
2021-04-01 15:34:33.557,16570,16571,16571,4,4
2021-04-01 15:34:33.558,16570,16571,16571,3,3
2021-04-01 15:34:33.558,16570,16571,16571,1,1
2021-04-01 15:34:33.558,16570,16571,16571,2,2
2021-04-01 15:34:33.702,16571,16572,16572,1,1
2021-04-01 15:34:36.009,16571,16572,16572,1,1
2021-04-01 15:34:45.701,16571,16572,16572,1,1
2021-04-01 15:34:50.617,16571,16572,16572,1,1
2021-04-01 15:34:57.837,16571,16572,16572,5,5
2021-04-01 15:35:10.454,16572,16573,16573,2,2
2021-04-01 15:35:10.454,16572,16573,16573,2,2
2021-04-01 15:35:12.536,16572,16574,16572,5,-5
2021-04-01 15:35:23.396,16572,16574,16574,2,2
2021-04-01 15:35:28.490,16572,16574,16572,5,-5
2021-04-01 15:35:42.181,16572,16574,16574,1,1
2021-04-01 15:35:48.371,16572,16574,16574,1,1
2021-04-01 15:35:51.438,16572,16574,16574,1,1
2021-04-01 15:36:14.819,16574,16575,16575,3,3
2021-04-01 15:36:14.819,16574,16575,16575,1,1
2021-04-01 15:36:14.820,16574,16575,16575,2,2
2021-04-01 15:36:14.820,16574,16575,16575,1,1
2021-04-01 15:36:15.107,16574,16575,16575,21,21
2021-04-01 15:36:15.107,16574,16575,16576,20,20
2021-04-01 15:36:15.107,16574,16575,16577,19,19
2021-04-01 15:36:15.306,16577,16578,16578,1,1
2021-04-01 15:36:15.306,16577,16578,16578,34,34
2021-04-01 15:36:15.307,16577,16578,16579,1,1
2021-04-01 15:36:15.322,16577,16578,16579,1,1
2021-04-01 15:36:15.348,16577,16578,16579,2,2
2021-04-01 15:36:15.350,16577,16578,16579,2,2
2021-04-01 15:36:15.351,16577,16578,16579,1,1
2021-04-01 15:36:15.351,16577,16578,16579,1,1
2021-04-01 15:36:15.375,16577,16578,16580,2,2
2021-04-01 15:36:15.572,16578,16580,16580,1,1
2021-04-01 15:36:15.612,16578,16580,16580,1,1
2021-04-01 15:36:15.717,16579,16580,16580,1,1
2021-04-01 15:36:15.751,16579,16580,16580,3,3
2021-04-01 15:36:15.852,16579,16580,16580,1,1
2021-04-01 15:36:16.120,16579,16580,16579,1,-1
2021-04-01 15:36:16.120,16579,16580,16579,2,-2
2021-04-01 15:36:16.401,16578,16580,16580,1,1
2021-04-01 15:36:16.517,16578,16580,16580,1,1
2021-04-01 15:36:18.814,16577,16579,16577,1,-1
2021-04-01 15:36:22.591,16577,16578,16578,1,1
2021-04-01 15:36:22.988,16577,16578,16578,1,1
2021-04-01 15:36:27.020,16577,16578,16577,1,-1
2021-04-01 15:36:27.619,16577,16578,16578,1,1
2021-04-01 15:36:28.270,16577,16578,16578,2,2
2021-04-01 15:36:29.866,16577,16578,16578,1,1
2021-04-01 15:36:31.166,16577,16578,16578,1,1
2021-04-01 15:36:31.512,16577,16578,16578,3,3
2021-04-01 15:36:31.513,16577,16578,16578,2,2
2021-04-01 15:36:37.073,16578,16579,16579,2,2
2021-04-01 15:36:40.548,16578,16579,16579,1,1
2021-04-01 15:36:41.109,16578,16579,16578,1,-1
2021-04-01 15:36:45.883,16578,16579,16578,1,-1
2021-04-01 15:36:46.289,16577,16578,16578,1,1
2021-04-01 15:36:46.480,16577,16578,16578,1,1
2021-04-01 15:36:52.921,16578,16579,16578,3,-3
2021-04-01 15:36:58.151,16577,16578,16578,1,1
2021-04-01 15:36:59.011,16577,16578,16578,1,1
2021-04-01 15:36:59.011,16577,16578,16578,1,1
2021-04-01 15:36:59.603,16577,16579,16579,1,1
2021-04-01 15:37:01.603,16578,16579,16578,1,-1
2021-04-01 15:37:12.825,16578,16579,16579,1,1
2021-04-01 15:37:16.643,16578,16579,16579,1,1
2021-04-01 15:37:20.588,16578,16579,16579,1,1
2021-04-01 15:37:20.822,16578,16579,16579,1,1
2021-04-01 15:37:21.764,16578,16579,16579,4,4
2021-04-01 15:37:23.357,16578,16579,16579,6,6
2021-04-01 15:37:23.500,16579,16580,16579,1,-1
2021-04-01 15:37:27.435,16579,16580,16579,1,-1
2021-04-01 15:37:34.454,16578,16579,16578,1,-1
2021-04-01 15:37:36.858,16578,16579,16579,2,2
2021-04-01 15:37:36.858,16578,16579,16580,5,5
2021-04-01 15:37:37.417,16578,16580,16580,1,1
2021-04-01 15:37:42.658,16578,16580,16580,1,1
2021-04-01 15:37:43.244,16579,16580,16580,1,1
2021-04-01 15:37:49.377,16579,16580,16580,2,2
2021-04-01 15:37:49.808,16579,16580,16580,2,2
2021-04-01 15:37:49.808,16579,16580,16580,1,1
2021-04-01 15:37:49.809,16579,16580,16580,3,3
2021-04-01 15:37:49.810,16579,16580,16580,1,1
2021-04-01 15:37:49.810,16579,16580,16580,1,1
2021-04-01 15:37:49.810,16579,16580,16580,2,2
2021-04-01 15:37:49.810,16579,16580,16580,1,1
2021-04-01 15:37:49.810,16579,16580,16580,4,4
2021-04-01 15:37:49.810,16579,16580,16580,1,1
2021-04-01 15:37:51.588,16579,16581,16581,3,3
2021-04-01 15:37:51.952,16579,16581,16581,3,3
2021-04-01 15:37:54.843,16579,16581,16581,2,2
2021-04-01 15:37:58.207,16579,16581,16579,1,-1
2021-04-01 15:38:00.813,16579,16581,16581,1,1
2021-04-01 15:38:02.224,16579,16581,16579,2,-2
2021-04-01 15:38:09.681,16580,16581,16580,1,1
2021-04-01 15:38:12.535,16580,16581,16580,1,-1
2021-04-01 15:38:12.630,16580,16581,16581,1,1
2021-04-01 15:38:12.832,16580,16581,16581,1,1
2021-04-01 15:38:14.528,16580,16581,16581,1,1
2021-04-01 15:38:38.245,16580,16581,16581,1,1
2021-04-01 15:38:40.063,16580,16581,16581,1,1
2021-04-01 15:38:40.157,16580,16581,16581,1,1
2021-04-01 15:38:41.741,16580,16581,16581,1,1
2021-04-01 15:38:46.722,16580,16581,16581,1,1
2021-04-01 15:38:47.277,16580,16581,16581,1,1
2021-04-01 15:38:48.195,16580,16581,16581,1,1
2021-04-01 15:38:51.511,16580,16581,16580,1,-1
2021-04-01 15:38:51.511,16580,16581,16580,1,-1
2021-04-01 15:38:51.511,16580,16581,16580,1,-1
2021-04-01 15:38:51.511,16580,16581,16580,1,-1
2021-04-01 15:38:51.511,16580,16581,16580,2,-2
2021-04-01 15:38:51.511,16580,16581,16580,1,-1
2021-04-01 15:38:51.591,16579,16580,16579,1,-1
2021-04-01 15:38:51.803,16579,16580,16580,3,3
2021-04-01 15:38:51.803,16579,16580,16581,3,3
2021-04-01 15:38:56.561,16580,16581,16581,1,1
2021-04-01 15:38:58.314,16580,16581,16580,1,-1
2021-04-01 15:38:58.512,16579,16581,16581,1,1
2021-04-01 15:39:11.547,16579,16580,16579,1,-1
2021-04-01 15:39:11.548,16579,16580,16579,1,-1
2021-04-01 15:39:11.548,16579,16580,16579,2,-2
2021-04-01 15:39:11.548,16579,16580,16579,1,-1
2021-04-01 15:39:12.736,16578,16579,16579,1,1
2021-04-01 15:39:13.920,16578,16579,16579,3,3
2021-04-01 15:39:13.920,16578,16579,16580,1,1
2021-04-01 15:39:16.898,16579,16580,16579,1,-1
2021-04-01 15:39:19.845,16579,16580,16579,1,-1
2021-04-01 15:39:19.845,16579,16580,16578,1,-1
2021-04-01 15:39:20.477,16578,16580,16578,1,-1
2021-04-01 15:39:26.260,16578,16579,16578,1,-1
2021-04-01 15:39:33.539,16578,16579,16578,1,-1
2021-04-01 15:39:33.539,16578,16579,16578,1,-1
2021-04-01 15:39:33.539,16578,16579,16578,1,-1
2021-04-01 15:39:34.150,16578,16579,16578,5,-5
2021-04-01 15:39:35.329,16577,16579,16577,1,-1
2021-04-01 15:39:39.314,16577,16579,16577,1,-1
2021-04-01 15:39:52.077,16578,16579,16578,1,1
2021-04-01 15:40:01.988,16577,16579,16578,1,-1
2021-04-01 15:40:02.423,16577,16579,16579,1,1
2021-04-01 15:40:02.562,16577,16579,16579,3,3
2021-04-01 15:40:02.728,16577,16579,16579,1,1
2021-04-01 15:40:02.946,16577,16579,16577,1,-1
2021-04-01 15:40:23.398,16578,16579,16579,1,1
2021-04-01 15:40:23.399,16578,16579,16579,4,4
2021-04-01 15:40:23.399,16578,16579,16579,4,4
2021-04-01 15:40:23.399,16578,16579,16579,1,1
2021-04-01 15:40:23.399,16578,16579,16579,2,2
2021-04-01 15:40:26.101,16579,16580,16579,1,-1
2021-04-01 15:40:26.101,16579,16580,16578,2,-2
2021-04-01 15:40:29.611,16578,16580,16578,1,-1
2021-04-01 15:40:31.666,16578,16580,16578,1,-1
2021-04-01 15:40:38.669,16579,16580,16580,1,1
2021-04-01 15:40:40.451,16579,16580,16580,5,5
2021-04-01 15:40:40.451,16579,16580,16580,1,1
2021-04-01 15:40:40.451,16579,16580,16580,2,2
2021-04-01 15:40:49.948,16580,16581,16580,2,-2
2021-04-01 15:40:50.042,16580,16581,16581,1,1
2021-04-01 15:40:51.462,16580,16581,16580,2,-2
2021-04-01 15:40:53.418,16580,16581,16581,1,1
2021-04-01 15:40:58.848,16580,16581,16581,1,1
2021-04-01 15:41:02.087,16580,16581,16581,1,1
2021-04-01 15:41:03.232,16580,16581,16581,4,4
2021-04-01 15:41:03.691,16580,16581,16581,1,1
2021-04-01 15:41:13.823,16580,16581,16581,1,1
2021-04-01 15:41:16.278,16580,16581,16581,1,1
2021-04-01 15:41:17.049,16580,16581,16581,1,1
2021-04-01 15:41:22.215,16580,16581,16581,2,2
2021-04-01 15:41:29.709,16580,16581,16581,1,1
2021-04-01 15:41:30.342,16580,16581,16581,1,1
2021-04-01 15:41:30.702,16580,16581,16581,1,1
2021-04-01 15:41:31.065,16580,16581,16581,1,1
2021-04-01 15:41:31.987,16580,16581,16580,1,-1
2021-04-01 15:41:43.436,16580,16581,16581,2,2
2021-04-01 15:41:43.437,16580,16581,16581,1,1
2021-04-01 15:41:43.437,16580,16581,16581,1,1
2021-04-01 15:41:43.437,16580,16581,16581,1,1
2021-04-01 15:41:43.437,16580,16581,16581,1,1
2021-04-01 15:41:43.562,16580,16581,16581,2,2
2021-04-01 15:41:54.867,16580,16581,16580,3,-3
2021-04-01 15:41:57.069,16580,16581,16581,2,2
2021-04-01 15:42:06.993,16580,16581,16581,2,2
2021-04-01 15:42:12.919,16580,16581,16581,4,4
2021-04-01 15:42:13.099,16580,16581,16581,1,1
2021-04-01 15:42:16.786,16580,16581,16580,4,-4
2021-04-01 15:42:25.289,16580,16581,16581,1,1
2021-04-01 15:42:25.320,16580,16581,16581,1,1
2021-04-01 15:42:25.508,16580,16581,16581,4,4
2021-04-01 15:42:28.179,16581,16582,16581,1,-1
2021-04-01 15:42:28.874,16581,16582,16582,1,1
2021-04-01 15:42:29.251,16581,16582,16582,2,2
2021-04-01 15:42:29.359,16581,16582,16581,1,-1
2021-04-01 15:42:29.742,16581,16582,16581,1,-1
2021-04-01 15:42:32.370,16581,16582,16582,5,5
2021-04-01 15:42:39.850,16581,16582,16581,7,-7
2021-04-01 15:42:40.209,16580,16581,16581,1,1
2021-04-01 15:42:40.286,16580,16581,16581,1,1
2021-04-01 15:42:40.286,16580,16581,16581,1,1
2021-04-01 15:42:40.592,16581,16582,16582,1,1
2021-04-01 15:42:42.484,16581,16582,16582,1,1
2021-04-01 15:42:43.173,16581,16582,16582,1,1
2021-04-01 15:42:44.491,16581,16582,16582,1,1
2021-04-01 15:42:49.253,16581,16582,16582,1,1
2021-04-01 15:42:52.817,16581,16582,16581,1,-1
2021-04-01 15:42:52.817,16581,16582,16581,1,-1
2021-04-01 15:42:53.239,16580,16581,16581,1,1
2021-04-01 15:42:54.149,16580,16582,16581,1,-1
2021-04-01 15:42:54.470,16580,16581,16581,1,1
2021-04-01 15:43:02.873,16581,16582,16581,2,-2
2021-04-01 15:43:02.959,16580,16582,16582,1,1
2021-04-01 15:43:05.301,16580,16582,16582,1,1
2021-04-01 15:43:07.503,16580,16581,16581,1,1
2021-04-01 15:43:07.823,16580,16582,16582,1,1
2021-04-01 15:43:13.804,16580,16582,16582,3,3
2021-04-01 15:43:22.677,16581,16582,16582,2,2
2021-04-01 15:43:23.769,16581,16582,16582,1,1
2021-04-01 15:43:25.661,16581,16582,16582,3,3
2021-04-01 15:43:28.007,16581,16582,16582,4,4
2021-04-01 15:43:31.221,16581,16582,16582,2,2
2021-04-01 15:43:38.941,16581,16582,16582,1,1
2021-04-01 15:43:47.276,16582,16583,16583,1,1
2021-04-01 15:43:47.489,16582,16583,16583,1,1
2021-04-01 15:43:48.971,16582,16583,16583,1,1
2021-04-01 15:43:48.982,16582,16583,16583,1,1
2021-04-01 15:43:50.390,16582,16583,16583,1,1
2021-04-01 15:43:52.474,16582,16583,16583,1,1
2021-04-01 15:43:56.472,16582,16583,16583,2,2
2021-04-01 15:43:56.713,16582,16583,16583,1,1
2021-04-01 15:44:01.635,16582,16583,16583,1,1
2021-04-01 15:44:01.956,16582,16583,16582,1,-1
2021-04-01 15:44:02.756,16582,16583,16583,1,1
2021-04-01 15:44:08.504,16582,16583,16583,1,1
2021-04-01 15:44:10.595,16582,16583,16583,2,2
2021-04-01 15:44:10.659,16582,16583,16583,1,1
2021-04-01 15:44:39.818,16582,16583,16582,1,-1
2021-04-01 15:44:46.232,16582,16583,16582,1,-1
2021-04-01 15:44:46.284,16582,16583,16583,1,1
2021-04-01 15:44:49.493,16582,16583,16583,1,1
2021-04-01 15:44:49.532,16582,16583,16583,1,1
2021-04-01 15:44:49.532,16582,16583,16583,1,1
2021-04-01 15:44:50.953,16582,16583,16583,5,5
2021-04-01 15:44:52.780,16582,16583,16583,1,1
2021-04-01 15:44:57.549,16582,16583,16583,2,2
2021-04-01 15:44:58.590,16582,16583,16583,2,2
2021-04-01 15:44:59.007,16582,16584,16582,1,-1
2021-04-01 15:45:03.052,16582,16583,16583,1,1
2021-04-01 15:45:03.420,16583,16584,16584,2,2
2021-04-01 15:45:03.566,16583,16584,16584,15,15
2021-04-01 15:45:03.566,16583,16584,16585,5,5
2021-04-01 15:45:03.566,16583,16584,16585,20,20
2021-04-01 15:45:03.569,16583,16584,16585,20,20
2021-04-01 15:45:03.569,16583,16584,16585,3,3
2021-04-01 15:45:03.569,16583,16584,16585,2,2
2021-04-01 15:45:03.569,16583,16584,16585,2,2
2021-04-01 15:45:03.570,16583,16584,16585,20,20
2021-04-01 15:45:03.571,16583,16584,16585,3,3
2021-04-01 15:45:03.571,16583,16584,16585,4,4
2021-04-01 15:45:03.571,16583,16584,16585,3,3
2021-04-01 15:45:03.572,16583,16584,16586,1,1
2021-04-01 15:45:03.572,16583,16584,16586,1,1
2021-04-01 15:45:03.572,16583,16584,16586,1,1
2021-04-01 15:45:03.621,16583,16584,16586,1,1
2021-04-01 15:45:03.671,16585,16586,16586,2,2
2021-04-01 15:45:03.693,16585,16586,16586,5,5
2021-04-01 15:45:03.728,16585,16586,16587,1,1
2021-04-01 15:45:03.731,16585,16586,16587,1,1
2021-04-01 15:45:03.735,16585,16586,16587,1,1
2021-04-01 15:45:03.768,16585,16586,16587,1,1
2021-04-01 15:45:03.789,16585,16587,16587,4,4
2021-04-01 15:45:03.795,16585,16587,16587,8,8
2021-04-01 15:45:03.804,16585,16587,16588,2,2
2021-04-01 15:45:03.806,16585,16587,16588,1,1
2021-04-01 15:45:03.811,16585,16587,16588,1,1
2021-04-01 15:45:03.811,16585,16587,16588,1,1
2021-04-01 15:45:03.812,16585,16587,16588,1,1
2021-04-01 15:45:03.812,16585,16587,16588,1,1
2021-04-01 15:45:03.821,16585,16587,16588,2,2
2021-04-01 15:45:03.827,16585,16587,16588,1,1
2021-04-01 15:45:03.830,16585,16587,16588,1,1
2021-04-01 15:45:03.839,16585,16587,16588,2,2
2021-04-01 15:45:03.855,16585,16587,16588,2,2
2021-04-01 15:45:03.874,16585,16587,16588,1,1
2021-04-01 15:45:03.876,16585,16587,16588,1,1
2021-04-01 15:45:03.894,16585,16587,16587,1,1
2021-04-01 15:45:03.905,16587,16588,16588,1,1
2021-04-01 15:45:03.921,16587,16588,16588,11,11
2021-04-01 15:45:03.922,16587,16588,16588,4,4
2021-04-01 15:45:03.922,16587,16588,16588,3,3
2021-04-01 15:45:03.926,16587,16588,16589,1,1
2021-04-01 15:45:03.928,16587,16588,16589,2,2
2021-04-01 15:45:03.930,16587,16588,16589,1,1
2021-04-01 15:45:03.934,16587,16588,16589,1,1
2021-04-01 15:45:03.945,16587,16588,16589,1,1
2021-04-01 15:45:03.945,16587,16588,16589,1,1
2021-04-01 15:45:03.948,16587,16588,16589,2,2
2021-04-01 15:45:03.951,16587,16588,16589,2,2
2021-04-01 15:45:03.951,16587,16588,16589,1,1
2021-04-01 15:45:03.958,16587,16588,16589,1,1
2021-04-01 15:45:03.963,16587,16588,16589,4,4
2021-04-01 15:45:03.989,16587,16588,16589,1,1
2021-04-01 15:45:04.002,16587,16588,16589,2,2
2021-04-01 15:45:04.014,16587,16588,16589,1,1
2021-04-01 15:45:04.021,16587,16588,16589,1,1
2021-04-01 15:45:04.022,16587,16588,16589,1,1
2021-04-01 15:45:04.029,16587,16588,16589,1,1
2021-04-01 15:45:04.037,16588,16589,16588,1,-1
2021-04-01 15:45:04.038,16588,16589,16589,2,2
2021-04-01 15:45:04.041,16588,16589,16589,1,1
2021-04-01 15:45:04.059,16588,16589,16589,1,1
2021-04-01 15:45:04.062,16588,16589,16589,1,1
2021-04-01 15:45:04.081,16588,16589,16589,2,2
2021-04-01 15:45:04.082,16588,16589,16589,2,2
2021-04-01 15:45:04.091,16588,16589,16589,1,1
2021-04-01 15:45:04.103,16588,16589,16589,1,1
2021-04-01 15:45:04.106,16588,16589,16589,1,1
2021-04-01 15:45:04.119,16588,16589,16589,1,1
2021-04-01 15:45:04.128,16588,16589,16590,2,2
2021-04-01 15:45:04.130,16588,16589,16590,2,2
2021-04-01 15:45:04.143,16588,16589,16590,1,1
2021-04-01 15:45:04.150,16588,16589,16590,3,3
2021-04-01 15:45:04.152,16588,16589,16590,1,1
2021-04-01 15:45:04.169,16589,16590,16590,2,2
2021-04-01 15:45:04.173,16589,16590,16590,6,6
2021-04-01 15:45:04.174,16589,16590,16590,2,2
2021-04-01 15:45:04.174,16589,16590,16590,1,1
2021-04-01 15:45:04.174,16589,16590,16590,4,4
2021-04-01 15:45:04.200,16589,16590,16590,4,4
2021-04-01 15:45:04.200,16589,16590,16591,2,2
2021-04-01 15:45:04.201,16589,16590,16591,1,1
2021-04-01 15:45:04.216,16589,16590,16591,1,1
2021-04-01 15:45:04.218,16589,16590,16591,1,1
2021-04-01 15:45:04.227,16589,16590,16591,1,1
2021-04-01 15:45:04.229,16589,16590,16591,1,1
2021-04-01 15:45:04.234,16589,16590,16591,2,2
2021-04-01 15:45:04.245,16589,16590,16591,2,2
2021-04-01 15:45:04.249,16589,16590,16591,3,3
2021-04-01 15:45:04.252,16589,16590,16591,1,1
2021-04-01 15:45:04.253,16589,16590,16591,10,10
2021-04-01 15:45:04.255,16589,16590,16591,1,1
2021-04-01 15:45:04.266,16589,16590,16591,3,3
2021-04-01 15:45:04.268,16589,16590,16591,1,1
2021-04-01 15:45:04.271,16589,16590,16591,1,1
2021-04-01 15:45:04.280,16589,16591,16591,3,3
2021-04-01 15:45:04.285,16589,16591,16591,10,10
2021-04-01 15:45:04.291,16589,16591,16592,1,1
2021-04-01 15:45:04.295,16589,16591,16592,1,1
2021-04-01 15:45:04.298,16589,16591,16592,1,1
2021-04-01 15:45:04.302,16589,16591,16592,1,1
2021-04-01 15:45:04.305,16589,16591,16592,1,1
2021-04-01 15:45:04.305,16589,16591,16592,3,3
2021-04-01 15:45:04.310,16589,16591,16592,1,1
2021-04-01 15:45:04.312,16589,16591,16592,4,4
2021-04-01 15:45:04.326,16589,16591,16592,1,1
2021-04-01 15:45:04.327,16589,16591,16592,1,1
2021-04-01 15:45:04.330,16589,16591,16592,4,4
2021-04-01 15:45:04.337,16589,16591,16592,1,1
2021-04-01 15:45:04.339,16589,16591,16592,1,1
2021-04-01 15:45:04.347,16589,16591,16592,1,1
2021-04-01 15:45:04.368,16589,16591,16592,3,3
2021-04-01 15:45:04.379,16589,16591,16592,1,1
2021-04-01 15:45:04.392,16589,16591,16592,1,1
2021-04-01 15:45:04.403,16589,16591,16592,1,1
2021-04-01 15:45:04.411,16591,16592,16592,1,1
2021-04-01 15:45:04.413,16591,16592,16592,12,12
2021-04-01 15:45:04.413,16591,16592,16592,1,1
2021-04-01 15:45:04.417,16591,16592,16592,1,1
2021-04-01 15:45:04.417,16591,16592,16592,1,1
2021-04-01 15:45:04.417,16591,16592,16592,2,2
2021-04-01 15:45:04.417,16591,16592,16592,6,6
2021-04-01 15:45:04.417,16591,16592,16592,4,4
2021-04-01 15:45:04.417,16591,16592,16592,2,2
2021-04-01 15:45:04.423,16591,16592,16592,1,1
2021-04-01 15:45:04.425,16591,16592,16592,5,5
2021-04-01 15:45:04.448,16591,16592,16592,1,1
2021-04-01 15:45:04.448,16591,16592,16592,1,1
2021-04-01 15:45:04.448,16591,16592,16592,2,2
2021-04-01 15:45:04.448,16591,16592,16592,3,3
2021-04-01 15:45:04.448,16591,16592,16592,3,3
2021-04-01 15:45:04.448,16591,16592,16592,2,2
2021-04-01 15:45:04.448,16591,16592,16592,1,1
2021-04-01 15:45:04.490,16591,16592,16592,1,1
2021-04-01 15:45:04.502,16591,16592,16592,1,1
2021-04-01 15:45:04.502,16591,16592,16592,4,4
2021-04-01 15:45:04.504,16591,16592,16592,8,8
2021-04-01 15:45:04.513,16591,16592,16592,1,1
2021-04-01 15:45:04.514,16591,16592,16592,1,1
2021-04-01 15:45:04.531,16591,16592,16592,1,1
2021-04-01 15:45:04.534,16591,16592,16592,1,1
2021-04-01 15:45:04.539,16591,16592,16592,1,1
2021-04-01 15:45:04.548,16591,16592,16592,2,2
2021-04-01 15:45:04.548,16591,16592,16592,16,16
2021-04-01 15:45:04.549,16591,16592,16592,13,13
2021-04-01 15:45:04.557,16591,16592,16593,1,1
2021-04-01 15:45:04.572,16591,16592,16593,1,1
2021-04-01 15:45:04.608,16591,16592,16593,1,1
2021-04-01 15:45:04.628,16591,16592,16593,1,1
2021-04-01 15:45:04.632,16591,16592,16593,1,1
2021-04-01 15:45:04.634,16591,16592,16593,1,1
2021-04-01 15:45:04.660,16592,16593,16593,1,1
2021-04-01 15:45:04.664,16592,16593,16593,4,4
2021-04-01 15:45:04.665,16592,16593,16594,1,1
2021-04-01 15:45:04.680,16592,16593,16594,1,1
2021-04-01 15:45:04.687,16592,16593,16594,1,1
2021-04-01 15:45:04.689,16592,16593,16594,1,1
2021-04-01 15:45:04.699,16592,16593,16594,1,1
2021-04-01 15:45:04.699,16592,16593,16594,2,2
2021-04-01 15:45:04.702,16592,16593,16594,1,1
2021-04-01 15:45:04.707,16592,16593,16594,1,1
2021-04-01 15:45:04.716,16592,16593,16594,1,1
2021-04-01 15:45:04.733,16592,16593,16594,1,1
2021-04-01 15:45:04.734,16592,16593,16594,1,1
2021-04-01 15:45:04.737,16592,16593,16594,1,1
2021-04-01 15:45:04.741,16592,16593,16594,2,2
2021-04-01 15:45:04.773,16592,16593,16594,1,1
2021-04-01 15:45:04.782,16592,16595,16595,1,1
2021-04-01 15:45:04.786,16592,16595,16595,1,1
2021-04-01 15:45:04.795,16592,16595,16595,1,1
2021-04-01 15:45:04.800,16592,16595,16595,2,2
2021-04-01 15:45:04.856,16592,16595,16594,1,-1
2021-04-01 15:45:04.875,16592,16595,16594,1,-1
2021-04-01 15:45:04.904,16592,16595,16594,1,-1
2021-04-01 15:45:04.923,16592,16594,16594,1,1
2021-04-01 15:45:04.925,16592,16594,16594,1,1
2021-04-01 15:45:04.939,16592,16594,16594,1,1
2021-04-01 15:45:04.959,16592,16594,16592,1,-1
2021-04-01 15:45:04.961,16592,16594,16594,1,1
2021-04-01 15:45:04.985,16592,16594,16594,2,2
2021-04-01 15:45:04.994,16592,16594,16594,1,1
2021-04-01 15:45:04.994,16592,16594,16594,2,2
2021-04-01 15:45:04.997,16592,16594,16594,1,1
2021-04-01 15:45:05.009,16592,16594,16594,1,1
2021-04-01 15:45:05.026,16592,16594,16594,1,1
2021-04-01 15:45:05.029,16592,16594,16594,1,1
2021-04-01 15:45:05.039,16592,16595,16595,3,3
2021-04-01 15:45:05.077,16592,16595,16592,1,-1
2021-04-01 15:45:05.094,16592,16595,16594,1,1
2021-04-01 15:45:05.111,16592,16595,16594,1,-1
2021-04-01 15:45:05.126,16592,16595,16594,1,-1
2021-04-01 15:45:05.126,16592,16595,16594,1,-1
2021-04-01 15:45:05.142,16592,16595,16594,1,-1
2021-04-01 15:45:05.165,16592,16594,16594,2,2
2021-04-01 15:45:05.219,16592,16594,16594,1,1
2021-04-01 15:45:05.255,16592,16594,16592,2,-2
2021-04-01 15:45:05.321,16592,16594,16594,1,1
2021-04-01 15:45:05.331,16592,16594,16594,1,1
2021-04-01 15:45:05.342,16592,16594,16592,2,-2
2021-04-01 15:45:05.352,16592,16594,16591,1,-1
2021-04-01 15:45:05.363,16592,16594,16591,1,-1
2021-04-01 15:45:05.416,16590,16593,16593,1,1
2021-04-01 15:45:05.418,16590,16593,16593,1,1
2021-04-01 15:45:05.418,16590,16593,16593,1,1
2021-04-01 15:45:05.418,16590,16593,16593,1,1
2021-04-01 15:45:05.418,16590,16593,16593,1,1
2021-04-01 15:45:05.418,16590,16593,16593,1,1
2021-04-01 15:45:05.418,16590,16593,16593,1,1
2021-04-01 15:45:05.418,16590,16593,16594,1,1
2021-04-01 15:45:05.418,16590,16593,16594,1,1
2021-04-01 15:45:05.419,16590,16593,16592,1,-1
2021-04-01 15:45:05.448,16590,16593,16594,2,2
2021-04-01 15:45:05.448,16590,16593,16594,2,2
2021-04-01 15:45:05.448,16590,16593,16591,1,-1
2021-04-01 15:45:05.448,16590,16593,16591,1,-1
2021-04-01 15:45:05.449,16590,16593,16591,1,-1
2021-04-01 15:45:05.449,16590,16593,16591,1,-1
2021-04-01 15:45:05.449,16590,16593,16594,1,1
2021-04-01 15:45:05.449,16590,16593,16594,1,1
2021-04-01 15:45:05.449,16590,16593,16591,1,-1
2021-04-01 15:45:05.449,16590,16593,16590,1,-1
2021-04-01 15:45:05.495,16590,16593,16594,1,1
2021-04-01 15:45:05.570,16591,16594,16594,1,1
2021-04-01 15:45:05.622,16591,16594,16594,1,1
2021-04-01 15:45:05.629,16591,16594,16594,1,1
2021-04-01 15:45:05.664,16591,16594,16593,1,-1
2021-04-01 15:45:05.702,16591,16594,16593,1,-1
2021-04-01 15:45:05.735,16591,16594,16592,1,-1
2021-04-01 15:45:05.739,16591,16594,16592,1,-1
2021-04-01 15:45:05.748,16591,16594,16593,1,1
2021-04-01 15:45:05.789,16591,16593,16593,1,1
2021-04-01 15:45:05.823,16591,16593,16593,1,1
2021-04-01 15:45:05.873,16591,16593,16593,1,1
2021-04-01 15:45:06.028,16591,16593,16593,1,1
2021-04-01 15:45:06.055,16591,16593,16591,1,-1
2021-04-01 15:45:06.141,16591,16593,16592,1,1
2021-04-01 15:45:06.144,16591,16593,16593,1,1
2021-04-01 15:45:06.145,16591,16593,16593,1,1
2021-04-01 15:45:06.323,16591,16593,16593,1,1
2021-04-01 15:45:06.419,16591,16593,16591,1,-1
2021-04-01 15:45:06.419,16591,16593,16591,1,-1
2021-04-01 15:45:06.599,16590,16592,16592,1,1
2021-04-01 15:45:06.648,16590,16592,16592,1,1
2021-04-01 15:45:06.648,16590,16592,16592,1,1
2021-04-01 15:45:06.648,16590,16592,16592,1,1
2021-04-01 15:45:06.648,16590,16592,16592,1,1
2021-04-01 15:45:06.648,16590,16592,16593,1,1
2021-04-01 15:45:06.741,16591,16593,16593,1,1
2021-04-01 15:45:06.840,16591,16593,16593,1,1
2021-04-01 15:45:06.875,16591,16593,16593,1,1
2021-04-01 15:45:06.924,16591,16593,16593,1,1
2021-04-01 15:45:06.988,16591,16593,16593,1,1
2021-04-01 15:45:07.001,16591,16593,16593,1,1
2021-04-01 15:45:07.099,16591,16593,16593,1,1
2021-04-01 15:45:07.119,16591,16593,16593,1,1
2021-04-01 15:45:07.284,16591,16593,16593,7,7
2021-04-01 15:45:07.284,16591,16593,16594,5,5
2021-04-01 15:45:07.311,16591,16593,16593,1,1
2021-04-01 15:45:07.317,16591,16593,16593,1,1
2021-04-01 15:45:07.364,16591,16593,16593,1,1
2021-04-01 15:45:07.420,16591,16593,16593,1,1
2021-04-01 15:45:07.420,16591,16593,16593,1,1
2021-04-01 15:45:07.420,16591,16593,16594,1,1
2021-04-01 15:45:07.420,16591,16593,16594,1,1
2021-04-01 15:45:07.420,16591,16593,16594,1,1
2021-04-01 15:45:07.420,16591,16593,16593,1,1
2021-04-01 15:45:07.420,16591,16593,16594,1,1
2021-04-01 15:45:07.420,16591,16593,16594,1,1
2021-04-01 15:45:07.421,16591,16593,16593,1,1
2021-04-01 15:45:07.421,16591,16593,16594,1,1
2021-04-01 15:45:07.462,16591,16593,16594,1,1
2021-04-01 15:45:07.494,16591,16593,16594,1,1
2021-04-01 15:45:07.648,16592,16594,16594,1,1
2021-04-01 15:45:07.661,16592,16594,16594,3,3
2021-04-01 15:45:07.661,16592,16594,16595,9,9
2021-04-01 15:45:07.985,16592,16594,16594,1,1
2021-04-01 15:45:07.985,16592,16594,16593,1,-1
2021-04-01 15:45:07.992,16592,16594,16594,1,1
2021-04-01 15:45:08.005,16592,16594,16594,1,1
2021-04-01 15:45:08.015,16592,16594,16594,1,1
2021-04-01 15:45:08.024,16592,16594,16594,1,1
2021-04-01 15:45:08.028,16592,16594,16594,1,1
2021-04-01 15:45:08.045,16592,16595,16595,1,1
2021-04-01 15:45:08.046,16592,16595,16595,1,1
2021-04-01 15:45:08.099,16592,16595,16594,1,-1
2021-04-01 15:45:08.644,16592,16594,16594,1,1
2021-04-01 15:45:08.729,16592,16594,16592,1,-1
2021-04-01 15:45:09.405,16592,16593,16592,1,-1
2021-04-01 15:45:10.129,16592,16593,16592,1,-1
2021-04-01 15:45:14.166,16590,16591,16591,1,1
2021-04-01 15:45:14.166,16590,16591,16592,1,1
2021-04-01 15:45:14.567,16590,16592,16590,1,-1
2021-04-01 15:45:14.906,16590,16592,16592,5,5
2021-04-01 15:45:14.958,16590,16592,16592,4,4
2021-04-01 15:45:16.618,16590,16592,16590,1,-1
2021-04-01 15:45:17.559,16590,16591,16590,1,-1
2021-04-01 15:45:18.574,16589,16591,16591,4,4
2021-04-01 15:45:18.574,16589,16591,16592,1,1
2021-04-01 15:45:20.926,16590,16591,16590,1,-1
2021-04-01 15:45:21.551,16589,16591,16591,5,5
2021-04-01 15:45:24.387,16589,16591,16591,5,5
2021-04-01 15:45:24.604,16590,16592,16592,1,1
2021-04-01 15:45:25.395,16590,16592,16590,1,-1
2021-04-01 15:45:26.786,16589,16591,16589,1,-1
2021-04-01 15:45:26.955,16589,16591,16589,1,-1
2021-04-01 15:45:27.192,16589,16591,16591,5,5
2021-04-01 15:45:27.282,16590,16592,16592,1,1
2021-04-01 15:45:27.282,16590,16592,16592,1,1
2021-04-01 15:45:27.801,16590,16592,16592,1,1
2021-04-01 15:45:30.111,16590,16592,16592,2,2
2021-04-01 15:45:30.473,16591,16592,16591,1,-1
2021-04-01 15:45:32.492,16590,16592,16590,1,-1
2021-04-01 15:45:33.360,16590,16592,16592,1,1
2021-04-01 15:45:37.761,16590,16591,16591,1,1
2021-04-01 15:45:41.316,16590,16591,16590,1,-1
2021-04-01 15:45:41.513,16590,16591,16591,1,1
2021-04-01 15:45:41.592,16590,16592,16590,2,-2
2021-04-01 15:45:43.122,16590,16591,16590,1,-1
2021-04-01 15:45:43.383,16589,16591,16591,2,2
2021-04-01 15:45:43.495,16589,16591,16589,1,-1
2021-04-01 15:45:46.099,16590,16591,16591,1,1
2021-04-01 15:45:48.899,16590,16591,16590,1,-1
2021-04-01 15:45:50.215,16590,16591,16591,1,1
2021-04-01 15:45:50.346,16590,16592,16590,3,-3
2021-04-01 15:45:54.675,16591,16592,16591,1,1
2021-04-01 15:45:54.703,16591,16592,16591,1,-1
2021-04-01 15:45:55.947,16591,16592,16591,1,-1
2021-04-01 15:45:56.234,16591,16592,16592,1,1
2021-04-01 15:45:58.090,16591,16592,16591,1,-1
2021-04-01 15:46:00.771,16591,16592,16592,7,7
2021-04-01 15:46:01.005,16591,16592,16591,1,-1
2021-04-01 15:46:01.287,16591,16592,16592,1,1
2021-04-01 15:46:01.348,16591,16592,16592,1,1
2021-04-01 15:46:01.404,16591,16592,16592,1,1
2021-04-01 15:46:01.525,16591,16592,16592,2,2
2021-04-01 15:46:01.549,16591,16592,16592,5,5
2021-04-01 15:46:01.631,16591,16592,16591,5,-5
2021-04-01 15:46:03.584,16590,16591,16590,1,-1
2021-04-01 15:46:07.742,16590,16591,16590,5,-5
2021-04-01 15:46:08.335,16590,16591,16591,5,5
2021-04-01 15:46:16.367,16590,16591,16590,1,-1
2021-04-01 15:46:17.914,16590,16591,16590,1,-1
2021-04-01 15:46:21.444,16590,16591,16590,5,-5
2021-04-01 15:46:22.207,16590,16591,16591,1,1
2021-04-01 15:46:22.499,16590,16591,16591,1,1
2021-04-01 15:46:23.776,16590,16591,16590,2,-2
2021-04-01 15:46:27.491,16589,16590,16590,1,1
2021-04-01 15:46:32.718,16589,16590,16589,5,-5
2021-04-01 15:46:33.246,16588,16590,16589,1,-1
2021-04-01 15:46:33.728,16588,16589,16589,2,2
2021-04-01 15:46:35.957,16589,16590,16590,1,1
2021-04-01 15:46:35.957,16589,16590,16590,2,2
2021-04-01 15:46:35.957,16589,16590,16590,2,2
2021-04-01 15:46:35.957,16589,16590,16590,1,1
2021-04-01 15:46:35.957,16589,16590,16590,1,1
2021-04-01 15:46:35.957,16589,16590,16590,1,1
2021-04-01 15:46:35.957,16589,16590,16590,1,1
2021-04-01 15:46:35.957,16589,16590,16590,2,2
2021-04-01 15:46:38.254,16589,16590,16589,1,-1
2021-04-01 15:46:41.002,16589,16590,16589,1,-1
2021-04-01 15:46:41.435,16589,16590,16589,1,-1
2021-04-01 15:46:41.622,16589,16590,16590,1,1
2021-04-01 15:46:46.166,16589,16590,16590,1,1
2021-04-01 15:46:48.635,16589,16590,16589,1,-1
2021-04-01 15:46:48.789,16589,16590,16589,1,-1
2021-04-01 15:46:49.142,16589,16590,16589,4,-4
2021-04-01 15:46:49.711,16588,16589,16589,1,1
2021-04-01 15:46:55.837,16588,16589,16588,1,-1
2021-04-01 15:47:00.087,16588,16589,16589,1,1
2021-04-01 15:47:00.087,16588,16589,16589,1,1
2021-04-01 15:47:00.088,16588,16589,16589,1,1
2021-04-01 15:47:00.853,16589,16590,16589,1,-1
2021-04-01 15:47:01.095,16589,16590,16589,1,-1
2021-04-01 15:47:04.049,16588,16590,16590,1,1
2021-04-01 15:47:10.518,16589,16590,16589,4,-4
2021-04-01 15:47:10.701,16588,16589,16589,1,1
2021-04-01 15:47:10.708,16588,16589,16590,1,1
2021-04-01 15:47:15.764,16589,16590,16589,2,-2
2021-04-01 15:47:18.225,16588,16589,16588,1,-1
2021-04-01 15:47:20.239,16588,16589,16588,2,-2
2021-04-01 15:47:20.356,16588,16589,16589,1,1
2021-04-01 15:47:23.881,16588,16589,16589,1,1
2021-04-01 15:47:23.881,16588,16589,16589,2,2
2021-04-01 15:47:23.881,16588,16589,16589,1,1
2021-04-01 15:47:26.837,16588,16589,16588,6,-6
2021-04-01 15:47:27.424,16588,16589,16589,1,1
2021-04-01 15:47:28.728,16589,16590,16589,3,-3
2021-04-01 15:47:35.735,16588,16589,16589,1,1
2021-04-01 15:47:37.962,16588,16589,16589,1,1
2021-04-01 15:47:37.962,16588,16589,16590,1,1
2021-04-01 15:47:44.542,16588,16589,16589,2,2
2021-04-01 15:47:45.954,16588,16589,16588,1,-1
2021-04-01 15:48:02.571,16588,16589,16589,1,1
2021-04-01 15:48:02.870,16588,16589,16589,4,4
2021-04-01 15:48:02.870,16588,16589,16590,2,2
2021-04-01 15:48:02.956,16589,16590,16590,1,1
2021-04-01 15:48:03.017,16589,16590,16590,1,1
2021-04-01 15:48:03.025,16589,16590,16590,1,1
2021-04-01 15:48:03.526,16589,16590,16590,1,1
2021-04-01 15:48:03.742,16589,16590,16590,1,1
2021-04-01 15:48:04.015,16589,16590,16589,2,-2
2021-04-01 15:48:07.779,16588,16589,16588,1,-1
2021-04-01 15:48:08.243,16588,16589,16589,2,2
2021-04-01 15:48:08.647,16588,16589,16589,1,1
2021-04-01 15:48:10.007,16588,16589,16589,1,1
2021-04-01 15:48:13.068,16588,16589,16589,1,1
2021-04-01 15:48:13.469,16588,16589,16588,1,-1
2021-04-01 15:48:13.532,16588,16589,16588,1,-1
2021-04-01 15:48:21.819,16588,16589,16589,2,2
2021-04-01 15:48:25.577,16588,16589,16589,3,3
2021-04-01 15:48:34.106,16588,16589,16588,1,-1
2021-04-01 15:48:41.001,16588,16589,16588,1,-1
2021-04-01 15:48:44.462,16588,16589,16589,6,6
2021-04-01 15:48:46.313,16589,16590,16589,1,-1
2021-04-01 15:48:52.748,16589,16590,16589,5,-5
2021-04-01 15:48:53.817,16589,16590,16589,5,-5
2021-04-01 15:48:57.193,16589,16590,16589,5,-5
2021-04-01 15:48:57.614,16589,16590,16589,5,-5
2021-04-01 15:48:58.442,16589,16590,16589,6,-6
2021-04-01 15:48:58.442,16589,16590,16589,2,-2
2021-04-01 15:48:59.568,16588,16589,16588,5,-5
2021-04-01 15:49:01.099,16588,16589,16589,1,1
2021-04-01 15:49:11.412,16588,16589,16588,1,-1
2021-04-01 15:49:15.457,16588,16589,16588,2,-2
2021-04-01 15:49:19.406,16588,16589,16588,1,-1
2021-04-01 15:49:29.151,16588,16589,16589,7,7
2021-04-01 15:49:44.847,16589,16590,16590,1,1
2021-04-01 15:49:50.240,16589,16590,16590,1,1
2021-04-01 15:49:52.310,16589,16590,16590,1,1
2021-04-01 15:49:54.528,16589,16590,16589,1,-1
2021-04-01 15:49:55.361,16589,16590,16590,4,4
2021-04-01 15:49:56.013,16589,16590,16590,2,2
2021-04-01 15:50:03.882,16589,16590,16590,1,1
2021-04-01 15:50:04.290,16589,16590,16590,1,1
2021-04-01 15:50:04.407,16589,16590,16590,1,1
2021-04-01 15:50:04.407,16589,16590,16590,1,1
2021-04-01 15:50:04.407,16589,16590,16590,1,1
2021-04-01 15:50:04.407,16589,16590,16590,1,1
2021-04-01 15:50:04.407,16589,16590,16590,1,1
2021-04-01 15:50:04.407,16589,16590,16590,1,1
2021-04-01 15:50:04.407,16589,16590,16590,1,1
2021-04-01 15:50:04.408,16589,16590,16590,1,1
2021-04-01 15:50:04.408,16589,16590,16591,1,1
2021-04-01 15:50:04.408,16589,16590,16590,1,1
2021-04-01 15:50:04.408,16589,16590,16591,1,1
2021-04-01 15:50:04.408,16589,16590,16591,1,1
2021-04-01 15:50:04.408,16589,16590,16590,1,1
2021-04-01 15:50:10.759,16590,16591,16590,1,-1
2021-04-01 15:50:12.525,16590,16591,16590,2,-2
2021-04-01 15:50:12.968,16589,16590,16590,1,1
2021-04-01 15:50:20.559,16589,16590,16589,1,-1
2021-04-01 15:50:21.032,16589,16590,16589,1,-1
2021-04-01 15:50:21.854,16589,16590,16590,1,1
2021-04-01 15:50:22.814,16589,16590,16589,1,-1
2021-04-01 15:50:23.846,16589,16590,16590,1,1
2021-04-01 15:50:24.357,16589,16590,16589,1,-1
2021-04-01 15:50:24.357,16589,16590,16589,13,-13
2021-04-01 15:50:24.359,16589,16590,16589,1,-1
2021-04-01 15:50:37.186,16588,16589,16589,1,1
2021-04-01 15:50:43.285,16588,16589,16588,1,-1
2021-04-01 15:50:43.408,16588,16589,16589,1,1
2021-04-01 15:50:44.358,16588,16589,16588,8,-8
2021-04-01 15:50:48.453,16588,16589,16589,4,4
2021-04-01 15:50:50.710,16588,16589,16589,3,3
2021-04-01 15:50:54.396,16588,16589,16588,1,-1
2021-04-01 15:50:58.116,16588,16589,16588,1,-1
2021-04-01 15:50:58.874,16588,16589,16588,1,-1
2021-04-01 15:50:59.032,16588,16589,16588,1,-1
2021-04-01 15:50:59.033,16588,16589,16588,15,-15
2021-04-01 15:50:59.329,16587,16588,16588,1,1
2021-04-01 15:51:02.041,16587,16588,16587,1,-1
2021-04-01 15:51:02.818,16587,16588,16588,1,1
2021-04-01 15:51:03.000,16587,16588,16588,1,1
2021-04-01 15:51:04.926,16587,16588,16587,1,-1
2021-04-01 15:51:10.647,16587,16588,16588,1,1
2021-04-01 15:51:13.375,16587,16588,16587,2,-2
2021-04-01 15:51:17.646,16587,16588,16587,1,-1
2021-04-01 15:51:19.591,16587,16588,16588,1,1
2021-04-01 15:51:31.725,16587,16588,16587,1,-1
2021-04-01 15:51:34.884,16587,16588,16587,1,-1
2021-04-01 15:51:35.030,16587,16588,16588,2,2
2021-04-01 15:51:37.014,16587,16588,16587,1,-1
2021-04-01 15:51:37.156,16587,16588,16587,1,-1
2021-04-01 15:51:42.904,16587,16588,16587,1,-1
2021-04-01 15:51:45.526,16587,16588,16587,1,-1
2021-04-01 15:51:50.716,16587,16588,16587,1,-1
2021-04-01 15:51:53.322,16587,16588,16588,2,2
2021-04-01 15:51:53.635,16587,16588,16587,4,-4
2021-04-01 15:51:57.222,16587,16588,16587,1,-1
2021-04-01 15:51:58.675,16587,16588,16587,1,-1
2021-04-01 15:52:00.865,16587,16588,16587,1,-1
2021-04-01 15:52:01.291,16587,16588,16587,1,-1
2021-04-01 15:52:01.335,16587,16588,16588,2,2
2021-04-01 15:52:01.603,16587,16588,16588,2,2
2021-04-01 15:52:03.279,16587,16588,16587,1,-1
2021-04-01 15:52:11.559,16587,16588,16588,1,1
2021-04-01 15:52:13.512,16587,16588,16587,1,-1
2021-04-01 15:52:23.588,16587,16588,16588,1,1
2021-04-01 15:52:29.538,16587,16588,16587,4,-4
2021-04-01 15:52:46.274,16587,16588,16588,1,1
2021-04-01 15:52:46.275,16587,16588,16588,1,1
2021-04-01 15:52:46.275,16587,16588,16588,1,1
2021-04-01 15:52:46.275,16587,16588,16588,1,1
2021-04-01 15:52:46.275,16587,16588,16588,1,1
2021-04-01 15:52:46.275,16587,16588,16588,1,1
2021-04-01 15:52:46.275,16587,16588,16588,4,4
2021-04-01 15:53:02.181,16588,16589,16589,1,1
2021-04-01 15:53:02.222,16588,16589,16589,1,1
2021-04-01 15:53:04.820,16588,16589,16589,1,1
2021-04-01 15:53:11.183,16588,16589,16589,3,3
2021-04-01 15:53:21.949,16589,16590,16589,1,-1
2021-04-01 15:53:24.027,16589,16590,16590,1,1
2021-04-01 15:53:34.491,16589,16590,16589,1,-1
2021-04-01 15:53:36.420,16589,16590,16590,1,1
2021-04-01 15:53:48.148,16589,16590,16590,10,10
2021-04-01 15:53:48.149,16589,16590,16590,1,1
2021-04-01 15:53:56.351,16589,16590,16590,1,1
2021-04-01 15:53:56.493,16589,16590,16590,2,2
2021-04-01 15:54:00.039,16589,16590,16590,3,3
2021-04-01 15:54:00.378,16590,16591,16590,1,-1
2021-04-01 15:54:00.378,16590,16591,16590,1,-1
2021-04-01 15:54:00.390,16590,16591,16590,3,-3
2021-04-01 15:54:00.390,16590,16591,16591,3,3
2021-04-01 15:54:00.422,16589,16591,16590,1,-1
2021-04-01 15:54:00.889,16589,16590,16590,1,1
2021-04-01 15:54:08.077,16589,16590,16590,1,1
2021-04-01 15:54:09.189,16589,16590,16590,1,1
2021-04-01 15:54:10.457,16589,16590,16590,7,7
2021-04-01 15:54:10.457,16589,16590,16591,17,17
2021-04-01 15:54:10.706,16589,16591,16591,2,2
2021-04-01 15:54:13.753,16589,16591,16589,1,-1
2021-04-01 15:54:16.729,16589,16591,16589,1,-1
2021-04-01 15:54:34.221,16590,16591,16590,1,1
2021-04-01 15:54:49.891,16590,16591,16591,1,1
2021-04-01 15:54:55.494,16590,16591,16590,1,-1
2021-04-01 15:55:01.787,16590,16591,16591,1,1
2021-04-01 15:55:04.711,16590,16591,16591,1,1
2021-04-01 15:55:05.468,16590,16591,16590,1,-1
2021-04-01 15:55:12.925,16590,16591,16591,1,1
2021-04-01 15:55:16.670,16590,16591,16591,4,4
2021-04-01 15:55:25.688,16591,16592,16592,2,2
2021-04-01 15:55:27.056,16591,16592,16592,1,1
2021-04-01 15:55:27.056,16591,16592,16592,3,3
2021-04-01 15:55:27.056,16591,16592,16592,1,1
2021-04-01 15:55:27.056,16591,16592,16592,11,11
2021-04-01 15:55:27.057,16591,16592,16592,1,1
2021-04-01 15:55:27.140,16591,16592,16592,1,1
2021-04-01 15:55:27.351,16592,16593,16593,1,1
2021-04-01 15:55:27.408,16592,16593,16593,21,21
2021-04-01 15:55:27.538,16593,16594,16594,1,1
2021-04-01 15:55:27.617,16593,16594,16594,1,1
2021-04-01 15:55:29.300,16593,16594,16593,1,-1
2021-04-01 15:55:37.760,16593,16594,16594,1,1
2021-04-01 15:55:40.228,16593,16594,16593,1,-1
2021-04-01 15:55:41.631,16593,16594,16594,1,1
2021-04-01 15:55:42.039,16593,16594,16594,1,1
2021-04-01 15:55:45.906,16593,16594,16594,3,3
2021-04-01 15:55:48.298,16593,16594,16594,1,1
2021-04-01 15:55:48.483,16593,16594,16594,1,1
2021-04-01 15:55:49.508,16593,16594,16594,1,1
2021-04-01 15:55:53.861,16593,16594,16594,1,1
2021-04-01 15:55:55.249,16593,16594,16594,1,1
2021-04-01 15:55:59.230,16593,16594,16594,2,2
2021-04-01 15:55:59.661,16593,16594,16594,1,1
2021-04-01 15:56:02.223,16593,16594,16593,1,-1
2021-04-01 15:56:02.223,16593,16594,16593,1,-1
2021-04-01 15:56:02.223,16593,16594,16593,5,-5
2021-04-01 15:56:02.223,16593,16594,16593,2,-2
2021-04-01 15:56:02.500,16592,16593,16593,2,2
2021-04-01 15:56:02.605,16592,16593,16593,1,1
2021-04-01 15:56:02.623,16592,16593,16594,1,1
2021-04-01 15:56:02.758,16592,16594,16594,1,1
2021-04-01 15:56:02.759,16592,16594,16594,1,1
2021-04-01 15:56:02.759,16592,16594,16594,1,1
2021-04-01 15:56:02.759,16592,16594,16594,1,1
2021-04-01 15:56:02.759,16592,16594,16594,1,1
2021-04-01 15:56:02.761,16592,16594,16594,1,1
2021-04-01 15:56:02.766,16592,16594,16594,1,1
2021-04-01 15:56:02.833,16592,16594,16594,1,1
2021-04-01 15:56:02.834,16592,16594,16594,1,1
2021-04-01 15:56:02.834,16592,16594,16594,1,1
2021-04-01 15:56:02.884,16592,16594,16594,1,1
2021-04-01 15:56:02.916,16592,16594,16594,1,1
2021-04-01 15:56:03.432,16593,16594,16593,1,-1
2021-04-01 15:56:04.903,16592,16594,16594,1,1
2021-04-01 15:56:06.585,16592,16594,16594,1,1
2021-04-01 15:56:09.215,16593,16594,16594,1,1
2021-04-01 15:56:10.484,16593,16594,16593,1,-1
2021-04-01 15:56:10.588,16592,16594,16594,1,1
2021-04-01 15:56:15.611,16592,16593,16592,1,-1
2021-04-01 15:56:19.659,16592,16593,16593,1,1
2021-04-01 15:56:23.632,16592,16593,16593,1,1
2021-04-01 15:56:24.812,16592,16593,16592,1,-1
2021-04-01 15:56:31.497,16592,16593,16593,1,1
2021-04-01 15:56:31.497,16592,16593,16593,1,1
2021-04-01 15:56:31.621,16592,16594,16594,1,1
2021-04-01 15:56:31.637,16592,16594,16594,1,1
2021-04-01 15:56:38.248,16592,16594,16592,1,-1
2021-04-01 15:56:42.908,16592,16593,16593,2,2
2021-04-01 15:56:47.756,16592,16594,16592,1,-1
2021-04-01 15:56:48.440,16592,16593,16593,1,1
2021-04-01 15:56:49.321,16593,16594,16593,1,-1
2021-04-01 15:56:49.739,16593,16594,16593,1,-1
2021-04-01 15:57:01.415,16593,16594,16594,4,4
2021-04-01 15:57:03.918,16593,16594,16593,1,-1
2021-04-01 15:57:09.386,16593,16594,16594,1,1
2021-04-01 15:57:11.543,16593,16594,16594,3,3
2021-04-01 15:57:13.938,16593,16594,16594,1,1
2021-04-01 15:57:15.513,16593,16594,16594,1,1
2021-04-01 15:57:23.918,16593,16594,16594,1,1
2021-04-01 15:57:30.496,16593,16594,16594,2,2
2021-04-01 15:57:31.879,16593,16594,16593,1,-1
2021-04-01 15:57:33.268,16593,16594,16594,1,1
2021-04-01 15:57:36.412,16593,16594,16594,13,13
2021-04-01 15:57:39.849,16594,16595,16594,1,-1
2021-04-01 15:57:41.893,16593,16595,16594,1,-1
2021-04-01 15:57:43.431,16594,16595,16595,1,1
2021-04-01 15:57:43.567,16594,16595,16595,2,2
2021-04-01 15:57:43.568,16594,16595,16595,1,1
2021-04-01 15:57:43.575,16594,16595,16595,1,1
2021-04-01 15:57:43.606,16594,16595,16595,1,1
2021-04-01 15:57:43.651,16594,16595,16595,2,2
2021-04-01 15:57:43.686,16594,16595,16595,1,1
2021-04-01 15:57:43.806,16594,16595,16595,2,2
2021-04-01 15:57:43.840,16594,16595,16595,2,2
2021-04-01 15:57:43.847,16594,16595,16595,2,2
2021-04-01 15:57:43.851,16594,16595,16595,1,1
2021-04-01 15:57:43.914,16594,16595,16595,1,1
2021-04-01 15:57:43.931,16594,16595,16595,1,1
2021-04-01 15:57:43.951,16594,16595,16595,1,1
2021-04-01 15:57:43.961,16594,16595,16595,1,1
2021-04-01 15:57:43.977,16594,16595,16595,1,1
2021-04-01 15:57:44.136,16594,16595,16595,1,1
2021-04-01 15:57:44.392,16594,16595,16595,1,1
2021-04-01 15:57:44.955,16594,16595,16595,1,1
2021-04-01 15:57:48.058,16594,16595,16595,4,4
2021-04-01 15:57:52.588,16594,16595,16595,1,1
2021-04-01 15:57:53.451,16594,16595,16594,1,-1
2021-04-01 15:57:53.738,16594,16595,16595,1,1
2021-04-01 15:57:55.146,16594,16595,16595,1,1
2021-04-01 15:57:56.268,16594,16595,16595,1,1
2021-04-01 15:57:56.954,16594,16595,16595,1,1
2021-04-01 15:57:58.723,16594,16595,16595,2,2
2021-04-01 15:58:01.145,16594,16595,16594,1,-1
2021-04-01 15:58:01.545,16594,16595,16594,1,-1
2021-04-01 15:58:03.592,16594,16595,16595,1,1
2021-04-01 15:58:05.211,16594,16595,16595,1,1
2021-04-01 15:58:06.373,16594,16595,16595,1,1
2021-04-01 15:58:06.526,16594,16595,16594,1,-1
2021-04-01 15:58:07.012,16594,16595,16595,2,2
2021-04-01 15:58:10.369,16594,16595,16595,2,2
2021-04-01 15:58:11.663,16594,16595,16595,1,1
2021-04-01 15:58:12.200,16594,16595,16595,2,2
2021-04-01 15:58:12.297,16594,16595,16595,1,1
2021-04-01 15:58:13.504,16594,16595,16595,1,1
2021-04-01 15:58:13.627,16594,16595,16594,1,-1
2021-04-01 15:58:13.628,16594,16595,16594,1,-1
2021-04-01 15:58:14.137,16594,16595,16594,1,-1
2021-04-01 15:58:14.239,16594,16595,16594,3,-3
2021-04-01 15:58:17.829,16594,16595,16594,1,-1
2021-04-01 15:58:22.586,16593,16594,16594,1,1
2021-04-01 15:58:24.439,16593,16594,16594,1,1
2021-04-01 15:58:27.821,16594,16595,16594,1,-1
2021-04-01 15:58:34.794,16593,16595,16595,2,2
2021-04-01 15:58:41.581,16594,16595,16595,2,2
2021-04-01 15:58:47.375,16594,16595,16594,5,-5
2021-04-01 15:58:51.287,16593,16594,16594,1,1
2021-04-01 15:58:51.287,16593,16594,16594,3,3
2021-04-01 15:58:51.287,16593,16594,16594,5,5
2021-04-01 15:58:56.337,16593,16594,16594,3,3
2021-04-01 15:58:56.495,16594,16595,16594,1,-1
2021-04-01 15:59:06.951,16594,16595,16594,1,-1
2021-04-01 15:59:21.769,16594,16595,16594,3,-3
2021-04-01 15:59:27.430,16594,16595,16594,1,-1
2021-04-01 15:59:27.430,16594,16595,16594,5,-5
2021-04-01 15:59:27.430,16594,16595,16594,1,-1
2021-04-01 15:59:27.430,16594,16595,16594,1,-1
2021-04-01 15:59:27.430,16594,16595,16594,4,-4
2021-04-01 15:59:46.485,16593,16594,16594,1,1
2021-04-01 15:59:52.433,16593,16594,16594,2,2
2021-04-01 15:59:52.674,16593,16594,16594,1,1
2021-04-01 15:59:54.968,16593,16594,16594,1,1
2021-04-01 15:59:59.711,16593,16594,16593,1,-1
2021-04-01 16:00:04.982,16593,16594,16593,1,-1
2021-04-01 16:00:05.003,16593,16594,16594,1,1
2021-04-01 16:00:05.198,16593,16594,16594,1,1
2021-04-01 16:00:05.280,16593,16594,16594,1,1
2021-04-01 16:00:05.285,16593,16594,16594,1,1
2021-04-01 16:00:05.285,16593,16594,16595,1,1
2021-04-01 16:00:05.286,16593,16594,16595,1,1
2021-04-01 16:00:05.287,16593,16594,16595,1,1
2021-04-01 16:00:05.354,16593,16594,16595,2,2
2021-04-01 16:00:05.355,16593,16594,16595,1,1
2021-04-01 16:00:05.365,16593,16594,16595,1,1
2021-04-01 16:00:05.475,16594,16595,16595,1,1
2021-04-01 16:00:05.484,16594,16595,16595,1,1
2021-04-01 16:00:05.580,16594,16595,16595,1,1
2021-04-01 16:00:05.649,16594,16595,16595,1,1
2021-04-01 16:00:05.655,16594,16595,16595,3,3
2021-04-01 16:00:05.659,16594,16595,16595,1,1
2021-04-01 16:00:05.668,16594,16595,16595,3,3
2021-04-01 16:00:05.669,16594,16595,16595,4,4
2021-04-01 16:00:05.677,16594,16595,16596,1,1
2021-04-01 16:00:05.719,16594,16595,16596,1,1
2021-04-01 16:00:05.728,16594,16595,16596,2,2
2021-04-01 16:00:05.775,16594,16595,16595,1,1
2021-04-01 16:00:05.775,16594,16595,16594,4,-4
2021-04-01 16:00:05.779,16594,16595,16594,6,-6
2021-04-01 16:00:05.786,16594,16596,16596,14,14
2021-04-01 16:00:05.787,16594,16596,16596,5,5
2021-04-01 16:00:05.826,16594,16596,16596,1,1
2021-04-01 16:00:05.830,16594,16596,16596,1,1
2021-04-01 16:00:05.849,16594,16596,16596,1,1
2021-04-01 16:00:05.849,16594,16596,16596,1,1
2021-04-01 16:00:05.889,16594,16596,16596,3,3
2021-04-01 16:00:05.889,16594,16596,16596,1,1
2021-04-01 16:00:05.898,16594,16596,16597,4,4
2021-04-01 16:00:05.914,16596,16597,16597,7,7
2021-04-01 16:00:05.938,16596,16597,16597,1,1
2021-04-01 16:00:05.990,16596,16597,16597,2,2
2021-04-01 16:00:06.003,16596,16597,16597,1,1
2021-04-01 16:00:06.035,16596,16597,16597,2,2
2021-04-01 16:00:06.062,16596,16597,16597,1,1
2021-04-01 16:00:06.095,16596,16597,16597,1,1
2021-04-01 16:00:06.119,16596,16597,16596,1,-1
2021-04-01 16:00:06.179,16596,16597,16597,1,1
2021-04-01 16:00:06.607,16596,16597,16597,1,1
2021-04-01 16:00:06.911,16596,16597,16596,1,-1
2021-04-01 16:00:07.190,16594,16596,16596,1,1
2021-04-01 16:00:07.595,16594,16596,16596,2,2
2021-04-01 16:00:07.602,16594,16596,16596,2,2
2021-04-01 16:00:07.642,16594,16596,16596,1,1
2021-04-01 16:00:07.648,16594,16596,16596,1,1
2021-04-01 16:00:07.654,16594,16596,16596,1,1
2021-04-01 16:00:07.664,16595,16596,16596,1,1
2021-04-01 16:00:07.670,16595,16596,16596,1,1
2021-04-01 16:00:07.672,16595,16596,16596,1,1
2021-04-01 16:00:07.683,16595,16596,16597,1,1
2021-04-01 16:00:07.931,16595,16597,16597,1,1
2021-04-01 16:00:07.980,16595,16597,16597,1,1
2021-04-01 16:00:07.998,16595,16597,16597,1,1
2021-04-01 16:00:07.999,16595,16597,16597,1,1
2021-04-01 16:00:08.033,16595,16597,16597,1,1
2021-04-01 16:00:09.023,16595,16597,16595,1,-1
2021-04-01 16:00:09.043,16595,16597,16595,1,-1
2021-04-01 16:00:09.094,16595,16597,16595,1,-1
2021-04-01 16:00:09.115,16595,16597,16595,2,-2
2021-04-01 16:00:09.162,16595,16597,16595,1,-1
2021-04-01 16:00:21.948,16596,16597,16596,1,1
2021-04-01 16:00:23.581,16596,16597,16596,1,-1
2021-04-01 16:00:23.658,16595,16597,16597,1,1
2021-04-01 16:00:24.148,16595,16597,16597,1,1
2021-04-01 16:00:24.521,16595,16597,16597,1,1
2021-04-01 16:00:27.194,16595,16597,16597,1,1
2021-04-01 16:00:28.106,16595,16596,16596,1,1
2021-04-01 16:00:28.157,16595,16596,16596,1,1
2021-04-01 16:00:38.434,16596,16597,16597,1,1
2021-04-01 16:00:44.091,16596,16597,16596,1,-1
2021-04-01 16:00:44.091,16596,16597,16596,1,-1
2021-04-01 16:00:44.881,16595,16596,16596,1,1
2021-04-01 16:00:47.981,16595,16596,16596,2,2
2021-04-01 16:00:52.048,16595,16596,16595,3,-3
2021-04-01 16:00:58.387,16595,16596,16595,1,-1
2021-04-01 16:01:00.824,16594,16595,16594,1,-1
2021-04-01 16:01:02.813,16594,16595,16594,3,-3
2021-04-01 16:01:03.865,16593,16595,16593,2,-2
2021-04-01 16:01:07.591,16593,16595,16593,2,-2
2021-04-01 16:01:12.804,16593,16594,16594,2,2
2021-04-01 16:01:19.206,16593,16594,16593,3,-3
2021-04-01 16:01:22.370,16593,16594,16593,1,-1
2021-04-01 16:01:23.379,16593,16594,16593,1,-1
2021-04-01 16:01:27.567,16593,16594,16593,5,-5
2021-04-01 16:01:30.805,16593,16594,16593,1,-1
2021-04-01 16:01:31.150,16593,16594,16594,1,1
2021-04-01 16:01:31.150,16593,16594,16594,4,4
2021-04-01 16:01:31.150,16593,16594,16594,5,5
2021-04-01 16:01:35.859,16594,16595,16594,2,-2
2021-04-01 16:01:39.780,16594,16595,16594,1,-1
2021-04-01 16:01:48.120,16594,16595,16594,1,-1
2021-04-01 16:01:50.100,16593,16594,16594,1,1
2021-04-01 16:01:50.101,16593,16594,16594,2,2
2021-04-01 16:01:52.942,16593,16594,16593,1,-1
2021-04-01 16:01:59.143,16593,16594,16594,1,1
2021-04-01 16:02:05.956,16593,16594,16594,1,1
2021-04-01 16:02:10.675,16593,16594,16593,1,-1
2021-04-01 16:02:11.975,16593,16594,16593,1,-1
2021-04-01 16:02:11.976,16593,16594,16593,1,-1
2021-04-01 16:02:12.520,16593,16594,16593,7,-7
2021-04-01 16:02:12.913,16592,16593,16593,1,1
2021-04-01 16:02:21.864,16593,16594,16593,1,-1
2021-04-01 16:02:22.955,16592,16593,16592,1,-1
2021-04-01 16:02:25.346,16592,16593,16592,2,-2
2021-04-01 16:02:28.306,16592,16593,16592,1,-1
2021-04-01 16:02:31.989,16592,16593,16592,1,-1
2021-04-01 16:02:38.635,16592,16593,16592,2,-2
2021-04-01 16:02:38.635,16592,16593,16591,2,-2
2021-04-01 16:02:42.471,16592,16593,16592,1,1
2021-04-01 16:02:50.570,16592,16593,16593,1,1
2021-04-01 16:02:50.570,16592,16593,16593,1,1
2021-04-01 16:02:50.570,16592,16593,16593,2,2
2021-04-01 16:02:50.570,16592,16593,16593,1,1
2021-04-01 16:02:53.991,16593,16594,16594,1,1
2021-04-01 16:02:58.301,16593,16594,16594,1,1
2021-04-01 16:03:05.184,16593,16594,16593,1,-1
2021-04-01 16:03:05.626,16592,16594,16594,1,1
2021-04-01 16:03:14.066,16593,16594,16594,1,1
2021-04-01 16:03:31.290,16594,16595,16594,1,-1
2021-04-01 16:03:31.291,16594,16595,16594,2,-2
2021-04-01 16:03:32.316,16593,16595,16594,1,-1
2021-04-01 16:03:47.914,16593,16594,16594,1,1
2021-04-01 16:03:49.482,16593,16594,16594,1,1
2021-04-01 16:04:01.016,16593,16594,16594,1,1
2021-04-01 16:04:02.541,16593,16594,16594,1,1
2021-04-01 16:04:33.652,16592,16594,16594,1,1
2021-04-01 16:04:48.343,16592,16593,16593,1,1
2021-04-01 16:04:53.523,16592,16593,16593,2,2
2021-04-01 16:04:54.995,16592,16593,16592,1,-1
2021-04-01 16:04:59.072,16592,16593,16593,1,1
2021-04-01 16:04:59.072,16592,16593,16593,1,1
2021-04-01 16:05:09.362,16593,16594,16593,2,-2
2021-04-01 16:05:09.646,16592,16594,16594,2,2
2021-04-01 16:05:09.704,16592,16594,16594,4,4
2021-04-01 16:05:09.778,16592,16594,16594,2,2
2021-04-01 16:05:09.780,16593,16595,16595,1,1
2021-04-01 16:05:10.057,16593,16595,16595,2,2
2021-04-01 16:05:10.147,16593,16595,16593,1,-1
2021-04-01 16:05:44.711,16593,16594,16593,1,-1
2021-04-01 16:05:51.048,16593,16594,16593,1,-1
2021-04-01 16:06:00.486,16593,16594,16593,1,-1
2021-04-01 16:06:08.080,16593,16594,16593,5,-5
2021-04-01 16:06:15.583,16592,16593,16593,9,9
2021-04-01 16:06:15.583,16592,16593,16594,1,1
2021-04-01 16:06:17.813,16592,16593,16593,1,1
2021-04-01 16:06:26.358,16592,16593,16592,1,-1
2021-04-01 16:06:30.394,16592,16593,16593,2,2
2021-04-01 16:06:30.527,16592,16593,16592,1,-1
2021-04-01 16:06:33.966,16592,16593,16593,1,1
2021-04-01 16:06:42.253,16592,16593,16593,5,5
2021-04-01 16:06:44.237,16592,16593,16592,3,-3
2021-04-01 16:06:46.016,16592,16593,16593,2,2
2021-04-01 16:06:53.381,16592,16593,16593,1,1
2021-04-01 16:07:06.140,16592,16593,16593,3,3
2021-04-01 16:07:16.237,16593,16594,16594,1,1
2021-04-01 16:07:16.791,16593,16594,16594,1,1
2021-04-01 16:07:23.258,16594,16595,16595,1,1
2021-04-01 16:07:23.259,16594,16595,16595,1,1
2021-04-01 16:07:23.259,16594,16595,16595,12,12
2021-04-01 16:07:23.403,16595,16596,16595,1,-1
2021-04-01 16:07:28.181,16594,16596,16594,1,-1
2021-04-01 16:07:30.042,16594,16595,16595,1,1
2021-04-01 16:07:30.092,16594,16595,16596,2,2
2021-04-01 16:07:30.141,16594,16595,16596,2,2
2021-04-01 16:07:32.856,16595,16596,16595,2,-2
2021-04-01 16:07:34.441,16595,16596,16595,1,-1
2021-04-01 16:07:35.784,16595,16596,16596,1,1
2021-04-01 16:07:44.997,16595,16596,16596,1,1
2021-04-01 16:07:48.352,16595,16596,16596,1,1
2021-04-01 16:07:50.439,16595,16596,16596,20,20
2021-04-01 16:07:52.138,16596,16597,16597,1,1
2021-04-01 16:07:52.518,16596,16597,16597,1,1
