2024-02-19 15:00:00.000,18671,18673,18678,29,29
2024-02-19 15:00:00.000,18677,18678,18677,1,-1
2024-02-19 15:00:00.000,18677,18678,18677,1,-1
2024-02-19 15:00:00.000,18677,18678,18678,1,1
2024-02-19 15:00:00.000,18676,18678,18675,2,-2
2024-02-19 15:00:00.000,18676,18678,18676,1,-1
2024-02-19 15:00:00.000,18674,18677,18677,1,1
2024-02-19 15:00:00.000,18674,18677,18674,1,-1
2024-02-19 15:00:00.000,18674,18677,18674,1,-1
2024-02-19 15:00:00.000,18674,18677,18676,2,2
2024-02-19 15:00:00.000,18674,18677,18676,1,1
2024-02-19 15:00:00.000,18674,18677,18677,1,1
2024-02-19 15:00:00.000,18674,18677,18675,2,-2
2024-02-19 15:00:00.000,18674,18677,18677,3,3
2024-02-19 15:00:00.000,18674,18677,18675,1,-1
2024-02-19 15:00:01.000,18675,18677,18676,1,-1
2024-02-19 15:00:01.000,18675,18677,18675,1,-1
2024-02-19 15:00:01.000,18675,18677,18676,1,-1
2024-02-19 15:00:01.000,18675,18676,18676,1,1
2024-02-19 15:00:01.000,18675,18676,18675,1,-1
2024-02-19 15:00:01.000,18674,18676,18676,3,3
2024-02-19 15:00:02.000,18674,18676,18676,1,1
2024-02-19 15:00:03.000,18674,18675,18674,1,-1
2024-02-19 15:00:03.000,18673,18675,18673,1,-1
2024-02-19 15:00:04.000,18673,18675,18675,1,1
2024-02-19 15:00:04.000,18673,18675,18673,1,-1
2024-02-19 15:00:04.000,18673,18675,18673,1,-1
2024-02-19 15:00:04.000,18672,18675,18672,1,-1
2024-02-19 15:00:05.000,18672,18675,18672,2,-2
2024-02-19 15:00:05.000,18672,18675,18675,2,2
2024-02-19 15:00:06.000,18672,18675,18674,1,1
2024-02-19 15:00:07.000,18674,18675,18674,2,-2
2024-02-19 15:00:09.000,18674,18675,18674,1,-1
2024-02-19 15:00:09.000,18674,18675,18674,1,-1
2024-02-19 15:00:11.000,18674,18675,18674,1,-1
2024-02-19 15:00:11.000,18674,18675,18674,1,-1
2024-02-19 15:00:13.000,18674,18675,18674,1,-1
2024-02-19 15:00:14.000,18673,18674,18674,1,1
2024-02-19 15:00:14.000,18673,18674,18674,2,2
2024-02-19 15:00:14.000,18673,18674,18674,2,2
2024-02-19 15:00:16.000,18674,18675,18675,1,1
2024-02-19 15:00:20.000,18675,18676,18675,1,-1
2024-02-19 15:00:21.000,18675,18676,18675,2,-2
2024-02-19 15:00:22.000,18675,18676,18676,7,7
2024-02-19 15:00:22.000,18675,18676,18677,1,1
2024-02-19 15:00:22.000,18676,18677,18676,1,-1
2024-02-19 15:00:28.000,18676,18677,18677,6,6
2024-02-19 15:00:28.000,18676,18677,18678,3,3
2024-02-19 15:00:28.000,18676,18678,18676,3,-3
2024-02-19 15:00:29.000,18675,18676,18676,1,1
2024-02-19 15:00:29.000,18675,18676,18677,9,9
2024-02-19 15:00:30.000,18676,18677,18676,1,-1
2024-02-19 15:00:30.000,18675,18677,18675,1,-1
2024-02-19 15:00:31.000,18675,18677,18675,2,-2
2024-02-19 15:00:32.000,18675,18676,18676,1,1
2024-02-19 15:00:32.000,18675,18676,18676,1,1
2024-02-19 15:00:32.000,18675,18676,18677,1,1
2024-02-19 15:00:32.000,18675,18676,18675,2,-2
2024-02-19 15:00:36.000,18675,18676,18676,4,4
2024-02-19 15:00:36.000,18675,18676,18677,6,6
2024-02-19 15:00:36.000,18676,18677,18676,1,-1
2024-02-19 15:00:36.000,18676,18677,18677,1,1
2024-02-19 15:00:37.000,18676,18677,18676,1,-1
2024-02-19 15:00:38.000,18676,18677,18677,1,1
2024-02-19 15:00:38.000,18676,18677,18676,1,-1
2024-02-19 15:00:38.000,18676,18677,18676,6,-6
2024-02-19 15:00:40.000,18675,18676,18676,1,1
2024-02-19 15:00:40.000,18675,18676,18676,1,1
2024-02-19 15:00:41.000,18675,18676,18675,1,-1
2024-02-19 15:00:45.000,18675,18676,18676,9,9
2024-02-19 15:00:45.000,18675,18676,18677,1,1
2024-02-19 15:00:50.000,18675,18677,18675,2,-2
2024-02-19 15:00:50.000,18675,18676,18675,2,-2
2024-02-19 15:00:50.000,18675,18676,18675,2,-2
2024-02-19 15:00:53.000,18675,18676,18675,3,-3
2024-02-19 15:00:57.000,18675,18676,18676,3,3
2024-02-19 15:00:57.000,18675,18676,18676,3,3
2024-02-19 15:00:59.000,18675,18676,18675,2,-2
2024-02-19 15:00:59.000,18675,18676,18675,2,-2
2024-02-19 15:01:00.000,18675,18676,18675,3,-3
2024-02-19 15:01:00.000,18675,18676,18675,1,-1
2024-02-19 15:01:00.000,18675,18676,18675,3,-3
2024-02-19 15:01:00.000,18675,18676,18675,13,-13
2024-02-19 15:01:00.000,18675,18676,18675,2,-2
2024-02-19 15:01:00.000,18675,18676,18675,1,-1
2024-02-19 15:01:00.000,18675,18676,18674,1,-1
2024-02-19 15:01:00.000,18675,18676,18674,5,-5
2024-02-19 15:01:00.000,18675,18676,18673,1,-1
2024-02-19 15:01:00.000,18675,18676,18673,1,-1
2024-02-19 15:01:00.000,18675,18676,18674,1,-1
2024-02-19 15:01:00.000,18675,18676,18674,6,-6
2024-02-19 15:01:00.000,18675,18676,18674,1,-1
2024-02-19 15:01:00.000,18674,18675,18675,1,1
2024-02-19 15:01:00.000,18674,18675,18675,1,1
2024-02-19 15:01:00.000,18674,18675,18675,1,1
2024-02-19 15:01:00.000,18674,18675,18676,1,1
2024-02-19 15:01:00.000,18674,18675,18676,1,1
2024-02-19 15:01:00.000,18674,18675,18675,1,1
2024-02-19 15:01:08.000,18672,18674,18674,5,5
2024-02-19 15:01:09.000,18673,18674,18674,1,1
2024-02-19 15:01:09.000,18673,18674,18674,1,1
2024-02-19 15:01:10.000,18673,18674,18674,1,1
2024-02-19 15:01:29.000,18673,18674,18673,1,-1
2024-02-19 15:01:30.000,18672,18673,18673,1,1
2024-02-19 15:01:30.000,18672,18673,18673,1,1
2024-02-19 15:01:30.000,18672,18673,18673,1,1
2024-02-19 15:01:30.000,18672,18673,18673,1,1
2024-02-19 15:01:30.000,18672,18673,18673,1,1
2024-02-19 15:01:39.000,18672,18673,18672,3,-3
2024-02-19 15:01:41.000,18672,18673,18672,1,-1
2024-02-19 15:01:42.000,18672,18673,18672,1,-1
2024-02-19 15:01:43.000,18672,18673,18673,5,5
2024-02-19 15:01:43.000,18672,18673,18673,1,1
2024-02-19 15:01:43.000,18672,18673,18673,1,1
2024-02-19 15:01:43.000,18673,18674,18673,1,-1
2024-02-19 15:01:44.000,18673,18674,18674,1,1
2024-02-19 15:01:44.000,18673,18674,18674,2,2
2024-02-19 15:01:51.000,18674,18675,18675,1,1
2024-02-19 15:01:51.000,18674,18675,18675,2,2
2024-02-19 15:01:51.000,18674,18675,18675,1,1
2024-02-19 15:01:51.000,18674,18675,18675,1,1
2024-02-19 15:01:51.000,18674,18675,18675,1,1
2024-02-19 15:01:53.000,18674,18675,18675,1,1
2024-02-19 15:02:00.000,18675,18676,18675,1,-1
2024-02-19 15:02:05.000,18675,18676,18675,1,-1
2024-02-19 15:02:05.000,18675,18676,18675,11,-11
2024-02-19 15:02:05.000,18675,18676,18675,1,-1
2024-02-19 15:02:05.000,18674,18675,18675,1,1
2024-02-19 15:02:06.000,18674,18675,18675,1,1
2024-02-19 15:02:09.000,18674,18675,18675,2,2
2024-02-19 15:02:11.000,18674,18675,18675,1,1
2024-02-19 15:02:12.000,18674,18675,18675,1,1
2024-02-19 15:02:13.000,18674,18675,18675,3,3
2024-02-19 15:02:15.000,18674,18675,18675,1,1
2024-02-19 15:02:17.000,18674,18675,18674,1,-1
2024-02-19 15:02:18.000,18674,18675,18675,2,2
2024-02-19 15:02:20.000,18673,18675,18675,1,1
2024-02-19 15:02:22.000,18673,18675,18675,1,1
2024-02-19 15:02:24.000,18674,18675,18675,1,1
2024-02-19 15:02:26.000,18673,18675,18675,1,1
2024-02-19 15:02:28.000,18673,18675,18675,1,1
2024-02-19 15:02:31.000,18673,18675,18675,2,2
2024-02-19 15:02:34.000,18673,18675,18675,1,1
2024-02-19 15:02:48.000,18673,18674,18673,1,-1
2024-02-19 15:02:49.000,18672,18674,18672,8,-8
2024-02-19 15:02:54.000,18671,18672,18671,2,-2
2024-02-19 15:02:55.000,18671,18672,18671,1,-1
2024-02-19 15:02:58.000,18671,18673,18671,1,-1
2024-02-19 15:02:59.000,18671,18673,18671,1,-1
2024-02-19 15:03:00.000,18671,18673,18671,1,-1
2024-02-19 15:03:00.000,18671,18673,18671,1,-1
2024-02-19 15:03:00.000,18671,18673,18673,1,1
2024-02-19 15:03:00.000,18671,18673,18671,2,-2
2024-02-19 15:03:00.000,18671,18673,18673,1,1
2024-02-19 15:03:00.000,18671,18673,18673,1,1
2024-02-19 15:03:00.000,18671,18673,18673,2,2
2024-02-19 15:03:00.000,18671,18673,18673,1,1
2024-02-19 15:03:00.000,18671,18673,18671,1,-1
2024-02-19 15:03:00.000,18671,18673,18673,1,1
2024-02-19 15:03:00.000,18671,18673,18673,2,2
2024-02-19 15:03:16.000,18673,18674,18674,1,1
2024-02-19 15:03:33.000,18673,18674,18673,1,-1
2024-02-19 15:03:33.000,18673,18674,18673,1,-1
2024-02-19 15:03:37.000,18672,18673,18672,1,-1
2024-02-19 15:04:03.000,18672,18673,18673,1,1
2024-02-19 15:04:28.000,18672,18673,18672,3,-3
2024-02-19 15:04:39.000,18671,18672,18672,1,1
2024-02-19 15:04:45.000,18671,18672,18672,1,1
2024-02-19 15:05:00.000,18671,18673,18671,1,-1
2024-02-19 15:05:02.000,18671,18672,18672,1,1
2024-02-19 15:05:07.000,18672,18673,18673,2,2
2024-02-19 15:05:39.000,18673,18674,18674,1,1
2024-02-19 15:05:48.000,18673,18674,18673,1,-1
2024-02-19 15:06:08.000,18673,18674,18674,3,3
2024-02-19 15:06:27.000,18673,18674,18674,1,1
2024-02-19 15:06:27.000,18673,18674,18674,2,2
2024-02-19 15:06:28.000,18673,18674,18674,1,1
2024-02-19 15:06:28.000,18673,18674,18675,1,1
2024-02-19 15:06:29.000,18673,18674,18674,1,1
2024-02-19 15:06:29.000,18673,18674,18675,1,1
2024-02-19 15:06:29.000,18673,18674,18673,2,-2
2024-02-19 15:06:34.000,18673,18674,18674,2,2
2024-02-19 15:07:02.000,18673,18674,18673,1,-1
2024-02-19 15:07:03.000,18673,18674,18673,1,-1
2024-02-19 15:07:23.000,18672,18673,18672,3,-3
2024-02-19 15:07:29.000,18671,18672,18671,1,-1
2024-02-19 15:07:29.000,18671,18672,18671,2,-2
2024-02-19 15:07:29.000,18671,18672,18671,1,-1
2024-02-19 15:07:29.000,18671,18672,18671,3,-3
2024-02-19 15:07:29.000,18671,18672,18671,1,-1
2024-02-19 15:07:29.000,18671,18672,18671,1,-1
2024-02-19 15:07:29.000,18671,18672,18671,1,-1
2024-02-19 15:07:29.000,18671,18672,18671,3,-3
2024-02-19 15:07:37.000,18670,18671,18670,1,-1
2024-02-19 15:07:41.000,18670,18671,18671,1,1
2024-02-19 15:07:43.000,18670,18671,18670,1,-1
2024-02-19 15:07:43.000,18670,18671,18670,2,-2
2024-02-19 15:07:48.000,18670,18671,18670,11,-11
2024-02-19 15:07:48.000,18670,18671,18669,1,-1
2024-02-19 15:07:48.000,18669,18670,18669,1,-1
2024-02-19 15:07:48.000,18669,18670,18669,1,-1
2024-02-19 15:07:48.000,18669,18670,18669,1,-1
2024-02-19 15:07:48.000,18669,18670,18669,1,-1
2024-02-19 15:07:48.000,18669,18670,18669,1,-1
2024-02-19 15:07:48.000,18669,18670,18669,5,-5
2024-02-19 15:08:00.000,18669,18670,18669,1,-1
2024-02-19 15:08:14.000,18669,18670,18669,2,-2
2024-02-19 15:08:23.000,18669,18670,18669,1,-1
2024-02-19 15:08:24.000,18669,18670,18669,2,-2
2024-02-19 15:08:29.000,18669,18670,18669,2,-2
2024-02-19 15:08:37.000,18669,18670,18670,1,1
2024-02-19 15:08:50.000,18669,18670,18669,1,-1
2024-02-19 15:09:12.000,18669,18670,18669,1,-1
2024-02-19 15:09:17.000,18669,18670,18670,2,2
2024-02-19 15:09:17.000,18669,18670,18670,1,1
2024-02-19 15:09:17.000,18669,18670,18670,7,7
2024-02-19 15:09:24.000,18670,18671,18670,3,-3
2024-02-19 15:09:26.000,18670,18671,18671,1,1
2024-02-19 15:10:00.000,18670,18671,18670,1,-1
2024-02-19 15:10:06.000,18669,18671,18671,1,1
2024-02-19 15:10:08.000,18670,18671,18670,1,-1
2024-02-19 15:10:31.000,18669,18670,18670,2,2
2024-02-19 15:10:31.000,18669,18670,18670,1,1
2024-02-19 15:10:51.000,18670,18671,18670,8,-8
2024-02-19 15:10:57.000,18669,18670,18669,2,-2
2024-02-19 15:10:58.000,18669,18670,18670,1,1
2024-02-19 15:10:58.000,18669,18670,18669,2,-2
2024-02-19 15:11:17.000,18669,18670,18669,2,-2
2024-02-19 15:11:28.000,18669,18670,18670,2,2
2024-02-19 15:11:28.000,18669,18670,18670,1,1
2024-02-19 15:11:28.000,18669,18671,18669,21,-21
2024-02-19 15:11:28.000,18669,18671,18669,2,-2
2024-02-19 15:11:28.000,18669,18671,18669,1,-1
2024-02-19 15:11:28.000,18669,18671,18669,1,-1
2024-02-19 15:11:28.000,18669,18671,18669,1,-1
2024-02-19 15:11:28.000,18668,18669,18669,1,1
2024-02-19 15:11:28.000,18668,18669,18669,1,1
2024-02-19 15:11:28.000,18668,18669,18669,2,2
2024-02-19 15:11:29.000,18669,18670,18669,2,-2
2024-02-19 15:11:34.000,18669,18671,18669,1,-1
2024-02-19 15:11:34.000,18669,18671,18669,9,-9
2024-02-19 15:11:38.000,18669,18670,18669,7,-7
2024-02-19 15:11:42.000,18669,18670,18668,18,-18
2024-02-19 15:11:42.000,18669,18670,18669,2,-2
2024-02-19 15:11:44.000,18668,18669,18669,2,2
2024-02-19 15:11:46.000,18668,18670,18668,13,-13
2024-02-19 15:11:53.000,18667,18668,18666,21,-21
2024-02-19 15:11:53.000,18667,18668,18667,15,-15
2024-02-19 15:11:54.000,18665,18666,18666,1,1
2024-02-19 15:11:54.000,18665,18666,18665,1,-1
2024-02-19 15:11:54.000,18665,18666,18665,1,-1
2024-02-19 15:11:58.000,18665,18666,18665,1,-1
2024-02-19 15:11:58.000,18665,18666,18665,2,-2
2024-02-19 15:11:58.000,18665,18666,18666,2,2
2024-02-19 15:12:00.000,18665,18666,18665,1,-1
2024-02-19 15:12:08.000,18665,18667,18665,1,-1
2024-02-19 15:12:11.000,18665,18667,18665,2,-2
2024-02-19 15:12:20.000,18667,18668,18667,1,-1
2024-02-19 15:12:25.000,18667,18668,18667,1,-1
2024-02-19 15:12:36.000,18667,18668,18667,3,-3
2024-02-19 15:12:49.000,18667,18668,18667,1,-1
2024-02-19 15:13:01.000,18667,18668,18667,1,-1
2024-02-19 15:13:05.000,18667,18668,18668,3,3
2024-02-19 15:13:10.000,18667,18668,18667,1,-1
2024-02-19 15:13:10.000,18667,18668,18667,1,-1
2024-02-19 15:13:10.000,18667,18668,18667,1,-1
2024-02-19 15:13:13.000,18666,18667,18667,1,1
2024-02-19 15:13:15.000,18666,18667,18667,1,1
2024-02-19 15:13:17.000,18666,18668,18668,2,2
2024-02-19 15:13:19.000,18666,18667,18667,1,1
2024-02-19 15:13:27.000,18666,18667,18667,1,1
2024-02-19 15:13:31.000,18666,18667,18667,1,1
2024-02-19 15:13:32.000,18666,18667,18666,2,-2
2024-02-19 15:13:35.000,18666,18667,18667,1,1
2024-02-19 15:13:37.000,18666,18667,18667,1,1
2024-02-19 15:13:41.000,18666,18667,18667,1,1
2024-02-19 15:13:43.000,18666,18667,18667,1,1
2024-02-19 15:13:58.000,18666,18668,18668,1,1
2024-02-19 15:13:59.000,18666,18668,18668,1,1
2024-02-19 15:14:08.000,18667,18668,18667,1,-1
2024-02-19 15:14:08.000,18667,18668,18667,2,-2
2024-02-19 15:14:10.000,18666,18667,18667,1,1
2024-02-19 15:14:25.000,18666,18667,18667,1,1
2024-02-19 15:14:28.000,18666,18667,18666,6,-6
2024-02-19 15:14:46.000,18665,18666,18666,2,2
2024-02-19 15:14:46.000,18665,18666,18666,1,1
2024-02-19 15:14:48.000,18666,18667,18666,2,-2
2024-02-19 15:14:59.000,18666,18667,18667,2,2
2024-02-19 15:15:00.000,18667,18668,18667,1,-1
2024-02-19 15:15:08.000,18666,18667,18667,2,2
2024-02-19 15:15:09.000,18666,18668,18666,2,-2
2024-02-19 15:15:22.000,18666,18667,18666,1,-1
2024-02-19 15:15:22.000,18666,18667,18666,4,-4
2024-02-19 15:15:37.000,18666,18667,18666,1,-1
2024-02-19 15:15:47.000,18666,18667,18666,1,-1
2024-02-19 15:15:57.000,18666,18667,18666,1,-1
2024-02-19 15:16:01.000,18665,18666,18666,1,1
2024-02-19 15:16:02.000,18666,18667,18666,1,-1
2024-02-19 15:16:30.000,18666,18667,18667,1,1
2024-02-19 15:16:30.000,18666,18667,18667,1,1
2024-02-19 15:16:30.000,18666,18667,18667,1,1
2024-02-19 15:16:30.000,18666,18667,18667,1,1
2024-02-19 15:16:31.000,18666,18667,18666,3,-3
2024-02-19 15:16:37.000,18666,18667,18666,1,-1
2024-02-19 15:16:44.000,18665,18666,18665,1,-1
2024-02-19 15:16:44.000,18665,18666,18665,1,-1
2024-02-19 15:16:44.000,18665,18666,18665,3,-3
2024-02-19 15:16:44.000,18665,18666,18665,1,-1
2024-02-19 15:16:44.000,18665,18666,18665,1,-1
2024-02-19 15:16:44.000,18665,18666,18665,1,-1
2024-02-19 15:16:44.000,18665,18666,18665,5,-5
2024-02-19 15:16:44.000,18665,18666,18665,6,-6
2024-02-19 15:16:44.000,18665,18666,18665,1,-1
2024-02-19 15:16:44.000,18665,18666,18664,3,-3
2024-02-19 15:16:44.000,18664,18665,18665,1,1
2024-02-19 15:16:46.000,18664,18665,18664,13,-13
2024-02-19 15:16:51.000,18664,18665,18664,1,-1
2024-02-19 15:16:54.000,18663,18665,18663,1,-1
2024-02-19 15:16:55.000,18663,18665,18663,1,-1
2024-02-19 15:16:55.000,18663,18665,18663,2,-2
2024-02-19 15:17:00.000,18663,18664,18663,1,-1
2024-02-19 15:17:02.000,18663,18664,18664,1,1
2024-02-19 15:17:03.000,18663,18665,18663,1,-1
2024-02-19 15:17:09.000,18664,18666,18665,1,-1
2024-02-19 15:17:13.000,18664,18666,18664,1,-1
2024-02-19 15:17:14.000,18664,18666,18665,1,-1
2024-02-19 15:17:18.000,18664,18665,18664,2,-2
2024-02-19 15:17:18.000,18664,18665,18664,1,-1
2024-02-19 15:17:19.000,18663,18665,18663,1,-1
2024-02-19 15:17:36.000,18664,18665,18664,1,-1
2024-02-19 15:17:53.000,18663,18664,18664,1,1
2024-02-19 15:17:55.000,18663,18664,18664,1,1
2024-02-19 15:17:57.000,18663,18664,18663,12,-12
2024-02-19 15:18:05.000,18662,18663,18662,30,-30
2024-02-19 15:18:06.000,18661,18662,18661,1,-1
2024-02-19 15:18:08.000,18661,18662,18661,2,-2
2024-02-19 15:18:08.000,18661,18662,18661,3,-3
2024-02-19 15:18:09.000,18661,18662,18660,1,-1
2024-02-19 15:18:09.000,18661,18662,18661,3,-3
2024-02-19 15:18:11.000,18660,18662,18660,2,-2
2024-02-19 15:18:11.000,18660,18662,18660,1,-1
2024-02-19 15:18:13.000,18660,18661,18660,32,-32
2024-02-19 15:18:13.000,18659,18660,18660,2,2
2024-02-19 15:18:15.000,18659,18660,18660,1,1
2024-02-19 15:18:16.000,18659,18660,18660,1,1
2024-02-19 15:18:19.000,18659,18660,18659,2,-2
2024-02-19 15:18:19.000,18659,18660,18660,1,1
2024-02-19 15:18:19.000,18659,18660,18659,4,-4
2024-02-19 15:18:23.000,18659,18660,18659,1,-1
2024-02-19 15:18:24.000,18659,18660,18659,1,-1
2024-02-19 15:18:24.000,18659,18660,18659,1,-1
2024-02-19 15:18:32.000,18659,18660,18660,1,1
2024-02-19 15:18:32.000,18659,18660,18660,1,1
2024-02-19 15:18:35.000,18659,18661,18659,5,-5
2024-02-19 15:18:45.000,18660,18661,18661,1,1
2024-02-19 15:18:47.000,18660,18661,18661,1,1
2024-02-19 15:18:48.000,18660,18661,18660,1,-1
2024-02-19 15:18:52.000,18660,18661,18661,1,1
2024-02-19 15:18:54.000,18660,18661,18660,4,-4
2024-02-19 15:18:56.000,18660,18661,18661,13,13
2024-02-19 15:18:58.000,18660,18662,18660,3,-3
2024-02-19 15:19:00.000,18660,18661,18660,1,-1
2024-02-19 15:19:01.000,18660,18661,18660,1,-1
2024-02-19 15:19:01.000,18660,18661,18660,1,-1
2024-02-19 15:19:01.000,18660,18661,18661,1,1
2024-02-19 15:19:05.000,18660,18661,18660,1,-1
2024-02-19 15:19:06.000,18660,18661,18660,1,-1
2024-02-19 15:19:06.000,18660,18661,18661,1,1
2024-02-19 15:19:07.000,18660,18661,18661,1,1
2024-02-19 15:19:08.000,18660,18661,18661,1,1
2024-02-19 15:19:08.000,18660,18661,18661,2,2
2024-02-19 15:19:08.000,18660,18661,18661,1,1
2024-02-19 15:19:12.000,18661,18662,18662,1,1
2024-02-19 15:19:12.000,18661,18662,18662,1,1
2024-02-19 15:19:15.000,18661,18662,18662,1,1
2024-02-19 15:19:18.000,18661,18662,18662,1,1
2024-02-19 15:19:25.000,18661,18662,18661,1,-1
2024-02-19 15:19:25.000,18660,18662,18662,1,1
2024-02-19 15:19:29.000,18660,18661,18661,1,1
2024-02-19 15:19:32.000,18660,18661,18661,5,5
2024-02-19 15:19:38.000,18661,18662,18661,1,-1
2024-02-19 15:19:39.000,18661,18662,18661,1,-1
2024-02-19 15:19:40.000,18661,18662,18661,1,-1
2024-02-19 15:19:44.000,18661,18662,18662,1,1
2024-02-19 15:19:44.000,18661,18662,18662,1,1
2024-02-19 15:19:44.000,18661,18662,18662,8,8
2024-02-19 15:19:44.000,18661,18662,18662,1,1
2024-02-19 15:19:44.000,18661,18662,18662,2,2
2024-02-19 15:19:44.000,18661,18662,18662,1,1
2024-02-19 15:19:49.000,18661,18662,18661,1,-1
2024-02-19 15:20:00.000,18661,18662,18662,2,2
2024-02-19 15:20:00.000,18661,18662,18662,1,1
2024-02-19 15:20:00.000,18661,18662,18662,1,1
2024-02-19 15:20:00.000,18661,18662,18662,1,1
2024-02-19 15:20:00.000,18662,18663,18662,1,-1
2024-02-19 15:20:00.000,18662,18663,18662,1,-1
2024-02-19 15:20:00.000,18662,18663,18662,1,-1
2024-02-19 15:20:01.000,18662,18663,18663,2,2
2024-02-19 15:20:04.000,18662,18663,18663,2,2
2024-02-19 15:20:08.000,18662,18663,18663,3,3
2024-02-19 15:20:16.000,18662,18663,18663,1,1
2024-02-19 15:20:16.000,18663,18664,18663,1,-1
2024-02-19 15:20:24.000,18663,18664,18663,1,-1
2024-02-19 15:20:24.000,18663,18664,18663,1,-1
2024-02-19 15:20:25.000,18663,18664,18663,1,-1
2024-02-19 15:20:26.000,18662,18663,18663,1,1
2024-02-19 15:20:28.000,18662,18663,18663,1,1
2024-02-19 15:20:28.000,18662,18663,18663,1,1
2024-02-19 15:20:33.000,18662,18663,18663,1,1
2024-02-19 15:20:39.000,18663,18664,18663,2,-2
2024-02-19 15:20:40.000,18662,18664,18664,1,1
2024-02-19 15:20:40.000,18662,18664,18664,1,1
2024-02-19 15:20:43.000,18663,18664,18664,1,1
2024-02-19 15:20:45.000,18663,18664,18663,1,-1
2024-02-19 15:20:52.000,18663,18664,18663,3,-3
2024-02-19 15:20:52.000,18663,18664,18664,1,1
2024-02-19 15:21:06.000,18663,18664,18664,1,1
2024-02-19 15:21:06.000,18663,18664,18664,2,2
2024-02-19 15:21:19.000,18663,18664,18664,1,1
2024-02-19 15:21:26.000,18663,18664,18663,1,-1
2024-02-19 15:21:33.000,18662,18663,18663,1,1
2024-02-19 15:21:48.000,18662,18663,18663,1,1
2024-02-19 15:22:01.000,18662,18663,18662,1,-1
2024-02-19 15:22:04.000,18662,18663,18663,1,1
2024-02-19 15:22:26.000,18663,18664,18663,3,-3
2024-02-19 15:22:32.000,18663,18664,18663,1,-1
2024-02-19 15:22:55.000,18663,18664,18663,1,-1
2024-02-19 15:22:55.000,18663,18664,18663,3,-3
2024-02-19 15:22:57.000,18662,18663,18662,9,-9
2024-02-19 15:23:02.000,18661,18662,18661,1,-1
2024-02-19 15:23:06.000,18661,18662,18661,1,-1
2024-02-19 15:23:06.000,18661,18662,18661,1,-1
2024-02-19 15:23:06.000,18661,18662,18661,1,-1
2024-02-19 15:23:06.000,18661,18662,18661,19,-19
2024-02-19 15:23:06.000,18661,18662,18661,6,-6
2024-02-19 15:23:06.000,18661,18662,18661,3,-3
2024-02-19 15:23:24.000,18660,18661,18661,1,1
2024-02-19 15:23:26.000,18660,18661,18661,1,1
2024-02-19 15:23:30.000,18660,18661,18660,1,-1
2024-02-19 15:23:40.000,18660,18661,18661,1,1
2024-02-19 15:23:53.000,18660,18661,18661,1,1
2024-02-19 15:23:57.000,18660,18661,18660,14,-14
2024-02-19 15:24:00.000,18659,18660,18658,2,-2
2024-02-19 15:24:00.000,18659,18660,18659,3,-3
2024-02-19 15:24:00.000,18658,18660,18658,20,-20
2024-02-19 15:24:00.000,18658,18660,18658,1,-1
2024-02-19 15:24:00.000,18658,18660,18658,2,-2
2024-02-19 15:24:00.000,18658,18659,18658,3,-3
2024-02-19 15:24:13.000,18658,18659,18658,4,-4
2024-02-19 15:24:14.000,18658,18659,18659,1,1
2024-02-19 15:24:28.000,18659,18660,18659,1,-1
2024-02-19 15:24:32.000,18658,18659,18659,1,1
2024-02-19 15:24:38.000,18659,18660,18660,1,1
2024-02-19 15:24:47.000,18659,18660,18659,7,-7
2024-02-19 15:24:49.000,18659,18660,18660,1,1
2024-02-19 15:24:52.000,18659,18660,18660,5,5
2024-02-19 15:25:01.000,18659,18660,18659,1,-1
2024-02-19 15:25:05.000,18659,18660,18660,2,2
2024-02-19 15:25:07.000,18659,18660,18659,1,-1
2024-02-19 15:25:10.000,18659,18660,18659,1,-1
2024-02-19 15:25:14.000,18658,18660,18658,1,-1
2024-02-19 15:25:30.000,18659,18660,18659,2,-2
2024-02-19 15:25:33.000,18659,18660,18659,1,-1
2024-02-19 15:25:35.000,18659,18660,18660,12,12
2024-02-19 15:25:47.000,18660,18661,18661,1,1
2024-02-19 15:25:48.000,18660,18661,18661,1,1
2024-02-19 15:25:48.000,18660,18661,18661,2,2
2024-02-19 15:25:58.000,18661,18662,18662,1,1
2024-02-19 15:26:00.000,18661,18662,18662,1,1
2024-02-19 15:26:06.000,18661,18662,18661,1,-1
2024-02-19 15:26:07.000,18661,18662,18661,1,-1
2024-02-19 15:26:09.000,18660,18662,18660,1,-1
2024-02-19 15:26:27.000,18661,18662,18661,1,-1
2024-02-19 15:26:28.000,18661,18662,18661,2,-2
2024-02-19 15:26:34.000,18661,18662,18662,2,2
2024-02-19 15:26:37.000,18661,18662,18662,1,1
2024-02-19 15:26:43.000,18661,18662,18662,1,1
2024-02-19 15:26:44.000,18661,18662,18662,1,1
2024-02-19 15:27:00.000,18661,18663,18661,1,-1
2024-02-19 15:27:07.000,18661,18663,18661,1,-1
2024-02-19 15:27:09.000,18661,18662,18662,1,1
2024-02-19 15:27:11.000,18661,18662,18662,2,2
2024-02-19 15:27:21.000,18662,18663,18663,1,1
2024-02-19 15:27:32.000,18661,18662,18662,1,1
2024-02-19 15:27:33.000,18661,18662,18662,1,1
2024-02-19 15:27:38.000,18661,18663,18661,4,-4
2024-02-19 15:28:00.000,18661,18662,18661,1,-1
2024-02-19 15:28:09.000,18661,18662,18662,1,1
2024-02-19 15:28:09.000,18661,18662,18662,1,1
2024-02-19 15:28:12.000,18661,18663,18661,1,-1
2024-02-19 15:28:20.000,18662,18663,18662,1,-1
2024-02-19 15:28:32.000,18662,18663,18662,1,-1
2024-02-19 15:28:50.000,18662,18663,18663,1,1
2024-02-19 15:28:50.000,18662,18663,18663,1,1
2024-02-19 15:28:54.000,18662,18663,18663,1,1
2024-02-19 15:29:02.000,18663,18664,18663,6,-6
2024-02-19 15:29:02.000,18662,18664,18664,1,1
2024-02-19 15:29:03.000,18662,18664,18662,2,-2
2024-02-19 15:29:13.000,18661,18663,18661,1,-1
2024-02-19 15:29:17.000,18661,18663,18661,1,-1
2024-02-19 15:29:22.000,18661,18663,18663,2,2
2024-02-19 15:29:32.000,18662,18663,18663,1,1
2024-02-19 15:29:47.000,18663,18664,18663,2,-2
2024-02-19 15:29:48.000,18663,18664,18663,2,-2
2024-02-19 15:30:00.000,18662,18664,18662,1,-1
2024-02-19 15:30:01.000,18662,18664,18662,2,-2
2024-02-19 15:30:01.000,18662,18664,18662,1,-1
2024-02-19 15:30:01.000,18662,18664,18662,2,-2
2024-02-19 15:30:02.000,18662,18663,18662,2,-2
2024-02-19 15:30:02.000,18662,18663,18662,3,-3
2024-02-19 15:30:02.000,18662,18663,18662,1,-1
2024-02-19 15:30:32.000,18661,18662,18661,3,-3
2024-02-19 15:30:36.000,18661,18662,18662,1,1
2024-02-19 15:30:36.000,18661,18662,18662,2,2
2024-02-19 15:30:52.000,18662,18663,18663,3,3
2024-02-19 15:30:59.000,18662,18663,18662,1,-1
2024-02-19 15:31:07.000,18661,18662,18661,1,-1
2024-02-19 15:31:07.000,18661,18662,18661,2,-2
2024-02-19 15:31:07.000,18661,18662,18661,3,-3
2024-02-19 15:31:39.000,18661,18662,18661,2,-2
2024-02-19 15:31:39.000,18661,18662,18661,5,-5
2024-02-19 15:31:39.000,18661,18662,18661,1,-1
2024-02-19 15:31:39.000,18661,18662,18661,1,-1
2024-02-19 15:31:42.000,18660,18661,18660,1,-1
2024-02-19 15:31:42.000,18660,18661,18660,2,-2
2024-02-19 15:31:42.000,18660,18661,18660,1,-1
2024-02-19 15:31:42.000,18660,18661,18660,1,-1
2024-02-19 15:31:42.000,18660,18661,18660,3,-3
2024-02-19 15:31:42.000,18660,18661,18659,7,-7
2024-02-19 15:31:42.000,18658,18660,18660,1,1
2024-02-19 15:31:49.000,18658,18659,18659,1,1
2024-02-19 15:31:49.000,18658,18659,18659,1,1
2024-02-19 15:31:50.000,18658,18660,18658,1,-1
2024-02-19 15:31:50.000,18658,18660,18658,2,-2
2024-02-19 15:31:50.000,18658,18660,18658,1,-1
2024-02-19 15:31:50.000,18658,18660,18658,6,-6
2024-02-19 15:31:50.000,18658,18660,18658,1,-1
2024-02-19 15:31:50.000,18658,18660,18658,1,-1
2024-02-19 15:31:50.000,18658,18660,18658,7,-7
2024-02-19 15:31:50.000,18658,18659,18658,1,-1
2024-02-19 15:31:50.000,18658,18659,18658,1,-1
2024-02-19 15:31:50.000,18658,18659,18657,1,-1
2024-02-19 15:31:50.000,18658,18659,18658,1,-1
2024-02-19 15:31:50.000,18658,18659,18658,1,-1
2024-02-19 15:31:50.000,18657,18658,18657,1,-1
2024-02-19 15:31:50.000,18657,18659,18657,1,-1
2024-02-19 15:31:52.000,18658,18660,18658,1,-1
2024-02-19 15:31:59.000,18658,18659,18659,1,1
2024-02-19 15:32:00.000,18658,18660,18658,1,-1
2024-02-19 15:32:01.000,18659,18660,18660,1,1
2024-02-19 15:32:05.000,18659,18660,18659,2,-2
2024-02-19 15:32:06.000,18659,18660,18660,1,1
2024-02-19 15:32:13.000,18659,18661,18660,1,1
2024-02-19 15:32:13.000,18659,18660,18659,1,-1
2024-02-19 15:32:16.000,18659,18660,18659,1,-1
2024-02-19 15:32:21.000,18659,18660,18659,1,-1
2024-02-19 15:32:35.000,18659,18661,18659,2,-2
2024-02-19 15:32:48.000,18660,18661,18661,2,2
2024-02-19 15:32:56.000,18661,18662,18662,1,1
2024-02-19 15:33:01.000,18661,18663,18663,1,1
2024-02-19 15:33:01.000,18661,18663,18661,2,-2
2024-02-19 15:33:09.000,18661,18662,18661,2,-2
2024-02-19 15:33:24.000,18661,18662,18661,1,-1
2024-02-19 15:33:49.000,18661,18662,18662,1,1
2024-02-19 15:34:01.000,18662,18663,18662,1,-1
2024-02-19 15:34:07.000,18662,18663,18662,1,-1
2024-02-19 15:34:23.000,18662,18663,18663,1,1
2024-02-19 15:34:36.000,18662,18663,18663,1,1
2024-02-19 15:34:43.000,18662,18663,18663,2,2
2024-02-19 15:34:46.000,18662,18663,18663,1,1
2024-02-19 15:34:46.000,18662,18663,18663,3,3
2024-02-19 15:34:47.000,18662,18664,18662,1,-1
2024-02-19 15:34:54.000,18663,18664,18664,1,1
2024-02-19 15:34:55.000,18663,18664,18663,1,-1
2024-02-19 15:35:01.000,18663,18664,18663,1,-1
2024-02-19 15:35:08.000,18663,18664,18664,2,2
2024-02-19 15:35:08.000,18663,18664,18664,1,1
2024-02-19 15:35:08.000,18663,18664,18664,1,1
2024-02-19 15:35:18.000,18663,18664,18664,1,1
2024-02-19 15:35:33.000,18663,18664,18664,1,1
2024-02-19 15:35:34.000,18663,18665,18663,1,-1
2024-02-19 15:35:36.000,18663,18665,18663,15,-15
2024-02-19 15:35:37.000,18662,18664,18664,1,1
2024-02-19 15:35:39.000,18662,18663,18663,1,1
2024-02-19 15:35:49.000,18663,18664,18664,1,1
2024-02-19 15:36:00.000,18663,18664,18664,2,2
2024-02-19 15:36:13.000,18664,18665,18665,7,7
2024-02-19 15:36:13.000,18664,18665,18665,1,1
2024-02-19 15:36:13.000,18664,18665,18665,2,2
2024-02-19 15:36:14.000,18665,18666,18665,1,-1
2024-02-19 15:36:15.000,18665,18666,18666,2,2
2024-02-19 15:36:15.000,18665,18667,18667,4,4
2024-02-19 15:36:25.000,18665,18666,18666,1,1
2024-02-19 15:36:28.000,18665,18666,18665,1,-1
2024-02-19 15:36:56.000,18664,18665,18664,2,-2
2024-02-19 15:37:01.000,18664,18665,18664,1,-1
2024-02-19 15:37:13.000,18664,18665,18664,1,-1
2024-02-19 15:37:21.000,18664,18665,18664,1,-1
2024-02-19 15:37:47.000,18664,18665,18665,2,2
2024-02-19 15:38:17.000,18665,18666,18665,1,-1
2024-02-19 15:38:23.000,18665,18666,18666,1,1
2024-02-19 15:38:23.000,18665,18666,18666,1,1
2024-02-19 15:38:23.000,18665,18666,18666,1,1
2024-02-19 15:38:30.000,18666,18667,18667,1,1
2024-02-19 15:38:49.000,18665,18666,18666,3,3
2024-02-19 15:39:00.000,18665,18666,18665,1,-1
2024-02-19 15:39:02.000,18665,18666,18665,1,-1
2024-02-19 15:39:03.000,18665,18666,18666,1,1
2024-02-19 15:39:05.000,18665,18666,18665,1,-1
2024-02-19 15:39:09.000,18665,18666,18665,3,-3
2024-02-19 15:39:11.000,18664,18665,18665,1,1
2024-02-19 15:39:12.000,18664,18665,18665,1,1
2024-02-19 15:39:13.000,18665,18666,18665,1,-1
2024-02-19 15:39:26.000,18665,18666,18665,1,-1
2024-02-19 15:39:26.000,18665,18666,18665,2,-2
2024-02-19 15:39:29.000,18664,18665,18664,1,-1
2024-02-19 15:40:01.000,18663,18664,18664,1,1
2024-02-19 15:40:09.000,18663,18664,18664,1,1
2024-02-19 15:40:23.000,18664,18665,18664,1,-1
2024-02-19 15:40:32.000,18664,18665,18664,4,-4
2024-02-19 15:40:33.000,18664,18665,18664,1,-1
2024-02-19 15:40:35.000,18664,18665,18664,1,-1
2024-02-19 15:40:55.000,18664,18665,18664,1,-1
2024-02-19 15:41:01.000,18664,18665,18664,1,-1
2024-02-19 15:41:24.000,18664,18665,18665,1,1
2024-02-19 15:41:31.000,18664,18665,18665,1,1
2024-02-19 15:41:35.000,18664,18665,18665,1,1
2024-02-19 15:41:40.000,18664,18665,18665,2,2
2024-02-19 15:41:42.000,18664,18665,18665,1,1
2024-02-19 15:41:42.000,18664,18665,18665,1,1
2024-02-19 15:41:42.000,18664,18665,18665,1,1
2024-02-19 15:41:42.000,18664,18665,18665,1,1
2024-02-19 15:41:42.000,18664,18665,18665,1,1
2024-02-19 15:41:42.000,18664,18665,18665,1,1
2024-02-19 15:41:42.000,18664,18665,18665,2,2
2024-02-19 15:41:54.000,18665,18666,18665,1,-1
2024-02-19 15:42:00.000,18665,18666,18666,2,2
2024-02-19 15:42:00.000,18665,18666,18667,2,2
2024-02-19 15:42:00.000,18665,18667,18666,1,1
2024-02-19 15:42:11.000,18666,18667,18666,1,-1
2024-02-19 15:42:11.000,18666,18667,18666,1,-1
2024-02-19 15:42:11.000,18666,18667,18666,4,-4
2024-02-19 15:42:20.000,18666,18667,18667,1,1
2024-02-19 15:42:22.000,18666,18667,18666,1,-1
2024-02-19 15:42:48.000,18666,18667,18667,1,1
2024-02-19 15:42:49.000,18666,18667,18667,1,1
2024-02-19 15:42:52.000,18666,18667,18667,1,1
2024-02-19 15:43:05.000,18666,18667,18667,1,1
2024-02-19 15:43:11.000,18666,18667,18667,1,1
2024-02-19 15:43:24.000,18666,18667,18667,1,1
2024-02-19 15:43:35.000,18667,18668,18668,4,4
2024-02-19 15:43:35.000,18667,18668,18668,1,1
2024-02-19 15:43:39.000,18667,18668,18667,2,-2
2024-02-19 15:43:39.000,18667,18668,18667,2,-2
2024-02-19 15:43:40.000,18666,18667,18667,3,3
2024-02-19 15:43:52.000,18666,18668,18668,2,2
2024-02-19 15:44:00.000,18667,18668,18668,3,3
2024-02-19 15:44:00.000,18667,18668,18667,1,-1
2024-02-19 15:44:00.000,18667,18668,18668,1,1
2024-02-19 15:44:56.000,18667,18668,18668,1,1
2024-02-19 15:44:59.000,18667,18668,18668,1,1
2024-02-19 15:45:55.000,18667,18668,18668,1,1
2024-02-19 15:45:55.000,18667,18668,18668,1,1
2024-02-19 15:46:00.000,18667,18668,18667,12,-12
2024-02-19 15:46:00.000,18666,18667,18666,1,-1
2024-02-19 15:46:00.000,18666,18667,18667,2,2
2024-02-19 15:46:00.000,18666,18667,18666,5,-5
2024-02-19 15:46:00.000,18666,18667,18666,1,-1
2024-02-19 15:46:18.000,18665,18666,18665,2,-2
2024-02-19 15:46:18.000,18665,18666,18665,6,-6
2024-02-19 15:46:19.000,18664,18665,18664,1,-1
2024-02-19 15:46:40.000,18663,18664,18663,1,-1
2024-02-19 15:46:43.000,18663,18664,18664,1,1
2024-02-19 15:46:58.000,18665,18666,18665,2,-2
2024-02-19 15:46:58.000,18665,18666,18665,1,-1
2024-02-19 15:47:01.000,18664,18666,18664,1,-1
2024-02-19 15:47:29.000,18664,18665,18664,1,-1
2024-02-19 15:47:32.000,18664,18665,18664,1,-1
2024-02-19 15:47:43.000,18664,18665,18664,1,-1
2024-02-19 15:47:44.000,18664,18665,18664,1,-1
2024-02-19 15:48:00.000,18663,18665,18663,1,-1
2024-02-19 15:48:00.000,18663,18665,18664,1,-1
2024-02-19 15:48:14.000,18663,18664,18663,1,-1
2024-02-19 15:48:14.000,18663,18664,18663,1,-1
2024-02-19 15:48:14.000,18663,18664,18663,2,-2
2024-02-19 15:48:17.000,18662,18663,18663,1,1
2024-02-19 15:48:49.000,18662,18663,18663,1,1
2024-02-19 15:48:52.000,18662,18663,18662,1,-1
2024-02-19 15:48:52.000,18662,18663,18662,1,-1
2024-02-19 15:48:52.000,18662,18663,18662,1,-1
2024-02-19 15:48:52.000,18662,18663,18662,1,-1
2024-02-19 15:48:52.000,18662,18663,18662,1,-1
2024-02-19 15:48:52.000,18662,18663,18662,1,-1
2024-02-19 15:48:54.000,18661,18662,18662,1,1
2024-02-19 15:49:00.000,18661,18662,18661,1,-1
2024-02-19 15:49:00.000,18661,18662,18661,1,-1
2024-02-19 15:49:00.000,18661,18662,18662,1,1
2024-02-19 15:49:06.000,18661,18662,18661,1,-1
2024-02-19 15:49:11.000,18661,18662,18661,1,-1
2024-02-19 15:49:13.000,18661,18662,18661,1,-1
2024-02-19 15:49:30.000,18661,18662,18662,4,4
2024-02-19 15:49:34.000,18661,18662,18662,1,1
2024-02-19 15:49:34.000,18661,18662,18662,1,1
2024-02-19 15:49:36.000,18662,18663,18662,5,-5
2024-02-19 15:49:38.000,18661,18662,18662,2,2
2024-02-19 15:49:41.000,18661,18662,18662,1,1
2024-02-19 15:49:54.000,18661,18662,18661,1,-1
2024-02-19 15:49:54.000,18661,18662,18661,1,-1
2024-02-19 15:49:54.000,18661,18662,18661,2,-2
2024-02-19 15:49:54.000,18661,18662,18661,2,-2
2024-02-19 15:49:55.000,18660,18661,18661,1,1
2024-02-19 15:49:59.000,18660,18661,18661,1,1
2024-02-19 15:50:00.000,18660,18661,18661,1,1
2024-02-19 15:50:08.000,18660,18662,18660,1,-1
2024-02-19 15:50:13.000,18661,18662,18661,4,-4
2024-02-19 15:50:21.000,18661,18662,18661,1,-1
2024-02-19 15:50:28.000,18661,18662,18662,1,1
2024-02-19 15:50:57.000,18662,18663,18662,4,-4
2024-02-19 15:51:00.000,18661,18663,18661,1,-1
2024-02-19 15:51:41.000,18662,18663,18661,1,-1
2024-02-19 15:51:41.000,18662,18663,18662,3,-3
2024-02-19 15:51:43.000,18662,18663,18662,1,-1
2024-02-19 15:51:43.000,18661,18662,18662,1,1
2024-02-19 15:51:46.000,18661,18662,18662,1,1
2024-02-19 15:52:00.000,18661,18662,18661,1,-1
2024-02-19 15:52:22.000,18661,18662,18662,3,3
2024-02-19 15:52:57.000,18662,18663,18662,1,-1
2024-02-19 15:53:14.000,18662,18663,18662,1,-1
2024-02-19 15:53:34.000,18661,18662,18661,1,-1
2024-02-19 15:54:00.000,18661,18662,18661,1,-1
2024-02-19 15:54:05.000,18661,18662,18662,1,1
2024-02-19 15:54:05.000,18661,18662,18662,1,1
2024-02-19 15:54:10.000,18662,18663,18662,1,-1
2024-02-19 15:54:54.000,18662,18663,18663,1,1
2024-02-19 15:54:55.000,18662,18663,18662,1,-1
2024-02-19 15:55:00.000,18661,18662,18661,1,-1
2024-02-19 15:55:00.000,18661,18662,18661,7,-7
2024-02-19 15:55:07.000,18660,18661,18660,1,-1
2024-02-19 15:55:15.000,18660,18661,18660,10,-10
2024-02-19 15:55:15.000,18660,18661,18660,1,-1
2024-02-19 15:55:15.000,18660,18661,18660,1,-1
2024-02-19 15:55:15.000,18660,18661,18660,1,-1
2024-02-19 15:55:15.000,18660,18661,18660,1,-1
2024-02-19 15:55:37.000,18659,18660,18660,1,1
2024-02-19 15:55:49.000,18659,18660,18659,2,-2
2024-02-19 15:55:49.000,18659,18660,18658,2,-2
2024-02-19 15:55:49.000,18659,18660,18659,2,-2
2024-02-19 15:55:55.000,18659,18660,18659,1,-1
2024-02-19 15:55:56.000,18659,18660,18659,1,-1
2024-02-19 15:55:57.000,18659,18660,18659,1,-1
2024-02-19 15:56:02.000,18658,18659,18659,1,1
2024-02-19 15:56:05.000,18658,18659,18659,1,1
2024-02-19 15:56:05.000,18658,18659,18659,3,3
2024-02-19 15:56:27.000,18659,18660,18659,7,-7
2024-02-19 15:56:50.000,18658,18659,18658,1,-1
2024-02-19 15:56:55.000,18658,18659,18659,3,3
2024-02-19 15:56:58.000,18658,18659,18658,1,-1
2024-02-19 15:57:00.000,18658,18659,18659,4,4
2024-02-19 15:57:00.000,18658,18659,18658,1,-1
2024-02-19 15:57:03.000,18658,18660,18658,1,-1
2024-02-19 15:57:07.000,18658,18660,18658,1,-1
2024-02-19 15:57:08.000,18658,18660,18658,1,-1
2024-02-19 15:57:16.000,18658,18660,18660,1,1
2024-02-19 15:57:20.000,18659,18660,18659,1,-1
2024-02-19 15:57:31.000,18659,18660,18660,1,1
2024-02-19 15:57:33.000,18659,18660,18659,3,-3
2024-02-19 15:57:42.000,18659,18660,18659,1,-1
2024-02-19 15:57:47.000,18659,18660,18660,3,3
2024-02-19 15:57:47.000,18659,18660,18660,1,1
2024-02-19 15:57:47.000,18659,18660,18660,11,11
2024-02-19 15:57:47.000,18659,18660,18661,3,3
2024-02-19 15:57:53.000,18660,18662,18660,2,-2
2024-02-19 15:58:01.000,18660,18662,18660,1,-1
2024-02-19 15:58:02.000,18660,18662,18660,3,-3
2024-02-19 15:58:27.000,18659,18660,18659,1,-1
2024-02-19 15:58:32.000,18658,18660,18659,1,-1
2024-02-19 15:58:52.000,18659,18660,18660,9,9
2024-02-19 15:58:52.000,18659,18660,18660,3,3
2024-02-19 15:59:11.000,18659,18660,18660,1,1
2024-02-19 15:59:19.000,18659,18660,18660,1,1
2024-02-19 15:59:44.000,18660,18662,18660,3,-3
2024-02-19 15:59:46.000,18660,18662,18660,3,-3
2024-02-19 15:59:55.000,18660,18661,18660,1,-1
2024-02-19 15:59:55.000,18660,18661,18659,1,-1
2024-02-19 15:59:55.000,18659,18660,18659,1,-1
2024-02-19 15:59:59.000,18659,18661,18659,1,-1
2024-02-19 16:00:00.000,18659,18661,18659,1,-1
2024-02-19 16:00:00.000,18659,18661,18661,6,6
2024-02-19 16:00:00.000,18659,18661,18661,2,2
2024-02-19 16:00:00.000,18661,18662,18661,1,-1
2024-02-19 16:00:00.000,18661,18662,18660,1,-1
2024-02-19 16:00:00.000,18661,18662,18660,1,-1
2024-02-19 16:00:00.000,18661,18662,18659,1,-1
2024-02-19 16:00:00.000,18659,18661,18659,1,-1
2024-02-19 16:00:00.000,18659,18661,18661,2,2
2024-02-19 16:00:00.000,18659,18661,18659,1,-1
2024-02-19 16:00:00.000,18659,18661,18660,1,-1
2024-02-19 16:00:00.000,18660,18662,18662,1,1
2024-02-19 16:00:00.000,18660,18662,18660,1,-1
2024-02-19 16:00:03.000,18660,18662,18660,2,-2
2024-02-19 16:00:03.000,18660,18662,18660,2,-2
2024-02-19 16:00:03.000,18660,18662,18662,2,2
2024-02-19 16:00:05.000,18661,18662,18661,5,-5
2024-02-19 16:00:11.000,18661,18662,18661,1,-1
2024-02-19 16:00:18.000,18661,18662,18662,1,1
2024-02-19 16:00:18.000,18661,18662,18662,2,2
2024-02-19 16:00:18.000,18661,18662,18662,2,2
2024-02-19 16:00:19.000,18661,18663,18661,2,-2
2024-02-19 16:00:38.000,18661,18662,18662,1,1
2024-02-19 16:00:42.000,18662,18663,18662,1,-1
2024-02-19 16:00:43.000,18662,18663,18662,1,-1
2024-02-19 16:00:43.000,18662,18663,18663,1,1
2024-02-19 16:00:44.000,18662,18663,18663,1,1
2024-02-19 16:00:50.000,18663,18664,18664,1,1
2024-02-19 16:00:50.000,18663,18664,18664,2,2
2024-02-19 16:00:59.000,18663,18664,18664,1,1
2024-02-19 16:01:00.000,18663,18664,18663,1,-1
2024-02-19 16:01:00.000,18663,18664,18664,1,1
2024-02-19 16:01:00.000,18663,18664,18664,1,1
2024-02-19 16:01:04.000,18663,18664,18664,1,1
2024-02-19 16:01:04.000,18663,18664,18664,2,2
2024-02-19 16:01:13.000,18664,18665,18665,1,1
2024-02-19 16:01:13.000,18665,18666,18665,5,-5
2024-02-19 16:01:18.000,18664,18665,18665,1,1
2024-02-19 16:01:18.000,18664,18665,18665,1,1
2024-02-19 16:01:18.000,18664,18665,18665,1,1
2024-02-19 16:01:18.000,18664,18665,18665,1,1
2024-02-19 16:01:18.000,18664,18665,18665,1,1
2024-02-19 16:01:24.000,18665,18666,18666,1,1
2024-02-19 16:01:24.000,18665,18666,18666,1,1
2024-02-19 16:01:24.000,18665,18666,18666,1,1
2024-02-19 16:01:24.000,18665,18666,18666,2,2
2024-02-19 16:01:24.000,18665,18666,18666,1,1
2024-02-19 16:01:24.000,18665,18666,18667,4,4
2024-02-19 16:01:24.000,18666,18668,18666,1,-1
2024-02-19 16:01:36.000,18666,18667,18666,8,-8
2024-02-19 16:01:41.000,18665,18667,18667,2,2
2024-02-19 16:01:56.000,18665,18666,18666,1,1
2024-02-19 16:01:59.000,18665,18666,18665,3,-3
2024-02-19 16:01:59.000,18665,18666,18665,1,-1
2024-02-19 16:01:59.000,18665,18666,18665,1,-1
2024-02-19 16:01:59.000,18665,18666,18665,1,-1
2024-02-19 16:01:59.000,18665,18666,18665,1,-1
2024-02-19 16:01:59.000,18665,18666,18665,1,-1
2024-02-19 16:01:59.000,18665,18666,18665,1,-1
2024-02-19 16:02:02.000,18664,18666,18666,1,1
2024-02-19 16:02:02.000,18664,18665,18665,1,1
2024-02-19 16:02:05.000,18665,18666,18665,1,-1
2024-02-19 16:02:09.000,18664,18665,18665,1,1
2024-02-19 16:02:10.000,18664,18665,18664,2,-2
2024-02-19 16:02:25.000,18664,18665,18664,1,-1
2024-02-19 16:02:45.000,18664,18665,18664,1,-1
2024-02-19 16:02:49.000,18664,18665,18664,1,-1
2024-02-19 16:03:00.000,18664,18665,18664,1,-1
2024-02-19 16:03:00.000,18664,18665,18665,1,1
2024-02-19 16:03:01.000,18664,18665,18665,1,1
2024-02-19 16:03:18.000,18665,18666,18666,2,2
2024-02-19 16:03:32.000,18666,18667,18667,2,2
2024-02-19 16:04:00.000,18666,18668,18667,1,1
2024-02-19 16:04:01.000,18666,18668,18666,5,-5
2024-02-19 16:04:04.000,18666,18667,18667,1,1
2024-02-19 16:04:07.000,18666,18667,18666,1,-1
2024-02-19 16:04:07.000,18666,18667,18666,1,-1
2024-02-19 16:04:07.000,18666,18667,18666,1,-1
2024-02-19 16:04:07.000,18666,18667,18666,2,-2
2024-02-19 16:04:07.000,18666,18667,18666,1,-1
2024-02-19 16:04:08.000,18664,18666,18665,1,-1
2024-02-19 16:04:09.000,18664,18666,18666,3,3
2024-02-19 16:04:26.000,18664,18666,18664,29,-29
2024-02-19 16:04:26.000,18664,18666,18664,4,-4
2024-02-19 16:04:27.000,18665,18666,18666,4,4
2024-02-19 16:04:27.000,18664,18666,18666,1,1
2024-02-19 16:04:29.000,18664,18666,18664,22,-22
2024-02-19 16:04:46.000,18663,18664,18664,3,3
2024-02-19 16:04:46.000,18663,18664,18664,2,2
2024-02-19 16:04:46.000,18663,18664,18664,1,1
2024-02-19 16:04:46.000,18663,18664,18664,1,1
2024-02-19 16:04:46.000,18663,18664,18664,3,3
2024-02-19 16:04:46.000,18663,18664,18664,1,1
2024-02-19 16:04:46.000,18664,18665,18664,1,-1
2024-02-19 16:04:56.000,18664,18666,18664,1,-1
2024-02-19 16:05:15.000,18665,18666,18666,1,1
2024-02-19 16:05:15.000,18666,18667,18667,1,1
2024-02-19 16:05:15.000,18666,18668,18667,1,1
2024-02-19 16:05:15.000,18666,18668,18666,1,-1
2024-02-19 16:05:18.000,18666,18667,18666,1,-1
2024-02-19 16:05:28.000,18666,18667,18667,1,1
2024-02-19 16:06:00.000,18664,18666,18665,1,1
2024-02-19 16:06:01.000,18664,18666,18666,1,1
2024-02-19 16:06:01.000,18664,18666,18664,1,-1
2024-02-19 16:06:03.000,18664,18665,18664,2,-2
2024-02-19 16:06:03.000,18664,18665,18664,1,-1
2024-02-19 16:06:03.000,18664,18665,18664,2,-2
2024-02-19 16:06:11.000,18664,18665,18664,2,-2
2024-02-19 16:06:25.000,18663,18664,18664,1,1
2024-02-19 16:06:25.000,18663,18664,18664,4,4
2024-02-19 16:06:39.000,18664,18665,18665,1,1
2024-02-19 16:06:40.000,18665,18666,18665,1,-1
2024-02-19 16:06:50.000,18664,18666,18666,4,4
2024-02-19 16:06:54.000,18664,18665,18664,1,-1
2024-02-19 16:06:59.000,18663,18665,18663,10,-10
2024-02-19 16:07:00.000,18663,18664,18664,1,1
2024-02-19 16:07:00.000,18663,18665,18663,1,-1
2024-02-19 16:07:05.000,18663,18665,18663,10,-10
2024-02-19 16:07:19.000,18664,18665,18664,1,-1
2024-02-19 16:07:29.000,18663,18664,18663,1,-1
2024-02-19 16:07:32.000,18663,18664,18663,1,-1
2024-02-19 16:07:32.000,18663,18664,18663,1,-1
2024-02-19 16:07:32.000,18663,18664,18663,2,-2
2024-02-19 16:07:48.000,18662,18664,18662,1,-1
2024-02-19 16:08:14.000,18662,18663,18663,1,1
2024-02-19 16:08:14.000,18662,18663,18663,1,1
2024-02-19 16:08:23.000,18663,18664,18664,1,1
2024-02-19 16:08:23.000,18663,18664,18664,1,1
2024-02-19 16:08:23.000,18663,18664,18664,2,2
2024-02-19 16:08:23.000,18663,18664,18664,1,1
2024-02-19 16:08:42.000,18664,18665,18665,1,1
2024-02-19 16:08:49.000,18664,18665,18664,1,-1
2024-02-19 16:08:53.000,18664,18665,18664,3,-3
2024-02-19 16:08:59.000,18663,18664,18664,1,1
2024-02-19 16:09:00.000,18663,18665,18664,1,1
2024-02-19 16:09:45.000,18662,18664,18663,1,1
2024-02-19 16:10:00.000,18663,18664,18663,1,-1
2024-02-19 16:10:00.000,18663,18664,18662,1,-1
2024-02-19 16:10:00.000,18663,18664,18663,1,-1
2024-02-19 16:10:12.000,18662,18663,18663,1,1
2024-02-19 16:10:20.000,18662,18663,18663,1,1
2024-02-19 16:10:30.000,18662,18663,18663,1,1
2024-02-19 16:11:18.000,18664,18665,18665,2,2
2024-02-19 16:11:53.000,18665,18666,18666,1,1
2024-02-19 16:11:55.000,18665,18666,18666,1,1
2024-02-19 16:12:00.000,18665,18666,18665,1,-1
2024-02-19 16:12:00.000,18665,18666,18666,1,1
2024-02-19 16:12:04.000,18665,18666,18666,1,1
2024-02-19 16:12:10.000,18665,18666,18665,2,-2
2024-02-19 16:12:10.000,18665,18666,18665,1,-1
2024-02-19 16:12:16.000,18665,18666,18664,2,-2
2024-02-19 16:12:16.000,18665,18666,18665,1,-1
2024-02-19 16:12:38.000,18663,18664,18664,2,2
2024-02-19 16:12:38.000,18663,18664,18665,1,1
2024-02-19 16:12:49.000,18664,18666,18664,12,-12
2024-02-19 16:12:53.000,18664,18665,18664,3,-3
2024-02-19 16:13:05.000,18664,18665,18664,1,-1
2024-02-19 16:13:05.000,18664,18665,18664,1,-1
2024-02-19 16:13:42.000,18663,18664,18663,1,-1
2024-02-19 16:13:42.000,18663,18664,18663,1,-1
2024-02-19 16:13:42.000,18663,18664,18663,1,-1
2024-02-19 16:13:42.000,18663,18664,18663,2,-2
2024-02-19 16:14:00.000,18662,18663,18662,1,-1
2024-02-19 16:14:00.000,18662,18663,18663,1,1
2024-02-19 16:14:09.000,18662,18663,18662,2,-2
2024-02-19 16:14:09.000,18662,18663,18662,1,-1
2024-02-19 16:14:09.000,18662,18663,18662,6,-6
2024-02-19 16:14:09.000,18662,18663,18662,3,-3
2024-02-19 16:14:10.000,18661,18662,18662,1,1
2024-02-19 16:14:10.000,18661,18662,18662,1,1
2024-02-19 16:14:27.000,18662,18663,18662,10,-10
2024-02-19 16:14:41.000,18661,18662,18661,18,-18
2024-02-19 16:14:41.000,18660,18662,18662,1,1
2024-02-19 16:15:00.000,18661,18662,18661,1,-1
2024-02-19 16:15:07.000,18661,18662,18662,1,1
2024-02-19 16:15:07.000,18662,18663,18662,2,-2
2024-02-19 16:15:34.000,18662,18663,18663,1,1
2024-02-19 16:15:53.000,18662,18663,18662,2,-2
2024-02-19 16:16:06.000,18662,18663,18662,3,-3
2024-02-19 16:16:06.000,18661,18662,18661,1,-1
2024-02-19 16:16:11.000,18661,18662,18661,2,-2
2024-02-19 16:16:30.000,18660,18661,18661,1,1
2024-02-19 16:16:38.000,18660,18661,18661,1,1
2024-02-19 16:16:38.000,18660,18661,18660,2,-2
2024-02-19 16:16:46.000,18660,18661,18660,5,-5
2024-02-19 16:16:49.000,18660,18661,18660,2,-2
2024-02-19 16:16:53.000,18660,18661,18660,5,-5
2024-02-19 16:16:59.000,18660,18661,18660,1,-1
2024-02-19 16:17:00.000,18660,18661,18660,1,-1
2024-02-19 16:17:00.000,18659,18661,18659,2,-2
2024-02-19 16:17:00.000,18659,18661,18659,4,-4
2024-02-19 16:17:00.000,18659,18661,18659,1,-1
2024-02-19 16:17:09.000,18659,18660,18660,2,2
2024-02-19 16:17:09.000,18659,18661,18659,4,-4
2024-02-19 16:17:10.000,18659,18661,18659,3,-3
2024-02-19 16:17:19.000,18659,18660,18659,1,-1
2024-02-19 16:17:20.000,18659,18660,18659,4,-4
2024-02-19 16:17:21.000,18658,18660,18658,3,-3
2024-02-19 16:17:21.000,18659,18660,18659,1,-1
2024-02-19 16:17:22.000,18659,18660,18658,1,-1
2024-02-19 16:17:22.000,18659,18660,18659,1,-1
2024-02-19 16:17:23.000,18658,18659,18658,1,-1
2024-02-19 16:17:24.000,18658,18659,18659,1,1
2024-02-19 16:17:26.000,18658,18660,18658,2,-2
2024-02-19 16:17:30.000,18658,18660,18658,4,-4
2024-02-19 16:17:30.000,18658,18660,18658,2,-2
2024-02-19 16:17:31.000,18659,18660,18660,1,1
2024-02-19 16:17:40.000,18659,18660,18659,4,-4
2024-02-19 16:17:44.000,18659,18660,18660,1,1
2024-02-19 16:17:44.000,18659,18660,18660,1,1
2024-02-19 16:17:46.000,18659,18660,18660,2,2
2024-02-19 16:17:51.000,18659,18660,18660,1,1
2024-02-19 16:17:51.000,18659,18660,18660,1,1
2024-02-19 16:17:51.000,18659,18660,18660,1,1
2024-02-19 16:17:51.000,18659,18660,18660,1,1
2024-02-19 16:17:51.000,18659,18660,18660,1,1
2024-02-19 16:17:51.000,18659,18660,18660,3,3
2024-02-19 16:17:51.000,18659,18660,18660,1,1
2024-02-19 16:17:51.000,18659,18660,18660,2,2
2024-02-19 16:17:56.000,18660,18661,18660,2,-2
2024-02-19 16:18:00.000,18660,18661,18661,1,1
2024-02-19 16:18:00.000,18660,18661,18660,1,-1
2024-02-19 16:18:07.000,18660,18661,18660,3,-3
2024-02-19 16:18:18.000,18660,18661,18660,1,-1
2024-02-19 16:18:19.000,18659,18661,18659,3,-3
2024-02-19 16:18:27.000,18660,18661,18660,1,-1
2024-02-19 16:18:28.000,18659,18660,18659,2,-2
2024-02-19 16:18:34.000,18659,18660,18660,1,1
2024-02-19 16:18:37.000,18659,18660,18659,3,-3
2024-02-19 16:18:38.000,18659,18660,18660,3,3
2024-02-19 16:18:42.000,18659,18660,18660,4,4
2024-02-19 16:18:42.000,18659,18660,18660,1,1
2024-02-19 16:18:42.000,18659,18660,18660,1,1
2024-02-19 16:18:42.000,18659,18660,18660,1,1
2024-02-19 16:18:42.000,18659,18660,18660,1,1
2024-02-19 16:19:02.000,18659,18660,18659,2,-2
2024-02-19 16:19:06.000,18659,18660,18659,11,-11
2024-02-19 16:19:06.000,18658,18659,18658,1,-1
2024-02-19 16:19:13.000,18658,18659,18658,2,-2
2024-02-19 16:19:17.000,18658,18659,18659,1,1
2024-02-19 16:19:23.000,18658,18659,18658,2,-2
2024-02-19 16:19:28.000,18658,18659,18659,1,1
2024-02-19 16:19:28.000,18658,18659,18659,1,1
2024-02-19 16:19:30.000,18658,18659,18659,1,1
2024-02-19 16:19:31.000,18658,18659,18659,1,1
2024-02-19 16:19:40.000,18658,18659,18659,1,1
2024-02-19 16:19:40.000,18658,18659,18658,2,-2
2024-02-19 16:19:44.000,18658,18659,18658,10,-10
2024-02-19 16:19:47.000,18658,18659,18658,1,-1
2024-02-19 16:19:51.000,18658,18659,18658,2,-2
2024-02-19 16:19:57.000,18658,18659,18659,1,1
2024-02-19 16:20:00.000,18658,18659,18658,1,-1
2024-02-19 16:20:00.000,18658,18659,18659,1,1
2024-02-19 16:20:02.000,18658,18659,18659,1,1
2024-02-19 16:20:02.000,18658,18659,18659,1,1
2024-02-19 16:20:03.000,18658,18659,18659,1,1
2024-02-19 16:20:03.000,18658,18659,18659,4,4
2024-02-19 16:20:03.000,18659,18660,18659,2,-2
2024-02-19 16:20:17.000,18659,18660,18660,11,11
2024-02-19 16:20:20.000,18659,18660,18659,9,-9
2024-02-19 16:20:20.000,18659,18660,18660,4,4
2024-02-19 16:20:31.000,18658,18659,18659,1,1
2024-02-19 16:20:47.000,18658,18659,18659,1,1
2024-02-19 16:20:50.000,18658,18659,18659,1,1
2024-02-19 16:20:50.000,18658,18659,18659,1,1
2024-02-19 16:20:50.000,18658,18659,18659,1,1
2024-02-19 16:20:50.000,18658,18659,18659,1,1
2024-02-19 16:20:50.000,18658,18659,18659,1,1
2024-02-19 16:20:50.000,18658,18659,18659,1,1
2024-02-19 16:20:50.000,18658,18659,18659,1,1
2024-02-19 16:21:01.000,18659,18660,18659,1,-1
2024-02-19 16:21:08.000,18658,18659,18659,1,1
2024-02-19 16:21:20.000,18658,18659,18658,1,-1
2024-02-19 16:21:20.000,18658,18659,18658,2,-2
2024-02-19 16:21:20.000,18658,18659,18658,3,-3
2024-02-19 16:21:20.000,18658,18659,18658,4,-4
2024-02-19 16:21:20.000,18658,18659,18658,6,-6
2024-02-19 16:21:22.000,18657,18658,18657,4,-4
2024-02-19 16:21:22.000,18657,18658,18657,1,-1
2024-02-19 16:21:22.000,18657,18658,18657,6,-6
2024-02-19 16:21:22.000,18657,18658,18657,2,-2
2024-02-19 16:21:22.000,18657,18658,18657,4,-4
2024-02-19 16:21:22.000,18657,18658,18657,1,-1
2024-02-19 16:21:22.000,18657,18658,18657,4,-4
2024-02-19 16:21:22.000,18657,18658,18657,4,-4
2024-02-19 16:21:22.000,18657,18658,18657,1,-1
2024-02-19 16:21:22.000,18657,18658,18657,5,-5
2024-02-19 16:21:22.000,18657,18658,18657,1,-1
2024-02-19 16:21:22.000,18657,18658,18657,1,-1
2024-02-19 16:21:22.000,18657,18658,18657,2,-2
2024-02-19 16:21:22.000,18657,18658,18657,1,-1
2024-02-19 16:21:22.000,18657,18658,18657,2,-2
2024-02-19 16:21:23.000,18656,18657,18656,1,-1
2024-02-19 16:21:23.000,18656,18657,18656,1,-1
2024-02-19 16:21:23.000,18656,18657,18656,2,-2
2024-02-19 16:21:23.000,18656,18657,18656,6,-6
2024-02-19 16:21:23.000,18656,18657,18656,1,-1
2024-02-19 16:21:23.000,18656,18657,18656,9,-9
2024-02-19 16:21:23.000,18656,18657,18656,1,-1
2024-02-19 16:21:23.000,18656,18657,18655,1,-1
2024-02-19 16:21:23.000,18655,18656,18655,1,-1
2024-02-19 16:21:23.000,18655,18656,18655,1,-1
2024-02-19 16:21:23.000,18655,18656,18655,6,-6
2024-02-19 16:21:23.000,18655,18656,18655,1,-1
2024-02-19 16:21:23.000,18655,18656,18655,1,-1
2024-02-19 16:21:23.000,18655,18656,18655,1,-1
2024-02-19 16:21:23.000,18655,18656,18655,2,-2
2024-02-19 16:21:23.000,18655,18656,18655,1,-1
2024-02-19 16:21:23.000,18655,18656,18655,1,-1
2024-02-19 16:21:23.000,18655,18656,18655,1,-1
2024-02-19 16:21:23.000,18655,18656,18656,1,1
2024-02-19 16:21:23.000,18655,18656,18656,1,1
2024-02-19 16:21:23.000,18655,18656,18656,1,1
2024-02-19 16:21:24.000,18655,18656,18656,1,1
2024-02-19 16:21:24.000,18655,18656,18656,1,1
2024-02-19 16:21:24.000,18655,18656,18656,1,1
2024-02-19 16:21:24.000,18655,18656,18656,1,1
2024-02-19 16:21:25.000,18655,18656,18656,1,1
2024-02-19 16:21:25.000,18655,18656,18656,1,1
2024-02-19 16:21:30.000,18656,18657,18657,2,2
2024-02-19 16:21:38.000,18656,18657,18656,1,-1
2024-02-19 16:21:38.000,18656,18657,18656,3,-3
2024-02-19 16:21:38.000,18656,18657,18656,1,-1
2024-02-19 16:21:38.000,18655,18656,18656,1,1
2024-02-19 16:21:40.000,18655,18656,18655,1,-1
2024-02-19 16:21:41.000,18655,18656,18655,26,-26
2024-02-19 16:21:42.000,18654,18655,18655,1,1
2024-02-19 16:21:44.000,18654,18655,18654,2,-2
2024-02-19 16:21:44.000,18654,18655,18654,1,-1
2024-02-19 16:21:45.000,18654,18655,18654,6,-6
2024-02-19 16:21:45.000,18654,18655,18654,3,-3
2024-02-19 16:21:46.000,18654,18655,18655,2,2
2024-02-19 16:21:49.000,18654,18655,18654,2,-2
2024-02-19 16:21:50.000,18654,18655,18655,1,1
2024-02-19 16:21:51.000,18654,18655,18654,2,-2
2024-02-19 16:21:53.000,18654,18655,18654,2,-2
2024-02-19 16:21:55.000,18654,18655,18654,3,-3
2024-02-19 16:21:56.000,18654,18655,18655,11,11
2024-02-19 16:21:56.000,18655,18656,18655,1,-1
2024-02-19 16:22:01.000,18654,18655,18655,1,1
2024-02-19 16:22:01.000,18654,18655,18654,14,-14
2024-02-19 16:22:01.000,18654,18655,18654,2,-2
2024-02-19 16:22:04.000,18654,18655,18654,1,-1
2024-02-19 16:22:06.000,18654,18655,18654,1,-1
2024-02-19 16:22:06.000,18654,18655,18653,2,-2
2024-02-19 16:22:06.000,18653,18654,18653,1,-1
2024-02-19 16:22:06.000,18653,18654,18653,1,-1
2024-02-19 16:22:06.000,18653,18654,18653,2,-2
2024-02-19 16:22:06.000,18652,18654,18654,3,3
2024-02-19 16:22:06.000,18652,18653,18653,1,1
2024-02-19 16:22:06.000,18653,18654,18654,1,1
2024-02-19 16:22:07.000,18653,18654,18653,1,-1
2024-02-19 16:22:07.000,18653,18654,18654,1,1
2024-02-19 16:22:09.000,18653,18654,18653,1,-1
2024-02-19 16:22:10.000,18652,18654,18652,3,-3
2024-02-19 16:22:10.000,18652,18653,18652,2,-2
2024-02-19 16:22:13.000,18652,18653,18652,1,-1
2024-02-19 16:22:14.000,18652,18653,18652,2,-2
2024-02-19 16:22:14.000,18652,18653,18652,4,-4
2024-02-19 16:22:15.000,18652,18653,18652,4,-4
2024-02-19 16:22:21.000,18652,18653,18652,5,-5
2024-02-19 16:22:22.000,18652,18653,18653,6,6
2024-02-19 16:22:22.000,18652,18653,18653,2,2
2024-02-19 16:22:22.000,18652,18653,18653,1,1
2024-02-19 16:22:22.000,18652,18653,18653,21,21
2024-02-19 16:22:22.000,18652,18653,18653,8,8
2024-02-19 16:22:22.000,18652,18653,18653,4,4
2024-02-19 16:22:22.000,18652,18653,18653,2,2
2024-02-19 16:22:25.000,18652,18653,18653,1,1
2024-02-19 16:22:30.000,18653,18654,18654,6,6
2024-02-19 16:22:30.000,18653,18654,18654,3,3
2024-02-19 16:22:31.000,18654,18655,18655,1,1
2024-02-19 16:22:32.000,18654,18655,18654,1,-1
2024-02-19 16:22:33.000,18654,18655,18655,2,2
2024-02-19 16:22:33.000,18654,18655,18655,1,1
2024-02-19 16:22:33.000,18654,18655,18655,1,1
2024-02-19 16:22:34.000,18654,18656,18654,2,-2
2024-02-19 16:22:41.000,18655,18656,18655,2,-2
2024-02-19 16:22:49.000,18654,18655,18655,1,1
2024-02-19 16:22:55.000,18654,18655,18654,2,-2
2024-02-19 16:23:00.000,18654,18655,18654,1,-1
2024-02-19 16:23:00.000,18654,18655,18654,1,-1
2024-02-19 16:23:00.000,18654,18655,18654,1,-1
2024-02-19 16:23:00.000,18654,18655,18654,1,-1
2024-02-19 16:23:03.000,18654,18655,18654,4,-4
2024-02-19 16:23:03.000,18654,18655,18654,1,-1
2024-02-19 16:23:04.000,18654,18655,18654,1,-1
2024-02-19 16:23:04.000,18653,18654,18654,2,2
2024-02-19 16:23:04.000,18653,18654,18654,2,2
2024-02-19 16:23:08.000,18654,18655,18654,5,-5
2024-02-19 16:23:09.000,18654,18655,18654,3,-3
2024-02-19 16:23:10.000,18653,18654,18654,2,2
2024-02-19 16:23:18.000,18654,18655,18654,1,-1
2024-02-19 16:23:21.000,18654,18655,18654,10,-10
2024-02-19 16:23:27.000,18654,18655,18655,2,2
2024-02-19 16:23:27.000,18654,18655,18654,1,-1
2024-02-19 16:23:28.000,18654,18655,18654,2,-2
2024-02-19 16:23:32.000,18654,18655,18654,1,-1
2024-02-19 16:23:33.000,18654,18655,18655,9,9
2024-02-19 16:23:34.000,18654,18655,18655,1,1
2024-02-19 16:23:37.000,18654,18655,18654,2,-2
2024-02-19 16:23:37.000,18653,18654,18654,1,1
2024-02-19 16:23:37.000,18653,18654,18654,4,4
2024-02-19 16:23:59.000,18653,18654,18654,1,1
2024-02-19 16:24:00.000,18653,18654,18653,1,-1
2024-02-19 16:24:06.000,18653,18654,18653,1,-1
2024-02-19 16:24:06.000,18653,18654,18653,13,-13
2024-02-19 16:24:06.000,18652,18653,18652,2,-2
2024-02-19 16:24:06.000,18652,18653,18652,2,-2
2024-02-19 16:24:06.000,18652,18653,18651,1,-1
2024-02-19 16:24:06.000,18652,18653,18652,1,-1
2024-02-19 16:24:06.000,18652,18653,18651,2,-2
2024-02-19 16:24:06.000,18652,18653,18651,2,-2
2024-02-19 16:24:06.000,18652,18653,18651,4,-4
2024-02-19 16:24:06.000,18652,18653,18651,2,-2
2024-02-19 16:24:06.000,18652,18653,18651,2,-2
2024-02-19 16:24:06.000,18652,18653,18651,4,-4
2024-02-19 16:24:06.000,18652,18653,18651,6,-6
2024-02-19 16:24:06.000,18652,18653,18651,2,-2
2024-02-19 16:24:06.000,18652,18653,18651,2,-2
2024-02-19 16:24:06.000,18652,18653,18651,2,-2
2024-02-19 16:24:06.000,18652,18653,18651,2,-2
2024-02-19 16:24:06.000,18651,18652,18651,2,-2
2024-02-19 16:24:06.000,18651,18652,18651,2,-2
2024-02-19 16:24:06.000,18651,18652,18651,2,-2
2024-02-19 16:24:06.000,18651,18652,18651,2,-2
2024-02-19 16:24:06.000,18651,18652,18651,2,-2
2024-02-19 16:24:06.000,18651,18652,18651,2,-2
2024-02-19 16:24:06.000,18651,18652,18651,2,-2
2024-02-19 16:24:09.000,18651,18652,18651,1,-1
2024-02-19 16:24:12.000,18651,18652,18651,1,-1
2024-02-19 16:24:13.000,18650,18651,18651,1,1
2024-02-19 16:24:13.000,18650,18651,18651,3,3
2024-02-19 16:24:13.000,18651,18652,18651,2,-2
2024-02-19 16:24:14.000,18651,18652,18651,1,-1
2024-02-19 16:24:15.000,18651,18652,18652,1,1
2024-02-19 16:24:17.000,18651,18652,18652,3,3
2024-02-19 16:24:17.000,18652,18653,18652,3,-3
2024-02-19 16:24:20.000,18650,18651,18650,1,-1
2024-02-19 16:24:20.000,18650,18651,18651,1,1
2024-02-19 16:24:20.000,18650,18651,18651,1,1
2024-02-19 16:24:23.000,18650,18651,18650,6,-6
2024-02-19 16:24:25.000,18650,18651,18650,1,-1
2024-02-19 16:24:28.000,18650,18651,18650,2,-2
2024-02-19 16:24:29.000,18650,18651,18650,2,-2
2024-02-19 16:24:30.000,18650,18651,18650,4,-4
2024-02-19 16:24:32.000,18650,18651,18650,2,-2
2024-02-19 16:24:33.000,18650,18651,18650,1,-1
2024-02-19 16:24:34.000,18650,18651,18650,1,-1
2024-02-19 16:24:36.000,18650,18651,18650,1,-1
2024-02-19 16:24:37.000,18650,18651,18650,3,-3
2024-02-19 16:24:38.000,18650,18651,18650,6,-6
2024-02-19 16:24:39.000,18650,18651,18650,4,-4
2024-02-19 16:24:39.000,18650,18651,18650,2,-2
2024-02-19 16:24:39.000,18650,18651,18650,6,-6
2024-02-19 16:24:39.000,18650,18651,18650,1,-1
2024-02-19 16:24:39.000,18650,18651,18650,1,-1
2024-02-19 16:24:39.000,18650,18651,18650,2,-2
2024-02-19 16:24:39.000,18650,18651,18650,9,-9
2024-02-19 16:24:40.000,18649,18650,18649,8,-8
2024-02-19 16:24:40.000,18649,18650,18649,1,-1
2024-02-19 16:24:40.000,18649,18650,18649,1,-1
2024-02-19 16:24:40.000,18649,18650,18649,1,-1
2024-02-19 16:24:40.000,18649,18650,18650,3,3
2024-02-19 16:24:42.000,18649,18650,18650,1,1
2024-02-19 16:24:45.000,18650,18651,18650,12,-12
2024-02-19 16:24:45.000,18650,18651,18650,2,-2
2024-02-19 16:24:45.000,18650,18651,18650,2,-2
2024-02-19 16:24:46.000,18650,18651,18651,2,2
2024-02-19 16:24:46.000,18650,18651,18651,1,1
2024-02-19 16:24:46.000,18650,18651,18651,4,4
2024-02-19 16:24:46.000,18650,18651,18651,2,2
2024-02-19 16:24:48.000,18650,18651,18651,1,1
2024-02-19 16:24:50.000,18651,18652,18651,1,-1
2024-02-19 16:24:52.000,18651,18652,18652,1,1
2024-02-19 16:24:52.000,18651,18652,18652,1,1
2024-02-19 16:24:52.000,18651,18652,18652,1,1
2024-02-19 16:24:52.000,18651,18652,18652,1,1
2024-02-19 16:24:52.000,18651,18652,18652,1,1
2024-02-19 16:24:53.000,18651,18652,18652,1,1
2024-02-19 16:24:57.000,18652,18653,18652,1,-1
2024-02-19 16:24:58.000,18651,18653,18652,12,-12
2024-02-19 16:24:59.000,18651,18653,18650,38,-38
2024-02-19 16:24:59.000,18651,18653,18651,18,-18
2024-02-19 16:24:59.000,18651,18653,18651,1,-1
2024-02-19 16:24:59.000,18650,18651,18651,1,1
2024-02-19 16:24:59.000,18650,18651,18651,4,4
2024-02-19 16:25:01.000,18652,18653,18652,10,-10
2024-02-19 16:25:02.000,18652,18653,18652,4,-4
2024-02-19 16:25:02.000,18652,18653,18652,1,-1
2024-02-19 16:25:02.000,18652,18653,18652,1,-1
2024-02-19 16:25:02.000,18652,18653,18652,2,-2
2024-02-19 16:25:02.000,18652,18653,18652,4,-4
2024-02-19 16:25:03.000,18651,18652,18651,1,-1
2024-02-19 16:25:06.000,18651,18652,18651,1,-1
2024-02-19 16:25:06.000,18651,18652,18651,2,-2
2024-02-19 16:25:07.000,18650,18652,18650,1,-1
2024-02-19 16:25:09.000,18650,18651,18651,1,1
2024-02-19 16:25:12.000,18650,18651,18651,1,1
2024-02-19 16:25:13.000,18650,18651,18651,1,1
2024-02-19 16:25:14.000,18650,18652,18650,1,-1
2024-02-19 16:25:23.000,18651,18652,18651,1,-1
2024-02-19 16:25:26.000,18651,18652,18651,1,-1
2024-02-19 16:25:28.000,18651,18652,18651,1,-1
2024-02-19 16:25:29.000,18651,18652,18651,3,-3
2024-02-19 16:25:33.000,18651,18652,18652,1,1
2024-02-19 16:25:33.000,18651,18652,18652,8,8
2024-02-19 16:25:33.000,18652,18653,18652,4,-4
2024-02-19 16:25:38.000,18652,18653,18653,1,1
2024-02-19 16:25:38.000,18652,18653,18653,1,1
2024-02-19 16:25:38.000,18652,18653,18653,1,1
2024-02-19 16:25:39.000,18652,18653,18653,3,3
2024-02-19 16:25:40.000,18652,18654,18654,3,3
2024-02-19 16:25:40.000,18652,18654,18654,3,3
2024-02-19 16:25:48.000,18653,18654,18653,1,-1
2024-02-19 16:25:55.000,18652,18653,18651,1,-1
2024-02-19 16:25:55.000,18652,18653,18652,1,-1
2024-02-19 16:25:59.000,18651,18653,18651,2,-2
2024-02-19 16:26:00.000,18651,18653,18651,1,-1
2024-02-19 16:26:01.000,18652,18653,18652,1,-1
2024-02-19 16:26:03.000,18652,18653,18652,6,-6
2024-02-19 16:26:12.000,18651,18652,18652,3,3
2024-02-19 16:26:15.000,18651,18652,18652,2,2
2024-02-19 16:26:15.000,18651,18652,18652,3,3
2024-02-19 16:26:22.000,18652,18653,18652,1,-1
2024-02-19 16:26:27.000,18652,18653,18652,1,-1
2024-02-19 16:26:40.000,18652,18653,18653,1,1
2024-02-19 16:26:45.000,18653,18654,18654,1,1
2024-02-19 16:26:45.000,18653,18654,18654,1,1
2024-02-19 16:26:52.000,18653,18654,18654,1,1
2024-02-19 16:26:54.000,18653,18654,18654,1,1
2024-02-19 16:26:58.000,18653,18655,18655,3,3
2024-02-19 16:27:09.000,18654,18655,18655,1,1
2024-02-19 16:27:09.000,18654,18655,18655,3,3
2024-02-19 16:27:20.000,18655,18657,18657,1,1
2024-02-19 16:27:22.000,18656,18657,18657,2,2
2024-02-19 16:27:23.000,18655,18657,18655,1,-1
2024-02-19 16:27:26.000,18656,18657,18656,1,-1
2024-02-19 16:27:30.000,18655,18656,18656,1,1
2024-02-19 16:27:39.000,18656,18657,18657,1,1
2024-02-19 16:27:39.000,18656,18657,18657,1,1
2024-02-19 16:27:39.000,18656,18657,18657,1,1
2024-02-19 16:27:45.000,18657,18658,18657,1,-1
2024-02-19 16:27:52.000,18657,18658,18658,2,2
2024-02-19 16:27:56.000,18657,18658,18658,4,4
2024-02-19 16:28:00.000,18657,18658,18657,1,-1
2024-02-19 16:28:03.000,18657,18658,18658,1,1
2024-02-19 16:28:03.000,18657,18658,18659,1,1
2024-02-19 16:28:03.000,18658,18659,18658,1,-1
2024-02-19 16:28:06.000,18658,18659,18659,4,4
2024-02-19 16:28:12.000,18659,18660,18659,3,-3
2024-02-19 16:28:14.000,18658,18659,18659,1,1
2024-02-19 16:28:17.000,18659,18660,18659,1,-1
2024-02-19 16:28:21.000,18659,18660,18659,1,-1
2024-02-19 16:28:22.000,18659,18660,18658,1,-1
2024-02-19 16:28:22.000,18659,18660,18659,2,-2
2024-02-19 16:28:25.000,18657,18659,18659,5,5
2024-02-19 16:28:26.000,18657,18659,18659,1,1
2024-02-19 16:28:26.000,18658,18659,18660,1,1
2024-02-19 16:28:30.000,18658,18659,18659,4,4
2024-02-19 16:28:30.000,18659,18660,18659,1,-1
2024-02-19 16:28:36.000,18658,18659,18659,1,1
2024-02-19 16:28:41.000,18659,18660,18660,1,1
2024-02-19 16:28:42.000,18659,18660,18659,1,-1
2024-02-19 16:28:45.000,18658,18659,18659,1,1
2024-02-19 16:28:47.000,18658,18659,18657,9,-9
2024-02-19 16:28:47.000,18658,18659,18658,1,-1
2024-02-19 16:28:52.000,18658,18659,18658,1,-1
2024-02-19 16:29:00.000,18657,18659,18657,1,-1
2024-02-19 16:29:04.000,18657,18658,18658,1,1
2024-02-19 16:29:17.000,18657,18658,18658,2,2
2024-02-19 16:29:22.000,18657,18658,18658,1,1
2024-02-19 16:29:27.000,18657,18658,18658,1,1
2024-02-19 16:29:27.000,18657,18658,18658,1,1
2024-02-19 16:29:35.000,18658,18659,18658,3,-3
2024-02-19 16:29:41.000,18658,18659,18658,1,-1
2024-02-19 16:29:51.000,18658,18659,18659,1,1
2024-02-19 16:29:57.000,18658,18659,18659,1,1
2024-02-19 16:30:06.000,18659,18660,18659,2,-2
2024-02-19 16:30:06.000,18658,18660,18660,2,2
2024-02-19 16:30:09.000,18658,18660,18658,3,-3
2024-02-19 16:30:30.000,18658,18659,18658,1,-1
2024-02-19 16:30:31.000,18657,18659,18659,1,1
2024-02-19 16:30:34.000,18657,18659,18658,1,1
2024-02-19 16:30:40.000,18657,18658,18658,1,1
2024-02-19 16:30:41.000,18657,18658,18658,2,2
2024-02-19 16:31:00.000,18657,18659,18657,1,-1
2024-02-19 16:31:11.000,18658,18659,18658,1,-1
2024-02-19 16:31:13.000,18657,18659,18659,3,3
2024-02-19 16:31:18.000,18657,18658,18657,1,-1
2024-02-19 16:31:31.000,18657,18658,18657,1,-1
2024-02-19 16:31:35.000,18656,18657,18657,1,1
2024-02-19 16:31:37.000,18657,18658,18657,1,-1
2024-02-19 16:31:43.000,18656,18658,18656,1,-1
2024-02-19 16:31:46.000,18656,18657,18656,1,-1
2024-02-19 16:31:46.000,18656,18657,18656,1,-1
2024-02-19 16:31:47.000,18655,18657,18656,1,-1
2024-02-19 16:31:48.000,18655,18657,18656,1,-1
2024-02-19 16:31:55.000,18657,18658,18657,1,-1
2024-02-19 16:31:57.000,18657,18658,18658,1,1
2024-02-19 16:31:57.000,18657,18658,18658,1,1
2024-02-19 16:32:15.000,18658,18659,18659,1,1
2024-02-19 16:32:15.000,18658,18659,18658,2,-2
2024-02-19 16:32:20.000,18657,18659,18658,2,-2
2024-02-19 16:32:36.000,18657,18659,18658,1,-1
2024-02-19 16:32:48.000,18658,18659,18659,1,1
2024-02-19 16:32:50.000,18658,18659,18658,1,-1
2024-02-19 16:32:58.000,18658,18659,18659,4,4
2024-02-19 16:33:01.000,18658,18660,18658,1,-1
2024-02-19 16:33:02.000,18658,18660,18658,1,-1
2024-02-19 16:33:20.000,18658,18659,18659,1,1
2024-02-19 16:33:20.000,18659,18660,18659,1,-1
2024-02-19 16:33:29.000,18659,18660,18659,1,-1
2024-02-19 16:33:36.000,18658,18659,18659,1,1
2024-02-19 16:33:45.000,18658,18659,18659,1,1
2024-02-19 16:33:46.000,18658,18659,18659,1,1
2024-02-19 16:33:46.000,18658,18659,18660,1,1
2024-02-19 16:33:55.000,18658,18659,18659,1,1
2024-02-19 16:34:00.000,18658,18660,18658,1,-1
2024-02-19 16:34:00.000,18658,18659,18659,1,1
2024-02-19 16:34:05.000,18658,18659,18659,1,1
2024-02-19 16:34:16.000,18658,18660,18659,2,2
2024-02-19 16:34:42.000,18658,18659,18659,1,1
2024-02-19 16:34:44.000,18659,18660,18660,1,1
2024-02-19 16:34:44.000,18659,18660,18660,7,7
2024-02-19 16:34:44.000,18659,18660,18660,3,3
2024-02-19 16:34:44.000,18659,18660,18660,1,1
2024-02-19 16:34:44.000,18659,18660,18660,1,1
2024-02-19 16:34:44.000,18659,18660,18660,1,1
2024-02-19 16:34:44.000,18659,18660,18660,9,9
2024-02-19 16:34:44.000,18659,18660,18661,6,6
2024-02-19 16:34:44.000,18659,18660,18661,3,3
2024-02-19 16:34:47.000,18660,18661,18661,2,2
2024-02-19 16:34:47.000,18660,18661,18662,1,1
2024-02-19 16:34:47.000,18660,18662,18662,3,3
2024-02-19 16:34:50.000,18660,18662,18662,2,2
2024-02-19 16:34:56.000,18661,18662,18662,6,6
2024-02-19 16:35:06.000,18661,18662,18662,1,1
2024-02-19 16:35:10.000,18661,18662,18662,1,1
2024-02-19 16:35:15.000,18661,18662,18661,1,-1
2024-02-19 16:35:16.000,18661,18662,18662,1,1
2024-02-19 16:35:23.000,18661,18662,18662,1,1
2024-02-19 16:35:23.000,18661,18662,18662,1,1
2024-02-19 16:35:23.000,18661,18662,18662,9,9
2024-02-19 16:35:23.000,18661,18662,18662,2,2
2024-02-19 16:35:26.000,18661,18662,18662,1,1
2024-02-19 16:35:35.000,18662,18663,18662,1,-1
2024-02-19 16:35:53.000,18661,18663,18661,1,-1
2024-02-19 16:35:59.000,18661,18662,18662,1,1
2024-02-19 16:36:00.000,18662,18663,18662,1,-1
2024-02-19 16:36:01.000,18661,18662,18662,6,6
2024-02-19 16:36:07.000,18661,18662,18662,1,1
2024-02-19 16:36:13.000,18661,18662,18661,1,-1
2024-02-19 16:36:14.000,18661,18662,18661,1,-1
2024-02-19 16:36:20.000,18661,18662,18662,10,10
2024-02-19 16:36:21.000,18661,18663,18661,1,-1
2024-02-19 16:36:28.000,18662,18663,18663,1,1
2024-02-19 16:36:32.000,18662,18663,18662,1,-1
2024-02-19 16:36:40.000,18661,18662,18661,1,-1
2024-02-19 16:36:44.000,18661,18662,18662,1,1
2024-02-19 16:36:49.000,18661,18662,18661,15,-15
2024-02-19 16:36:53.000,18660,18661,18660,1,-1
2024-02-19 16:36:53.000,18660,18661,18660,2,-2
2024-02-19 16:36:55.000,18659,18660,18659,3,-3
2024-02-19 16:36:55.000,18659,18660,18659,3,-3
2024-02-19 16:36:57.000,18658,18660,18660,1,1
2024-02-19 16:37:09.000,18659,18660,18660,1,1
2024-02-19 16:37:09.000,18659,18660,18660,1,1
2024-02-19 16:37:09.000,18659,18660,18660,3,3
2024-02-19 16:37:09.000,18659,18661,18660,1,1
2024-02-19 16:37:13.000,18660,18662,18660,2,-2
2024-02-19 16:38:00.000,18660,18661,18660,1,-1
2024-02-19 16:38:06.000,18659,18660,18660,3,3
2024-02-19 16:38:10.000,18659,18660,18660,2,2
2024-02-19 16:38:10.000,18659,18660,18660,1,1
2024-02-19 16:38:12.000,18660,18661,18660,1,-1
2024-02-19 16:38:27.000,18660,18661,18660,1,-1
2024-02-19 16:38:31.000,18660,18661,18660,4,-4
2024-02-19 16:38:33.000,18660,18661,18661,2,2
2024-02-19 16:38:33.000,18660,18661,18662,1,1
2024-02-19 16:38:44.000,18660,18662,18660,1,-1
2024-02-19 16:38:57.000,18660,18661,18661,3,3
2024-02-19 16:39:06.000,18661,18662,18661,1,-1
2024-02-19 16:39:08.000,18661,18662,18662,2,2
2024-02-19 16:39:29.000,18662,18663,18663,3,3
2024-02-19 16:39:32.000,18662,18663,18662,1,-1
2024-02-19 16:39:51.000,18661,18663,18662,1,-1
2024-02-19 16:39:55.000,18661,18663,18662,1,-1
2024-02-19 16:40:04.000,18661,18662,18662,1,1
2024-02-19 16:40:04.000,18661,18663,18660,1,-1
2024-02-19 16:40:04.000,18661,18663,18661,11,-11
2024-02-19 16:40:23.000,18661,18662,18661,1,-1
2024-02-19 16:40:25.000,18661,18662,18661,1,-1
2024-02-19 16:40:25.000,18660,18662,18662,1,1
2024-02-19 16:40:25.000,18660,18662,18662,1,1
2024-02-19 16:40:25.000,18660,18662,18662,3,3
2024-02-19 16:40:33.000,18660,18662,18662,1,1
2024-02-19 16:40:35.000,18660,18662,18661,1,1
2024-02-19 16:40:36.000,18661,18662,18662,2,2
2024-02-19 16:40:37.000,18661,18663,18662,2,2
2024-02-19 16:40:54.000,18661,18662,18661,1,-1
2024-02-19 16:40:55.000,18661,18662,18662,2,2
2024-02-19 16:41:20.000,18661,18662,18661,1,-1
2024-02-19 16:41:25.000,18660,18661,18661,1,1
2024-02-19 16:41:25.000,18660,18661,18662,2,2
2024-02-19 16:41:39.000,18660,18662,18660,1,-1
2024-02-19 16:41:55.000,18661,18662,18661,1,-1
2024-02-19 16:42:00.000,18661,18662,18661,1,-1
2024-02-19 16:42:05.000,18661,18662,18661,1,-1
2024-02-19 16:42:21.000,18661,18662,18661,1,-1
2024-02-19 16:42:24.000,18661,18662,18661,1,-1
2024-02-19 16:42:24.000,18661,18662,18661,1,-1
2024-02-19 16:42:29.000,18660,18662,18661,1,-1
2024-02-19 16:42:29.000,18660,18661,18661,3,3
2024-02-19 16:42:29.000,18660,18661,18661,3,3
2024-02-19 16:42:31.000,18660,18662,18660,1,-1
2024-02-19 16:42:32.000,18660,18661,18660,1,-1
2024-02-19 16:42:53.000,18661,18662,18662,3,3
2024-02-19 16:42:54.000,18661,18662,18662,1,1
2024-02-19 16:42:54.000,18661,18662,18662,1,1
2024-02-19 16:42:55.000,18662,18663,18662,3,-3
2024-02-19 16:43:02.000,18661,18663,18661,1,-1
2024-02-19 16:44:28.000,18661,18662,18661,1,-1
2024-02-19 16:44:28.000,18661,18662,18661,1,-1
2024-02-19 16:44:41.000,18661,18662,18662,1,1
2024-02-19 16:45:02.000,18661,18662,18661,1,-1
2024-02-19 16:45:02.000,18661,18662,18661,1,-1
2024-02-19 16:45:02.000,18661,18662,18661,1,-1
2024-02-19 16:45:02.000,18661,18662,18661,1,-1
2024-02-19 16:45:05.000,18661,18662,18662,1,1
2024-02-19 16:45:05.000,18661,18662,18662,1,1
2024-02-19 16:45:37.000,18662,18663,18663,1,1
2024-02-19 16:45:41.000,18662,18663,18663,2,2
2024-02-19 16:45:41.000,18662,18663,18663,1,1
2024-02-19 16:45:41.000,18662,18663,18663,1,1
2024-02-19 16:45:41.000,18662,18663,18663,10,10
2024-02-19 16:45:41.000,18662,18663,18663,1,1
2024-02-19 16:45:41.000,18662,18663,18663,2,2
2024-02-19 16:45:41.000,18662,18663,18663,2,2
2024-02-19 16:45:41.000,18662,18663,18663,1,1
2024-02-19 16:45:41.000,18662,18663,18663,5,5
2024-02-19 16:45:41.000,18662,18663,18663,8,8
2024-02-19 16:45:41.000,18662,18664,18664,3,3
2024-02-19 16:45:41.000,18663,18664,18664,1,1
2024-02-19 16:45:41.000,18663,18664,18664,3,3
2024-02-19 16:45:41.000,18663,18664,18664,1,1
2024-02-19 16:45:41.000,18663,18664,18664,1,1
2024-02-19 16:45:41.000,18663,18664,18664,1,1
2024-02-19 16:45:42.000,18663,18664,18664,10,10
2024-02-19 16:45:42.000,18664,18665,18665,3,3
2024-02-19 16:45:42.000,18664,18665,18665,3,3
2024-02-19 16:45:42.000,18664,18665,18665,4,4
2024-02-19 16:45:46.000,18663,18665,18665,1,1
2024-02-19 16:45:47.000,18663,18665,18665,1,1
2024-02-19 16:45:52.000,18663,18665,18664,1,1
2024-02-19 16:45:52.000,18663,18664,18664,1,1
2024-02-19 16:46:01.000,18664,18665,18664,1,-1
2024-02-19 16:46:03.000,18664,18665,18665,1,1
2024-02-19 16:46:09.000,18664,18665,18665,4,4
2024-02-19 16:46:18.000,18664,18665,18665,4,4
2024-02-19 16:46:20.000,18664,18665,18665,2,2
2024-02-19 16:46:41.000,18664,18665,18665,1,1
2024-02-19 16:46:44.000,18664,18665,18664,1,-1
2024-02-19 16:46:44.000,18662,18664,18664,3,3
2024-02-19 16:46:44.000,18662,18664,18664,1,1
2024-02-19 16:46:44.000,18662,18664,18664,3,3
2024-02-19 16:46:44.000,18662,18664,18664,2,2
2024-02-19 16:46:44.000,18662,18664,18665,1,1
2024-02-19 16:47:02.000,18663,18665,18663,1,-1
2024-02-19 16:47:10.000,18664,18665,18664,1,-1
2024-02-19 16:47:18.000,18664,18665,18664,5,-5
2024-02-19 16:47:30.000,18664,18665,18664,2,-2
2024-02-19 16:48:08.000,18664,18665,18665,5,5
2024-02-19 16:48:10.000,18665,18666,18665,3,-3
2024-02-19 16:48:23.000,18664,18665,18665,1,1
2024-02-19 16:48:23.000,18664,18665,18665,2,2
2024-02-19 16:48:41.000,18665,18666,18665,1,-1
2024-02-19 16:48:41.000,18665,18666,18665,2,-2
2024-02-19 16:48:53.000,18664,18665,18665,1,1
2024-02-19 16:49:00.000,18664,18665,18664,1,-1
2024-02-19 16:49:01.000,18663,18665,18663,1,-1
2024-02-19 16:49:26.000,18663,18665,18663,2,-2
2024-02-19 16:49:45.000,18663,18664,18664,1,1
2024-02-19 16:49:59.000,18663,18665,18664,1,1
2024-02-19 16:50:55.000,18662,18664,18662,1,-1
2024-02-19 16:51:00.000,18663,18664,18663,1,-1
2024-02-19 16:51:00.000,18662,18663,18662,1,-1
2024-02-19 16:51:06.000,18662,18664,18662,1,-1
2024-02-19 16:51:12.000,18662,18663,18662,1,-1
2024-02-19 16:51:22.000,18662,18663,18663,2,2
2024-02-19 16:51:27.000,18663,18664,18663,1,-1
2024-02-19 16:51:39.000,18663,18664,18663,1,-1
2024-02-19 16:51:41.000,18663,18664,18663,1,-1
2024-02-19 16:51:43.000,18663,18664,18663,1,-1
2024-02-19 16:51:55.000,18662,18663,18662,6,-6
2024-02-19 16:52:32.000,18662,18664,18662,1,-1
2024-02-19 16:52:32.000,18662,18664,18662,2,-2
2024-02-19 16:52:37.000,18662,18664,18662,1,-1
2024-02-19 16:52:43.000,18662,18663,18663,1,1
2024-02-19 16:53:00.000,18663,18664,18663,1,-1
2024-02-19 16:53:02.000,18663,18664,18663,1,-1
2024-02-19 16:53:03.000,18662,18663,18663,1,1
2024-02-19 16:53:29.000,18662,18664,18664,1,1
2024-02-19 16:54:00.000,18663,18664,18663,1,-1
2024-02-19 16:54:04.000,18663,18664,18664,3,3
2024-02-19 16:54:16.000,18663,18664,18664,1,1
2024-02-19 16:54:54.000,18663,18664,18663,1,-1
2024-02-19 16:55:00.000,18662,18664,18662,1,-1
2024-02-19 16:55:00.000,18662,18664,18662,2,-2
2024-02-19 16:55:03.000,18662,18663,18662,2,-2
2024-02-19 16:55:16.000,18662,18663,18662,1,-1
2024-02-19 16:55:16.000,18662,18663,18662,2,-2
2024-02-19 16:55:31.000,18661,18662,18661,1,-1
2024-02-19 16:55:36.000,18661,18662,18661,3,-3
2024-02-19 16:55:53.000,18660,18661,18660,8,-8
2024-02-19 16:55:53.000,18660,18661,18660,1,-1
2024-02-19 16:55:53.000,18660,18661,18660,2,-2
2024-02-19 16:56:48.000,18659,18660,18660,1,1
2024-02-19 16:56:53.000,18659,18660,18659,1,-1
2024-02-19 16:56:56.000,18659,18660,18660,10,10
2024-02-19 16:57:00.000,18660,18661,18660,1,-1
2024-02-19 16:57:04.000,18660,18661,18660,2,-2
2024-02-19 16:57:06.000,18660,18661,18660,1,-1
2024-02-19 16:57:28.000,18660,18661,18660,2,-2
2024-02-19 16:57:45.000,18660,18661,18660,1,-1
2024-02-19 16:57:45.000,18660,18661,18660,2,-2
2024-02-19 16:57:45.000,18660,18661,18660,1,-1
2024-02-19 16:57:45.000,18660,18661,18660,1,-1
2024-02-19 16:58:03.000,18659,18661,18659,1,-1
2024-02-19 16:58:22.000,18660,18661,18660,1,-1
2024-02-19 16:58:36.000,18660,18661,18660,1,-1
2024-02-19 16:58:46.000,18659,18660,18660,2,2
2024-02-19 16:58:51.000,18660,18661,18661,3,3
2024-02-19 16:59:00.000,18661,18662,18661,1,-1
2024-02-19 17:00:00.000,18661,18662,18661,1,-1
2024-02-19 17:00:00.000,18661,18662,18662,1,1
2024-02-19 17:00:00.000,18661,18662,18663,1,1
2024-02-19 17:00:00.000,18662,18663,18663,2,2
2024-02-19 17:00:01.000,18662,18663,18663,1,1
2024-02-19 17:00:02.000,18662,18663,18661,5,-5
2024-02-19 17:00:02.000,18662,18663,18662,3,-3
2024-02-19 17:00:07.000,18661,18662,18661,10,-10
2024-02-19 17:00:11.000,18661,18662,18661,2,-2
2024-02-19 17:00:43.000,18661,18662,18662,3,3
2024-02-19 17:01:00.000,18661,18662,18661,1,-1
2024-02-19 17:01:10.000,18661,18662,18661,2,-2
2024-02-19 17:01:11.000,18660,18661,18661,1,1
2024-02-19 17:01:38.000,18659,18660,18660,1,1
2024-02-19 17:01:48.000,18660,18661,18660,1,-1
2024-02-19 17:02:36.000,18660,18661,18661,1,1
2024-02-19 17:02:43.000,18661,18662,18662,2,2
2024-02-19 17:02:43.000,18661,18662,18663,1,1
2024-02-19 17:02:49.000,18661,18663,18663,3,3
2024-02-19 17:02:51.000,18662,18663,18663,3,3
2024-02-19 17:02:52.000,18662,18663,18662,1,-1
2024-02-19 17:03:00.000,18662,18663,18662,1,-1
2024-02-19 17:03:00.000,18661,18663,18661,1,-1
2024-02-19 17:03:01.000,18662,18663,18662,1,-1
2024-02-19 17:03:03.000,18661,18662,18661,1,-1
2024-02-19 17:03:25.000,18661,18662,18662,3,3
2024-02-19 17:03:45.000,18661,18662,18661,1,-1
2024-02-19 17:04:28.000,18661,18662,18662,1,1
2024-02-19 17:04:28.000,18661,18662,18662,1,1
2024-02-19 17:04:28.000,18661,18663,18663,3,3
2024-02-19 17:05:01.000,18662,18663,18662,1,-1
2024-02-19 17:05:03.000,18662,18663,18663,1,1
2024-02-19 17:05:33.000,18662,18663,18663,5,5
2024-02-19 17:05:36.000,18662,18664,18663,1,1
2024-02-19 17:05:48.000,18663,18664,18664,2,2
2024-02-19 17:06:06.000,18663,18665,18665,3,3
2024-02-19 17:06:06.000,18663,18665,18665,1,1
2024-02-19 17:06:31.000,18664,18665,18664,2,-2
2024-02-19 17:06:31.000,18664,18665,18664,3,-3
2024-02-19 17:06:31.000,18664,18665,18664,1,-1
2024-02-19 17:06:40.000,18663,18664,18663,5,-5
2024-02-19 17:06:43.000,18662,18664,18663,1,-1
2024-02-19 17:06:52.000,18662,18663,18663,2,2
2024-02-19 17:07:00.000,18662,18664,18662,1,-1
2024-02-19 17:07:00.000,18662,18664,18664,2,2
2024-02-19 17:07:44.000,18662,18664,18664,3,3
2024-02-19 17:08:09.000,18663,18664,18664,1,1
2024-02-19 17:08:16.000,18663,18664,18663,1,-1
2024-02-19 17:08:51.000,18663,18664,18664,2,2
2024-02-19 17:09:00.000,18663,18664,18663,1,-1
2024-02-19 17:09:42.000,18663,18664,18663,1,-1
2024-02-19 17:09:43.000,18663,18664,18663,1,-1
2024-02-19 17:09:52.000,18663,18664,18664,1,1
2024-02-19 17:09:54.000,18663,18664,18664,2,2
2024-02-19 17:09:54.000,18663,18664,18665,1,1
2024-02-19 17:10:31.000,18664,18665,18665,2,2
2024-02-19 17:10:56.000,18664,18665,18664,1,-1
2024-02-19 17:11:00.000,18664,18665,18664,1,-1
2024-02-19 17:11:08.000,18664,18665,18664,1,-1
2024-02-19 17:11:14.000,18664,18665,18665,1,1
2024-02-19 17:11:14.000,18664,18665,18665,2,2
2024-02-19 17:11:14.000,18664,18665,18665,15,15
2024-02-19 17:11:31.000,18664,18666,18666,3,3
2024-02-19 17:11:31.000,18664,18666,18666,1,1
2024-02-19 17:11:47.000,18665,18666,18666,1,1
2024-02-19 17:11:47.000,18665,18666,18666,1,1
2024-02-19 17:11:47.000,18665,18666,18666,1,1
2024-02-19 17:11:50.000,18665,18666,18666,1,1
2024-02-19 17:11:50.000,18665,18666,18666,1,1
2024-02-19 17:11:50.000,18665,18666,18666,1,1
2024-02-19 17:11:50.000,18665,18666,18666,1,1
2024-02-19 17:11:50.000,18665,18666,18666,1,1
2024-02-19 17:11:50.000,18665,18666,18666,1,1
2024-02-19 17:11:50.000,18665,18666,18666,1,1
2024-02-19 17:11:50.000,18665,18666,18666,1,1
2024-02-19 17:11:50.000,18665,18666,18666,1,1
2024-02-19 17:11:50.000,18665,18666,18666,1,1
2024-02-19 17:11:50.000,18665,18666,18666,1,1
2024-02-19 17:11:50.000,18665,18666,18666,6,6
2024-02-19 17:11:50.000,18665,18666,18667,1,1
2024-02-19 17:11:51.000,18665,18667,18667,1,1
2024-02-19 17:11:51.000,18665,18667,18667,1,1
2024-02-19 17:11:51.000,18665,18667,18667,1,1
2024-02-19 17:11:51.000,18665,18667,18667,1,1
2024-02-19 17:11:51.000,18665,18667,18667,1,1
2024-02-19 17:11:51.000,18665,18667,18667,1,1
2024-02-19 17:11:51.000,18665,18667,18667,1,1
2024-02-19 17:11:51.000,18665,18667,18667,1,1
2024-02-19 17:11:51.000,18665,18667,18667,1,1
2024-02-19 17:11:51.000,18665,18667,18667,1,1
2024-02-19 17:11:51.000,18665,18667,18667,1,1
2024-02-19 17:11:51.000,18665,18667,18667,1,1
2024-02-19 17:11:52.000,18665,18667,18667,1,1
2024-02-19 17:11:52.000,18665,18667,18667,1,1
2024-02-19 17:11:52.000,18665,18667,18667,1,1
2024-02-19 17:11:52.000,18665,18667,18667,1,1
2024-02-19 17:11:52.000,18665,18667,18667,1,1
2024-02-19 17:11:56.000,18666,18667,18666,3,-3
2024-02-19 17:12:07.000,18666,18667,18666,1,-1
2024-02-19 17:12:07.000,18665,18667,18667,10,10
2024-02-19 17:12:07.000,18665,18667,18667,3,3
2024-02-19 17:12:28.000,18666,18667,18667,1,1
2024-02-19 17:12:35.000,18666,18667,18666,1,-1
2024-02-19 17:12:51.000,18666,18667,18666,1,-1
2024-02-19 17:13:00.000,18666,18667,18666,1,-1
2024-02-19 17:13:15.000,18666,18667,18667,1,1
2024-02-19 17:13:36.000,18666,18667,18666,2,-2
2024-02-19 17:13:40.000,18665,18667,18667,1,1
2024-02-19 17:13:51.000,18665,18666,18666,3,3
2024-02-19 17:13:54.000,18666,18667,18666,1,-1
2024-02-19 17:13:58.000,18665,18666,18666,1,1
2024-02-19 17:14:15.000,18665,18666,18666,1,1
2024-02-19 17:14:20.000,18665,18666,18666,1,1
2024-02-19 17:14:36.000,18665,18666,18665,1,-1
2024-02-19 17:14:38.000,18665,18666,18665,1,-1
2024-02-19 17:14:41.000,18665,18666,18666,1,1
2024-02-19 17:14:41.000,18666,18667,18667,3,3
2024-02-19 17:15:00.000,18665,18667,18665,1,-1
2024-02-19 17:15:00.000,18665,18667,18667,1,1
2024-02-19 17:15:00.000,18666,18667,18667,1,1
2024-02-19 17:15:01.000,18666,18667,18667,1,1
2024-02-19 17:15:01.000,18666,18667,18667,1,1
2024-02-19 17:15:01.000,18666,18667,18667,2,2
2024-02-19 17:15:01.000,18666,18667,18667,1,1
2024-02-19 17:15:01.000,18666,18667,18667,1,1
2024-02-19 17:15:01.000,18666,18667,18667,1,1
2024-02-19 17:15:01.000,18667,18668,18667,5,-5
2024-02-19 17:15:01.000,18666,18668,18668,1,1
2024-02-19 17:15:01.000,18666,18668,18667,1,1
2024-02-19 17:15:01.000,18666,18668,18668,1,1
2024-02-19 17:15:02.000,18666,18668,18667,4,4
2024-02-19 17:15:14.000,18666,18667,18666,1,-1
2024-02-19 17:15:21.000,18666,18667,18667,3,3
2024-02-19 17:15:32.000,18666,18667,18666,1,-1
2024-02-19 17:15:50.000,18665,18666,18666,1,1
2024-02-19 17:16:01.000,18666,18667,18667,1,1
2024-02-19 17:16:03.000,18666,18667,18667,1,1
2024-02-19 17:16:24.000,18666,18667,18667,1,1
2024-02-19 17:16:25.000,18666,18667,18667,2,2
2024-02-19 17:16:28.000,18666,18667,18666,1,-1
2024-02-19 17:16:31.000,18666,18667,18667,3,3
2024-02-19 17:17:01.000,18666,18667,18666,1,-1
2024-02-19 17:17:37.000,18666,18667,18666,1,-1
2024-02-19 17:17:44.000,18666,18667,18666,1,-1
2024-02-19 17:18:01.000,18666,18667,18666,1,-1
2024-02-19 17:18:12.000,18666,18667,18666,1,-1
2024-02-19 17:18:23.000,18666,18667,18666,1,-1
2024-02-19 17:18:26.000,18666,18667,18666,3,-3
2024-02-19 17:18:29.000,18666,18667,18666,1,-1
2024-02-19 17:18:33.000,18666,18667,18666,2,-2
2024-02-19 17:18:33.000,18665,18666,18666,1,1
2024-02-19 17:18:35.000,18666,18667,18666,1,-1
2024-02-19 17:18:38.000,18665,18667,18665,1,-1
2024-02-19 17:18:43.000,18665,18666,18665,1,-1
2024-02-19 17:18:44.000,18665,18666,18665,1,-1
2024-02-19 17:18:47.000,18665,18666,18665,1,-1
2024-02-19 17:19:02.000,18665,18666,18665,1,-1
2024-02-19 17:19:02.000,18665,18666,18665,1,-1
2024-02-19 17:19:11.000,18665,18666,18666,1,1
2024-02-19 17:19:17.000,18665,18666,18666,1,1
2024-02-19 17:19:23.000,18666,18667,18666,1,-1
2024-02-19 17:19:26.000,18665,18666,18665,2,-2
2024-02-19 17:19:46.000,18664,18665,18665,2,2
2024-02-19 17:19:46.000,18664,18665,18665,2,2
2024-02-19 17:19:47.000,18664,18666,18665,1,1
2024-02-19 17:19:47.000,18664,18666,18665,1,1
2024-02-19 17:19:47.000,18664,18665,18664,1,-1
2024-02-19 17:20:00.000,18664,18665,18664,1,-1
2024-02-19 17:20:01.000,18664,18665,18664,1,-1
2024-02-19 17:20:20.000,18663,18664,18663,1,-1
2024-02-19 17:20:22.000,18663,18665,18663,1,-1
2024-02-19 17:20:37.000,18663,18665,18664,1,-1
2024-02-19 17:20:46.000,18664,18665,18664,3,-3
2024-02-19 17:20:57.000,18664,18665,18665,2,2
2024-02-19 17:21:25.000,18665,18666,18666,1,1
2024-02-19 17:21:47.000,18665,18666,18666,1,1
2024-02-19 17:21:48.000,18665,18666,18666,2,2
2024-02-19 17:21:48.000,18665,18666,18666,1,1
2024-02-19 17:22:00.000,18666,18667,18666,1,-1
2024-02-19 17:22:53.000,18665,18666,18666,2,2
2024-02-19 17:23:13.000,18665,18666,18665,2,-2
2024-02-19 17:23:13.000,18665,18666,18665,1,-1
2024-02-19 17:23:13.000,18665,18666,18665,1,-1
2024-02-19 17:23:27.000,18665,18666,18665,1,-1
2024-02-19 17:23:27.000,18664,18665,18665,1,1
2024-02-19 17:23:57.000,18664,18665,18664,1,-1
2024-02-19 17:24:02.000,18664,18665,18664,1,-1
2024-02-19 17:24:02.000,18664,18665,18665,2,2
2024-02-19 17:24:56.000,18664,18665,18664,1,-1
2024-02-19 17:25:00.000,18664,18665,18664,1,-1
2024-02-19 17:25:00.000,18664,18665,18664,1,-1
2024-02-19 17:25:24.000,18664,18665,18664,3,-3
2024-02-19 17:25:52.000,18664,18665,18665,3,3
2024-02-19 17:25:56.000,18664,18665,18664,1,-1
2024-02-19 17:26:04.000,18664,18665,18665,1,1
2024-02-19 17:26:04.000,18664,18665,18665,1,1
2024-02-19 17:26:10.000,18665,18666,18665,1,-1
2024-02-19 17:26:31.000,18665,18666,18665,1,-1
2024-02-19 17:26:53.000,18664,18666,18666,1,1
2024-02-19 17:26:59.000,18664,18666,18666,3,3
2024-02-19 17:27:20.000,18665,18666,18665,1,-1
2024-02-19 17:28:10.000,18664,18665,18664,1,-1
2024-02-19 17:28:24.000,18664,18665,18664,1,-1
2024-02-19 17:29:18.000,18663,18664,18664,1,1
2024-02-19 17:29:35.000,18663,18664,18664,1,1
2024-02-19 17:30:05.000,18663,18664,18664,2,2
2024-02-19 17:30:05.000,18663,18664,18664,1,1
2024-02-19 17:30:05.000,18663,18664,18664,1,1
2024-02-19 17:30:05.000,18663,18664,18664,1,1
2024-02-19 17:30:05.000,18664,18665,18665,1,1
2024-02-19 17:30:05.000,18664,18665,18664,1,-1
2024-02-19 17:30:06.000,18664,18665,18664,1,-1
2024-02-19 17:30:06.000,18663,18665,18663,2,-2
2024-02-19 17:30:06.000,18663,18665,18663,1,-1
2024-02-19 17:30:11.000,18663,18665,18663,8,-8
2024-02-19 17:30:18.000,18663,18664,18664,1,1
2024-02-19 17:30:38.000,18663,18664,18663,3,-3
2024-02-19 17:30:52.000,18662,18664,18662,1,-1
2024-02-19 17:31:16.000,18662,18663,18662,1,-1
2024-02-19 17:31:25.000,18662,18663,18662,1,-1
2024-02-19 17:31:40.000,18662,18663,18662,5,-5
2024-02-19 17:31:47.000,18662,18663,18662,2,-2
2024-02-19 17:31:47.000,18662,18663,18662,1,-1
2024-02-19 17:31:47.000,18662,18663,18662,2,-2
2024-02-19 17:32:04.000,18661,18662,18662,1,1
2024-02-19 17:32:05.000,18662,18663,18662,1,-1
2024-02-19 17:33:17.000,18662,18663,18662,1,-1
2024-02-19 17:33:20.000,18662,18663,18662,2,-2
2024-02-19 17:33:56.000,18661,18663,18663,3,3
2024-02-19 17:34:14.000,18661,18663,18662,1,1
2024-02-19 17:34:26.000,18661,18662,18661,1,-1
2024-02-19 17:34:30.000,18661,18662,18661,1,-1
2024-02-19 17:34:42.000,18661,18662,18661,1,-1
2024-02-19 17:35:12.000,18661,18662,18661,1,-1
2024-02-19 17:35:13.000,18661,18662,18661,1,-1
2024-02-19 17:35:18.000,18661,18662,18660,1,-1
2024-02-19 17:35:18.000,18661,18662,18661,3,-3
2024-02-19 17:35:46.000,18660,18661,18660,1,-1
2024-02-19 17:35:46.000,18660,18661,18660,2,-2
2024-02-19 17:35:49.000,18660,18661,18660,1,-1
2024-02-19 17:35:58.000,18660,18661,18661,2,2
2024-02-19 17:36:15.000,18660,18662,18662,3,3
2024-02-19 17:36:54.000,18661,18662,18662,1,1
2024-02-19 17:37:00.000,18661,18662,18661,2,-2
2024-02-19 17:37:00.000,18661,18662,18661,2,-2
2024-02-19 17:37:09.000,18660,18661,18661,1,1
2024-02-19 17:37:12.000,18660,18662,18660,3,-3
2024-02-19 17:37:26.000,18660,18661,18660,1,-1
2024-02-19 17:38:09.000,18660,18661,18660,2,-2
2024-02-19 17:38:21.000,18660,18661,18661,2,2
2024-02-19 17:38:21.000,18660,18661,18661,1,1
2024-02-19 17:38:21.000,18660,18661,18661,1,1
2024-02-19 17:38:34.000,18660,18662,18660,2,-2
2024-02-19 17:38:38.000,18660,18662,18660,1,-1
2024-02-19 17:38:39.000,18660,18661,18661,1,1
2024-02-19 17:38:48.000,18659,18661,18661,1,1
2024-02-19 17:39:14.000,18661,18662,18661,1,-1
2024-02-19 17:39:56.000,18660,18661,18660,2,-2
2024-02-19 17:39:56.000,18660,18661,18661,1,1
2024-02-19 17:40:07.000,18661,18662,18661,1,-1
2024-02-19 17:40:19.000,18661,18662,18661,1,-1
2024-02-19 17:40:36.000,18661,18662,18662,3,3
2024-02-19 17:40:57.000,18661,18662,18661,3,-3
2024-02-19 17:41:24.000,18661,18662,18662,2,2
2024-02-19 17:41:25.000,18661,18662,18661,2,-2
2024-02-19 17:41:36.000,18661,18662,18662,1,1
2024-02-19 17:41:50.000,18661,18663,18663,1,1
2024-02-19 17:41:51.000,18662,18663,18663,2,2
2024-02-19 17:43:36.000,18662,18663,18663,1,1
2024-02-19 17:44:34.000,18662,18664,18664,1,1
2024-02-19 17:45:15.000,18663,18664,18663,2,-2
2024-02-19 17:45:15.000,18663,18664,18663,3,-3
2024-02-19 17:45:23.000,18663,18664,18663,1,-1
2024-02-19 17:45:34.000,18663,18664,18663,1,-1
2024-02-19 17:45:41.000,18662,18663,18662,1,-1
2024-02-19 17:46:38.000,18663,18664,18663,1,-1
2024-02-19 17:46:46.000,18663,18664,18663,1,-1
2024-02-19 17:46:56.000,18662,18664,18662,1,-1
2024-02-19 17:47:50.000,18662,18663,18662,1,-1
2024-02-19 17:48:35.000,18662,18664,18662,2,-2
2024-02-19 17:49:13.000,18663,18664,18664,1,1
2024-02-19 17:49:22.000,18664,18665,18664,1,-1
2024-02-19 17:50:00.000,18664,18665,18664,1,-1
2024-02-19 17:50:00.000,18664,18665,18664,3,-3
2024-02-19 17:50:00.000,18662,18664,18664,1,1
2024-02-19 17:50:01.000,18662,18664,18664,1,1
2024-02-19 17:50:01.000,18663,18664,18664,1,1
2024-02-19 17:50:01.000,18663,18664,18664,1,1
2024-02-19 17:50:01.000,18663,18664,18664,1,1
2024-02-19 17:50:01.000,18663,18665,18665,1,1
2024-02-19 17:50:01.000,18663,18665,18665,1,1
2024-02-19 17:50:01.000,18663,18665,18665,1,1
2024-02-19 17:50:02.000,18663,18665,18665,1,1
2024-02-19 17:50:02.000,18663,18665,18665,1,1
2024-02-19 17:50:02.000,18663,18665,18664,1,1
2024-02-19 17:50:02.000,18663,18665,18665,1,1
2024-02-19 17:50:02.000,18663,18665,18665,1,1
2024-02-19 17:50:02.000,18663,18665,18665,1,1
2024-02-19 17:50:02.000,18663,18665,18665,1,1
2024-02-19 17:50:53.000,18664,18665,18665,1,1
2024-02-19 17:51:06.000,18664,18665,18665,1,1
2024-02-19 17:51:16.000,18664,18665,18664,1,-1
2024-02-19 17:51:43.000,18664,18665,18665,2,2
2024-02-19 17:52:00.000,18664,18665,18664,1,-1
2024-02-19 17:53:10.000,18665,18666,18665,1,-1
2024-02-19 17:53:11.000,18665,18666,18665,1,-1
2024-02-19 17:53:13.000,18665,18666,18665,1,-1
2024-02-19 17:53:27.000,18665,18666,18665,1,-1
2024-02-19 17:53:33.000,18665,18666,18666,1,1
2024-02-19 17:53:59.000,18665,18666,18666,2,2
2024-02-19 17:54:00.000,18665,18666,18665,1,-1
2024-02-19 17:54:03.000,18665,18666,18665,1,-1
2024-02-19 17:54:23.000,18665,18666,18666,4,4
2024-02-19 17:54:37.000,18665,18666,18665,1,-1
2024-02-19 17:56:01.000,18665,18666,18666,1,1
2024-02-19 17:56:01.000,18665,18666,18666,1,1
2024-02-19 17:56:01.000,18665,18666,18666,11,11
2024-02-19 17:56:01.000,18665,18666,18666,1,1
2024-02-19 17:56:01.000,18665,18667,18667,1,1
2024-02-19 17:56:04.000,18665,18667,18667,1,1
2024-02-19 17:57:00.000,18666,18667,18667,3,3
2024-02-19 17:57:00.000,18666,18667,18666,1,-1
2024-02-19 17:57:14.000,18666,18667,18666,1,-1
2024-02-19 17:57:16.000,18666,18667,18666,1,-1
2024-02-19 17:57:48.000,18665,18666,18666,1,1
2024-02-19 17:57:49.000,18665,18666,18666,1,1
2024-02-19 17:57:49.000,18665,18666,18666,2,2
2024-02-19 17:58:11.000,18666,18667,18667,2,2
2024-02-19 17:58:15.000,18666,18667,18667,2,2
2024-02-19 17:59:15.000,18666,18667,18666,4,-4
2024-02-19 17:59:21.000,18666,18667,18666,1,-1
2024-02-19 17:59:21.000,18666,18667,18666,1,-1
2024-02-19 17:59:22.000,18665,18666,18665,6,-6
2024-02-19 17:59:59.000,18665,18666,18666,1,1
2024-02-19 18:00:03.000,18665,18666,18665,1,-1
2024-02-19 18:00:03.000,18665,18666,18665,1,-1
2024-02-19 18:00:05.000,18664,18666,18666,2,2
2024-02-19 18:00:05.000,18664,18666,18666,2,2
2024-02-19 18:00:05.000,18664,18666,18664,2,-2
2024-02-19 18:00:05.000,18664,18666,18664,1,-1
2024-02-19 18:00:12.000,18664,18665,18664,1,-1
2024-02-19 18:00:23.000,18664,18666,18664,1,-1
2024-02-19 18:00:26.000,18664,18666,18664,1,-1
2024-02-19 18:00:55.000,18663,18665,18665,4,4
2024-02-19 18:01:13.000,18663,18664,18664,1,1
2024-02-19 18:01:13.000,18663,18664,18665,1,1
2024-02-19 18:01:49.000,18663,18664,18663,2,-2
2024-02-19 18:02:02.000,18662,18663,18663,4,4
2024-02-19 18:02:19.000,18663,18664,18663,1,-1
2024-02-19 18:03:12.000,18663,18665,18663,1,-1
2024-02-19 18:03:58.000,18663,18665,18663,1,-1
2024-02-19 18:04:07.000,18663,18665,18663,1,-1
2024-02-19 18:04:57.000,18663,18664,18664,2,2
2024-02-19 18:05:03.000,18664,18665,18664,1,-1
2024-02-19 18:05:10.000,18663,18665,18663,1,-1
2024-02-19 18:06:05.000,18663,18664,18664,1,1
2024-02-19 18:06:30.000,18663,18664,18664,2,2
2024-02-19 18:07:14.000,18664,18665,18664,1,-1
2024-02-19 18:07:35.000,18664,18665,18665,2,2
2024-02-19 18:07:43.000,18664,18666,18665,1,1
2024-02-19 18:08:07.000,18664,18666,18665,1,1
2024-02-19 18:08:20.000,18665,18666,18665,1,-1
2024-02-19 18:08:33.000,18664,18665,18665,1,1
2024-02-19 18:09:31.000,18663,18665,18664,1,1
2024-02-19 18:10:03.000,18663,18665,18665,1,1
2024-02-19 18:10:56.000,18663,18665,18663,1,-1
2024-02-19 18:10:56.000,18663,18665,18665,2,2
2024-02-19 18:11:56.000,18663,18665,18663,1,-1
2024-02-19 18:12:56.000,18663,18665,18663,2,-2
2024-02-19 18:13:23.000,18664,18665,18665,1,1
2024-02-19 18:13:23.000,18664,18665,18665,2,2
2024-02-19 18:13:23.000,18664,18665,18665,1,1
2024-02-19 18:13:23.000,18664,18665,18665,2,2
2024-02-19 18:13:23.000,18664,18665,18665,2,2
2024-02-19 18:14:01.000,18665,18666,18665,1,-1
2024-02-19 18:14:42.000,18665,18666,18665,1,-1
2024-02-19 18:14:51.000,18665,18666,18665,2,-2
2024-02-19 18:14:54.000,18665,18666,18665,1,-1
2024-02-19 18:14:56.000,18664,18666,18664,1,-1
2024-02-19 18:15:08.000,18664,18665,18665,1,1
2024-02-19 18:15:34.000,18664,18666,18664,8,-8
2024-02-19 18:16:56.000,18664,18665,18664,1,-1
2024-02-19 18:17:05.000,18664,18665,18665,2,2
2024-02-19 18:17:12.000,18664,18665,18665,1,1
2024-02-19 18:17:15.000,18665,18666,18665,1,-1
2024-02-19 18:17:33.000,18665,18666,18666,10,10
2024-02-19 18:18:43.000,18664,18666,18666,18,18
2024-02-19 18:18:48.000,18664,18666,18666,1,1
2024-02-19 18:21:13.000,18664,18665,18664,2,-2
2024-02-19 18:21:13.000,18664,18665,18664,2,-2
2024-02-19 18:21:13.000,18664,18665,18664,2,-2
2024-02-19 18:21:14.000,18663,18664,18663,1,-1
2024-02-19 18:21:25.000,18663,18664,18663,2,-2
2024-02-19 18:21:58.000,18662,18663,18662,3,-3
2024-02-19 18:21:58.000,18662,18663,18662,1,-1
2024-02-19 18:22:11.000,18662,18663,18662,1,-1
2024-02-19 18:22:20.000,18661,18662,18662,5,5
2024-02-19 18:22:45.000,18661,18662,18661,3,-3
2024-02-19 18:23:34.000,18661,18662,18662,1,1
2024-02-19 18:23:34.000,18661,18662,18662,1,1
2024-02-19 18:24:44.000,18662,18663,18662,1,-1
2024-02-19 18:24:56.000,18662,18663,18662,3,-3
2024-02-19 18:25:30.000,18661,18662,18661,11,-11
2024-02-19 18:25:32.000,18660,18661,18660,2,-2
2024-02-19 18:25:33.000,18660,18661,18661,1,1
2024-02-19 18:25:34.000,18660,18661,18660,3,-3
2024-02-19 18:25:35.000,18660,18661,18661,1,1
2024-02-19 18:25:49.000,18660,18661,18661,1,1
2024-02-19 18:26:01.000,18660,18661,18661,1,1
2024-02-19 18:26:02.000,18660,18661,18660,9,-9
2024-02-19 18:26:13.000,18659,18660,18659,1,-1
2024-02-19 18:26:14.000,18659,18660,18659,1,-1
2024-02-19 18:26:14.000,18659,18660,18659,1,-1
2024-02-19 18:26:14.000,18659,18660,18659,19,-19
2024-02-19 18:26:14.000,18659,18660,18659,1,-1
2024-02-19 18:26:14.000,18659,18660,18659,2,-2
2024-02-19 18:26:14.000,18659,18660,18659,1,-1
2024-02-19 18:26:14.000,18658,18659,18659,1,1
2024-02-19 18:26:15.000,18658,18659,18659,1,1
2024-02-19 18:26:24.000,18658,18659,18658,4,-4
2024-02-19 18:26:29.000,18658,18659,18659,1,1
2024-02-19 18:26:43.000,18659,18660,18659,2,-2
2024-02-19 18:26:45.000,18659,18660,18659,1,-1
2024-02-19 18:27:04.000,18659,18660,18658,4,-4
2024-02-19 18:27:04.000,18659,18660,18659,2,-2
2024-02-19 18:27:29.000,18658,18659,18658,1,-1
2024-02-19 18:27:31.000,18658,18659,18658,1,-1
2024-02-19 18:27:33.000,18658,18659,18659,1,1
2024-02-19 18:27:34.000,18658,18659,18659,2,2
2024-02-19 18:27:34.000,18658,18659,18659,1,1
2024-02-19 18:27:35.000,18658,18660,18659,1,1
2024-02-19 18:27:38.000,18659,18660,18659,3,-3
2024-02-19 18:27:41.000,18659,18660,18659,1,-1
2024-02-19 18:27:50.000,18659,18660,18659,3,-3
2024-02-19 18:28:45.000,18658,18659,18659,1,1
2024-02-19 18:28:56.000,18658,18659,18658,3,-3
2024-02-19 18:29:07.000,18658,18659,18658,1,-1
2024-02-19 18:29:08.000,18658,18659,18659,4,4
2024-02-19 18:29:08.000,18658,18659,18659,1,1
2024-02-19 18:29:08.000,18658,18659,18659,2,2
2024-02-19 18:29:08.000,18658,18659,18659,1,1
2024-02-19 18:29:14.000,18659,18660,18659,4,-4
2024-02-19 18:29:15.000,18659,18660,18658,2,-2
2024-02-19 18:29:15.000,18659,18660,18659,1,-1
2024-02-19 18:29:28.000,18659,18660,18659,1,-1
2024-02-19 18:29:50.000,18659,18660,18660,5,5
2024-02-19 18:29:50.000,18659,18660,18660,2,2
2024-02-19 18:29:57.000,18660,18661,18660,1,-1
2024-02-19 18:29:57.000,18660,18661,18659,3,-3
2024-02-19 18:30:36.000,18659,18660,18660,2,2
2024-02-19 18:30:36.000,18659,18660,18660,5,5
2024-02-19 18:30:36.000,18659,18660,18660,1,1
2024-02-19 18:30:36.000,18659,18660,18660,1,1
2024-02-19 18:30:36.000,18659,18660,18660,1,1
2024-02-19 18:30:36.000,18659,18660,18660,1,1
2024-02-19 18:30:36.000,18659,18660,18660,16,16
2024-02-19 18:30:37.000,18660,18661,18660,1,-1
2024-02-19 18:30:37.000,18660,18661,18660,1,-1
2024-02-19 18:30:37.000,18660,18661,18661,1,1
2024-02-19 18:30:37.000,18660,18662,18660,1,-1
2024-02-19 18:30:38.000,18660,18662,18660,1,-1
2024-02-19 18:30:38.000,18660,18661,18660,1,-1
2024-02-19 18:31:16.000,18661,18662,18661,2,-2
2024-02-19 18:31:33.000,18660,18662,18660,11,-11
2024-02-19 18:31:43.000,18659,18660,18659,1,-1
2024-02-19 18:32:25.000,18660,18661,18661,2,2
2024-02-19 18:32:48.000,18660,18662,18660,1,-1
2024-02-19 18:32:54.000,18661,18662,18661,1,-1
2024-02-19 18:32:57.000,18661,18662,18661,1,-1
2024-02-19 18:33:06.000,18661,18662,18661,1,-1
2024-02-19 18:33:56.000,18661,18662,18661,1,-1
2024-02-19 18:34:56.000,18660,18662,18660,1,-1
2024-02-19 18:34:57.000,18660,18662,18660,2,-2
2024-02-19 18:35:19.000,18660,18661,18661,1,1
2024-02-19 18:35:19.000,18660,18661,18661,1,1
2024-02-19 18:36:02.000,18661,18662,18661,1,-1
2024-02-19 18:36:45.000,18661,18662,18662,1,1
2024-02-19 18:36:48.000,18661,18662,18661,1,-1
2024-02-19 18:37:09.000,18661,18662,18662,1,1
2024-02-19 18:37:17.000,18661,18662,18661,1,-1
2024-02-19 18:37:20.000,18661,18662,18661,2,-2
2024-02-19 18:37:42.000,18660,18661,18660,1,-1
2024-02-19 18:38:26.000,18660,18661,18661,1,1
2024-02-19 18:38:33.000,18660,18661,18660,1,-1
2024-02-19 18:39:02.000,18660,18661,18660,1,-1
2024-02-19 18:39:20.000,18660,18661,18660,2,-2
2024-02-19 18:39:46.000,18659,18660,18659,1,-1
2024-02-19 18:39:56.000,18659,18660,18659,1,-1
2024-02-19 18:40:04.000,18659,18660,18659,2,-2
2024-02-19 18:40:04.000,18659,18660,18659,7,-7
2024-02-19 18:40:05.000,18658,18659,18658,2,-2
2024-02-19 18:40:08.000,18658,18659,18658,1,-1
2024-02-19 18:40:13.000,18658,18659,18658,1,-1
2024-02-19 18:40:19.000,18658,18659,18658,3,-3
2024-02-19 18:40:25.000,18658,18659,18659,1,1
2024-02-19 18:41:04.000,18658,18659,18659,1,1
2024-02-19 18:41:23.000,18658,18659,18659,1,1
2024-02-19 18:41:31.000,18659,18660,18659,1,-1
2024-02-19 18:41:37.000,18659,18660,18659,1,-1
2024-02-19 18:41:46.000,18659,18660,18659,3,-3
2024-02-19 18:41:51.000,18659,18660,18659,1,-1
2024-02-19 18:41:53.000,18659,18660,18659,1,-1
2024-02-19 18:42:04.000,18659,18660,18659,3,-3
2024-02-19 18:42:13.000,18659,18660,18659,1,-1
2024-02-19 18:42:43.000,18659,18660,18660,2,2
2024-02-19 18:42:43.000,18659,18660,18660,1,1
2024-02-19 18:43:45.000,18659,18661,18659,3,-3
2024-02-19 18:43:47.000,18659,18661,18659,3,-3
2024-02-19 18:43:49.000,18659,18661,18659,3,-3
2024-02-19 18:44:36.000,18659,18660,18660,1,1
2024-02-19 18:44:55.000,18659,18660,18660,1,1
2024-02-19 18:45:16.000,18659,18660,18660,1,1
2024-02-19 18:45:16.000,18660,18661,18660,2,-2
2024-02-19 18:45:16.000,18660,18661,18659,1,-1
2024-02-19 18:45:16.000,18660,18661,18660,1,-1
2024-02-19 18:45:16.000,18659,18661,18659,1,-1
2024-02-19 18:45:49.000,18659,18660,18660,1,1
2024-02-19 18:45:49.000,18659,18660,18660,2,2
2024-02-19 18:46:12.000,18659,18660,18660,1,1
2024-02-19 18:46:12.000,18659,18660,18660,1,1
2024-02-19 18:46:22.000,18660,18661,18661,1,1
2024-02-19 18:46:28.000,18660,18662,18660,15,-15
2024-02-19 18:46:29.000,18660,18661,18660,3,-3
2024-02-19 18:46:57.000,18659,18660,18660,1,1
2024-02-19 18:47:27.000,18660,18662,18660,4,-4
2024-02-19 18:47:54.000,18659,18660,18659,2,-2
