2024-12-26 15:00:00.001,23306,23306,23306,62,0
2024-12-26 15:00:00.001,23306,23306,23306,2,0
2024-12-26 15:00:00.001,23308,23308,23308,4,4
2024-12-26 15:00:00.001,23308,23308,23308,2,0
2024-12-26 15:00:00.001,23306,23306,23306,4,-4
2024-12-26 15:00:00.001,23309,23309,23309,4,4
2024-12-26 15:00:00.001,23309,23309,23309,2,0
2024-12-26 15:00:00.001,23305,23305,23305,2,-2
2024-12-26 15:00:00.001,23310,23310,23310,4,4
2024-12-26 15:00:00.001,23310,23310,23310,2,0
2024-12-26 15:00:00.001,23312,23312,23312,2,2
2024-12-26 15:00:01.001,23310,23310,23310,2,-2
2024-12-26 15:00:01.001,23310,23310,23310,2,0
2024-12-26 15:00:01.001,23308,23308,23308,2,-2
2024-12-26 15:00:03.001,23311,23311,23311,2,2
2024-12-26 15:00:03.001,23312,23312,23312,2,2
2024-12-26 15:00:04.001,23310,23310,23310,6,-6
2024-12-26 15:00:04.001,23308,23308,23308,2,-2
2024-12-26 15:00:06.001,23309,23309,23309,2,2
2024-12-26 15:00:06.001,23308,23308,23308,2,-2
2024-12-26 15:00:06.001,23308,23308,23308,2,0
2024-12-26 15:00:09.001,23311,23311,23311,2,2
2024-12-26 15:00:10.001,23311,23311,23311,2,0
2024-12-26 15:00:10.001,23311,23311,23311,2,0
2024-12-26 15:00:11.001,23312,23312,23312,2,2
2024-12-26 15:00:11.001,23313,23313,23313,2,2
2024-12-26 15:00:11.001,23313,23313,23313,4,0
2024-12-26 15:00:11.001,23314,23314,23314,4,4
2024-12-26 15:00:12.001,23312,23312,23312,2,-2
2024-12-26 15:00:12.001,23311,23311,23311,2,-2
2024-12-26 15:00:12.001,23310,23310,23310,2,-2
2024-12-26 15:00:12.001,23310,23310,23310,2,0
2024-12-26 15:00:12.001,23309,23309,23309,2,-2
2024-12-26 15:00:12.001,23308,23308,23308,2,-2
2024-12-26 15:00:12.001,23308,23308,23308,2,0
2024-12-26 15:00:12.001,23309,23309,23309,2,2
2024-12-26 15:00:12.001,23308,23308,23308,2,-2
2024-12-26 15:00:12.001,23308,23308,23308,2,0
2024-12-26 15:00:12.001,23312,23312,23312,2,2
2024-12-26 15:00:12.001,23309,23309,23309,2,-2
2024-12-26 15:00:12.001,23308,23308,23308,2,-2
2024-12-26 15:00:12.001,23308,23308,23308,2,0
2024-12-26 15:00:13.001,23311,23311,23311,6,6
2024-12-26 15:00:17.001,23308,23308,23308,2,-2
2024-12-26 15:00:20.001,23309,23309,23309,2,2
2024-12-26 15:00:20.001,23310,23310,23310,2,2
2024-12-26 15:00:20.001,23308,23308,23308,2,-2
2024-12-26 15:00:20.001,23308,23308,23308,2,0
2024-12-26 15:00:22.001,23309,23309,23309,2,2
2024-12-26 15:00:24.001,23309,23309,23309,2,0
2024-12-26 15:00:25.001,23309,23309,23309,2,0
2024-12-26 15:00:26.001,23309,23309,23309,2,0
2024-12-26 15:00:26.001,23310,23310,23310,2,2
2024-12-26 15:00:26.001,23311,23311,23311,2,2
2024-12-26 15:00:26.001,23311,23311,23311,12,0
2024-12-26 15:00:26.001,23312,23312,23312,4,4
2024-12-26 15:00:28.001,23311,23311,23311,2,-2
2024-12-26 15:00:28.001,23310,23310,23310,2,-2
2024-12-26 15:00:29.001,23311,23311,23311,2,2
2024-12-26 15:00:31.001,23312,23312,23312,2,2
2024-12-26 15:00:39.001,23311,23311,23311,2,-2
2024-12-26 15:00:39.001,23311,23311,23311,2,0
2024-12-26 15:00:41.001,23312,23312,23312,2,2
2024-12-26 15:00:45.001,23311,23311,23311,2,-2
2024-12-26 15:00:49.001,23311,23311,23311,2,0
2024-12-26 15:00:51.001,23312,23312,23312,8,8
2024-12-26 15:00:54.001,23312,23312,23312,2,0
2024-12-26 15:00:54.001,23312,23312,23312,2,0
2024-12-26 15:00:55.001,23311,23311,23311,4,-4
2024-12-26 15:00:57.001,23311,23311,23311,2,0
2024-12-26 15:00:57.001,23310,23310,23310,2,-2
2024-12-26 15:00:57.001,23310,23310,23310,2,0
2024-12-26 15:00:57.001,23310,23310,23310,2,0
2024-12-26 15:00:57.001,23310,23310,23310,2,0
2024-12-26 15:01:00.001,23309,23309,23309,2,-2
2024-12-26 15:01:00.001,23309,23309,23309,2,0
2024-12-26 15:01:00.001,23308,23308,23308,2,-2
2024-12-26 15:01:00.001,23308,23308,23308,2,0
2024-12-26 15:01:00.001,23308,23308,23308,2,0
2024-12-26 15:01:00.001,23308,23308,23308,2,0
2024-12-26 15:01:00.001,23308,23308,23308,2,0
2024-12-26 15:01:00.001,23308,23308,23308,2,0
2024-12-26 15:01:00.001,23307,23307,23307,2,-2
2024-12-26 15:01:00.001,23306,23306,23306,2,-2
2024-12-26 15:01:00.001,23306,23306,23306,2,0
2024-12-26 15:01:00.001,23307,23307,23307,2,2
2024-12-26 15:01:00.001,23308,23308,23308,2,2
2024-12-26 15:01:00.001,23306,23306,23306,2,-2
2024-12-26 15:01:02.001,23307,23307,23307,2,2
2024-12-26 15:01:04.001,23307,23307,23307,2,0
2024-12-26 15:01:07.001,23307,23307,23307,2,0
2024-12-26 15:01:09.001,23307,23307,23307,2,0
2024-12-26 15:01:09.001,23307,23307,23307,2,0
2024-12-26 15:01:09.001,23307,23307,23307,2,0
2024-12-26 15:01:11.001,23308,23308,23308,2,2
2024-12-26 15:01:12.001,23307,23307,23307,2,-2
2024-12-26 15:01:14.001,23309,23309,23309,2,2
2024-12-26 15:01:14.001,23307,23307,23307,2,-2
2024-12-26 15:01:15.001,23307,23307,23307,2,0
2024-12-26 15:01:15.001,23306,23306,23306,2,-2
2024-12-26 15:01:16.001,23306,23306,23306,2,0
2024-12-26 15:01:16.001,23306,23306,23306,2,0
2024-12-26 15:01:16.001,23306,23306,23306,2,0
2024-12-26 15:01:17.001,23308,23308,23308,2,2
2024-12-26 15:01:18.001,23306,23306,23306,2,-2
2024-12-26 15:01:18.001,23307,23307,23307,2,2
2024-12-26 15:01:23.001,23306,23306,23306,2,-2
2024-12-26 15:01:23.001,23306,23306,23306,2,0
2024-12-26 15:01:23.001,23306,23306,23306,2,0
2024-12-26 15:01:23.001,23305,23305,23305,2,-2
2024-12-26 15:01:23.001,23305,23305,23305,2,0
2024-12-26 15:01:26.001,23305,23305,23305,2,0
2024-12-26 15:01:26.001,23305,23305,23305,2,0
2024-12-26 15:01:28.001,23306,23306,23306,2,2
2024-12-26 15:01:30.001,23303,23303,23303,2,-2
2024-12-26 15:01:30.001,23304,23304,23304,10,10
2024-12-26 15:01:30.001,23305,23305,23305,6,6
2024-12-26 15:01:33.001,23303,23303,23303,2,-2
2024-12-26 15:01:33.001,23303,23303,23303,2,0
2024-12-26 15:01:33.001,23303,23303,23303,2,0
2024-12-26 15:01:33.001,23303,23303,23303,2,0
2024-12-26 15:01:34.001,23302,23302,23302,4,-4
2024-12-26 15:01:34.001,23302,23302,23302,2,0
2024-12-26 15:01:34.001,23302,23302,23302,2,0
2024-12-26 15:01:34.001,23302,23302,23302,2,0
2024-12-26 15:01:38.001,23302,23302,23302,2,0
2024-12-26 15:01:39.001,23304,23304,23304,2,2
2024-12-26 15:01:40.001,23304,23304,23304,2,0
2024-12-26 15:01:41.001,23305,23305,23305,2,2
2024-12-26 15:01:41.001,23305,23305,23305,2,0
2024-12-26 15:01:41.001,23304,23304,23304,2,-2
2024-12-26 15:01:42.001,23304,23304,23304,2,0
2024-12-26 15:01:42.001,23304,23304,23304,2,0
2024-12-26 15:01:42.001,23304,23304,23304,2,0
2024-12-26 15:01:45.001,23305,23305,23305,2,2
2024-12-26 15:01:48.001,23305,23305,23305,18,0
2024-12-26 15:01:48.001,23307,23307,23307,2,2
2024-12-26 15:01:48.001,23305,23305,23305,2,-2
2024-12-26 15:01:55.001,23305,23305,23305,2,0
2024-12-26 15:01:55.001,23308,23308,23308,6,6
2024-12-26 15:01:55.001,23309,23309,23309,10,10
2024-12-26 15:01:55.001,23310,23310,23310,18,18
2024-12-26 15:01:55.001,23311,23311,23311,8,8
2024-12-26 15:01:55.001,23312,23312,23312,6,6
2024-12-26 15:01:55.001,23313,23313,23313,2,2
2024-12-26 15:01:55.001,23312,23312,23312,2,-2
2024-12-26 15:01:56.001,23312,23312,23312,2,0
2024-12-26 15:01:56.001,23314,23314,23314,2,2
2024-12-26 15:02:06.001,23310,23310,23310,10,-10
2024-12-26 15:02:06.001,23311,23311,23311,2,2
2024-12-26 15:02:09.001,23312,23312,23312,2,2
2024-12-26 15:02:09.001,23312,23312,23312,2,0
2024-12-26 15:02:10.001,23311,23311,23311,2,-2
2024-12-26 15:02:10.001,23311,23311,23311,2,0
2024-12-26 15:02:10.001,23311,23311,23311,2,0
2024-12-26 15:02:10.001,23311,23311,23311,2,0
2024-12-26 15:02:14.001,23313,23313,23313,2,2
2024-12-26 15:02:19.001,23311,23311,23311,2,-2
2024-12-26 15:02:24.001,23311,23311,23311,2,0
2024-12-26 15:02:24.001,23311,23311,23311,2,0
2024-12-26 15:02:24.001,23311,23311,23311,2,0
2024-12-26 15:02:24.001,23311,23311,23311,2,0
2024-12-26 15:02:24.001,23311,23311,23311,2,0
2024-12-26 15:02:24.001,23311,23311,23311,2,0
2024-12-26 15:02:24.001,23310,23310,23310,38,-38
2024-12-26 15:02:24.001,23310,23310,23310,14,0
2024-12-26 15:02:24.001,23310,23310,23310,2,0
2024-12-26 15:02:24.001,23310,23310,23310,2,0
2024-12-26 15:02:50.001,23307,23307,23307,2,-2
2024-12-26 15:02:50.001,23306,23306,23306,2,-2
2024-12-26 15:02:50.001,23306,23306,23306,2,0
2024-12-26 15:03:07.001,23309,23309,23309,2,2
2024-12-26 15:03:08.001,23308,23308,23308,2,-2
2024-12-26 15:03:08.001,23308,23308,23308,2,0
2024-12-26 15:03:08.001,23310,23310,23310,2,2
2024-12-26 15:03:16.001,23308,23308,23308,2,-2
2024-12-26 15:03:16.001,23308,23308,23308,2,0
2024-12-26 15:03:16.001,23308,23308,23308,2,0
2024-12-26 15:03:16.001,23308,23308,23308,2,0
2024-12-26 15:03:16.001,23308,23308,23308,2,0
2024-12-26 15:03:29.001,23308,23308,23308,2,0
2024-12-26 15:03:41.001,23308,23308,23308,2,0
2024-12-26 15:03:41.001,23308,23308,23308,2,0
2024-12-26 15:03:41.001,23308,23308,23308,2,0
2024-12-26 15:03:41.001,23310,23310,23310,2,2
2024-12-26 15:03:41.001,23311,23311,23311,2,2
2024-12-26 15:03:41.001,23311,23311,23311,2,0
2024-12-26 15:03:41.001,23309,23309,23309,2,-2
2024-12-26 15:03:41.001,23309,23309,23309,2,0
2024-12-26 15:03:41.001,23309,23309,23309,2,0
2024-12-26 15:03:42.001,23309,23309,23309,2,0
2024-12-26 15:03:46.001,23309,23309,23309,2,0
2024-12-26 15:03:54.001,23308,23308,23308,2,-2
2024-12-26 15:03:54.001,23308,23308,23308,2,0
2024-12-26 15:03:54.001,23308,23308,23308,2,0
2024-12-26 15:03:58.001,23308,23308,23308,2,0
2024-12-26 15:04:06.001,23308,23308,23308,2,0
2024-12-26 15:04:06.001,23308,23308,23308,2,0
2024-12-26 15:04:06.001,23308,23308,23308,2,0
2024-12-26 15:04:16.001,23308,23308,23308,2,0
2024-12-26 15:04:17.001,23308,23308,23308,2,0
2024-12-26 15:04:19.001,23308,23308,23308,2,0
2024-12-26 15:04:19.001,23307,23307,23307,2,-2
2024-12-26 15:04:20.001,23307,23307,23307,2,0
2024-12-26 15:04:20.001,23307,23307,23307,2,0
2024-12-26 15:04:32.001,23308,23308,23308,2,2
2024-12-26 15:04:43.001,23308,23308,23308,2,0
2024-12-26 15:04:55.001,23310,23310,23310,2,2
2024-12-26 15:05:03.001,23311,23311,23311,4,4
2024-12-26 15:05:04.001,23311,23311,23311,2,0
2024-12-26 15:05:21.001,23309,23309,23309,2,-2
2024-12-26 15:05:27.001,23309,23309,23309,2,0
2024-12-26 15:05:28.001,23308,23308,23308,2,-2
2024-12-26 15:05:51.001,23306,23306,23306,2,-2
2024-12-26 15:06:01.001,23306,23306,23306,2,0
2024-12-26 15:06:01.001,23306,23306,23306,2,0
2024-12-26 15:06:01.001,23306,23306,23306,2,0
2024-12-26 15:06:07.001,23306,23306,23306,8,0
2024-12-26 15:06:07.001,23307,23307,23307,2,2
2024-12-26 15:06:08.001,23306,23306,23306,2,-2
2024-12-26 15:06:10.001,23306,23306,23306,2,0
2024-12-26 15:06:10.001,23306,23306,23306,2,0
2024-12-26 15:06:18.001,23307,23307,23307,2,2
2024-12-26 15:06:20.001,23309,23309,23309,4,4
2024-12-26 15:06:20.001,23308,23308,23308,2,-2
2024-12-26 15:06:20.001,23308,23308,23308,2,0
2024-12-26 15:06:20.001,23308,23308,23308,2,0
2024-12-26 15:06:20.001,23308,23308,23308,2,0
2024-12-26 15:06:27.001,23308,23308,23308,4,0
2024-12-26 15:06:27.001,23308,23308,23308,2,0
2024-12-26 15:06:51.001,23307,23307,23307,2,-2
2024-12-26 15:07:00.001,23307,23307,23307,6,0
2024-12-26 15:07:02.001,23306,23306,23306,2,-2
2024-12-26 15:07:02.001,23306,23306,23306,2,0
2024-12-26 15:07:04.001,23305,23305,23305,2,-2
2024-12-26 15:07:04.001,23305,23305,23305,2,0
2024-12-26 15:07:04.001,23305,23305,23305,2,0
2024-12-26 15:07:07.001,23305,23305,23305,2,0
2024-12-26 15:07:07.001,23305,23305,23305,2,0
2024-12-26 15:07:13.001,23305,23305,23305,2,0
2024-12-26 15:07:14.001,23306,23306,23306,2,2
2024-12-26 15:07:14.001,23306,23306,23306,2,0
2024-12-26 15:07:19.001,23306,23306,23306,2,0
2024-12-26 15:07:50.001,23307,23307,23307,2,2
2024-12-26 15:08:00.001,23311,23311,23311,4,4
2024-12-26 15:08:00.001,23311,23311,23311,2,0
2024-12-26 15:08:08.001,23311,23311,23311,4,0
2024-12-26 15:08:09.001,23311,23311,23311,2,0
2024-12-26 15:08:44.001,23309,23309,23309,2,-2
2024-12-26 15:08:44.001,23309,23309,23309,2,0
2024-12-26 15:08:47.001,23309,23309,23309,2,0
2024-12-26 15:09:01.001,23308,23308,23308,2,-2
2024-12-26 15:09:40.001,23308,23308,23308,2,0
2024-12-26 15:09:40.001,23308,23308,23308,6,0
2024-12-26 15:09:40.001,23308,23308,23308,2,0
2024-12-26 15:09:42.001,23308,23308,23308,2,0
2024-12-26 15:09:45.001,23307,23307,23307,2,-2
2024-12-26 15:09:47.001,23307,23307,23307,2,0
2024-12-26 15:10:00.001,23307,23307,23307,2,0
2024-12-26 15:10:00.001,23307,23307,23307,2,0
2024-12-26 15:10:00.001,23307,23307,23307,2,0
2024-12-26 15:10:00.001,23307,23307,23307,2,0
2024-12-26 15:10:00.001,23307,23307,23307,2,0
2024-12-26 15:10:00.001,23307,23307,23307,10,0
2024-12-26 15:10:07.001,23307,23307,23307,2,0
2024-12-26 15:10:21.001,23306,23306,23306,2,-2
2024-12-26 15:10:21.001,23306,23306,23306,2,0
2024-12-26 15:10:23.001,23305,23305,23305,2,-2
2024-12-26 15:10:26.001,23305,23305,23305,2,0
2024-12-26 15:10:50.001,23305,23305,23305,2,0
2024-12-26 15:10:50.001,23305,23305,23305,2,0
2024-12-26 15:10:50.001,23305,23305,23305,2,0
2024-12-26 15:10:50.001,23305,23305,23305,2,0
2024-12-26 15:10:52.001,23305,23305,23305,4,0
2024-12-26 15:10:57.001,23306,23306,23306,2,2
2024-12-26 15:10:57.001,23307,23307,23307,4,4
2024-12-26 15:10:59.001,23307,23307,23307,2,0
2024-12-26 15:11:03.001,23307,23307,23307,2,0
2024-12-26 15:11:20.001,23307,23307,23307,2,0
2024-12-26 15:11:26.001,23307,23307,23307,2,0
2024-12-26 15:11:45.001,23308,23308,23308,4,4
2024-12-26 15:11:45.001,23309,23309,23309,6,6
2024-12-26 15:11:46.001,23309,23309,23309,2,0
2024-12-26 15:11:46.001,23308,23308,23308,2,-2
2024-12-26 15:12:19.001,23305,23305,23305,2,-2
2024-12-26 15:12:19.001,23305,23305,23305,2,0
2024-12-26 15:12:24.001,23304,23304,23304,2,-2
2024-12-26 15:12:24.001,23304,23304,23304,2,0
2024-12-26 15:12:30.001,23303,23303,23303,2,-2
2024-12-26 15:12:30.001,23302,23302,23302,2,-2
2024-12-26 15:12:30.001,23302,23302,23302,2,0
2024-12-26 15:12:30.001,23302,23302,23302,2,0
2024-12-26 15:12:30.001,23302,23302,23302,2,0
2024-12-26 15:12:30.001,23302,23302,23302,2,0
2024-12-26 15:12:30.001,23302,23302,23302,2,0
2024-12-26 15:12:30.001,23302,23302,23302,2,0
2024-12-26 15:12:31.001,23301,23301,23301,2,-2
2024-12-26 15:12:31.001,23301,23301,23301,2,0
2024-12-26 15:12:31.001,23300,23300,23300,2,-2
2024-12-26 15:12:32.001,23300,23300,23300,2,0
2024-12-26 15:12:32.001,23300,23300,23300,2,0
2024-12-26 15:12:32.001,23300,23300,23300,2,0
2024-12-26 15:12:32.001,23300,23300,23300,2,0
2024-12-26 15:12:32.001,23300,23300,23300,6,0
2024-12-26 15:12:32.001,23300,23300,23300,2,0
2024-12-26 15:12:32.001,23300,23300,23300,2,0
2024-12-26 15:12:32.001,23300,23300,23300,2,0
2024-12-26 15:12:32.001,23300,23300,23300,2,0
2024-12-26 15:12:32.001,23300,23300,23300,2,0
2024-12-26 15:12:32.001,23300,23300,23300,8,0
2024-12-26 15:12:32.001,23299,23299,23299,2,-2
2024-12-26 15:12:32.001,23299,23299,23299,2,0
2024-12-26 15:12:32.001,23299,23299,23299,2,0
2024-12-26 15:12:32.001,23298,23298,23298,2,-2
2024-12-26 15:12:32.001,23298,23298,23298,2,0
2024-12-26 15:12:32.001,23298,23298,23298,2,0
2024-12-26 15:12:32.001,23298,23298,23298,2,0
2024-12-26 15:12:32.001,23298,23298,23298,2,0
2024-12-26 15:12:32.001,23298,23298,23298,2,0
2024-12-26 15:12:32.001,23297,23297,23297,2,-2
2024-12-26 15:12:32.001,23297,23297,23297,2,0
2024-12-26 15:12:32.001,23297,23297,23297,2,0
2024-12-26 15:12:32.001,23296,23296,23296,2,-2
2024-12-26 15:12:32.001,23296,23296,23296,2,0
2024-12-26 15:12:32.001,23296,23296,23296,2,0
2024-12-26 15:12:32.001,23296,23296,23296,4,0
2024-12-26 15:12:32.001,23297,23297,23297,2,2
2024-12-26 15:12:32.001,23297,23297,23297,2,0
2024-12-26 15:12:32.001,23296,23296,23296,2,-2
2024-12-26 15:12:32.001,23296,23296,23296,2,0
2024-12-26 15:12:32.001,23298,23298,23298,2,2
2024-12-26 15:12:32.001,23297,23297,23297,2,-2
2024-12-26 15:12:32.001,23297,23297,23297,2,0
2024-12-26 15:12:32.001,23297,23297,23297,2,0
2024-12-26 15:12:32.001,23297,23297,23297,2,0
2024-12-26 15:12:32.001,23296,23296,23296,2,-2
2024-12-26 15:12:36.001,23300,23300,23300,8,8
2024-12-26 15:12:36.001,23301,23301,23301,2,2
2024-12-26 15:12:37.001,23300,23300,23300,2,-2
2024-12-26 15:12:41.001,23302,23302,23302,8,8
2024-12-26 15:12:41.001,23302,23302,23302,2,0
2024-12-26 15:12:42.001,23304,23304,23304,2,2
2024-12-26 15:12:42.001,23302,23302,23302,2,-2
2024-12-26 15:12:50.001,23302,23302,23302,2,0
2024-12-26 15:12:52.001,23304,23304,23304,2,2
2024-12-26 15:12:56.001,23304,23304,23304,2,0
2024-12-26 15:12:59.001,23302,23302,23302,2,-2
2024-12-26 15:12:59.001,23302,23302,23302,2,0
2024-12-26 15:12:59.001,23302,23302,23302,2,0
2024-12-26 15:12:59.001,23302,23302,23302,2,0
2024-12-26 15:12:59.001,23301,23301,23301,2,-2
2024-12-26 15:13:42.001,23301,23301,23301,6,0
2024-12-26 15:13:48.001,23303,23303,23303,2,2
2024-12-26 15:13:59.001,23303,23303,23303,4,0
2024-12-26 15:14:22.001,23306,23306,23306,6,6
2024-12-26 15:14:22.001,23308,23308,23308,2,2
2024-12-26 15:14:22.001,23306,23306,23306,2,-2
2024-12-26 15:14:22.001,23307,23307,23307,2,2
2024-12-26 15:14:22.001,23307,23307,23307,2,0
2024-12-26 15:14:27.001,23307,23307,23307,4,0
2024-12-26 15:14:27.001,23308,23308,23308,6,6
2024-12-26 15:14:31.001,23307,23307,23307,2,-2
2024-12-26 15:14:36.001,23305,23305,23305,2,-2
2024-12-26 15:14:57.001,23304,23304,23304,4,-4
2024-12-26 15:14:59.001,23303,23303,23303,2,-2
2024-12-26 15:15:02.001,23304,23304,23304,4,4
2024-12-26 15:15:02.001,23303,23303,23303,2,-2
2024-12-26 15:15:02.001,23302,23302,23302,2,-2
2024-12-26 15:15:02.001,23301,23301,23301,4,-4
2024-12-26 15:15:02.001,23301,23301,23301,2,0
2024-12-26 15:15:02.001,23301,23301,23301,2,0
2024-12-26 15:15:02.001,23301,23301,23301,2,0
2024-12-26 15:15:02.001,23301,23301,23301,2,0
2024-12-26 15:15:02.001,23300,23300,23300,2,-2
2024-12-26 15:15:02.001,23300,23300,23300,2,0
2024-12-26 15:15:02.001,23300,23300,23300,2,0
2024-12-26 15:15:02.001,23300,23300,23300,4,0
2024-12-26 15:15:03.001,23300,23300,23300,2,0
2024-12-26 15:15:03.001,23302,23302,23302,2,2
2024-12-26 15:15:03.001,23300,23300,23300,2,-2
2024-12-26 15:15:03.001,23300,23300,23300,2,0
2024-12-26 15:15:03.001,23299,23299,23299,2,-2
2024-12-26 15:15:07.001,23301,23301,23301,2,2
2024-12-26 15:15:17.001,23301,23301,23301,2,0
2024-12-26 15:15:17.001,23301,23301,23301,2,0
2024-12-26 15:15:17.001,23301,23301,23301,2,0
2024-12-26 15:15:17.001,23301,23301,23301,2,0
2024-12-26 15:15:23.001,23300,23300,23300,2,-2
2024-12-26 15:15:23.001,23300,23300,23300,2,0
2024-12-26 15:15:23.001,23300,23300,23300,2,0
2024-12-26 15:15:23.001,23300,23300,23300,2,0
2024-12-26 15:15:23.001,23301,23301,23301,2,2
2024-12-26 15:15:31.001,23302,23302,23302,2,2
2024-12-26 15:15:51.001,23302,23302,23302,2,0
2024-12-26 15:15:51.001,23304,23304,23304,2,2
2024-12-26 15:15:51.001,23304,23304,23304,2,0
2024-12-26 15:16:26.001,23302,23302,23302,2,-2
2024-12-26 15:16:26.001,23303,23303,23303,2,2
2024-12-26 15:16:26.001,23303,23303,23303,2,0
2024-12-26 15:16:26.001,23304,23304,23304,2,2
2024-12-26 15:16:26.001,23304,23304,23304,2,0
2024-12-26 15:16:26.001,23305,23305,23305,2,2
2024-12-26 15:16:26.001,23305,23305,23305,2,0
2024-12-26 15:16:26.001,23305,23305,23305,2,0
2024-12-26 15:16:26.001,23305,23305,23305,2,0
2024-12-26 15:16:43.001,23306,23306,23306,2,2
2024-12-26 15:16:43.001,23306,23306,23306,2,0
2024-12-26 15:16:43.001,23306,23306,23306,2,0
2024-12-26 15:16:43.001,23306,23306,23306,2,0
2024-12-26 15:16:43.001,23306,23306,23306,2,0
2024-12-26 15:16:43.001,23307,23307,23307,2,2
2024-12-26 15:16:43.001,23307,23307,23307,2,0
2024-12-26 15:16:43.001,23307,23307,23307,2,0
2024-12-26 15:16:43.001,23307,23307,23307,2,0
2024-12-26 15:16:43.001,23307,23307,23307,2,0
2024-12-26 15:16:43.001,23307,23307,23307,2,0
2024-12-26 15:16:43.001,23307,23307,23307,2,0
2024-12-26 15:16:43.001,23308,23308,23308,2,2
2024-12-26 15:16:43.001,23308,23308,23308,2,0
2024-12-26 15:16:43.001,23308,23308,23308,2,0
2024-12-26 15:16:43.001,23308,23308,23308,2,0
2024-12-26 15:16:43.001,23308,23308,23308,4,0
2024-12-26 15:16:43.001,23308,23308,23308,2,0
2024-12-26 15:16:49.001,23309,23309,23309,2,2
2024-12-26 15:16:49.001,23309,23309,23309,2,0
2024-12-26 15:16:55.001,23309,23309,23309,2,0
2024-12-26 15:16:55.001,23309,23309,23309,2,0
2024-12-26 15:16:55.001,23310,23310,23310,8,8
2024-12-26 15:16:55.001,23311,23311,23311,2,2
2024-12-26 15:16:55.001,23311,23311,23311,2,0
2024-12-26 15:16:55.001,23312,23312,23312,6,6
2024-12-26 15:16:55.001,23313,23313,23313,2,2
2024-12-26 15:16:55.001,23313,23313,23313,2,0
2024-12-26 15:16:55.001,23312,23312,23312,2,-2
2024-12-26 15:17:44.001,23308,23308,23308,2,-2
2024-12-26 15:17:44.001,23308,23308,23308,2,0
2024-12-26 15:17:45.001,23309,23309,23309,2,2
2024-12-26 15:17:45.001,23309,23309,23309,2,0
2024-12-26 15:17:45.001,23309,23309,23309,2,0
2024-12-26 15:17:45.001,23309,23309,23309,2,0
2024-12-26 15:17:45.001,23310,23310,23310,2,2
2024-12-26 15:17:45.001,23310,23310,23310,2,0
2024-12-26 15:17:45.001,23310,23310,23310,2,0
2024-12-26 15:17:45.001,23310,23310,23310,2,0
2024-12-26 15:17:45.001,23311,23311,23311,2,2
2024-12-26 15:17:45.001,23311,23311,23311,2,0
2024-12-26 15:17:46.001,23311,23311,23311,2,0
2024-12-26 15:17:46.001,23312,23312,23312,2,2
2024-12-26 15:17:46.001,23312,23312,23312,2,0
2024-12-26 15:17:46.001,23312,23312,23312,2,0
2024-12-26 15:17:46.001,23312,23312,23312,2,0
2024-12-26 15:17:46.001,23312,23312,23312,2,0
2024-12-26 15:17:47.001,23312,23312,23312,2,0
2024-12-26 15:17:47.001,23313,23313,23313,2,2
2024-12-26 15:17:47.001,23313,23313,23313,12,0
2024-12-26 15:17:47.001,23314,23314,23314,2,2
2024-12-26 15:17:47.001,23314,23314,23314,2,0
2024-12-26 15:17:47.001,23314,23314,23314,2,0
2024-12-26 15:17:47.001,23314,23314,23314,2,0
2024-12-26 15:17:47.001,23314,23314,23314,2,0
2024-12-26 15:17:47.001,23314,23314,23314,2,0
2024-12-26 15:17:48.001,23314,23314,23314,2,0
2024-12-26 15:17:48.001,23314,23314,23314,2,0
2024-12-26 15:17:48.001,23313,23313,23313,2,-2
2024-12-26 15:17:48.001,23312,23312,23312,2,-2
2024-12-26 15:17:48.001,23312,23312,23312,2,0
2024-12-26 15:17:52.001,23312,23312,23312,2,0
2024-12-26 15:18:07.001,23310,23310,23310,2,-2
2024-12-26 15:18:15.001,23310,23310,23310,2,0
2024-12-26 15:18:16.001,23310,23310,23310,2,0
2024-12-26 15:18:23.001,23310,23310,23310,2,0
2024-12-26 15:18:36.001,23310,23310,23310,2,0
2024-12-26 15:18:38.001,23310,23310,23310,2,0
2024-12-26 15:18:38.001,23310,23310,23310,2,0
2024-12-26 15:19:00.001,23309,23309,23309,2,-2
2024-12-26 15:19:02.001,23308,23308,23308,2,-2
2024-12-26 15:19:02.001,23308,23308,23308,2,0
2024-12-26 15:19:02.001,23308,23308,23308,2,0
2024-12-26 15:19:13.001,23307,23307,23307,6,-6
2024-12-26 15:19:13.001,23307,23307,23307,6,0
2024-12-26 15:19:13.001,23307,23307,23307,2,0
2024-12-26 15:19:13.001,23306,23306,23306,2,-2
2024-12-26 15:19:39.001,23308,23308,23308,2,2
2024-12-26 15:19:58.001,23309,23309,23309,2,2
2024-12-26 15:19:58.001,23309,23309,23309,2,0
2024-12-26 15:20:07.001,23310,23310,23310,4,4
2024-12-26 15:20:10.001,23310,23310,23310,4,0
2024-12-26 15:20:21.001,23310,23310,23310,2,0
2024-12-26 15:20:24.001,23311,23311,23311,2,2
2024-12-26 15:20:24.001,23310,23310,23310,2,-2
2024-12-26 15:20:27.001,23310,23310,23310,2,0
2024-12-26 15:20:28.001,23309,23309,23309,2,-2
2024-12-26 15:21:05.001,23310,23310,23310,2,2
2024-12-26 15:21:18.001,23310,23310,23310,2,0
2024-12-26 15:21:28.001,23308,23308,23308,2,-2
2024-12-26 15:21:28.001,23308,23308,23308,2,0
2024-12-26 15:22:09.001,23309,23309,23309,2,2
2024-12-26 15:23:22.001,23308,23308,23308,2,-2
2024-12-26 15:23:44.001,23308,23308,23308,2,0
2024-12-26 15:23:45.001,23308,23308,23308,2,0
2024-12-26 15:23:56.001,23308,23308,23308,2,0
2024-12-26 15:23:56.001,23308,23308,23308,2,0
2024-12-26 15:24:30.001,23309,23309,23309,2,2
2024-12-26 15:24:30.001,23310,23310,23310,8,8
2024-12-26 15:24:30.001,23311,23311,23311,2,2
2024-12-26 15:24:30.001,23311,23311,23311,2,0
2024-12-26 15:24:50.001,23312,23312,23312,2,2
2024-12-26 15:24:51.001,23313,23313,23313,4,4
2024-12-26 15:24:51.001,23313,23313,23313,2,0
2024-12-26 15:24:56.001,23315,23315,23315,4,4
2024-12-26 15:24:56.001,23316,23316,23316,2,2
2024-12-26 15:24:56.001,23316,23316,23316,2,0
2024-12-26 15:24:56.001,23316,23316,23316,2,0
2024-12-26 15:24:56.001,23316,23316,23316,2,0
2024-12-26 15:24:56.001,23315,23315,23315,2,-2
2024-12-26 15:24:56.001,23315,23315,23315,2,0
2024-12-26 15:24:56.001,23315,23315,23315,2,0
2024-12-26 15:24:56.001,23317,23317,23317,2,2
2024-12-26 15:24:59.001,23314,23314,23314,2,-2
2024-12-26 15:25:00.001,23314,23314,23314,2,0
2024-12-26 15:25:00.001,23315,23315,23315,2,2
2024-12-26 15:25:02.001,23316,23316,23316,6,6
2024-12-26 15:25:06.001,23316,23316,23316,2,0
2024-12-26 15:25:08.001,23317,23317,23317,2,2
2024-12-26 15:25:08.001,23318,23318,23318,2,2
2024-12-26 15:25:08.001,23318,23318,23318,2,0
2024-12-26 15:25:08.001,23318,23318,23318,2,0
2024-12-26 15:25:08.001,23317,23317,23317,2,-2
2024-12-26 15:25:08.001,23316,23316,23316,2,-2
2024-12-26 15:25:17.001,23317,23317,23317,2,2
2024-12-26 15:25:24.001,23318,23318,23318,2,2
2024-12-26 15:25:30.001,23316,23316,23316,6,-6
2024-12-26 15:25:31.001,23315,23315,23315,2,-2
2024-12-26 15:25:36.001,23315,23315,23315,2,0
2024-12-26 15:25:57.001,23317,23317,23317,2,2
2024-12-26 15:26:02.001,23317,23317,23317,2,0
2024-12-26 15:26:06.001,23317,23317,23317,2,0
2024-12-26 15:26:20.001,23315,23315,23315,2,-2
2024-12-26 15:26:25.001,23315,23315,23315,2,0
2024-12-26 15:26:30.001,23317,23317,23317,4,4
2024-12-26 15:26:30.001,23318,23318,23318,2,2
2024-12-26 15:26:37.001,23319,23319,23319,12,12
2024-12-26 15:26:38.001,23320,23320,23320,2,2
2024-12-26 15:26:38.001,23320,23320,23320,2,0
2024-12-26 15:26:46.001,23321,23321,23321,2,2
2024-12-26 15:26:46.001,23321,23321,23321,10,0
2024-12-26 15:26:50.001,23322,23322,23322,2,2
2024-12-26 15:26:50.001,23320,23320,23320,2,-2
2024-12-26 15:26:50.001,23320,23320,23320,2,0
2024-12-26 15:26:50.001,23320,23320,23320,2,0
2024-12-26 15:26:50.001,23322,23322,23322,2,2
2024-12-26 15:26:52.001,23319,23319,23319,2,-2
2024-12-26 15:26:52.001,23319,23319,23319,2,0
2024-12-26 15:26:52.001,23319,23319,23319,2,0
2024-12-26 15:26:52.001,23319,23319,23319,2,0
2024-12-26 15:26:52.001,23319,23319,23319,2,0
2024-12-26 15:26:52.001,23319,23319,23319,2,0
2024-12-26 15:26:52.001,23319,23319,23319,2,0
2024-12-26 15:27:02.001,23320,23320,23320,2,2
2024-12-26 15:27:02.001,23319,23319,23319,4,-4
2024-12-26 15:27:03.001,23321,23321,23321,2,2
2024-12-26 15:27:04.001,23321,23321,23321,2,0
2024-12-26 15:27:05.001,23320,23320,23320,2,-2
2024-12-26 15:27:09.001,23321,23321,23321,2,2
2024-12-26 15:27:11.001,23320,23320,23320,2,-2
2024-12-26 15:27:14.001,23319,23319,23319,16,-16
2024-12-26 15:27:16.001,23319,23319,23319,2,0
2024-12-26 15:27:16.001,23317,23317,23317,2,-2
2024-12-26 15:27:16.001,23317,23317,23317,2,0
2024-12-26 15:27:21.001,23316,23316,23316,2,-2
2024-12-26 15:27:23.001,23316,23316,23316,2,0
2024-12-26 15:27:23.001,23315,23315,23315,2,-2
2024-12-26 15:27:27.001,23319,23319,23319,4,4
2024-12-26 15:27:27.001,23319,23319,23319,4,0
2024-12-26 15:27:27.001,23319,23319,23319,4,0
2024-12-26 15:27:29.001,23317,23317,23317,2,-2
2024-12-26 15:28:03.001,23320,23320,23320,2,2
2024-12-26 15:28:24.001,23319,23319,23319,8,-8
2024-12-26 15:28:24.001,23320,23320,23320,2,2
2024-12-26 15:28:29.001,23318,23318,23318,2,-2
2024-12-26 15:29:12.001,23318,23318,23318,2,0
2024-12-26 15:29:25.001,23318,23318,23318,2,0
2024-12-26 15:29:25.001,23318,23318,23318,2,0
2024-12-26 15:29:25.001,23318,23318,23318,2,0
2024-12-26 15:29:25.001,23318,23318,23318,2,0
2024-12-26 15:29:28.001,23317,23317,23317,2,-2
2024-12-26 15:29:48.001,23317,23317,23317,4,0
2024-12-26 15:29:57.001,23318,23318,23318,2,2
2024-12-26 15:29:59.001,23317,23317,23317,2,-2
2024-12-26 15:30:20.001,23317,23317,23317,2,0
2024-12-26 15:30:20.001,23319,23319,23319,4,4
2024-12-26 15:30:21.001,23320,23320,23320,2,2
2024-12-26 15:30:21.001,23320,23320,23320,2,0
2024-12-26 15:30:21.001,23320,23320,23320,2,0
2024-12-26 15:30:21.001,23321,23321,23321,2,2
2024-12-26 15:30:38.001,23322,23322,23322,2,2
2024-12-26 15:30:38.001,23323,23323,23323,6,6
2024-12-26 15:30:38.001,23324,23324,23324,2,2
2024-12-26 15:30:38.001,23324,23324,23324,2,0
2024-12-26 15:30:38.001,23322,23322,23322,2,-2
2024-12-26 15:30:38.001,23322,23322,23322,2,0
2024-12-26 15:30:39.001,23325,23325,23325,2,2
2024-12-26 15:30:39.001,23323,23323,23323,2,-2
2024-12-26 15:30:39.001,23325,23325,23325,4,4
2024-12-26 15:30:39.001,23325,23325,23325,2,0
2024-12-26 15:30:39.001,23325,23325,23325,2,0
2024-12-26 15:30:39.001,23325,23325,23325,2,0
2024-12-26 15:30:39.001,23325,23325,23325,2,0
2024-12-26 15:30:39.001,23325,23325,23325,2,0
2024-12-26 15:30:39.001,23325,23325,23325,2,0
2024-12-26 15:30:39.001,23325,23325,23325,2,0
2024-12-26 15:30:39.001,23325,23325,23325,2,0
2024-12-26 15:30:39.001,23325,23325,23325,2,0
2024-12-26 15:30:43.001,23324,23324,23324,2,-2
2024-12-26 15:30:46.001,23324,23324,23324,2,0
2024-12-26 15:30:47.001,23322,23322,23322,2,-2
2024-12-26 15:30:47.001,23324,23324,23324,2,2
2024-12-26 15:30:47.001,23322,23322,23322,2,-2
2024-12-26 15:30:51.001,23323,23323,23323,2,2
2024-12-26 15:30:53.001,23324,23324,23324,6,6
2024-12-26 15:31:00.001,23323,23323,23323,2,-2
2024-12-26 15:31:00.001,23322,23322,23322,2,-2
2024-12-26 15:31:12.001,23322,23322,23322,2,0
2024-12-26 15:31:12.001,23324,23324,23324,2,2
2024-12-26 15:31:32.001,23323,23323,23323,2,-2
2024-12-26 15:31:51.001,23323,23323,23323,2,0
2024-12-26 15:31:52.001,23322,23322,23322,4,-4
2024-12-26 15:31:54.001,23323,23323,23323,6,6
2024-12-26 15:32:01.001,23324,23324,23324,6,6
2024-12-26 15:32:01.001,23325,23325,23325,4,4
2024-12-26 15:32:05.001,23325,23325,23325,2,0
2024-12-26 15:32:05.001,23325,23325,23325,2,0
2024-12-26 15:32:09.001,23324,23324,23324,2,-2
2024-12-26 15:32:09.001,23325,23325,23325,2,2
2024-12-26 15:32:09.001,23325,23325,23325,2,0
2024-12-26 15:32:19.001,23325,23325,23325,2,0
2024-12-26 15:32:19.001,23325,23325,23325,2,0
2024-12-26 15:32:19.001,23325,23325,23325,2,0
2024-12-26 15:32:19.001,23326,23326,23326,30,30
2024-12-26 15:32:19.001,23325,23325,23325,2,-2
2024-12-26 15:32:26.001,23327,23327,23327,2,2
2024-12-26 15:32:32.001,23328,23328,23328,4,4
2024-12-26 15:32:35.001,23329,23329,23329,2,2
2024-12-26 15:32:35.001,23328,23328,23328,4,-4
2024-12-26 15:32:36.001,23329,23329,23329,6,6
2024-12-26 15:32:38.001,23328,23328,23328,2,-2
2024-12-26 15:32:48.001,23328,23328,23328,2,0
2024-12-26 15:32:55.001,23328,23328,23328,2,0
2024-12-26 15:33:10.001,23327,23327,23327,2,-2
2024-12-26 15:33:10.001,23327,23327,23327,4,0
2024-12-26 15:33:28.001,23325,23325,23325,20,-20
2024-12-26 15:33:28.001,23325,23325,23325,2,0
2024-12-26 15:33:28.001,23325,23325,23325,2,0
2024-12-26 15:33:28.001,23324,23324,23324,2,-2
2024-12-26 15:33:28.001,23323,23323,23323,2,-2
2024-12-26 15:33:28.001,23325,23325,23325,2,2
2024-12-26 15:33:49.001,23324,23324,23324,2,-2
2024-12-26 15:34:02.001,23325,23325,23325,2,2
2024-12-26 15:34:11.001,23325,23325,23325,2,0
2024-12-26 15:34:11.001,23325,23325,23325,2,0
2024-12-26 15:34:13.001,23325,23325,23325,2,0
2024-12-26 15:34:13.001,23324,23324,23324,18,-18
2024-12-26 15:34:19.001,23326,23326,23326,2,2
2024-12-26 15:34:20.001,23324,23324,23324,2,-2
2024-12-26 15:34:23.001,23324,23324,23324,2,0
2024-12-26 15:34:44.001,23323,23323,23323,2,-2
2024-12-26 15:34:44.001,23323,23323,23323,4,0
2024-12-26 15:34:46.001,23323,23323,23323,2,0
2024-12-26 15:34:59.001,23323,23323,23323,6,0
2024-12-26 15:35:01.001,23323,23323,23323,2,0
2024-12-26 15:35:05.001,23324,23324,23324,4,4
2024-12-26 15:35:05.001,23324,23324,23324,2,0
2024-12-26 15:35:20.001,23324,23324,23324,2,0
2024-12-26 15:35:30.001,23324,23324,23324,2,0
2024-12-26 15:35:30.001,23324,23324,23324,4,0
2024-12-26 15:35:32.001,23325,23325,23325,2,2
2024-12-26 15:35:42.001,23326,23326,23326,2,2
2024-12-26 15:35:47.001,23327,23327,23327,2,2
2024-12-26 15:35:47.001,23327,23327,23327,2,0
2024-12-26 15:35:59.001,23328,23328,23328,2,2
2024-12-26 15:35:59.001,23328,23328,23328,2,0
2024-12-26 15:36:01.001,23329,23329,23329,10,10
2024-12-26 15:36:06.001,23330,23330,23330,18,18
2024-12-26 15:36:06.001,23331,23331,23331,4,4
2024-12-26 15:36:06.001,23331,23331,23331,2,0
2024-12-26 15:36:06.001,23332,23332,23332,4,4
2024-12-26 15:36:06.001,23332,23332,23332,2,0
2024-12-26 15:36:06.001,23333,23333,23333,2,2
2024-12-26 15:36:06.001,23333,23333,23333,2,0
2024-12-26 15:36:06.001,23333,23333,23333,2,0
2024-12-26 15:36:06.001,23333,23333,23333,4,0
2024-12-26 15:36:06.001,23331,23331,23331,2,-2
2024-12-26 15:36:08.001,23331,23331,23331,2,0
2024-12-26 15:36:11.001,23331,23331,23331,2,0
2024-12-26 15:36:12.001,23332,23332,23332,2,2
2024-12-26 15:36:12.001,23333,23333,23333,2,2
2024-12-26 15:36:13.001,23333,23333,23333,8,0
2024-12-26 15:36:13.001,23334,23334,23334,2,2
2024-12-26 15:36:14.001,23332,23332,23332,2,-2
2024-12-26 15:36:17.001,23332,23332,23332,2,0
2024-12-26 15:36:17.001,23333,23333,23333,2,2
2024-12-26 15:36:20.001,23333,23333,23333,4,0
2024-12-26 15:36:20.001,23333,23333,23333,2,0
2024-12-26 15:36:26.001,23333,23333,23333,2,0
2024-12-26 15:36:27.001,23333,23333,23333,8,0
2024-12-26 15:36:27.001,23333,23333,23333,12,0
2024-12-26 15:36:29.001,23332,23332,23332,2,-2
2024-12-26 15:36:29.001,23332,23332,23332,2,0
2024-12-26 15:36:32.001,23333,23333,23333,4,4
2024-12-26 15:36:34.001,23333,23333,23333,2,0
2024-12-26 15:36:38.001,23333,23333,23333,2,0
2024-12-26 15:36:39.001,23334,23334,23334,4,4
2024-12-26 15:36:39.001,23334,23334,23334,4,0
2024-12-26 15:36:39.001,23334,23334,23334,4,0
2024-12-26 15:36:41.001,23333,23333,23333,2,-2
2024-12-26 15:36:41.001,23333,23333,23333,2,0
2024-12-26 15:36:41.001,23332,23332,23332,2,-2
2024-12-26 15:36:41.001,23332,23332,23332,2,0
2024-12-26 15:36:41.001,23332,23332,23332,2,0
2024-12-26 15:36:43.001,23333,23333,23333,2,2
2024-12-26 15:36:43.001,23334,23334,23334,4,4
2024-12-26 15:36:54.001,23332,23332,23332,2,-2
2024-12-26 15:37:04.001,23333,23333,23333,2,2
2024-12-26 15:37:09.001,23332,23332,23332,16,-16
2024-12-26 15:37:09.001,23332,23332,23332,2,0
2024-12-26 15:37:09.001,23332,23332,23332,2,0
2024-12-26 15:37:09.001,23332,23332,23332,2,0
2024-12-26 15:37:12.001,23332,23332,23332,2,0
2024-12-26 15:37:12.001,23333,23333,23333,2,2
2024-12-26 15:37:12.001,23333,23333,23333,2,0
2024-12-26 15:37:12.001,23334,23334,23334,2,2
2024-12-26 15:37:14.001,23334,23334,23334,10,0
2024-12-26 15:37:14.001,23335,23335,23335,2,2
2024-12-26 15:37:14.001,23335,23335,23335,2,0
2024-12-26 15:37:19.001,23334,23334,23334,2,-2
2024-12-26 15:37:26.001,23332,23332,23332,2,-2
2024-12-26 15:37:26.001,23334,23334,23334,2,2
2024-12-26 15:37:26.001,23334,23334,23334,2,0
2024-12-26 15:37:26.001,23335,23335,23335,2,2
2024-12-26 15:37:26.001,23335,23335,23335,2,0
2024-12-26 15:37:26.001,23335,23335,23335,4,0
2024-12-26 15:37:26.001,23335,23335,23335,2,0
2024-12-26 15:37:28.001,23335,23335,23335,4,0
2024-12-26 15:37:28.001,23336,23336,23336,2,2
2024-12-26 15:37:28.001,23336,23336,23336,2,0
2024-12-26 15:37:28.001,23336,23336,23336,2,0
2024-12-26 15:37:28.001,23336,23336,23336,2,0
2024-12-26 15:37:40.001,23335,23335,23335,2,-2
2024-12-26 15:37:43.001,23335,23335,23335,2,0
2024-12-26 15:37:43.001,23336,23336,23336,10,10
2024-12-26 15:37:43.001,23336,23336,23336,2,0
2024-12-26 15:37:43.001,23337,23337,23337,2,2
2024-12-26 15:37:43.001,23337,23337,23337,2,0
2024-12-26 15:37:51.001,23335,23335,23335,2,-2
2024-12-26 15:37:55.001,23334,23334,23334,2,-2
2024-12-26 15:38:03.001,23335,23335,23335,2,2
2024-12-26 15:38:03.001,23335,23335,23335,2,0
2024-12-26 15:38:03.001,23335,23335,23335,2,0
2024-12-26 15:38:13.001,23334,23334,23334,2,-2
2024-12-26 15:38:13.001,23334,23334,23334,2,0
2024-12-26 15:38:16.001,23334,23334,23334,16,0
2024-12-26 15:38:16.001,23334,23334,23334,2,0
2024-12-26 15:38:16.001,23334,23334,23334,2,0
2024-12-26 15:38:16.001,23334,23334,23334,6,0
2024-12-26 15:38:18.001,23332,23332,23332,2,-2
2024-12-26 15:38:18.001,23332,23332,23332,2,0
2024-12-26 15:38:18.001,23332,23332,23332,4,0
2024-12-26 15:38:18.001,23332,23332,23332,2,0
2024-12-26 15:38:36.001,23333,23333,23333,2,2
2024-12-26 15:38:36.001,23332,23332,23332,2,-2
2024-12-26 15:38:59.001,23332,23332,23332,2,0
2024-12-26 15:39:00.001,23334,23334,23334,2,2
2024-12-26 15:39:00.001,23335,23335,23335,12,12
2024-12-26 15:39:00.001,23335,23335,23335,2,0
2024-12-26 15:39:00.001,23335,23335,23335,2,0
2024-12-26 15:39:04.001,23334,23334,23334,2,-2
2024-12-26 15:39:10.001,23334,23334,23334,2,0
2024-12-26 15:39:36.001,23334,23334,23334,2,0
2024-12-26 15:39:47.001,23335,23335,23335,8,8
2024-12-26 15:39:49.001,23335,23335,23335,2,0
2024-12-26 15:40:00.001,23336,23336,23336,2,2
2024-12-26 15:40:00.001,23336,23336,23336,2,0
2024-12-26 15:40:01.001,23336,23336,23336,8,0
2024-12-26 15:40:01.001,23336,23336,23336,8,0
2024-12-26 15:40:03.001,23337,23337,23337,2,2
2024-12-26 15:40:03.001,23337,23337,23337,4,0
2024-12-26 15:40:03.001,23337,23337,23337,8,0
2024-12-26 15:40:03.001,23338,23338,23338,12,12
2024-12-26 15:40:03.001,23339,23339,23339,2,2
2024-12-26 15:40:04.001,23339,23339,23339,2,0
2024-12-26 15:40:05.001,23339,23339,23339,2,0
2024-12-26 15:40:07.001,23339,23339,23339,2,0
2024-12-26 15:40:07.001,23339,23339,23339,2,0
2024-12-26 15:40:20.001,23338,23338,23338,8,-8
2024-12-26 15:40:20.001,23338,23338,23338,2,0
2024-12-26 15:40:20.001,23338,23338,23338,10,0
2024-12-26 15:40:20.001,23338,23338,23338,4,0
2024-12-26 15:40:20.001,23338,23338,23338,2,0
2024-12-26 15:40:20.001,23338,23338,23338,2,0
2024-12-26 15:40:20.001,23338,23338,23338,2,0
2024-12-26 15:40:20.001,23339,23339,23339,2,2
2024-12-26 15:40:20.001,23339,23339,23339,6,0
2024-12-26 15:40:20.001,23339,23339,23339,2,0
2024-12-26 15:40:25.001,23339,23339,23339,2,0
2024-12-26 15:40:26.001,23340,23340,23340,4,4
2024-12-26 15:40:26.001,23340,23340,23340,8,0
2024-12-26 15:40:26.001,23340,23340,23340,2,0
2024-12-26 15:40:26.001,23340,23340,23340,2,0
2024-12-26 15:40:26.001,23340,23340,23340,2,0
2024-12-26 15:40:26.001,23340,23340,23340,2,0
2024-12-26 15:40:26.001,23340,23340,23340,2,0
2024-12-26 15:40:26.001,23340,23340,23340,10,0
2024-12-26 15:40:26.001,23340,23340,23340,2,0
2024-12-26 15:40:33.001,23340,23340,23340,2,0
2024-12-26 15:40:33.001,23341,23341,23341,2,2
2024-12-26 15:40:33.001,23341,23341,23341,2,0
2024-12-26 15:40:33.001,23341,23341,23341,2,0
2024-12-26 15:40:39.001,23341,23341,23341,2,0
2024-12-26 15:40:51.001,23341,23341,23341,2,0
2024-12-26 15:40:55.001,23341,23341,23341,4,0
2024-12-26 15:40:55.001,23341,23341,23341,2,0
2024-12-26 15:40:57.001,23340,23340,23340,2,-2
2024-12-26 15:41:00.001,23340,23340,23340,2,0
2024-12-26 15:41:00.001,23341,23341,23341,2,2
2024-12-26 15:41:02.001,23340,23340,23340,2,-2
2024-12-26 15:41:02.001,23341,23341,23341,2,2
2024-12-26 15:41:02.001,23341,23341,23341,2,0
2024-12-26 15:41:02.001,23341,23341,23341,2,0
2024-12-26 15:41:02.001,23342,23342,23342,2,2
2024-12-26 15:41:02.001,23342,23342,23342,2,0
2024-12-26 15:41:02.001,23342,23342,23342,2,0
2024-12-26 15:41:02.001,23342,23342,23342,2,0
2024-12-26 15:41:02.001,23342,23342,23342,2,0
2024-12-26 15:41:02.001,23342,23342,23342,2,0
2024-12-26 15:41:02.001,23342,23342,23342,10,0
2024-12-26 15:41:03.001,23343,23343,23343,2,2
2024-12-26 15:41:03.001,23343,23343,23343,2,0
2024-12-26 15:41:04.001,23344,23344,23344,2,2
2024-12-26 15:41:06.001,23344,23344,23344,6,0
2024-12-26 15:41:06.001,23344,23344,23344,2,0
2024-12-26 15:41:08.001,23344,23344,23344,2,0
2024-12-26 15:41:08.001,23345,23345,23345,2,2
2024-12-26 15:41:08.001,23345,23345,23345,2,0
2024-12-26 15:41:08.001,23345,23345,23345,2,0
2024-12-26 15:41:08.001,23345,23345,23345,2,0
2024-12-26 15:41:08.001,23345,23345,23345,2,0
2024-12-26 15:41:08.001,23344,23344,23344,2,-2
2024-12-26 15:41:08.001,23345,23345,23345,8,8
2024-12-26 15:41:08.001,23345,23345,23345,2,0
2024-12-26 15:41:09.001,23345,23345,23345,2,0
2024-12-26 15:41:09.001,23345,23345,23345,2,0
2024-12-26 15:41:09.001,23345,23345,23345,2,0
2024-12-26 15:41:11.001,23345,23345,23345,2,0
2024-12-26 15:41:11.001,23345,23345,23345,4,0
2024-12-26 15:41:11.001,23345,23345,23345,4,0
2024-12-26 15:41:14.001,23345,23345,23345,2,0
2024-12-26 15:41:14.001,23346,23346,23346,2,2
2024-12-26 15:41:15.001,23346,23346,23346,2,0
2024-12-26 15:41:17.001,23344,23344,23344,2,-2
2024-12-26 15:41:20.001,23342,23342,23342,2,-2
2024-12-26 15:41:20.001,23344,23344,23344,2,2
2024-12-26 15:41:20.001,23345,23345,23345,2,2
2024-12-26 15:41:20.001,23345,23345,23345,2,0
2024-12-26 15:41:20.001,23345,23345,23345,2,0
2024-12-26 15:41:20.001,23343,23343,23343,2,-2
2024-12-26 15:41:21.001,23344,23344,23344,2,2
2024-12-26 15:41:21.001,23344,23344,23344,12,0
2024-12-26 15:41:22.001,23345,23345,23345,10,10
2024-12-26 15:41:23.001,23345,23345,23345,2,0
2024-12-26 15:41:23.001,23344,23344,23344,2,-2
2024-12-26 15:41:37.001,23344,23344,23344,2,0
2024-12-26 15:41:38.001,23341,23341,23341,2,-2
2024-12-26 15:41:38.001,23343,23343,23343,2,2
2024-12-26 15:41:38.001,23344,23344,23344,2,2
2024-12-26 15:41:38.001,23344,23344,23344,2,0
2024-12-26 15:41:38.001,23344,23344,23344,2,0
2024-12-26 15:41:41.001,23344,23344,23344,10,0
2024-12-26 15:41:45.001,23344,23344,23344,2,0
2024-12-26 15:41:51.001,23344,23344,23344,2,0
2024-12-26 15:41:51.001,23344,23344,23344,8,0
2024-12-26 15:41:51.001,23345,23345,23345,2,2
2024-12-26 15:41:51.001,23345,23345,23345,2,0
2024-12-26 15:42:01.001,23343,23343,23343,2,-2
2024-12-26 15:42:01.001,23344,23344,23344,6,6
2024-12-26 15:42:01.001,23345,23345,23345,2,2
2024-12-26 15:42:01.001,23345,23345,23345,2,0
2024-12-26 15:42:01.001,23345,23345,23345,2,0
2024-12-26 15:42:01.001,23345,23345,23345,2,0
2024-12-26 15:42:01.001,23346,23346,23346,2,2
2024-12-26 15:42:03.001,23346,23346,23346,2,0
2024-12-26 15:42:03.001,23347,23347,23347,2,2
2024-12-26 15:42:04.001,23346,23346,23346,2,-2
2024-12-26 15:42:05.001,23345,23345,23345,2,-2
2024-12-26 15:42:05.001,23345,23345,23345,2,0
2024-12-26 15:42:05.001,23345,23345,23345,2,0
2024-12-26 15:42:07.001,23347,23347,23347,2,2
2024-12-26 15:42:11.001,23347,23347,23347,2,0
2024-12-26 15:42:11.001,23347,23347,23347,2,0
2024-12-26 15:42:11.001,23347,23347,23347,2,0
2024-12-26 15:42:11.001,23347,23347,23347,2,0
2024-12-26 15:42:14.001,23348,23348,23348,2,2
2024-12-26 15:42:14.001,23348,23348,23348,2,0
2024-12-26 15:42:14.001,23348,23348,23348,2,0
2024-12-26 15:42:14.001,23348,23348,23348,2,0
2024-12-26 15:42:14.001,23348,23348,23348,2,0
2024-12-26 15:42:17.001,23346,23346,23346,2,-2
2024-12-26 15:42:20.001,23345,23345,23345,2,-2
2024-12-26 15:42:20.001,23347,23347,23347,2,2
2024-12-26 15:42:20.001,23347,23347,23347,2,0
2024-12-26 15:42:20.001,23347,23347,23347,2,0
2024-12-26 15:42:20.001,23348,23348,23348,2,2
2024-12-26 15:42:20.001,23348,23348,23348,2,0
2024-12-26 15:42:20.001,23348,23348,23348,2,0
2024-12-26 15:42:20.001,23348,23348,23348,2,0
2024-12-26 15:42:20.001,23348,23348,23348,2,0
2024-12-26 15:42:23.001,23348,23348,23348,4,0
2024-12-26 15:42:23.001,23349,23349,23349,6,6
2024-12-26 15:42:26.001,23349,23349,23349,2,0
2024-12-26 15:42:30.001,23347,23347,23347,2,-2
2024-12-26 15:42:30.001,23348,23348,23348,2,2
2024-12-26 15:42:35.001,23347,23347,23347,2,-2
2024-12-26 15:42:35.001,23348,23348,23348,8,8
2024-12-26 15:42:36.001,23348,23348,23348,2,0
2024-12-26 15:42:36.001,23349,23349,23349,2,2
2024-12-26 15:42:39.001,23349,23349,23349,2,0
2024-12-26 15:42:39.001,23349,23349,23349,2,0
2024-12-26 15:42:39.001,23349,23349,23349,2,0
2024-12-26 15:42:45.001,23348,23348,23348,2,-2
2024-12-26 15:42:45.001,23349,23349,23349,4,4
2024-12-26 15:42:47.001,23349,23349,23349,10,0
2024-12-26 15:42:47.001,23347,23347,23347,2,-2
2024-12-26 15:42:47.001,23347,23347,23347,2,0
2024-12-26 15:42:51.001,23348,23348,23348,4,4
2024-12-26 15:42:51.001,23349,23349,23349,2,2
2024-12-26 15:43:00.001,23347,23347,23347,2,-2
2024-12-26 15:43:00.001,23348,23348,23348,2,2
2024-12-26 15:43:00.001,23348,23348,23348,2,0
2024-12-26 15:43:00.001,23348,23348,23348,2,0
2024-12-26 15:43:00.001,23348,23348,23348,2,0
2024-12-26 15:43:00.001,23348,23348,23348,2,0
2024-12-26 15:43:00.001,23349,23349,23349,6,6
2024-12-26 15:43:01.001,23349,23349,23349,2,0
2024-12-26 15:43:01.001,23349,23349,23349,2,0
2024-12-26 15:43:01.001,23349,23349,23349,2,0
2024-12-26 15:43:01.001,23350,23350,23350,2,2
2024-12-26 15:43:01.001,23350,23350,23350,2,0
2024-12-26 15:43:01.001,23350,23350,23350,2,0
2024-12-26 15:43:01.001,23350,23350,23350,2,0
2024-12-26 15:43:01.001,23350,23350,23350,2,0
2024-12-26 15:43:01.001,23350,23350,23350,2,0
2024-12-26 15:43:01.001,23350,23350,23350,2,0
2024-12-26 15:43:02.001,23350,23350,23350,2,0
2024-12-26 15:43:02.001,23350,23350,23350,2,0
2024-12-26 15:43:02.001,23350,23350,23350,2,0
2024-12-26 15:43:02.001,23350,23350,23350,2,0
2024-12-26 15:43:02.001,23351,23351,23351,2,2
2024-12-26 15:43:02.001,23351,23351,23351,2,0
2024-12-26 15:43:03.001,23351,23351,23351,2,0
2024-12-26 15:43:03.001,23351,23351,23351,2,0
2024-12-26 15:43:03.001,23352,23352,23352,6,6
2024-12-26 15:43:03.001,23351,23351,23351,2,-2
2024-12-26 15:43:03.001,23352,23352,23352,4,4
2024-12-26 15:43:03.001,23352,23352,23352,2,0
2024-12-26 15:43:03.001,23352,23352,23352,4,0
2024-12-26 15:43:03.001,23353,23353,23353,4,4
2024-12-26 15:43:03.001,23353,23353,23353,2,0
2024-12-26 15:43:03.001,23352,23352,23352,2,-2
2024-12-26 15:43:03.001,23353,23353,23353,4,4
2024-12-26 15:43:03.001,23353,23353,23353,2,0
2024-12-26 15:43:03.001,23354,23354,23354,14,14
2024-12-26 15:43:03.001,23355,23355,23355,2,2
2024-12-26 15:43:03.001,23355,23355,23355,4,0
2024-12-26 15:43:03.001,23355,23355,23355,4,0
2024-12-26 15:43:03.001,23355,23355,23355,2,0
2024-12-26 15:43:03.001,23354,23354,23354,2,-2
2024-12-26 15:43:03.001,23354,23354,23354,2,0
2024-12-26 15:43:03.001,23354,23354,23354,2,0
2024-12-26 15:43:03.001,23356,23356,23356,2,2
2024-12-26 15:43:03.001,23356,23356,23356,4,0
2024-12-26 15:43:03.001,23356,23356,23356,2,0
2024-12-26 15:43:03.001,23356,23356,23356,2,0
2024-12-26 15:43:04.001,23354,23354,23354,2,-2
2024-12-26 15:43:04.001,23356,23356,23356,2,2
2024-12-26 15:43:04.001,23357,23357,23357,2,2
2024-12-26 15:43:04.001,23357,23357,23357,4,0
2024-12-26 15:43:04.001,23355,23355,23355,2,-2
2024-12-26 15:43:04.001,23355,23355,23355,2,0
2024-12-26 15:43:04.001,23355,23355,23355,2,0
2024-12-26 15:43:04.001,23355,23355,23355,2,0
2024-12-26 15:43:04.001,23355,23355,23355,2,0
2024-12-26 15:43:04.001,23355,23355,23355,2,0
2024-12-26 15:43:04.001,23357,23357,23357,4,4
2024-12-26 15:43:04.001,23357,23357,23357,2,0
2024-12-26 15:43:04.001,23357,23357,23357,2,0
2024-12-26 15:43:04.001,23357,23357,23357,2,0
2024-12-26 15:43:04.001,23354,23354,23354,2,-2
2024-12-26 15:43:04.001,23354,23354,23354,2,0
2024-12-26 15:43:04.001,23354,23354,23354,2,0
2024-12-26 15:43:05.001,23353,23353,23353,2,-2
2024-12-26 15:43:06.001,23354,23354,23354,2,2
2024-12-26 15:43:06.001,23353,23353,23353,2,-2
2024-12-26 15:43:06.001,23354,23354,23354,4,4
2024-12-26 15:43:08.001,23355,23355,23355,2,2
2024-12-26 15:43:08.001,23355,23355,23355,2,0
2024-12-26 15:43:08.001,23355,23355,23355,2,0
2024-12-26 15:43:08.001,23356,23356,23356,2,2
2024-12-26 15:43:08.001,23356,23356,23356,2,0
2024-12-26 15:43:08.001,23356,23356,23356,2,0
2024-12-26 15:43:08.001,23356,23356,23356,2,0
2024-12-26 15:43:08.001,23356,23356,23356,2,0
2024-12-26 15:43:10.001,23357,23357,23357,12,12
2024-12-26 15:43:10.001,23355,23355,23355,2,-2
2024-12-26 15:43:11.001,23354,23354,23354,2,-2
2024-12-26 15:43:11.001,23354,23354,23354,2,0
2024-12-26 15:43:11.001,23354,23354,23354,2,0
2024-12-26 15:43:12.001,23354,23354,23354,2,0
2024-12-26 15:43:14.001,23354,23354,23354,2,0
2024-12-26 15:43:14.001,23355,23355,23355,2,2
2024-12-26 15:43:17.001,23355,23355,23355,2,0
2024-12-26 15:43:17.001,23355,23355,23355,2,0
2024-12-26 15:43:17.001,23354,23354,23354,2,-2
2024-12-26 15:43:19.001,23355,23355,23355,2,2
2024-12-26 15:43:19.001,23355,23355,23355,8,0
2024-12-26 15:43:19.001,23356,23356,23356,2,2
2024-12-26 15:43:19.001,23356,23356,23356,2,0
2024-12-26 15:43:19.001,23355,23355,23355,2,-2
2024-12-26 15:43:22.001,23354,23354,23354,2,-2
2024-12-26 15:43:23.001,23354,23354,23354,2,0
2024-12-26 15:43:23.001,23354,23354,23354,2,0
2024-12-26 15:43:23.001,23354,23354,23354,2,0
2024-12-26 15:43:24.001,23354,23354,23354,2,0
2024-12-26 15:43:26.001,23353,23353,23353,2,-2
2024-12-26 15:43:26.001,23353,23353,23353,2,0
2024-12-26 15:43:34.001,23354,23354,23354,10,10
2024-12-26 15:43:34.001,23354,23354,23354,2,0
2024-12-26 15:43:34.001,23355,23355,23355,2,2
2024-12-26 15:43:34.001,23355,23355,23355,2,0
2024-12-26 15:43:34.001,23355,23355,23355,2,0
2024-12-26 15:43:35.001,23352,23352,23352,2,-2
2024-12-26 15:43:37.001,23354,23354,23354,4,4
2024-12-26 15:43:37.001,23354,23354,23354,2,0
2024-12-26 15:43:41.001,23353,23353,23353,2,-2
2024-12-26 15:43:41.001,23353,23353,23353,4,0
2024-12-26 15:43:42.001,23354,23354,23354,2,2
2024-12-26 15:43:44.001,23353,23353,23353,2,-2
2024-12-26 15:43:53.001,23352,23352,23352,2,-2
2024-12-26 15:43:53.001,23353,23353,23353,2,2
2024-12-26 15:43:53.001,23354,23354,23354,2,2
2024-12-26 15:43:54.001,23354,23354,23354,2,0
2024-12-26 15:43:54.001,23355,23355,23355,2,2
2024-12-26 15:43:59.001,23353,23353,23353,4,-4
2024-12-26 15:44:04.001,23354,23354,23354,4,4
2024-12-26 15:44:04.001,23354,23354,23354,2,0
2024-12-26 15:44:05.001,23354,23354,23354,2,0
2024-12-26 15:44:14.001,23354,23354,23354,4,0
2024-12-26 15:44:17.001,23354,23354,23354,2,0
2024-12-26 15:44:17.001,23354,23354,23354,2,0
2024-12-26 15:44:17.001,23355,23355,23355,2,2
2024-12-26 15:44:17.001,23353,23353,23353,2,-2
2024-12-26 15:44:20.001,23353,23353,23353,2,0
2024-12-26 15:44:21.001,23352,23352,23352,2,-2
2024-12-26 15:44:21.001,23352,23352,23352,2,0
2024-12-26 15:44:25.001,23354,23354,23354,2,2
2024-12-26 15:44:25.001,23352,23352,23352,2,-2
2024-12-26 15:44:26.001,23352,23352,23352,2,0
2024-12-26 15:44:27.001,23353,23353,23353,4,4
2024-12-26 15:44:27.001,23354,23354,23354,2,2
2024-12-26 15:44:28.001,23352,23352,23352,2,-2
2024-12-26 15:44:29.001,23351,23351,23351,4,-4
2024-12-26 15:44:35.001,23351,23351,23351,2,0
2024-12-26 15:44:35.001,23351,23351,23351,2,0
2024-12-26 15:44:35.001,23351,23351,23351,2,0
2024-12-26 15:44:37.001,23351,23351,23351,2,0
2024-12-26 15:44:38.001,23351,23351,23351,2,0
2024-12-26 15:44:38.001,23351,23351,23351,2,0
2024-12-26 15:44:38.001,23350,23350,23350,2,-2
2024-12-26 15:44:38.001,23350,23350,23350,2,0
2024-12-26 15:44:38.001,23350,23350,23350,2,0
2024-12-26 15:44:38.001,23350,23350,23350,12,0
2024-12-26 15:44:38.001,23350,23350,23350,2,0
2024-12-26 15:44:38.001,23350,23350,23350,4,0
2024-12-26 15:44:38.001,23350,23350,23350,2,0
2024-12-26 15:44:38.001,23349,23349,23349,2,-2
2024-12-26 15:44:38.001,23351,23351,23351,4,4
2024-12-26 15:44:38.001,23349,23349,23349,2,-2
2024-12-26 15:44:42.001,23349,23349,23349,2,0
2024-12-26 15:44:45.001,23349,23349,23349,2,0
2024-12-26 15:44:47.001,23348,23348,23348,2,-2
2024-12-26 15:44:47.001,23347,23347,23347,2,-2
2024-12-26 15:44:50.001,23347,23347,23347,2,0
2024-12-26 15:44:57.001,23346,23346,23346,2,-2
2024-12-26 15:44:59.001,23346,23346,23346,2,0
2024-12-26 15:45:12.001,23346,23346,23346,2,0
2024-12-26 15:45:12.001,23347,23347,23347,4,4
2024-12-26 15:45:12.001,23347,23347,23347,2,0
2024-12-26 15:45:12.001,23348,23348,23348,2,2
2024-12-26 15:45:12.001,23349,23349,23349,2,2
2024-12-26 15:45:12.001,23349,23349,23349,4,0
2024-12-26 15:45:12.001,23350,23350,23350,4,4
2024-12-26 15:45:12.001,23348,23348,23348,2,-2
2024-12-26 15:45:12.001,23348,23348,23348,2,0
2024-12-26 15:45:12.001,23350,23350,23350,4,4
2024-12-26 15:45:13.001,23348,23348,23348,2,-2
2024-12-26 15:45:13.001,23350,23350,23350,2,2
2024-12-26 15:45:13.001,23350,23350,23350,2,0
2024-12-26 15:45:17.001,23350,23350,23350,10,0
2024-12-26 15:45:19.001,23351,23351,23351,2,2
2024-12-26 15:45:19.001,23351,23351,23351,2,0
2024-12-26 15:45:19.001,23352,23352,23352,2,2
2024-12-26 15:45:19.001,23352,23352,23352,2,0
2024-12-26 15:45:30.001,23351,23351,23351,2,-2
2024-12-26 15:45:32.001,23350,23350,23350,2,-2
2024-12-26 15:45:32.001,23352,23352,23352,2,2
2024-12-26 15:45:32.001,23352,23352,23352,2,0
2024-12-26 15:45:39.001,23352,23352,23352,2,0
2024-12-26 15:45:39.001,23353,23353,23353,2,2
2024-12-26 15:45:39.001,23352,23352,23352,2,-2
2024-12-26 15:45:49.001,23352,23352,23352,2,0
2024-12-26 15:45:49.001,23353,23353,23353,4,4
2024-12-26 15:45:49.001,23353,23353,23353,2,0
2024-12-26 15:45:52.001,23351,23351,23351,2,-2
2024-12-26 15:45:53.001,23353,23353,23353,4,4
2024-12-26 15:45:56.001,23350,23350,23350,2,-2
2024-12-26 15:45:59.001,23353,23353,23353,4,4
2024-12-26 15:46:06.001,23353,23353,23353,2,0
2024-12-26 15:46:12.001,23350,23350,23350,6,-6
2024-12-26 15:46:12.001,23350,23350,23350,2,0
2024-12-26 15:46:12.001,23350,23350,23350,2,0
2024-12-26 15:46:12.001,23350,23350,23350,2,0
2024-12-26 15:46:13.001,23350,23350,23350,8,0
2024-12-26 15:46:17.001,23349,23349,23349,2,-2
2024-12-26 15:46:25.001,23349,23349,23349,2,0
2024-12-26 15:46:25.001,23350,23350,23350,2,2
2024-12-26 15:46:25.001,23350,23350,23350,2,0
2024-12-26 15:46:25.001,23350,23350,23350,2,0
2024-12-26 15:46:25.001,23351,23351,23351,2,2
2024-12-26 15:46:25.001,23351,23351,23351,2,0
2024-12-26 15:46:25.001,23352,23352,23352,2,2
2024-12-26 15:46:25.001,23352,23352,23352,2,0
2024-12-26 15:46:26.001,23350,23350,23350,2,-2
2024-12-26 15:46:26.001,23350,23350,23350,2,0
2024-12-26 15:46:31.001,23351,23351,23351,2,2
2024-12-26 15:46:31.001,23352,23352,23352,2,2
2024-12-26 15:46:31.001,23352,23352,23352,2,0
2024-12-26 15:46:32.001,23352,23352,23352,2,0
2024-12-26 15:46:34.001,23352,23352,23352,2,0
2024-12-26 15:46:34.001,23353,23353,23353,2,2
2024-12-26 15:46:44.001,23352,23352,23352,2,-2
2024-12-26 15:47:07.001,23350,23350,23350,2,-2
2024-12-26 15:47:07.001,23350,23350,23350,6,0
2024-12-26 15:47:07.001,23351,23351,23351,2,2
2024-12-26 15:47:07.001,23351,23351,23351,2,0
2024-12-26 15:47:07.001,23352,23352,23352,2,2
2024-12-26 15:47:07.001,23352,23352,23352,2,0
2024-12-26 15:47:09.001,23350,23350,23350,2,-2
2024-12-26 15:47:31.001,23349,23349,23349,2,-2
2024-12-26 15:47:31.001,23349,23349,23349,4,0
2024-12-26 15:47:31.001,23349,23349,23349,2,0
2024-12-26 15:47:31.001,23349,23349,23349,2,0
2024-12-26 15:47:31.001,23348,23348,23348,2,-2
2024-12-26 15:47:31.001,23347,23347,23347,2,-2
2024-12-26 15:47:31.001,23347,23347,23347,2,0
2024-12-26 15:47:31.001,23347,23347,23347,2,0
2024-12-26 15:47:38.001,23347,23347,23347,2,0
2024-12-26 15:47:54.001,23347,23347,23347,2,0
2024-12-26 15:48:06.001,23346,23346,23346,2,-2
2024-12-26 15:48:06.001,23346,23346,23346,2,0
2024-12-26 15:48:06.001,23347,23347,23347,2,2
2024-12-26 15:48:06.001,23346,23346,23346,2,-2
2024-12-26 15:48:07.001,23347,23347,23347,2,2
2024-12-26 15:48:07.001,23347,23347,23347,2,0
2024-12-26 15:48:14.001,23346,23346,23346,2,-2
2024-12-26 15:48:14.001,23346,23346,23346,2,0
2024-12-26 15:48:14.001,23346,23346,23346,2,0
2024-12-26 15:48:17.001,23347,23347,23347,2,2
2024-12-26 15:48:19.001,23345,23345,23345,2,-2
2024-12-26 15:48:19.001,23345,23345,23345,2,0
2024-12-26 15:48:22.001,23345,23345,23345,2,0
2024-12-26 15:48:24.001,23345,23345,23345,2,0
2024-12-26 15:48:26.001,23345,23345,23345,2,0
2024-12-26 15:48:29.001,23344,23344,23344,2,-2
2024-12-26 15:48:29.001,23344,23344,23344,2,0
2024-12-26 15:48:29.001,23344,23344,23344,2,0
2024-12-26 15:48:29.001,23344,23344,23344,2,0
2024-12-26 15:48:29.001,23344,23344,23344,2,0
2024-12-26 15:48:29.001,23346,23346,23346,2,2
2024-12-26 15:48:29.001,23344,23344,23344,2,-2
2024-12-26 15:48:29.001,23344,23344,23344,2,0
2024-12-26 15:48:29.001,23343,23343,23343,2,-2
2024-12-26 15:48:29.001,23343,23343,23343,2,0
2024-12-26 15:48:29.001,23343,23343,23343,2,0
2024-12-26 15:48:29.001,23343,23343,23343,2,0
2024-12-26 15:48:29.001,23343,23343,23343,2,0
2024-12-26 15:48:29.001,23343,23343,23343,6,0
2024-12-26 15:48:29.001,23345,23345,23345,2,2
2024-12-26 15:48:29.001,23345,23345,23345,2,0
2024-12-26 15:48:34.001,23343,23343,23343,2,-2
2024-12-26 15:48:34.001,23343,23343,23343,2,0
2024-12-26 15:48:42.001,23342,23342,23342,2,-2
2024-12-26 15:48:45.001,23342,23342,23342,2,0
2024-12-26 15:48:46.001,23341,23341,23341,2,-2
2024-12-26 15:48:46.001,23341,23341,23341,2,0
2024-12-26 15:48:46.001,23341,23341,23341,2,0
2024-12-26 15:48:46.001,23341,23341,23341,2,0
2024-12-26 15:48:46.001,23341,23341,23341,2,0
2024-12-26 15:48:46.001,23343,23343,23343,2,2
2024-12-26 15:48:46.001,23343,23343,23343,2,0
2024-12-26 15:48:53.001,23343,23343,23343,2,0
2024-12-26 15:48:55.001,23344,23344,23344,2,2
2024-12-26 15:48:55.001,23344,23344,23344,2,0
2024-12-26 15:48:55.001,23343,23343,23343,2,-2
2024-12-26 15:48:55.001,23343,23343,23343,2,0
2024-12-26 15:48:55.001,23342,23342,23342,2,-2
2024-12-26 15:48:55.001,23342,23342,23342,2,0
2024-12-26 15:48:55.001,23344,23344,23344,2,2
2024-12-26 15:48:56.001,23343,23343,23343,2,-2
2024-12-26 15:49:07.001,23343,23343,23343,2,0
2024-12-26 15:49:07.001,23345,23345,23345,2,2
2024-12-26 15:49:07.001,23347,23347,23347,2,2
2024-12-26 15:49:07.001,23347,23347,23347,2,0
2024-12-26 15:49:12.001,23347,23347,23347,2,0
2024-12-26 15:49:12.001,23347,23347,23347,4,0
2024-12-26 15:49:12.001,23348,23348,23348,2,2
2024-12-26 15:49:12.001,23348,23348,23348,2,0
2024-12-26 15:49:14.001,23347,23347,23347,2,-2
2024-12-26 15:49:16.001,23348,23348,23348,2,2
2024-12-26 15:49:33.001,23348,23348,23348,2,0
2024-12-26 15:49:43.001,23347,23347,23347,2,-2
2024-12-26 15:49:43.001,23348,23348,23348,2,2
2024-12-26 15:49:43.001,23348,23348,23348,2,0
2024-12-26 15:49:43.001,23348,23348,23348,2,0
2024-12-26 15:49:43.001,23348,23348,23348,2,0
2024-12-26 15:49:43.001,23348,23348,23348,2,0
2024-12-26 15:49:43.001,23349,23349,23349,2,2
2024-12-26 15:49:43.001,23349,23349,23349,2,0
2024-12-26 15:49:48.001,23349,23349,23349,2,0
2024-12-26 15:49:48.001,23349,23349,23349,2,0
2024-12-26 15:49:51.001,23349,23349,23349,4,0
2024-12-26 15:49:54.001,23347,23347,23347,2,-2
2024-12-26 15:50:00.001,23350,23350,23350,2,2
2024-12-26 15:50:00.001,23350,23350,23350,6,0
2024-12-26 15:50:00.001,23351,23351,23351,2,2
2024-12-26 15:50:01.001,23352,23352,23352,12,12
2024-12-26 15:50:04.001,23351,23351,23351,2,-2
2024-12-26 15:50:07.001,23351,23351,23351,2,0
2024-12-26 15:50:09.001,23350,23350,23350,2,-2
2024-12-26 15:50:09.001,23350,23350,23350,2,0
2024-12-26 15:50:09.001,23349,23349,23349,2,-2
2024-12-26 15:50:09.001,23349,23349,23349,2,0
2024-12-26 15:50:09.001,23349,23349,23349,2,0
2024-12-26 15:50:09.001,23349,23349,23349,2,0
2024-12-26 15:50:09.001,23349,23349,23349,2,0
2024-12-26 15:50:09.001,23349,23349,23349,2,0
2024-12-26 15:50:09.001,23348,23348,23348,2,-2
2024-12-26 15:50:09.001,23348,23348,23348,2,0
2024-12-26 15:50:09.001,23348,23348,23348,2,0
2024-12-26 15:50:09.001,23348,23348,23348,2,0
2024-12-26 15:50:09.001,23348,23348,23348,2,0
2024-12-26 15:50:09.001,23348,23348,23348,2,0
2024-12-26 15:50:09.001,23348,23348,23348,2,0
2024-12-26 15:50:09.001,23348,23348,23348,2,0
2024-12-26 15:50:09.001,23348,23348,23348,2,0
2024-12-26 15:50:09.001,23348,23348,23348,2,0
2024-12-26 15:50:12.001,23348,23348,23348,2,0
2024-12-26 15:50:13.001,23347,23347,23347,2,-2
2024-12-26 15:50:13.001,23348,23348,23348,2,2
2024-12-26 15:50:20.001,23348,23348,23348,8,0
2024-12-26 15:50:20.001,23349,23349,23349,2,2
2024-12-26 15:50:27.001,23349,23349,23349,6,0
2024-12-26 15:50:28.001,23350,23350,23350,2,2
2024-12-26 15:50:38.001,23351,23351,23351,2,2
2024-12-26 15:50:38.001,23352,23352,23352,8,8
2024-12-26 15:50:41.001,23351,23351,23351,2,-2
2024-12-26 15:50:43.001,23352,23352,23352,2,2
2024-12-26 15:50:46.001,23352,23352,23352,2,0
2024-12-26 15:51:09.001,23352,23352,23352,2,0
2024-12-26 15:51:35.001,23352,23352,23352,2,0
2024-12-26 15:51:35.001,23352,23352,23352,2,0
2024-12-26 15:51:35.001,23352,23352,23352,2,0
2024-12-26 15:51:35.001,23352,23352,23352,2,0
2024-12-26 15:51:35.001,23353,23353,23353,2,2
2024-12-26 15:51:35.001,23353,23353,23353,2,0
2024-12-26 15:51:35.001,23353,23353,23353,2,0
2024-12-26 15:51:35.001,23353,23353,23353,2,0
2024-12-26 15:51:35.001,23353,23353,23353,6,0
2024-12-26 15:51:36.001,23352,23352,23352,2,-2
2024-12-26 15:51:36.001,23352,23352,23352,2,0
2024-12-26 15:51:36.001,23353,23353,23353,2,2
2024-12-26 15:51:36.001,23354,23354,23354,2,2
2024-12-26 15:51:36.001,23354,23354,23354,2,0
2024-12-26 15:51:36.001,23354,23354,23354,2,0
2024-12-26 15:51:36.001,23354,23354,23354,2,0
2024-12-26 15:51:36.001,23354,23354,23354,2,0
2024-12-26 15:51:36.001,23354,23354,23354,2,0
2024-12-26 15:51:36.001,23355,23355,23355,2,2
2024-12-26 15:51:37.001,23354,23354,23354,2,-2
2024-12-26 15:51:39.001,23352,23352,23352,2,-2
2024-12-26 15:51:44.001,23353,23353,23353,2,2
2024-12-26 15:51:51.001,23353,23353,23353,6,0
2024-12-26 15:51:51.001,23353,23353,23353,2,0
2024-12-26 15:51:51.001,23353,23353,23353,2,0
2024-12-26 15:51:51.001,23353,23353,23353,2,0
2024-12-26 15:52:07.001,23351,23351,23351,2,-2
2024-12-26 15:52:12.001,23350,23350,23350,2,-2
2024-12-26 15:52:12.001,23350,23350,23350,2,0
2024-12-26 15:52:12.001,23350,23350,23350,2,0
2024-12-26 15:52:12.001,23349,23349,23349,2,-2
2024-12-26 15:52:12.001,23349,23349,23349,2,0
2024-12-26 15:52:23.001,23349,23349,23349,2,0
2024-12-26 15:52:33.001,23348,23348,23348,2,-2
2024-12-26 15:52:33.001,23347,23347,23347,2,-2
2024-12-26 15:52:33.001,23347,23347,23347,2,0
2024-12-26 15:52:33.001,23346,23346,23346,2,-2
2024-12-26 15:52:33.001,23346,23346,23346,2,0
2024-12-26 15:52:43.001,23346,23346,23346,2,0
2024-12-26 15:52:43.001,23345,23345,23345,2,-2
2024-12-26 15:52:43.001,23345,23345,23345,2,0
2024-12-26 15:52:43.001,23345,23345,23345,2,0
2024-12-26 15:52:43.001,23345,23345,23345,2,0
2024-12-26 15:52:45.001,23346,23346,23346,2,2
2024-12-26 15:52:45.001,23347,23347,23347,8,8
2024-12-26 15:52:59.001,23346,23346,23346,2,-2
2024-12-26 15:52:59.001,23345,23345,23345,2,-2
2024-12-26 15:52:59.001,23345,23345,23345,2,0
2024-12-26 15:53:02.001,23347,23347,23347,2,2
2024-12-26 15:53:40.001,23348,23348,23348,10,10
2024-12-26 15:53:52.001,23347,23347,23347,2,-2
2024-12-26 15:53:52.001,23347,23347,23347,2,0
2024-12-26 15:54:05.001,23348,23348,23348,2,2
2024-12-26 15:54:26.001,23346,23346,23346,2,-2
2024-12-26 15:54:30.001,23346,23346,23346,2,0
2024-12-26 15:54:32.001,23348,23348,23348,2,2
2024-12-26 15:55:13.001,23347,23347,23347,6,-6
2024-12-26 15:55:13.001,23348,23348,23348,26,26
2024-12-26 15:55:13.001,23349,23349,23349,6,6
2024-12-26 15:55:21.001,23349,23349,23349,2,0
2024-12-26 15:55:21.001,23349,23349,23349,2,0
2024-12-26 15:55:32.001,23349,23349,23349,2,0
2024-12-26 15:55:37.001,23349,23349,23349,2,0
2024-12-26 15:55:49.001,23348,23348,23348,2,-2
2024-12-26 15:55:56.001,23348,23348,23348,2,0
2024-12-26 15:56:03.001,23349,23349,23349,2,2
2024-12-26 15:56:07.001,23349,23349,23349,4,0
2024-12-26 15:56:24.001,23350,23350,23350,4,4
2024-12-26 15:56:37.001,23350,23350,23350,2,0
2024-12-26 15:56:50.001,23350,23350,23350,2,0
2024-12-26 15:56:52.001,23350,23350,23350,2,0
2024-12-26 15:56:52.001,23351,23351,23351,10,10
2024-12-26 15:56:53.001,23352,23352,23352,2,2
2024-12-26 15:56:56.001,23350,23350,23350,2,-2
2024-12-26 15:57:05.001,23350,23350,23350,2,0
2024-12-26 15:57:05.001,23351,23351,23351,2,2
2024-12-26 15:57:05.001,23351,23351,23351,2,0
2024-12-26 15:57:27.001,23349,23349,23349,2,-2
2024-12-26 15:57:27.001,23351,23351,23351,2,2
2024-12-26 15:57:27.001,23351,23351,23351,2,0
2024-12-26 15:57:27.001,23351,23351,23351,2,0
2024-12-26 15:57:37.001,23350,23350,23350,2,-2
2024-12-26 15:57:37.001,23351,23351,23351,2,2
2024-12-26 15:57:37.001,23351,23351,23351,2,0
2024-12-26 15:57:37.001,23352,23352,23352,2,2
2024-12-26 15:57:37.001,23352,23352,23352,2,0
2024-12-26 15:57:37.001,23352,23352,23352,2,0
2024-12-26 15:57:37.001,23352,23352,23352,2,0
2024-12-26 15:57:37.001,23352,23352,23352,2,0
2024-12-26 15:57:37.001,23352,23352,23352,2,0
2024-12-26 15:57:37.001,23353,23353,23353,2,2
2024-12-26 15:57:37.001,23353,23353,23353,2,0
2024-12-26 15:57:37.001,23353,23353,23353,2,0
2024-12-26 15:57:37.001,23353,23353,23353,2,0
2024-12-26 15:57:37.001,23353,23353,23353,2,0
2024-12-26 15:57:37.001,23353,23353,23353,2,0
2024-12-26 15:57:37.001,23353,23353,23353,2,0
2024-12-26 15:57:37.001,23353,23353,23353,2,0
2024-12-26 15:57:37.001,23353,23353,23353,2,0
2024-12-26 15:57:37.001,23353,23353,23353,2,0
2024-12-26 15:57:37.001,23353,23353,23353,2,0
2024-12-26 15:57:37.001,23354,23354,23354,2,2
2024-12-26 15:57:37.001,23354,23354,23354,2,0
2024-12-26 15:57:37.001,23354,23354,23354,2,0
2024-12-26 15:57:37.001,23354,23354,23354,2,0
2024-12-26 15:57:37.001,23354,23354,23354,2,0
2024-12-26 15:57:38.001,23353,23353,23353,2,-2
2024-12-26 15:57:38.001,23353,23353,23353,2,0
2024-12-26 15:57:39.001,23352,23352,23352,2,-2
2024-12-26 15:57:39.001,23350,23350,23350,2,-2
2024-12-26 15:57:45.001,23351,23351,23351,2,2
2024-12-26 15:58:01.001,23351,23351,23351,2,0
2024-12-26 15:58:14.001,23352,23352,23352,2,2
2024-12-26 15:58:20.001,23351,23351,23351,2,-2
2024-12-26 15:58:24.001,23352,23352,23352,2,2
2024-12-26 15:58:24.001,23353,23353,23353,2,2
2024-12-26 15:58:28.001,23353,23353,23353,2,0
2024-12-26 15:58:32.001,23354,23354,23354,2,2
2024-12-26 15:58:39.001,23352,23352,23352,2,-2
2024-12-26 15:58:43.001,23353,23353,23353,2,2
2024-12-26 15:58:53.001,23352,23352,23352,2,-2
2024-12-26 15:58:53.001,23351,23351,23351,2,-2
2024-12-26 15:59:11.001,23350,23350,23350,2,-2
2024-12-26 15:59:11.001,23350,23350,23350,2,0
2024-12-26 15:59:16.001,23349,23349,23349,2,-2
2024-12-26 15:59:22.001,23348,23348,23348,2,-2
2024-12-26 15:59:22.001,23348,23348,23348,2,0
2024-12-26 15:59:27.001,23348,23348,23348,2,0
2024-12-26 15:59:38.001,23347,23347,23347,2,-2
2024-12-26 15:59:38.001,23347,23347,23347,2,0
2024-12-26 15:59:38.001,23347,23347,23347,2,0
2024-12-26 15:59:40.001,23347,23347,23347,2,0
2024-12-26 15:59:40.001,23347,23347,23347,2,0
2024-12-26 16:00:00.001,23347,23347,23347,2,0
2024-12-26 16:00:00.001,23347,23347,23347,2,0
2024-12-26 16:00:00.001,23347,23347,23347,2,0
2024-12-26 16:00:00.001,23347,23347,23347,2,0
2024-12-26 16:00:00.001,23348,23348,23348,4,4
2024-12-26 16:00:00.001,23348,23348,23348,2,0
2024-12-26 16:00:00.001,23349,23349,23349,2,2
2024-12-26 16:00:00.001,23349,23349,23349,4,0
2024-12-26 16:00:00.001,23350,23350,23350,4,4
2024-12-26 16:00:00.001,23350,23350,23350,4,0
2024-12-26 16:00:00.001,23351,23351,23351,4,4
2024-12-26 16:00:00.001,23351,23351,23351,2,0
2024-12-26 16:00:00.001,23349,23349,23349,2,-2
2024-12-26 16:00:00.001,23349,23349,23349,2,0
2024-12-26 16:00:00.001,23351,23351,23351,2,2
2024-12-26 16:00:00.001,23348,23348,23348,2,-2
2024-12-26 16:00:00.001,23348,23348,23348,2,0
2024-12-26 16:00:00.001,23347,23347,23347,2,-2
2024-12-26 16:00:00.001,23347,23347,23347,2,0
2024-12-26 16:00:00.001,23347,23347,23347,2,0
2024-12-26 16:00:00.001,23346,23346,23346,2,-2
2024-12-26 16:00:00.001,23346,23346,23346,2,0
2024-12-26 16:00:00.001,23346,23346,23346,2,0
2024-12-26 16:00:00.001,23348,23348,23348,2,2
2024-12-26 16:00:01.001,23348,23348,23348,2,0
2024-12-26 16:00:02.001,23350,23350,23350,2,2
2024-12-26 16:00:02.001,23351,23351,23351,4,4
2024-12-26 16:00:02.001,23351,23351,23351,2,0
2024-12-26 16:00:05.001,23350,23350,23350,2,-2
2024-12-26 16:00:05.001,23351,23351,23351,8,8
2024-12-26 16:00:07.001,23351,23351,23351,2,0
2024-12-26 16:00:10.001,23350,23350,23350,2,-2
2024-12-26 16:00:20.001,23349,23349,23349,2,-2
2024-12-26 16:00:21.001,23349,23349,23349,2,0
2024-12-26 16:00:30.001,23351,23351,23351,4,4
2024-12-26 16:00:30.001,23350,23350,23350,2,-2
2024-12-26 16:00:35.001,23352,23352,23352,2,2
2024-12-26 16:00:57.001,23351,23351,23351,2,-2
2024-12-26 16:00:57.001,23351,23351,23351,2,0
2024-12-26 16:00:59.001,23352,23352,23352,2,2
2024-12-26 16:01:00.001,23350,23350,23350,4,-4
2024-12-26 16:01:07.001,23351,23351,23351,2,2
2024-12-26 16:01:07.001,23351,23351,23351,2,0
2024-12-26 16:01:18.001,23349,23349,23349,2,-2
2024-12-26 16:01:18.001,23349,23349,23349,2,0
2024-12-26 16:01:18.001,23349,23349,23349,2,0
2024-12-26 16:01:18.001,23351,23351,23351,2,2
2024-12-26 16:01:18.001,23351,23351,23351,2,0
2024-12-26 16:01:18.001,23351,23351,23351,2,0
2024-12-26 16:01:18.001,23351,23351,23351,2,0
2024-12-26 16:01:18.001,23351,23351,23351,2,0
2024-12-26 16:01:22.001,23348,23348,23348,2,-2
2024-12-26 16:01:22.001,23350,23350,23350,2,2
2024-12-26 16:01:22.001,23348,23348,23348,2,-2
2024-12-26 16:01:22.001,23348,23348,23348,2,0
2024-12-26 16:01:38.001,23348,23348,23348,2,0
2024-12-26 16:01:38.001,23348,23348,23348,2,0
2024-12-26 16:01:38.001,23348,23348,23348,2,0
2024-12-26 16:01:46.001,23348,23348,23348,2,0
2024-12-26 16:01:46.001,23349,23349,23349,2,2
2024-12-26 16:01:46.001,23349,23349,23349,2,0
2024-12-26 16:02:14.001,23347,23347,23347,2,-2
2024-12-26 16:02:19.001,23348,23348,23348,6,6
2024-12-26 16:02:19.001,23349,23349,23349,2,2
2024-12-26 16:02:19.001,23349,23349,23349,2,0
2024-12-26 16:02:19.001,23350,23350,23350,2,2
2024-12-26 16:02:19.001,23350,23350,23350,2,0
2024-12-26 16:02:20.001,23347,23347,23347,2,-2
2024-12-26 16:02:20.001,23347,23347,23347,2,0
2024-12-26 16:02:43.001,23346,23346,23346,2,-2
2024-12-26 16:02:43.001,23346,23346,23346,2,0
2024-12-26 16:02:43.001,23346,23346,23346,2,0
2024-12-26 16:02:43.001,23346,23346,23346,4,0
2024-12-26 16:02:47.001,23346,23346,23346,2,0
2024-12-26 16:02:49.001,23345,23345,23345,2,-2
2024-12-26 16:02:50.001,23345,23345,23345,2,0
2024-12-26 16:02:50.001,23345,23345,23345,4,0
2024-12-26 16:02:50.001,23345,23345,23345,2,0
2024-12-26 16:02:50.001,23345,23345,23345,2,0
2024-12-26 16:02:50.001,23345,23345,23345,2,0
2024-12-26 16:02:50.001,23345,23345,23345,2,0
2024-12-26 16:02:50.001,23345,23345,23345,2,0
2024-12-26 16:02:50.001,23343,23343,23343,2,-2
2024-12-26 16:02:50.001,23342,23342,23342,2,-2
2024-12-26 16:02:50.001,23342,23342,23342,2,0
2024-12-26 16:02:50.001,23342,23342,23342,2,0
2024-12-26 16:02:50.001,23342,23342,23342,2,0
2024-12-26 16:02:53.001,23342,23342,23342,2,0
2024-12-26 16:02:56.001,23341,23341,23341,2,-2
2024-12-26 16:02:57.001,23343,23343,23343,2,2
2024-12-26 16:02:57.001,23343,23343,23343,2,0
2024-12-26 16:02:57.001,23341,23341,23341,4,-4
2024-12-26 16:02:57.001,23340,23340,23340,2,-2
2024-12-26 16:02:57.001,23340,23340,23340,4,0
2024-12-26 16:02:57.001,23340,23340,23340,2,0
2024-12-26 16:02:57.001,23340,23340,23340,2,0
2024-12-26 16:02:57.001,23340,23340,23340,2,0
2024-12-26 16:02:57.001,23340,23340,23340,2,0
2024-12-26 16:02:57.001,23340,23340,23340,2,0
2024-12-26 16:02:57.001,23339,23339,23339,2,-2
2024-12-26 16:02:57.001,23339,23339,23339,2,0
2024-12-26 16:02:57.001,23339,23339,23339,4,0
2024-12-26 16:02:57.001,23339,23339,23339,2,0
2024-12-26 16:02:57.001,23339,23339,23339,2,0
2024-12-26 16:02:57.001,23340,23340,23340,4,4
2024-12-26 16:02:59.001,23340,23340,23340,2,0
2024-12-26 16:02:59.001,23339,23339,23339,2,-2
2024-12-26 16:02:59.001,23339,23339,23339,2,0
2024-12-26 16:02:59.001,23339,23339,23339,2,0
2024-12-26 16:02:59.001,23338,23338,23338,2,-2
2024-12-26 16:02:59.001,23338,23338,23338,2,0
2024-12-26 16:03:00.001,23340,23340,23340,4,4
2024-12-26 16:03:02.001,23341,23341,23341,2,2
2024-12-26 16:03:02.001,23341,23341,23341,2,0
2024-12-26 16:03:03.001,23342,23342,23342,2,2
2024-12-26 16:03:04.001,23340,23340,23340,2,-2
2024-12-26 16:03:05.001,23340,23340,23340,2,0
2024-12-26 16:03:05.001,23340,23340,23340,2,0
2024-12-26 16:03:05.001,23339,23339,23339,2,-2
2024-12-26 16:03:07.001,23341,23341,23341,2,2
2024-12-26 16:03:09.001,23340,23340,23340,2,-2
2024-12-26 16:03:12.001,23339,23339,23339,2,-2
2024-12-26 16:03:13.001,23338,23338,23338,2,-2
2024-12-26 16:03:13.001,23338,23338,23338,2,0
2024-12-26 16:03:13.001,23337,23337,23337,2,-2
2024-12-26 16:03:13.001,23337,23337,23337,4,0
2024-12-26 16:03:13.001,23337,23337,23337,2,0
2024-12-26 16:03:13.001,23337,23337,23337,2,0
2024-12-26 16:03:13.001,23336,23336,23336,4,-4
2024-12-26 16:03:13.001,23336,23336,23336,2,0
2024-12-26 16:03:13.001,23336,23336,23336,2,0
2024-12-26 16:03:13.001,23336,23336,23336,2,0
2024-12-26 16:03:13.001,23336,23336,23336,2,0
2024-12-26 16:03:13.001,23336,23336,23336,2,0
2024-12-26 16:03:13.001,23338,23338,23338,2,2
2024-12-26 16:03:14.001,23338,23338,23338,2,0
2024-12-26 16:03:16.001,23337,23337,23337,2,-2
2024-12-26 16:03:16.001,23337,23337,23337,2,0
2024-12-26 16:03:17.001,23336,23336,23336,2,-2
2024-12-26 16:03:18.001,23338,23338,23338,2,2
2024-12-26 16:03:18.001,23339,23339,23339,2,2
2024-12-26 16:03:18.001,23339,23339,23339,2,0
2024-12-26 16:03:18.001,23337,23337,23337,2,-2
2024-12-26 16:03:18.001,23337,23337,23337,2,0
2024-12-26 16:03:18.001,23337,23337,23337,2,0
2024-12-26 16:03:18.001,23337,23337,23337,2,0
2024-12-26 16:03:18.001,23337,23337,23337,2,0
2024-12-26 16:03:20.001,23337,23337,23337,2,0
2024-12-26 16:03:20.001,23337,23337,23337,2,0
2024-12-26 16:03:20.001,23337,23337,23337,2,0
2024-12-26 16:03:22.001,23339,23339,23339,2,2
2024-12-26 16:03:22.001,23339,23339,23339,2,0
2024-12-26 16:03:24.001,23340,23340,23340,2,2
2024-12-26 16:03:25.001,23340,23340,23340,2,0
2024-12-26 16:03:25.001,23340,23340,23340,2,0
2024-12-26 16:03:25.001,23339,23339,23339,2,-2
2024-12-26 16:03:32.001,23338,23338,23338,2,-2
2024-12-26 16:03:35.001,23337,23337,23337,2,-2
2024-12-26 16:03:39.001,23338,23338,23338,2,2
2024-12-26 16:03:39.001,23338,23338,23338,4,0
2024-12-26 16:03:49.001,23339,23339,23339,2,2
2024-12-26 16:03:51.001,23340,23340,23340,6,6
2024-12-26 16:03:51.001,23340,23340,23340,2,0
2024-12-26 16:03:59.001,23339,23339,23339,2,-2
2024-12-26 16:04:09.001,23339,23339,23339,2,0
2024-12-26 16:04:13.001,23339,23339,23339,2,0
2024-12-26 16:04:18.001,23338,23338,23338,2,-2
2024-12-26 16:04:18.001,23338,23338,23338,2,0
2024-12-26 16:04:18.001,23337,23337,23337,2,-2
2024-12-26 16:04:18.001,23337,23337,23337,2,0
2024-12-26 16:04:18.001,23337,23337,23337,2,0
2024-12-26 16:04:21.001,23337,23337,23337,2,0
2024-12-26 16:04:21.001,23337,23337,23337,2,0
2024-12-26 16:04:22.001,23337,23337,23337,2,0
2024-12-26 16:04:22.001,23337,23337,23337,2,0
2024-12-26 16:04:26.001,23338,23338,23338,4,4
2024-12-26 16:04:28.001,23339,23339,23339,2,2
2024-12-26 16:04:28.001,23340,23340,23340,6,6
2024-12-26 16:04:29.001,23341,23341,23341,2,2
2024-12-26 16:04:38.001,23338,23338,23338,2,-2
2024-12-26 16:04:38.001,23338,23338,23338,2,0
2024-12-26 16:04:46.001,23337,23337,23337,2,-2
2024-12-26 16:04:46.001,23337,23337,23337,2,0
2024-12-26 16:04:46.001,23337,23337,23337,2,0
2024-12-26 16:04:48.001,23339,23339,23339,4,4
2024-12-26 16:04:50.001,23340,23340,23340,2,2
2024-12-26 16:05:10.001,23337,23337,23337,2,-2
2024-12-26 16:05:11.001,23338,23338,23338,4,4
2024-12-26 16:05:17.001,23340,23340,23340,2,2
2024-12-26 16:05:20.001,23338,23338,23338,2,-2
2024-12-26 16:05:20.001,23338,23338,23338,2,0
2024-12-26 16:05:28.001,23340,23340,23340,2,2
2024-12-26 16:05:38.001,23340,23340,23340,6,0
2024-12-26 16:05:42.001,23338,23338,23338,2,-2
2024-12-26 16:05:52.001,23337,23337,23337,6,-6
2024-12-26 16:05:52.001,23337,23337,23337,2,0
2024-12-26 16:05:52.001,23337,23337,23337,2,0
2024-12-26 16:05:52.001,23338,23338,23338,2,2
2024-12-26 16:05:59.001,23338,23338,23338,2,0
2024-12-26 16:06:05.001,23337,23337,23337,2,-2
2024-12-26 16:06:05.001,23337,23337,23337,2,0
2024-12-26 16:06:05.001,23337,23337,23337,2,0
2024-12-26 16:06:05.001,23336,23336,23336,2,-2
2024-12-26 16:06:05.001,23336,23336,23336,2,0
2024-12-26 16:06:18.001,23337,23337,23337,2,2
2024-12-26 16:06:31.001,23338,23338,23338,2,2
2024-12-26 16:06:31.001,23337,23337,23337,2,-2
2024-12-26 16:06:31.001,23337,23337,23337,2,0
2024-12-26 16:06:41.001,23339,23339,23339,2,2
2024-12-26 16:06:41.001,23339,23339,23339,2,0
2024-12-26 16:06:42.001,23338,23338,23338,2,-2
2024-12-26 16:06:42.001,23338,23338,23338,2,0
2024-12-26 16:06:42.001,23338,23338,23338,2,0
2024-12-26 16:06:42.001,23338,23338,23338,2,0
2024-12-26 16:06:56.001,23339,23339,23339,2,2
2024-12-26 16:07:05.001,23338,23338,23338,2,-2
2024-12-26 16:07:09.001,23339,23339,23339,2,2
2024-12-26 16:07:10.001,23338,23338,23338,2,-2
2024-12-26 16:07:19.001,23338,23338,23338,2,0
2024-12-26 16:07:19.001,23338,23338,23338,2,0
2024-12-26 16:07:19.001,23338,23338,23338,2,0
2024-12-26 16:07:19.001,23337,23337,23337,2,-2
2024-12-26 16:07:19.001,23337,23337,23337,2,0
2024-12-26 16:07:29.001,23337,23337,23337,2,0
2024-12-26 16:07:29.001,23337,23337,23337,2,0
2024-12-26 16:07:30.001,23336,23336,23336,2,-2
2024-12-26 16:07:30.001,23336,23336,23336,6,0
2024-12-26 16:07:30.001,23336,23336,23336,6,0
2024-12-26 16:07:30.001,23336,23336,23336,4,0
2024-12-26 16:07:30.001,23336,23336,23336,2,0
2024-12-26 16:07:30.001,23336,23336,23336,2,0
2024-12-26 16:07:30.001,23336,23336,23336,4,0
2024-12-26 16:07:30.001,23336,23336,23336,2,0
2024-12-26 16:07:43.001,23335,23335,23335,2,-2
2024-12-26 16:07:47.001,23336,23336,23336,2,2
2024-12-26 16:07:48.001,23337,23337,23337,2,2
2024-12-26 16:07:56.001,23335,23335,23335,2,-2
2024-12-26 16:07:56.001,23335,23335,23335,2,0
2024-12-26 16:07:56.001,23335,23335,23335,2,0
2024-12-26 16:07:56.001,23334,23334,23334,2,-2
2024-12-26 16:07:56.001,23334,23334,23334,2,0
2024-12-26 16:08:03.001,23335,23335,23335,2,2
2024-12-26 16:08:03.001,23335,23335,23335,2,0
2024-12-26 16:08:03.001,23334,23334,23334,2,-2
2024-12-26 16:08:05.001,23335,23335,23335,2,2
2024-12-26 16:08:05.001,23335,23335,23335,2,0
2024-12-26 16:08:05.001,23334,23334,23334,2,-2
2024-12-26 16:08:09.001,23334,23334,23334,2,0
2024-12-26 16:08:09.001,23334,23334,23334,2,0
2024-12-26 16:08:13.001,23334,23334,23334,2,0
2024-12-26 16:08:16.001,23335,23335,23335,2,2
2024-12-26 16:08:16.001,23335,23335,23335,2,0
2024-12-26 16:08:20.001,23335,23335,23335,2,0
2024-12-26 16:08:20.001,23334,23334,23334,2,-2
2024-12-26 16:08:20.001,23334,23334,23334,6,0
2024-12-26 16:08:20.001,23334,23334,23334,2,0
2024-12-26 16:08:32.001,23335,23335,23335,2,2
2024-12-26 16:08:36.001,23336,23336,23336,4,4
2024-12-26 16:08:47.001,23334,23334,23334,2,-2
2024-12-26 16:08:47.001,23334,23334,23334,2,0
2024-12-26 16:08:47.001,23334,23334,23334,2,0
2024-12-26 16:08:47.001,23334,23334,23334,10,0
2024-12-26 16:08:47.001,23334,23334,23334,2,0
2024-12-26 16:08:47.001,23334,23334,23334,2,0
2024-12-26 16:08:47.001,23335,23335,23335,2,2
2024-12-26 16:08:54.001,23336,23336,23336,2,2
2024-12-26 16:09:03.001,23336,23336,23336,8,0
2024-12-26 16:09:15.001,23336,23336,23336,2,0
2024-12-26 16:09:16.001,23337,23337,23337,2,2
2024-12-26 16:09:17.001,23337,23337,23337,2,0
2024-12-26 16:09:23.001,23336,23336,23336,2,-2
2024-12-26 16:09:24.001,23337,23337,23337,2,2
2024-12-26 16:09:28.001,23335,23335,23335,2,-2
2024-12-26 16:09:28.001,23337,23337,23337,2,2
2024-12-26 16:09:29.001,23337,23337,23337,16,0
2024-12-26 16:09:38.001,23339,23339,23339,2,2
2024-12-26 16:10:00.001,23339,23339,23339,4,0
2024-12-26 16:10:00.001,23339,23339,23339,2,0
2024-12-26 16:10:04.001,23338,23338,23338,2,-2
2024-12-26 16:10:24.001,23338,23338,23338,2,0
2024-12-26 16:10:48.001,23338,23338,23338,2,0
2024-12-26 16:11:02.001,23339,23339,23339,2,2
2024-12-26 16:11:08.001,23339,23339,23339,6,0
2024-12-26 16:11:08.001,23339,23339,23339,2,0
2024-12-26 16:11:09.001,23340,23340,23340,2,2
2024-12-26 16:11:09.001,23340,23340,23340,4,0
2024-12-26 16:11:09.001,23340,23340,23340,2,0
2024-12-26 16:11:09.001,23340,23340,23340,2,0
2024-12-26 16:11:09.001,23340,23340,23340,2,0
2024-12-26 16:11:09.001,23340,23340,23340,8,0
2024-12-26 16:11:09.001,23340,23340,23340,2,0
2024-12-26 16:11:09.001,23340,23340,23340,2,0
2024-12-26 16:11:16.001,23341,23341,23341,2,2
2024-12-26 16:11:35.001,23341,23341,23341,2,0
2024-12-26 16:11:42.001,23342,23342,23342,6,6
2024-12-26 16:11:42.001,23342,23342,23342,4,0
2024-12-26 16:11:42.001,23342,23342,23342,2,0
2024-12-26 16:11:52.001,23340,23340,23340,2,-2
2024-12-26 16:11:52.001,23341,23341,23341,2,2
2024-12-26 16:11:58.001,23339,23339,23339,2,-2
2024-12-26 16:12:00.001,23340,23340,23340,2,2
2024-12-26 16:12:00.001,23338,23338,23338,2,-2
2024-12-26 16:12:00.001,23338,23338,23338,2,0
2024-12-26 16:12:00.001,23338,23338,23338,2,0
2024-12-26 16:12:00.001,23338,23338,23338,2,0
2024-12-26 16:12:00.001,23337,23337,23337,2,-2
2024-12-26 16:12:00.001,23340,23340,23340,2,2
2024-12-26 16:12:13.001,23341,23341,23341,2,2
2024-12-26 16:12:25.001,23339,23339,23339,2,-2
2024-12-26 16:12:48.001,23340,23340,23340,2,2
2024-12-26 16:12:48.001,23340,23340,23340,2,0
2024-12-26 16:12:51.001,23340,23340,23340,2,0
2024-12-26 16:12:54.001,23339,23339,23339,2,-2
2024-12-26 16:13:38.001,23340,23340,23340,4,4
2024-12-26 16:13:40.001,23340,23340,23340,4,0
2024-12-26 16:13:40.001,23340,23340,23340,2,0
2024-12-26 16:13:40.001,23340,23340,23340,6,0
2024-12-26 16:13:40.001,23340,23340,23340,2,0
2024-12-26 16:13:52.001,23340,23340,23340,2,0
2024-12-26 16:13:52.001,23341,23341,23341,8,8
2024-12-26 16:14:17.001,23341,23341,23341,2,0
2024-12-26 16:14:21.001,23342,23342,23342,2,2
2024-12-26 16:14:23.001,23342,23342,23342,2,0
2024-12-26 16:14:54.001,23340,23340,23340,2,-2
2024-12-26 16:14:58.001,23339,23339,23339,2,-2
2024-12-26 16:14:58.001,23341,23341,23341,2,2
2024-12-26 16:15:35.001,23339,23339,23339,2,-2
2024-12-26 16:15:37.001,23338,23338,23338,2,-2
2024-12-26 16:15:37.001,23338,23338,23338,2,0
2024-12-26 16:15:38.001,23337,23337,23337,2,-2
2024-12-26 16:15:38.001,23337,23337,23337,2,0
2024-12-26 16:15:38.001,23336,23336,23336,2,-2
2024-12-26 16:15:38.001,23336,23336,23336,6,0
2024-12-26 16:15:38.001,23336,23336,23336,2,0
2024-12-26 16:15:40.001,23335,23335,23335,2,-2
2024-12-26 16:15:40.001,23335,23335,23335,2,0
2024-12-26 16:15:40.001,23335,23335,23335,2,0
2024-12-26 16:15:45.001,23335,23335,23335,2,0
2024-12-26 16:15:51.001,23335,23335,23335,2,0
2024-12-26 16:15:51.001,23335,23335,23335,4,0
2024-12-26 16:15:56.001,23334,23334,23334,2,-2
2024-12-26 16:16:00.001,23335,23335,23335,4,4
2024-12-26 16:16:00.001,23337,23337,23337,2,2
2024-12-26 16:16:17.001,23338,23338,23338,2,2
2024-12-26 16:16:22.001,23335,23335,23335,2,-2
2024-12-26 16:16:22.001,23335,23335,23335,2,0
2024-12-26 16:16:22.001,23338,23338,23338,2,2
2024-12-26 16:16:22.001,23338,23338,23338,2,0
2024-12-26 16:16:34.001,23334,23334,23334,2,-2
2024-12-26 16:16:34.001,23334,23334,23334,2,0
2024-12-26 16:16:34.001,23334,23334,23334,2,0
2024-12-26 16:16:34.001,23334,23334,23334,2,0
2024-12-26 16:16:34.001,23334,23334,23334,2,0
2024-12-26 16:16:34.001,23334,23334,23334,2,0
2024-12-26 16:16:34.001,23334,23334,23334,4,0
2024-12-26 16:16:34.001,23334,23334,23334,2,0
2024-12-26 16:16:47.001,23333,23333,23333,2,-2
2024-12-26 16:16:47.001,23333,23333,23333,2,0
2024-12-26 16:16:47.001,23335,23335,23335,2,2
2024-12-26 16:16:47.001,23336,23336,23336,2,2
2024-12-26 16:16:47.001,23333,23333,23333,2,-2
2024-12-26 16:16:50.001,23333,23333,23333,6,0
2024-12-26 16:16:50.001,23333,23333,23333,2,0
2024-12-26 16:16:50.001,23333,23333,23333,2,0
2024-12-26 16:16:50.001,23333,23333,23333,2,0
2024-12-26 16:16:50.001,23334,23334,23334,2,2
2024-12-26 16:16:50.001,23334,23334,23334,2,0
2024-12-26 16:16:50.001,23332,23332,23332,2,-2
2024-12-26 16:16:50.001,23332,23332,23332,10,0
2024-12-26 16:16:50.001,23332,23332,23332,2,0
2024-12-26 16:16:50.001,23332,23332,23332,2,0
2024-12-26 16:16:50.001,23332,23332,23332,2,0
2024-12-26 16:16:50.001,23332,23332,23332,2,0
2024-12-26 16:16:50.001,23332,23332,23332,2,0
2024-12-26 16:16:51.001,23331,23331,23331,2,-2
2024-12-26 16:16:51.001,23331,23331,23331,2,0
2024-12-26 16:16:51.001,23331,23331,23331,2,0
2024-12-26 16:16:51.001,23331,23331,23331,2,0
2024-12-26 16:16:51.001,23331,23331,23331,2,0
2024-12-26 16:16:51.001,23331,23331,23331,2,0
2024-12-26 16:16:51.001,23331,23331,23331,2,0
2024-12-26 16:16:51.001,23331,23331,23331,2,0
2024-12-26 16:16:51.001,23331,23331,23331,2,0
2024-12-26 16:16:52.001,23330,23330,23330,2,-2
2024-12-26 16:16:52.001,23331,23331,23331,2,2
2024-12-26 16:16:52.001,23330,23330,23330,2,-2
2024-12-26 16:16:52.001,23330,23330,23330,2,0
2024-12-26 16:16:52.001,23330,23330,23330,2,0
2024-12-26 16:16:52.001,23330,23330,23330,2,0
2024-12-26 16:16:52.001,23330,23330,23330,2,0
2024-12-26 16:16:52.001,23330,23330,23330,2,0
2024-12-26 16:16:52.001,23330,23330,23330,2,0
2024-12-26 16:16:52.001,23330,23330,23330,2,0
2024-12-26 16:16:52.001,23330,23330,23330,2,0
2024-12-26 16:16:52.001,23330,23330,23330,4,0
2024-12-26 16:16:52.001,23330,23330,23330,2,0
2024-12-26 16:16:52.001,23330,23330,23330,2,0
2024-12-26 16:16:52.001,23330,23330,23330,2,0
2024-12-26 16:16:52.001,23329,23329,23329,2,-2
2024-12-26 16:16:52.001,23329,23329,23329,2,0
2024-12-26 16:16:52.001,23329,23329,23329,2,0
2024-12-26 16:16:59.001,23329,23329,23329,2,0
2024-12-26 16:17:00.001,23330,23330,23330,2,2
2024-12-26 16:17:00.001,23332,23332,23332,2,2
2024-12-26 16:17:00.001,23332,23332,23332,2,0
2024-12-26 16:17:00.001,23332,23332,23332,2,0
2024-12-26 16:17:00.001,23333,23333,23333,2,2
2024-12-26 16:17:00.001,23333,23333,23333,2,0
2024-12-26 16:17:00.001,23333,23333,23333,2,0
2024-12-26 16:17:00.001,23330,23330,23330,2,-2
2024-12-26 16:17:01.001,23330,23330,23330,2,0
2024-12-26 16:17:01.001,23332,23332,23332,2,2
2024-12-26 16:17:02.001,23331,23331,23331,2,-2
2024-12-26 16:17:05.001,23330,23330,23330,2,-2
2024-12-26 16:17:06.001,23330,23330,23330,2,0
2024-12-26 16:17:10.001,23332,23332,23332,2,2
2024-12-26 16:17:10.001,23333,23333,23333,2,2
2024-12-26 16:17:14.001,23333,23333,23333,2,0
2024-12-26 16:17:49.001,23331,23331,23331,2,-2
2024-12-26 16:17:56.001,23331,23331,23331,2,0
2024-12-26 16:17:56.001,23333,23333,23333,2,2
2024-12-26 16:17:56.001,23333,23333,23333,2,0
2024-12-26 16:17:56.001,23333,23333,23333,2,0
2024-12-26 16:17:56.001,23333,23333,23333,2,0
2024-12-26 16:17:56.001,23334,23334,23334,2,2
2024-12-26 16:18:02.001,23334,23334,23334,2,0
2024-12-26 16:18:02.001,23335,23335,23335,2,2
2024-12-26 16:18:11.001,23334,23334,23334,2,-2
2024-12-26 16:18:11.001,23334,23334,23334,2,0
2024-12-26 16:18:13.001,23333,23333,23333,2,-2
2024-12-26 16:18:22.001,23332,23332,23332,2,-2
2024-12-26 16:18:28.001,23332,23332,23332,2,0
2024-12-26 16:18:29.001,23331,23331,23331,2,-2
2024-12-26 16:18:34.001,23330,23330,23330,2,-2
2024-12-26 16:18:34.001,23329,23329,23329,2,-2
2024-12-26 16:18:34.001,23329,23329,23329,2,0
2024-12-26 16:18:34.001,23329,23329,23329,2,0
2024-12-26 16:18:40.001,23328,23328,23328,2,-2
2024-12-26 16:18:40.001,23328,23328,23328,2,0
2024-12-26 16:18:40.001,23328,23328,23328,2,0
2024-12-26 16:18:45.001,23328,23328,23328,2,0
2024-12-26 16:18:47.001,23328,23328,23328,2,0
2024-12-26 16:18:47.001,23328,23328,23328,2,0
2024-12-26 16:18:47.001,23328,23328,23328,2,0
2024-12-26 16:18:47.001,23328,23328,23328,2,0
2024-12-26 16:18:49.001,23328,23328,23328,2,0
2024-12-26 16:18:50.001,23327,23327,23327,2,-2
2024-12-26 16:18:50.001,23327,23327,23327,2,0
2024-12-26 16:18:50.001,23327,23327,23327,2,0
2024-12-26 16:18:50.001,23327,23327,23327,2,0
2024-12-26 16:18:50.001,23327,23327,23327,2,0
2024-12-26 16:18:50.001,23326,23326,23326,2,-2
2024-12-26 16:18:50.001,23326,23326,23326,2,0
2024-12-26 16:18:50.001,23326,23326,23326,2,0
2024-12-26 16:18:50.001,23326,23326,23326,2,0
2024-12-26 16:18:50.001,23326,23326,23326,2,0
2024-12-26 16:18:50.001,23326,23326,23326,2,0
2024-12-26 16:18:50.001,23326,23326,23326,2,0
2024-12-26 16:18:50.001,23326,23326,23326,2,0
2024-12-26 16:18:50.001,23326,23326,23326,4,0
2024-12-26 16:18:51.001,23325,23325,23325,6,-6
2024-12-26 16:18:51.001,23325,23325,23325,2,0
2024-12-26 16:18:51.001,23325,23325,23325,2,0
2024-12-26 16:18:51.001,23325,23325,23325,2,0
2024-12-26 16:18:51.001,23325,23325,23325,2,0
2024-12-26 16:18:51.001,23325,23325,23325,2,0
2024-12-26 16:18:57.001,23325,23325,23325,2,0
2024-12-26 16:18:57.001,23325,23325,23325,2,0
2024-12-26 16:18:57.001,23325,23325,23325,2,0
2024-12-26 16:18:58.001,23325,23325,23325,2,0
2024-12-26 16:19:01.001,23327,23327,23327,2,2
2024-12-26 16:19:01.001,23327,23327,23327,2,0
2024-12-26 16:19:02.001,23328,23328,23328,2,2
2024-12-26 16:19:12.001,23327,23327,23327,2,-2
2024-12-26 16:19:18.001,23327,23327,23327,2,0
2024-12-26 16:19:28.001,23327,23327,23327,2,0
2024-12-26 16:19:36.001,23326,23326,23326,2,-2
2024-12-26 16:19:37.001,23327,23327,23327,2,2
2024-12-26 16:19:37.001,23327,23327,23327,6,0
2024-12-26 16:19:59.001,23326,23326,23326,2,-2
2024-12-26 16:20:02.001,23326,23326,23326,2,0
2024-12-26 16:20:02.001,23326,23326,23326,2,0
2024-12-26 16:20:02.001,23326,23326,23326,2,0
2024-12-26 16:20:02.001,23326,23326,23326,2,0
2024-12-26 16:20:02.001,23325,23325,23325,2,-2
2024-12-26 16:20:02.001,23325,23325,23325,2,0
2024-12-26 16:20:02.001,23325,23325,23325,2,0
2024-12-26 16:20:02.001,23325,23325,23325,2,0
2024-12-26 16:20:02.001,23325,23325,23325,4,0
2024-12-26 16:20:02.001,23326,23326,23326,2,2
2024-12-26 16:20:05.001,23324,23324,23324,2,-2
2024-12-26 16:20:05.001,23324,23324,23324,20,0
2024-12-26 16:20:08.001,23323,23323,23323,2,-2
2024-12-26 16:20:08.001,23323,23323,23323,2,0
2024-12-26 16:20:08.001,23323,23323,23323,2,0
2024-12-26 16:20:09.001,23322,23322,23322,2,-2
2024-12-26 16:20:09.001,23322,23322,23322,2,0
2024-12-26 16:20:09.001,23322,23322,23322,2,0
2024-12-26 16:20:09.001,23321,23321,23321,2,-2
2024-12-26 16:20:09.001,23321,23321,23321,4,0
2024-12-26 16:20:09.001,23322,23322,23322,6,6
2024-12-26 16:20:10.001,23322,23322,23322,2,0
2024-12-26 16:20:11.001,23323,23323,23323,4,4
2024-12-26 16:20:12.001,23322,23322,23322,2,-2
2024-12-26 16:20:13.001,23322,23322,23322,2,0
2024-12-26 16:20:14.001,23322,23322,23322,2,0
2024-12-26 16:20:14.001,23322,23322,23322,2,0
2024-12-26 16:20:14.001,23322,23322,23322,2,0
2024-12-26 16:20:19.001,23322,23322,23322,2,0
2024-12-26 16:20:23.001,23322,23322,23322,2,0
2024-12-26 16:20:25.001,23322,23322,23322,2,0
2024-12-26 16:20:27.001,23322,23322,23322,2,0
2024-12-26 16:20:41.001,23321,23321,23321,2,-2
2024-12-26 16:20:46.001,23321,23321,23321,6,0
2024-12-26 16:20:46.001,23321,23321,23321,2,0
2024-12-26 16:20:46.001,23321,23321,23321,2,0
2024-12-26 16:20:47.001,23321,23321,23321,4,0
2024-12-26 16:20:47.001,23321,23321,23321,4,0
2024-12-26 16:20:48.001,23320,23320,23320,2,-2
2024-12-26 16:20:48.001,23320,23320,23320,2,0
2024-12-26 16:20:48.001,23320,23320,23320,2,0
2024-12-26 16:20:48.001,23320,23320,23320,2,0
2024-12-26 16:20:48.001,23320,23320,23320,2,0
2024-12-26 16:20:48.001,23320,23320,23320,6,0
2024-12-26 16:20:48.001,23320,23320,23320,2,0
2024-12-26 16:20:48.001,23320,23320,23320,6,0
2024-12-26 16:20:48.001,23320,23320,23320,2,0
2024-12-26 16:20:48.001,23320,23320,23320,2,0
2024-12-26 16:20:48.001,23320,23320,23320,4,0
2024-12-26 16:20:48.001,23320,23320,23320,2,0
2024-12-26 16:20:48.001,23320,23320,23320,2,0
2024-12-26 16:20:48.001,23320,23320,23320,2,0
2024-12-26 16:20:48.001,23320,23320,23320,10,0
2024-12-26 16:20:49.001,23321,23321,23321,2,2
2024-12-26 16:20:52.001,23319,23319,23319,2,-2
2024-12-26 16:20:54.001,23319,23319,23319,2,0
2024-12-26 16:20:54.001,23318,23318,23318,2,-2
2024-12-26 16:20:54.001,23318,23318,23318,2,0
2024-12-26 16:20:57.001,23319,23319,23319,2,2
2024-12-26 16:20:58.001,23320,23320,23320,10,10
2024-12-26 16:20:58.001,23319,23319,23319,2,-2
2024-12-26 16:20:58.001,23318,23318,23318,4,-4
2024-12-26 16:21:03.001,23320,23320,23320,2,2
2024-12-26 16:21:03.001,23321,23321,23321,10,10
2024-12-26 16:21:03.001,23321,23321,23321,8,0
2024-12-26 16:21:03.001,23320,23320,23320,48,-48
2024-12-26 16:21:03.001,23321,23321,23321,2,2
2024-12-26 16:21:03.001,23321,23321,23321,2,0
2024-12-26 16:21:03.001,23319,23319,23319,2,-2
2024-12-26 16:21:03.001,23319,23319,23319,2,0
2024-12-26 16:21:03.001,23319,23319,23319,2,0
2024-12-26 16:21:03.001,23319,23319,23319,2,0
2024-12-26 16:21:03.001,23319,23319,23319,2,0
2024-12-26 16:21:04.001,23319,23319,23319,2,0
2024-12-26 16:21:04.001,23318,23318,23318,2,-2
2024-12-26 16:21:04.001,23318,23318,23318,2,0
2024-12-26 16:21:04.001,23318,23318,23318,2,0
2024-12-26 16:21:04.001,23318,23318,23318,2,0
2024-12-26 16:21:05.001,23320,23320,23320,2,2
2024-12-26 16:21:12.001,23321,23321,23321,2,2
2024-12-26 16:21:15.001,23322,23322,23322,2,2
2024-12-26 16:21:18.001,23322,23322,23322,2,0
2024-12-26 16:21:21.001,23322,23322,23322,8,0
2024-12-26 16:21:21.001,23322,23322,23322,6,0
2024-12-26 16:21:21.001,23322,23322,23322,2,0
2024-12-26 16:21:21.001,23322,23322,23322,2,0
2024-12-26 16:21:28.001,23321,23321,23321,2,-2
2024-12-26 16:21:35.001,23321,23321,23321,2,0
2024-12-26 16:21:40.001,23319,23319,23319,2,-2
2024-12-26 16:21:40.001,23319,23319,23319,4,0
2024-12-26 16:21:40.001,23318,23318,23318,2,-2
2024-12-26 16:21:40.001,23318,23318,23318,2,0
2024-12-26 16:21:49.001,23317,23317,23317,2,-2
2024-12-26 16:21:49.001,23317,23317,23317,2,0
2024-12-26 16:21:49.001,23317,23317,23317,2,0
2024-12-26 16:21:49.001,23316,23316,23316,20,-20
2024-12-26 16:21:49.001,23316,23316,23316,2,0
2024-12-26 16:21:50.001,23315,23315,23315,4,-4
2024-12-26 16:21:50.001,23315,23315,23315,2,0
2024-12-26 16:21:50.001,23315,23315,23315,2,0
2024-12-26 16:21:50.001,23315,23315,23315,2,0
2024-12-26 16:21:50.001,23315,23315,23315,4,0
2024-12-26 16:21:50.001,23315,23315,23315,2,0
2024-12-26 16:21:53.001,23314,23314,23314,2,-2
2024-12-26 16:21:55.001,23313,23313,23313,2,-2
2024-12-26 16:21:56.001,23315,23315,23315,4,4
2024-12-26 16:21:56.001,23313,23313,23313,2,-2
2024-12-26 16:21:57.001,23313,23313,23313,2,0
2024-12-26 16:21:57.001,23313,23313,23313,2,0
2024-12-26 16:21:57.001,23313,23313,23313,2,0
2024-12-26 16:21:58.001,23312,23312,23312,2,-2
2024-12-26 16:21:58.001,23312,23312,23312,2,0
2024-12-26 16:21:58.001,23313,23313,23313,2,2
2024-12-26 16:22:03.001,23313,23313,23313,2,0
2024-12-26 16:22:05.001,23314,23314,23314,2,2
2024-12-26 16:22:05.001,23313,23313,23313,36,-36
2024-12-26 16:22:05.001,23313,23313,23313,2,0
2024-12-26 16:22:05.001,23313,23313,23313,2,0
2024-12-26 16:22:08.001,23313,23313,23313,8,0
2024-12-26 16:22:08.001,23311,23311,23311,2,-2
2024-12-26 16:22:09.001,23311,23311,23311,2,0
2024-12-26 16:22:09.001,23310,23310,23310,4,-4
2024-12-26 16:22:09.001,23310,23310,23310,2,0
2024-12-26 16:22:09.001,23310,23310,23310,2,0
2024-12-26 16:22:09.001,23310,23310,23310,2,0
2024-12-26 16:22:09.001,23310,23310,23310,2,0
2024-12-26 16:22:10.001,23309,23309,23309,2,-2
2024-12-26 16:22:11.001,23309,23309,23309,2,0
2024-12-26 16:22:12.001,23308,23308,23308,2,-2
2024-12-26 16:22:13.001,23308,23308,23308,2,0
2024-12-26 16:22:13.001,23308,23308,23308,2,0
2024-12-26 16:22:13.001,23308,23308,23308,2,0
2024-12-26 16:22:13.001,23308,23308,23308,2,0
2024-12-26 16:22:13.001,23308,23308,23308,2,0
2024-12-26 16:22:13.001,23308,23308,23308,2,0
2024-12-26 16:22:13.001,23307,23307,23307,2,-2
2024-12-26 16:22:13.001,23307,23307,23307,2,0
2024-12-26 16:22:13.001,23306,23306,23306,2,-2
2024-12-26 16:22:13.001,23307,23307,23307,2,2
2024-12-26 16:22:14.001,23308,23308,23308,2,2
2024-12-26 16:22:15.001,23307,23307,23307,2,-2
2024-12-26 16:22:15.001,23307,23307,23307,2,0
2024-12-26 16:22:15.001,23307,23307,23307,2,0
2024-12-26 16:22:15.001,23307,23307,23307,2,0
2024-12-26 16:22:15.001,23307,23307,23307,2,0
2024-12-26 16:22:15.001,23306,23306,23306,2,-2
2024-12-26 16:22:16.001,23309,23309,23309,4,4
2024-12-26 16:22:17.001,23308,23308,23308,2,-2
2024-12-26 16:22:17.001,23308,23308,23308,2,0
2024-12-26 16:22:17.001,23307,23307,23307,2,-2
2024-12-26 16:22:21.001,23307,23307,23307,2,0
2024-12-26 16:22:21.001,23307,23307,23307,2,0
2024-12-26 16:22:21.001,23307,23307,23307,2,0
2024-12-26 16:22:21.001,23309,23309,23309,6,6
2024-12-26 16:22:23.001,23310,23310,23310,2,2
2024-12-26 16:22:23.001,23307,23307,23307,2,-2
2024-12-26 16:22:28.001,23308,23308,23308,2,2
2024-12-26 16:22:28.001,23309,23309,23309,2,2
2024-12-26 16:22:30.001,23310,23310,23310,4,4
2024-12-26 16:22:33.001,23310,23310,23310,2,0
2024-12-26 16:22:33.001,23311,23311,23311,2,2
2024-12-26 16:22:33.001,23311,23311,23311,2,0
2024-12-26 16:22:34.001,23312,23312,23312,2,2
2024-12-26 16:22:36.001,23311,23311,23311,2,-2
2024-12-26 16:22:37.001,23309,23309,23309,4,-4
2024-12-26 16:22:37.001,23309,23309,23309,2,0
2024-12-26 16:22:39.001,23307,23307,23307,2,-2
2024-12-26 16:22:39.001,23307,23307,23307,2,0
2024-12-26 16:22:39.001,23307,23307,23307,2,0
2024-12-26 16:22:39.001,23306,23306,23306,2,-2
2024-12-26 16:22:39.001,23306,23306,23306,4,0
2024-12-26 16:22:39.001,23306,23306,23306,8,0
2024-12-26 16:22:39.001,23306,23306,23306,2,0
2024-12-26 16:22:39.001,23306,23306,23306,2,0
2024-12-26 16:22:39.001,23306,23306,23306,2,0
2024-12-26 16:22:39.001,23306,23306,23306,2,0
2024-12-26 16:22:40.001,23307,23307,23307,2,2
2024-12-26 16:22:48.001,23306,23306,23306,2,-2
2024-12-26 16:22:48.001,23306,23306,23306,2,0
2024-12-26 16:22:48.001,23305,23305,23305,2,-2
2024-12-26 16:22:48.001,23305,23305,23305,6,0
2024-12-26 16:22:48.001,23308,23308,23308,2,2
2024-12-26 16:22:49.001,23307,23307,23307,2,-2
2024-12-26 16:22:50.001,23308,23308,23308,2,2
2024-12-26 16:22:50.001,23306,23306,23306,2,-2
2024-12-26 16:22:51.001,23306,23306,23306,2,0
2024-12-26 16:22:51.001,23305,23305,23305,2,-2
2024-12-26 16:22:51.001,23305,23305,23305,2,0
2024-12-26 16:22:51.001,23305,23305,23305,2,0
2024-12-26 16:22:57.001,23307,23307,23307,2,2
2024-12-26 16:22:57.001,23307,23307,23307,2,0
2024-12-26 16:22:57.001,23308,23308,23308,8,8
2024-12-26 16:22:57.001,23307,23307,23307,2,-2
2024-12-26 16:22:57.001,23307,23307,23307,2,0
2024-12-26 16:22:59.001,23306,23306,23306,2,-2
2024-12-26 16:23:00.001,23307,23307,23307,2,2
2024-12-26 16:23:00.001,23306,23306,23306,2,-2
2024-12-26 16:23:01.001,23306,23306,23306,2,0
2024-12-26 16:23:01.001,23306,23306,23306,2,0
2024-12-26 16:23:01.001,23306,23306,23306,2,0
2024-12-26 16:23:01.001,23306,23306,23306,2,0
2024-12-26 16:23:01.001,23306,23306,23306,2,0
2024-12-26 16:23:01.001,23305,23305,23305,4,-4
2024-12-26 16:23:01.001,23305,23305,23305,2,0
2024-12-26 16:23:01.001,23305,23305,23305,2,0
2024-12-26 16:23:01.001,23305,23305,23305,2,0
2024-12-26 16:23:01.001,23305,23305,23305,2,0
2024-12-26 16:23:03.001,23305,23305,23305,2,0
2024-12-26 16:23:03.001,23305,23305,23305,2,0
2024-12-26 16:23:05.001,23306,23306,23306,6,6
2024-12-26 16:23:07.001,23305,23305,23305,2,-2
2024-12-26 16:23:08.001,23307,23307,23307,2,2
2024-12-26 16:23:08.001,23308,23308,23308,2,2
2024-12-26 16:23:09.001,23306,23306,23306,2,-2
2024-12-26 16:23:09.001,23306,23306,23306,2,0
2024-12-26 16:23:09.001,23305,23305,23305,2,-2
2024-12-26 16:23:10.001,23306,23306,23306,2,2
2024-12-26 16:23:16.001,23307,23307,23307,4,4
2024-12-26 16:23:18.001,23308,23308,23308,2,2
2024-12-26 16:23:21.001,23309,23309,23309,2,2
2024-12-26 16:23:21.001,23310,23310,23310,8,8
2024-12-26 16:23:31.001,23309,23309,23309,2,-2
2024-12-26 16:23:34.001,23308,23308,23308,2,-2
2024-12-26 16:23:51.001,23309,23309,23309,2,2
2024-12-26 16:23:55.001,23310,23310,23310,4,4
2024-12-26 16:23:56.001,23309,23309,23309,2,-2
2024-12-26 16:24:00.001,23310,23310,23310,2,2
2024-12-26 16:24:00.001,23310,23310,23310,2,0
2024-12-26 16:24:05.001,23309,23309,23309,2,-2
2024-12-26 16:24:05.001,23309,23309,23309,2,0
2024-12-26 16:24:05.001,23308,23308,23308,2,-2
2024-12-26 16:24:05.001,23308,23308,23308,2,0
2024-12-26 16:24:05.001,23308,23308,23308,2,0
2024-12-26 16:24:05.001,23308,23308,23308,2,0
2024-12-26 16:24:05.001,23308,23308,23308,2,0
2024-12-26 16:24:05.001,23308,23308,23308,4,0
2024-12-26 16:24:05.001,23307,23307,23307,2,-2
2024-12-26 16:24:05.001,23307,23307,23307,4,0
2024-12-26 16:24:06.001,23308,23308,23308,2,2
2024-12-26 16:24:08.001,23306,23306,23306,2,-2
2024-12-26 16:24:08.001,23306,23306,23306,2,0
2024-12-26 16:24:20.001,23307,23307,23307,2,2
2024-12-26 16:24:20.001,23306,23306,23306,2,-2
2024-12-26 16:24:28.001,23306,23306,23306,2,0
2024-12-26 16:24:29.001,23306,23306,23306,2,0
2024-12-26 16:24:29.001,23306,23306,23306,2,0
2024-12-26 16:24:34.001,23307,23307,23307,4,4
2024-12-26 16:24:51.001,23307,23307,23307,2,0
2024-12-26 16:24:51.001,23307,23307,23307,2,0
2024-12-26 16:24:52.001,23307,23307,23307,6,0
2024-12-26 16:24:53.001,23306,23306,23306,2,-2
2024-12-26 16:24:53.001,23306,23306,23306,2,0
2024-12-26 16:24:53.001,23306,23306,23306,2,0
2024-12-26 16:24:53.001,23305,23305,23305,2,-2
2024-12-26 16:24:53.001,23305,23305,23305,2,0
2024-12-26 16:24:53.001,23305,23305,23305,2,0
2024-12-26 16:24:53.001,23304,23304,23304,2,-2
2024-12-26 16:24:53.001,23304,23304,23304,2,0
2024-12-26 16:24:53.001,23304,23304,23304,2,0
2024-12-26 16:24:53.001,23304,23304,23304,2,0
2024-12-26 16:24:53.001,23304,23304,23304,2,0
2024-12-26 16:24:54.001,23303,23303,23303,2,-2
2024-12-26 16:24:54.001,23303,23303,23303,4,0
2024-12-26 16:24:54.001,23303,23303,23303,2,0
2024-12-26 16:24:54.001,23303,23303,23303,2,0
2024-12-26 16:24:54.001,23303,23303,23303,2,0
2024-12-26 16:24:54.001,23303,23303,23303,6,0
2024-12-26 16:24:54.001,23303,23303,23303,2,0
2024-12-26 16:24:54.001,23302,23302,23302,2,-2
2024-12-26 16:24:54.001,23302,23302,23302,4,0
2024-12-26 16:24:54.001,23302,23302,23302,4,0
2024-12-26 16:24:54.001,23302,23302,23302,2,0
2024-12-26 16:24:54.001,23302,23302,23302,2,0
