2021-06-15 15:00:00.075,17406,17408,17408,87
2021-06-15 15:00:00.110,17407,17408,17408,1
2021-06-15 15:00:00.198,17407,17408,17407,1
2021-06-15 15:00:00.256,17407,17408,17408,1
2021-06-15 15:00:00.273,17407,17408,17408,2
2021-06-15 15:00:00.293,17407,17408,17408,1
2021-06-15 15:00:00.370,17407,17408,17407,2
2021-06-15 15:00:00.370,17407,17408,17406,1
2021-06-15 15:00:00.404,17405,17408,17408,1
2021-06-15 15:00:00.536,17406,17408,17408,1
2021-06-15 15:00:00.539,17406,17408,17408,1
2021-06-15 15:00:00.558,17406,17408,17406,2
2021-06-15 15:00:00.567,17406,17408,17408,1
2021-06-15 15:00:00.579,17406,17408,17406,1
2021-06-15 15:00:00.633,17406,17408,17408,1
2021-06-15 15:00:00.634,17406,17408,17408,1
2021-06-15 15:00:00.645,17406,17408,17408,1
2021-06-15 15:00:00.647,17406,17408,17406,1
2021-06-15 15:00:00.647,17406,17408,17405,1
2021-06-15 15:00:00.712,17406,17408,17408,4
2021-06-15 15:00:00.712,17406,17408,17409,2
2021-06-15 15:00:00.757,17406,17408,17408,1
2021-06-15 15:00:00.760,17406,17408,17409,6
2021-06-15 15:00:00.813,17406,17409,17407,1
2021-06-15 15:00:00.813,17406,17409,17406,3
2021-06-15 15:00:00.839,17406,17409,17408,1
2021-06-15 15:00:00.844,17406,17409,17409,3
2021-06-15 15:00:00.844,17406,17409,17410,3
2021-06-15 15:00:00.859,17406,17409,17406,1
2021-06-15 15:00:00.878,17406,17409,17406,1
2021-06-15 15:00:00.889,17406,17409,17405,1
2021-06-15 15:00:00.900,17405,17409,17409,1
2021-06-15 15:00:00.900,17405,17409,17409,2
2021-06-15 15:00:00.907,17405,17409,17410,2
2021-06-15 15:00:00.916,17405,17409,17410,5
2021-06-15 15:00:00.916,17405,17409,17411,5
2021-06-15 15:00:00.916,17405,17409,17412,8
2021-06-15 15:00:00.935,17405,17409,17406,1
2021-06-15 15:00:00.961,17405,17409,17408,1
2021-06-15 15:00:01.099,17405,17412,17412,1
2021-06-15 15:00:01.103,17405,17412,17413,1
2021-06-15 15:00:01.179,17406,17413,17413,3
2021-06-15 15:00:01.205,17406,17413,17409,1
2021-06-15 15:00:01.237,17406,17413,17411,1
2021-06-15 15:00:01.252,17406,17413,17412,1
2021-06-15 15:00:01.254,17406,17413,17412,1
2021-06-15 15:00:01.267,17406,17413,17409,1
2021-06-15 15:00:01.271,17409,17412,17409,1
2021-06-15 15:00:01.443,17409,17412,17411,1
2021-06-15 15:00:01.505,17409,17412,17409,1
2021-06-15 15:00:01.526,17409,17411,17409,1
2021-06-15 15:00:01.689,17408,17411,17411,1
2021-06-15 15:00:01.689,17408,17411,17412,1
2021-06-15 15:00:01.758,17408,17411,17410,1
2021-06-15 15:00:01.765,17408,17411,17408,1
2021-06-15 15:00:01.834,17408,17411,17411,1
2021-06-15 15:00:01.894,17408,17411,17409,1
2021-06-15 15:00:01.976,17408,17411,17411,3
2021-06-15 15:00:01.976,17408,17411,17412,4
2021-06-15 15:00:01.976,17408,17411,17413,7
2021-06-15 15:00:02.062,17410,17413,17410,2
2021-06-15 15:00:02.634,17409,17410,17410,1
2021-06-15 15:00:03.537,17409,17410,17410,1
2021-06-15 15:00:03.612,17409,17410,17410,1
2021-06-15 15:00:03.612,17409,17410,17411,2
2021-06-15 15:00:03.749,17410,17412,17412,1
2021-06-15 15:00:03.754,17410,17412,17412,1
2021-06-15 15:00:04.093,17409,17412,17412,2
2021-06-15 15:00:04.483,17409,17412,17412,1
2021-06-15 15:00:04.538,17409,17412,17412,1
2021-06-15 15:00:06.129,17409,17412,17411,1
2021-06-15 15:00:06.250,17409,17412,17411,2
2021-06-15 15:00:06.324,17409,17411,17408,1
2021-06-15 15:00:06.348,17409,17411,17410,1
2021-06-15 15:00:07.274,17407,17409,17409,1
2021-06-15 15:00:08.463,17406,17408,17408,1
2021-06-15 15:00:08.465,17406,17408,17408,1
2021-06-15 15:00:09.003,17406,17407,17406,1
2021-06-15 15:00:09.018,17406,17407,17407,1
2021-06-15 15:00:10.518,17407,17408,17407,1
2021-06-15 15:00:12.277,17407,17408,17407,1
2021-06-15 15:00:14.075,17406,17408,17408,1
2021-06-15 15:00:15.270,17407,17408,17408,1
2021-06-15 15:00:15.270,17407,17408,17408,2
2021-06-15 15:00:15.342,17407,17408,17407,1
2021-06-15 15:00:16.148,17407,17408,17407,1
2021-06-15 15:00:16.154,17407,17408,17407,1
2021-06-15 15:00:18.524,17407,17408,17407,2
2021-06-15 15:00:18.524,17407,17408,17407,7
2021-06-15 15:00:18.644,17407,17408,17407,1
2021-06-15 15:00:18.791,17406,17407,17407,1
2021-06-15 15:00:18.791,17406,17407,17408,1
2021-06-15 15:00:19.092,17406,17408,17406,1
2021-06-15 15:00:19.499,17406,17407,17406,1
2021-06-15 15:00:20.202,17406,17407,17407,2
2021-06-15 15:00:20.239,17406,17407,17408,3
2021-06-15 15:00:20.239,17406,17407,17409,1
2021-06-15 15:00:20.615,17408,17409,17408,1
2021-06-15 15:00:21.017,17408,17409,17408,1
2021-06-15 15:00:21.017,17408,17409,17407,2
2021-06-15 15:00:21.017,17408,17409,17406,4
2021-06-15 15:00:21.402,17406,17409,17408,1
2021-06-15 15:00:21.402,17406,17409,17408,1
2021-06-15 15:00:21.645,17408,17409,17408,1
2021-06-15 15:00:21.681,17406,17408,17407,1
2021-06-15 15:00:23.542,17407,17408,17407,1
2021-06-15 15:00:23.542,17407,17408,17406,4
2021-06-15 15:00:26.102,17407,17408,17407,1
2021-06-15 15:00:27.070,17407,17408,17407,1
2021-06-15 15:00:27.814,17406,17407,17407,1
2021-06-15 15:00:30.868,17406,17407,17407,2
2021-06-15 15:00:30.868,17406,17407,17407,1
2021-06-15 15:00:31.089,17406,17407,17407,1
2021-06-15 15:00:31.089,17406,17407,17408,3
2021-06-15 15:00:31.604,17406,17408,17407,1
2021-06-15 15:00:33.169,17406,17407,17407,1
2021-06-15 15:00:33.169,17406,17407,17407,1
2021-06-15 15:00:34.618,17406,17407,17406,4
2021-06-15 15:00:35.571,17405,17406,17405,14
2021-06-15 15:00:37.751,17404,17405,17405,1
2021-06-15 15:00:38.032,17404,17405,17405,1
2021-06-15 15:00:38.419,17404,17405,17404,1
2021-06-15 15:00:38.973,17404,17405,17405,1
2021-06-15 15:00:39.250,17404,17405,17404,1
2021-06-15 15:00:39.483,17403,17405,17403,2
2021-06-15 15:00:39.749,17403,17405,17405,1
2021-06-15 15:00:39.830,17403,17406,17403,1
2021-06-15 15:00:39.897,17403,17406,17403,1
2021-06-15 15:00:40.165,17403,17406,17405,1
2021-06-15 15:00:42.262,17403,17405,17404,1
2021-06-15 15:00:42.503,17404,17405,17405,1
2021-06-15 15:00:43.460,17404,17405,17404,2
2021-06-15 15:00:43.460,17404,17405,17403,1
2021-06-15 15:00:43.749,17403,17405,17405,1
2021-06-15 15:00:44.023,17403,17405,17403,1
2021-06-15 15:00:44.611,17403,17405,17405,1
2021-06-15 15:00:46.005,17403,17405,17404,1
2021-06-15 15:00:46.007,17403,17405,17403,1
2021-06-15 15:00:46.819,17403,17404,17404,1
2021-06-15 15:00:47.992,17403,17404,17403,1
2021-06-15 15:00:48.380,17403,17404,17404,5
2021-06-15 15:00:48.436,17403,17404,17403,1
2021-06-15 15:00:48.531,17403,17404,17403,2
2021-06-15 15:00:48.724,17402,17403,17402,1
2021-06-15 15:00:49.549,17402,17403,17403,1
2021-06-15 15:00:50.235,17402,17403,17402,1
2021-06-15 15:00:50.290,17402,17403,17402,1
2021-06-15 15:00:50.627,17402,17403,17403,1
2021-06-15 15:00:51.410,17402,17403,17402,4
2021-06-15 15:00:51.493,17402,17403,17401,5
2021-06-15 15:00:51.494,17402,17403,17401,3
2021-06-15 15:00:51.494,17402,17403,17401,1
2021-06-15 15:00:51.604,17400,17402,17400,1
2021-06-15 15:00:51.625,17400,17402,17402,1
2021-06-15 15:00:51.783,17400,17402,17400,1
2021-06-15 15:00:51.895,17400,17402,17402,3
2021-06-15 15:00:51.895,17400,17402,17403,2
2021-06-15 15:00:53.094,17400,17403,17400,2
2021-06-15 15:00:53.877,17400,17401,17401,1
2021-06-15 15:00:55.833,17400,17401,17401,1
2021-06-15 15:00:55.833,17400,17401,17401,1
2021-06-15 15:00:55.976,17400,17402,17400,2
2021-06-15 15:00:56.421,17400,17402,17402,1
2021-06-15 15:00:57.089,17400,17401,17400,5
2021-06-15 15:00:57.235,17400,17401,17401,1
2021-06-15 15:00:57.771,17401,17403,17403,1
2021-06-15 15:00:58.380,17401,17403,17402,1
2021-06-15 15:00:58.888,17401,17402,17401,1
2021-06-15 15:01:00.030,17401,17402,17402,2
2021-06-15 15:01:00.030,17401,17402,17402,1
2021-06-15 15:01:00.030,17401,17402,17402,1
2021-06-15 15:01:00.047,17401,17402,17403,1
2021-06-15 15:01:00.052,17401,17402,17403,1
2021-06-15 15:01:00.054,17401,17402,17403,1
2021-06-15 15:01:00.068,17401,17402,17402,1
2021-06-15 15:01:00.151,17402,17403,17403,1
2021-06-15 15:01:00.151,17402,17403,17403,1
2021-06-15 15:01:00.152,17402,17403,17403,1
2021-06-15 15:01:00.152,17402,17403,17403,1
2021-06-15 15:01:00.152,17402,17403,17403,1
2021-06-15 15:01:00.152,17402,17403,17403,4
2021-06-15 15:01:00.152,17402,17403,17403,1
2021-06-15 15:01:00.152,17402,17403,17403,1
2021-06-15 15:01:00.152,17402,17403,17404,1
2021-06-15 15:01:00.197,17402,17403,17403,1
2021-06-15 15:01:00.209,17402,17403,17402,1
2021-06-15 15:01:00.245,17402,17403,17404,1
2021-06-15 15:01:00.251,17402,17403,17403,1
2021-06-15 15:01:00.271,17402,17404,17402,1
2021-06-15 15:01:00.362,17402,17404,17402,1
2021-06-15 15:01:00.386,17402,17404,17401,1
2021-06-15 15:01:00.417,17401,17404,17401,1
2021-06-15 15:01:00.516,17401,17404,17401,2
2021-06-15 15:01:00.539,17401,17404,17401,1
2021-06-15 15:01:00.570,17401,17404,17401,1
2021-06-15 15:01:00.987,17400,17403,17400,3
2021-06-15 15:01:04.511,17401,17402,17401,1
2021-06-15 15:01:04.511,17401,17402,17401,5
2021-06-15 15:01:04.523,17400,17401,17401,1
2021-06-15 15:01:04.568,17400,17401,17401,1
2021-06-15 15:01:05.311,17401,17402,17401,1
2021-06-15 15:01:05.377,17401,17402,17401,1
2021-06-15 15:01:05.378,17401,17402,17401,1
2021-06-15 15:01:06.493,17400,17402,17400,4
2021-06-15 15:01:06.975,17399,17401,17401,1
2021-06-15 15:01:06.975,17399,17401,17401,1
2021-06-15 15:01:07.961,17399,17401,17399,1
2021-06-15 15:01:08.023,17399,17401,17401,1
2021-06-15 15:01:08.072,17399,17401,17400,2
2021-06-15 15:01:08.175,17399,17401,17399,1
2021-06-15 15:01:09.248,17399,17400,17400,1
2021-06-15 15:01:09.731,17399,17400,17400,1
2021-06-15 15:01:10.643,17399,17401,17401,1
2021-06-15 15:01:11.942,17399,17401,17399,1
2021-06-15 15:01:13.280,17399,17401,17400,2
2021-06-15 15:01:13.951,17399,17400,17400,1
2021-06-15 15:01:15.241,17399,17400,17399,1
2021-06-15 15:01:15.241,17399,17400,17399,1
2021-06-15 15:01:15.241,17399,17400,17399,7
2021-06-15 15:01:20.160,17398,17399,17399,2
2021-06-15 15:01:20.265,17398,17399,17399,3
2021-06-15 15:01:20.433,17398,17400,17398,1
2021-06-15 15:01:20.950,17398,17400,17398,1
2021-06-15 15:01:21.310,17398,17400,17398,5
2021-06-15 15:01:21.397,17397,17398,17398,1
2021-06-15 15:01:21.398,17397,17398,17398,1
2021-06-15 15:01:21.398,17397,17398,17398,1
2021-06-15 15:01:21.399,17397,17398,17399,1
2021-06-15 15:01:21.399,17397,17398,17400,1
2021-06-15 15:01:23.302,17398,17399,17399,1
2021-06-15 15:01:26.441,17398,17399,17399,1
2021-06-15 15:01:28.375,17398,17399,17399,2
2021-06-15 15:01:28.397,17398,17399,17399,1
2021-06-15 15:01:28.397,17398,17399,17399,1
2021-06-15 15:01:29.724,17399,17400,17399,2
2021-06-15 15:01:29.725,17399,17400,17399,1
2021-06-15 15:01:29.725,17399,17400,17399,1
2021-06-15 15:01:29.725,17399,17400,17399,1
2021-06-15 15:01:35.766,17399,17400,17399,2
2021-06-15 15:01:37.491,17399,17400,17399,1
2021-06-15 15:01:41.352,17399,17400,17400,1
2021-06-15 15:01:41.397,17399,17400,17400,1
2021-06-15 15:01:41.640,17399,17400,17400,6
2021-06-15 15:01:41.641,17399,17400,17400,6
2021-06-15 15:01:42.146,17400,17401,17400,2
2021-06-15 15:01:42.519,17399,17401,17400,1
2021-06-15 15:01:45.787,17400,17401,17400,1
2021-06-15 15:01:45.787,17400,17401,17399,1
2021-06-15 15:01:51.440,17400,17401,17400,1
2021-06-15 15:01:51.444,17400,17401,17399,2
2021-06-15 15:01:51.463,17400,17401,17399,1
2021-06-15 15:01:53.042,17399,17400,17400,2
2021-06-15 15:01:55.457,17400,17401,17400,2
2021-06-15 15:01:55.522,17399,17400,17399,1
2021-06-15 15:01:57.533,17399,17400,17399,1
2021-06-15 15:01:57.794,17399,17400,17399,12
2021-06-15 15:01:57.794,17399,17400,17398,10
2021-06-15 15:01:57.795,17399,17400,17398,1
2021-06-15 15:01:57.795,17399,17400,17398,1
2021-06-15 15:01:57.795,17399,17400,17398,1
2021-06-15 15:01:57.795,17399,17400,17398,1
2021-06-15 15:01:57.795,17399,17400,17398,6
2021-06-15 15:01:58.589,17398,17400,17398,1
2021-06-15 15:01:59.556,17398,17400,17400,1
2021-06-15 15:01:59.760,17398,17400,17400,1
2021-06-15 15:02:00.142,17398,17400,17400,2
2021-06-15 15:02:00.152,17398,17400,17400,1
2021-06-15 15:02:00.859,17398,17400,17398,2
2021-06-15 15:02:01.012,17398,17400,17400,1
2021-06-15 15:02:01.756,17398,17400,17398,5
2021-06-15 15:02:03.426,17398,17400,17398,5
2021-06-15 15:02:03.819,17397,17399,17397,1
2021-06-15 15:02:04.381,17397,17399,17399,1
2021-06-15 15:02:04.776,17397,17400,17397,1
2021-06-15 15:02:05.383,17397,17400,17400,1
2021-06-15 15:02:05.944,17397,17400,17398,1
2021-06-15 15:02:05.944,17397,17400,17397,3
2021-06-15 15:02:06.385,17398,17400,17400,1
2021-06-15 15:02:09.794,17398,17400,17398,3
2021-06-15 15:02:12.080,17398,17400,17400,1
2021-06-15 15:02:12.892,17398,17400,17400,1
2021-06-15 15:02:19.635,17398,17400,17400,1
2021-06-15 15:02:24.643,17398,17399,17399,2
2021-06-15 15:02:26.964,17398,17400,17399,1
2021-06-15 15:02:27.034,17399,17400,17399,1
2021-06-15 15:02:31.834,17399,17400,17399,3
2021-06-15 15:02:35.931,17398,17399,17399,1
2021-06-15 15:02:36.666,17398,17399,17399,1
2021-06-15 15:02:39.907,17399,17400,17400,15
2021-06-15 15:02:40.263,17400,17401,17401,10
2021-06-15 15:02:44.249,17400,17401,17401,1
2021-06-15 15:02:44.379,17400,17402,17402,2
2021-06-15 15:02:47.194,17400,17402,17402,1
2021-06-15 15:02:51.275,17401,17402,17402,1
2021-06-15 15:02:51.275,17401,17402,17402,1
2021-06-15 15:02:51.988,17402,17403,17403,1
2021-06-15 15:02:58.562,17402,17403,17403,1
2021-06-15 15:02:59.144,17402,17404,17404,2
2021-06-15 15:03:00.015,17403,17404,17403,1
2021-06-15 15:03:00.016,17403,17404,17402,1
2021-06-15 15:03:00.222,17402,17404,17404,2
2021-06-15 15:03:05.114,17403,17404,17404,1
2021-06-15 15:03:05.147,17403,17404,17404,1
2021-06-15 15:03:05.148,17403,17404,17405,1
2021-06-15 15:03:05.148,17403,17404,17405,1
2021-06-15 15:03:10.632,17403,17404,17404,1
2021-06-15 15:03:11.221,17403,17404,17404,1
2021-06-15 15:03:11.273,17403,17404,17404,1
2021-06-15 15:03:12.532,17404,17405,17404,1
2021-06-15 15:03:14.930,17404,17405,17404,1
2021-06-15 15:03:15.841,17404,17405,17405,1
2021-06-15 15:03:15.841,17404,17405,17405,7
2021-06-15 15:03:15.975,17404,17406,17405,1
2021-06-15 15:03:16.088,17405,17406,17405,2
2021-06-15 15:03:16.522,17404,17405,17404,3
2021-06-15 15:03:18.698,17404,17406,17404,1
2021-06-15 15:03:19.946,17405,17406,17405,2
2021-06-15 15:03:21.485,17405,17406,17405,2
2021-06-15 15:03:23.239,17405,17406,17406,1
2021-06-15 15:03:23.239,17405,17406,17406,4
2021-06-15 15:03:23.239,17405,17406,17406,2
2021-06-15 15:03:24.390,17406,17407,17407,1
2021-06-15 15:03:24.390,17406,17407,17407,1
2021-06-15 15:03:24.390,17406,17407,17407,1
2021-06-15 15:03:24.390,17406,17407,17407,1
2021-06-15 15:03:24.390,17406,17407,17407,2
2021-06-15 15:03:24.390,17406,17407,17407,1
2021-06-15 15:03:24.514,17406,17408,17408,1
2021-06-15 15:03:28.943,17406,17407,17407,1
2021-06-15 15:03:31.686,17406,17407,17407,2
2021-06-15 15:03:31.785,17406,17408,17408,1
2021-06-15 15:03:32.726,17406,17407,17406,1
2021-06-15 15:03:35.670,17406,17407,17406,1
2021-06-15 15:03:35.671,17406,17407,17406,1
2021-06-15 15:03:35.847,17405,17407,17405,1
2021-06-15 15:03:42.422,17406,17407,17407,6
2021-06-15 15:03:46.144,17406,17407,17407,1
2021-06-15 15:03:48.629,17406,17408,17408,2
2021-06-15 15:03:51.751,17406,17407,17407,1
2021-06-15 15:03:57.781,17407,17408,17407,1
2021-06-15 15:03:58.546,17407,17408,17407,1
2021-06-15 15:03:59.380,17406,17407,17407,2
2021-06-15 15:04:00.150,17406,17408,17406,1
2021-06-15 15:04:00.626,17407,17408,17408,2
2021-06-15 15:04:02.261,17407,17408,17407,3
2021-06-15 15:04:02.753,17406,17407,17407,7
2021-06-15 15:04:02.945,17407,17408,17408,2
2021-06-15 15:04:02.946,17407,17408,17408,6
2021-06-15 15:04:06.692,17406,17408,17406,5
2021-06-15 15:04:08.075,17405,17406,17405,1
2021-06-15 15:04:12.715,17406,17407,17407,1
2021-06-15 15:04:14.958,17406,17407,17407,1
2021-06-15 15:04:15.293,17406,17407,17407,1
2021-06-15 15:04:20.720,17406,17408,17408,1
2021-06-15 15:04:24.844,17407,17408,17408,1
2021-06-15 15:04:24.845,17407,17408,17408,1
2021-06-15 15:04:24.870,17407,17408,17408,3
2021-06-15 15:04:26.178,17408,17409,17408,1
2021-06-15 15:04:27.702,17408,17409,17409,8
2021-06-15 15:04:27.707,17408,17409,17410,1
2021-06-15 15:04:27.708,17408,17409,17410,1
2021-06-15 15:04:27.708,17408,17409,17410,1
2021-06-15 15:04:27.708,17408,17409,17410,4
2021-06-15 15:04:28.207,17410,17411,17411,10
2021-06-15 15:04:29.633,17410,17411,17411,1
2021-06-15 15:04:32.535,17410,17411,17410,1
2021-06-15 15:04:33.436,17410,17411,17411,2
2021-06-15 15:04:33.512,17410,17411,17410,1
2021-06-15 15:04:33.512,17410,17411,17410,1
2021-06-15 15:04:33.512,17410,17411,17410,1
2021-06-15 15:04:37.460,17409,17410,17409,3
2021-06-15 15:04:37.888,17408,17410,17410,1
2021-06-15 15:04:41.920,17410,17411,17410,1
2021-06-15 15:04:46.703,17410,17411,17411,4
2021-06-15 15:04:47.731,17411,17412,17412,2
2021-06-15 15:04:47.731,17411,17412,17413,3
2021-06-15 15:04:47.989,17412,17413,17413,2
2021-06-15 15:04:47.994,17412,17413,17413,1
2021-06-15 15:04:48.725,17412,17413,17413,5
2021-06-15 15:04:52.432,17412,17413,17412,1
2021-06-15 15:04:52.961,17412,17413,17413,1
2021-06-15 15:04:54.032,17412,17413,17412,1
2021-06-15 15:04:54.116,17412,17413,17412,1
2021-06-15 15:04:54.384,17411,17412,17412,1
2021-06-15 15:04:57.263,17412,17413,17413,1
2021-06-15 15:04:57.618,17412,17413,17413,1
2021-06-15 15:04:57.648,17412,17413,17413,1
2021-06-15 15:04:59.090,17412,17413,17413,1
2021-06-15 15:04:59.545,17412,17413,17413,1
2021-06-15 15:05:02.579,17413,17414,17414,10
2021-06-15 15:05:02.691,17413,17415,17413,1
2021-06-15 15:05:02.901,17414,17415,17415,1
2021-06-15 15:05:03.098,17414,17415,17414,2
2021-06-15 15:05:03.099,17414,17415,17413,1
2021-06-15 15:05:03.100,17414,17415,17412,2
2021-06-15 15:05:03.101,17414,17415,17412,2
2021-06-15 15:05:03.106,17414,17415,17413,1
2021-06-15 15:05:03.106,17414,17415,17412,1
2021-06-15 15:05:03.114,17414,17415,17414,1
2021-06-15 15:05:03.147,17413,17415,17415,1
2021-06-15 15:05:03.176,17413,17415,17415,1
2021-06-15 15:05:03.197,17413,17415,17415,1
2021-06-15 15:05:03.315,17413,17415,17412,1
2021-06-15 15:05:03.384,17413,17415,17413,1
2021-06-15 15:05:03.385,17413,17415,17412,1
2021-06-15 15:05:03.458,17413,17415,17413,1
2021-06-15 15:05:03.573,17413,17414,17413,1
2021-06-15 15:05:03.574,17413,17414,17413,1
2021-06-15 15:05:03.581,17413,17414,17414,1
2021-06-15 15:05:03.712,17413,17414,17413,1
2021-06-15 15:05:04.129,17413,17414,17414,3
2021-06-15 15:05:04.129,17413,17414,17415,7
2021-06-15 15:05:04.145,17413,17415,17415,1
2021-06-15 15:05:04.365,17413,17415,17413,1
2021-06-15 15:05:04.567,17413,17415,17413,2
2021-06-15 15:05:04.598,17413,17415,17413,1
2021-06-15 15:05:04.624,17413,17415,17412,1
2021-06-15 15:05:04.649,17412,17414,17412,1
2021-06-15 15:05:05.173,17412,17414,17412,1
2021-06-15 15:05:06.337,17412,17414,17412,1
2021-06-15 15:05:06.398,17412,17414,17412,1
2021-06-15 15:05:06.448,17412,17414,17412,1
2021-06-15 15:05:06.513,17412,17414,17412,1
2021-06-15 15:05:07.282,17413,17414,17413,1
2021-06-15 15:05:07.397,17413,17414,17414,1
2021-06-15 15:05:07.397,17413,17414,17415,1
2021-06-15 15:05:07.397,17413,17414,17415,1
2021-06-15 15:05:07.397,17413,17414,17415,1
2021-06-15 15:05:07.398,17413,17414,17415,1
2021-06-15 15:05:11.227,17414,17415,17414,1
2021-06-15 15:05:11.339,17414,17415,17414,1
2021-06-15 15:05:11.339,17414,17415,17413,2
2021-06-15 15:05:11.791,17413,17415,17415,1
2021-06-15 15:05:11.826,17413,17415,17415,1
2021-06-15 15:05:11.894,17413,17415,17415,1
2021-06-15 15:05:12.043,17413,17415,17415,1
2021-06-15 15:05:12.120,17413,17415,17415,1
2021-06-15 15:05:12.952,17413,17415,17415,1
2021-06-15 15:05:13.723,17413,17415,17414,1
2021-06-15 15:05:17.549,17414,17415,17415,2
2021-06-15 15:05:20.075,17414,17415,17415,1
2021-06-15 15:05:20.147,17414,17415,17415,1
2021-06-15 15:05:20.147,17414,17415,17415,1
2021-06-15 15:05:20.147,17414,17415,17415,1
2021-06-15 15:05:20.148,17414,17415,17415,1
2021-06-15 15:05:20.148,17414,17415,17415,1
2021-06-15 15:05:20.298,17414,17415,17415,5
2021-06-15 15:05:20.299,17414,17415,17415,1
2021-06-15 15:05:20.360,17414,17415,17414,1
2021-06-15 15:05:22.034,17415,17416,17416,2
2021-06-15 15:05:22.638,17415,17416,17416,1
2021-06-15 15:05:22.655,17415,17416,17416,3
2021-06-15 15:05:23.796,17416,17417,17417,5
2021-06-15 15:05:23.913,17416,17417,17417,2
2021-06-15 15:05:24.044,17416,17417,17416,1
2021-06-15 15:05:24.139,17416,17417,17416,1
2021-06-15 15:05:24.154,17416,17417,17416,1
2021-06-15 15:05:24.158,17416,17417,17416,1
2021-06-15 15:05:24.176,17416,17417,17415,1
2021-06-15 15:05:24.186,17416,17417,17415,1
2021-06-15 15:05:24.272,17414,17416,17416,1
2021-06-15 15:05:24.440,17414,17416,17414,1
2021-06-15 15:05:24.614,17414,17416,17416,1
2021-06-15 15:05:26.097,17416,17417,17416,1
2021-06-15 15:05:26.739,17416,17417,17417,5
2021-06-15 15:05:26.740,17416,17417,17417,1
2021-06-15 15:05:26.841,17417,17418,17418,1
2021-06-15 15:05:27.095,17417,17418,17418,1
2021-06-15 15:05:27.179,17417,17418,17418,1
2021-06-15 15:05:27.258,17417,17418,17417,1
2021-06-15 15:05:28.013,17416,17418,17418,1
2021-06-15 15:05:28.487,17417,17418,17418,1
2021-06-15 15:05:31.610,17417,17418,17418,7
2021-06-15 15:05:34.996,17418,17419,17418,1
2021-06-15 15:05:35.532,17418,17419,17419,1
2021-06-15 15:05:35.674,17418,17419,17419,1
2021-06-15 15:05:37.070,17418,17419,17419,17
2021-06-15 15:05:37.350,17419,17420,17420,1
2021-06-15 15:05:37.367,17419,17420,17420,1
2021-06-15 15:05:37.377,17419,17420,17420,1
2021-06-15 15:05:37.440,17419,17420,17419,1
2021-06-15 15:05:38.002,17419,17420,17420,1
2021-06-15 15:05:38.022,17419,17420,17420,1
2021-06-15 15:05:38.023,17419,17420,17420,1
2021-06-15 15:05:38.023,17419,17420,17420,1
2021-06-15 15:05:38.023,17419,17420,17421,1
2021-06-15 15:05:38.023,17419,17420,17421,1
2021-06-15 15:05:38.023,17419,17420,17421,1
2021-06-15 15:05:38.023,17419,17420,17421,1
2021-06-15 15:05:38.024,17419,17420,17421,1
2021-06-15 15:05:38.024,17419,17420,17421,1
2021-06-15 15:05:38.024,17419,17420,17421,1
2021-06-15 15:05:38.024,17419,17420,17421,1
2021-06-15 15:05:38.024,17419,17420,17421,1
2021-06-15 15:05:38.024,17419,17420,17422,1
2021-06-15 15:05:38.024,17419,17420,17422,1
2021-06-15 15:05:38.024,17419,17420,17422,1
2021-06-15 15:05:38.025,17419,17420,17422,1
2021-06-15 15:05:38.026,17419,17420,17422,1
2021-06-15 15:05:38.267,17421,17422,17420,1
2021-06-15 15:05:38.299,17420,17422,17420,1
2021-06-15 15:05:38.378,17420,17422,17419,2
2021-06-15 15:05:38.378,17420,17422,17418,1
2021-06-15 15:05:38.378,17420,17422,17418,1
2021-06-15 15:05:38.462,17418,17419,17418,1
2021-06-15 15:05:39.406,17418,17419,17419,1
2021-06-15 15:05:39.999,17418,17420,17420,1
2021-06-15 15:05:41.511,17419,17420,17419,2
2021-06-15 15:05:42.401,17418,17419,17418,1
2021-06-15 15:05:43.197,17418,17419,17419,4
2021-06-15 15:05:43.197,17418,17419,17420,6
2021-06-15 15:05:44.585,17419,17420,17419,1
2021-06-15 15:05:46.202,17419,17420,17419,2
2021-06-15 15:05:46.353,17419,17420,17420,1
2021-06-15 15:05:46.800,17419,17420,17420,2
2021-06-15 15:05:49.236,17420,17421,17420,1
2021-06-15 15:05:49.272,17420,17421,17421,1
2021-06-15 15:05:49.515,17420,17421,17420,1
2021-06-15 15:05:50.056,17419,17420,17420,1
2021-06-15 15:05:51.914,17419,17420,17420,4
2021-06-15 15:05:53.820,17420,17421,17420,1
2021-06-15 15:05:54.440,17420,17421,17420,2
2021-06-15 15:05:58.617,17420,17421,17420,2
2021-06-15 15:05:59.246,17420,17421,17420,1
2021-06-15 15:05:59.329,17420,17421,17421,5
2021-06-15 15:06:00.061,17420,17422,17422,1
2021-06-15 15:06:00.079,17420,17422,17422,1
2021-06-15 15:06:00.106,17420,17422,17421,1
2021-06-15 15:06:00.149,17420,17422,17422,1
2021-06-15 15:06:00.413,17420,17421,17420,4
2021-06-15 15:06:00.592,17419,17420,17420,2
2021-06-15 15:06:00.592,17419,17420,17420,1
2021-06-15 15:06:00.593,17419,17420,17420,5
2021-06-15 15:06:00.634,17419,17420,17420,1
2021-06-15 15:06:04.873,17420,17421,17421,1
2021-06-15 15:06:05.177,17420,17421,17420,1
2021-06-15 15:06:05.354,17420,17421,17421,2
2021-06-15 15:06:05.566,17420,17421,17421,1
2021-06-15 15:06:05.566,17420,17421,17422,3
2021-06-15 15:06:05.644,17420,17421,17421,1
2021-06-15 15:06:05.896,17420,17422,17421,1
2021-06-15 15:06:06.324,17420,17422,17421,1
2021-06-15 15:06:06.348,17420,17422,17420,1
2021-06-15 15:06:06.397,17419,17420,17419,3
2021-06-15 15:06:06.718,17419,17421,17421,1
2021-06-15 15:06:06.812,17419,17421,17420,1
2021-06-15 15:06:06.813,17419,17421,17420,1
2021-06-15 15:06:07.400,17420,17422,17420,1
2021-06-15 15:06:07.522,17420,17422,17422,1
2021-06-15 15:06:07.774,17420,17421,17421,3
2021-06-15 15:06:07.994,17421,17422,17421,1
2021-06-15 15:06:10.646,17421,17422,17422,1
2021-06-15 15:06:11.428,17421,17422,17421,1
2021-06-15 15:06:13.214,17421,17422,17421,1
2021-06-15 15:06:14.523,17421,17422,17422,1
2021-06-15 15:06:15.191,17421,17422,17422,2
2021-06-15 15:06:15.870,17421,17422,17422,1
2021-06-15 15:06:16.975,17421,17422,17422,2
2021-06-15 15:06:17.535,17421,17422,17421,1
2021-06-15 15:06:17.647,17421,17422,17422,1
2021-06-15 15:06:17.647,17421,17422,17422,1
2021-06-15 15:06:17.647,17421,17422,17422,1
2021-06-15 15:06:17.647,17421,17422,17423,1
2021-06-15 15:06:17.648,17421,17422,17423,1
2021-06-15 15:06:17.649,17421,17422,17423,1
2021-06-15 15:06:17.944,17422,17423,17422,1
2021-06-15 15:06:18.152,17421,17422,17422,1
2021-06-15 15:06:18.976,17421,17423,17422,2
2021-06-15 15:06:20.505,17421,17422,17422,1
2021-06-15 15:06:21.432,17421,17423,17423,1
2021-06-15 15:06:22.129,17421,17422,17422,1
2021-06-15 15:06:22.313,17422,17423,17422,1
2021-06-15 15:06:22.432,17422,17423,17422,13
2021-06-15 15:06:24.872,17421,17422,17421,1
2021-06-15 15:06:25.596,17421,17422,17422,1
2021-06-15 15:06:26.720,17422,17423,17423,1
2021-06-15 15:06:27.373,17422,17423,17422,1
2021-06-15 15:06:27.397,17422,17423,17423,1
2021-06-15 15:06:27.397,17422,17423,17423,1
2021-06-15 15:06:28.104,17422,17423,17423,1
2021-06-15 15:06:28.208,17422,17423,17423,1
2021-06-15 15:06:28.208,17422,17423,17423,1
2021-06-15 15:06:28.208,17422,17423,17423,2
2021-06-15 15:06:30.637,17423,17424,17423,1
2021-06-15 15:06:31.179,17422,17424,17422,1
2021-06-15 15:06:31.470,17422,17424,17422,4
2021-06-15 15:06:32.357,17422,17423,17423,1
2021-06-15 15:06:32.569,17422,17424,17424,5
2021-06-15 15:06:33.044,17422,17424,17422,1
2021-06-15 15:06:35.909,17422,17423,17423,3
2021-06-15 15:06:36.890,17422,17423,17423,1
2021-06-15 15:06:38.825,17422,17423,17423,1
2021-06-15 15:06:38.898,17422,17424,17424,1
2021-06-15 15:06:38.899,17422,17424,17424,1
2021-06-15 15:06:38.903,17422,17424,17424,1
2021-06-15 15:06:39.434,17423,17424,17424,1
2021-06-15 15:06:40.206,17423,17424,17423,1
2021-06-15 15:06:41.338,17423,17424,17423,1
2021-06-15 15:06:41.339,17423,17424,17423,1
2021-06-15 15:06:41.339,17423,17424,17423,1
2021-06-15 15:06:43.261,17423,17424,17424,1
2021-06-15 15:06:45.001,17423,17424,17423,3
2021-06-15 15:06:48.208,17422,17423,17423,1
2021-06-15 15:06:51.930,17422,17423,17423,1
2021-06-15 15:06:52.721,17422,17423,17423,1
2021-06-15 15:06:53.004,17423,17424,17423,1
2021-06-15 15:06:53.439,17422,17424,17422,3
2021-06-15 15:06:53.585,17422,17424,17423,1
2021-06-15 15:06:53.593,17422,17424,17423,1
2021-06-15 15:06:56.162,17422,17423,17423,4
2021-06-15 15:06:57.736,17422,17423,17422,1
2021-06-15 15:06:57.748,17422,17423,17422,1
2021-06-15 15:06:57.960,17422,17423,17422,5
2021-06-15 15:06:57.960,17422,17423,17422,1
2021-06-15 15:07:00.366,17421,17422,17421,2
2021-06-15 15:07:00.692,17421,17422,17422,1
2021-06-15 15:07:00.692,17421,17422,17423,4
2021-06-15 15:07:01.103,17421,17423,17423,3
2021-06-15 15:07:01.618,17422,17424,17422,1
2021-06-15 15:07:01.894,17422,17423,17422,1
2021-06-15 15:07:02.470,17421,17423,17423,1
2021-06-15 15:07:02.470,17421,17423,17424,14
2021-06-15 15:07:06.859,17422,17424,17424,5
2021-06-15 15:07:10.922,17424,17425,17424,1
2021-06-15 15:07:11.375,17422,17425,17424,1
2021-06-15 15:07:11.487,17422,17424,17422,2
2021-06-15 15:07:12.682,17423,17424,17423,2
2021-06-15 15:07:15.202,17423,17424,17424,2
2021-06-15 15:07:15.202,17423,17424,17425,9
2021-06-15 15:07:15.281,17424,17425,17425,1
2021-06-15 15:07:15.371,17424,17425,17425,1
2021-06-15 15:07:15.502,17424,17425,17424,1
2021-06-15 15:07:15.744,17424,17425,17425,1
2021-06-15 15:07:17.206,17424,17426,17424,1
2021-06-15 15:07:17.601,17424,17426,17424,1
2021-06-15 15:07:17.628,17424,17426,17423,1
2021-06-15 15:07:20.442,17424,17425,17424,1
2021-06-15 15:07:22.113,17423,17424,17424,3
2021-06-15 15:07:22.113,17423,17424,17425,2
2021-06-15 15:07:23.928,17424,17425,17425,2
2021-06-15 15:07:24.517,17424,17425,17424,1
2021-06-15 15:07:25.453,17424,17425,17424,1
2021-06-15 15:07:26.091,17424,17425,17425,1
2021-06-15 15:07:27.477,17424,17425,17425,2
2021-06-15 15:07:27.477,17424,17425,17426,3
2021-06-15 15:07:29.982,17425,17426,17425,1
2021-06-15 15:07:29.982,17425,17426,17425,1
2021-06-15 15:07:30.268,17424,17425,17425,1
2021-06-15 15:07:30.919,17424,17425,17425,1
2021-06-15 15:07:31.763,17424,17425,17425,5
2021-06-15 15:07:34.025,17424,17425,17425,5
2021-06-15 15:07:36.319,17424,17425,17425,1
2021-06-15 15:07:37.372,17425,17426,17426,5
2021-06-15 15:07:38.337,17425,17427,17425,1
2021-06-15 15:07:38.689,17425,17426,17425,1
2021-06-15 15:07:41.762,17425,17426,17425,1
2021-06-15 15:07:41.771,17425,17426,17425,1
2021-06-15 15:07:44.550,17425,17426,17426,1
2021-06-15 15:07:45.034,17425,17426,17425,1
2021-06-15 15:07:45.408,17425,17426,17425,1
2021-06-15 15:07:47.399,17425,17426,17425,1
2021-06-15 15:07:48.165,17425,17426,17426,4
2021-06-15 15:07:49.465,17425,17426,17425,1
2021-06-15 15:07:50.494,17425,17426,17426,1
2021-06-15 15:07:55.971,17425,17426,17425,1
2021-06-15 15:07:56.533,17425,17426,17425,2
2021-06-15 15:07:57.492,17425,17426,17425,1
2021-06-15 15:07:59.418,17425,17426,17425,1
2021-06-15 15:07:59.750,17425,17426,17425,1
2021-06-15 15:08:00.132,17425,17426,17425,1
2021-06-15 15:08:02.244,17425,17426,17425,2
2021-06-15 15:08:02.540,17425,17426,17425,1
2021-06-15 15:08:03.737,17425,17426,17426,1
2021-06-15 15:08:05.566,17425,17426,17426,1
2021-06-15 15:08:05.684,17425,17426,17426,1
2021-06-15 15:08:05.684,17425,17426,17426,1
2021-06-15 15:08:06.327,17425,17426,17425,1
2021-06-15 15:08:06.525,17425,17426,17426,1
2021-06-15 15:08:06.598,17425,17426,17425,1
2021-06-15 15:08:06.973,17425,17426,17425,1
2021-06-15 15:08:11.104,17425,17426,17425,1
2021-06-15 15:08:12.759,17425,17426,17425,2
2021-06-15 15:08:13.579,17425,17426,17426,1
2021-06-15 15:08:16.994,17425,17426,17426,1
2021-06-15 15:08:17.393,17425,17426,17426,1
2021-06-15 15:08:20.968,17425,17426,17426,1
2021-06-15 15:08:23.032,17425,17426,17426,1
2021-06-15 15:08:23.033,17425,17426,17426,1
2021-06-15 15:08:23.307,17425,17426,17426,1
2021-06-15 15:08:24.406,17425,17426,17426,2
2021-06-15 15:08:30.272,17426,17427,17427,2
2021-06-15 15:08:30.845,17426,17427,17427,2
2021-06-15 15:08:30.903,17426,17427,17427,1
2021-06-15 15:08:30.903,17426,17427,17427,2
2021-06-15 15:08:32.902,17426,17427,17427,1
2021-06-15 15:08:33.073,17426,17427,17427,5
2021-06-15 15:08:37.286,17426,17427,17427,1
2021-06-15 15:08:37.883,17426,17427,17427,4
2021-06-15 15:08:41.749,17426,17427,17427,1
2021-06-15 15:08:43.223,17426,17427,17427,1
2021-06-15 15:08:43.730,17427,17428,17427,1
2021-06-15 15:08:44.377,17427,17428,17427,1
2021-06-15 15:08:44.685,17426,17427,17426,3
2021-06-15 15:08:44.812,17425,17427,17427,1
2021-06-15 15:08:45.308,17426,17427,17427,1
2021-06-15 15:08:48.160,17426,17427,17426,1
2021-06-15 15:08:49.900,17426,17427,17427,1
2021-06-15 15:08:51.267,17426,17427,17426,1
2021-06-15 15:08:53.539,17426,17427,17426,4
2021-06-15 15:09:01.600,17426,17427,17426,1
2021-06-15 15:09:01.669,17426,17427,17426,1
2021-06-15 15:09:07.104,17426,17427,17426,1
2021-06-15 15:09:08.071,17426,17427,17426,2
2021-06-15 15:09:08.340,17426,17427,17427,1
2021-06-15 15:09:09.385,17426,17427,17426,1
2021-06-15 15:09:10.827,17426,17427,17427,1
2021-06-15 15:09:14.626,17426,17427,17426,1
2021-06-15 15:09:16.580,17426,17427,17426,1
2021-06-15 15:09:18.191,17425,17427,17426,1
2021-06-15 15:09:21.331,17425,17426,17426,1
2021-06-15 15:09:21.457,17425,17426,17425,2
2021-06-15 15:09:21.893,17425,17426,17425,1
2021-06-15 15:09:21.893,17425,17426,17425,1
2021-06-15 15:09:21.893,17425,17426,17425,3
2021-06-15 15:09:21.893,17425,17426,17425,1
2021-06-15 15:09:21.893,17425,17426,17425,1
2021-06-15 15:09:21.893,17425,17426,17425,1
2021-06-15 15:09:21.893,17425,17426,17425,1
2021-06-15 15:09:21.894,17425,17426,17425,10
2021-06-15 15:09:21.896,17424,17425,17424,7
2021-06-15 15:09:22.345,17423,17425,17423,6
2021-06-15 15:09:22.401,17423,17424,17423,1
2021-06-15 15:09:22.401,17423,17424,17423,1
2021-06-15 15:09:22.852,17422,17424,17424,1
2021-06-15 15:09:22.879,17422,17424,17425,1
2021-06-15 15:09:22.897,17424,17425,17425,3
2021-06-15 15:09:22.897,17424,17425,17425,1
2021-06-15 15:09:23.563,17423,17425,17423,3
2021-06-15 15:09:26.402,17422,17424,17422,1
2021-06-15 15:09:26.602,17422,17423,17422,1
2021-06-15 15:09:31.065,17422,17423,17422,3
2021-06-15 15:09:35.472,17421,17422,17422,3
2021-06-15 15:09:35.939,17422,17423,17422,1
2021-06-15 15:09:36.039,17421,17423,17421,1
2021-06-15 15:09:44.772,17421,17422,17422,4
2021-06-15 15:09:50.281,17421,17422,17422,1
2021-06-15 15:09:54.250,17422,17423,17423,1
2021-06-15 15:09:55.895,17422,17423,17423,1
2021-06-15 15:09:57.347,17422,17423,17422,2
2021-06-15 15:09:57.974,17422,17423,17422,3
2021-06-15 15:09:57.975,17422,17423,17422,1
2021-06-15 15:10:04.419,17421,17422,17421,1
2021-06-15 15:10:04.796,17421,17422,17422,1
2021-06-15 15:10:04.810,17421,17422,17422,1
2021-06-15 15:10:04.838,17421,17422,17423,1
2021-06-15 15:10:04.860,17421,17422,17423,1
2021-06-15 15:10:04.863,17421,17422,17423,1
2021-06-15 15:10:04.893,17421,17422,17423,1
2021-06-15 15:10:04.895,17421,17422,17423,1
2021-06-15 15:10:04.916,17423,17424,17424,1
2021-06-15 15:10:04.919,17423,17424,17424,1
2021-06-15 15:10:04.919,17423,17424,17425,2
2021-06-15 15:10:04.942,17423,17424,17425,1
2021-06-15 15:10:05.003,17423,17424,17424,1
2021-06-15 15:10:05.003,17423,17424,17423,1
2021-06-15 15:10:05.080,17423,17425,17425,1
2021-06-15 15:10:05.193,17424,17425,17425,1
2021-06-15 15:10:05.846,17424,17425,17424,1
2021-06-15 15:10:05.897,17423,17424,17423,1
2021-06-15 15:10:05.972,17423,17424,17422,1
2021-06-15 15:10:08.912,17423,17424,17423,1
2021-06-15 15:10:18.449,17423,17424,17423,2
2021-06-15 15:10:22.126,17423,17424,17423,2
2021-06-15 15:10:26.071,17422,17423,17423,1
2021-06-15 15:10:27.041,17422,17423,17422,1
2021-06-15 15:10:27.181,17422,17423,17423,1
2021-06-15 15:10:33.908,17422,17423,17423,1
2021-06-15 15:10:33.908,17422,17423,17424,2
2021-06-15 15:10:34.896,17422,17423,17422,1
2021-06-15 15:10:37.697,17422,17423,17423,2
2021-06-15 15:10:40.913,17422,17423,17422,4
2021-06-15 15:10:40.914,17422,17423,17422,1
2021-06-15 15:10:40.914,17422,17423,17422,2
2021-06-15 15:10:43.035,17421,17422,17421,1
2021-06-15 15:10:44.265,17421,17422,17422,1
2021-06-15 15:10:47.318,17422,17423,17422,1
2021-06-15 15:11:00.617,17421,17422,17421,6
2021-06-15 15:11:00.618,17421,17422,17421,4
2021-06-15 15:11:02.605,17420,17422,17420,1
2021-06-15 15:11:02.657,17420,17422,17420,1
2021-06-15 15:11:03.832,17420,17422,17422,4
2021-06-15 15:11:07.439,17421,17423,17421,2
2021-06-15 15:11:16.336,17421,17422,17421,1
2021-06-15 15:11:17.699,17421,17422,17421,1
2021-06-15 15:11:19.645,17420,17422,17420,2
2021-06-15 15:11:21.020,17420,17421,17420,1
2021-06-15 15:11:21.020,17420,17421,17420,1
2021-06-15 15:11:21.020,17420,17421,17420,1
2021-06-15 15:11:21.020,17420,17421,17420,4
2021-06-15 15:11:21.717,17419,17420,17420,1
2021-06-15 15:11:25.599,17420,17421,17420,1
2021-06-15 15:11:34.322,17419,17420,17420,1
2021-06-15 15:11:41.125,17419,17420,17419,1
2021-06-15 15:11:44.917,17419,17420,17419,1
2021-06-15 15:11:50.525,17419,17420,17419,1
2021-06-15 15:11:51.713,17419,17420,17419,1
2021-06-15 15:11:51.943,17419,17420,17419,4
2021-06-15 15:11:51.943,17419,17420,17419,1
2021-06-15 15:11:54.089,17418,17419,17418,1
2021-06-15 15:11:56.651,17418,17419,17418,1
2021-06-15 15:11:56.777,17418,17419,17418,3
2021-06-15 15:11:58.430,17418,17419,17418,1
2021-06-15 15:11:58.704,17418,17419,17418,1
2021-06-15 15:12:02.887,17418,17419,17418,1
2021-06-15 15:12:03.165,17418,17419,17419,3
2021-06-15 15:12:03.170,17418,17419,17419,1
2021-06-15 15:12:03.170,17418,17419,17420,1
2021-06-15 15:12:03.202,17418,17419,17420,3
2021-06-15 15:12:04.228,17419,17420,17420,2
2021-06-15 15:12:04.228,17419,17420,17420,6
2021-06-15 15:12:04.228,17419,17420,17420,1
2021-06-15 15:12:04.228,17419,17420,17420,1
2021-06-15 15:12:13.344,17420,17421,17421,3
2021-06-15 15:12:13.344,17420,17421,17422,2
2021-06-15 15:12:21.212,17422,17423,17423,2
2021-06-15 15:12:21.746,17423,17424,17423,1
2021-06-15 15:12:21.802,17423,17424,17423,3
2021-06-15 15:12:23.645,17423,17424,17424,1
2021-06-15 15:12:28.087,17424,17425,17424,1
2021-06-15 15:12:28.093,17424,17425,17423,2
2021-06-15 15:12:28.437,17423,17425,17423,1
2021-06-15 15:12:33.785,17423,17424,17423,1
2021-06-15 15:12:35.927,17423,17424,17423,1
2021-06-15 15:12:36.314,17423,17424,17423,2
2021-06-15 15:12:38.067,17423,17424,17423,2
2021-06-15 15:12:38.068,17423,17424,17423,1
2021-06-15 15:12:41.976,17422,17424,17423,1
2021-06-15 15:12:43.225,17422,17424,17424,1
2021-06-15 15:12:44.091,17422,17424,17422,1
2021-06-15 15:12:45.567,17422,17423,17423,1
2021-06-15 15:12:47.766,17422,17423,17422,1
2021-06-15 15:12:47.767,17422,17423,17422,1
2021-06-15 15:12:47.770,17422,17423,17422,2
2021-06-15 15:12:48.777,17420,17422,17422,1
2021-06-15 15:12:53.468,17420,17422,17422,1
2021-06-15 15:12:57.695,17420,17422,17420,4
2021-06-15 15:13:05.544,17420,17421,17421,1
2021-06-15 15:13:06.100,17420,17421,17421,1
2021-06-15 15:13:06.840,17421,17423,17423,1
2021-06-15 15:13:19.020,17422,17423,17422,2
2021-06-15 15:13:20.270,17422,17423,17422,1
2021-06-15 15:13:24.158,17422,17423,17422,1
2021-06-15 15:13:27.073,17422,17423,17422,1
2021-06-15 15:13:30.184,17422,17423,17422,1
2021-06-15 15:13:30.184,17422,17423,17422,1
2021-06-15 15:13:30.184,17422,17423,17422,4
2021-06-15 15:13:30.184,17422,17423,17422,2
2021-06-15 15:13:30.393,17421,17422,17422,1
2021-06-15 15:13:30.393,17421,17422,17423,3
2021-06-15 15:13:34.911,17421,17422,17422,1
2021-06-15 15:13:39.942,17421,17422,17422,1
2021-06-15 15:13:42.242,17421,17422,17422,1
2021-06-15 15:13:45.652,17421,17422,17421,1
2021-06-15 15:13:53.699,17420,17421,17421,1
2021-06-15 15:13:54.386,17420,17421,17420,2
2021-06-15 15:14:03.703,17419,17420,17420,1
2021-06-15 15:14:06.021,17419,17420,17419,2
2021-06-15 15:14:06.021,17419,17420,17419,2
2021-06-15 15:14:06.022,17419,17420,17419,2
2021-06-15 15:14:07.829,17418,17419,17419,1
2021-06-15 15:14:13.785,17419,17420,17419,1
2021-06-15 15:14:17.845,17419,17420,17419,1
2021-06-15 15:14:18.750,17418,17419,17419,1
2021-06-15 15:14:20.887,17418,17419,17419,1
2021-06-15 15:14:21.640,17418,17419,17419,3
2021-06-15 15:14:24.985,17419,17420,17419,2
2021-06-15 15:14:25.669,17418,17419,17419,1
2021-06-15 15:14:25.679,17418,17419,17419,2
2021-06-15 15:14:25.679,17418,17419,17420,3
2021-06-15 15:14:31.268,17420,17421,17420,1
2021-06-15 15:14:34.536,17419,17421,17419,1
2021-06-15 15:14:44.902,17419,17420,17419,2
2021-06-15 15:14:53.628,17419,17420,17419,2
2021-06-15 15:14:53.660,17419,17420,17419,1
2021-06-15 15:15:00.127,17419,17420,17419,2
2021-06-15 15:15:00.779,17419,17420,17420,5
2021-06-15 15:15:00.913,17419,17420,17420,3
2021-06-15 15:15:00.913,17419,17420,17421,2
2021-06-15 15:15:00.935,17419,17420,17419,1
2021-06-15 15:15:00.960,17419,17420,17421,3
2021-06-15 15:15:02.484,17419,17421,17419,1
2021-06-15 15:15:02.866,17418,17420,17420,1
2021-06-15 15:15:14.828,17419,17420,17419,4
2021-06-15 15:15:15.943,17418,17419,17419,1
2021-06-15 15:15:17.661,17418,17420,17420,3
2021-06-15 15:15:24.985,17419,17420,17420,1
2021-06-15 15:15:29.840,17420,17421,17421,1
2021-06-15 15:15:32.101,17420,17421,17420,1
2021-06-15 15:15:32.103,17420,17421,17420,4
2021-06-15 15:15:34.778,17419,17420,17419,2
2021-06-15 15:15:35.268,17418,17419,17419,1
2021-06-15 15:15:41.482,17419,17420,17419,1
2021-06-15 15:15:44.049,17418,17419,17419,1
2021-06-15 15:15:48.526,17418,17419,17418,1
2021-06-15 15:15:49.104,17418,17419,17418,1
2021-06-15 15:15:50.327,17418,17419,17419,5
2021-06-15 15:15:50.882,17418,17419,17419,1
2021-06-15 15:15:56.692,17418,17419,17419,1
2021-06-15 15:16:05.477,17418,17419,17418,1
2021-06-15 15:16:05.692,17418,17419,17418,1
2021-06-15 15:16:05.692,17418,17419,17418,1
2021-06-15 15:16:05.692,17418,17419,17418,8
2021-06-15 15:16:05.711,17418,17419,17418,1
2021-06-15 15:16:05.715,17418,17419,17418,1
2021-06-15 15:16:05.727,17418,17419,17419,1
2021-06-15 15:16:05.735,17418,17419,17419,1
2021-06-15 15:16:05.738,17418,17419,17419,1
2021-06-15 15:16:05.751,17418,17419,17419,1
2021-06-15 15:16:12.107,17418,17419,17419,4
2021-06-15 15:16:12.147,17418,17420,17420,1
2021-06-15 15:16:13.696,17418,17420,17418,5
2021-06-15 15:16:13.772,17418,17420,17420,1
2021-06-15 15:16:13.774,17418,17420,17420,1
2021-06-15 15:16:14.811,17419,17421,17420,1
2021-06-15 15:16:15.188,17419,17420,17419,1
2021-06-15 15:16:17.814,17419,17420,17419,2
2021-06-15 15:16:22.051,17419,17420,17420,5
2021-06-15 15:16:22.147,17419,17420,17420,1
2021-06-15 15:16:22.148,17419,17420,17421,1
2021-06-15 15:16:25.460,17419,17421,17419,1
2021-06-15 15:16:25.560,17419,17421,17419,4
2021-06-15 15:16:30.356,17418,17420,17419,1
2021-06-15 15:16:30.502,17418,17420,17420,4
2021-06-15 15:16:30.523,17419,17421,17419,1
2021-06-15 15:16:30.580,17419,17421,17418,4
2021-06-15 15:16:30.812,17419,17420,17419,1
2021-06-15 15:16:31.442,17419,17421,17419,1
2021-06-15 15:16:31.522,17418,17420,17420,1
2021-06-15 15:16:31.523,17418,17420,17421,1
2021-06-15 15:16:31.552,17418,17420,17419,2
2021-06-15 15:16:34.478,17420,17422,17420,1
2021-06-15 15:16:36.434,17420,17422,17422,1
2021-06-15 15:16:36.466,17420,17422,17422,9
2021-06-15 15:16:39.395,17422,17423,17422,1
2021-06-15 15:16:41.436,17421,17423,17423,3
2021-06-15 15:16:41.534,17421,17423,17423,3
2021-06-15 15:16:41.535,17421,17423,17423,10
2021-06-15 15:16:41.582,17421,17423,17424,3
2021-06-15 15:16:41.646,17422,17424,17424,3
2021-06-15 15:16:42.071,17423,17425,17425,1
2021-06-15 15:16:44.658,17423,17424,17424,1
2021-06-15 15:16:51.158,17423,17424,17423,1
2021-06-15 15:16:51.579,17423,17424,17423,1
2021-06-15 15:16:51.579,17423,17424,17423,1
2021-06-15 15:16:51.579,17423,17424,17423,1
2021-06-15 15:16:51.630,17423,17424,17423,1
2021-06-15 15:16:51.630,17423,17424,17424,4
2021-06-15 15:16:51.928,17422,17424,17424,1
2021-06-15 15:16:54.770,17423,17424,17423,1
2021-06-15 15:16:56.117,17422,17423,17422,1
2021-06-15 15:16:57.813,17421,17423,17421,3
2021-06-15 15:16:58.742,17420,17422,17422,2
2021-06-15 15:17:01.653,17422,17423,17423,2
2021-06-15 15:17:08.532,17422,17423,17423,3
2021-06-15 15:17:09.742,17423,17424,17423,3
2021-06-15 15:17:15.211,17423,17424,17423,1
2021-06-15 15:17:17.892,17422,17423,17423,1
2021-06-15 15:17:23.783,17422,17423,17423,1
2021-06-15 15:17:25.585,17422,17423,17423,1
2021-06-15 15:17:26.613,17422,17423,17423,2
2021-06-15 15:17:27.142,17422,17423,17422,1
2021-06-15 15:17:30.188,17422,17423,17422,2
2021-06-15 15:17:32.484,17421,17423,17423,1
2021-06-15 15:17:39.108,17422,17423,17423,2
2021-06-15 15:17:54.792,17423,17424,17423,3
2021-06-15 15:17:54.899,17422,17423,17423,1
2021-06-15 15:18:06.211,17421,17423,17423,1
2021-06-15 15:18:06.818,17421,17423,17423,2
2021-06-15 15:18:11.956,17421,17422,17422,1
2021-06-15 15:18:12.563,17421,17423,17422,1
2021-06-15 15:18:12.910,17421,17423,17421,2
2021-06-15 15:18:14.352,17421,17423,17421,7
2021-06-15 15:18:14.533,17420,17421,17421,1
2021-06-15 15:18:20.090,17420,17421,17420,1
2021-06-15 15:18:20.145,17420,17421,17420,2
2021-06-15 15:18:43.056,17421,17422,17422,1
2021-06-15 15:18:48.053,17421,17422,17422,1
2021-06-15 15:18:49.070,17421,17423,17423,1
2021-06-15 15:18:52.868,17421,17423,17423,2
2021-06-15 15:19:00.650,17421,17423,17422,1
2021-06-15 15:19:03.609,17421,17422,17422,1
2021-06-15 15:19:18.963,17421,17422,17422,3
2021-06-15 15:19:19.485,17421,17422,17422,1
2021-06-15 15:19:19.485,17421,17422,17423,7
2021-06-15 15:19:27.545,17421,17422,17422,1
2021-06-15 15:19:27.669,17421,17422,17422,1
2021-06-15 15:19:31.555,17422,17423,17422,1
2021-06-15 15:19:41.226,17422,17423,17422,3
2021-06-15 15:19:48.566,17422,17423,17422,1
2021-06-15 15:19:51.039,17422,17423,17423,2
2021-06-15 15:19:53.382,17423,17424,17423,1
2021-06-15 15:20:02.672,17423,17424,17424,5
2021-06-15 15:20:03.095,17423,17424,17424,1
2021-06-15 15:20:06.660,17423,17424,17423,1
2021-06-15 15:20:07.995,17423,17424,17423,1
2021-06-15 15:20:09.348,17423,17424,17423,2
2021-06-15 15:20:14.317,17422,17423,17423,1
2021-06-15 15:20:15.695,17422,17423,17423,2
2021-06-15 15:20:16.090,17422,17424,17422,1
2021-06-15 15:20:22.752,17423,17424,17423,1
2021-06-15 15:20:24.182,17423,17424,17424,7
2021-06-15 15:20:24.271,17423,17425,17425,5
2021-06-15 15:20:24.538,17423,17425,17425,4
2021-06-15 15:20:24.538,17423,17425,17425,4
2021-06-15 15:20:24.538,17423,17425,17425,3
2021-06-15 15:20:29.395,17424,17426,17424,2
2021-06-15 15:20:35.285,17424,17425,17425,1
2021-06-15 15:20:35.286,17424,17425,17425,4
2021-06-15 15:20:35.504,17425,17426,17426,5
2021-06-15 15:20:35.548,17426,17427,17427,1
2021-06-15 15:20:35.579,17426,17427,17427,2
2021-06-15 15:20:35.593,17426,17427,17427,2
2021-06-15 15:20:35.644,17426,17427,17427,1
2021-06-15 15:20:35.644,17426,17427,17428,7
2021-06-15 15:20:35.646,17427,17428,17428,10
2021-06-15 15:20:35.647,17427,17428,17428,5
2021-06-15 15:20:35.647,17427,17428,17429,1
2021-06-15 15:20:35.661,17427,17428,17429,1
2021-06-15 15:20:35.662,17427,17428,17429,1
2021-06-15 15:20:35.662,17427,17428,17430,5
2021-06-15 15:20:35.673,17427,17428,17430,2
2021-06-15 15:20:35.683,17427,17428,17430,5
2021-06-15 15:20:35.683,17427,17428,17430,9
2021-06-15 15:20:35.684,17427,17428,17431,1
2021-06-15 15:20:35.684,17427,17428,17431,4
2021-06-15 15:20:35.684,17427,17428,17431,1
2021-06-15 15:20:35.761,17427,17428,17432,1
2021-06-15 15:20:35.778,17431,17432,17431,1
2021-06-15 15:20:35.787,17431,17432,17432,1
2021-06-15 15:20:35.802,17431,17432,17430,1
2021-06-15 15:20:35.816,17431,17432,17432,1
2021-06-15 15:20:35.840,17431,17432,17432,2
2021-06-15 15:20:35.842,17431,17432,17432,2
2021-06-15 15:20:35.890,17431,17432,17432,3
2021-06-15 15:20:35.906,17430,17433,17433,4
2021-06-15 15:20:35.986,17430,17433,17431,4
2021-06-15 15:20:35.986,17430,17433,17430,2
2021-06-15 15:20:35.988,17430,17433,17431,1
2021-06-15 15:20:35.993,17430,17433,17432,1
2021-06-15 15:20:36.028,17430,17432,17430,1
2021-06-15 15:20:36.030,17430,17432,17430,1
2021-06-15 15:20:36.038,17430,17432,17431,1
2021-06-15 15:20:36.039,17430,17432,17430,1
2021-06-15 15:20:36.047,17430,17432,17429,1
2021-06-15 15:20:36.075,17430,17432,17431,1
2021-06-15 15:20:36.094,17430,17432,17430,1
2021-06-15 15:20:36.106,17430,17432,17429,1
2021-06-15 15:20:36.116,17430,17432,17429,1
2021-06-15 15:20:36.125,17430,17432,17429,1
2021-06-15 15:20:36.288,17429,17431,17431,1
2021-06-15 15:20:36.317,17429,17431,17431,1
2021-06-15 15:20:36.387,17429,17431,17431,1
2021-06-15 15:20:36.395,17429,17431,17429,2
2021-06-15 15:20:36.395,17429,17431,17428,2
2021-06-15 15:20:36.424,17428,17431,17430,2
2021-06-15 15:20:36.596,17428,17430,17430,1
2021-06-15 15:20:36.767,17427,17429,17427,1
2021-06-15 15:20:37.354,17426,17427,17426,2
2021-06-15 15:20:40.475,17426,17427,17427,5
2021-06-15 15:20:41.300,17426,17428,17428,5
2021-06-15 15:20:44.314,17426,17429,17426,1
2021-06-15 15:20:50.979,17427,17428,17427,1
2021-06-15 15:20:51.939,17427,17428,17427,1
2021-06-15 15:20:53.186,17427,17428,17427,1
2021-06-15 15:21:00.254,17427,17428,17427,2
2021-06-15 15:21:02.002,17427,17428,17427,1
2021-06-15 15:21:03.686,17427,17428,17427,1
2021-06-15 15:21:06.929,17427,17428,17427,8
2021-06-15 15:21:17.103,17426,17427,17427,2
2021-06-15 15:21:19.153,17426,17427,17427,10
2021-06-15 15:21:19.153,17426,17427,17427,1
2021-06-15 15:21:19.985,17426,17428,17426,4
2021-06-15 15:21:23.983,17426,17427,17426,1
2021-06-15 15:21:43.872,17426,17427,17427,2
2021-06-15 15:21:49.930,17427,17428,17427,3
2021-06-15 15:21:51.604,17426,17427,17427,1
2021-06-15 15:22:00.585,17426,17427,17426,1
2021-06-15 15:22:03.439,17426,17427,17426,2
2021-06-15 15:22:03.439,17426,17427,17426,1
2021-06-15 15:22:08.595,17426,17427,17427,2
2021-06-15 15:22:09.832,17426,17427,17426,3
2021-06-15 15:22:09.833,17426,17427,17426,6
2021-06-15 15:22:13.693,17426,17427,17426,1
2021-06-15 15:22:14.941,17426,17427,17426,1
2021-06-15 15:22:19.757,17425,17426,17426,1
2021-06-15 15:22:24.098,17426,17427,17426,1
2021-06-15 15:22:27.619,17426,17427,17426,1
2021-06-15 15:22:36.475,17426,17427,17426,1
2021-06-15 15:22:42.885,17426,17427,17426,1
2021-06-15 15:22:45.120,17426,17427,17426,2
2021-06-15 15:22:46.147,17425,17426,17425,3
2021-06-15 15:22:49.035,17425,17426,17425,1
2021-06-15 15:22:59.559,17425,17426,17425,1
2021-06-15 15:23:00.091,17425,17426,17425,3
2021-06-15 15:23:01.327,17425,17426,17425,1
2021-06-15 15:23:04.553,17425,17426,17425,1
2021-06-15 15:23:11.786,17425,17426,17426,4
2021-06-15 15:23:12.702,17426,17427,17426,2
2021-06-15 15:23:38.120,17426,17427,17426,1
2021-06-15 15:23:43.704,17425,17426,17426,1
2021-06-15 15:24:00.387,17426,17427,17427,1
2021-06-15 15:24:04.467,17426,17427,17427,2
2021-06-15 15:24:04.467,17426,17427,17427,2
2021-06-15 15:24:04.467,17426,17427,17427,1
2021-06-15 15:24:04.467,17426,17427,17427,1
2021-06-15 15:24:16.435,17427,17428,17428,1
2021-06-15 15:24:21.063,17427,17428,17428,1
2021-06-15 15:24:21.872,17427,17428,17428,1
2021-06-15 15:24:28.428,17427,17428,17428,1
2021-06-15 15:24:42.314,17428,17429,17428,1
2021-06-15 15:24:42.314,17428,17429,17428,3
2021-06-15 15:24:42.314,17428,17429,17428,1
2021-06-15 15:24:42.631,17427,17428,17428,1
2021-06-15 15:24:49.891,17427,17428,17428,1
2021-06-15 15:24:54.181,17427,17428,17427,1
2021-06-15 15:24:54.181,17427,17428,17427,1
2021-06-15 15:24:54.182,17427,17428,17427,1
2021-06-15 15:24:54.182,17427,17428,17427,2
2021-06-15 15:24:57.318,17426,17427,17426,6
2021-06-15 15:25:11.903,17427,17428,17427,1
2021-06-15 15:25:12.286,17426,17428,17428,1
2021-06-15 15:25:12.307,17426,17428,17428,3
2021-06-15 15:25:25.684,17426,17427,17427,1
2021-06-15 15:25:25.685,17426,17427,17427,1
2021-06-15 15:25:34.788,17427,17428,17428,1
2021-06-15 15:25:36.338,17427,17428,17428,3
2021-06-15 15:25:42.224,17427,17428,17428,1
2021-06-15 15:25:42.350,17427,17429,17428,1
2021-06-15 15:25:54.297,17427,17428,17427,1
2021-06-15 15:25:54.408,17426,17427,17427,1
2021-06-15 15:25:55.717,17426,17427,17427,1
2021-06-15 15:26:01.462,17426,17427,17426,1
2021-06-15 15:26:02.449,17426,17427,17426,4
2021-06-15 15:26:07.060,17425,17426,17426,1
2021-06-15 15:26:07.060,17425,17426,17427,1
2021-06-15 15:26:18.592,17425,17426,17426,1
2021-06-15 15:26:19.773,17426,17427,17426,1
2021-06-15 15:26:35.547,17425,17427,17425,20
2021-06-15 15:26:36.497,17424,17425,17425,1
2021-06-15 15:26:39.050,17424,17426,17424,5
2021-06-15 15:26:53.094,17424,17426,17426,1
2021-06-15 15:27:03.910,17424,17425,17424,1
2021-06-15 15:27:04.614,17424,17425,17425,1
2021-06-15 15:27:29.214,17424,17425,17424,1
2021-06-15 15:27:36.752,17424,17425,17424,1
2021-06-15 15:27:40.156,17424,17425,17425,1
2021-06-15 15:27:46.822,17424,17425,17424,3
2021-06-15 15:27:46.823,17424,17425,17424,2
2021-06-15 15:27:46.823,17424,17425,17424,5
2021-06-15 15:27:47.208,17423,17424,17423,2
2021-06-15 15:27:47.323,17423,17424,17423,1
2021-06-15 15:27:47.577,17423,17424,17423,2
2021-06-15 15:27:48.912,17422,17423,17422,1
2021-06-15 15:28:09.828,17422,17423,17422,1
2021-06-15 15:28:11.333,17422,17423,17422,1
2021-06-15 15:28:11.905,17422,17423,17423,1
2021-06-15 15:28:11.906,17422,17423,17423,4
2021-06-15 15:28:14.814,17423,17424,17423,1
2021-06-15 15:28:18.539,17423,17424,17423,1
2021-06-15 15:28:34.770,17423,17424,17424,3
2021-06-15 15:28:41.294,17423,17425,17423,1
2021-06-15 15:28:41.572,17423,17424,17423,1
2021-06-15 15:28:41.975,17422,17423,17422,1
2021-06-15 15:28:42.034,17422,17423,17422,3
2021-06-15 15:28:44.785,17422,17423,17422,1
2021-06-15 15:28:44.786,17422,17423,17422,2
2021-06-15 15:28:44.786,17422,17423,17422,1
2021-06-15 15:28:44.786,17422,17423,17422,4
2021-06-15 15:28:47.140,17421,17422,17422,1
2021-06-15 15:28:50.013,17421,17422,17422,3
2021-06-15 15:28:50.013,17421,17422,17422,2
2021-06-15 15:28:56.222,17422,17423,17422,1
2021-06-15 15:29:01.103,17421,17422,17422,1
2021-06-15 15:29:10.993,17421,17422,17422,1
2021-06-15 15:29:25.777,17422,17423,17422,1
2021-06-15 15:29:27.280,17422,17423,17422,1
2021-06-15 15:29:39.032,17422,17423,17422,1
2021-06-15 15:29:49.683,17422,17423,17423,1
2021-06-15 15:29:54.447,17422,17423,17422,4
2021-06-15 15:29:54.639,17421,17423,17423,1
2021-06-15 15:29:55.804,17421,17422,17422,1
2021-06-15 15:30:16.527,17423,17424,17424,1
2021-06-15 15:30:16.528,17423,17424,17424,4
2021-06-15 15:30:16.528,17423,17424,17424,2
2021-06-15 15:30:16.824,17424,17425,17425,2
2021-06-15 15:30:16.824,17424,17425,17425,2
2021-06-15 15:30:16.885,17424,17425,17424,11
2021-06-15 15:30:16.885,17424,17425,17423,4
2021-06-15 15:30:17.073,17422,17424,17424,1
2021-06-15 15:30:17.098,17422,17424,17424,1
2021-06-15 15:30:17.148,17422,17425,17425,1
2021-06-15 15:30:17.274,17422,17425,17422,3
2021-06-15 15:30:17.411,17422,17424,17424,1
2021-06-15 15:30:17.845,17422,17424,17424,1
2021-06-15 15:30:19.287,17422,17424,17424,1
2021-06-15 15:30:31.137,17423,17424,17423,1
2021-06-15 15:30:34.410,17422,17423,17422,1
2021-06-15 15:30:34.549,17422,17423,17422,1
2021-06-15 15:30:44.172,17422,17423,17422,2
2021-06-15 15:30:46.432,17421,17422,17421,1
2021-06-15 15:30:46.561,17421,17422,17421,1
2021-06-15 15:30:46.838,17421,17422,17421,1
2021-06-15 15:30:46.838,17421,17422,17421,4
2021-06-15 15:30:46.838,17421,17422,17421,6
2021-06-15 15:30:46.838,17421,17422,17421,2
2021-06-15 15:30:46.838,17421,17422,17421,3
2021-06-15 15:30:55.413,17420,17421,17420,1
2021-06-15 15:30:55.584,17420,17421,17420,1
2021-06-15 15:30:57.399,17420,17421,17420,1
2021-06-15 15:30:58.180,17420,17421,17421,1
2021-06-15 15:31:02.764,17420,17422,17421,3
2021-06-15 15:31:03.743,17420,17421,17421,1
2021-06-15 15:31:06.937,17421,17422,17421,1
2021-06-15 15:31:17.547,17421,17422,17422,1
2021-06-15 15:31:24.713,17421,17422,17422,3
2021-06-15 15:31:25.063,17422,17424,17422,3
2021-06-15 15:31:35.924,17422,17423,17422,1
2021-06-15 15:31:43.637,17421,17422,17422,1
2021-06-15 15:31:47.845,17421,17422,17422,3
2021-06-15 15:31:48.969,17422,17423,17422,5
2021-06-15 15:31:56.633,17421,17422,17421,6
2021-06-15 15:31:57.702,17421,17422,17422,1
2021-06-15 15:32:02.523,17421,17422,17421,4
2021-06-15 15:32:08.655,17420,17421,17420,15
2021-06-15 15:32:08.655,17420,17421,17420,2
2021-06-15 15:32:14.090,17419,17420,17419,2
2021-06-15 15:32:15.031,17419,17420,17419,1
2021-06-15 15:32:17.310,17419,17420,17419,1
2021-06-15 15:32:18.660,17419,17420,17419,7
2021-06-15 15:32:18.710,17419,17420,17418,1
2021-06-15 15:32:19.789,17418,17419,17419,2
2021-06-15 15:32:22.328,17418,17419,17419,1
2021-06-15 15:32:24.951,17418,17419,17418,8
2021-06-15 15:32:30.754,17417,17418,17417,14
2021-06-15 15:32:30.754,17417,17418,17416,6
2021-06-15 15:32:32.287,17417,17418,17417,1
2021-06-15 15:32:32.289,17417,17418,17417,1
2021-06-15 15:32:32.294,17417,17418,17417,1
2021-06-15 15:32:35.277,17417,17418,17417,1
2021-06-15 15:32:35.752,17416,17417,17417,5
2021-06-15 15:32:36.409,17417,17418,17417,1
2021-06-15 15:32:38.475,17417,17418,17417,1
2021-06-15 15:32:40.757,17417,17418,17418,1
2021-06-15 15:32:40.757,17417,17418,17418,1
2021-06-15 15:32:42.575,17418,17419,17418,1
2021-06-15 15:32:49.047,17418,17419,17419,5
2021-06-15 15:32:49.049,17418,17419,17419,1
2021-06-15 15:32:49.536,17418,17420,17420,1
2021-06-15 15:32:49.573,17418,17420,17418,1
2021-06-15 15:32:51.402,17418,17419,17418,1
2021-06-15 15:32:51.649,17418,17419,17418,1
2021-06-15 15:33:11.130,17420,17421,17420,1
2021-06-15 15:33:12.640,17420,17421,17421,5
2021-06-15 15:33:12.640,17420,17421,17421,2
2021-06-15 15:33:19.294,17420,17421,17421,2
2021-06-15 15:33:20.438,17420,17421,17420,1
2021-06-15 15:33:25.622,17420,17421,17420,1
2021-06-15 15:33:34.944,17420,17421,17420,2
2021-06-15 15:33:35.385,17419,17420,17420,1
2021-06-15 15:33:37.610,17420,17421,17420,1
2021-06-15 15:33:43.944,17419,17420,17420,1
2021-06-15 15:33:43.945,17419,17420,17420,2
2021-06-15 15:33:50.476,17420,17421,17420,1
2021-06-15 15:33:54.562,17420,17421,17421,1
2021-06-15 15:33:54.562,17420,17421,17421,1
2021-06-15 15:33:54.562,17420,17421,17421,1
2021-06-15 15:33:54.562,17420,17421,17421,1
2021-06-15 15:33:54.562,17420,17421,17421,11
2021-06-15 15:33:56.644,17420,17422,17420,2
2021-06-15 15:34:00.530,17421,17422,17421,2
2021-06-15 15:34:13.510,17421,17422,17422,1
2021-06-15 15:34:13.510,17421,17422,17422,3
2021-06-15 15:34:16.355,17422,17423,17423,1
2021-06-15 15:34:21.487,17422,17423,17422,2
2021-06-15 15:34:23.809,17422,17423,17423,1
2021-06-15 15:34:25.449,17422,17423,17423,1
2021-06-15 15:34:33.462,17422,17423,17423,1
2021-06-15 15:34:37.976,17422,17423,17422,5
2021-06-15 15:34:44.321,17422,17423,17422,1
2021-06-15 15:34:46.682,17422,17423,17422,2
2021-06-15 15:34:51.325,17422,17423,17422,2
2021-06-15 15:34:54.391,17421,17422,17422,1
2021-06-15 15:35:18.078,17421,17422,17422,5
2021-06-15 15:35:18.078,17421,17422,17422,1
2021-06-15 15:35:18.079,17421,17422,17422,1
2021-06-15 15:35:30.930,17422,17423,17422,2
2021-06-15 15:35:32.986,17422,17423,17422,1
2021-06-15 15:35:35.224,17422,17423,17422,1
2021-06-15 15:35:45.705,17422,17423,17422,4
2021-06-15 15:36:07.202,17422,17423,17423,1
2021-06-15 15:36:07.416,17422,17423,17423,2
2021-06-15 15:36:07.416,17422,17423,17424,8
2021-06-15 15:36:07.416,17422,17423,17424,8
2021-06-15 15:36:07.428,17422,17423,17424,1
2021-06-15 15:36:07.428,17422,17423,17425,5
2021-06-15 15:36:07.522,17423,17425,17425,6
2021-06-15 15:36:07.724,17424,17425,17425,1
2021-06-15 15:36:07.726,17424,17425,17425,1
2021-06-15 15:36:28.607,17424,17425,17424,1
2021-06-15 15:36:29.947,17424,17425,17424,1
2021-06-15 15:36:31.183,17422,17423,17423,1
2021-06-15 15:36:31.912,17422,17423,17423,1
2021-06-15 15:37:15.479,17423,17424,17424,1
2021-06-15 15:37:15.501,17423,17424,17423,1
2021-06-15 15:37:20.793,17423,17424,17424,1
2021-06-15 15:37:36.319,17423,17424,17424,1
2021-06-15 15:37:40.329,17423,17424,17424,1
2021-06-15 15:37:51.243,17423,17424,17423,1
2021-06-15 15:37:51.243,17423,17424,17423,1
2021-06-15 15:37:51.243,17423,17424,17423,3
2021-06-15 15:37:51.243,17423,17424,17423,1
2021-06-15 15:37:51.243,17423,17424,17423,1
2021-06-15 15:37:51.260,17423,17424,17422,1
2021-06-15 15:37:51.260,17423,17424,17422,1
2021-06-15 15:37:51.260,17423,17424,17422,1
2021-06-15 15:37:51.613,17422,17423,17422,1
2021-06-15 15:37:51.614,17422,17423,17422,2
2021-06-15 15:37:51.614,17422,17423,17422,2
2021-06-15 15:37:51.948,17421,17422,17421,4
2021-06-15 15:37:52.004,17421,17422,17421,3
2021-06-15 15:37:56.562,17421,17423,17421,1
2021-06-15 15:38:12.961,17421,17422,17421,1
2021-06-15 15:38:25.042,17421,17422,17422,1
2021-06-15 15:38:25.162,17421,17423,17421,1
2021-06-15 15:38:40.063,17421,17422,17422,1
2021-06-15 15:38:40.063,17421,17422,17422,1
2021-06-15 15:38:40.063,17421,17422,17422,1
2021-06-15 15:38:40.063,17421,17422,17422,1
2021-06-15 15:39:00.371,17422,17423,17422,1
2021-06-15 15:39:03.271,17422,17423,17423,1
2021-06-15 15:39:10.965,17423,17424,17424,1
2021-06-15 15:39:12.868,17423,17424,17424,1
2021-06-15 15:39:46.625,17423,17424,17423,2
2021-06-15 15:40:22.587,17421,17423,17421,1
2021-06-15 15:40:22.885,17421,17423,17423,1
2021-06-15 15:40:22.925,17421,17423,17423,1
2021-06-15 15:40:22.925,17421,17423,17423,1
2021-06-15 15:40:22.925,17421,17423,17424,1
2021-06-15 15:40:22.927,17421,17423,17423,2
2021-06-15 15:40:22.934,17421,17423,17424,2
2021-06-15 15:40:22.993,17421,17423,17424,2
2021-06-15 15:40:23.657,17422,17424,17422,4
2021-06-15 15:40:29.948,17422,17424,17424,1
2021-06-15 15:40:46.302,17423,17424,17424,1
2021-06-15 15:41:05.678,17423,17424,17424,1
2021-06-15 15:41:20.406,17423,17424,17424,1
2021-06-15 15:41:33.116,17423,17424,17424,1
2021-06-15 15:41:44.148,17423,17424,17423,2
2021-06-15 15:41:44.149,17423,17424,17423,1
2021-06-15 15:41:44.149,17423,17424,17423,1
2021-06-15 15:41:46.533,17423,17424,17424,1
2021-06-15 15:41:52.646,17423,17424,17423,1
2021-06-15 15:42:31.195,17423,17424,17424,5
2021-06-15 15:42:31.196,17423,17424,17424,1
2021-06-15 15:42:31.196,17423,17424,17424,1
2021-06-15 15:42:31.196,17423,17424,17424,2
2021-06-15 15:42:31.502,17423,17425,17425,4
2021-06-15 15:42:31.502,17423,17425,17426,2
2021-06-15 15:42:31.551,17424,17426,17426,1
2021-06-15 15:42:32.225,17424,17426,17424,1
2021-06-15 15:42:32.652,17425,17426,17425,1
2021-06-15 15:42:44.583,17423,17424,17424,1
2021-06-15 15:42:44.583,17423,17424,17425,5
2021-06-15 15:43:00.446,17424,17425,17425,1
2021-06-15 15:43:05.731,17424,17425,17425,1
2021-06-15 15:43:08.913,17425,17426,17425,1
2021-06-15 15:43:11.104,17425,17426,17425,1
2021-06-15 15:43:55.891,17424,17425,17425,1
2021-06-15 15:44:10.212,17424,17425,17424,1
2021-06-15 15:44:10.213,17424,17425,17424,2
2021-06-15 15:44:44.210,17423,17424,17423,1
2021-06-15 15:44:57.130,17423,17424,17423,1
2021-06-15 15:44:57.130,17423,17424,17423,1
2021-06-15 15:44:57.130,17423,17424,17423,1
2021-06-15 15:44:57.130,17423,17424,17423,1
2021-06-15 15:44:57.130,17423,17424,17423,1
2021-06-15 15:44:57.474,17422,17423,17422,1
2021-06-15 15:45:30.395,17421,17422,17421,3
2021-06-15 15:45:34.896,17421,17422,17421,1
2021-06-15 15:45:34.958,17421,17422,17421,1
2021-06-15 15:45:41.554,17420,17421,17421,1
2021-06-15 15:45:42.329,17420,17422,17421,2
2021-06-15 15:45:51.008,17421,17422,17422,1
2021-06-15 15:45:51.009,17421,17422,17422,5
2021-06-15 15:45:51.009,17421,17422,17422,1
2021-06-15 15:45:51.009,17421,17422,17422,1
2021-06-15 15:45:51.009,17421,17422,17422,2
2021-06-15 15:45:51.053,17422,17423,17422,1
2021-06-15 15:46:27.909,17421,17422,17421,1
2021-06-15 15:46:37.407,17421,17422,17421,1
2021-06-15 15:46:41.395,17421,17422,17421,2
2021-06-15 15:46:54.020,17420,17421,17420,1
2021-06-15 15:46:54.686,17420,17421,17420,1
2021-06-15 15:46:54.687,17420,17421,17420,3
2021-06-15 15:46:54.688,17420,17421,17420,4
2021-06-15 15:47:02.307,17420,17421,17421,1
2021-06-15 15:47:06.463,17419,17420,17420,2
2021-06-15 15:47:07.628,17420,17421,17420,2
2021-06-15 15:47:07.648,17420,17421,17421,1
2021-06-15 15:47:07.648,17420,17421,17421,1
2021-06-15 15:47:07.648,17420,17421,17421,1
2021-06-15 15:47:07.649,17420,17421,17421,1
2021-06-15 15:47:07.649,17420,17421,17421,1
2021-06-15 15:47:23.181,17421,17422,17422,1
2021-06-15 15:47:26.805,17422,17423,17422,1
2021-06-15 15:47:26.899,17421,17423,17423,1
2021-06-15 15:47:32.686,17422,17423,17423,1
2021-06-15 15:47:32.772,17422,17423,17423,1
2021-06-15 15:47:32.773,17422,17423,17423,1
2021-06-15 15:47:32.773,17422,17423,17423,1
2021-06-15 15:47:32.773,17422,17423,17423,1
2021-06-15 15:47:32.773,17422,17423,17423,1
2021-06-15 15:47:32.773,17422,17423,17423,1
2021-06-15 15:47:32.773,17422,17423,17423,1
2021-06-15 15:47:32.773,17422,17423,17423,1
2021-06-15 15:47:32.774,17422,17423,17424,1
2021-06-15 15:47:32.774,17422,17423,17424,1
2021-06-15 15:47:42.193,17423,17424,17424,1
2021-06-15 15:47:48.940,17423,17424,17423,2
2021-06-15 15:47:51.698,17423,17424,17424,1
2021-06-15 15:47:58.482,17423,17424,17423,2
2021-06-15 15:48:01.206,17423,17424,17424,1
2021-06-15 15:48:01.482,17423,17424,17424,2
2021-06-15 15:48:09.083,17424,17425,17425,1
2021-06-15 15:48:11.586,17424,17425,17425,1
2021-06-15 15:48:12.684,17424,17425,17425,2
2021-06-15 15:48:13.101,17425,17426,17425,1
2021-06-15 15:48:26.443,17424,17425,17424,1
2021-06-15 15:48:31.586,17424,17425,17424,1
2021-06-15 15:49:01.863,17424,17425,17424,1
2021-06-15 15:49:02.179,17424,17425,17424,2
2021-06-15 15:49:54.598,17424,17425,17424,1
2021-06-15 15:49:54.599,17424,17425,17424,2
2021-06-15 15:50:11.432,17423,17424,17424,1
2021-06-15 15:50:15.093,17423,17424,17424,1
2021-06-15 15:50:27.691,17423,17424,17423,1
2021-06-15 15:50:29.750,17423,17424,17423,2
2021-06-15 15:50:32.416,17422,17423,17423,2
2021-06-15 15:50:34.935,17422,17423,17423,1
2021-06-15 15:50:56.463,17423,17424,17423,1
2021-06-15 15:51:01.445,17422,17424,17424,1
2021-06-15 15:51:01.502,17422,17424,17424,1
2021-06-15 15:51:01.529,17422,17424,17424,2
2021-06-15 15:51:01.546,17422,17424,17424,1
2021-06-15 15:51:21.818,17423,17424,17424,1
2021-06-15 15:51:31.924,17423,17424,17423,1
2021-06-15 15:51:33.138,17422,17423,17423,1
2021-06-15 15:51:43.300,17422,17423,17422,1
2021-06-15 15:51:43.398,17421,17422,17421,1
2021-06-15 15:51:59.090,17421,17422,17421,3
2021-06-15 15:51:59.090,17421,17422,17421,1
2021-06-15 15:52:23.262,17421,17423,17421,1
2021-06-15 15:52:26.980,17421,17422,17421,2
2021-06-15 15:52:49.619,17421,17422,17421,2
2021-06-15 15:52:54.150,17421,17422,17422,8
2021-06-15 15:52:54.150,17421,17422,17422,1
2021-06-15 15:52:54.150,17421,17422,17422,1
2021-06-15 15:52:54.150,17421,17422,17422,1
2021-06-15 15:52:54.801,17422,17424,17422,1
2021-06-15 15:52:57.404,17422,17424,17424,1
2021-06-15 15:52:57.404,17422,17424,17424,2
2021-06-15 15:52:57.427,17422,17424,17424,1
2021-06-15 15:52:57.525,17423,17424,17424,1
2021-06-15 15:53:20.008,17423,17424,17423,1
2021-06-15 15:53:24.675,17423,17424,17423,1
2021-06-15 15:53:53.709,17421,17422,17422,1
2021-06-15 15:53:54.885,17422,17423,17423,1
2021-06-15 15:53:54.896,17422,17423,17423,3
2021-06-15 15:53:54.896,17422,17423,17424,1
2021-06-15 15:54:10.322,17422,17423,17423,1
2021-06-15 15:54:10.323,17422,17423,17423,1
2021-06-15 15:54:10.323,17422,17423,17423,3
2021-06-15 15:54:10.323,17422,17423,17423,1
2021-06-15 15:54:34.211,17423,17424,17424,1
2021-06-15 15:54:34.211,17423,17424,17424,1
2021-06-15 15:54:34.211,17423,17424,17424,1
2021-06-15 15:54:34.672,17423,17424,17423,5
2021-06-15 15:54:34.923,17422,17424,17422,1
2021-06-15 15:54:35.069,17422,17424,17422,5
2021-06-15 15:54:45.295,17423,17424,17424,3
2021-06-15 15:54:46.183,17423,17425,17423,3
2021-06-15 15:54:51.020,17423,17424,17424,5
2021-06-15 15:55:00.672,17424,17425,17425,1
2021-06-15 15:55:00.672,17424,17425,17425,3
2021-06-15 15:55:00.672,17424,17425,17425,7
2021-06-15 15:55:00.672,17424,17425,17425,1
2021-06-15 15:55:00.672,17424,17425,17425,2
2021-06-15 15:55:00.672,17424,17425,17425,1
2021-06-15 15:55:00.672,17424,17425,17425,1
2021-06-15 15:55:00.672,17424,17425,17425,1
2021-06-15 15:55:00.672,17424,17425,17425,1
2021-06-15 15:55:00.672,17424,17425,17425,5
2021-06-15 15:55:00.896,17425,17426,17426,3
2021-06-15 15:55:01.052,17425,17426,17426,1
2021-06-15 15:55:01.142,17425,17426,17426,1
2021-06-15 15:55:01.142,17425,17426,17427,2
2021-06-15 15:55:01.291,17425,17427,17427,1
2021-06-15 15:55:01.307,17425,17427,17427,1
2021-06-15 15:55:01.309,17425,17427,17427,2
2021-06-15 15:55:01.361,17425,17427,17427,1
2021-06-15 15:55:18.695,17425,17426,17426,1
2021-06-15 15:55:22.670,17425,17426,17426,1
2021-06-15 15:55:23.665,17425,17426,17426,1
2021-06-15 15:55:31.646,17425,17426,17426,1
2021-06-15 15:55:33.419,17426,17427,17427,1
2021-06-15 15:55:42.441,17426,17427,17426,1
2021-06-15 15:55:42.442,17426,17427,17426,1
2021-06-15 15:55:42.532,17425,17427,17427,2
2021-06-15 15:55:43.080,17425,17427,17427,1
2021-06-15 15:55:46.750,17425,17426,17426,1
2021-06-15 15:55:46.957,17425,17426,17426,1
2021-06-15 15:55:48.099,17425,17426,17426,1
2021-06-15 15:55:54.339,17425,17426,17425,1
2021-06-15 15:55:57.324,17424,17425,17424,1
2021-06-15 15:55:57.325,17424,17425,17424,1
2021-06-15 15:56:38.319,17423,17425,17423,4
2021-06-15 15:57:09.054,17424,17426,17424,1
2021-06-15 15:57:09.381,17424,17426,17424,2
2021-06-15 15:57:09.381,17424,17426,17423,5
2021-06-15 15:57:09.791,17423,17425,17423,1
2021-06-15 15:57:10.379,17423,17425,17423,1
2021-06-15 15:57:47.847,17423,17424,17423,1
2021-06-15 15:57:52.923,17423,17424,17424,2
2021-06-15 15:58:13.854,17423,17424,17423,1
2021-06-15 15:58:48.901,17423,17424,17423,2
2021-06-15 15:58:48.947,17423,17424,17422,1
2021-06-15 15:58:49.274,17422,17423,17423,1
2021-06-15 15:58:56.900,17422,17423,17422,2
2021-06-15 15:59:00.779,17422,17423,17422,2
2021-06-15 15:59:19.409,17421,17422,17421,1
2021-06-15 15:59:21.343,17421,17422,17421,2
2021-06-15 15:59:24.145,17421,17422,17421,5
2021-06-15 15:59:25.271,17420,17421,17420,3
2021-06-15 15:59:30.357,17420,17421,17420,1
2021-06-15 15:59:30.357,17420,17421,17420,1
2021-06-15 15:59:30.357,17420,17421,17420,1
2021-06-15 15:59:30.357,17420,17421,17420,6
2021-06-15 15:59:30.543,17419,17420,17420,1
2021-06-15 15:59:32.533,17419,17420,17419,4
2021-06-15 15:59:32.668,17419,17420,17419,1
2021-06-15 15:59:36.014,17419,17420,17419,1
2021-06-15 15:59:43.737,17419,17420,17419,1
2021-06-15 15:59:48.581,17418,17419,17419,4
2021-06-15 15:59:55.963,17418,17419,17419,1
2021-06-15 15:59:56.977,17418,17419,17419,1
2021-06-15 16:00:00.901,17418,17419,17418,1
2021-06-15 16:00:00.901,17418,17419,17418,5
2021-06-15 16:00:02.826,17417,17418,17417,1
2021-06-15 16:00:03.030,17417,17418,17417,2
2021-06-15 16:00:03.078,17417,17418,17417,2
2021-06-15 16:00:03.141,17417,17418,17417,2
2021-06-15 16:00:03.269,17417,17418,17417,4
2021-06-15 16:00:03.271,17417,17418,17417,1
2021-06-15 16:00:03.271,17417,17418,17417,5
2021-06-15 16:00:03.272,17417,17418,17416,2
2021-06-15 16:00:03.643,17416,17417,17416,1
2021-06-15 16:00:03.644,17416,17417,17416,1
2021-06-15 16:00:04.053,17416,17417,17417,1
2021-06-15 16:00:04.096,17416,17417,17418,1
2021-06-15 16:00:04.153,17416,17418,17418,1
2021-06-15 16:00:04.882,17417,17418,17418,1
2021-06-15 16:00:07.166,17416,17417,17417,1
2021-06-15 16:00:07.570,17416,17417,17417,1
2021-06-15 16:00:12.091,17417,17418,17418,1
2021-06-15 16:00:12.148,17418,17419,17419,1
2021-06-15 16:00:12.148,17418,17419,17419,1
2021-06-15 16:00:12.149,17418,17419,17419,1
2021-06-15 16:00:12.627,17418,17419,17419,1
2021-06-15 16:00:28.206,17417,17418,17418,1
2021-06-15 16:00:29.606,17417,17418,17418,1
2021-06-15 16:00:29.647,17417,17418,17418,1
2021-06-15 16:00:35.191,17417,17418,17417,1
2021-06-15 16:00:38.226,17417,17418,17417,11
2021-06-15 16:00:38.280,17416,17417,17416,3
2021-06-15 16:00:39.673,17415,17416,17415,1
2021-06-15 16:00:39.772,17415,17416,17416,1
2021-06-15 16:00:39.773,17415,17416,17416,1
2021-06-15 16:00:39.773,17415,17416,17416,1
2021-06-15 16:00:39.782,17415,17416,17415,1
2021-06-15 16:00:39.797,17415,17416,17415,1
2021-06-15 16:00:39.814,17415,17416,17415,12
2021-06-15 16:00:39.990,17415,17416,17415,1
2021-06-15 16:00:40.198,17415,17416,17415,1
2021-06-15 16:00:41.596,17415,17416,17415,1
2021-06-15 16:00:43.833,17415,17416,17416,1
2021-06-15 16:00:44.396,17415,17416,17415,2
2021-06-15 16:00:44.771,17415,17416,17415,3
2021-06-15 16:00:44.777,17415,17416,17415,1
2021-06-15 16:00:46.529,17414,17415,17415,1
2021-06-15 16:00:49.299,17414,17415,17415,1
2021-06-15 16:00:50.787,17416,17417,17417,1
2021-06-15 16:00:50.787,17416,17417,17417,1
2021-06-15 16:00:51.396,17416,17418,17416,1
2021-06-15 16:00:58.386,17417,17418,17418,1
2021-06-15 16:01:14.519,17417,17418,17418,1
2021-06-15 16:01:15.342,17417,17418,17418,1
2021-06-15 16:01:17.539,17417,17419,17417,2
2021-06-15 16:01:17.985,17417,17419,17419,1
2021-06-15 16:01:20.947,17418,17419,17418,1
2021-06-15 16:01:27.154,17417,17418,17418,1
2021-06-15 16:01:27.492,17417,17418,17418,1
2021-06-15 16:01:36.625,17418,17419,17418,4
2021-06-15 16:01:38.984,17418,17419,17418,2
2021-06-15 16:01:48.326,17418,17419,17418,1
2021-06-15 16:02:04.362,17418,17419,17418,1
2021-06-15 16:02:04.751,17418,17419,17418,1
2021-06-15 16:02:05.293,17418,17419,17419,1
2021-06-15 16:02:05.662,17418,17419,17418,2
2021-06-15 16:02:05.662,17418,17419,17418,1
2021-06-15 16:02:07.897,17417,17418,17418,1
2021-06-15 16:02:12.489,17417,17418,17417,1
2021-06-15 16:02:12.489,17417,17418,17417,2
2021-06-15 16:02:12.801,17416,17417,17417,1
2021-06-15 16:02:12.903,17416,17417,17416,1
2021-06-15 16:02:13.041,17416,17417,17416,1
2021-06-15 16:02:13.052,17416,17417,17416,1
2021-06-15 16:02:13.411,17416,17417,17416,2
2021-06-15 16:02:14.160,17416,17417,17416,1
2021-06-15 16:02:14.341,17415,17416,17415,2
2021-06-15 16:02:17.520,17415,17416,17415,2
2021-06-15 16:02:18.120,17415,17416,17415,2
2021-06-15 16:02:19.551,17415,17416,17415,2
2021-06-15 16:02:19.780,17415,17416,17415,1
2021-06-15 16:02:20.615,17415,17416,17415,1
2021-06-15 16:02:20.904,17414,17415,17414,2
2021-06-15 16:02:21.896,17414,17415,17414,1
2021-06-15 16:02:22.937,17414,17415,17414,1
2021-06-15 16:02:23.612,17414,17415,17414,1
2021-06-15 16:02:25.384,17414,17415,17414,1
2021-06-15 16:02:26.461,17414,17415,17415,1
2021-06-15 16:02:26.601,17414,17415,17415,1
2021-06-15 16:02:26.601,17414,17415,17415,2
2021-06-15 16:02:26.824,17414,17416,17414,1
2021-06-15 16:02:32.076,17415,17416,17416,1
2021-06-15 16:02:34.451,17416,17417,17416,1
2021-06-15 16:02:37.745,17415,17416,17416,1
2021-06-15 16:02:37.745,17415,17416,17416,2
2021-06-15 16:02:37.976,17416,17417,17416,1
2021-06-15 16:02:44.720,17416,17417,17416,1
2021-06-15 16:02:52.115,17416,17417,17417,1
2021-06-15 16:03:33.677,17416,17417,17417,1
2021-06-15 16:03:43.883,17416,17417,17416,1
2021-06-15 16:03:43.883,17416,17417,17416,4
2021-06-15 16:03:43.883,17416,17417,17416,1
2021-06-15 16:03:43.884,17416,17417,17416,2
2021-06-15 16:03:43.884,17416,17417,17416,9
2021-06-15 16:04:02.243,17415,17417,17415,1
2021-06-15 16:04:16.827,17416,17417,17416,1
2021-06-15 16:04:19.966,17416,17417,17416,1
2021-06-15 16:04:28.381,17416,17417,17416,1
2021-06-15 16:04:29.772,17416,17417,17417,1
2021-06-15 16:04:36.228,17416,17417,17417,1
2021-06-15 16:04:36.262,17416,17417,17417,2
2021-06-15 16:04:44.913,17416,17417,17416,1
2021-06-15 16:04:44.913,17416,17417,17416,1
2021-06-15 16:04:45.015,17416,17417,17415,5
2021-06-15 16:04:45.015,17416,17417,17415,2
2021-06-15 16:05:04.939,17415,17416,17415,4
2021-06-15 16:05:05.617,17414,17415,17415,5
2021-06-15 16:05:13.970,17414,17415,17415,1
2021-06-15 16:05:14.162,17414,17415,17415,1
2021-06-15 16:05:14.389,17414,17415,17415,1
2021-06-15 16:05:18.014,17414,17415,17415,1
2021-06-15 16:05:20.617,17414,17415,17414,4
2021-06-15 16:05:28.014,17413,17414,17413,1
2021-06-15 16:05:28.014,17413,17414,17413,4
2021-06-15 16:05:28.026,17412,17413,17412,1
2021-06-15 16:05:28.061,17412,17413,17412,2
2021-06-15 16:05:28.076,17412,17413,17412,1
2021-06-15 16:05:28.087,17412,17413,17412,4
2021-06-15 16:05:28.151,17412,17413,17413,1
2021-06-15 16:05:28.179,17412,17413,17412,2
2021-06-15 16:05:28.209,17412,17413,17412,1
2021-06-15 16:05:28.247,17412,17413,17412,4
2021-06-15 16:05:28.247,17412,17413,17412,1
2021-06-15 16:05:28.397,17411,17412,17411,3
2021-06-15 16:05:28.771,17411,17412,17412,1
2021-06-15 16:05:28.872,17411,17412,17411,1
2021-06-15 16:05:28.928,17411,17413,17411,1
2021-06-15 16:05:28.989,17411,17413,17411,1
2021-06-15 16:05:29.513,17411,17413,17411,1
2021-06-15 16:05:32.270,17411,17412,17412,1
2021-06-15 16:05:37.503,17411,17412,17412,1
2021-06-15 16:05:38.196,17411,17412,17411,2
2021-06-15 16:05:39.745,17411,17412,17411,3
2021-06-15 16:05:39.745,17411,17412,17410,1
2021-06-15 16:05:39.964,17410,17412,17410,1
2021-06-15 16:05:40.398,17410,17412,17412,4
2021-06-15 16:05:40.508,17410,17412,17411,1
2021-06-15 16:05:40.508,17410,17412,17410,1
2021-06-15 16:05:43.275,17411,17412,17411,1
2021-06-15 16:05:45.495,17411,17412,17411,1
2021-06-15 16:05:50.289,17411,17412,17412,5
2021-06-15 16:05:52.032,17411,17412,17412,2
2021-06-15 16:05:52.337,17412,17413,17412,2
2021-06-15 16:05:52.337,17412,17413,17411,2
2021-06-15 16:05:56.631,17411,17413,17413,1
2021-06-15 16:06:00.391,17411,17412,17412,1
2021-06-15 16:06:01.566,17411,17412,17412,1
2021-06-15 16:06:02.549,17411,17413,17411,2
2021-06-15 16:06:08.837,17412,17413,17412,1
2021-06-15 16:06:12.710,17412,17413,17412,1
2021-06-15 16:06:22.423,17412,17413,17412,1
2021-06-15 16:06:22.754,17412,17413,17412,1
2021-06-15 16:06:26.718,17412,17413,17412,1
2021-06-15 16:06:30.687,17412,17413,17413,4
2021-06-15 16:06:31.403,17412,17414,17412,1
2021-06-15 16:06:42.373,17413,17414,17414,4
2021-06-15 16:06:42.373,17413,17414,17414,1
2021-06-15 16:06:42.573,17413,17415,17413,3
2021-06-15 16:06:45.751,17413,17415,17413,1
2021-06-15 16:07:03.628,17413,17414,17413,1
2021-06-15 16:07:03.628,17413,17414,17412,1
2021-06-15 16:07:07.448,17413,17414,17413,1
2021-06-15 16:07:24.607,17414,17415,17414,1
2021-06-15 16:07:25.501,17414,17415,17414,1
2021-06-15 16:07:26.955,17414,17415,17414,1
2021-06-15 16:07:29.571,17414,17415,17415,3
2021-06-15 16:07:32.704,17415,17416,17416,2
2021-06-15 16:07:33.771,17415,17416,17416,1
2021-06-15 16:07:33.896,17415,17416,17416,1
2021-06-15 16:07:34.021,17415,17416,17416,1
2021-06-15 16:07:34.146,17415,17416,17416,1
2021-06-15 16:07:35.363,17415,17417,17415,1
2021-06-15 16:07:40.896,17416,17417,17417,3
2021-06-15 16:07:58.035,17416,17417,17417,1
2021-06-15 16:07:58.230,17416,17417,17416,3
2021-06-15 16:08:00.923,17415,17416,17416,1
2021-06-15 16:08:05.637,17415,17416,17415,1
2021-06-15 16:08:05.638,17415,17416,17415,3
2021-06-15 16:08:05.968,17414,17416,17416,1
2021-06-15 16:08:09.705,17414,17415,17415,1
2021-06-15 16:08:28.608,17415,17416,17416,1
2021-06-15 16:08:35.825,17415,17416,17416,1
2021-06-15 16:08:47.972,17415,17416,17416,1
2021-06-15 16:08:52.444,17415,17416,17415,1
2021-06-15 16:09:09.246,17415,17416,17416,1
2021-06-15 16:09:24.177,17415,17416,17416,1
2021-06-15 16:09:38.607,17415,17416,17416,3
2021-06-15 16:10:22.057,17415,17416,17415,5
2021-06-15 16:10:29.506,17415,17416,17415,1
2021-06-15 16:10:35.530,17415,17416,17415,2
2021-06-15 16:10:36.203,17415,17416,17415,1
2021-06-15 16:10:36.204,17415,17416,17415,1
2021-06-15 16:10:38.473,17414,17415,17415,1
2021-06-15 16:10:52.008,17414,17415,17415,3
2021-06-15 16:10:54.087,17414,17415,17415,1
2021-06-15 16:10:54.322,17415,17416,17415,1
2021-06-15 16:10:54.322,17415,17416,17414,6
2021-06-15 16:11:03.216,17414,17416,17415,1
2021-06-15 16:11:14.432,17414,17415,17415,1
2021-06-15 16:11:27.773,17414,17416,17414,2
2021-06-15 16:11:30.153,17414,17415,17415,2
2021-06-15 16:11:44.636,17415,17416,17415,1
2021-06-15 16:11:46.961,17414,17415,17415,1
2021-06-15 16:11:49.624,17414,17416,17414,1
2021-06-15 16:12:00.411,17415,17416,17415,3
2021-06-15 16:12:00.970,17415,17416,17415,1
2021-06-15 16:12:01.034,17415,17416,17415,1
2021-06-15 16:12:01.065,17415,17416,17415,1
2021-06-15 16:12:01.108,17415,17416,17415,1
2021-06-15 16:12:01.127,17415,17416,17415,1
2021-06-15 16:12:01.168,17414,17416,17414,1
2021-06-15 16:12:01.202,17414,17416,17414,1
2021-06-15 16:12:01.376,17414,17416,17414,1
2021-06-15 16:12:14.353,17415,17416,17415,5
2021-06-15 16:12:17.656,17414,17415,17414,1
2021-06-15 16:12:20.104,17414,17415,17414,1
2021-06-15 16:12:20.104,17414,17415,17413,2
2021-06-15 16:12:22.288,17414,17415,17414,1
2021-06-15 16:12:27.060,17414,17415,17414,1
2021-06-15 16:12:47.359,17414,17415,17414,1
2021-06-15 16:13:07.894,17414,17415,17414,1
2021-06-15 16:13:14.944,17414,17415,17415,4
2021-06-15 16:13:17.326,17415,17416,17416,1
2021-06-15 16:13:33.595,17415,17416,17416,1
2021-06-15 16:13:44.367,17415,17416,17416,1
2021-06-15 16:13:46.606,17415,17416,17416,2
2021-06-15 16:13:46.970,17415,17416,17416,4
2021-06-15 16:13:53.387,17415,17416,17416,3
2021-06-15 16:14:08.372,17415,17416,17416,1
2021-06-15 16:14:17.491,17415,17416,17416,1
2021-06-15 16:14:18.150,17415,17416,17415,1
2021-06-15 16:14:18.151,17415,17416,17415,4
2021-06-15 16:14:18.151,17415,17416,17415,1
2021-06-15 16:14:18.151,17415,17416,17415,4
2021-06-15 16:14:18.565,17414,17415,17414,2
2021-06-15 16:14:22.656,17414,17415,17414,2
2021-06-15 16:14:23.765,17414,17415,17414,1
2021-06-15 16:14:25.460,17414,17415,17414,4
2021-06-15 16:14:25.461,17414,17415,17414,1
2021-06-15 16:14:37.710,17415,17416,17416,1
2021-06-15 16:14:55.318,17416,17417,17417,2
2021-06-15 16:14:55.318,17416,17417,17417,2
2021-06-15 16:15:09.840,17417,17418,17418,1
2021-06-15 16:15:09.840,17417,17418,17418,1
2021-06-15 16:15:09.840,17417,17418,17418,1
2021-06-15 16:15:09.841,17417,17418,17418,1
2021-06-15 16:15:09.841,17417,17418,17418,1
2021-06-15 16:15:15.268,17416,17417,17417,1
2021-06-15 16:15:19.370,17416,17417,17417,1
2021-06-15 16:15:21.017,17416,17417,17416,1
2021-06-15 16:15:21.026,17415,17416,17416,1
2021-06-15 16:15:21.034,17415,17416,17415,1
2021-06-15 16:15:26.816,17415,17416,17415,1
2021-06-15 16:15:34.771,17414,17415,17414,3
2021-06-15 16:15:34.896,17413,17415,17413,3
2021-06-15 16:15:36.896,17413,17414,17413,1
2021-06-15 16:15:47.146,17413,17414,17413,1
2021-06-15 16:15:53.038,17413,17414,17413,1
2021-06-15 16:16:28.216,17414,17415,17414,1
2021-06-15 16:16:38.864,17414,17415,17414,1
2021-06-15 16:16:38.897,17413,17415,17413,1
2021-06-15 16:16:38.897,17413,17415,17413,1
2021-06-15 16:16:38.897,17413,17415,17413,1
2021-06-15 16:16:38.897,17413,17415,17413,1
2021-06-15 16:16:38.898,17413,17415,17413,1
2021-06-15 16:16:38.898,17413,17415,17412,1
2021-06-15 16:16:38.898,17413,17415,17412,1
2021-06-15 16:16:38.898,17413,17415,17412,1
2021-06-15 16:16:38.898,17413,17415,17412,1
2021-06-15 16:16:38.898,17413,17415,17412,1
2021-06-15 16:16:38.899,17413,17415,17412,1
2021-06-15 16:16:38.899,17413,17415,17412,1
2021-06-15 16:16:38.899,17413,17415,17412,1
2021-06-15 16:16:38.899,17413,17415,17412,1
2021-06-15 16:16:38.899,17413,17415,17412,1
2021-06-15 16:16:38.899,17413,17415,17412,1
2021-06-15 16:16:38.900,17413,17415,17412,1
2021-06-15 16:16:46.719,17412,17414,17412,1
2021-06-15 16:16:46.772,17412,17414,17412,1
2021-06-15 16:16:46.772,17412,17414,17412,1
2021-06-15 16:16:46.772,17412,17414,17412,1
2021-06-15 16:16:46.773,17412,17414,17412,1
2021-06-15 16:16:46.774,17412,17414,17412,1
2021-06-15 16:16:46.774,17412,17414,17412,1
2021-06-15 16:16:52.440,17413,17414,17413,1
2021-06-15 16:16:52.523,17412,17414,17412,1
2021-06-15 16:16:52.523,17412,17414,17412,1
2021-06-15 16:16:56.024,17412,17413,17413,1
2021-06-15 16:16:56.146,17413,17414,17414,2
2021-06-15 16:17:21.567,17414,17415,17414,1
2021-06-15 16:17:24.730,17414,17415,17414,1
2021-06-15 16:17:26.818,17413,17415,17415,1
2021-06-15 16:18:05.138,17413,17414,17414,1
2021-06-15 16:18:17.511,17414,17415,17414,1
2021-06-15 16:18:34.196,17414,17415,17414,1
2021-06-15 16:18:39.113,17414,17415,17415,4
2021-06-15 16:18:39.120,17414,17415,17416,1
2021-06-15 16:18:39.344,17415,17417,17415,1
2021-06-15 16:19:01.507,17416,17417,17416,1
2021-06-15 16:19:05.500,17416,17417,17416,1
2021-06-15 16:19:05.500,17416,17417,17416,3
2021-06-15 16:19:08.170,17415,17416,17415,3
2021-06-15 16:19:12.820,17414,17415,17414,1
2021-06-15 16:19:19.724,17413,17414,17414,2
2021-06-15 16:19:21.030,17413,17415,17414,1
2021-06-15 16:19:21.033,17413,17415,17414,1
2021-06-15 16:19:27.646,17413,17414,17413,2
2021-06-15 16:19:41.140,17413,17414,17413,29
2021-06-15 16:19:41.141,17413,17414,17412,2
2021-06-15 16:19:41.142,17413,17414,17412,1
2021-06-15 16:19:41.142,17413,17414,17412,1
2021-06-15 16:19:41.183,17411,17412,17411,1
2021-06-15 16:19:48.580,17411,17412,17411,1
2021-06-15 16:19:57.185,17411,17412,17411,2
2021-06-15 16:20:03.465,17411,17412,17411,1
2021-06-15 16:20:03.528,17411,17412,17411,1
2021-06-15 16:20:07.016,17411,17412,17412,1
2021-06-15 16:20:09.567,17412,17413,17412,2
2021-06-15 16:20:16.427,17411,17412,17411,4
2021-06-15 16:20:16.427,17411,17412,17411,1
2021-06-15 16:20:21.261,17410,17411,17411,1
2021-06-15 16:20:23.045,17410,17411,17410,27
2021-06-15 16:20:23.045,17410,17411,17409,2
2021-06-15 16:20:23.061,17410,17411,17409,2
2021-06-15 16:20:23.062,17410,17411,17409,1
2021-06-15 16:20:23.214,17408,17409,17408,1
2021-06-15 16:20:23.238,17408,17409,17408,1
2021-06-15 16:20:23.303,17408,17410,17408,2
2021-06-15 16:20:23.365,17408,17410,17408,1
2021-06-15 16:20:23.368,17408,17410,17408,1
2021-06-15 16:20:23.382,17408,17410,17408,1
2021-06-15 16:20:23.412,17408,17409,17408,1
2021-06-15 16:20:23.986,17408,17409,17408,1
2021-06-15 16:20:24.324,17408,17409,17408,1
2021-06-15 16:20:24.687,17408,17409,17408,1
2021-06-15 16:20:24.701,17408,17409,17407,1
2021-06-15 16:20:24.882,17407,17409,17407,1
2021-06-15 16:20:24.897,17407,17409,17407,1
2021-06-15 16:20:24.942,17407,17409,17407,1
2021-06-15 16:20:25.315,17407,17409,17407,1
2021-06-15 16:20:27.363,17407,17408,17408,1
2021-06-15 16:20:31.691,17407,17408,17407,1
2021-06-15 16:20:32.949,17406,17407,17406,2
2021-06-15 16:20:33.655,17406,17407,17407,1
2021-06-15 16:20:34.136,17407,17408,17407,3
2021-06-15 16:20:34.886,17406,17407,17407,1
2021-06-15 16:20:38.510,17407,17408,17407,1
2021-06-15 16:20:38.766,17407,17408,17408,4
2021-06-15 16:20:39.726,17408,17409,17408,1
2021-06-15 16:20:49.231,17407,17408,17408,1
2021-06-15 16:21:00.285,17408,17409,17409,1
2021-06-15 16:21:03.706,17408,17409,17409,1
2021-06-15 16:21:04.399,17408,17410,17410,1
2021-06-15 16:21:17.249,17409,17410,17409,1
2021-06-15 16:21:23.026,17409,17410,17410,2
2021-06-15 16:21:24.361,17409,17410,17409,1
2021-06-15 16:21:24.411,17409,17410,17409,1
2021-06-15 16:21:24.542,17408,17409,17408,1
2021-06-15 16:21:25.509,17408,17409,17409,3
2021-06-15 16:21:28.631,17408,17409,17409,1
2021-06-15 16:21:29.698,17408,17409,17408,2
2021-06-15 16:21:29.773,17408,17409,17408,1
2021-06-15 16:21:29.774,17408,17409,17407,1
2021-06-15 16:21:30.092,17407,17409,17407,1
2021-06-15 16:21:36.382,17407,17409,17407,1
2021-06-15 16:21:45.134,17407,17408,17408,1
2021-06-15 16:22:02.856,17407,17408,17407,2
2021-06-15 16:22:07.318,17407,17408,17408,1
2021-06-15 16:22:08.850,17407,17408,17407,2
2021-06-15 16:22:08.872,17407,17408,17406,5
2021-06-15 16:22:11.765,17406,17408,17408,1
2021-06-15 16:22:17.968,17407,17408,17408,2
2021-06-15 16:22:18.143,17408,17410,17410,2
2021-06-15 16:22:19.377,17408,17410,17408,1
2021-06-15 16:22:20.385,17408,17410,17408,3
2021-06-15 16:22:28.271,17408,17409,17409,1
2021-06-15 16:22:36.675,17409,17410,17410,1
2021-06-15 16:22:48.233,17409,17410,17410,3
2021-06-15 16:23:43.589,17410,17411,17410,1
2021-06-15 16:23:44.153,17410,17411,17411,1
2021-06-15 16:23:45.159,17410,17411,17411,5
2021-06-15 16:23:45.160,17410,17411,17411,1
2021-06-15 16:23:53.394,17411,17412,17412,1
2021-06-15 16:24:00.434,17411,17413,17411,4
2021-06-15 16:24:00.518,17411,17413,17411,4
2021-06-15 16:24:00.576,17410,17412,17410,2
2021-06-15 16:24:00.793,17411,17412,17411,1
2021-06-15 16:24:00.935,17411,17412,17411,1
2021-06-15 16:24:13.775,17411,17412,17411,1
2021-06-15 16:24:14.007,17411,17412,17411,1
2021-06-15 16:24:14.007,17411,17412,17410,2
2021-06-15 16:24:14.038,17410,17412,17412,1
2021-06-15 16:24:14.534,17410,17412,17410,1
2021-06-15 16:24:33.811,17412,17413,17412,1
2021-06-15 16:24:42.943,17412,17413,17412,2
2021-06-15 16:24:43.842,17411,17413,17411,4
2021-06-15 16:24:48.335,17411,17413,17411,1
2021-06-15 16:24:48.432,17411,17413,17411,2
2021-06-15 16:24:48.463,17411,17413,17411,4
2021-06-15 16:25:03.903,17412,17413,17413,1
2021-06-15 16:25:09.271,17413,17414,17414,5
2021-06-15 16:25:14.572,17413,17415,17413,1
2021-06-15 16:25:31.838,17413,17414,17414,1
2021-06-15 16:25:36.750,17413,17414,17414,1
2021-06-15 16:25:44.029,17413,17414,17414,1
2021-06-15 16:25:45.281,17414,17415,17414,2
2021-06-15 16:25:47.366,17414,17415,17414,1
2021-06-15 16:26:00.769,17414,17415,17414,2
2021-06-15 16:26:01.982,17413,17414,17414,2
2021-06-15 16:26:02.730,17413,17414,17414,1
2021-06-15 16:26:13.637,17413,17414,17414,1
2021-06-15 16:26:28.945,17413,17414,17414,1
2021-06-15 16:26:46.998,17413,17414,17414,1
2021-06-15 16:26:50.525,17413,17414,17414,2
2021-06-15 16:26:52.172,17413,17414,17414,1
2021-06-15 16:26:53.804,17413,17414,17413,4
2021-06-15 16:26:53.804,17413,17414,17413,1
2021-06-15 16:27:01.222,17412,17413,17413,1
2021-06-15 16:27:37.845,17412,17413,17413,1
2021-06-15 16:27:37.995,17412,17413,17413,1
2021-06-15 16:28:00.544,17412,17413,17413,1
2021-06-15 16:28:12.248,17413,17415,17415,1
2021-06-15 16:28:29.628,17413,17415,17413,1
2021-06-15 16:28:39.780,17413,17415,17415,1
2021-06-15 16:28:44.735,17413,17415,17415,1
2021-06-15 16:28:44.876,17414,17415,17415,1
2021-06-15 16:28:46.964,17413,17415,17415,1
2021-06-15 16:28:55.607,17413,17415,17415,1
2021-06-15 16:29:15.737,17413,17414,17413,2
2021-06-15 16:29:18.813,17412,17414,17413,1
2021-06-15 16:29:35.742,17413,17414,17413,1
2021-06-15 16:29:47.392,17412,17413,17413,2
2021-06-15 16:29:55.357,17413,17415,17415,1
2021-06-15 16:29:55.357,17413,17415,17415,1
2021-06-15 16:29:55.357,17413,17415,17415,9
2021-06-15 16:29:55.357,17413,17415,17415,1
2021-06-15 16:29:56.477,17415,17416,17415,1
2021-06-15 16:30:10.181,17413,17415,17413,3
2021-06-15 16:30:10.471,17413,17415,17412,1
2021-06-15 16:30:10.530,17413,17414,17413,1
2021-06-15 16:30:10.580,17413,17414,17412,1
2021-06-15 16:30:40.066,17412,17413,17413,1
2021-06-15 16:31:01.768,17414,17415,17414,2
2021-06-15 16:31:10.624,17413,17414,17414,1
2021-06-15 16:31:10.846,17413,17414,17413,1
2021-06-15 16:31:19.561,17412,17413,17413,1
2021-06-15 16:31:45.592,17413,17414,17413,1
2021-06-15 16:31:45.592,17413,17414,17412,4
2021-06-15 16:31:45.649,17412,17414,17412,1
2021-06-15 16:31:59.429,17412,17413,17413,2
2021-06-15 16:32:01.495,17412,17413,17413,1
2021-06-15 16:32:02.534,17413,17414,17414,1
2021-06-15 16:32:15.996,17413,17414,17414,5
2021-06-15 16:32:16.711,17414,17415,17414,2
2021-06-15 16:32:19.182,17413,17414,17414,1
2021-06-15 16:32:19.198,17413,17414,17414,1
2021-06-15 16:32:24.360,17414,17415,17414,7
2021-06-15 16:32:41.106,17413,17414,17413,1
2021-06-15 16:32:47.289,17413,17414,17413,1
2021-06-15 16:32:54.497,17413,17414,17413,1
2021-06-15 16:32:54.498,17413,17414,17413,3
2021-06-15 16:32:56.987,17412,17413,17412,4
2021-06-15 16:33:00.030,17412,17413,17412,1
2021-06-15 16:33:21.325,17413,17414,17413,1
2021-06-15 16:33:32.940,17413,17414,17413,1
2021-06-15 16:33:34.945,17413,17414,17413,1
2021-06-15 16:33:53.457,17413,17414,17413,1
2021-06-15 16:34:05.957,17412,17414,17414,5
2021-06-15 16:34:43.509,17412,17413,17412,6
2021-06-15 16:34:43.510,17412,17413,17412,6
2021-06-15 16:35:27.562,17412,17413,17412,1
2021-06-15 16:35:31.818,17411,17413,17411,1
2021-06-15 16:35:43.572,17411,17413,17411,1
2021-06-15 16:36:03.174,17412,17414,17412,1
2021-06-15 16:36:28.202,17413,17414,17413,1
2021-06-15 16:36:28.399,17413,17414,17414,1
2021-06-15 16:36:28.450,17413,17414,17414,1
2021-06-15 16:36:37.332,17413,17414,17414,1
2021-06-15 16:36:38.522,17413,17414,17414,1
2021-06-15 16:36:42.069,17413,17415,17415,10
2021-06-15 16:36:47.520,17414,17415,17415,1
2021-06-15 16:37:17.947,17415,17416,17416,1
2021-06-15 16:37:18.215,17415,17416,17416,1
2021-06-15 16:37:18.326,17415,17416,17416,1
2021-06-15 16:37:22.156,17415,17416,17415,1
2021-06-15 16:37:39.771,17415,17416,17416,1
2021-06-15 16:37:41.561,17415,17416,17416,1
2021-06-15 16:37:44.011,17415,17417,17417,22
2021-06-15 16:37:44.046,17417,17418,17418,1
2021-06-15 16:37:45.248,17417,17418,17418,1
2021-06-15 16:37:45.293,17417,17418,17417,10
2021-06-15 16:37:48.626,17416,17417,17416,1
2021-06-15 16:37:50.595,17415,17416,17416,5
2021-06-15 16:37:50.597,17415,17416,17416,5
2021-06-15 16:38:44.903,17417,17418,17417,1
2021-06-15 16:38:58.134,17416,17417,17417,1
2021-06-15 16:39:04.332,17416,17417,17417,1
2021-06-15 16:39:09.739,17416,17417,17417,2
2021-06-15 16:39:12.281,17416,17417,17417,1
2021-06-15 16:39:14.943,17416,17417,17416,1
2021-06-15 16:39:14.943,17416,17417,17416,3
2021-06-15 16:39:34.157,17416,17417,17417,1
2021-06-15 16:39:36.350,17416,17417,17417,1
2021-06-15 16:39:37.968,17416,17417,17416,1
2021-06-15 16:40:02.509,17416,17417,17417,1
2021-06-15 16:40:04.116,17416,17417,17417,1
2021-06-15 16:40:04.203,17416,17418,17418,1
2021-06-15 16:40:14.605,17416,17418,17418,1
2021-06-15 16:40:16.886,17416,17418,17418,1
2021-06-15 16:40:19.427,17416,17418,17418,5
2021-06-15 16:40:33.829,17416,17417,17416,7
2021-06-15 16:40:46.709,17415,17416,17416,1
2021-06-15 16:40:46.977,17415,17416,17415,3
2021-06-15 16:40:53.346,17415,17416,17415,1
2021-06-15 16:41:07.091,17415,17416,17415,5
2021-06-15 16:41:07.092,17415,17416,17415,4
2021-06-15 16:41:07.092,17415,17416,17415,5
2021-06-15 16:41:19.246,17413,17414,17413,1
2021-06-15 16:41:19.950,17413,17414,17413,1
2021-06-15 16:41:51.372,17413,17415,17413,1
2021-06-15 16:41:55.582,17414,17415,17414,1
2021-06-15 16:42:42.215,17414,17415,17415,1
2021-06-15 16:43:02.339,17415,17416,17415,1
2021-06-15 16:43:22.929,17414,17415,17414,1
2021-06-15 16:43:33.184,17414,17415,17414,1
2021-06-15 16:43:33.436,17414,17415,17414,1
2021-06-15 16:43:39.207,17414,17415,17414,1
2021-06-15 16:43:43.223,17414,17415,17414,1
2021-06-15 16:44:51.225,17414,17416,17416,1
2021-06-15 16:44:51.428,17414,17416,17416,1
2021-06-15 16:44:55.864,17414,17416,17414,1
2021-06-15 16:45:24.281,17414,17416,17416,1
2021-06-15 16:45:38.587,17414,17416,17416,1
2021-06-15 16:45:49.554,17414,17416,17416,1
2021-06-15 16:46:07.696,17415,17416,17415,1
2021-06-15 16:46:07.696,17415,17416,17414,2
2021-06-15 16:46:12.524,17414,17416,17414,1
2021-06-15 16:46:57.314,17414,17415,17415,1
2021-06-15 16:47:02.998,17414,17415,17414,1
2021-06-15 16:47:06.124,17413,17415,17415,1
2021-06-15 16:47:21.918,17414,17415,17415,1
2021-06-15 16:47:37.532,17415,17416,17416,2
2021-06-15 16:48:18.276,17415,17416,17416,2
2021-06-15 16:48:50.942,17416,17417,17416,1
2021-06-15 16:48:59.022,17415,17416,17416,1
2021-06-15 16:49:00.641,17416,17417,17416,1
2021-06-15 16:50:26.301,17415,17416,17416,1
2021-06-15 16:50:26.744,17415,17416,17416,2
2021-06-15 16:50:26.744,17415,17416,17416,1
2021-06-15 16:50:26.757,17415,17416,17416,4
2021-06-15 16:50:51.020,17416,17417,17416,1
2021-06-15 16:51:35.504,17416,17417,17417,1
2021-06-15 16:51:35.504,17416,17417,17417,3
2021-06-15 16:51:35.631,17417,17418,17417,1
2021-06-15 16:52:11.199,17416,17418,17418,5
2021-06-15 16:52:11.687,17416,17418,17418,4
2021-06-15 16:52:46.021,17416,17417,17417,1
2021-06-15 16:52:46.373,17417,17418,17417,1
2021-06-15 16:52:46.373,17417,17418,17416,2
2021-06-15 16:53:08.173,17417,17418,17418,1
2021-06-15 16:53:14.698,17417,17418,17417,1
2021-06-15 16:53:23.770,17417,17418,17417,1
2021-06-15 16:53:34.929,17417,17418,17418,1
2021-06-15 16:53:34.929,17417,17418,17418,2
2021-06-15 16:53:42.296,17418,17419,17418,3
2021-06-15 16:53:42.297,17418,17419,17418,1
2021-06-15 16:53:46.905,17418,17419,17419,1
2021-06-15 16:53:47.316,17418,17419,17419,2
2021-06-15 16:53:50.330,17418,17419,17419,2
2021-06-15 16:53:50.331,17418,17419,17419,9
2021-06-15 16:53:59.514,17419,17420,17420,1
2021-06-15 16:53:59.753,17419,17420,17420,1
2021-06-15 16:54:06.648,17419,17420,17420,1
2021-06-15 16:54:06.836,17419,17420,17419,2
2021-06-15 16:54:06.929,17418,17419,17419,1
2021-06-15 16:54:07.092,17418,17419,17419,1
2021-06-15 16:54:08.312,17418,17420,17418,1
2021-06-15 16:54:11.603,17418,17420,17418,1
2021-06-15 16:54:21.134,17418,17419,17419,2
2021-06-15 16:54:24.003,17419,17420,17419,1
2021-06-15 16:54:26.194,17419,17420,17420,1
2021-06-15 16:54:47.920,17419,17420,17419,1
2021-06-15 16:54:48.711,17419,17420,17420,10
2021-06-15 16:54:52.746,17419,17420,17420,1
2021-06-15 16:54:52.747,17419,17420,17420,3
2021-06-15 16:54:52.747,17419,17420,17420,2
2021-06-15 16:55:02.927,17419,17420,17420,1
2021-06-15 16:55:02.927,17419,17420,17420,3
2021-06-15 16:55:02.927,17419,17420,17420,1
2021-06-15 16:55:24.898,17420,17421,17420,1
2021-06-15 16:55:24.898,17420,17421,17420,1
2021-06-15 16:55:25.769,17419,17421,17421,2
2021-06-15 16:55:25.801,17419,17421,17421,1
2021-06-15 16:55:26.775,17420,17421,17420,1
2021-06-15 16:55:33.852,17419,17420,17420,1
2021-06-15 16:55:48.700,17420,17421,17420,1
2021-06-15 16:56:01.256,17419,17420,17419,5
2021-06-15 16:56:01.256,17419,17420,17418,5
2021-06-15 16:56:01.346,17418,17419,17419,3
2021-06-15 16:56:10.459,17418,17419,17418,1
2021-06-15 16:56:15.253,17418,17419,17419,1
2021-06-15 16:56:16.917,17418,17419,17419,2
2021-06-15 16:56:16.917,17418,17419,17420,8
2021-06-15 16:56:23.124,17418,17420,17418,3
2021-06-15 16:56:23.142,17418,17420,17420,1
2021-06-15 16:56:32.241,17418,17420,17420,1
2021-06-15 16:56:37.095,17419,17420,17419,1
2021-06-15 16:56:43.442,17418,17420,17418,1
2021-06-15 16:57:10.877,17419,17420,17419,1
2021-06-15 16:58:03.174,17419,17420,17420,2
2021-06-15 16:58:03.532,17419,17421,17421,3
2021-06-15 16:58:18.479,17419,17421,17419,1
2021-06-15 16:58:33.255,17420,17421,17421,1
2021-06-15 16:58:43.168,17420,17421,17421,1
2021-06-15 16:58:50.274,17420,17421,17421,1
2021-06-15 16:58:54.578,17421,17422,17421,1
2021-06-15 16:59:46.517,17420,17421,17421,1
2021-06-15 16:59:50.961,17420,17421,17421,1
2021-06-15 17:00:08.728,17420,17421,17420,3
2021-06-15 17:00:09.073,17420,17421,17420,5
2021-06-15 17:00:09.073,17420,17421,17419,3
2021-06-15 17:00:09.328,17419,17420,17419,2
2021-06-15 17:00:09.378,17419,17420,17419,4
2021-06-15 17:00:13.032,17419,17420,17419,1
2021-06-15 17:00:17.463,17419,17420,17420,1
2021-06-15 17:00:35.428,17419,17420,17419,7
2021-06-15 17:00:42.642,17418,17419,17419,1
2021-06-15 17:00:54.646,17418,17419,17418,3
2021-06-15 17:01:04.363,17417,17418,17417,1
2021-06-15 17:01:07.289,17417,17418,17417,4
2021-06-15 17:01:07.396,17417,17418,17417,4
2021-06-15 17:01:37.498,17417,17418,17418,1
2021-06-15 17:02:22.390,17418,17419,17418,1
2021-06-15 17:02:32.881,17417,17419,17419,3
2021-06-15 17:02:46.065,17417,17418,17417,1
2021-06-15 17:03:16.252,17417,17418,17418,1
2021-06-15 17:03:21.599,17418,17419,17418,1
2021-06-15 17:03:33.051,17418,17419,17419,1
2021-06-15 17:03:56.760,17418,17419,17419,2
2021-06-15 17:03:56.860,17418,17419,17419,1
2021-06-15 17:03:56.860,17418,17419,17420,2
2021-06-15 17:03:56.925,17418,17420,17420,1
2021-06-15 17:04:03.302,17418,17419,17419,1
2021-06-15 17:04:14.301,17418,17420,17420,1
2021-06-15 17:04:30.628,17418,17420,17420,1
2021-06-15 17:04:40.242,17418,17419,17418,7
2021-06-15 17:04:58.016,17417,17418,17417,1
2021-06-15 17:05:23.225,17417,17418,17417,1
2021-06-15 17:05:28.156,17417,17418,17417,1
2021-06-15 17:05:28.620,17417,17418,17417,1
2021-06-15 17:05:55.419,17417,17419,17419,1
2021-06-15 17:06:01.645,17417,17419,17417,2
2021-06-15 17:07:00.677,17418,17419,17418,1
2021-06-15 17:07:55.386,17418,17419,17419,2
2021-06-15 17:07:57.475,17418,17419,17418,1
2021-06-15 17:07:57.475,17418,17419,17418,3
2021-06-15 17:08:00.542,17417,17418,17418,2
2021-06-15 17:08:11.215,17417,17419,17419,2
2021-06-15 17:08:13.999,17417,17419,17419,2
2021-06-15 17:08:15.830,17417,17419,17419,2
2021-06-15 17:08:16.945,17417,17419,17417,1
2021-06-15 17:08:17.766,17417,17419,17419,2
2021-06-15 17:08:23.115,17417,17419,17419,1
2021-06-15 17:08:45.287,17417,17418,17417,1
2021-06-15 17:08:45.439,17417,17418,17417,1
2021-06-15 17:08:45.520,17417,17418,17417,1
2021-06-15 17:08:58.340,17416,17417,17416,1
2021-06-15 17:09:05.323,17416,17417,17417,3
2021-06-15 17:09:07.124,17417,17418,17417,1
2021-06-15 17:09:25.752,17417,17419,17417,1
2021-06-15 17:09:26.476,17417,17418,17417,1
2021-06-15 17:09:27.354,17417,17418,17417,1
2021-06-15 17:09:35.520,17417,17418,17418,2
2021-06-15 17:10:34.596,17418,17419,17418,1
2021-06-15 17:10:52.033,17418,17419,17418,1
2021-06-15 17:10:54.206,17418,17419,17418,1
2021-06-15 17:11:02.503,17417,17418,17417,1
2021-06-15 17:11:21.029,17417,17418,17417,1
2021-06-15 17:11:27.796,17416,17417,17417,1
2021-06-15 17:11:33.719,17416,17417,17417,1
2021-06-15 17:11:44.064,17416,17417,17417,1
2021-06-15 17:12:37.177,17417,17418,17418,1
2021-06-15 17:12:46.197,17417,17418,17418,1
2021-06-15 17:12:46.197,17417,17418,17419,1
2021-06-15 17:13:47.222,17417,17419,17418,1
2021-06-15 17:13:57.221,17417,17419,17417,1
2021-06-15 17:14:18.013,17416,17417,17417,3
2021-06-15 17:14:30.531,17416,17417,17416,5
2021-06-15 17:14:33.981,17415,17416,17416,1
2021-06-15 17:14:44.538,17415,17416,17416,1
2021-06-15 17:14:44.742,17415,17416,17415,1
2021-06-15 17:15:09.114,17415,17416,17415,1
2021-06-15 17:15:40.481,17415,17416,17415,1
2021-06-15 17:15:40.481,17415,17416,17415,1
2021-06-15 17:15:40.481,17415,17416,17415,4
2021-06-15 17:15:40.481,17415,17416,17415,2
2021-06-15 17:15:40.481,17415,17416,17415,1
2021-06-15 17:15:40.481,17415,17416,17415,6
2021-06-15 17:15:45.207,17414,17415,17414,1
2021-06-15 17:15:45.207,17414,17415,17414,1
2021-06-15 17:15:52.366,17414,17415,17414,1
2021-06-15 17:16:06.506,17414,17415,17414,1
2021-06-15 17:16:08.013,17414,17415,17414,1
2021-06-15 17:16:11.949,17414,17415,17414,1
2021-06-15 17:16:11.965,17414,17415,17414,2
2021-06-15 17:16:17.947,17413,17414,17413,1
2021-06-15 17:16:28.249,17413,17414,17413,1
2021-06-15 17:16:37.756,17413,17414,17413,1
2021-06-15 17:16:47.266,17413,17414,17413,1
2021-06-15 17:16:56.780,17413,17414,17413,1
