2022-01-03 15:00:00.022,18276,18281,18281,59,59
2022-01-03 15:00:00.493,18276,18281,18281,1,1
2022-01-03 15:00:00.540,18276,18281,18279,1,1
2022-01-03 15:00:00.540,18276,18281,18277,1,-1
2022-01-03 15:00:00.540,18276,18281,18276,2,-2
2022-01-03 15:00:00.540,18276,18281,18275,2,-2
2022-01-03 15:00:00.540,18276,18281,18274,2,-2
2022-01-03 15:00:00.567,18276,18281,18275,1,-1
2022-01-03 15:00:00.590,18276,18281,18280,1,1
2022-01-03 15:00:00.624,18275,18281,18281,2,2
2022-01-03 15:00:00.773,18275,18280,18280,1,1
2022-01-03 15:00:00.773,18275,18280,18281,8,8
2022-01-03 15:00:00.830,18275,18280,18280,1,1
2022-01-03 15:00:00.854,18275,18280,18281,1,1
2022-01-03 15:00:01.043,18275,18280,18280,1,1
2022-01-03 15:00:01.170,18277,18279,18279,1,1
2022-01-03 15:00:01.177,18277,18279,18278,1,1
2022-01-03 15:00:01.348,18277,18280,18278,1,-1
2022-01-03 15:00:01.352,18277,18280,18277,1,-1
2022-01-03 15:00:01.387,18277,18279,18279,2,2
2022-01-03 15:00:01.496,18277,18280,18280,1,1
2022-01-03 15:00:02.457,18277,18280,18277,1,-1
2022-01-03 15:00:02.746,18277,18278,18278,1,1
2022-01-03 15:00:02.810,18277,18278,18280,1,1
2022-01-03 15:00:02.825,18277,18278,18280,1,1
2022-01-03 15:00:02.894,18277,18280,18280,1,1
2022-01-03 15:00:02.982,18277,18280,18280,1,1
2022-01-03 15:00:03.836,18278,18280,18278,1,-1
2022-01-03 15:00:04.207,18279,18280,18279,1,-1
2022-01-03 15:00:04.372,18278,18280,18280,4,4
2022-01-03 15:00:05.245,18278,18279,18278,2,-2
2022-01-03 15:00:05.297,18278,18279,18277,5,-5
2022-01-03 15:00:06.636,18276,18278,18276,1,-1
2022-01-03 15:00:07.072,18275,18278,18275,2,-2
2022-01-03 15:00:07.159,18275,18278,18278,1,1
2022-01-03 15:00:08.958,18277,18279,18278,1,1
2022-01-03 15:00:10.748,18277,18279,18277,2,-2
2022-01-03 15:00:14.816,18277,18278,18278,1,1
2022-01-03 15:00:15.459,18277,18278,18277,1,-1
2022-01-03 15:00:15.459,18277,18278,18276,4,-4
2022-01-03 15:00:17.908,18276,18277,18276,2,-2
2022-01-03 15:00:19.907,18275,18276,18276,1,1
2022-01-03 15:00:20.774,18275,18276,18275,1,-1
2022-01-03 15:00:22.160,18274,18275,18274,1,-1
2022-01-03 15:00:24.107,18274,18275,18274,5,-5
2022-01-03 15:00:24.327,18273,18274,18274,1,1
2022-01-03 15:00:24.327,18273,18274,18275,2,2
2022-01-03 15:00:30.468,18273,18274,18273,5,-5
2022-01-03 15:00:30.469,18273,18274,18273,1,-1
2022-01-03 15:00:30.568,18273,18274,18273,1,-1
2022-01-03 15:00:30.918,18273,18274,18274,1,1
2022-01-03 15:00:33.163,18273,18274,18273,1,-1
2022-01-03 15:00:33.164,18273,18274,18273,1,-1
2022-01-03 15:00:33.164,18273,18274,18273,1,-1
2022-01-03 15:00:33.859,18272,18273,18272,1,-1
2022-01-03 15:00:34.911,18272,18273,18273,2,2
2022-01-03 15:00:42.052,18272,18273,18272,5,-5
2022-01-03 15:00:42.593,18272,18273,18272,1,-1
2022-01-03 15:00:42.720,18271,18273,18272,1,1
2022-01-03 15:00:42.720,18271,18273,18271,1,-1
2022-01-03 15:00:47.597,18271,18273,18273,1,1
2022-01-03 15:00:47.598,18271,18273,18273,5,5
2022-01-03 15:00:51.909,18273,18274,18274,1,1
2022-01-03 15:00:51.910,18273,18274,18274,1,1
2022-01-03 15:00:51.910,18273,18274,18274,1,1
2022-01-03 15:00:51.910,18273,18274,18274,1,1
2022-01-03 15:00:51.910,18273,18274,18274,1,1
2022-01-03 15:00:51.910,18273,18274,18274,1,1
2022-01-03 15:00:53.273,18274,18275,18274,1,-1
2022-01-03 15:00:56.652,18273,18275,18275,1,1
2022-01-03 15:00:56.785,18273,18275,18275,2,2
2022-01-03 15:01:00.309,18273,18275,18275,1,1
2022-01-03 15:01:00.701,18273,18275,18273,1,-1
2022-01-03 15:01:00.793,18273,18275,18273,2,-2
2022-01-03 15:01:00.793,18273,18275,18272,4,-4
2022-01-03 15:01:03.124,18273,18274,18274,1,1
2022-01-03 15:01:05.991,18274,18275,18275,2,2
2022-01-03 15:01:05.991,18274,18275,18276,4,4
2022-01-03 15:01:06.279,18275,18276,18276,1,1
2022-01-03 15:01:06.279,18275,18276,18277,3,3
2022-01-03 15:01:06.279,18275,18276,18277,2,2
2022-01-03 15:01:10.491,18275,18277,18275,1,-1
2022-01-03 15:01:13.598,18276,18277,18276,1,-1
2022-01-03 15:01:18.199,18275,18276,18276,1,1
2022-01-03 15:01:23.910,18276,18277,18276,10,-10
2022-01-03 15:01:30.786,18275,18276,18275,1,-1
2022-01-03 15:01:31.438,18275,18276,18276,1,1
2022-01-03 15:01:37.689,18275,18276,18275,2,-2
2022-01-03 15:01:42.202,18275,18276,18276,2,2
2022-01-03 15:01:42.311,18275,18276,18276,1,1
2022-01-03 15:02:01.064,18275,18276,18276,1,1
2022-01-03 15:02:03.935,18275,18276,18276,2,2
2022-01-03 15:02:03.936,18275,18276,18276,1,1
2022-01-03 15:02:03.990,18276,18277,18277,1,1
2022-01-03 15:02:07.401,18276,18277,18276,1,-1
2022-01-03 15:02:10.460,18276,18277,18276,1,-1
2022-01-03 15:02:10.491,18275,18276,18276,1,1
2022-01-03 15:02:14.727,18276,18277,18276,4,-4
2022-01-03 15:02:14.727,18276,18277,18275,2,-2
2022-01-03 15:02:22.964,18275,18276,18275,1,-1
2022-01-03 15:02:22.964,18275,18276,18275,1,-1
2022-01-03 15:02:22.964,18275,18276,18275,1,-1
2022-01-03 15:02:22.965,18275,18276,18275,1,-1
2022-01-03 15:02:22.965,18275,18276,18275,1,-1
2022-01-03 15:02:22.965,18275,18276,18275,1,-1
2022-01-03 15:02:23.367,18274,18275,18275,1,1
2022-01-03 15:02:26.278,18274,18275,18275,3,3
2022-01-03 15:02:26.278,18274,18275,18276,4,4
2022-01-03 15:02:28.602,18275,18276,18275,1,-1
2022-01-03 15:02:28.616,18275,18276,18276,1,1
2022-01-03 15:02:32.002,18275,18276,18275,1,-1
2022-01-03 15:02:43.704,18274,18275,18274,1,-1
2022-01-03 15:02:44.535,18274,18275,18275,3,3
2022-01-03 15:02:44.535,18274,18275,18275,1,1
2022-01-03 15:02:44.535,18274,18275,18274,5,-5
2022-01-03 15:02:46.100,18274,18275,18275,1,1
2022-01-03 15:02:46.101,18274,18275,18276,4,4
2022-01-03 15:02:56.696,18274,18275,18274,1,-1
2022-01-03 15:03:00.076,18274,18275,18275,1,1
2022-01-03 15:03:00.077,18274,18275,18275,1,1
2022-01-03 15:03:00.097,18274,18275,18276,1,1
2022-01-03 15:03:00.105,18274,18275,18276,1,1
2022-01-03 15:03:00.122,18275,18276,18276,1,1
2022-01-03 15:03:00.129,18275,18276,18276,1,1
2022-01-03 15:03:00.765,18275,18276,18275,1,-1
2022-01-03 15:03:11.067,18275,18276,18276,3,3
2022-01-03 15:03:11.115,18275,18277,18277,1,1
2022-01-03 15:03:13.394,18275,18277,18275,1,-1
2022-01-03 15:03:22.340,18275,18276,18275,1,-1
2022-01-03 15:03:26.025,18275,18276,18275,1,-1
2022-01-03 15:03:26.115,18275,18276,18276,1,1
2022-01-03 15:03:26.115,18275,18276,18277,1,1
2022-01-03 15:03:26.115,18275,18276,18277,1,1
2022-01-03 15:03:26.115,18275,18276,18277,1,1
2022-01-03 15:03:36.394,18275,18276,18275,2,-2
2022-01-03 15:03:36.490,18275,18276,18276,1,1
2022-01-03 15:03:36.490,18275,18276,18276,1,1
2022-01-03 15:03:47.265,18275,18276,18275,1,-1
2022-01-03 15:03:47.265,18275,18276,18275,1,-1
2022-01-03 15:03:47.268,18275,18276,18274,6,-6
2022-01-03 15:03:47.365,18273,18275,18275,1,1
2022-01-03 15:03:47.848,18273,18274,18273,2,-2
2022-01-03 15:03:49.352,18272,18274,18272,5,-5
2022-01-03 15:03:49.352,18272,18274,18271,13,-13
2022-01-03 15:03:52.150,18270,18272,18272,1,1
2022-01-03 15:03:54.391,18270,18272,18272,5,5
2022-01-03 15:03:54.391,18270,18272,18272,1,1
2022-01-03 15:03:54.392,18270,18272,18272,1,1
2022-01-03 15:03:54.392,18270,18272,18272,3,3
2022-01-03 15:03:58.188,18272,18274,18272,1,-1
2022-01-03 15:03:59.187,18272,18274,18272,2,-2
2022-01-03 15:04:00.187,18272,18274,18272,2,-2
2022-01-03 15:04:12.412,18272,18274,18272,1,-1
2022-01-03 15:04:13.289,18272,18274,18272,1,-1
2022-01-03 15:04:13.641,18272,18274,18272,3,-3
2022-01-03 15:04:17.415,18272,18274,18272,1,-1
2022-01-03 15:04:40.523,18272,18273,18272,1,-1
2022-01-03 15:04:40.615,18271,18273,18271,1,-1
2022-01-03 15:04:50.627,18271,18273,18271,2,-2
2022-01-03 15:04:50.740,18271,18273,18271,1,-1
2022-01-03 15:04:50.742,18271,18273,18273,1,1
2022-01-03 15:04:50.884,18271,18273,18271,2,-2
2022-01-03 15:04:53.637,18271,18272,18271,2,-2
2022-01-03 15:04:53.740,18271,18272,18271,1,-1
2022-01-03 15:05:04.456,18270,18271,18270,1,-1
2022-01-03 15:05:04.807,18270,18271,18271,1,1
2022-01-03 15:05:04.873,18270,18271,18271,2,2
2022-01-03 15:05:04.873,18270,18271,18272,3,3
2022-01-03 15:05:04.928,18270,18271,18272,1,1
2022-01-03 15:05:05.527,18270,18272,18272,1,1
2022-01-03 15:05:05.530,18270,18272,18272,1,1
2022-01-03 15:05:09.564,18270,18272,18272,1,1
2022-01-03 15:05:12.526,18271,18273,18273,5,5
2022-01-03 15:05:12.526,18271,18273,18273,5,5
2022-01-03 15:05:14.147,18272,18273,18272,1,-1
2022-01-03 15:05:14.147,18272,18273,18272,1,-1
2022-01-03 15:05:19.873,18271,18273,18272,1,1
2022-01-03 15:05:21.311,18271,18272,18271,2,-2
2022-01-03 15:05:27.616,18271,18272,18271,1,-1
2022-01-03 15:05:27.773,18270,18272,18270,1,-1
2022-01-03 15:05:33.608,18270,18271,18270,1,-1
2022-01-03 15:05:37.637,18270,18271,18270,1,-1
2022-01-03 15:05:38.119,18270,18271,18271,1,1
2022-01-03 15:05:38.119,18270,18271,18272,5,5
2022-01-03 15:05:40.117,18270,18272,18270,1,-1
2022-01-03 15:05:40.151,18270,18272,18270,3,-3
2022-01-03 15:05:41.237,18271,18272,18271,3,-3
2022-01-03 15:05:41.261,18271,18272,18271,1,-1
2022-01-03 15:05:44.504,18271,18272,18271,2,-2
2022-01-03 15:05:45.770,18271,18272,18271,1,-1
2022-01-03 15:05:46.342,18271,18272,18271,2,-2
2022-01-03 15:05:57.945,18270,18271,18270,1,-1
2022-01-03 15:06:03.435,18270,18271,18270,2,-2
2022-01-03 15:06:05.807,18270,18271,18270,3,-3
2022-01-03 15:06:13.113,18270,18271,18271,1,1
2022-01-03 15:06:15.997,18271,18272,18271,1,-1
2022-01-03 15:06:16.214,18270,18271,18271,1,1
2022-01-03 15:06:22.612,18270,18271,18270,1,-1
2022-01-03 15:06:28.741,18270,18271,18271,1,1
2022-01-03 15:06:41.203,18270,18271,18270,1,-1
2022-01-03 15:06:41.240,18270,18271,18270,1,-1
2022-01-03 15:06:51.421,18270,18271,18270,4,-4
2022-01-03 15:06:53.173,18270,18271,18270,2,-2
2022-01-03 15:07:02.935,18270,18271,18271,1,1
2022-01-03 15:07:02.935,18270,18271,18271,1,1
2022-01-03 15:07:06.943,18270,18271,18270,2,-2
2022-01-03 15:07:07.992,18270,18271,18270,1,-1
2022-01-03 15:07:09.588,18270,18271,18271,1,1
2022-01-03 15:07:14.518,18270,18271,18271,1,1
2022-01-03 15:07:14.519,18270,18271,18271,1,1
2022-01-03 15:07:19.466,18271,18272,18271,1,-1
2022-01-03 15:07:21.743,18270,18272,18272,5,5
2022-01-03 15:07:35.170,18271,18272,18272,1,1
2022-01-03 15:07:36.715,18271,18272,18272,1,1
2022-01-03 15:07:41.556,18271,18272,18272,2,2
2022-01-03 15:07:47.023,18271,18272,18272,1,1
2022-01-03 15:07:48.982,18271,18272,18272,1,1
2022-01-03 15:08:04.334,18271,18272,18271,2,-2
2022-01-03 15:08:04.335,18271,18272,18271,4,-4
2022-01-03 15:08:04.337,18271,18272,18270,2,-2
2022-01-03 15:08:04.342,18271,18272,18270,8,-8
2022-01-03 15:08:04.343,18271,18272,18269,7,-7
2022-01-03 15:08:04.509,18268,18269,18269,1,1
2022-01-03 15:08:08.190,18268,18270,18270,1,1
2022-01-03 15:08:08.190,18268,18270,18271,1,1
2022-01-03 15:08:45.578,18269,18270,18269,3,-3
2022-01-03 15:08:49.842,18268,18269,18269,1,1
2022-01-03 15:09:02.979,18268,18269,18269,2,2
2022-01-03 15:09:09.292,18268,18270,18268,11,-11
2022-01-03 15:09:09.604,18267,18268,18267,1,-1
2022-01-03 15:09:19.344,18267,18268,18267,1,-1
2022-01-03 15:09:20.135,18267,18268,18267,2,-2
2022-01-03 15:09:20.135,18267,18268,18267,3,-3
2022-01-03 15:09:20.135,18267,18268,18267,1,-1
2022-01-03 15:09:20.135,18267,18268,18267,1,-1
2022-01-03 15:09:20.136,18267,18268,18267,3,-3
2022-01-03 15:09:25.967,18266,18268,18266,1,-1
2022-01-03 15:09:26.698,18266,18267,18266,1,-1
2022-01-03 15:09:27.833,18266,18267,18266,7,-7
2022-01-03 15:09:28.754,18265,18267,18267,10,10
2022-01-03 15:09:29.299,18265,18267,18265,4,-4
2022-01-03 15:09:31.203,18265,18267,18265,1,-1
2022-01-03 15:09:32.879,18265,18267,18265,3,-3
2022-01-03 15:09:43.258,18265,18266,18265,1,-1
2022-01-03 15:09:45.979,18265,18266,18266,1,1
2022-01-03 15:09:46.147,18265,18267,18265,1,-1
2022-01-03 15:09:49.066,18265,18267,18265,1,-1
2022-01-03 15:09:54.584,18265,18267,18266,1,1
2022-01-03 15:10:12.547,18266,18267,18267,1,1
2022-01-03 15:10:12.771,18266,18267,18267,1,1
2022-01-03 15:10:12.833,18266,18267,18267,1,1
2022-01-03 15:10:12.866,18266,18267,18267,1,1
2022-01-03 15:10:12.974,18266,18267,18267,1,1
2022-01-03 15:10:12.974,18266,18267,18268,1,1
2022-01-03 15:10:27.587,18266,18267,18266,1,-1
2022-01-03 15:10:27.588,18266,18267,18266,2,-2
2022-01-03 15:10:27.670,18265,18266,18265,1,-1
2022-01-03 15:10:45.884,18265,18267,18265,1,-1
2022-01-03 15:10:50.506,18265,18266,18265,1,-1
2022-01-03 15:10:57.153,18265,18266,18265,2,-2
2022-01-03 15:11:00.644,18265,18266,18266,1,1
2022-01-03 15:11:00.644,18265,18266,18266,1,1
2022-01-03 15:11:01.574,18265,18267,18266,1,1
2022-01-03 15:11:03.996,18265,18266,18266,1,1
2022-01-03 15:11:12.042,18266,18267,18267,7,7
2022-01-03 15:11:12.418,18266,18267,18267,3,3
2022-01-03 15:11:13.749,18266,18268,18266,1,-1
2022-01-03 15:11:14.659,18266,18268,18268,1,1
2022-01-03 15:11:17.676,18267,18268,18267,1,-1
2022-01-03 15:11:18.094,18266,18267,18266,1,-1
2022-01-03 15:11:38.043,18265,18266,18266,1,1
2022-01-03 15:11:41.631,18265,18266,18266,1,1
2022-01-03 15:11:41.631,18265,18266,18266,1,1
2022-01-03 15:11:49.231,18266,18267,18266,2,-2
2022-01-03 15:11:51.937,18266,18267,18266,1,-1
2022-01-03 15:11:51.937,18266,18267,18265,2,-2
2022-01-03 15:11:54.911,18266,18267,18266,1,-1
2022-01-03 15:11:55.527,18265,18267,18266,1,1
2022-01-03 15:11:58.379,18265,18267,18265,1,-1
2022-01-03 15:12:11.526,18265,18266,18266,1,1
2022-01-03 15:12:30.422,18266,18267,18267,1,1
2022-01-03 15:12:32.776,18266,18268,18268,1,1
2022-01-03 15:12:37.434,18267,18268,18267,2,-2
2022-01-03 15:12:52.833,18266,18267,18267,1,1
2022-01-03 15:12:58.496,18266,18267,18267,1,1
2022-01-03 15:13:03.909,18266,18267,18267,1,1
2022-01-03 15:13:27.546,18266,18267,18267,10,10
2022-01-03 15:13:35.568,18267,18268,18267,1,-1
2022-01-03 15:13:58.400,18267,18268,18268,1,1
2022-01-03 15:13:59.966,18267,18268,18267,1,-1
2022-01-03 15:14:06.331,18267,18268,18267,2,-2
2022-01-03 15:14:12.820,18266,18267,18267,1,1
2022-01-03 15:14:20.342,18266,18268,18266,1,-1
2022-01-03 15:14:27.781,18266,18267,18266,2,-2
2022-01-03 15:14:37.595,18266,18267,18266,2,-2
2022-01-03 15:14:37.595,18266,18267,18266,9,-9
2022-01-03 15:14:47.090,18265,18266,18265,14,-14
2022-01-03 15:14:52.626,18264,18265,18265,1,1
2022-01-03 15:14:59.431,18265,18266,18265,1,-1
2022-01-03 15:15:05.155,18264,18265,18265,1,1
2022-01-03 15:15:09.941,18264,18265,18264,2,-2
2022-01-03 15:15:26.086,18263,18264,18263,2,-2
2022-01-03 15:15:26.086,18263,18264,18262,1,-1
2022-01-03 15:15:28.092,18262,18264,18262,1,-1
2022-01-03 15:15:28.570,18262,18264,18264,2,2
2022-01-03 15:15:32.746,18263,18264,18263,1,-1
2022-01-03 15:15:39.970,18263,18264,18263,1,-1
2022-01-03 15:15:41.324,18263,18264,18264,1,1
2022-01-03 15:15:45.928,18263,18264,18264,1,1
2022-01-03 15:15:49.159,18263,18264,18264,1,1
2022-01-03 15:16:06.852,18263,18264,18263,2,-2
2022-01-03 15:16:16.554,18262,18264,18262,1,-1
2022-01-03 15:16:22.321,18262,18263,18263,1,1
2022-01-03 15:16:32.752,18262,18263,18263,1,1
2022-01-03 15:16:32.753,18262,18263,18263,2,2
2022-01-03 15:16:40.764,18262,18263,18262,1,-1
2022-01-03 15:16:42.290,18262,18263,18263,1,1
2022-01-03 15:16:43.054,18262,18264,18263,1,1
2022-01-03 15:16:45.048,18263,18264,18263,1,-1
2022-01-03 15:16:45.424,18262,18263,18263,1,1
2022-01-03 15:16:52.694,18262,18263,18262,2,-2
2022-01-03 15:16:52.874,18262,18263,18262,4,-4
2022-01-03 15:16:52.880,18262,18263,18262,3,-3
2022-01-03 15:16:52.880,18262,18263,18263,6,6
2022-01-03 15:16:56.017,18262,18263,18262,1,-1
2022-01-03 15:17:11.870,18262,18263,18262,1,-1
2022-01-03 15:17:15.212,18262,18263,18262,1,-1
2022-01-03 15:17:24.445,18262,18263,18262,1,-1
2022-01-03 15:17:35.544,18262,18263,18262,3,-3
2022-01-03 15:17:35.545,18262,18263,18262,2,-2
2022-01-03 15:17:54.656,18262,18263,18263,1,1
2022-01-03 15:17:54.656,18262,18263,18263,1,1
2022-01-03 15:17:54.656,18262,18263,18263,2,2
2022-01-03 15:17:54.656,18262,18263,18263,1,1
2022-01-03 15:17:54.657,18262,18263,18263,1,1
2022-01-03 15:17:54.657,18262,18263,18263,1,1
2022-01-03 15:17:54.657,18262,18263,18263,2,2
2022-01-03 15:18:34.657,18262,18263,18262,5,-5
2022-01-03 15:18:35.191,18261,18263,18261,2,-2
2022-01-03 15:18:35.266,18261,18263,18261,1,-1
2022-01-03 15:18:35.270,18261,18263,18261,1,-1
2022-01-03 15:18:35.344,18261,18263,18261,2,-2
2022-01-03 15:18:35.508,18261,18262,18261,2,-2
2022-01-03 15:18:40.936,18261,18262,18261,1,-1
2022-01-03 15:18:41.607,18261,18262,18261,1,-1
2022-01-03 15:18:54.076,18261,18262,18262,1,1
2022-01-03 15:19:03.835,18261,18262,18261,1,-1
2022-01-03 15:19:05.586,18261,18262,18261,2,-2
2022-01-03 15:19:06.587,18260,18262,18260,1,-1
2022-01-03 15:19:06.837,18260,18262,18262,1,1
2022-01-03 15:19:12.958,18260,18261,18260,21,-21
2022-01-03 15:19:12.960,18260,18261,18259,2,-2
2022-01-03 15:19:12.961,18260,18261,18259,1,-1
2022-01-03 15:19:13.279,18259,18260,18260,1,1
2022-01-03 15:19:13.380,18259,18260,18260,3,3
2022-01-03 15:19:13.380,18259,18260,18261,5,5
2022-01-03 15:19:19.878,18261,18262,18261,1,-1
2022-01-03 15:19:21.729,18260,18262,18261,1,1
2022-01-03 15:19:29.311,18261,18262,18261,2,-2
2022-01-03 15:19:29.311,18261,18262,18262,2,2
2022-01-03 15:19:37.220,18262,18263,18262,1,-1
2022-01-03 15:19:48.698,18262,18263,18262,1,-1
2022-01-03 15:19:48.699,18262,18263,18263,4,4
2022-01-03 15:20:03.553,18262,18263,18262,1,-1
2022-01-03 15:20:21.030,18262,18263,18262,4,-4
2022-01-03 15:20:22.045,18262,18263,18262,3,-3
2022-01-03 15:20:22.684,18261,18262,18261,3,-3
2022-01-03 15:20:43.557,18261,18262,18261,1,-1
2022-01-03 15:20:50.686,18261,18262,18262,1,1
2022-01-03 15:21:03.646,18261,18262,18261,2,-2
2022-01-03 15:21:04.332,18261,18262,18262,1,1
2022-01-03 15:21:05.760,18261,18262,18262,1,1
2022-01-03 15:21:07.754,18261,18262,18261,1,-1
2022-01-03 15:21:36.027,18261,18263,18261,1,-1
2022-01-03 15:21:52.784,18261,18262,18262,1,1
2022-01-03 15:21:59.537,18262,18263,18262,1,-1
2022-01-03 15:22:12.628,18262,18263,18262,1,-1
2022-01-03 15:22:19.734,18262,18263,18262,1,-1
2022-01-03 15:22:21.244,18261,18262,18262,1,1
2022-01-03 15:22:39.246,18262,18263,18262,1,-1
2022-01-03 15:22:44.204,18262,18263,18262,2,-2
2022-01-03 15:22:58.868,18262,18263,18262,1,-1
2022-01-03 15:22:59.889,18262,18263,18263,25,25
2022-01-03 15:22:59.890,18262,18263,18263,1,1
2022-01-03 15:23:01.744,18263,18264,18263,1,-1
2022-01-03 15:23:04.360,18263,18264,18264,8,8
2022-01-03 15:23:06.909,18263,18264,18264,1,1
2022-01-03 15:23:40.834,18264,18265,18265,5,5
2022-01-03 15:23:40.835,18264,18265,18265,1,1
2022-01-03 15:23:40.835,18264,18265,18265,1,1
2022-01-03 15:23:40.835,18264,18265,18265,1,1
2022-01-03 15:23:40.835,18264,18265,18265,5,5
2022-01-03 15:23:41.763,18265,18266,18266,1,1
2022-01-03 15:23:46.399,18265,18266,18265,1,-1
2022-01-03 15:23:50.963,18264,18266,18265,1,1
2022-01-03 15:23:57.181,18265,18266,18265,4,-4
2022-01-03 15:24:02.582,18264,18265,18264,14,-14
2022-01-03 15:24:02.784,18263,18264,18264,1,1
2022-01-03 15:24:24.395,18263,18264,18263,2,-2
2022-01-03 15:24:24.396,18263,18264,18263,5,-5
2022-01-03 15:24:24.397,18263,18264,18263,5,-5
2022-01-03 15:24:26.891,18262,18263,18263,1,1
2022-01-03 15:24:46.239,18262,18263,18262,1,-1
2022-01-03 15:24:58.107,18262,18263,18263,1,1
2022-01-03 15:24:58.107,18262,18263,18263,1,1
2022-01-03 15:25:00.971,18262,18264,18262,4,-4
2022-01-03 15:25:00.971,18262,18264,18262,2,-2
2022-01-03 15:25:00.971,18262,18264,18262,2,-2
2022-01-03 15:25:00.971,18262,18264,18262,3,-3
2022-01-03 15:25:00.971,18262,18264,18262,2,-2
2022-01-03 15:25:01.274,18261,18262,18261,1,-1
2022-01-03 15:25:01.274,18261,18262,18261,1,-1
2022-01-03 15:25:01.550,18261,18262,18261,8,-8
2022-01-03 15:25:02.822,18260,18262,18260,1,-1
2022-01-03 15:25:03.109,18260,18262,18260,1,-1
2022-01-03 15:25:07.754,18260,18262,18260,1,-1
2022-01-03 15:25:07.754,18260,18262,18260,6,-6
2022-01-03 15:25:13.079,18259,18261,18259,6,-6
2022-01-03 15:25:13.079,18259,18261,18258,17,-17
2022-01-03 15:25:13.081,18259,18261,18258,1,-1
2022-01-03 15:25:14.960,18257,18259,18257,1,-1
2022-01-03 15:25:16.614,18257,18259,18257,2,-2
2022-01-03 15:25:17.314,18257,18259,18257,1,-1
2022-01-03 15:25:17.605,18257,18259,18257,1,-1
2022-01-03 15:25:17.969,18257,18259,18257,1,-1
2022-01-03 15:25:18.347,18257,18259,18257,1,-1
2022-01-03 15:25:18.688,18257,18259,18257,1,-1
2022-01-03 15:25:20.309,18258,18259,18259,1,1
2022-01-03 15:25:33.395,18259,18260,18259,1,-1
2022-01-03 15:25:35.785,18259,18260,18259,1,-1
2022-01-03 15:25:39.459,18259,18260,18259,1,-1
2022-01-03 15:25:49.868,18259,18260,18259,3,-3
2022-01-03 15:25:58.456,18258,18260,18258,1,-1
2022-01-03 15:26:02.438,18258,18259,18259,2,2
2022-01-03 15:26:02.486,18258,18259,18258,1,-1
2022-01-03 15:26:13.465,18258,18259,18259,4,4
2022-01-03 15:26:20.521,18259,18260,18260,1,1
2022-01-03 15:26:24.751,18259,18260,18260,5,5
2022-01-03 15:26:24.756,18259,18260,18261,3,3
2022-01-03 15:26:24.756,18259,18260,18262,2,2
2022-01-03 15:26:24.756,18259,18260,18261,1,1
2022-01-03 15:26:44.469,18261,18262,18262,1,1
2022-01-03 15:26:44.556,18262,18264,18263,1,1
2022-01-03 15:26:45.464,18261,18263,18261,1,-1
2022-01-03 15:26:51.986,18261,18262,18262,1,1
2022-01-03 15:26:54.586,18261,18263,18261,1,-1
2022-01-03 15:27:07.377,18262,18263,18262,1,-1
2022-01-03 15:27:11.655,18262,18264,18264,1,1
2022-01-03 15:27:12.882,18263,18264,18264,2,2
2022-01-03 15:27:16.766,18263,18265,18265,3,3
2022-01-03 15:27:46.166,18262,18263,18263,1,1
2022-01-03 15:27:59.825,18262,18263,18263,1,1
2022-01-03 15:28:06.888,18262,18263,18262,1,-1
2022-01-03 15:28:07.245,18262,18263,18262,2,-2
2022-01-03 15:28:24.294,18262,18263,18263,2,2
2022-01-03 15:28:28.476,18263,18264,18263,1,-1
2022-01-03 15:28:41.260,18263,18264,18264,1,1
2022-01-03 15:28:43.909,18263,18264,18264,3,3
2022-01-03 15:28:44.524,18263,18265,18265,1,1
2022-01-03 15:29:02.281,18264,18265,18264,2,-2
2022-01-03 15:29:09.797,18263,18264,18264,1,1
2022-01-03 15:29:23.159,18263,18264,18264,2,2
2022-01-03 15:29:30.742,18263,18264,18263,1,-1
2022-01-03 15:29:39.022,18263,18264,18264,1,1
2022-01-03 15:29:50.256,18263,18264,18264,2,2
2022-01-03 15:30:07.560,18264,18265,18264,1,-1
2022-01-03 15:30:07.852,18263,18264,18263,2,-2
2022-01-03 15:30:07.897,18263,18264,18263,2,-2
2022-01-03 15:30:07.911,18263,18264,18263,1,-1
2022-01-03 15:30:07.911,18263,18264,18262,1,-1
2022-01-03 15:30:08.146,18262,18264,18262,5,-5
2022-01-03 15:32:08.269,18264,18265,18265,2,2
2022-01-03 15:32:08.269,18264,18265,18265,11,11
2022-01-03 15:32:49.816,18265,18266,18266,6,6
2022-01-03 15:33:02.040,18266,18267,18267,1,1
2022-01-03 15:33:09.057,18266,18267,18267,1,1
2022-01-03 15:33:13.350,18266,18267,18267,2,2
2022-01-03 15:33:17.141,18267,18268,18267,2,-2
2022-01-03 15:33:17.824,18266,18267,18267,1,1
2022-01-03 15:33:26.040,18266,18267,18266,1,-1
2022-01-03 15:33:35.005,18266,18268,18266,1,-1
2022-01-03 15:33:48.871,18266,18267,18267,1,1
2022-01-03 15:33:53.144,18266,18268,18266,3,-3
2022-01-03 15:34:18.165,18267,18268,18268,1,1
2022-01-03 15:34:19.641,18267,18268,18267,1,-1
2022-01-03 15:34:25.739,18266,18267,18267,1,1
2022-01-03 15:34:28.569,18266,18268,18266,1,-1
2022-01-03 15:35:42.708,18266,18267,18266,1,-1
2022-01-03 15:35:44.268,18266,18267,18267,1,1
2022-01-03 15:35:45.150,18266,18267,18267,1,1
2022-01-03 15:35:46.485,18266,18267,18267,1,1
2022-01-03 15:35:52.613,18266,18267,18267,1,1
2022-01-03 15:36:41.378,18267,18268,18267,1,-1
2022-01-03 15:36:45.765,18267,18268,18267,1,-1
2022-01-03 15:36:58.563,18267,18268,18267,1,-1
2022-01-03 15:37:18.748,18267,18268,18268,1,1
2022-01-03 15:37:27.284,18267,18268,18267,1,-1
2022-01-03 15:37:37.939,18267,18268,18267,7,-7
2022-01-03 15:38:40.289,18267,18268,18268,2,2
2022-01-03 15:39:07.703,18267,18268,18268,1,1
2022-01-03 15:39:09.219,18267,18268,18268,1,1
2022-01-03 15:39:18.621,18267,18268,18268,1,1
2022-01-03 15:39:32.933,18267,18268,18268,1,1
2022-01-03 15:39:36.539,18267,18268,18268,3,3
2022-01-03 15:39:43.300,18268,18269,18268,1,-1
2022-01-03 15:39:45.435,18268,18269,18268,1,-1
2022-01-03 15:39:55.922,18268,18269,18268,1,-1
2022-01-03 15:40:05.066,18267,18268,18268,1,1
2022-01-03 15:40:05.323,18267,18268,18268,1,1
2022-01-03 15:40:13.361,18267,18268,18268,1,1
2022-01-03 15:40:34.720,18267,18268,18268,1,1
2022-01-03 15:40:39.078,18268,18269,18268,1,-1
2022-01-03 15:41:17.430,18268,18269,18269,4,4
2022-01-03 15:41:17.430,18268,18269,18269,2,2
2022-01-03 15:41:17.430,18268,18269,18269,1,1
2022-01-03 15:41:27.112,18268,18269,18269,1,1
2022-01-03 15:41:35.683,18268,18269,18269,1,1
2022-01-03 15:41:37.555,18268,18269,18269,1,1
2022-01-03 15:41:45.955,18269,18270,18270,1,1
2022-01-03 15:41:49.557,18269,18270,18269,1,-1
2022-01-03 15:42:03.755,18269,18270,18270,1,1
2022-01-03 15:42:15.414,18269,18270,18270,1,1
2022-01-03 15:42:20.925,18269,18270,18270,1,1
2022-01-03 15:42:21.837,18269,18270,18270,1,1
2022-01-03 15:42:25.960,18269,18270,18270,4,4
2022-01-03 15:42:30.438,18269,18270,18269,1,-1
2022-01-03 15:43:11.098,18269,18270,18270,4,4
2022-01-03 15:43:20.690,18269,18270,18270,5,5
2022-01-03 15:43:31.696,18269,18270,18269,4,-4
2022-01-03 15:43:42.277,18268,18270,18269,1,1
2022-01-03 15:44:24.156,18269,18270,18270,1,1
2022-01-03 15:44:39.023,18269,18270,18270,4,4
2022-01-03 15:44:43.334,18269,18270,18270,1,1
2022-01-03 15:44:57.360,18270,18271,18271,20,20
2022-01-03 15:45:01.462,18270,18272,18272,1,1
2022-01-03 15:45:01.900,18270,18272,18272,2,2
2022-01-03 15:45:14.977,18270,18271,18271,1,1
2022-01-03 15:45:14.990,18270,18272,18272,1,1
2022-01-03 15:45:14.990,18270,18272,18272,1,1
2022-01-03 15:45:16.687,18271,18272,18271,1,-1
2022-01-03 15:45:16.740,18270,18272,18272,1,1
2022-01-03 15:45:16.740,18270,18272,18272,1,1
2022-01-03 15:45:16.740,18270,18272,18272,1,1
2022-01-03 15:45:24.566,18271,18272,18272,2,2
2022-01-03 15:45:24.616,18271,18272,18272,1,1
2022-01-03 15:45:27.609,18271,18272,18271,1,-1
2022-01-03 15:45:37.799,18271,18272,18271,1,-1
2022-01-03 15:45:37.864,18270,18272,18272,1,1
2022-01-03 15:45:37.865,18270,18272,18272,1,1
2022-01-03 15:45:37.865,18270,18272,18272,1,1
2022-01-03 15:45:42.567,18270,18271,18271,3,3
2022-01-03 15:45:42.568,18270,18271,18271,4,4
2022-01-03 15:45:42.615,18271,18272,18272,1,1
2022-01-03 15:45:46.032,18271,18272,18271,13,-13
2022-01-03 15:45:49.105,18270,18271,18271,3,3
2022-01-03 15:45:51.540,18270,18271,18271,1,1
2022-01-03 15:45:51.756,18270,18271,18271,1,1
2022-01-03 15:45:51.893,18270,18271,18271,1,1
2022-01-03 15:45:52.252,18270,18271,18271,1,1
2022-01-03 15:45:53.117,18270,18272,18271,2,2
2022-01-03 15:45:54.522,18270,18271,18271,1,1
2022-01-03 15:45:59.107,18270,18271,18270,1,-1
2022-01-03 15:46:32.741,18270,18271,18270,2,-2
2022-01-03 15:46:32.742,18270,18271,18270,3,-3
2022-01-03 15:46:33.020,18269,18271,18269,1,-1
2022-01-03 15:46:53.353,18269,18270,18270,1,1
2022-01-03 15:47:03.014,18269,18270,18270,2,2
2022-01-03 15:47:03.014,18269,18270,18271,1,1
2022-01-03 15:47:03.014,18269,18270,18271,1,1
2022-01-03 15:47:33.811,18270,18271,18270,2,-2
2022-01-03 15:47:41.069,18269,18270,18270,1,1
2022-01-03 15:48:04.395,18270,18271,18271,6,6
2022-01-03 15:48:42.258,18270,18271,18270,1,-1
2022-01-03 15:48:43.537,18270,18271,18270,2,-2
2022-01-03 15:48:51.436,18269,18270,18269,3,-3
2022-01-03 15:49:17.672,18268,18269,18268,1,-1
2022-01-03 15:49:30.414,18268,18269,18269,3,3
2022-01-03 15:49:34.372,18269,18270,18270,4,4
2022-01-03 15:50:03.125,18269,18270,18270,2,2
2022-01-03 15:50:06.643,18269,18270,18270,4,4
2022-01-03 15:50:16.857,18269,18270,18270,2,2
2022-01-03 15:50:22.365,18270,18271,18270,1,-1
2022-01-03 15:50:22.851,18269,18270,18269,1,-1
2022-01-03 15:50:26.103,18269,18270,18269,2,-2
2022-01-03 15:50:46.673,18268,18270,18270,1,1
2022-01-03 15:51:01.953,18269,18270,18269,1,-1
2022-01-03 15:52:32.828,18269,18270,18269,4,-4
2022-01-03 15:52:39.317,18269,18270,18270,2,2
2022-01-03 15:52:58.128,18269,18271,18269,1,-1
2022-01-03 15:53:10.532,18269,18271,18271,2,2
2022-01-03 15:53:16.604,18270,18271,18271,8,8
2022-01-03 15:53:36.972,18270,18271,18271,1,1
2022-01-03 15:54:12.136,18271,18272,18272,1,1
2022-01-03 15:54:26.361,18271,18272,18272,1,1
2022-01-03 15:54:33.983,18271,18272,18272,1,1
2022-01-03 15:54:39.301,18271,18272,18271,1,-1
2022-01-03 15:54:42.924,18271,18272,18272,5,5
2022-01-03 15:54:42.924,18271,18272,18272,6,6
2022-01-03 15:54:45.163,18272,18273,18272,1,-1
2022-01-03 15:54:45.482,18272,18273,18272,1,-1
2022-01-03 15:54:51.262,18272,18273,18273,3,3
2022-01-03 15:55:00.096,18272,18273,18272,2,-2
2022-01-03 15:55:03.966,18272,18273,18273,1,1
2022-01-03 15:55:03.990,18272,18273,18273,1,1
2022-01-03 15:55:05.388,18272,18273,18273,1,1
2022-01-03 15:55:05.388,18272,18273,18273,1,1
2022-01-03 15:55:05.389,18272,18273,18273,8,8
2022-01-03 15:55:05.388,18272,18273,18273,1,1
2022-01-03 15:55:05.389,18272,18273,18273,1,1
2022-01-03 15:55:18.558,18272,18273,18273,3,3
2022-01-03 15:55:25.257,18273,18274,18273,1,-1
2022-01-03 15:55:25.257,18273,18274,18273,2,-2
2022-01-03 15:55:25.365,18272,18274,18274,1,1
2022-01-03 15:55:29.130,18273,18274,18274,2,2
2022-01-03 15:55:30.080,18273,18274,18274,2,2
2022-01-03 15:55:44.233,18273,18274,18273,5,-5
2022-01-03 15:55:44.233,18273,18274,18273,1,-1
2022-01-03 15:55:45.111,18272,18273,18273,1,1
2022-01-03 15:55:45.113,18273,18274,18273,1,-1
2022-01-03 15:55:45.115,18273,18274,18274,1,1
2022-01-03 15:55:54.823,18272,18274,18274,1,1
2022-01-03 15:56:05.948,18272,18273,18273,1,1
2022-01-03 15:56:17.526,18272,18273,18273,1,1
2022-01-03 15:56:19.361,18272,18273,18272,4,-4
2022-01-03 15:56:22.256,18271,18273,18273,1,1
2022-01-03 15:56:28.587,18272,18273,18273,2,2
2022-01-03 15:56:41.699,18272,18273,18273,1,1
2022-01-03 15:56:53.550,18272,18273,18273,1,1
2022-01-03 15:56:59.310,18273,18274,18273,2,-2
2022-01-03 15:56:59.930,18272,18274,18272,2,-2
2022-01-03 15:57:00.408,18272,18274,18272,2,-2
2022-01-03 15:57:00.839,18272,18274,18272,2,-2
2022-01-03 15:57:03.725,18272,18273,18273,1,1
2022-01-03 15:57:06.796,18272,18273,18272,2,-2
2022-01-03 15:57:07.244,18272,18273,18272,2,-2
2022-01-03 15:57:07.599,18272,18273,18272,2,-2
2022-01-03 15:57:07.912,18272,18273,18272,1,-1
2022-01-03 15:57:08.221,18271,18272,18272,1,1
2022-01-03 15:57:08.304,18271,18273,18272,1,1
2022-01-03 15:57:09.463,18271,18272,18271,2,-2
2022-01-03 15:57:09.931,18271,18272,18271,2,-2
2022-01-03 15:57:10.735,18271,18272,18271,2,-2
2022-01-03 15:57:11.207,18271,18272,18271,2,-2
2022-01-03 15:57:13.372,18271,18272,18271,1,-1
2022-01-03 15:57:15.948,18271,18272,18271,1,-1
2022-01-03 15:57:17.988,18271,18272,18271,1,-1
2022-01-03 15:57:22.196,18271,18272,18271,2,-2
2022-01-03 15:57:23.116,18271,18272,18271,2,-2
2022-01-03 15:57:25.504,18271,18272,18271,1,-1
2022-01-03 15:57:29.724,18270,18271,18270,2,-2
2022-01-03 15:57:31.484,18270,18271,18270,2,-2
2022-01-03 15:57:34.747,18270,18271,18271,1,1
2022-01-03 15:57:35.032,18271,18272,18271,1,-1
2022-01-03 15:57:47.056,18271,18272,18272,3,3
2022-01-03 15:57:47.765,18271,18272,18271,1,-1
2022-01-03 15:57:49.528,18271,18272,18272,2,2
2022-01-03 15:57:50.160,18272,18273,18273,2,2
2022-01-03 15:57:50.160,18272,18273,18273,2,2
2022-01-03 15:57:56.640,18273,18274,18273,1,-1
2022-01-03 15:57:58.084,18273,18274,18274,3,3
2022-01-03 15:58:03.816,18272,18274,18273,1,1
2022-01-03 15:58:05.890,18273,18274,18273,1,-1
2022-01-03 15:58:08.624,18272,18274,18272,1,-1
2022-01-03 15:58:20.544,18272,18274,18272,1,-1
2022-01-03 15:58:22.358,18272,18274,18274,14,14
2022-01-03 15:58:26.085,18274,18275,18275,14,14
2022-01-03 15:58:26.087,18274,18275,18276,3,3
2022-01-03 15:58:26.327,18275,18276,18276,1,1
2022-01-03 15:58:26.357,18275,18276,18276,2,2
2022-01-03 15:58:27.247,18275,18276,18276,1,1
2022-01-03 15:58:36.373,18275,18276,18276,1,1
2022-01-03 15:58:37.355,18275,18276,18276,3,3
2022-01-03 15:58:38.534,18275,18276,18276,2,2
2022-01-03 15:58:41.496,18275,18276,18275,2,-2
2022-01-03 15:58:50.167,18275,18276,18276,4,4
2022-01-03 15:58:52.218,18275,18276,18276,8,8
2022-01-03 15:58:52.218,18275,18276,18277,2,2
2022-01-03 15:58:52.219,18275,18276,18277,5,5
2022-01-03 15:58:52.219,18275,18276,18277,13,13
2022-01-03 15:58:52.283,18276,18278,18278,1,1
2022-01-03 15:58:52.380,18276,18278,18278,1,1
2022-01-03 15:58:52.811,18276,18278,18278,2,2
2022-01-03 15:58:54.030,18276,18278,18278,1,1
2022-01-03 15:59:01.142,18276,18277,18276,1,-1
2022-01-03 15:59:10.703,18276,18277,18276,1,-1
2022-01-03 15:59:13.125,18276,18277,18276,1,-1
2022-01-03 15:59:21.813,18276,18277,18276,1,-1
2022-01-03 15:59:22.629,18276,18277,18276,8,-8
2022-01-03 15:59:26.463,18275,18276,18275,4,-4
2022-01-03 15:59:26.877,18274,18275,18274,1,-1
2022-01-03 15:59:27.892,18274,18275,18275,1,1
2022-01-03 15:59:32.686,18274,18275,18275,1,1
2022-01-03 15:59:49.701,18274,18275,18275,1,1
2022-01-03 15:59:53.229,18274,18275,18275,1,1
2022-01-03 15:59:55.667,18274,18275,18275,1,1
2022-01-03 16:00:00.119,18274,18275,18274,1,-1
2022-01-03 16:00:00.364,18274,18275,18274,1,-1
2022-01-03 16:00:00.364,18274,18275,18274,1,-1
2022-01-03 16:00:00.364,18274,18275,18274,1,-1
2022-01-03 16:00:00.365,18274,18275,18274,4,-4
2022-01-03 16:00:00.365,18274,18275,18274,1,-1
2022-01-03 16:00:00.365,18274,18275,18274,1,-1
2022-01-03 16:00:00.365,18274,18275,18274,1,-1
2022-01-03 16:00:00.365,18274,18275,18274,5,-5
2022-01-03 16:00:00.947,18272,18274,18274,1,1
2022-01-03 16:00:01.738,18273,18275,18275,1,1
2022-01-03 16:00:02.456,18273,18275,18275,2,2
2022-01-03 16:00:02.935,18274,18275,18275,1,1
2022-01-03 16:00:08.826,18274,18275,18275,1,1
2022-01-03 16:00:09.252,18274,18275,18274,1,-1
2022-01-03 16:00:13.380,18274,18275,18274,1,-1
2022-01-03 16:00:20.078,18272,18273,18272,1,-1
2022-01-03 16:00:22.405,18272,18273,18272,2,-2
2022-01-03 16:00:24.769,18271,18273,18271,1,-1
2022-01-03 16:00:27.836,18273,18274,18274,3,3
2022-01-03 16:00:28.010,18272,18274,18272,3,-3
2022-01-03 16:00:30.551,18272,18274,18274,1,1
2022-01-03 16:00:35.881,18273,18274,18273,1,-1
2022-01-03 16:00:36.421,18273,18274,18274,1,1
2022-01-03 16:00:36.421,18273,18274,18274,1,1
2022-01-03 16:00:36.421,18273,18274,18274,1,1
2022-01-03 16:00:41.362,18273,18274,18274,1,1
2022-01-03 16:00:45.060,18273,18274,18273,1,-1
2022-01-03 16:00:45.283,18273,18274,18273,5,-5
2022-01-03 16:00:45.283,18273,18274,18273,1,-1
2022-01-03 16:00:45.284,18273,18274,18274,2,2
2022-01-03 16:00:49.160,18273,18275,18274,1,1
2022-01-03 16:00:49.471,18273,18274,18274,1,1
2022-01-03 16:00:49.657,18273,18275,18274,1,1
2022-01-03 16:00:57.272,18273,18274,18274,1,1
2022-01-03 16:01:00.901,18273,18274,18274,1,1
2022-01-03 16:01:01.010,18273,18274,18274,2,2
2022-01-03 16:01:03.330,18273,18274,18274,1,1
2022-01-03 16:01:03.338,18273,18274,18275,1,1
2022-01-03 16:01:08.225,18274,18275,18275,1,1
2022-01-03 16:01:19.333,18275,18276,18275,1,-1
2022-01-03 16:01:20.169,18274,18275,18275,1,1
2022-01-03 16:01:20.371,18274,18276,18275,1,1
2022-01-03 16:01:20.372,18274,18276,18276,2,2
2022-01-03 16:01:28.536,18274,18276,18276,1,1
2022-01-03 16:01:35.522,18275,18276,18275,1,-1
2022-01-03 16:01:35.526,18275,18276,18275,1,-1
2022-01-03 16:01:38.850,18275,18276,18275,1,-1
2022-01-03 16:01:43.559,18274,18275,18275,1,1
2022-01-03 16:01:52.718,18276,18277,18276,1,-1
2022-01-03 16:01:52.719,18276,18277,18276,1,-1
2022-01-03 16:02:04.357,18275,18276,18275,1,-1
2022-01-03 16:02:08.988,18275,18277,18276,1,1
2022-01-03 16:02:08.989,18275,18277,18277,1,1
2022-01-03 16:02:10.980,18275,18277,18276,1,1
2022-01-03 16:02:10.980,18275,18277,18277,1,1
2022-01-03 16:02:11.238,18275,18277,18276,1,1
2022-01-03 16:02:11.238,18275,18277,18277,1,1
2022-01-03 16:02:11.755,18275,18277,18276,1,1
2022-01-03 16:02:17.272,18275,18276,18276,1,1
2022-01-03 16:02:47.659,18275,18276,18276,1,1
2022-01-03 16:02:49.374,18276,18277,18277,1,1
2022-01-03 16:02:52.153,18275,18277,18277,8,8
2022-01-03 16:02:52.838,18277,18278,18278,10,10
2022-01-03 16:02:53.047,18277,18278,18278,5,5
2022-01-03 16:02:53.139,18278,18279,18278,1,-1
2022-01-03 16:02:53.222,18278,18279,18279,10,10
2022-01-03 16:02:53.495,18278,18279,18278,1,-1
2022-01-03 16:03:00.663,18278,18279,18278,3,-3
2022-01-03 16:03:01.911,18278,18279,18278,3,-3
2022-01-03 16:03:04.799,18277,18278,18277,1,-1
2022-01-03 16:03:09.135,18277,18278,18277,1,-1
2022-01-03 16:03:21.016,18277,18279,18278,1,1
2022-01-03 16:03:21.016,18277,18279,18279,3,3
2022-01-03 16:03:21.017,18277,18279,18279,9,9
2022-01-03 16:03:22.978,18277,18279,18277,3,-3
2022-01-03 16:03:23.099,18277,18279,18278,1,1
2022-01-03 16:03:23.100,18277,18279,18279,2,2
2022-01-03 16:03:29.090,18277,18279,18278,2,2
2022-01-03 16:03:29.091,18277,18279,18279,1,1
2022-01-03 16:03:29.690,18277,18279,18278,1,1
2022-01-03 16:03:29.690,18277,18279,18278,1,1
2022-01-03 16:03:30.439,18277,18279,18278,2,2
2022-01-03 16:03:30.439,18277,18279,18279,3,3
2022-01-03 16:03:30.439,18277,18279,18279,2,2
2022-01-03 16:03:30.661,18277,18279,18278,1,1
2022-01-03 16:03:30.723,18277,18279,18278,1,1
2022-01-03 16:03:32.090,18276,18278,18278,1,1
2022-01-03 16:03:33.711,18276,18278,18277,1,1
2022-01-03 16:03:33.711,18276,18278,18278,1,1
2022-01-03 16:03:34.400,18276,18278,18277,1,1
2022-01-03 16:03:34.400,18276,18278,18278,1,1
2022-01-03 16:03:39.219,18276,18278,18278,1,1
2022-01-03 16:03:39.789,18277,18278,18278,2,2
2022-01-03 16:03:52.663,18277,18278,18278,2,2
2022-01-03 16:03:56.377,18277,18279,18279,10,10
2022-01-03 16:03:57.068,18277,18279,18277,1,-1
2022-01-03 16:04:01.151,18277,18278,18278,1,1
2022-01-03 16:04:01.165,18277,18278,18277,1,-1
2022-01-03 16:04:04.521,18278,18279,18279,1,1
2022-01-03 16:04:05.840,18278,18280,18278,1,-1
2022-01-03 16:04:06.355,18278,18279,18279,3,3
2022-01-03 16:04:11.181,18279,18280,18280,6,6
2022-01-03 16:04:16.847,18279,18280,18280,2,2
2022-01-03 16:04:16.847,18279,18280,18280,1,1
2022-01-03 16:04:16.847,18279,18280,18280,3,3
2022-01-03 16:04:16.848,18279,18280,18280,4,4
2022-01-03 16:04:16.848,18279,18280,18280,1,1
2022-01-03 16:04:16.848,18279,18280,18280,1,1
2022-01-03 16:04:16.889,18279,18280,18280,1,1
2022-01-03 16:04:16.889,18279,18280,18280,1,1
2022-01-03 16:04:16.946,18279,18280,18280,1,1
2022-01-03 16:04:20.660,18279,18280,18280,2,2
2022-01-03 16:04:20.741,18279,18280,18280,1,1
2022-01-03 16:04:21.002,18279,18280,18280,5,5
2022-01-03 16:04:21.165,18279,18280,18280,1,1
2022-01-03 16:04:21.206,18279,18280,18280,1,1
2022-01-03 16:04:21.206,18279,18280,18280,1,1
2022-01-03 16:04:22.803,18279,18280,18280,1,1
2022-01-03 16:04:26.047,18279,18280,18279,1,-1
2022-01-03 16:04:26.047,18279,18280,18279,1,-1
2022-01-03 16:04:26.047,18279,18280,18279,1,-1
2022-01-03 16:04:26.081,18279,18280,18279,1,-1
2022-01-03 16:04:26.081,18279,18280,18279,1,-1
2022-01-03 16:04:26.081,18279,18280,18279,1,-1
2022-01-03 16:04:26.081,18279,18280,18279,2,-2
2022-01-03 16:04:26.082,18279,18280,18279,2,-2
2022-01-03 16:04:26.082,18279,18280,18279,1,-1
2022-01-03 16:04:33.212,18279,18280,18280,1,1
2022-01-03 16:04:37.391,18279,18280,18279,1,-1
2022-01-03 16:04:37.930,18279,18280,18279,17,-17
2022-01-03 16:04:48.197,18278,18279,18278,1,-1
2022-01-03 16:04:48.926,18278,18279,18279,1,1
2022-01-03 16:04:51.406,18278,18279,18278,2,-2
2022-01-03 16:05:02.709,18277,18278,18278,1,1
2022-01-03 16:05:03.026,18277,18279,18278,1,1
2022-01-03 16:05:10.325,18277,18278,18278,1,1
2022-01-03 16:05:11.779,18277,18278,18277,1,-1
2022-01-03 16:05:11.865,18276,18277,18277,1,1
2022-01-03 16:05:11.866,18276,18277,18278,1,1
2022-01-03 16:05:15.693,18276,18278,18278,1,1
2022-01-03 16:05:31.719,18277,18278,18277,2,-2
2022-01-03 16:05:39.026,18277,18278,18278,6,6
2022-01-03 16:05:39.115,18277,18279,18279,1,1
2022-01-03 16:05:39.116,18277,18279,18279,1,1
2022-01-03 16:05:56.847,18277,18279,18278,2,2
2022-01-03 16:05:56.864,18278,18279,18279,1,1
2022-01-03 16:05:56.865,18278,18279,18279,1,1
2022-01-03 16:05:56.865,18278,18279,18279,1,1
2022-01-03 16:05:56.866,18278,18279,18279,1,1
2022-01-03 16:05:56.866,18278,18279,18280,1,1
2022-01-03 16:06:00.954,18279,18280,18279,1,-1
2022-01-03 16:06:15.424,18279,18280,18279,1,-1
2022-01-03 16:06:16.239,18278,18279,18279,1,1
2022-01-03 16:06:17.184,18278,18280,18279,1,1
2022-01-03 16:06:21.544,18279,18280,18279,1,-1
2022-01-03 16:06:22.412,18279,18280,18279,1,-1
2022-01-03 16:06:22.584,18279,18280,18280,4,4
2022-01-03 16:06:28.489,18279,18280,18280,1,1
2022-01-03 16:06:31.831,18279,18280,18280,1,1
2022-01-03 16:06:31.831,18279,18280,18280,2,2
2022-01-03 16:06:31.832,18279,18280,18280,6,6
2022-01-03 16:06:31.832,18279,18280,18281,1,1
2022-01-03 16:06:31.937,18280,18281,18281,1,1
2022-01-03 16:06:31.937,18280,18281,18281,2,2
2022-01-03 16:06:32.143,18280,18281,18281,2,2
2022-01-03 16:06:32.144,18280,18281,18281,1,1
2022-01-03 16:06:32.146,18280,18281,18281,8,8
2022-01-03 16:06:32.177,18280,18281,18282,2,2
2022-01-03 16:06:32.265,18281,18282,18282,1,1
2022-01-03 16:06:32.429,18281,18282,18282,1,1
2022-01-03 16:06:32.429,18281,18282,18282,1,1
2022-01-03 16:06:32.603,18281,18282,18282,1,1
2022-01-03 16:06:32.665,18281,18282,18282,1,1
2022-01-03 16:06:32.759,18281,18282,18282,1,1
2022-01-03 16:06:32.759,18281,18282,18282,1,1
2022-01-03 16:06:32.819,18281,18282,18282,1,1
2022-01-03 16:06:32.819,18281,18282,18282,1,1
2022-01-03 16:06:36.383,18281,18282,18282,1,1
2022-01-03 16:06:41.738,18280,18281,18281,3,3
2022-01-03 16:06:41.966,18280,18282,18280,1,-1
2022-01-03 16:06:52.567,18281,18282,18282,3,3
2022-01-03 16:07:09.317,18281,18282,18282,1,1
2022-01-03 16:07:09.517,18281,18282,18281,1,-1
2022-01-03 16:07:13.329,18281,18282,18281,3,-3
2022-01-03 16:07:13.365,18281,18282,18282,1,1
2022-01-03 16:07:18.340,18281,18282,18281,4,-4
2022-01-03 16:07:18.625,18281,18282,18282,10,10
2022-01-03 16:07:25.216,18281,18282,18281,2,-2
2022-01-03 16:07:25.241,18280,18282,18282,1,1
2022-01-03 16:07:34.778,18281,18282,18281,1,-1
2022-01-03 16:07:35.219,18281,18282,18281,1,-1
2022-01-03 16:07:35.568,18280,18281,18281,1,1
2022-01-03 16:07:36.701,18281,18282,18282,1,1
2022-01-03 16:07:37.066,18281,18282,18281,1,-1
2022-01-03 16:07:50.847,18281,18282,18281,1,-1
2022-01-03 16:07:56.318,18281,18282,18281,1,-1
2022-01-03 16:07:58.817,18281,18282,18281,1,-1
2022-01-03 16:08:00.125,18281,18282,18281,1,-1
2022-01-03 16:08:00.682,18280,18282,18280,1,-1
2022-01-03 16:08:01.645,18280,18282,18281,1,1
2022-01-03 16:08:12.070,18280,18281,18280,1,-1
2022-01-03 16:08:28.140,18280,18281,18281,1,1
2022-01-03 16:08:28.240,18280,18281,18281,1,1
2022-01-03 16:08:28.240,18280,18281,18281,1,1
2022-01-03 16:08:29.096,18280,18281,18281,1,1
2022-01-03 16:08:29.115,18280,18281,18281,1,1
2022-01-03 16:08:29.115,18280,18281,18281,1,1
2022-01-03 16:08:29.115,18280,18281,18282,1,1
2022-01-03 16:08:31.131,18281,18282,18281,2,-2
2022-01-03 16:08:34.291,18281,18282,18282,1,1
2022-01-03 16:08:36.221,18281,18282,18281,1,-1
2022-01-03 16:08:37.887,18280,18281,18280,1,-1
2022-01-03 16:08:37.989,18280,18281,18281,1,1
2022-01-03 16:08:37.990,18280,18281,18282,1,1
2022-01-03 16:08:37.990,18280,18281,18282,1,1
2022-01-03 16:08:37.990,18280,18281,18282,1,1
2022-01-03 16:08:39.788,18280,18282,18280,1,-1
2022-01-03 16:08:43.236,18281,18282,18281,1,-1
2022-01-03 16:08:47.107,18280,18282,18280,2,-2
2022-01-03 16:08:59.872,18280,18281,18280,3,-3
2022-01-03 16:08:59.990,18280,18281,18281,1,1
2022-01-03 16:08:59.991,18280,18281,18281,1,1
2022-01-03 16:09:00.253,18280,18281,18280,1,-1
2022-01-03 16:09:01.072,18280,18281,18280,2,-2
2022-01-03 16:09:01.671,18280,18281,18280,1,-1
2022-01-03 16:09:05.551,18280,18281,18280,1,-1
2022-01-03 16:09:07.014,18280,18281,18280,2,-2
2022-01-03 16:09:12.649,18279,18280,18280,3,3
2022-01-03 16:09:16.823,18279,18280,18280,1,1
2022-01-03 16:09:20.564,18279,18280,18280,1,1
2022-01-03 16:09:22.372,18280,18281,18280,1,-1
2022-01-03 16:09:24.621,18279,18280,18280,1,1
2022-01-03 16:09:24.747,18279,18280,18280,2,2
2022-01-03 16:09:25.876,18280,18281,18280,1,-1
2022-01-03 16:09:44.392,18279,18280,18279,1,-1
2022-01-03 16:09:46.868,18279,18280,18279,1,-1
2022-01-03 16:09:48.670,18279,18280,18279,2,-2
2022-01-03 16:09:55.985,18279,18280,18279,16,-16
2022-01-03 16:09:55.986,18279,18280,18279,2,-2
2022-01-03 16:09:55.986,18279,18280,18279,1,-1
2022-01-03 16:09:57.209,18278,18279,18278,10,-10
2022-01-03 16:09:57.259,18276,18277,18276,1,-1
2022-01-03 16:10:02.727,18277,18278,18278,1,1
2022-01-03 16:10:02.741,18277,18278,18278,1,1
2022-01-03 16:10:02.742,18277,18278,18279,1,1
2022-01-03 16:10:02.742,18277,18278,18279,3,3
2022-01-03 16:10:02.742,18277,18278,18279,1,1
2022-01-03 16:10:02.742,18277,18278,18279,1,1
2022-01-03 16:10:02.742,18277,18278,18279,1,1
2022-01-03 16:10:02.743,18277,18278,18279,1,1
2022-01-03 16:10:02.744,18277,18278,18280,2,2
2022-01-03 16:10:03.273,18277,18279,18279,1,1
2022-01-03 16:10:03.283,18277,18279,18279,1,1
2022-01-03 16:10:03.365,18278,18280,18280,1,1
2022-01-03 16:10:03.366,18278,18280,18280,1,1
2022-01-03 16:10:03.366,18278,18280,18280,1,1
2022-01-03 16:10:03.367,18278,18280,18280,1,1
2022-01-03 16:10:23.090,18280,18281,18280,1,-1
2022-01-03 16:10:23.589,18279,18281,18279,1,-1
2022-01-03 16:10:29.270,18279,18281,18280,1,1
2022-01-03 16:10:29.365,18279,18281,18281,1,1
2022-01-03 16:10:29.365,18279,18281,18281,1,1
2022-01-03 16:10:29.365,18279,18281,18281,1,1
2022-01-03 16:10:29.365,18279,18281,18281,1,1
2022-01-03 16:10:29.365,18279,18281,18281,1,1
2022-01-03 16:10:29.365,18279,18281,18281,1,1
2022-01-03 16:10:29.365,18279,18281,18281,3,3
2022-01-03 16:10:29.365,18279,18281,18282,1,1
2022-01-03 16:10:29.365,18279,18281,18282,2,2
2022-01-03 16:10:29.365,18279,18281,18282,1,1
2022-01-03 16:10:29.366,18279,18281,18282,3,3
2022-01-03 16:10:29.366,18279,18281,18282,1,1
2022-01-03 16:10:29.366,18279,18281,18282,1,1
2022-01-03 16:10:29.366,18279,18281,18282,1,1
2022-01-03 16:10:29.366,18279,18281,18282,1,1
2022-01-03 16:10:29.366,18279,18281,18282,1,1
2022-01-03 16:10:29.367,18279,18281,18282,1,1
2022-01-03 16:10:34.492,18280,18282,18282,1,1
2022-01-03 16:10:34.614,18280,18282,18282,1,1
2022-01-03 16:10:34.614,18280,18282,18282,1,1
2022-01-03 16:10:34.615,18280,18282,18282,1,1
2022-01-03 16:10:34.615,18280,18282,18282,2,2
2022-01-03 16:10:34.615,18280,18282,18282,1,1
2022-01-03 16:10:34.615,18280,18282,18282,2,2
2022-01-03 16:10:34.615,18280,18282,18282,1,1
2022-01-03 16:10:34.615,18280,18282,18282,1,1
2022-01-03 16:10:34.615,18280,18282,18283,1,1
2022-01-03 16:10:34.615,18280,18282,18283,1,1
2022-01-03 16:10:34.616,18280,18282,18283,1,1
2022-01-03 16:10:34.616,18280,18282,18283,1,1
2022-01-03 16:10:34.616,18280,18282,18283,1,1
2022-01-03 16:10:34.616,18280,18282,18283,1,1
2022-01-03 16:10:34.616,18280,18282,18283,1,1
2022-01-03 16:10:34.616,18280,18282,18283,1,1
2022-01-03 16:10:34.616,18280,18282,18283,1,1
2022-01-03 16:10:34.616,18280,18282,18283,1,1
2022-01-03 16:10:34.617,18280,18282,18283,1,1
2022-01-03 16:10:34.617,18280,18282,18283,1,1
2022-01-03 16:10:34.738,18281,18283,18283,8,8
2022-01-03 16:10:34.738,18281,18283,18284,17,17
2022-01-03 16:10:34.740,18281,18283,18283,3,3
2022-01-03 16:10:34.775,18281,18283,18284,3,3
2022-01-03 16:10:34.914,18282,18284,18284,1,1
2022-01-03 16:10:34.961,18282,18284,18284,7,7
2022-01-03 16:10:34.976,18282,18284,18284,1,1
2022-01-03 16:10:34.977,18282,18284,18284,7,7
2022-01-03 16:10:35.037,18283,18284,18284,3,3
2022-01-03 16:10:35.165,18283,18284,18284,1,1
2022-01-03 16:10:35.229,18283,18284,18284,2,2
2022-01-03 16:10:35.493,18282,18284,18284,1,1
2022-01-03 16:10:35.512,18282,18284,18284,2,2
2022-01-03 16:10:35.578,18282,18284,18284,1,1
2022-01-03 16:10:35.700,18282,18284,18284,1,1
2022-01-03 16:10:35.815,18282,18284,18284,1,1
2022-01-03 16:10:35.965,18282,18284,18284,1,1
2022-01-03 16:10:37.502,18282,18284,18282,1,-1
2022-01-03 16:10:38.157,18282,18283,18283,1,1
2022-01-03 16:10:38.157,18282,18283,18284,3,3
2022-01-03 16:10:38.164,18282,18283,18284,1,1
2022-01-03 16:10:38.239,18283,18284,18284,1,1
2022-01-03 16:10:38.239,18283,18284,18284,1,1
2022-01-03 16:10:38.240,18283,18284,18284,1,1
2022-01-03 16:10:38.241,18283,18284,18284,1,1
2022-01-03 16:10:38.241,18283,18284,18285,1,1
2022-01-03 16:10:38.390,18283,18285,18283,1,-1
2022-01-03 16:10:38.390,18283,18285,18285,1,1
2022-01-03 16:10:38.444,18283,18285,18284,1,1
2022-01-03 16:10:42.816,18283,18284,18284,1,1
2022-01-03 16:10:46.246,18283,18284,18284,2,2
2022-01-03 16:10:50.116,18283,18284,18283,1,-1
2022-01-03 16:10:50.240,18283,18284,18284,1,1
2022-01-03 16:10:53.160,18283,18285,18283,2,-2
2022-01-03 16:10:57.860,18282,18284,18283,1,1
2022-01-03 16:10:58.339,18282,18283,18283,3,3
2022-01-03 16:10:58.339,18282,18283,18284,1,1
2022-01-03 16:11:01.401,18282,18283,18283,1,1
2022-01-03 16:11:01.980,18282,18283,18282,3,-3
2022-01-03 16:11:03.274,18282,18283,18282,1,-1
2022-01-03 16:11:03.969,18281,18283,18281,5,-5
2022-01-03 16:11:04.983,18282,18283,18282,1,-1
2022-01-03 16:11:09.284,18281,18283,18281,1,-1
2022-01-03 16:11:13.150,18281,18282,18281,1,-1
2022-01-03 16:11:13.150,18281,18282,18281,1,-1
2022-01-03 16:11:21.820,18280,18281,18280,1,-1
2022-01-03 16:11:21.820,18280,18281,18280,1,-1
2022-01-03 16:12:00.154,18279,18280,18280,4,4
2022-01-03 16:12:04.250,18280,18282,18280,1,-1
2022-01-03 16:12:04.365,18280,18282,18282,1,1
2022-01-03 16:12:05.120,18280,18282,18280,1,-1
2022-01-03 16:12:09.500,18280,18281,18280,1,-1
2022-01-03 16:12:10.702,18280,18281,18280,1,-1
2022-01-03 16:12:25.207,18279,18280,18280,1,1
2022-01-03 16:12:35.257,18279,18281,18279,2,-2
2022-01-03 16:12:35.365,18279,18281,18281,1,1
2022-01-03 16:12:42.182,18279,18280,18279,1,-1
2022-01-03 16:12:52.697,18279,18280,18280,2,2
2022-01-03 16:12:52.697,18279,18280,18281,2,2
2022-01-03 16:12:59.207,18279,18280,18280,1,1
2022-01-03 16:13:15.974,18280,18282,18280,2,-2
2022-01-03 16:13:39.868,18281,18282,18282,5,5
2022-01-03 16:13:42.454,18282,18283,18282,1,-1
2022-01-03 16:13:42.965,18282,18283,18283,3,3
2022-01-03 16:13:49.475,18282,18283,18283,1,1
2022-01-03 16:13:59.755,18283,18284,18284,1,1
2022-01-03 16:13:59.755,18283,18284,18284,9,9
2022-01-03 16:13:59.966,18284,18285,18284,2,-2
2022-01-03 16:14:01.063,18284,18285,18284,1,-1
2022-01-03 16:14:02.570,18284,18285,18284,1,-1
2022-01-03 16:14:05.242,18284,18285,18284,1,-1
2022-01-03 16:14:09.308,18283,18285,18283,1,-1
2022-01-03 16:14:10.636,18284,18285,18284,1,-1
2022-01-03 16:14:12.982,18284,18285,18285,53,53
2022-01-03 16:14:12.984,18284,18285,18286,1,1
2022-01-03 16:14:12.984,18284,18285,18286,1,1
2022-01-03 16:14:12.984,18284,18285,18286,1,1
2022-01-03 16:14:12.984,18284,18285,18286,1,1
2022-01-03 16:14:12.984,18284,18285,18286,1,1
2022-01-03 16:14:12.984,18284,18285,18286,3,3
2022-01-03 16:14:12.992,18286,18287,18287,4,4
2022-01-03 16:14:12.993,18286,18287,18287,8,8
2022-01-03 16:14:12.994,18286,18287,18287,1,1
2022-01-03 16:14:12.994,18286,18287,18287,1,1
2022-01-03 16:14:12.994,18286,18287,18287,5,5
2022-01-03 16:14:12.994,18286,18287,18287,5,5
2022-01-03 16:14:13.054,18286,18287,18288,1,1
2022-01-03 16:14:13.063,18286,18287,18288,3,3
2022-01-03 16:14:13.117,18287,18288,18288,1,1
2022-01-03 16:14:13.156,18287,18288,18288,1,1
2022-01-03 16:14:13.164,18287,18288,18288,2,2
2022-01-03 16:14:13.177,18287,18288,18288,1,1
2022-01-03 16:14:13.259,18287,18288,18288,1,1
2022-01-03 16:14:13.328,18287,18288,18287,1,-1
2022-01-03 16:14:13.349,18287,18288,18288,1,1
2022-01-03 16:14:13.360,18287,18288,18288,1,1
2022-01-03 16:14:13.370,18287,18288,18288,1,1
2022-01-03 16:14:13.417,18287,18288,18288,2,2
2022-01-03 16:14:13.509,18287,18288,18288,1,1
2022-01-03 16:14:13.527,18287,18288,18288,1,1
2022-01-03 16:14:13.533,18287,18288,18288,1,1
2022-01-03 16:14:13.768,18287,18288,18288,1,1
2022-01-03 16:14:13.876,18287,18288,18288,1,1
2022-01-03 16:14:14.144,18287,18288,18288,1,1
2022-01-03 16:14:14.153,18287,18288,18288,1,1
2022-01-03 16:14:14.932,18287,18288,18288,4,4
2022-01-03 16:14:14.941,18287,18288,18288,1,1
2022-01-03 16:14:16.067,18287,18288,18288,1,1
2022-01-03 16:14:16.250,18287,18288,18287,1,-1
2022-01-03 16:14:16.604,18287,18288,18288,1,1
2022-01-03 16:14:17.900,18287,18288,18287,1,-1
2022-01-03 16:14:17.900,18287,18288,18286,1,-1
2022-01-03 16:14:17.901,18287,18288,18287,1,-1
2022-01-03 16:14:18.185,18286,18287,18287,1,1
2022-01-03 16:14:18.267,18286,18287,18287,3,3
2022-01-03 16:14:18.267,18286,18287,18287,1,1
2022-01-03 16:14:18.642,18286,18287,18287,1,1
2022-01-03 16:14:18.658,18286,18287,18287,1,1
2022-01-03 16:14:19.652,18285,18287,18287,1,1
2022-01-03 16:14:19.858,18285,18287,18285,1,-1
2022-01-03 16:14:20.715,18284,18286,18286,5,5
2022-01-03 16:14:21.554,18285,18287,18285,1,-1
2022-01-03 16:14:22.392,18284,18286,18284,2,-2
2022-01-03 16:14:23.444,18285,18286,18286,1,1
2022-01-03 16:14:25.343,18285,18287,18285,4,-4
2022-01-03 16:14:25.343,18285,18287,18284,3,-3
2022-01-03 16:14:25.344,18285,18287,18286,1,1
2022-01-03 16:14:25.344,18285,18287,18286,1,1
2022-01-03 16:14:25.344,18285,18287,18286,1,1
2022-01-03 16:14:25.793,18284,18286,18286,1,1
2022-01-03 16:14:28.996,18285,18286,18285,1,-1
2022-01-03 16:14:29.186,18284,18285,18285,1,1
2022-01-03 16:14:29.186,18284,18285,18285,1,1
2022-01-03 16:14:30.999,18285,18287,18285,4,-4
2022-01-03 16:14:33.449,18285,18287,18285,2,-2
2022-01-03 16:14:34.875,18285,18287,18287,1,1
2022-01-03 16:14:37.430,18285,18287,18286,1,1
2022-01-03 16:14:41.384,18285,18286,18285,1,-1
2022-01-03 16:14:41.384,18285,18286,18286,1,1
2022-01-03 16:14:46.595,18286,18287,18286,1,-1
2022-01-03 16:14:49.185,18285,18287,18286,1,1
2022-01-03 16:14:51.085,18285,18287,18285,5,-5
2022-01-03 16:14:51.510,18285,18287,18287,4,4
2022-01-03 16:14:51.510,18285,18287,18287,1,1
2022-01-03 16:14:51.782,18286,18288,18286,1,-1
2022-01-03 16:14:59.891,18286,18288,18286,9,-9
2022-01-03 16:14:59.891,18286,18288,18285,3,-3
2022-01-03 16:15:00.118,18285,18287,18287,1,1
2022-01-03 16:15:00.363,18285,18286,18286,1,1
2022-01-03 16:15:00.495,18286,18287,18287,1,1
2022-01-03 16:15:04.475,18286,18287,18286,1,-1
2022-01-03 16:15:04.803,18286,18287,18286,3,-3
2022-01-03 16:15:04.803,18286,18287,18286,5,-5
2022-01-03 16:15:04.998,18285,18287,18287,1,1
2022-01-03 16:15:05.845,18286,18287,18287,1,1
2022-01-03 16:15:19.244,18287,18288,18288,8,8
2022-01-03 16:15:19.245,18287,18288,18289,1,1
2022-01-03 16:15:19.245,18287,18288,18289,6,6
2022-01-03 16:15:19.376,18288,18289,18289,1,1
2022-01-03 16:15:19.376,18288,18289,18289,4,4
2022-01-03 16:15:19.378,18288,18289,18289,1,1
2022-01-03 16:15:19.417,18288,18289,18289,1,1
2022-01-03 16:15:19.576,18288,18289,18289,1,1
2022-01-03 16:15:19.576,18288,18289,18289,4,4
2022-01-03 16:15:19.675,18288,18289,18289,1,1
2022-01-03 16:15:19.675,18288,18289,18289,3,3
2022-01-03 16:15:19.693,18288,18289,18289,7,7
2022-01-03 16:15:19.693,18288,18289,18290,1,1
2022-01-03 16:15:19.812,18289,18290,18290,1,1
2022-01-03 16:15:19.838,18289,18290,18290,1,1
2022-01-03 16:15:19.852,18289,18290,18290,2,2
2022-01-03 16:15:19.863,18289,18290,18290,1,1
2022-01-03 16:15:19.924,18289,18290,18290,2,2
2022-01-03 16:15:19.928,18289,18290,18290,1,1
2022-01-03 16:15:19.959,18289,18290,18290,2,2
2022-01-03 16:15:19.960,18289,18290,18290,2,2
2022-01-03 16:15:19.975,18289,18290,18290,2,2
2022-01-03 16:15:20.052,18289,18290,18289,3,-3
2022-01-03 16:15:20.052,18289,18290,18288,1,-1
2022-01-03 16:15:20.053,18289,18290,18290,2,2
2022-01-03 16:15:20.061,18289,18290,18290,2,2
2022-01-03 16:15:20.073,18289,18290,18290,2,2
2022-01-03 16:15:20.081,18289,18290,18290,1,1
2022-01-03 16:15:20.149,18289,18290,18290,4,4
2022-01-03 16:15:20.182,18289,18290,18290,3,3
2022-01-03 16:15:22.663,18288,18289,18289,1,1
2022-01-03 16:15:22.664,18288,18289,18290,2,2
2022-01-03 16:15:22.848,18288,18290,18290,1,1
2022-01-03 16:15:30.958,18288,18289,18289,1,1
2022-01-03 16:15:30.958,18288,18289,18290,2,2
2022-01-03 16:15:30.958,18288,18289,18290,1,1
2022-01-03 16:15:34.849,18289,18290,18289,1,-1
2022-01-03 16:15:35.055,18289,18290,18290,1,1
2022-01-03 16:15:38.633,18289,18290,18290,6,6
2022-01-03 16:15:38.634,18289,18290,18291,1,1
2022-01-03 16:15:38.759,18290,18291,18291,4,4
2022-01-03 16:15:38.789,18290,18291,18291,5,5
2022-01-03 16:15:38.790,18290,18291,18291,2,2
2022-01-03 16:15:38.790,18290,18291,18291,1,1
2022-01-03 16:15:39.183,18290,18292,18292,1,1
2022-01-03 16:15:39.295,18290,18292,18292,2,2
2022-01-03 16:15:39.296,18290,18292,18292,2,2
2022-01-03 16:15:39.361,18290,18292,18292,1,1
2022-01-03 16:15:39.365,18290,18292,18292,10,10
2022-01-03 16:15:39.366,18290,18292,18292,1,1
2022-01-03 16:15:39.367,18290,18292,18293,1,1
2022-01-03 16:15:39.438,18290,18292,18293,1,1
2022-01-03 16:15:39.438,18290,18292,18293,1,1
2022-01-03 16:15:39.438,18290,18292,18293,1,1
2022-01-03 16:15:39.439,18290,18292,18293,1,1
2022-01-03 16:15:39.461,18290,18292,18293,1,1
2022-01-03 16:15:39.484,18290,18292,18293,1,1
2022-01-03 16:15:39.490,18292,18293,18293,37,37
2022-01-03 16:15:39.491,18292,18293,18293,4,4
2022-01-03 16:15:39.491,18292,18293,18293,1,1
2022-01-03 16:15:39.491,18292,18293,18293,1,1
2022-01-03 16:15:39.491,18292,18293,18293,1,1
2022-01-03 16:15:39.491,18292,18293,18293,4,4
2022-01-03 16:15:39.491,18292,18293,18293,1,1
2022-01-03 16:15:39.491,18292,18293,18293,1,1
2022-01-03 16:15:39.491,18292,18293,18293,1,1
2022-01-03 16:15:39.492,18292,18293,18293,1,1
2022-01-03 16:15:39.492,18292,18293,18293,1,1
2022-01-03 16:15:39.500,18292,18293,18293,1,1
2022-01-03 16:15:39.501,18292,18293,18293,4,4
2022-01-03 16:15:39.524,18292,18293,18293,2,2
2022-01-03 16:15:39.531,18292,18293,18292,1,-1
2022-01-03 16:15:39.534,18292,18293,18293,2,2
2022-01-03 16:15:39.549,18292,18293,18293,1,1
2022-01-03 16:15:39.593,18292,18293,18293,1,1
2022-01-03 16:15:39.637,18291,18293,18293,1,1
2022-01-03 16:15:39.641,18291,18293,18293,2,2
2022-01-03 16:15:40.337,18290,18292,18292,1,1
2022-01-03 16:15:42.046,18290,18292,18290,7,-7
2022-01-03 16:15:44.770,18290,18292,18292,3,3
2022-01-03 16:15:47.107,18291,18292,18292,1,1
2022-01-03 16:15:49.719,18291,18292,18292,1,1
2022-01-03 16:15:51.023,18291,18292,18292,1,1
2022-01-03 16:15:51.023,18291,18292,18293,3,3
2022-01-03 16:15:52.346,18291,18292,18292,1,1
2022-01-03 16:15:52.347,18291,18292,18293,7,7
2022-01-03 16:15:52.375,18291,18293,18293,1,1
2022-01-03 16:15:52.406,18291,18293,18293,1,1
2022-01-03 16:15:54.994,18291,18293,18291,1,-1
2022-01-03 16:15:55.706,18291,18292,18292,1,1
2022-01-03 16:15:55.834,18291,18293,18293,1,1
2022-01-03 16:15:57.884,18292,18293,18293,1,1
2022-01-03 16:15:57.956,18292,18293,18292,2,-2
2022-01-03 16:15:58.659,18291,18292,18292,1,1
2022-01-03 16:15:59.911,18291,18292,18291,1,-1
2022-01-03 16:16:04.672,18291,18293,18291,1,-1
2022-01-03 16:16:05.063,18291,18293,18293,1,1
2022-01-03 16:16:05.114,18291,18293,18293,1,1
2022-01-03 16:16:05.517,18291,18293,18293,1,1
2022-01-03 16:16:10.146,18291,18292,18292,1,1
2022-01-03 16:16:14.582,18291,18292,18292,1,1
2022-01-03 16:16:14.582,18291,18292,18292,1,1
2022-01-03 16:16:14.582,18291,18292,18292,1,1
2022-01-03 16:16:15.387,18291,18292,18292,2,2
2022-01-03 16:16:15.387,18291,18292,18292,3,3
2022-01-03 16:16:20.006,18291,18292,18292,1,1
2022-01-03 16:16:20.006,18291,18292,18292,1,1
2022-01-03 16:16:20.391,18291,18293,18293,1,1
2022-01-03 16:16:22.856,18291,18292,18292,1,1
2022-01-03 16:16:22.856,18291,18292,18293,1,1
2022-01-03 16:16:23.613,18291,18292,18291,1,-1
2022-01-03 16:16:25.352,18291,18292,18291,1,-1
2022-01-03 16:16:26.366,18291,18292,18292,1,1
2022-01-03 16:16:27.580,18291,18292,18292,1,1
2022-01-03 16:16:27.615,18291,18293,18293,1,1
2022-01-03 16:16:27.615,18291,18293,18293,1,1
2022-01-03 16:16:28.059,18291,18293,18292,1,1
2022-01-03 16:16:29.404,18291,18292,18291,1,-1
2022-01-03 16:16:29.404,18291,18292,18291,10,-10
2022-01-03 16:16:30.233,18290,18291,18291,1,1
2022-01-03 16:16:33.462,18290,18291,18290,1,-1
2022-01-03 16:16:33.462,18290,18291,18290,1,-1
2022-01-03 16:16:33.462,18290,18291,18290,2,-2
2022-01-03 16:16:33.462,18290,18291,18290,1,-1
2022-01-03 16:16:33.463,18290,18291,18290,1,-1
2022-01-03 16:16:33.463,18290,18291,18290,1,-1
2022-01-03 16:16:33.463,18290,18291,18290,1,-1
2022-01-03 16:16:33.463,18290,18291,18290,1,-1
2022-01-03 16:16:33.463,18290,18291,18290,1,-1
2022-01-03 16:16:33.463,18290,18291,18290,1,-1
2022-01-03 16:16:34.716,18289,18290,18290,3,3
2022-01-03 16:16:35.399,18289,18290,18290,1,1
2022-01-03 16:16:41.318,18288,18290,18290,5,5
2022-01-03 16:16:45.912,18288,18290,18288,4,-4
2022-01-03 16:16:45.990,18288,18290,18290,1,1
2022-01-03 16:16:45.990,18288,18290,18290,1,1
2022-01-03 16:16:45.990,18288,18290,18290,1,1
2022-01-03 16:16:56.642,18289,18290,18290,1,1
2022-01-03 16:17:01.503,18289,18290,18290,3,3
2022-01-03 16:17:01.764,18289,18290,18290,1,1
2022-01-03 16:17:02.155,18289,18290,18290,1,1
2022-01-03 16:17:02.240,18289,18290,18290,1,1
2022-01-03 16:17:04.165,18289,18290,18289,1,-1
2022-01-03 16:17:05.555,18289,18290,18289,1,-1
2022-01-03 16:17:09.190,18289,18290,18289,1,-1
2022-01-03 16:17:13.156,18288,18289,18288,1,-1
2022-01-03 16:17:13.241,18288,18289,18289,1,1
2022-01-03 16:17:13.241,18288,18289,18290,1,1
2022-01-03 16:17:17.767,18289,18290,18290,1,1
2022-01-03 16:17:18.378,18289,18290,18290,1,1
2022-01-03 16:17:18.490,18289,18290,18290,1,1
2022-01-03 16:17:18.490,18289,18290,18290,1,1
2022-01-03 16:17:18.491,18289,18290,18290,1,1
2022-01-03 16:17:43.314,18289,18290,18289,1,-1
2022-01-03 16:17:47.275,18289,18290,18289,1,-1
2022-01-03 16:17:47.444,18289,18290,18289,1,-1
2022-01-03 16:17:49.128,18289,18290,18289,1,-1
2022-01-03 16:17:51.991,18289,18290,18289,1,-1
2022-01-03 16:17:53.183,18289,18290,18289,1,-1
2022-01-03 16:17:53.400,18288,18289,18288,1,-1
2022-01-03 16:17:55.510,18288,18289,18289,1,1
2022-01-03 16:18:05.235,18288,18289,18289,1,1
2022-01-03 16:18:05.505,18288,18289,18289,1,1
2022-01-03 16:18:05.505,18288,18289,18290,3,3
2022-01-03 16:18:05.521,18288,18289,18290,1,1
2022-01-03 16:18:05.745,18288,18289,18288,1,-1
2022-01-03 16:18:25.257,18288,18289,18289,1,1
2022-01-03 16:18:33.938,18288,18289,18289,1,1
2022-01-03 16:18:33.990,18288,18289,18289,1,1
2022-01-03 16:18:36.850,18288,18289,18289,1,1
2022-01-03 16:18:50.438,18288,18289,18288,1,-1
2022-01-03 16:18:58.902,18288,18289,18288,1,-1
2022-01-03 16:19:01.049,18288,18289,18288,2,-2
2022-01-03 16:19:08.014,18288,18289,18288,4,-4
2022-01-03 16:19:40.233,18288,18289,18289,2,2
2022-01-03 16:19:44.043,18288,18289,18289,1,1
2022-01-03 16:19:45.276,18288,18289,18289,1,1
2022-01-03 16:19:51.273,18288,18289,18288,2,-2
2022-01-03 16:19:57.574,18288,18289,18288,16,-16
2022-01-03 16:19:57.575,18288,18289,18288,1,-1
2022-01-03 16:20:04.782,18287,18288,18287,1,-1
2022-01-03 16:20:06.440,18287,18288,18288,1,1
2022-01-03 16:20:06.473,18287,18288,18288,1,1
2022-01-03 16:20:07.405,18287,18289,18288,1,1
2022-01-03 16:20:09.322,18287,18288,18288,1,1
2022-01-03 16:20:14.584,18288,18289,18288,1,-1
2022-01-03 16:20:25.799,18288,18289,18288,1,-1
2022-01-03 16:20:30.433,18287,18288,18288,2,2
2022-01-03 16:20:36.144,18288,18289,18288,1,-1
2022-01-03 16:20:59.133,18287,18288,18287,3,-3
2022-01-03 16:21:12.072,18286,18287,18287,14,14
2022-01-03 16:21:12.072,18286,18287,18287,4,4
2022-01-03 16:21:12.073,18286,18287,18287,1,1
2022-01-03 16:21:12.376,18287,18288,18288,1,1
2022-01-03 16:21:12.413,18287,18288,18288,1,1
2022-01-03 16:21:18.605,18287,18288,18288,1,1
2022-01-03 16:21:23.033,18288,18289,18288,1,-1
2022-01-03 16:21:33.888,18288,18289,18288,1,-1
2022-01-03 16:21:37.700,18288,18289,18288,4,-4
2022-01-03 16:21:46.221,18288,18289,18288,1,-1
2022-01-03 16:21:59.632,18288,18289,18288,1,-1
2022-01-03 16:22:16.889,18287,18288,18287,1,-1
2022-01-03 16:22:19.754,18287,18288,18288,1,1
2022-01-03 16:22:53.227,18287,18288,18288,1,1
2022-01-03 16:23:10.484,18287,18289,18287,1,-1
2022-01-03 16:23:11.291,18287,18289,18289,1,1
2022-01-03 16:23:37.834,18288,18289,18289,1,1
2022-01-03 16:23:38.427,18288,18289,18288,3,-3
2022-01-03 16:23:38.490,18287,18289,18289,1,1
2022-01-03 16:23:38.490,18287,18289,18289,1,1
2022-01-03 16:23:48.447,18288,18289,18288,3,-3
2022-01-03 16:24:01.143,18288,18289,18288,1,-1
2022-01-03 16:24:01.505,18287,18289,18289,4,4
2022-01-03 16:24:01.508,18287,18289,18289,1,1
2022-01-03 16:24:03.453,18287,18289,18287,1,-1
2022-01-03 16:24:08.445,18287,18289,18287,2,-2
2022-01-03 16:24:18.748,18288,18289,18288,1,-1
2022-01-03 16:24:22.603,18287,18289,18287,1,-1
2022-01-03 16:24:25.732,18287,18289,18289,3,3
2022-01-03 16:24:29.445,18287,18289,18287,1,-1
2022-01-03 16:24:30.461,18287,18289,18287,1,-1
2022-01-03 16:24:46.785,18287,18288,18287,4,-4
2022-01-03 16:24:47.905,18286,18287,18287,1,1
2022-01-03 16:24:50.312,18286,18287,18286,1,-1
2022-01-03 16:24:55.055,18286,18287,18287,1,1
2022-01-03 16:25:08.019,18286,18287,18287,1,1
2022-01-03 16:25:08.429,18286,18287,18287,3,3
2022-01-03 16:25:08.429,18286,18287,18288,1,1
2022-01-03 16:25:08.461,18286,18287,18288,1,1
2022-01-03 16:25:18.225,18286,18287,18287,2,2
2022-01-03 16:25:23.914,18286,18287,18286,2,-2
2022-01-03 16:25:24.504,18285,18287,18287,1,1
2022-01-03 16:25:26.757,18285,18287,18287,2,2
2022-01-03 16:25:38.390,18286,18287,18287,1,1
2022-01-03 16:25:55.662,18287,18288,18287,2,-2
2022-01-03 16:26:22.124,18287,18288,18287,1,-1
2022-01-03 16:26:25.172,18287,18288,18287,1,-1
2022-01-03 16:26:30.713,18287,18288,18287,1,-1
2022-01-03 16:27:12.844,18287,18288,18287,1,-1
2022-01-03 16:27:21.214,18287,18288,18288,1,1
2022-01-03 16:27:38.218,18287,18288,18287,1,-1
2022-01-03 16:27:41.648,18287,18288,18287,1,-1
2022-01-03 16:27:41.992,18287,18288,18287,1,-1
2022-01-03 16:27:44.820,18287,18288,18287,2,-2
2022-01-03 16:27:52.875,18286,18287,18286,1,-1
2022-01-03 16:28:12.985,18286,18287,18286,1,-1
2022-01-03 16:28:14.355,18286,18287,18286,1,-1
2022-01-03 16:28:23.215,18286,18287,18286,1,-1
2022-01-03 16:28:29.925,18286,18287,18286,2,-2
2022-01-03 16:28:38.860,18285,18286,18285,1,-1
2022-01-03 16:28:46.695,18285,18286,18285,1,-1
2022-01-03 16:28:47.191,18285,18286,18285,3,-3
2022-01-03 16:28:47.191,18285,18286,18284,1,-1
2022-01-03 16:28:50.754,18285,18286,18286,1,1
2022-01-03 16:28:50.885,18285,18286,18286,2,2
2022-01-03 16:28:50.885,18285,18286,18286,5,5
2022-01-03 16:28:50.885,18285,18286,18286,7,7
2022-01-03 16:28:52.208,18286,18287,18286,1,-1
2022-01-03 16:28:53.247,18286,18287,18286,1,-1
2022-01-03 16:28:53.648,18285,18287,18285,1,-1
2022-01-03 16:29:11.701,18286,18287,18286,1,-1
2022-01-03 16:29:14.703,18286,18287,18287,5,5
2022-01-03 16:29:14.703,18286,18287,18288,2,2
2022-01-03 16:29:46.339,18287,18288,18287,2,-2
2022-01-03 16:29:52.923,18287,18288,18287,1,-1
2022-01-03 16:30:01.052,18287,18288,18287,1,-1
2022-01-03 16:30:01.125,18287,18288,18288,1,1
2022-01-03 16:30:01.125,18287,18288,18288,1,1
2022-01-03 16:30:01.125,18287,18288,18288,1,1
2022-01-03 16:30:01.126,18287,18288,18288,1,1
2022-01-03 16:30:01.126,18287,18288,18288,3,3
2022-01-03 16:30:01.127,18287,18288,18288,5,5
2022-01-03 16:30:01.381,18287,18289,18289,8,8
2022-01-03 16:30:01.397,18287,18289,18290,8,8
2022-01-03 16:30:01.398,18287,18289,18290,2,2
2022-01-03 16:30:01.475,18287,18289,18288,2,2
2022-01-03 16:30:01.532,18288,18290,18288,1,-1
2022-01-03 16:30:14.925,18287,18289,18289,1,1
2022-01-03 16:30:14.990,18287,18289,18289,1,1
2022-01-03 16:30:14.991,18287,18289,18289,1,1
2022-01-03 16:30:26.102,18287,18289,18288,1,1
2022-01-03 16:30:26.115,18287,18288,18288,1,1
2022-01-03 16:30:26.116,18287,18288,18289,1,1
2022-01-03 16:30:31.058,18287,18288,18288,1,1
2022-01-03 16:30:31.114,18287,18288,18288,1,1
2022-01-03 16:30:31.115,18287,18288,18288,1,1
2022-01-03 16:30:31.115,18287,18288,18288,1,1
2022-01-03 16:30:31.115,18287,18288,18289,1,1
2022-01-03 16:30:31.115,18287,18288,18289,1,1
2022-01-03 16:30:31.115,18287,18288,18289,1,1
2022-01-03 16:30:31.116,18287,18288,18289,1,1
2022-01-03 16:30:31.116,18287,18288,18289,1,1
2022-01-03 16:30:31.116,18287,18288,18289,1,1
2022-01-03 16:30:34.267,18287,18289,18288,1,1
2022-01-03 16:30:34.659,18287,18289,18287,1,-1
2022-01-03 16:31:00.118,18287,18288,18288,1,1
2022-01-03 16:31:20.082,18287,18288,18287,1,-1
2022-01-03 16:31:54.410,18287,18288,18287,2,-2
2022-01-03 16:31:54.490,18287,18288,18288,1,1
2022-01-03 16:31:54.491,18287,18288,18288,1,1
2022-01-03 16:31:54.491,18287,18288,18288,1,1
2022-01-03 16:31:54.491,18287,18288,18288,1,1
2022-01-03 16:32:21.542,18287,18288,18287,1,-1
2022-01-03 16:32:21.615,18287,18288,18288,1,1
2022-01-03 16:32:21.615,18287,18288,18288,1,1
2022-01-03 16:32:21.615,18287,18288,18288,1,1
2022-01-03 16:32:22.315,18287,18289,18289,2,2
2022-01-03 16:32:22.365,18287,18289,18289,1,1
2022-01-03 16:32:31.846,18288,18289,18289,2,2
2022-01-03 16:32:36.055,18288,18289,18289,1,1
2022-01-03 16:32:40.000,18288,18289,18289,2,2
2022-01-03 16:33:34.508,18289,18290,18290,1,1
2022-01-03 16:33:39.090,18289,18290,18289,1,-1
2022-01-03 16:33:51.153,18289,18290,18290,1,1
2022-01-03 16:33:51.443,18289,18290,18289,1,-1
2022-01-03 16:33:51.443,18289,18290,18289,4,-4
2022-01-03 16:33:56.234,18288,18289,18289,2,2
2022-01-03 16:33:57.059,18289,18290,18289,1,-1
2022-01-03 16:34:01.180,18288,18289,18288,1,-1
2022-01-03 16:34:02.519,18288,18289,18288,2,-2
2022-01-03 16:34:03.392,18287,18288,18287,1,-1
2022-01-03 16:34:03.639,18287,18288,18288,1,1
2022-01-03 16:34:30.706,18287,18288,18287,3,-3
2022-01-03 16:34:34.517,18286,18287,18286,1,-1
2022-01-03 16:35:02.975,18285,18286,18286,1,1
2022-01-03 16:35:03.512,18286,18287,18287,1,1
2022-01-03 16:35:07.489,18286,18287,18286,1,-1
2022-01-03 16:35:09.374,18286,18287,18286,1,-1
2022-01-03 16:35:28.518,18286,18287,18286,1,-1
2022-01-03 16:35:36.840,18286,18287,18286,1,-1
2022-01-03 16:35:53.894,18286,18287,18286,1,-1
2022-01-03 16:35:56.164,18286,18287,18286,1,-1
2022-01-03 16:36:00.923,18286,18287,18286,1,-1
2022-01-03 16:36:10.275,18286,18287,18286,1,-1
2022-01-03 16:36:24.604,18286,18287,18286,1,-1
2022-01-03 16:36:26.603,18286,18287,18286,1,-1
2022-01-03 16:36:47.312,18285,18286,18285,1,-1
2022-01-03 16:36:53.711,18285,18286,18285,1,-1
2022-01-03 16:36:55.020,18285,18286,18285,1,-1
2022-01-03 16:36:57.469,18285,18286,18285,2,-2
2022-01-03 16:37:22.549,18285,18286,18286,4,4
2022-01-03 16:37:22.549,18285,18286,18286,1,1
2022-01-03 16:37:36.704,18286,18287,18286,1,-1
2022-01-03 16:37:47.120,18286,18287,18287,1,1
2022-01-03 16:37:57.797,18286,18287,18287,1,1
2022-01-03 16:38:00.141,18286,18287,18286,1,-1
2022-01-03 16:38:00.240,18286,18287,18287,2,2
2022-01-03 16:38:00.240,18286,18287,18287,1,1
2022-01-03 16:38:00.240,18286,18287,18287,2,2
2022-01-03 16:38:00.240,18286,18287,18287,1,1
2022-01-03 16:38:00.241,18286,18287,18287,1,1
2022-01-03 16:38:00.241,18286,18287,18287,1,1
2022-01-03 16:38:00.241,18286,18287,18287,2,2
2022-01-03 16:38:00.241,18286,18287,18287,1,1
2022-01-03 16:38:00.241,18286,18287,18287,3,3
2022-01-03 16:38:00.242,18286,18287,18287,1,1
2022-01-03 16:38:00.242,18286,18287,18287,1,1
2022-01-03 16:38:00.242,18286,18287,18287,1,1
2022-01-03 16:38:00.242,18286,18287,18287,1,1
2022-01-03 16:38:00.242,18286,18287,18287,1,1
2022-01-03 16:38:00.242,18286,18287,18287,1,1
2022-01-03 16:38:00.242,18286,18287,18287,1,1
2022-01-03 16:38:00.243,18286,18287,18287,1,1
2022-01-03 16:38:00.243,18286,18287,18287,1,1
2022-01-03 16:38:00.243,18286,18287,18287,1,1
2022-01-03 16:38:00.243,18286,18287,18287,2,2
2022-01-03 16:38:01.130,18287,18288,18288,3,3
2022-01-03 16:38:01.240,18287,18288,18288,1,1
2022-01-03 16:38:01.240,18287,18288,18288,1,1
2022-01-03 16:38:01.487,18287,18288,18288,1,1
2022-01-03 16:38:02.992,18288,18289,18288,2,-2
2022-01-03 16:38:09.599,18287,18288,18288,1,1
2022-01-03 16:38:21.168,18287,18288,18288,1,1
2022-01-03 16:38:21.240,18288,18289,18289,1,1
2022-01-03 16:38:21.240,18288,18289,18289,1,1
2022-01-03 16:38:21.240,18288,18289,18289,1,1
2022-01-03 16:38:21.240,18288,18289,18289,1,1
2022-01-03 16:38:21.240,18288,18289,18290,1,1
2022-01-03 16:38:21.240,18288,18289,18290,1,1
2022-01-03 16:38:21.240,18288,18289,18290,1,1
2022-01-03 16:38:21.240,18288,18289,18290,1,1
2022-01-03 16:38:36.190,18289,18290,18289,1,-1
2022-01-03 16:38:36.240,18289,18290,18290,1,1
2022-01-03 16:38:36.240,18289,18290,18290,1,1
2022-01-03 16:38:36.240,18289,18290,18290,1,1
2022-01-03 16:38:36.241,18289,18290,18290,1,1
2022-01-03 16:38:36.241,18289,18290,18290,1,1
2022-01-03 16:38:37.287,18289,18290,18290,1,1
2022-01-03 16:38:37.364,18289,18290,18290,1,1
2022-01-03 16:38:37.364,18289,18290,18290,1,1
2022-01-03 16:38:37.364,18289,18290,18290,1,1
2022-01-03 16:38:37.364,18289,18290,18290,1,1
2022-01-03 16:38:37.365,18289,18290,18290,1,1
2022-01-03 16:38:37.365,18289,18290,18290,1,1
2022-01-03 16:38:37.365,18289,18290,18290,1,1
2022-01-03 16:38:37.365,18289,18290,18290,1,1
2022-01-03 16:38:37.366,18289,18290,18290,1,1
2022-01-03 16:38:37.366,18289,18290,18290,1,1
2022-01-03 16:38:46.502,18290,18291,18290,1,-1
2022-01-03 16:38:48.772,18289,18291,18291,1,1
2022-01-03 16:38:48.865,18289,18291,18291,1,1
2022-01-03 16:38:52.979,18289,18290,18290,1,1
2022-01-03 16:38:55.685,18290,18291,18291,1,1
2022-01-03 16:39:01.150,18290,18291,18290,1,-1
2022-01-03 16:39:03.256,18290,18291,18291,1,1
2022-01-03 16:39:10.649,18290,18291,18291,1,1
2022-01-03 16:39:16.748,18290,18291,18291,1,1
2022-01-03 16:39:18.649,18290,18291,18291,4,4
2022-01-03 16:39:26.647,18291,18292,18291,1,-1
2022-01-03 16:39:29.381,18291,18292,18291,1,-1
2022-01-03 16:39:37.748,18291,18292,18291,1,-1
2022-01-03 16:39:48.075,18291,18292,18292,1,1
2022-01-03 16:39:48.350,18291,18292,18292,1,1
2022-01-03 16:39:58.675,18291,18292,18292,2,2
2022-01-03 16:40:02.438,18291,18292,18291,6,-6
2022-01-03 16:40:02.439,18291,18292,18291,1,-1
2022-01-03 16:40:02.492,18290,18291,18291,1,1
2022-01-03 16:40:02.497,18290,18291,18291,1,1
2022-01-03 16:40:02.497,18290,18291,18291,1,1
2022-01-03 16:40:02.792,18290,18291,18291,1,1
2022-01-03 16:40:02.792,18290,18291,18292,3,3
2022-01-03 16:40:02.795,18290,18291,18291,1,1
2022-01-03 16:40:03.399,18290,18291,18291,1,1
2022-01-03 16:40:03.491,18290,18291,18291,1,1
2022-01-03 16:40:03.745,18291,18292,18291,1,-1
2022-01-03 16:40:11.360,18290,18291,18291,1,1
2022-01-03 16:40:28.920,18290,18291,18290,7,-7
2022-01-03 16:40:28.989,18289,18290,18290,1,1
2022-01-03 16:40:28.989,18289,18290,18290,1,1
2022-01-03 16:40:28.990,18289,18290,18290,1,1
2022-01-03 16:40:28.991,18289,18290,18291,1,1
2022-01-03 16:40:41.976,18289,18290,18289,1,-1
2022-01-03 16:40:41.990,18288,18290,18290,1,1
2022-01-03 16:40:41.990,18288,18290,18290,1,1
2022-01-03 16:40:47.720,18289,18291,18291,17,17
2022-01-03 16:40:47.720,18289,18291,18292,13,13
2022-01-03 16:40:51.418,18290,18292,18292,6,6
2022-01-03 16:40:51.418,18290,18292,18293,2,2
2022-01-03 16:40:51.562,18290,18292,18292,3,3
2022-01-03 16:40:51.676,18291,18292,18292,1,1
2022-01-03 16:40:51.783,18290,18292,18292,1,1
2022-01-03 16:40:51.813,18290,18292,18292,1,1
2022-01-03 16:40:51.938,18290,18292,18293,1,1
2022-01-03 16:40:51.956,18290,18292,18293,4,4
2022-01-03 16:40:52.013,18291,18293,18293,1,1
2022-01-03 16:40:52.212,18291,18293,18293,1,1
2022-01-03 16:40:53.994,18291,18293,18291,1,-1
2022-01-03 16:41:03.077,18291,18292,18291,1,-1
2022-01-03 16:41:18.846,18290,18291,18290,2,-2
2022-01-03 16:41:23.982,18290,18291,18290,1,-1
2022-01-03 16:41:27.002,18289,18290,18290,1,1
2022-01-03 16:41:33.936,18290,18292,18290,1,-1
2022-01-03 16:42:18.716,18291,18292,18292,1,1
2022-01-03 16:42:53.888,18290,18292,18290,1,-1
2022-01-03 16:43:02.433,18291,18292,18291,1,-1
2022-01-03 16:43:08.678,18291,18292,18291,1,-1
2022-01-03 16:43:08.825,18291,18292,18292,1,1
2022-01-03 16:43:13.585,18291,18292,18292,1,1
2022-01-03 16:43:16.163,18291,18292,18292,1,1
2022-01-03 16:43:17.362,18291,18292,18292,12,12
2022-01-03 16:43:17.757,18292,18293,18293,2,2
2022-01-03 16:43:18.231,18292,18293,18293,1,1
2022-01-03 16:43:18.244,18292,18293,18293,1,1
2022-01-03 16:43:20.609,18292,18293,18293,1,1
2022-01-03 16:43:20.609,18292,18293,18293,2,2
2022-01-03 16:43:23.613,18292,18294,18292,1,-1
2022-01-03 16:43:24.607,18292,18294,18294,1,1
2022-01-03 16:43:24.647,18292,18294,18294,4,4
2022-01-03 16:43:37.690,18292,18293,18293,1,1
2022-01-03 16:43:48.173,18293,18294,18293,1,-1
2022-01-03 16:43:49.141,18293,18294,18294,11,11
2022-01-03 16:43:50.413,18293,18294,18293,2,-2
2022-01-03 16:43:51.071,18293,18294,18293,1,-1
2022-01-03 16:43:51.071,18293,18294,18293,4,-4
2022-01-03 16:43:56.725,18292,18293,18292,1,-1
2022-01-03 16:43:57.696,18292,18293,18292,4,-4
2022-01-03 16:44:01.136,18291,18292,18291,1,-1
2022-01-03 16:44:01.257,18291,18292,18291,1,-1
2022-01-03 16:44:01.257,18291,18292,18290,1,-1
2022-01-03 16:44:01.689,18290,18292,18292,1,1
2022-01-03 16:44:07.319,18291,18292,18292,1,1
2022-01-03 16:44:07.322,18291,18292,18292,1,1
2022-01-03 16:44:24.992,18291,18292,18291,1,-1
2022-01-03 16:44:25.895,18291,18292,18291,2,-2
2022-01-03 16:44:35.524,18290,18291,18291,3,3
2022-01-03 16:44:35.524,18290,18291,18291,1,1
2022-01-03 16:44:35.524,18290,18291,18291,1,1
2022-01-03 16:44:35.587,18290,18291,18292,1,1
2022-01-03 16:44:37.651,18291,18293,18292,1,1
2022-01-03 16:44:40.455,18292,18293,18292,1,-1
2022-01-03 16:44:46.692,18291,18293,18293,5,5
2022-01-03 16:44:51.603,18291,18292,18292,1,1
2022-01-03 16:44:54.891,18291,18292,18292,1,1
2022-01-03 16:44:58.066,18291,18293,18292,2,2
2022-01-03 16:45:06.925,18291,18293,18292,1,1
2022-01-03 16:45:06.925,18291,18293,18293,1,1
2022-01-03 16:45:19.986,18291,18293,18293,1,1
2022-01-03 16:45:30.935,18292,18293,18292,2,-2
2022-01-03 16:45:33.204,18291,18293,18291,1,-1
2022-01-03 16:46:19.905,18291,18292,18291,1,-1
2022-01-03 16:46:22.148,18291,18292,18291,2,-2
2022-01-03 16:46:22.148,18291,18292,18291,4,-4
2022-01-03 16:46:22.240,18290,18291,18291,1,1
2022-01-03 16:46:22.240,18290,18291,18291,1,1
2022-01-03 16:46:22.240,18290,18291,18291,1,1
2022-01-03 16:46:22.240,18290,18291,18292,1,1
2022-01-03 16:46:22.240,18290,18291,18292,1,1
2022-01-03 16:46:58.276,18291,18292,18292,10,10
2022-01-03 16:46:58.278,18291,18292,18292,7,7
2022-01-03 16:47:00.778,18291,18292,18291,1,-1
2022-01-03 16:47:00.865,18290,18291,18291,1,1
2022-01-03 16:47:00.865,18290,18291,18291,1,1
2022-01-03 16:47:00.866,18290,18291,18291,1,1
2022-01-03 16:47:16.167,18290,18292,18290,1,-1
2022-01-03 16:47:26.139,18290,18292,18290,1,-1
2022-01-03 16:47:26.281,18290,18292,18290,1,-1
2022-01-03 16:47:39.853,18290,18291,18290,1,-1
2022-01-03 16:47:41.312,18290,18291,18290,2,-2
2022-01-03 16:47:41.312,18290,18291,18290,6,-6
2022-01-03 16:47:53.560,18289,18291,18291,1,1
2022-01-03 16:48:00.415,18290,18291,18290,1,-1
2022-01-03 16:48:19.839,18290,18291,18291,1,1
2022-01-03 16:49:02.324,18290,18291,18290,3,-3
2022-01-03 16:49:02.573,18289,18290,18290,1,1
2022-01-03 16:49:05.492,18289,18290,18290,1,1
2022-01-03 16:50:01.073,18289,18290,18290,1,1
2022-01-03 16:50:01.795,18289,18290,18290,2,2
2022-01-03 16:50:16.320,18289,18290,18289,2,-2
2022-01-03 16:50:24.151,18289,18290,18289,1,-1
2022-01-03 16:50:31.386,18289,18290,18289,1,-1
2022-01-03 16:50:35.458,18289,18290,18289,2,-2
2022-01-03 16:50:51.669,18289,18290,18290,2,2
2022-01-03 16:50:59.494,18289,18290,18289,2,-2
2022-01-03 16:51:06.728,18288,18289,18289,1,1
2022-01-03 16:51:31.063,18288,18289,18288,3,-3
2022-01-03 16:51:42.214,18286,18288,18286,1,-1
2022-01-03 16:51:50.969,18286,18287,18286,1,-1
2022-01-03 16:51:54.952,18286,18287,18286,1,-1
2022-01-03 16:51:55.053,18286,18287,18286,1,-1
2022-01-03 16:51:56.812,18286,18287,18286,1,-1
2022-01-03 16:51:59.124,18286,18287,18286,1,-1
2022-01-03 16:52:01.311,18286,18287,18286,1,-1
2022-01-03 16:52:06.728,18286,18287,18286,1,-1
2022-01-03 16:52:07.465,18286,18287,18286,1,-1
2022-01-03 16:52:13.785,18286,18287,18286,1,-1
2022-01-03 16:52:15.710,18286,18287,18287,12,12
2022-01-03 16:52:16.759,18287,18288,18288,2,2
2022-01-03 16:52:16.995,18287,18288,18288,1,1
2022-01-03 16:52:24.756,18288,18289,18288,1,-1
2022-01-03 16:52:27.040,18288,18289,18288,1,-1
2022-01-03 16:52:27.694,18288,18289,18288,1,-1
2022-01-03 16:52:44.456,18287,18288,18287,1,-1
2022-01-03 16:53:01.946,18287,18288,18288,1,1
2022-01-03 16:53:03.764,18288,18289,18288,1,-1
2022-01-03 16:53:10.695,18287,18288,18288,1,1
2022-01-03 16:53:10.695,18287,18288,18288,1,1
2022-01-03 16:53:15.184,18288,18289,18288,1,-1
2022-01-03 16:53:20.351,18288,18289,18289,1,1
2022-01-03 16:53:23.645,18288,18290,18288,1,-1
2022-01-03 16:53:43.019,18288,18289,18288,2,-2
2022-01-03 16:53:56.107,18287,18288,18287,1,-1
2022-01-03 16:54:02.548,18287,18289,18289,1,1
2022-01-03 16:54:03.308,18287,18288,18288,1,1
2022-01-03 16:54:14.016,18287,18288,18288,1,1
2022-01-03 16:54:15.884,18287,18288,18287,1,-1
2022-01-03 16:54:24.238,18287,18288,18287,3,-3
2022-01-03 16:54:24.238,18287,18288,18287,1,-1
2022-01-03 16:54:40.045,18286,18287,18287,2,2
2022-01-03 16:54:45.858,18286,18287,18286,1,-1
2022-01-03 16:54:51.060,18286,18287,18287,2,2
2022-01-03 16:54:58.004,18286,18288,18286,1,-1
2022-01-03 16:55:07.734,18287,18288,18287,1,-1
2022-01-03 16:55:17.234,18287,18288,18287,1,-1
2022-01-03 16:55:46.869,18286,18287,18286,1,-1
2022-01-03 16:55:49.699,18286,18287,18286,1,-1
2022-01-03 16:55:56.600,18286,18287,18286,3,-3
2022-01-03 16:55:57.363,18285,18287,18287,1,1
2022-01-03 16:56:28.171,18285,18287,18287,1,1
2022-01-03 16:56:28.241,18286,18287,18287,1,1
2022-01-03 16:56:28.241,18286,18287,18288,1,1
2022-01-03 16:56:28.241,18286,18287,18288,1,1
2022-01-03 16:56:36.611,18287,18289,18287,7,-7
2022-01-03 16:56:36.611,18287,18289,18286,1,-1
2022-01-03 16:56:36.615,18286,18287,18288,1,1
2022-01-03 16:56:36.615,18286,18287,18288,1,1
2022-01-03 16:56:36.615,18286,18287,18288,1,1
2022-01-03 16:56:36.615,18286,18287,18288,1,1
2022-01-03 16:56:36.615,18286,18287,18288,1,1
2022-01-03 16:56:36.615,18286,18287,18289,1,1
2022-01-03 16:57:23.920,18286,18288,18288,1,1
2022-01-03 16:57:51.849,18287,18289,18287,3,-3
2022-01-03 16:57:51.849,18287,18289,18288,1,1
2022-01-03 16:58:10.958,18288,18289,18289,1,1
2022-01-03 16:58:10.958,18288,18289,18289,2,2
2022-01-03 16:58:10.990,18289,18290,18290,1,1
2022-01-03 16:58:10.990,18289,18290,18290,1,1
2022-01-03 16:58:17.918,18289,18290,18290,1,1
2022-01-03 16:58:18.716,18289,18291,18289,1,-1
2022-01-03 16:58:19.121,18289,18290,18290,2,2
2022-01-03 16:58:23.748,18289,18290,18290,2,2
2022-01-03 16:58:27.083,18290,18291,18290,1,-1
2022-01-03 16:58:36.694,18290,18291,18290,1,-1
2022-01-03 16:58:38.556,18289,18291,18291,1,1
2022-01-03 16:58:50.001,18289,18290,18290,1,1
2022-01-03 16:58:51.607,18289,18290,18289,2,-2
2022-01-03 16:58:52.029,18289,18290,18289,4,-4
2022-01-03 16:58:54.571,18289,18290,18290,1,1
2022-01-03 16:58:59.104,18289,18290,18290,1,1
2022-01-03 16:59:01.188,18289,18290,18290,6,6
2022-01-03 16:59:02.539,18289,18290,18290,1,1
2022-01-03 16:59:08.399,18289,18290,18289,1,-1
2022-01-03 16:59:13.686,18288,18289,18289,1,1
2022-01-03 16:59:30.007,18288,18289,18288,5,-5
2022-01-03 16:59:31.776,18286,18287,18286,2,-2
2022-01-03 17:00:06.510,18285,18286,18286,3,3
2022-01-03 17:00:06.623,18286,18287,18287,1,1
2022-01-03 17:00:06.623,18286,18287,18287,1,1
2022-01-03 17:00:06.623,18286,18287,18288,1,1
2022-01-03 17:00:07.076,18287,18288,18288,2,2
2022-01-03 17:00:07.095,18287,18288,18289,2,2
2022-01-03 17:00:07.115,18287,18289,18289,1,1
2022-01-03 17:00:07.115,18287,18289,18289,1,1
2022-01-03 17:00:07.115,18287,18289,18289,1,1
2022-01-03 17:00:07.115,18287,18289,18289,1,1
2022-01-03 17:00:07.116,18287,18289,18289,1,1
2022-01-03 17:00:07.116,18287,18289,18289,1,1
2022-01-03 17:00:07.116,18287,18289,18290,1,1
2022-01-03 17:00:07.717,18288,18290,18288,1,-1
2022-01-03 17:00:14.491,18287,18289,18289,1,1
2022-01-03 17:00:59.294,18288,18289,18289,1,1
2022-01-03 17:01:01.381,18288,18290,18290,1,1
2022-01-03 17:01:20.860,18289,18290,18289,1,-1
2022-01-03 17:01:20.867,18288,18290,18290,1,1
2022-01-03 17:01:20.874,18288,18290,18290,2,2
2022-01-03 17:01:39.831,18288,18289,18288,1,-1
2022-01-03 17:01:39.865,18288,18289,18289,1,1
2022-01-03 17:01:39.865,18288,18289,18290,1,1
2022-01-03 17:01:39.866,18288,18289,18290,1,1
2022-01-03 17:01:39.866,18288,18289,18290,1,1
2022-01-03 17:01:47.629,18288,18289,18289,1,1
2022-01-03 17:01:47.740,18288,18290,18290,1,1
2022-01-03 17:01:52.323,18289,18290,18290,1,1
2022-01-03 17:01:52.365,18289,18290,18290,1,1
2022-01-03 17:01:52.901,18289,18290,18289,1,-1
2022-01-03 17:02:06.892,18289,18290,18289,1,-1
2022-01-03 17:02:07.400,18289,18290,18289,1,-1
2022-01-03 17:02:20.249,18288,18289,18288,4,-4
2022-01-03 17:02:26.526,18287,18289,18289,6,6
2022-01-03 17:02:26.526,18287,18289,18289,3,3
2022-01-03 17:02:26.526,18287,18289,18289,1,1
2022-01-03 17:03:01.049,18287,18288,18287,1,-1
2022-01-03 17:03:01.051,18287,18288,18287,1,-1
2022-01-03 17:03:01.051,18287,18288,18286,1,-1
2022-01-03 17:03:01.051,18287,18288,18286,5,-5
2022-01-03 17:03:02.020,18286,18287,18286,2,-2
2022-01-03 17:03:02.021,18286,18287,18285,1,-1
2022-01-03 17:03:07.059,18285,18286,18285,2,-2
2022-01-03 17:03:07.892,18284,18285,18285,1,1
2022-01-03 17:03:20.398,18284,18285,18285,1,1
2022-01-03 17:03:25.136,18284,18285,18285,1,1
2022-01-03 17:03:29.518,18284,18286,18284,4,-4
2022-01-03 17:03:29.621,18284,18286,18284,1,-1
2022-01-03 17:03:35.554,18284,18285,18284,1,-1
2022-01-03 17:03:42.282,18284,18285,18284,2,-2
2022-01-03 17:03:48.715,18284,18285,18284,1,-1
2022-01-03 17:03:52.195,18284,18285,18284,1,-1
2022-01-03 17:03:56.180,18284,18285,18284,1,-1
2022-01-03 17:04:02.639,18284,18285,18285,5,5
2022-01-03 17:04:03.261,18284,18286,18284,1,-1
2022-01-03 17:04:06.575,18284,18286,18285,1,1
2022-01-03 17:04:43.626,18284,18285,18285,1,1
2022-01-03 17:04:48.259,18284,18285,18285,1,1
2022-01-03 17:05:03.588,18284,18285,18285,1,1
2022-01-03 17:05:03.589,18284,18285,18285,2,2
2022-01-03 17:05:04.597,18284,18286,18286,1,1
2022-01-03 17:05:06.352,18284,18285,18285,2,2
2022-01-03 17:05:09.407,18285,18286,18285,1,-1
2022-01-03 17:05:14.821,18285,18286,18286,4,4
2022-01-03 17:05:20.463,18285,18286,18285,1,-1
2022-01-03 17:05:26.121,18284,18285,18285,1,1
2022-01-03 17:05:39.555,18285,18286,18285,1,-1
2022-01-03 17:05:51.995,18284,18286,18286,2,2
2022-01-03 17:06:04.027,18284,18285,18285,1,1
2022-01-03 17:06:07.405,18284,18285,18285,1,1
2022-01-03 17:06:28.035,18284,18285,18285,2,2
2022-01-03 17:06:37.987,18285,18287,18285,1,-1
2022-01-03 17:06:39.588,18285,18286,18285,1,-1
2022-01-03 17:06:39.589,18285,18286,18285,4,-4
2022-01-03 17:06:40.131,18284,18286,18285,1,1
2022-01-03 17:06:53.256,18284,18286,18286,1,1
2022-01-03 17:06:54.014,18285,18286,18285,1,-1
2022-01-03 17:06:54.015,18285,18286,18284,1,-1
2022-01-03 17:06:56.004,18284,18285,18285,1,1
2022-01-03 17:06:56.279,18284,18285,18284,1,-1
2022-01-03 17:07:20.754,18284,18286,18284,2,-2
2022-01-03 17:07:24.770,18285,18286,18285,1,-1
2022-01-03 17:07:43.322,18285,18286,18286,1,1
2022-01-03 17:07:49.695,18285,18286,18285,3,-3
2022-01-03 17:07:49.724,18285,18286,18285,1,-1
2022-01-03 17:07:58.616,18285,18286,18285,1,-1
2022-01-03 17:08:19.460,18284,18285,18284,8,-8
2022-01-03 17:08:20.361,18283,18285,18284,1,1
2022-01-03 17:08:35.295,18284,18285,18284,1,-1
2022-01-03 17:08:39.634,18284,18285,18284,1,-1
2022-01-03 17:08:47.120,18284,18285,18284,3,-3
2022-01-03 17:08:54.969,18284,18285,18284,1,-1
2022-01-03 17:09:23.094,18284,18285,18285,3,3
2022-01-03 17:09:40.341,18284,18286,18286,1,1
2022-01-03 17:09:59.395,18285,18286,18285,1,-1
2022-01-03 17:10:00.456,18285,18286,18286,1,1
2022-01-03 17:10:02.208,18285,18286,18286,1,1
2022-01-03 17:10:02.618,18285,18286,18286,1,1
2022-01-03 17:10:02.619,18285,18286,18287,2,2
2022-01-03 17:10:02.715,18285,18286,18287,1,1
2022-01-03 17:10:14.343,18285,18286,18286,1,1
2022-01-03 17:10:17.782,18285,18286,18286,2,2
2022-01-03 17:10:33.584,18286,18287,18287,4,4
2022-01-03 17:10:36.804,18286,18287,18287,1,1
2022-01-03 17:10:53.699,18287,18288,18288,2,2
2022-01-03 17:11:18.865,18287,18288,18288,1,1
2022-01-03 17:11:50.271,18287,18288,18288,1,1
2022-01-03 17:11:50.288,18287,18288,18288,1,1
2022-01-03 17:11:53.921,18288,18289,18289,2,2
2022-01-03 17:11:56.665,18288,18289,18288,1,-1
2022-01-03 17:12:04.178,18288,18289,18288,1,-1
2022-01-03 17:12:15.665,18288,18289,18288,1,-1
2022-01-03 17:12:26.708,18288,18289,18288,1,-1
2022-01-03 17:12:26.852,18287,18288,18288,1,1
2022-01-03 17:13:19.715,18288,18289,18288,2,-2
2022-01-03 17:13:24.044,18288,18289,18288,1,-1
2022-01-03 17:13:44.612,18288,18289,18288,1,-1
2022-01-03 17:13:44.612,18288,18289,18288,1,-1
2022-01-03 17:13:44.612,18288,18289,18288,1,-1
2022-01-03 17:13:50.889,18287,18288,18288,1,1
2022-01-03 17:13:57.808,18287,18288,18288,1,1
2022-01-03 17:14:08.213,18288,18289,18289,9,9
2022-01-03 17:14:14.968,18289,18290,18290,2,2
2022-01-03 17:14:14.970,18289,18290,18290,4,4
2022-01-03 17:14:14.974,18289,18290,18291,6,6
2022-01-03 17:14:18.842,18290,18291,18290,1,-1
2022-01-03 17:14:19.617,18290,18291,18291,2,2
2022-01-03 17:14:20.608,18290,18291,18291,1,1
2022-01-03 17:14:20.779,18291,18292,18292,7,7
2022-01-03 17:14:20.779,18291,18292,18293,1,1
2022-01-03 17:14:20.785,18291,18292,18293,5,5
2022-01-03 17:14:32.695,18292,18293,18293,1,1
2022-01-03 17:14:33.210,18292,18293,18293,8,8
2022-01-03 17:14:33.211,18292,18293,18293,3,3
2022-01-03 17:15:01.077,18293,18294,18293,1,-1
2022-01-03 17:15:01.078,18293,18294,18293,1,-1
2022-01-03 17:15:01.078,18293,18294,18293,1,-1
2022-01-03 17:15:04.497,18292,18294,18294,1,1
2022-01-03 17:15:04.965,18292,18294,18294,1,1
2022-01-03 17:15:04.970,18292,18294,18294,1,1
2022-01-03 17:15:05.104,18292,18294,18294,1,1
2022-01-03 17:15:05.530,18292,18294,18294,1,1
2022-01-03 17:15:12.709,18292,18293,18293,1,1
2022-01-03 17:15:19.586,18293,18294,18293,1,-1
2022-01-03 17:15:19.586,18293,18294,18293,1,-1
2022-01-03 17:15:19.586,18293,18294,18293,1,-1
2022-01-03 17:15:24.230,18292,18293,18292,4,-4
2022-01-03 17:15:24.495,18291,18292,18291,1,-1
2022-01-03 17:15:30.589,18291,18292,18291,1,-1
2022-01-03 17:15:49.593,18291,18292,18292,1,1
2022-01-03 17:15:49.610,18291,18292,18292,1,1
2022-01-03 17:15:49.615,18291,18292,18292,1,1
2022-01-03 17:15:49.618,18291,18292,18293,1,1
2022-01-03 17:16:05.883,18292,18293,18293,1,1
2022-01-03 17:16:10.977,18292,18293,18292,1,-1
2022-01-03 17:16:12.039,18292,18293,18293,3,3
2022-01-03 17:16:12.116,18292,18293,18293,1,1
2022-01-03 17:16:12.943,18292,18293,18293,1,1
2022-01-03 17:16:14.364,18292,18293,18292,1,-1
2022-01-03 17:16:18.092,18292,18293,18292,1,-1
2022-01-03 17:16:25.156,18291,18292,18291,1,-1
2022-01-03 17:16:25.240,18290,18292,18292,1,1
2022-01-03 17:16:28.491,18291,18292,18292,2,2
2022-01-03 17:16:49.013,18292,18293,18293,1,1
2022-01-03 17:16:49.115,18292,18293,18293,1,1
2022-01-03 17:16:50.715,18292,18293,18292,2,-2
2022-01-03 17:16:50.740,18291,18292,18292,1,1
2022-01-03 17:16:58.405,18291,18292,18291,3,-3
2022-01-03 17:16:59.362,18291,18292,18292,2,2
2022-01-03 17:17:26.896,18291,18292,18292,1,1
2022-01-03 17:17:31.872,18291,18292,18291,3,-3
2022-01-03 17:17:35.574,18290,18291,18290,4,-4
2022-01-03 17:17:38.226,18290,18291,18291,1,1
2022-01-03 17:17:38.609,18290,18291,18290,1,-1
2022-01-03 17:17:42.438,18289,18291,18291,1,1
2022-01-03 17:17:48.955,18289,18290,18289,1,-1
2022-01-03 17:18:04.106,18288,18290,18290,1,1
2022-01-03 17:18:10.880,18289,18290,18290,1,1
2022-01-03 17:18:13.695,18288,18290,18290,1,1
2022-01-03 17:18:20.424,18288,18290,18290,1,1
2022-01-03 17:18:31.469,18288,18289,18288,2,-2
2022-01-03 17:19:05.021,18289,18290,18289,1,-1
2022-01-03 17:19:59.225,18288,18289,18289,1,1
2022-01-03 17:20:05.179,18288,18290,18288,1,-1
2022-01-03 17:20:09.558,18288,18290,18290,1,1
2022-01-03 17:21:30.127,18289,18290,18290,5,5
2022-01-03 17:21:30.240,18290,18291,18291,1,1
2022-01-03 17:21:30.242,18290,18291,18292,1,1
2022-01-03 17:21:30.242,18290,18291,18292,1,1
2022-01-03 17:21:30.242,18290,18291,18292,1,1
2022-01-03 17:21:43.310,18290,18292,18290,1,-1
2022-01-03 17:21:43.364,18290,18292,18292,1,1
2022-01-03 17:21:43.364,18290,18292,18292,1,1
2022-01-03 17:21:43.364,18290,18292,18292,1,1
2022-01-03 17:21:43.364,18290,18292,18292,1,1
2022-01-03 17:21:43.365,18290,18292,18293,1,1
2022-01-03 17:21:43.365,18290,18292,18292,1,1
2022-01-03 17:21:43.365,18290,18292,18293,1,1
2022-01-03 17:21:43.366,18290,18292,18293,1,1
2022-01-03 17:21:43.366,18290,18292,18293,1,1
2022-01-03 17:21:43.366,18290,18292,18293,1,1
2022-01-03 17:21:43.366,18290,18292,18293,1,1
2022-01-03 17:21:47.681,18291,18293,18291,1,-1
2022-01-03 17:21:47.740,18291,18293,18293,1,1
2022-01-03 17:21:47.740,18291,18293,18293,1,1
2022-01-03 17:21:47.740,18291,18293,18293,1,1
2022-01-03 17:21:47.740,18291,18293,18293,1,1
2022-01-03 17:21:47.740,18291,18293,18293,1,1
2022-01-03 17:21:47.740,18291,18293,18293,1,1
2022-01-03 17:21:47.740,18291,18293,18293,1,1
2022-01-03 17:21:47.740,18291,18293,18293,1,1
2022-01-03 17:21:47.741,18291,18293,18293,1,1
2022-01-03 17:21:47.741,18291,18293,18293,1,1
2022-01-03 17:21:47.741,18291,18293,18293,1,1
2022-01-03 17:21:47.741,18291,18293,18293,1,1
2022-01-03 17:21:52.162,18292,18294,18292,1,-1
2022-01-03 17:21:52.239,18292,18294,18294,1,1
2022-01-03 17:21:52.240,18292,18294,18294,1,1
2022-01-03 17:21:52.240,18292,18294,18294,1,1
2022-01-03 17:21:52.241,18292,18294,18294,1,1
2022-01-03 17:21:52.241,18292,18294,18294,1,1
2022-01-03 17:21:52.241,18292,18294,18294,1,1
2022-01-03 17:21:52.241,18292,18294,18294,1,1
2022-01-03 17:21:52.418,18292,18294,18294,1,1
2022-01-03 17:21:52.423,18292,18294,18294,1,1
2022-01-03 17:21:52.424,18292,18294,18294,1,1
2022-01-03 17:21:52.428,18292,18294,18294,1,1
2022-01-03 17:21:52.433,18292,18294,18294,1,1
2022-01-03 17:21:52.466,18292,18294,18294,1,1
2022-01-03 17:21:52.494,18292,18294,18294,1,1
2022-01-03 17:21:52.497,18292,18294,18294,1,1
2022-01-03 17:21:52.501,18292,18294,18294,1,1
2022-01-03 17:21:52.515,18292,18294,18294,1,1
2022-01-03 17:21:56.469,18292,18294,18292,3,-3
2022-01-03 17:22:35.984,18291,18292,18291,1,-1
2022-01-03 17:22:44.697,18291,18292,18291,1,-1
2022-01-03 17:22:58.589,18291,18292,18292,2,2
2022-01-03 17:23:16.016,18291,18293,18293,1,1
2022-01-03 17:23:54.159,18291,18292,18291,1,-1
2022-01-03 17:24:23.788,18291,18293,18293,1,1
2022-01-03 17:24:28.644,18291,18293,18292,1,1
2022-01-03 17:25:00.855,18291,18293,18293,3,3
2022-01-03 17:25:02.618,18292,18293,18292,1,-1
2022-01-03 17:25:11.422,18292,18293,18292,1,-1
2022-01-03 17:25:19.105,18291,18293,18291,1,-1
2022-01-03 17:25:30.726,18291,18293,18293,5,5
2022-01-03 17:25:32.503,18292,18294,18292,1,-1
2022-01-03 17:25:40.426,18292,18293,18293,1,1
2022-01-03 17:25:41.160,18293,18294,18294,6,6
2022-01-03 17:25:41.383,18293,18294,18293,1,-1
2022-01-03 17:25:41.520,18293,18294,18294,1,1
2022-01-03 17:25:41.577,18293,18294,18294,1,1
2022-01-03 17:25:41.909,18293,18294,18293,1,-1
2022-01-03 17:25:48.832,18293,18294,18293,1,-1
2022-01-03 17:26:25.145,18293,18294,18293,1,-1
2022-01-03 17:26:58.338,18293,18294,18293,1,-1
2022-01-03 17:27:13.400,18293,18294,18293,4,-4
2022-01-03 17:27:22.603,18292,18293,18293,1,1
2022-01-03 17:27:23.272,18292,18293,18292,1,-1
2022-01-03 17:27:57.746,18290,18292,18291,1,1
2022-01-03 17:27:57.746,18290,18292,18291,1,1
2022-01-03 17:28:15.076,18291,18292,18291,1,-1
2022-01-03 17:28:42.182,18290,18291,18290,1,-1
2022-01-03 17:28:45.801,18290,18291,18291,1,1
2022-01-03 17:28:45.801,18290,18291,18291,2,2
2022-01-03 17:28:46.651,18290,18291,18290,5,-5
2022-01-03 17:28:46.651,18290,18291,18290,11,-11
2022-01-03 17:28:57.790,18289,18291,18289,1,-1
2022-01-03 17:30:05.945,18290,18291,18291,3,3
2022-01-03 17:30:47.774,18291,18292,18291,2,-2
2022-01-03 17:31:57.964,18290,18291,18290,2,-2
2022-01-03 17:33:58.546,18290,18291,18290,1,-1
2022-01-03 17:34:05.060,18290,18291,18291,3,3
2022-01-03 17:34:05.087,18290,18291,18291,1,1
2022-01-03 17:34:25.219,18290,18292,18290,1,-1
2022-01-03 17:35:11.879,18291,18292,18291,2,-2
2022-01-03 17:35:55.203,18291,18292,18292,1,1
2022-01-03 17:36:17.307,18291,18292,18292,1,1
2022-01-03 17:36:17.752,18291,18292,18292,1,1
2022-01-03 17:36:33.489,18291,18292,18292,1,1
2022-01-03 17:37:12.221,18291,18292,18291,1,-1
2022-01-03 17:37:44.582,18291,18292,18291,2,-2
2022-01-03 17:38:12.173,18291,18292,18291,1,-1
2022-01-03 17:38:55.699,18290,18291,18291,1,1
2022-01-03 17:39:04.361,18290,18291,18291,1,1
2022-01-03 17:39:39.424,18291,18292,18291,1,-1
2022-01-03 17:39:40.875,18291,18292,18291,1,-1
2022-01-03 17:40:42.517,18290,18291,18290,1,-1
2022-01-03 17:40:44.856,18290,18291,18290,1,-1
2022-01-03 17:40:46.856,18290,18291,18290,1,-1
2022-01-03 17:41:36.686,18290,18291,18290,1,-1
2022-01-03 17:41:36.905,18290,18291,18291,1,1
2022-01-03 17:41:36.917,18290,18291,18291,1,1
2022-01-03 17:41:36.934,18290,18291,18291,1,1
2022-01-03 17:42:13.639,18290,18291,18290,8,-8
2022-01-03 17:42:46.790,18289,18290,18290,1,1
2022-01-03 17:43:12.248,18290,18291,18290,1,-1
2022-01-03 17:43:58.063,18290,18291,18290,4,-4
2022-01-03 17:44:23.466,18290,18291,18291,5,5
2022-01-03 17:45:04.491,18291,18292,18292,1,1
2022-01-03 17:45:04.650,18291,18292,18292,2,2
2022-01-03 17:45:53.314,18292,18293,18292,1,-1
2022-01-03 17:45:56.906,18291,18292,18292,1,1
2022-01-03 17:46:00.656,18291,18293,18293,1,1
2022-01-03 17:46:01.403,18291,18293,18293,1,1
2022-01-03 17:46:46.708,18290,18292,18290,1,-1
2022-01-03 17:47:06.241,18291,18292,18291,1,-1
2022-01-03 17:47:06.365,18290,18292,18292,1,1
2022-01-03 17:47:06.365,18290,18292,18292,1,1
2022-01-03 17:47:06.365,18290,18292,18292,1,1
2022-01-03 17:47:06.365,18290,18292,18293,1,1
2022-01-03 17:47:06.366,18290,18292,18293,1,1
2022-01-03 17:47:06.366,18290,18292,18293,1,1
2022-01-03 17:47:06.802,18291,18293,18291,1,-1
2022-01-03 17:47:08.028,18291,18292,18291,2,-2
2022-01-03 17:47:08.677,18291,18292,18291,1,-1
2022-01-03 17:47:14.413,18290,18291,18291,1,1
2022-01-03 17:47:17.658,18290,18292,18290,1,-1
2022-01-03 17:47:25.638,18290,18292,18290,2,-2
2022-01-03 17:47:25.740,18290,18292,18292,1,1
2022-01-03 17:47:27.130,18290,18291,18290,5,-5
2022-01-03 17:47:28.782,18290,18291,18290,2,-2
2022-01-03 17:47:28.782,18290,18291,18289,13,-13
2022-01-03 17:47:29.073,18289,18291,18289,4,-4
2022-01-03 17:47:29.216,18288,18289,18289,6,6
2022-01-03 17:47:31.256,18289,18290,18289,1,-1
2022-01-03 17:47:31.431,18289,18290,18289,5,-5
2022-01-03 17:47:31.432,18289,18290,18289,4,-4
2022-01-03 17:47:31.432,18289,18290,18289,1,-1
2022-01-03 17:47:33.307,18289,18290,18289,2,-2
2022-01-03 17:47:34.629,18288,18289,18289,1,1
2022-01-03 17:47:34.676,18288,18289,18288,1,-1
2022-01-03 17:47:34.922,18288,18289,18288,1,-1
2022-01-03 17:47:35.874,18288,18289,18288,3,-3
2022-01-03 17:47:35.874,18288,18289,18287,2,-2
2022-01-03 17:47:36.197,18287,18289,18287,9,-9
2022-01-03 17:47:36.198,18287,18289,18287,1,-1
2022-01-03 17:47:37.745,18287,18288,18287,4,-4
2022-01-03 17:47:37.746,18287,18288,18287,1,-1
2022-01-03 17:47:37.746,18287,18288,18287,1,-1
2022-01-03 17:47:37.747,18287,18288,18287,1,-1
2022-01-03 17:47:38.426,18286,18287,18287,4,4
2022-01-03 17:47:40.428,18287,18288,18287,6,-6
2022-01-03 17:47:43.299,18286,18287,18286,1,-1
2022-01-03 17:47:43.544,18286,18287,18286,5,-5
2022-01-03 17:47:44.049,18286,18287,18286,1,-1
2022-01-03 17:47:47.153,18286,18287,18286,1,-1
2022-01-03 17:47:47.388,18286,18287,18286,1,-1
2022-01-03 17:47:47.551,18286,18287,18286,1,-1
2022-01-03 17:47:48.062,18286,18287,18286,1,-1
2022-01-03 17:47:49.019,18286,18287,18286,1,-1
2022-01-03 17:47:53.787,18286,18287,18286,1,-1
2022-01-03 17:47:54.645,18286,18287,18286,1,-1
2022-01-03 17:47:56.557,18286,18287,18286,2,-2
2022-01-03 17:47:57.127,18286,18287,18286,1,-1
2022-01-03 17:47:59.338,18286,18287,18287,5,5
2022-01-03 17:47:59.489,18287,18288,18287,1,-1
2022-01-03 17:48:00.889,18287,18288,18287,2,-2
2022-01-03 17:48:00.991,18287,18288,18288,1,1
2022-01-03 17:48:03.142,18287,18288,18287,1,-1
2022-01-03 17:48:03.241,18286,18288,18288,1,1
2022-01-03 17:48:03.646,18287,18289,18287,2,-2
2022-01-03 17:48:04.267,18288,18289,18288,1,-1
2022-01-03 17:48:04.716,18287,18288,18287,2,-2
2022-01-03 17:48:06.183,18287,18288,18287,2,-2
2022-01-03 17:48:07.206,18286,18287,18286,5,-5
2022-01-03 17:48:07.241,18286,18287,18287,1,1
2022-01-03 17:48:08.740,18286,18287,18287,1,1
2022-01-03 17:48:10.259,18286,18287,18286,1,-1
2022-01-03 17:48:11.586,18286,18287,18287,1,1
2022-01-03 17:48:11.635,18286,18287,18286,1,-1
2022-01-03 17:48:13.109,18286,18287,18286,1,-1
2022-01-03 17:48:13.115,18285,18286,18285,2,-2
2022-01-03 17:48:14.737,18285,18286,18285,1,-1
2022-01-03 17:48:14.872,18285,18286,18286,1,1
2022-01-03 17:48:16.943,18285,18286,18285,1,-1
2022-01-03 17:48:17.500,18285,18286,18285,1,-1
2022-01-03 17:48:17.616,18285,18286,18286,1,1
2022-01-03 17:48:17.702,18285,18286,18285,1,-1
2022-01-03 17:48:17.769,18285,18286,18285,5,-5
2022-01-03 17:48:18.432,18285,18286,18285,1,-1
2022-01-03 17:48:19.924,18285,18286,18285,1,-1
2022-01-03 17:48:24.031,18285,18286,18285,3,-3
2022-01-03 17:48:24.366,18284,18285,18285,1,1
2022-01-03 17:48:26.365,18284,18285,18285,1,1
2022-01-03 17:48:28.653,18284,18285,18285,1,1
2022-01-03 17:48:28.740,18284,18285,18285,1,1
2022-01-03 17:48:28.740,18284,18285,18285,1,1
2022-01-03 17:48:28.740,18284,18285,18285,8,8
2022-01-03 17:48:29.234,18285,18286,18285,1,-1
