2022-08-18 15:00:00.010,15284,15285,15285,136,136
2022-08-18 15:00:00.012,15284,15285,15285,1,1
2022-08-18 15:00:00.013,15284,15285,15286,1,1
2022-08-18 15:00:00.013,15284,15285,15286,2,2
2022-08-18 15:00:00.031,15285,15287,15285,1,-1
2022-08-18 15:00:00.036,15285,15287,15287,1,1
2022-08-18 15:00:00.114,15285,15287,15285,1,-1
2022-08-18 15:00:00.114,15285,15287,15285,2,-2
2022-08-18 15:00:00.121,15285,15287,15284,2,-2
2022-08-18 15:00:00.154,15285,15287,15285,1,-1
2022-08-18 15:00:00.188,15285,15287,15284,2,-2
2022-08-18 15:00:00.275,15283,15287,15284,1,-1
2022-08-18 15:00:00.294,15283,15287,15284,1,-1
2022-08-18 15:00:00.315,15283,15287,15285,8,-8
2022-08-18 15:00:00.351,15283,15287,15285,2,-2
2022-08-18 15:00:00.351,15283,15287,15287,6,6
2022-08-18 15:00:00.368,15286,15288,15288,1,1
2022-08-18 15:00:00.378,15286,15288,15288,1,1
2022-08-18 15:00:00.385,15286,15288,15288,4,4
2022-08-18 15:00:00.401,15286,15288,15287,3,3
2022-08-18 15:00:00.408,15286,15288,15287,1,1
2022-08-18 15:00:00.419,15286,15288,15287,1,1
2022-08-18 15:00:00.426,15286,15288,15288,4,4
2022-08-18 15:00:00.448,15286,15288,15288,1,1
2022-08-18 15:00:00.456,15286,15288,15289,1,1
2022-08-18 15:00:00.468,15286,15288,15289,1,1
2022-08-18 15:00:00.473,15286,15288,15289,1,1
2022-08-18 15:00:00.534,15286,15290,15286,1,-1
2022-08-18 15:00:00.534,15286,15290,15284,1,-1
2022-08-18 15:00:00.534,15286,15290,15283,6,-6
2022-08-18 15:00:00.545,15286,15290,15283,1,-1
2022-08-18 15:00:00.551,15286,15290,15283,1,-1
2022-08-18 15:00:00.562,15286,15290,15286,1,-1
2022-08-18 15:00:00.562,15286,15290,15285,1,-1
2022-08-18 15:00:00.585,15286,15290,15282,1,-1
2022-08-18 15:00:00.600,15286,15290,15282,1,-1
2022-08-18 15:00:00.656,15282,15287,15287,1,1
2022-08-18 15:00:00.666,15282,15287,15288,2,2
2022-08-18 15:00:00.667,15282,15287,15288,1,1
2022-08-18 15:00:00.679,15282,15287,15286,1,1
2022-08-18 15:00:00.695,15282,15287,15285,1,1
2022-08-18 15:00:00.695,15282,15287,15282,1,-1
2022-08-18 15:00:00.705,15282,15287,15286,1,1
2022-08-18 15:00:00.722,15282,15287,15288,1,1
2022-08-18 15:00:00.782,15287,15289,15286,1,-1
2022-08-18 15:00:00.782,15287,15289,15285,3,-3
2022-08-18 15:00:00.827,15287,15289,15285,1,-1
2022-08-18 15:00:00.830,15287,15289,15284,1,-1
2022-08-18 15:00:00.830,15287,15289,15286,1,-1
2022-08-18 15:00:00.968,15284,15287,15284,2,-2
2022-08-18 15:00:00.986,15284,15286,15286,1,1
2022-08-18 15:00:01.005,15284,15286,15286,1,1
2022-08-18 15:00:01.125,15286,15288,15288,1,1
2022-08-18 15:00:01.150,15286,15288,15288,1,1
2022-08-18 15:00:01.355,15286,15289,15286,1,-1
2022-08-18 15:00:01.423,15286,15288,15288,2,2
2022-08-18 15:00:01.450,15286,15288,15286,2,-2
2022-08-18 15:00:01.518,15286,15288,15288,1,1
2022-08-18 15:00:01.527,15286,15288,15288,2,2
2022-08-18 15:00:01.536,15286,15288,15288,1,1
2022-08-18 15:00:01.547,15286,15288,15286,1,-1
2022-08-18 15:00:01.593,15286,15288,15288,1,1
2022-08-18 15:00:01.593,15286,15288,15289,2,2
2022-08-18 15:00:01.667,15287,15289,15287,1,-1
2022-08-18 15:00:01.670,15287,15289,15286,1,-1
2022-08-18 15:00:01.684,15287,15289,15286,2,-2
2022-08-18 15:00:01.716,15287,15289,15287,1,-1
2022-08-18 15:00:01.789,15287,15288,15287,2,-2
2022-08-18 15:00:01.916,15287,15288,15287,1,-1
2022-08-18 15:00:01.987,15286,15288,15286,1,-1
2022-08-18 15:00:02.001,15286,15288,15285,1,-1
2022-08-18 15:00:02.095,15286,15288,15285,1,-1
2022-08-18 15:00:02.186,15285,15287,15285,2,-2
2022-08-18 15:00:02.186,15285,15287,15284,6,-6
2022-08-18 15:00:02.186,15285,15287,15283,5,-5
2022-08-18 15:00:02.187,15285,15287,15283,28,-28
2022-08-18 15:00:02.187,15285,15287,15283,1,-1
2022-08-18 15:00:02.187,15285,15287,15283,1,-1
2022-08-18 15:00:02.226,15285,15287,15285,1,-1
2022-08-18 15:00:02.226,15285,15287,15284,1,-1
2022-08-18 15:00:02.241,15284,15286,15286,1,1
2022-08-18 15:00:02.281,15284,15286,15286,1,1
2022-08-18 15:00:02.414,15286,15287,15286,2,-2
2022-08-18 15:00:02.415,15286,15287,15286,1,-1
2022-08-18 15:00:02.418,15286,15287,15285,1,-1
2022-08-18 15:00:02.483,15285,15287,15286,1,-1
2022-08-18 15:00:02.640,15285,15286,15285,1,-1
2022-08-18 15:00:02.730,15285,15286,15286,1,1
2022-08-18 15:00:02.763,15285,15286,15285,1,-1
2022-08-18 15:00:02.765,15285,15286,15285,1,-1
2022-08-18 15:00:03.229,15285,15287,15285,2,-2
2022-08-18 15:00:03.338,15285,15287,15285,1,-1
2022-08-18 15:00:03.500,15285,15287,15285,1,-1
2022-08-18 15:00:03.611,15285,15287,15285,1,-1
2022-08-18 15:00:03.626,15285,15287,15284,2,-2
2022-08-18 15:00:03.634,15285,15287,15284,1,-1
2022-08-18 15:00:03.650,15285,15287,15283,1,-1
2022-08-18 15:00:03.652,15285,15287,15283,1,-1
2022-08-18 15:00:03.747,15283,15285,15283,5,-5
2022-08-18 15:00:03.825,15283,15285,15282,1,-1
2022-08-18 15:00:03.923,15282,15284,15282,1,-1
2022-08-18 15:00:03.988,15282,15284,15284,1,1
2022-08-18 15:00:04.055,15282,15284,15282,1,-1
2022-08-18 15:00:04.099,15282,15284,15283,1,-1
2022-08-18 15:00:04.099,15282,15284,15282,2,-2
2022-08-18 15:00:04.194,15282,15285,15282,1,-1
2022-08-18 15:00:04.209,15282,15285,15282,3,-3
2022-08-18 15:00:04.246,15282,15284,15284,1,1
2022-08-18 15:00:04.714,15283,15285,15284,1,1
2022-08-18 15:00:04.770,15283,15285,15283,4,-4
2022-08-18 15:00:04.770,15283,15285,15282,4,-4
2022-08-18 15:00:04.853,15283,15285,15281,1,-1
2022-08-18 15:00:04.856,15283,15285,15281,2,-2
2022-08-18 15:00:05.402,15281,15284,15281,1,-1
2022-08-18 15:00:05.572,15282,15284,15282,1,-1
2022-08-18 15:00:05.572,15282,15284,15281,15,-15
2022-08-18 15:00:05.644,15281,15282,15281,1,-1
2022-08-18 15:00:05.656,15281,15282,15281,1,-1
2022-08-18 15:00:05.855,15282,15284,15282,1,-1
2022-08-18 15:00:05.872,15282,15284,15282,1,-1
2022-08-18 15:00:06.012,15282,15284,15282,1,-1
2022-08-18 15:00:06.073,15282,15284,15282,1,-1
2022-08-18 15:00:06.360,15281,15284,15281,1,-1
2022-08-18 15:00:06.546,15281,15284,15281,1,-1
2022-08-18 15:00:06.591,15281,15284,15281,1,-1
2022-08-18 15:00:06.651,15281,15284,15283,1,1
2022-08-18 15:00:06.776,15282,15284,15282,1,-1
2022-08-18 15:00:06.840,15282,15284,15284,1,1
2022-08-18 15:00:07.027,15282,15284,15282,1,-1
2022-08-18 15:00:07.141,15282,15284,15283,1,-1
2022-08-18 15:00:07.528,15281,15282,15282,1,1
2022-08-18 15:00:07.939,15281,15283,15281,5,-5
2022-08-18 15:00:07.939,15281,15283,15280,10,-10
2022-08-18 15:00:08.002,15281,15282,15281,1,-1
2022-08-18 15:00:08.120,15281,15283,15281,2,-2
2022-08-18 15:00:08.229,15281,15283,15280,1,-1
2022-08-18 15:00:08.267,15280,15282,15280,2,-2
2022-08-18 15:00:08.267,15280,15282,15280,2,-2
2022-08-18 15:00:08.269,15280,15282,15280,2,-2
2022-08-18 15:00:08.283,15280,15282,15280,2,-2
2022-08-18 15:00:08.326,15280,15282,15282,1,1
2022-08-18 15:00:08.334,15280,15282,15280,2,-2
2022-08-18 15:00:08.351,15280,15282,15281,1,-1
2022-08-18 15:00:08.351,15280,15282,15280,3,-3
2022-08-18 15:00:08.561,15280,15281,15280,1,-1
2022-08-18 15:00:08.579,15280,15281,15280,1,-1
2022-08-18 15:00:08.944,15279,15281,15279,36,-36
2022-08-18 15:00:08.944,15279,15281,15278,1,-1
2022-08-18 15:00:08.945,15279,15281,15278,4,-4
2022-08-18 15:00:08.985,15278,15279,15278,1,-1
2022-08-18 15:00:08.986,15278,15279,15278,13,-13
2022-08-18 15:00:09.018,15278,15279,15278,1,-1
2022-08-18 15:00:09.109,15277,15278,15277,4,-4
2022-08-18 15:00:09.111,15277,15278,15277,11,-11
2022-08-18 15:00:09.111,15277,15278,15277,6,-6
2022-08-18 15:00:09.235,15276,15278,15276,1,-1
2022-08-18 15:00:09.332,15276,15278,15277,1,-1
2022-08-18 15:00:09.449,15276,15278,15277,1,-1
2022-08-18 15:00:09.544,15276,15278,15278,1,1
2022-08-18 15:00:09.584,15276,15278,15278,1,1
2022-08-18 15:00:09.584,15276,15278,15278,1,1
2022-08-18 15:00:09.584,15276,15278,15278,1,1
2022-08-18 15:00:09.584,15276,15278,15278,1,1
2022-08-18 15:00:09.584,15276,15278,15278,4,4
2022-08-18 15:00:09.585,15276,15278,15278,2,2
2022-08-18 15:00:09.585,15276,15278,15278,1,1
2022-08-18 15:00:09.585,15276,15278,15278,1,1
2022-08-18 15:00:09.612,15278,15280,15278,1,-1
2022-08-18 15:00:09.713,15278,15280,15277,7,-7
2022-08-18 15:00:09.713,15278,15280,15276,1,-1
2022-08-18 15:00:10.197,15276,15277,15277,1,1
2022-08-18 15:00:10.366,15276,15278,15276,2,-2
2022-08-18 15:00:10.378,15276,15278,15276,2,-2
2022-08-18 15:00:10.581,15276,15278,15278,2,2
2022-08-18 15:00:10.951,15277,15279,15277,1,-1
2022-08-18 15:00:11.400,15277,15279,15279,1,1
2022-08-18 15:00:11.689,15278,15279,15279,2,2
2022-08-18 15:00:11.689,15278,15279,15279,1,1
2022-08-18 15:00:11.749,15278,15279,15278,1,-1
2022-08-18 15:00:11.813,15278,15279,15278,2,-2
2022-08-18 15:00:12.273,15278,15279,15279,1,1
2022-08-18 15:00:12.444,15278,15279,15279,1,1
2022-08-18 15:00:12.537,15278,15279,15278,1,-1
2022-08-18 15:00:12.622,15278,15279,15279,1,1
2022-08-18 15:00:12.699,15278,15279,15279,2,2
2022-08-18 15:00:12.699,15278,15279,15279,1,1
2022-08-18 15:00:13.279,15278,15279,15279,2,2
2022-08-18 15:00:13.298,15278,15279,15279,4,4
2022-08-18 15:00:13.298,15278,15279,15280,3,3
2022-08-18 15:00:13.427,15279,15280,15279,1,-1
2022-08-18 15:00:13.690,15279,15280,15280,2,2
2022-08-18 15:00:13.693,15279,15280,15279,1,-1
2022-08-18 15:00:13.693,15279,15280,15279,1,-1
2022-08-18 15:00:14.093,15279,15280,15280,1,1
2022-08-18 15:00:14.093,15279,15280,15280,1,1
2022-08-18 15:00:14.093,15279,15280,15280,1,1
2022-08-18 15:00:14.094,15279,15280,15280,2,2
2022-08-18 15:00:14.094,15279,15280,15280,1,1
2022-08-18 15:00:14.094,15279,15280,15280,1,1
2022-08-18 15:00:14.193,15279,15280,15279,1,-1
2022-08-18 15:00:14.889,15279,15280,15280,24,24
2022-08-18 15:00:14.889,15279,15280,15280,1,1
2022-08-18 15:00:14.889,15279,15280,15280,1,1
2022-08-18 15:00:14.889,15279,15280,15280,1,1
2022-08-18 15:00:14.889,15279,15280,15280,1,1
2022-08-18 15:00:14.889,15279,15280,15280,1,1
2022-08-18 15:00:14.893,15279,15280,15281,1,1
2022-08-18 15:00:14.893,15279,15280,15281,1,1
2022-08-18 15:00:14.893,15279,15280,15281,1,1
2022-08-18 15:00:15.161,15281,15282,15280,1,-1
2022-08-18 15:00:15.161,15281,15282,15280,2,-2
2022-08-18 15:00:15.638,15280,15282,15280,1,-1
2022-08-18 15:00:15.950,15280,15282,15280,1,-1
2022-08-18 15:00:16.062,15280,15282,15282,2,2
2022-08-18 15:00:16.064,15280,15282,15281,1,1
2022-08-18 15:00:16.933,15281,15282,15282,1,1
2022-08-18 15:00:16.992,15281,15283,15283,3,3
2022-08-18 15:00:16.993,15281,15283,15282,1,1
2022-08-18 15:00:17.556,15281,15283,15281,1,-1
2022-08-18 15:00:17.617,15281,15283,15282,1,-1
2022-08-18 15:00:18.142,15281,15283,15281,2,-2
2022-08-18 15:00:18.142,15281,15283,15280,2,-2
2022-08-18 15:00:18.443,15280,15282,15282,1,1
2022-08-18 15:00:19.671,15280,15281,15280,3,-3
2022-08-18 15:00:19.678,15280,15281,15281,1,1
2022-08-18 15:00:19.743,15280,15281,15280,1,-1
2022-08-18 15:00:19.743,15280,15281,15280,1,-1
2022-08-18 15:00:19.749,15280,15281,15281,1,1
2022-08-18 15:00:20.052,15280,15281,15281,1,1
2022-08-18 15:00:20.052,15280,15281,15281,1,1
2022-08-18 15:00:20.053,15280,15281,15281,1,1
2022-08-18 15:00:20.187,15281,15283,15280,1,-1
2022-08-18 15:00:20.340,15280,15282,15282,1,1
2022-08-18 15:00:20.579,15281,15283,15281,1,-1
2022-08-18 15:00:20.849,15280,15281,15280,1,-1
2022-08-18 15:00:22.336,15280,15281,15281,1,1
2022-08-18 15:00:22.929,15280,15282,15280,1,-1
2022-08-18 15:00:23.446,15280,15282,15281,1,-1
2022-08-18 15:00:23.862,15281,15282,15281,1,-1
2022-08-18 15:00:24.732,15280,15281,15281,1,1
2022-08-18 15:00:24.817,15280,15281,15280,2,-2
2022-08-18 15:00:24.949,15280,15281,15281,1,1
2022-08-18 15:00:25.010,15280,15281,15281,1,1
2022-08-18 15:00:25.010,15280,15281,15281,1,1
2022-08-18 15:00:25.072,15280,15281,15280,1,-1
2022-08-18 15:00:25.223,15280,15281,15281,1,1
2022-08-18 15:00:25.223,15280,15281,15282,4,4
2022-08-18 15:00:25.495,15281,15282,15281,1,-1
2022-08-18 15:00:25.976,15281,15282,15281,1,-1
2022-08-18 15:00:26.271,15281,15282,15281,1,-1
2022-08-18 15:00:27.433,15281,15282,15282,1,1
2022-08-18 15:00:27.456,15281,15282,15282,1,1
2022-08-18 15:00:28.299,15281,15283,15283,1,1
2022-08-18 15:00:28.813,15282,15283,15282,1,-1
2022-08-18 15:00:28.813,15282,15283,15281,1,-1
2022-08-18 15:00:29.414,15282,15283,15282,1,-1
2022-08-18 15:00:29.862,15281,15282,15282,1,1
2022-08-18 15:00:30.602,15281,15282,15282,1,1
2022-08-18 15:00:30.862,15281,15282,15282,1,1
2022-08-18 15:00:31.210,15281,15282,15281,1,-1
2022-08-18 15:00:31.318,15281,15282,15281,8,-8
2022-08-18 15:00:31.394,15280,15282,15280,1,-1
2022-08-18 15:00:32.213,15280,15282,15282,1,1
2022-08-18 15:00:34.091,15281,15282,15281,1,-1
2022-08-18 15:00:36.036,15281,15282,15281,1,-1
2022-08-18 15:00:37.659,15281,15282,15282,4,4
2022-08-18 15:00:38.465,15281,15282,15282,1,1
2022-08-18 15:00:38.790,15281,15282,15282,1,1
2022-08-18 15:00:39.933,15281,15282,15282,3,3
2022-08-18 15:00:39.956,15281,15282,15282,7,7
2022-08-18 15:00:39.957,15281,15282,15282,1,1
2022-08-18 15:00:39.957,15281,15282,15282,1,1
2022-08-18 15:00:39.957,15281,15282,15282,1,1
2022-08-18 15:00:40.135,15281,15282,15282,1,1
2022-08-18 15:00:40.135,15281,15282,15283,2,2
2022-08-18 15:00:40.203,15281,15282,15281,6,-6
2022-08-18 15:00:40.207,15281,15282,15282,1,1
2022-08-18 15:00:41.985,15281,15282,15281,1,-1
2022-08-18 15:00:45.518,15282,15283,15283,1,1
2022-08-18 15:00:45.693,15282,15283,15283,1,1
2022-08-18 15:00:46.147,15282,15283,15283,1,1
2022-08-18 15:00:46.147,15282,15283,15283,1,1
2022-08-18 15:00:46.147,15282,15283,15283,1,1
2022-08-18 15:00:46.251,15282,15284,15284,1,1
2022-08-18 15:00:47.989,15282,15284,15284,1,1
2022-08-18 15:00:49.706,15283,15284,15284,2,2
2022-08-18 15:00:49.998,15283,15284,15283,1,-1
2022-08-18 15:00:50.701,15282,15283,15283,1,1
2022-08-18 15:00:50.846,15282,15283,15283,1,1
2022-08-18 15:00:50.860,15282,15283,15283,1,1
2022-08-18 15:00:50.945,15282,15283,15284,1,1
2022-08-18 15:00:52.607,15283,15284,15283,1,-1
2022-08-18 15:00:56.719,15283,15284,15283,1,-1
2022-08-18 15:00:57.691,15283,15284,15284,1,1
2022-08-18 15:00:57.769,15283,15284,15284,1,1
2022-08-18 15:00:57.896,15283,15284,15283,1,-1
2022-08-18 15:00:58.069,15283,15284,15283,1,-1
2022-08-18 15:00:58.102,15283,15284,15283,1,-1
2022-08-18 15:00:58.314,15283,15284,15283,1,-1
2022-08-18 15:00:59.000,15283,15284,15284,1,1
2022-08-18 15:00:59.083,15283,15284,15283,3,-3
2022-08-18 15:00:59.145,15283,15284,15284,1,1
2022-08-18 15:01:00.048,15283,15285,15283,1,-1
2022-08-18 15:01:00.194,15283,15284,15283,2,-2
2022-08-18 15:01:00.194,15283,15284,15283,2,-2
2022-08-18 15:01:00.839,15282,15284,15282,1,-1
2022-08-18 15:01:01.264,15282,15284,15282,3,-3
2022-08-18 15:01:01.493,15283,15284,15283,1,-1
2022-08-18 15:01:01.504,15283,15284,15283,1,-1
2022-08-18 15:01:01.606,15283,15284,15283,1,-1
2022-08-18 15:01:02.323,15283,15284,15283,2,-2
2022-08-18 15:01:02.325,15283,15284,15283,1,-1
2022-08-18 15:01:02.325,15283,15284,15283,1,-1
2022-08-18 15:01:02.384,15283,15284,15283,2,-2
2022-08-18 15:01:03.973,15283,15284,15283,1,-1
2022-08-18 15:01:04.971,15283,15284,15283,1,-1
2022-08-18 15:01:05.981,15283,15284,15284,2,2
2022-08-18 15:01:07.999,15283,15284,15284,1,1
2022-08-18 15:01:09.331,15283,15284,15283,2,-2
2022-08-18 15:01:09.361,15283,15284,15283,1,-1
2022-08-18 15:01:09.597,15283,15284,15283,1,-1
2022-08-18 15:01:09.777,15283,15284,15284,1,1
2022-08-18 15:01:10.092,15283,15284,15284,1,1
2022-08-18 15:01:10.354,15283,15284,15284,1,1
2022-08-18 15:01:11.001,15283,15284,15284,1,1
2022-08-18 15:01:11.972,15283,15284,15284,2,2
2022-08-18 15:01:11.973,15283,15284,15284,2,2
2022-08-18 15:01:11.973,15283,15284,15284,2,2
2022-08-18 15:01:12.243,15284,15285,15284,1,-1
2022-08-18 15:01:13.454,15284,15285,15285,4,4
2022-08-18 15:01:13.454,15284,15285,15285,6,6
2022-08-18 15:01:14.608,15285,15286,15285,1,-1
2022-08-18 15:01:16.131,15285,15286,15285,1,-1
2022-08-18 15:01:16.131,15285,15286,15284,2,-2
2022-08-18 15:01:16.230,15285,15286,15285,1,-1
2022-08-18 15:01:16.792,15285,15286,15286,1,1
2022-08-18 15:01:17.597,15285,15286,15286,2,2
2022-08-18 15:01:18.358,15285,15286,15286,1,1
2022-08-18 15:01:18.486,15285,15286,15285,1,-1
2022-08-18 15:01:19.227,15285,15286,15286,2,2
2022-08-18 15:01:20.181,15286,15287,15286,4,-4
2022-08-18 15:01:21.025,15286,15287,15286,2,-2
2022-08-18 15:01:21.970,15285,15287,15287,2,2
2022-08-18 15:01:23.218,15286,15287,15287,1,1
2022-08-18 15:01:23.906,15286,15287,15286,1,-1
2022-08-18 15:01:25.477,15286,15287,15286,1,-1
2022-08-18 15:01:26.011,15285,15287,15287,1,1
2022-08-18 15:01:26.209,15285,15286,15285,1,-1
2022-08-18 15:01:28.391,15285,15286,15286,1,1
2022-08-18 15:01:28.486,15285,15287,15285,1,-1
2022-08-18 15:01:30.481,15286,15287,15287,1,1
2022-08-18 15:01:31.610,15286,15287,15287,1,1
2022-08-18 15:01:33.940,15286,15287,15287,2,2
2022-08-18 15:01:36.239,15286,15287,15287,1,1
2022-08-18 15:01:37.813,15287,15288,15287,1,-1
2022-08-18 15:01:39.223,15287,15288,15287,1,-1
2022-08-18 15:01:40.882,15286,15287,15287,1,1
2022-08-18 15:01:40.902,15286,15287,15287,1,1
2022-08-18 15:01:40.946,15286,15287,15287,1,1
2022-08-18 15:01:41.065,15286,15287,15287,1,1
2022-08-18 15:01:42.558,15286,15287,15287,1,1
2022-08-18 15:01:42.563,15286,15287,15286,1,-1
2022-08-18 15:01:42.903,15286,15287,15286,1,-1
2022-08-18 15:01:42.903,15286,15287,15286,1,-1
2022-08-18 15:01:43.221,15285,15287,15286,1,-1
2022-08-18 15:01:43.517,15286,15287,15286,1,-1
2022-08-18 15:01:43.808,15286,15287,15286,1,-1
2022-08-18 15:01:44.975,15286,15287,15286,1,-1
2022-08-18 15:01:46.127,15286,15287,15286,1,-1
2022-08-18 15:01:48.185,15286,15287,15286,2,-2
2022-08-18 15:01:49.911,15286,15287,15287,5,5
2022-08-18 15:01:50.097,15287,15288,15287,2,-2
2022-08-18 15:01:55.321,15287,15288,15288,1,1
2022-08-18 15:01:55.321,15287,15288,15288,2,2
2022-08-18 15:01:55.321,15287,15288,15288,2,2
2022-08-18 15:01:55.321,15287,15288,15288,1,1
2022-08-18 15:01:55.321,15287,15288,15288,1,1
2022-08-18 15:01:55.758,15287,15288,15287,1,-1
2022-08-18 15:01:56.574,15287,15288,15287,4,-4
2022-08-18 15:01:57.990,15287,15288,15288,1,1
2022-08-18 15:01:58.844,15287,15288,15287,2,-2
2022-08-18 15:01:59.116,15286,15287,15287,5,5
2022-08-18 15:01:59.301,15286,15287,15287,1,1
2022-08-18 15:01:59.304,15286,15287,15287,4,4
2022-08-18 15:01:59.338,15286,15287,15287,1,1
2022-08-18 15:02:00.145,15286,15287,15286,9,-9
2022-08-18 15:02:00.218,15286,15287,15286,1,-1
2022-08-18 15:02:00.922,15285,15286,15285,2,-2
2022-08-18 15:02:00.994,15285,15286,15285,2,-2
2022-08-18 15:02:01.201,15285,15286,15286,1,1
2022-08-18 15:02:01.987,15285,15286,15286,1,1
2022-08-18 15:02:03.968,15285,15286,15285,1,-1
2022-08-18 15:02:05.054,15285,15286,15285,1,-1
2022-08-18 15:02:05.518,15285,15286,15285,9,-9
2022-08-18 15:02:05.645,15284,15286,15284,2,-2
2022-08-18 15:02:06.142,15285,15286,15285,1,-1
2022-08-18 15:02:06.536,15284,15286,15284,1,-1
2022-08-18 15:02:06.804,15284,15286,15286,2,2
2022-08-18 15:02:07.473,15285,15286,15285,1,-1
2022-08-18 15:02:08.356,15285,15286,15286,1,1
2022-08-18 15:02:09.512,15285,15286,15285,2,-2
2022-08-18 15:02:09.512,15285,15286,15284,3,-3
2022-08-18 15:02:13.076,15284,15286,15284,1,-1
2022-08-18 15:02:13.415,15284,15286,15286,5,5
2022-08-18 15:02:14.282,15286,15287,15286,1,-1
2022-08-18 15:02:14.386,15285,15287,15287,1,1
2022-08-18 15:02:14.993,15285,15287,15285,1,-1
2022-08-18 15:02:15.904,15285,15287,15287,1,1
2022-08-18 15:02:16.487,15286,15287,15287,1,1
2022-08-18 15:02:17.203,15286,15287,15286,1,-1
2022-08-18 15:02:17.203,15286,15287,15287,1,1
2022-08-18 15:02:18.868,15286,15287,15287,2,2
2022-08-18 15:02:19.863,15286,15288,15287,1,1
2022-08-18 15:02:20.752,15286,15287,15287,1,1
2022-08-18 15:02:21.696,15286,15288,15287,1,1
2022-08-18 15:02:22.205,15286,15288,15287,1,1
2022-08-18 15:02:26.171,15287,15288,15288,11,11
2022-08-18 15:02:28.550,15288,15289,15289,1,1
2022-08-18 15:02:28.550,15288,15289,15289,1,1
2022-08-18 15:02:28.550,15288,15289,15289,2,2
2022-08-18 15:02:29.416,15288,15289,15289,1,1
2022-08-18 15:02:29.649,15288,15289,15288,4,-4
2022-08-18 15:02:30.404,15288,15289,15289,1,1
2022-08-18 15:02:30.944,15288,15289,15288,1,-1
2022-08-18 15:02:31.073,15288,15289,15289,2,2
2022-08-18 15:02:33.569,15288,15289,15289,1,1
2022-08-18 15:02:33.709,15288,15290,15288,2,-2
2022-08-18 15:02:35.057,15289,15290,15289,1,-1
2022-08-18 15:02:36.315,15288,15290,15288,1,-1
2022-08-18 15:02:37.295,15288,15290,15290,1,1
2022-08-18 15:02:40.040,15289,15290,15289,2,-2
2022-08-18 15:02:40.040,15289,15290,15288,1,-1
2022-08-18 15:02:41.589,15288,15290,15289,1,-1
2022-08-18 15:02:43.367,15289,15290,15290,1,1
2022-08-18 15:02:44.457,15289,15290,15290,1,1
2022-08-18 15:02:45.147,15289,15290,15290,11,11
2022-08-18 15:02:45.309,15289,15290,15289,1,-1
2022-08-18 15:02:46.941,15289,15290,15290,1,1
2022-08-18 15:02:47.239,15289,15290,15290,2,2
2022-08-18 15:02:47.457,15289,15290,15290,2,2
2022-08-18 15:02:48.721,15289,15290,15290,1,1
2022-08-18 15:02:51.670,15290,15291,15290,1,-1
2022-08-18 15:02:56.024,15289,15290,15289,1,-1
2022-08-18 15:02:57.374,15289,15290,15290,1,1
2022-08-18 15:02:58.943,15289,15290,15289,1,-1
2022-08-18 15:02:59.151,15289,15290,15290,1,1
2022-08-18 15:03:00.877,15289,15290,15290,2,2
2022-08-18 15:03:01.215,15289,15290,15290,3,3
2022-08-18 15:03:01.230,15289,15290,15291,1,1
2022-08-18 15:03:01.231,15289,15290,15291,5,5
2022-08-18 15:03:01.235,15290,15291,15291,1,1
2022-08-18 15:03:01.248,15290,15291,15291,1,1
2022-08-18 15:03:01.275,15290,15291,15291,1,1
2022-08-18 15:03:01.336,15290,15291,15290,1,-1
2022-08-18 15:03:01.365,15290,15291,15291,1,1
2022-08-18 15:03:01.479,15290,15291,15291,2,2
2022-08-18 15:03:01.487,15290,15291,15290,1,-1
2022-08-18 15:03:01.519,15290,15291,15289,1,-1
2022-08-18 15:03:01.542,15290,15291,15289,1,-1
2022-08-18 15:03:01.546,15290,15291,15289,1,-1
2022-08-18 15:03:01.647,15289,15291,15289,1,-1
2022-08-18 15:03:01.894,15289,15290,15289,1,-1
2022-08-18 15:03:01.895,15289,15290,15290,1,1
2022-08-18 15:03:03.409,15290,15291,15291,1,1
2022-08-18 15:03:04.548,15290,15291,15290,1,-1
2022-08-18 15:03:06.410,15288,15289,15289,1,1
2022-08-18 15:03:06.516,15288,15289,15288,1,-1
2022-08-18 15:03:07.120,15288,15289,15289,6,6
2022-08-18 15:03:10.199,15288,15289,15288,14,-14
2022-08-18 15:03:10.469,15287,15288,15287,1,-1
2022-08-18 15:03:10.469,15287,15288,15287,1,-1
2022-08-18 15:03:13.072,15286,15287,15287,2,2
2022-08-18 15:03:13.073,15286,15287,15287,3,3
2022-08-18 15:03:13.523,15286,15288,15288,1,1
2022-08-18 15:03:14.881,15287,15288,15288,1,1
2022-08-18 15:03:15.631,15287,15288,15287,2,-2
2022-08-18 15:03:16.044,15286,15287,15286,1,-1
2022-08-18 15:03:16.861,15286,15287,15287,1,1
2022-08-18 15:03:16.861,15286,15287,15288,1,1
2022-08-18 15:03:19.534,15286,15287,15286,1,-1
2022-08-18 15:03:20.191,15286,15287,15286,2,-2
2022-08-18 15:03:21.853,15286,15287,15286,1,-1
2022-08-18 15:03:22.237,15286,15287,15287,4,4
2022-08-18 15:03:23.719,15286,15287,15287,3,3
2022-08-18 15:03:24.269,15286,15288,15287,1,1
2022-08-18 15:03:26.098,15287,15288,15288,1,1
2022-08-18 15:03:26.364,15287,15288,15287,1,-1
2022-08-18 15:03:27.961,15287,15288,15287,2,-2
2022-08-18 15:03:34.079,15287,15288,15288,1,1
2022-08-18 15:03:35.760,15287,15288,15287,2,-2
2022-08-18 15:03:36.569,15287,15288,15287,1,-1
2022-08-18 15:03:36.831,15287,15288,15288,1,1
2022-08-18 15:03:37.090,15287,15288,15287,8,-8
2022-08-18 15:03:40.865,15286,15287,15287,1,1
2022-08-18 15:03:45.546,15286,15287,15286,1,-1
2022-08-18 15:03:46.445,15286,15287,15286,1,-1
2022-08-18 15:03:50.284,15286,15287,15286,1,-1
2022-08-18 15:03:58.123,15286,15287,15287,1,1
2022-08-18 15:03:58.124,15286,15287,15287,1,1
2022-08-18 15:03:58.124,15286,15287,15287,1,1
2022-08-18 15:03:58.125,15286,15287,15287,1,1
2022-08-18 15:03:58.125,15286,15287,15287,2,2
2022-08-18 15:03:59.362,15287,15288,15288,1,1
2022-08-18 15:04:00.898,15287,15288,15287,1,-1
2022-08-18 15:04:02.573,15287,15288,15287,1,-1
2022-08-18 15:04:02.853,15287,15288,15287,1,-1
2022-08-18 15:04:03.532,15287,15288,15288,13,13
2022-08-18 15:04:04.532,15287,15289,15288,1,1
2022-08-18 15:04:06.100,15287,15288,15288,1,1
2022-08-18 15:04:07.760,15287,15289,15289,3,3
2022-08-18 15:04:11.939,15287,15288,15288,1,1
2022-08-18 15:04:13.478,15287,15288,15289,1,1
2022-08-18 15:04:13.490,15287,15289,15289,1,1
2022-08-18 15:04:13.582,15287,15289,15288,1,1
2022-08-18 15:04:17.921,15288,15289,15288,1,-1
2022-08-18 15:04:17.922,15288,15289,15288,1,-1
2022-08-18 15:04:20.420,15287,15289,15288,1,-1
2022-08-18 15:04:23.746,15288,15289,15289,2,2
2022-08-18 15:04:29.256,15288,15289,15288,4,-4
2022-08-18 15:04:30.177,15287,15288,15287,9,-9
2022-08-18 15:04:32.771,15287,15288,15288,1,1
2022-08-18 15:04:34.008,15287,15288,15288,2,2
2022-08-18 15:04:37.305,15287,15288,15287,1,-1
2022-08-18 15:04:38.275,15287,15288,15287,3,-3
2022-08-18 15:04:43.909,15287,15288,15288,2,2
2022-08-18 15:04:52.472,15287,15288,15287,1,-1
2022-08-18 15:04:56.894,15287,15288,15287,1,-1
2022-08-18 15:04:57.662,15287,15288,15288,1,1
2022-08-18 15:04:57.663,15287,15288,15288,4,4
2022-08-18 15:04:57.663,15287,15288,15288,2,2
2022-08-18 15:05:00.029,15287,15289,15287,1,-1
2022-08-18 15:05:00.032,15287,15289,15287,1,-1
2022-08-18 15:05:00.064,15287,15289,15287,3,-3
2022-08-18 15:05:00.321,15287,15289,15289,1,1
2022-08-18 15:05:03.568,15288,15289,15288,4,-4
2022-08-18 15:05:06.030,15287,15289,15287,1,-1
2022-08-18 15:05:07.786,15287,15288,15287,1,-1
2022-08-18 15:05:09.199,15287,15288,15288,2,2
2022-08-18 15:05:19.290,15287,15288,15288,1,1
2022-08-18 15:05:20.052,15287,15288,15287,1,-1
2022-08-18 15:05:20.937,15287,15288,15288,1,1
2022-08-18 15:05:22.225,15287,15288,15287,2,-2
2022-08-18 15:05:22.479,15287,15288,15288,3,3
2022-08-18 15:05:32.189,15287,15288,15288,1,1
2022-08-18 15:05:35.013,15287,15289,15289,1,1
2022-08-18 15:05:35.465,15287,15289,15289,4,4
2022-08-18 15:05:39.768,15287,15289,15288,2,2
2022-08-18 15:05:50.622,15288,15289,15288,6,-6
2022-08-18 15:05:52.501,15287,15288,15288,7,7
2022-08-18 15:05:54.976,15287,15288,15287,15,-15
2022-08-18 15:05:54.977,15287,15288,15287,1,-1
2022-08-18 15:05:54.977,15287,15288,15287,2,-2
2022-08-18 15:05:54.977,15287,15288,15287,1,-1
2022-08-18 15:05:54.977,15287,15288,15287,10,-10
2022-08-18 15:05:54.977,15287,15288,15287,15,-15
2022-08-18 15:05:54.978,15287,15288,15286,1,-1
2022-08-18 15:05:54.978,15287,15288,15286,1,-1
2022-08-18 15:05:54.978,15287,15288,15286,3,-3
2022-08-18 15:05:54.978,15287,15288,15286,1,-1
2022-08-18 15:05:54.978,15287,15288,15286,4,-4
2022-08-18 15:05:54.979,15287,15288,15286,4,-4
2022-08-18 15:05:54.979,15287,15288,15286,3,-3
2022-08-18 15:05:54.979,15287,15288,15286,7,-7
2022-08-18 15:05:55.954,15285,15286,15285,1,-1
2022-08-18 15:05:55.954,15285,15286,15285,5,-5
2022-08-18 15:05:55.954,15285,15286,15285,2,-2
2022-08-18 15:05:55.954,15285,15286,15285,1,-1
2022-08-18 15:05:55.955,15285,15286,15285,1,-1
2022-08-18 15:05:55.955,15285,15286,15285,23,-23
2022-08-18 15:05:55.955,15285,15286,15285,1,-1
2022-08-18 15:05:55.956,15285,15286,15284,1,-1
2022-08-18 15:05:56.077,15284,15285,15284,10,-10
2022-08-18 15:05:56.077,15284,15285,15283,3,-3
2022-08-18 15:05:56.112,15283,15285,15283,12,-12
2022-08-18 15:05:56.112,15283,15285,15282,1,-1
2022-08-18 15:05:56.168,15283,15285,15283,1,-1
2022-08-18 15:05:56.290,15283,15285,15283,6,-6
2022-08-18 15:05:56.290,15283,15285,15282,7,-7
2022-08-18 15:05:56.326,15283,15285,15282,1,-1
2022-08-18 15:05:57.214,15282,15283,15282,1,-1
2022-08-18 15:05:57.714,15282,15283,15282,1,-1
2022-08-18 15:05:59.561,15282,15284,15284,1,1
2022-08-18 15:06:00.367,15283,15284,15284,1,1
2022-08-18 15:06:00.985,15283,15284,15283,4,-4
2022-08-18 15:06:01.759,15282,15284,15284,4,4
2022-08-18 15:06:02.645,15282,15285,15282,4,-4
2022-08-18 15:06:04.721,15283,15284,15283,1,-1
2022-08-18 15:06:05.189,15282,15283,15282,1,-1
2022-08-18 15:06:05.312,15282,15283,15283,1,1
2022-08-18 15:06:08.189,15283,15284,15283,1,-1
2022-08-18 15:06:08.189,15283,15284,15283,2,-2
2022-08-18 15:06:09.138,15282,15283,15282,1,-1
2022-08-18 15:06:11.107,15282,15283,15282,1,-1
2022-08-18 15:06:11.672,15282,15283,15283,1,1
2022-08-18 15:06:13.414,15282,15283,15282,1,-1
2022-08-18 15:06:13.734,15282,15283,15282,1,-1
2022-08-18 15:06:14.317,15282,15283,15283,2,2
2022-08-18 15:06:14.507,15282,15284,15282,1,-1
2022-08-18 15:06:17.949,15282,15283,15282,3,-3
2022-08-18 15:06:19.327,15282,15283,15282,5,-5
2022-08-18 15:06:19.869,15282,15283,15282,1,-1
2022-08-18 15:06:20.129,15282,15283,15282,2,-2
2022-08-18 15:06:20.184,15282,15283,15282,4,-4
2022-08-18 15:06:21.872,15281,15282,15281,1,-1
2022-08-18 15:06:22.007,15281,15282,15281,1,-1
2022-08-18 15:06:22.240,15281,15282,15281,3,-3
2022-08-18 15:06:22.705,15281,15282,15282,1,1
2022-08-18 15:06:22.937,15281,15282,15281,5,-5
2022-08-18 15:06:27.255,15281,15282,15281,4,-4
2022-08-18 15:06:27.675,15281,15282,15282,1,1
2022-08-18 15:06:28.405,15281,15282,15281,1,-1
2022-08-18 15:06:28.799,15281,15282,15282,1,1
2022-08-18 15:06:31.359,15281,15282,15282,6,6
2022-08-18 15:06:33.006,15282,15283,15283,4,4
2022-08-18 15:06:33.006,15282,15283,15283,1,1
2022-08-18 15:06:33.007,15282,15283,15283,1,1
2022-08-18 15:06:33.007,15282,15283,15283,1,1
2022-08-18 15:06:33.007,15282,15283,15283,1,1
2022-08-18 15:06:33.007,15282,15283,15283,1,1
2022-08-18 15:06:33.007,15282,15283,15283,1,1
2022-08-18 15:06:34.214,15283,15284,15284,3,3
2022-08-18 15:06:35.722,15282,15284,15282,1,-1
2022-08-18 15:06:35.836,15282,15284,15282,4,-4
2022-08-18 15:06:36.040,15282,15284,15284,1,1
2022-08-18 15:06:43.457,15284,15285,15285,3,3
2022-08-18 15:06:44.512,15284,15286,15286,1,1
2022-08-18 15:06:44.670,15284,15286,15286,1,1
2022-08-18 15:06:45.311,15284,15286,15286,1,1
2022-08-18 15:06:46.212,15285,15286,15286,5,5
2022-08-18 15:06:52.506,15284,15286,15286,1,1
2022-08-18 15:06:54.082,15285,15286,15286,1,1
2022-08-18 15:06:54.082,15285,15286,15286,1,1
2022-08-18 15:06:54.084,15285,15286,15287,3,3
2022-08-18 15:06:56.058,15286,15288,15286,1,-1
2022-08-18 15:07:00.863,15286,15287,15286,1,-1
2022-08-18 15:07:05.534,15285,15287,15287,3,3
2022-08-18 15:07:06.117,15286,15288,15288,5,5
2022-08-18 15:07:08.974,15286,15288,15288,3,3
2022-08-18 15:07:08.974,15286,15288,15288,4,4
2022-08-18 15:07:17.310,15288,15289,15289,8,8
2022-08-18 15:07:17.407,15289,15290,15290,2,2
2022-08-18 15:07:17.407,15289,15290,15290,4,4
2022-08-18 15:07:17.408,15289,15290,15290,1,1
2022-08-18 15:07:17.408,15289,15290,15290,1,1
2022-08-18 15:07:17.408,15289,15290,15290,1,1
2022-08-18 15:07:17.409,15289,15290,15290,6,6
2022-08-18 15:07:17.409,15289,15290,15290,2,2
2022-08-18 15:07:17.409,15289,15290,15290,2,2
2022-08-18 15:07:17.976,15290,15291,15291,1,1
2022-08-18 15:07:18.047,15290,15291,15291,1,1
2022-08-18 15:07:18.912,15290,15291,15291,4,4
2022-08-18 15:07:18.912,15290,15291,15291,2,2
2022-08-18 15:07:18.982,15290,15291,15290,1,-1
2022-08-18 15:07:20.353,15290,15292,15290,1,-1
2022-08-18 15:07:23.318,15290,15292,15290,2,-2
2022-08-18 15:07:25.584,15290,15291,15291,1,1
2022-08-18 15:07:25.668,15290,15291,15291,1,1
2022-08-18 15:07:28.805,15291,15292,15292,1,1
2022-08-18 15:07:29.249,15291,15292,15292,1,1
2022-08-18 15:07:29.269,15291,15292,15292,1,1
2022-08-18 15:07:29.920,15291,15292,15291,1,-1
2022-08-18 15:07:30.393,15291,15292,15291,1,-1
2022-08-18 15:07:31.554,15291,15292,15292,1,1
2022-08-18 15:07:38.752,15291,15292,15291,1,-1
2022-08-18 15:07:39.492,15291,15292,15292,1,1
2022-08-18 15:07:40.923,15291,15292,15291,5,-5
2022-08-18 15:07:41.547,15290,15291,15291,1,1
2022-08-18 15:07:41.836,15290,15291,15291,1,1
2022-08-18 15:07:43.199,15291,15292,15292,1,1
2022-08-18 15:07:43.276,15291,15292,15291,1,-1
2022-08-18 15:07:43.642,15291,15292,15292,3,3
2022-08-18 15:07:43.643,15291,15292,15292,1,1
2022-08-18 15:07:43.643,15291,15292,15292,1,1
2022-08-18 15:07:43.799,15292,15293,15292,3,-3
2022-08-18 15:07:44.402,15291,15293,15293,1,1
2022-08-18 15:07:47.776,15291,15293,15293,2,2
2022-08-18 15:07:48.669,15291,15293,15293,1,1
2022-08-18 15:07:49.608,15291,15293,15292,1,1
2022-08-18 15:07:51.452,15291,15292,15292,5,5
2022-08-18 15:07:51.725,15291,15292,15292,1,1
2022-08-18 15:07:59.572,15291,15292,15292,1,1
2022-08-18 15:07:59.636,15291,15292,15292,3,3
2022-08-18 15:08:04.337,15291,15292,15291,1,-1
2022-08-18 15:08:04.631,15291,15292,15291,1,-1
2022-08-18 15:08:06.302,15291,15292,15292,2,2
2022-08-18 15:08:06.967,15291,15292,15292,1,1
2022-08-18 15:08:09.442,15291,15292,15291,10,-10
2022-08-18 15:08:10.027,15291,15292,15292,1,1
2022-08-18 15:08:12.772,15291,15292,15292,1,1
2022-08-18 15:08:13.499,15291,15292,15292,1,1
2022-08-18 15:08:14.839,15291,15292,15291,1,-1
2022-08-18 15:08:14.954,15291,15292,15292,1,1
2022-08-18 15:08:15.308,15291,15292,15292,1,1
2022-08-18 15:08:15.393,15291,15292,15291,1,-1
2022-08-18 15:08:17.732,15291,15292,15292,1,1
2022-08-18 15:08:18.084,15291,15292,15292,1,1
2022-08-18 15:08:19.361,15291,15292,15291,5,-5
2022-08-18 15:08:20.013,15291,15292,15292,1,1
2022-08-18 15:08:21.742,15291,15292,15292,1,1
2022-08-18 15:08:24.674,15291,15292,15291,4,-4
2022-08-18 15:08:24.971,15290,15291,15291,4,4
2022-08-18 15:08:25.558,15290,15291,15291,1,1
2022-08-18 15:08:26.014,15290,15291,15291,1,1
2022-08-18 15:08:27.669,15290,15291,15290,1,-1
2022-08-18 15:08:33.911,15290,15291,15290,1,-1
2022-08-18 15:08:36.941,15290,15291,15290,1,-1
2022-08-18 15:08:37.281,15290,15291,15291,1,1
2022-08-18 15:08:39.027,15290,15291,15291,1,1
2022-08-18 15:08:39.243,15290,15291,15290,1,-1
2022-08-18 15:08:43.495,15290,15291,15291,1,1
2022-08-18 15:08:43.495,15290,15291,15291,2,2
2022-08-18 15:08:43.496,15290,15291,15291,4,4
2022-08-18 15:08:46.032,15291,15292,15292,4,4
2022-08-18 15:08:50.183,15291,15292,15291,1,-1
2022-08-18 15:08:55.170,15291,15292,15292,1,1
2022-08-18 15:08:55.170,15291,15292,15292,2,2
2022-08-18 15:08:55.171,15291,15292,15292,1,1
2022-08-18 15:08:55.171,15291,15292,15292,2,2
2022-08-18 15:08:55.171,15291,15292,15292,3,3
2022-08-18 15:08:55.171,15291,15292,15292,1,1
2022-08-18 15:08:55.171,15291,15292,15292,1,1
2022-08-18 15:08:55.171,15291,15292,15292,4,4
2022-08-18 15:08:55.171,15291,15292,15292,2,2
2022-08-18 15:08:55.171,15291,15292,15292,8,8
2022-08-18 15:08:57.112,15292,15293,15292,1,-1
2022-08-18 15:09:02.120,15292,15293,15293,1,1
2022-08-18 15:09:08.046,15292,15293,15293,1,1
2022-08-18 15:09:08.129,15292,15293,15293,1,1
2022-08-18 15:09:09.383,15292,15293,15293,1,1
2022-08-18 15:09:11.698,15293,15294,15293,1,-1
2022-08-18 15:09:13.616,15293,15294,15293,2,-2
2022-08-18 15:09:13.891,15293,15294,15293,1,-1
2022-08-18 15:09:14.076,15293,15294,15293,3,-3
2022-08-18 15:09:14.543,15292,15293,15293,3,3
2022-08-18 15:09:14.616,15292,15293,15293,1,1
2022-08-18 15:09:14.717,15292,15293,15293,1,1
2022-08-18 15:09:18.573,15292,15293,15293,1,1
2022-08-18 15:09:19.265,15292,15293,15292,6,-6
2022-08-18 15:09:22.712,15290,15291,15290,4,-4
2022-08-18 15:09:22.712,15290,15291,15289,14,-14
2022-08-18 15:09:24.033,15289,15291,15291,1,1
2022-08-18 15:09:24.885,15289,15291,15291,1,1
2022-08-18 15:09:25.327,15290,15292,15292,1,1
2022-08-18 15:09:36.296,15291,15292,15291,1,-1
2022-08-18 15:09:36.931,15291,15292,15292,2,2
2022-08-18 15:09:36.932,15291,15292,15292,1,1
2022-08-18 15:09:39.944,15292,15293,15292,1,-1
2022-08-18 15:09:47.728,15291,15292,15291,3,-3
2022-08-18 15:09:50.874,15290,15291,15291,1,1
2022-08-18 15:09:57.014,15291,15292,15292,1,1
2022-08-18 15:10:01.989,15290,15292,15292,1,1
2022-08-18 15:10:02.226,15290,15292,15292,2,2
2022-08-18 15:10:02.840,15291,15293,15293,1,1
2022-08-18 15:10:08.677,15291,15292,15292,1,1
2022-08-18 15:10:12.686,15291,15292,15292,1,1
2022-08-18 15:10:13.679,15291,15292,15292,1,1
2022-08-18 15:10:15.582,15292,15293,15293,1,1
2022-08-18 15:10:16.767,15292,15293,15292,1,-1
2022-08-18 15:10:19.141,15292,15293,15292,1,-1
2022-08-18 15:10:24.433,15292,15293,15292,1,-1
2022-08-18 15:10:26.227,15291,15292,15292,1,1
2022-08-18 15:10:30.074,15292,15293,15292,2,-2
2022-08-18 15:10:31.353,15291,15292,15291,7,-7
2022-08-18 15:10:44.433,15291,15292,15292,1,1
2022-08-18 15:10:49.982,15291,15292,15291,1,-1
2022-08-18 15:10:50.661,15290,15292,15292,1,1
2022-08-18 15:10:53.476,15290,15292,15292,1,1
2022-08-18 15:10:56.088,15291,15292,15291,1,-1
2022-08-18 15:11:01.862,15291,15292,15292,1,1
2022-08-18 15:11:06.342,15291,15292,15292,1,1
2022-08-18 15:11:09.358,15291,15292,15292,1,1
2022-08-18 15:11:10.181,15291,15292,15292,2,2
2022-08-18 15:11:11.488,15291,15292,15292,1,1
2022-08-18 15:11:12.265,15291,15292,15292,1,1
2022-08-18 15:11:14.645,15291,15292,15292,1,1
2022-08-18 15:11:15.074,15291,15292,15292,5,5
2022-08-18 15:11:20.435,15291,15292,15291,1,-1
2022-08-18 15:11:20.435,15291,15292,15291,4,-4
2022-08-18 15:11:20.585,15290,15291,15290,2,-2
2022-08-18 15:11:22.362,15290,15292,15292,1,1
2022-08-18 15:11:27.345,15290,15292,15290,5,-5
2022-08-18 15:11:27.572,15290,15292,15290,5,-5
2022-08-18 15:11:28.478,15290,15292,15290,4,-4
2022-08-18 15:11:28.478,15290,15292,15289,1,-1
2022-08-18 15:11:30.710,15290,15292,15290,5,-5
2022-08-18 15:11:31.042,15290,15292,15290,5,-5
2022-08-18 15:11:37.506,15290,15291,15290,1,-1
2022-08-18 15:11:38.144,15289,15290,15289,1,-1
2022-08-18 15:11:45.498,15289,15291,15289,4,-4
2022-08-18 15:11:47.522,15289,15291,15289,2,-2
2022-08-18 15:11:47.746,15288,15289,15289,1,1
2022-08-18 15:11:51.684,15288,15289,15289,1,1
2022-08-18 15:11:54.556,15288,15290,15288,4,-4
2022-08-18 15:11:58.982,15289,15290,15289,3,-3
2022-08-18 15:11:59.304,15289,15290,15289,2,-2
2022-08-18 15:12:00.033,15289,15290,15290,1,1
2022-08-18 15:12:02.107,15290,15291,15291,2,2
2022-08-18 15:12:08.975,15290,15292,15290,1,-1
2022-08-18 15:12:12.715,15291,15292,15291,1,-1
2022-08-18 15:12:13.102,15291,15292,15291,1,-1
2022-08-18 15:12:13.502,15291,15292,15291,1,-1
2022-08-18 15:12:13.502,15291,15292,15291,1,-1
2022-08-18 15:12:13.502,15291,15292,15291,1,-1
2022-08-18 15:12:13.502,15291,15292,15291,1,-1
2022-08-18 15:12:13.503,15291,15292,15291,2,-2
2022-08-18 15:12:15.008,15290,15291,15291,1,1
2022-08-18 15:12:26.267,15290,15291,15290,5,-5
2022-08-18 15:12:29.706,15290,15291,15291,1,1
2022-08-18 15:12:42.410,15291,15292,15291,1,-1
2022-08-18 15:12:42.410,15291,15292,15291,1,-1
2022-08-18 15:12:42.414,15291,15292,15291,1,-1
2022-08-18 15:12:55.146,15291,15292,15292,6,6
2022-08-18 15:12:55.146,15291,15292,15292,1,1
2022-08-18 15:12:55.146,15291,15292,15292,1,1
2022-08-18 15:12:55.147,15291,15292,15292,2,2
2022-08-18 15:12:55.147,15291,15292,15292,2,2
2022-08-18 15:12:56.552,15292,15293,15292,3,-3
2022-08-18 15:12:56.552,15292,15293,15291,7,-7
2022-08-18 15:12:57.106,15291,15293,15291,1,-1
2022-08-18 15:13:00.239,15291,15293,15293,7,7
2022-08-18 15:13:03.862,15291,15293,15293,2,2
2022-08-18 15:13:06.616,15293,15294,15293,1,-1
2022-08-18 15:13:07.968,15291,15293,15293,1,1
2022-08-18 15:13:08.285,15291,15293,15293,5,5
2022-08-18 15:13:08.285,15291,15293,15294,3,3
2022-08-18 15:13:16.687,15292,15293,15292,2,-2
2022-08-18 15:13:29.672,15292,15293,15292,2,-2
2022-08-18 15:13:33.542,15292,15293,15292,1,-1
2022-08-18 15:13:34.879,15291,15292,15292,1,1
2022-08-18 15:13:38.513,15291,15292,15292,4,4
2022-08-18 15:13:38.828,15291,15293,15292,1,1
2022-08-18 15:13:42.880,15291,15292,15292,2,2
2022-08-18 15:13:47.491,15291,15292,15291,4,-4
2022-08-18 15:13:49.322,15290,15292,15292,1,1
2022-08-18 15:13:51.140,15290,15292,15290,1,-1
2022-08-18 15:13:52.087,15290,15292,15292,4,4
2022-08-18 15:13:58.630,15291,15292,15292,4,4
2022-08-18 15:14:00.491,15291,15292,15292,1,1
2022-08-18 15:14:02.050,15291,15292,15292,1,1
2022-08-18 15:14:05.826,15291,15292,15291,1,-1
2022-08-18 15:14:06.643,15290,15292,15290,1,-1
2022-08-18 15:14:06.703,15290,15292,15290,1,-1
2022-08-18 15:14:07.034,15290,15292,15292,3,3
2022-08-18 15:14:08.051,15290,15292,15291,1,1
2022-08-18 15:14:17.117,15291,15292,15292,3,3
2022-08-18 15:14:17.117,15291,15292,15292,2,2
2022-08-18 15:14:20.255,15292,15293,15292,5,-5
2022-08-18 15:14:20.255,15292,15293,15292,2,-2
2022-08-18 15:14:26.561,15291,15293,15291,2,-2
2022-08-18 15:14:27.702,15291,15292,15292,1,1
2022-08-18 15:14:28.684,15291,15293,15292,1,1
2022-08-18 15:14:38.776,15291,15292,15292,1,1
2022-08-18 15:14:38.777,15291,15292,15292,2,2
2022-08-18 15:14:38.777,15291,15292,15292,1,1
2022-08-18 15:14:39.057,15292,15293,15293,5,5
2022-08-18 15:14:41.448,15293,15294,15294,4,4
2022-08-18 15:14:42.444,15293,15294,15294,1,1
2022-08-18 15:14:43.453,15294,15295,15294,1,-1
2022-08-18 15:14:43.453,15294,15295,15293,2,-2
2022-08-18 15:14:46.123,15293,15295,15293,1,-1
2022-08-18 15:14:51.085,15293,15294,15294,1,1
2022-08-18 15:14:51.991,15293,15294,15294,1,1
2022-08-18 15:14:57.120,15294,15295,15295,2,2
2022-08-18 15:14:58.367,15294,15295,15295,1,1
2022-08-18 15:14:58.761,15294,15295,15295,1,1
2022-08-18 15:15:00.146,15294,15295,15294,1,-1
2022-08-18 15:15:00.151,15294,15295,15294,1,-1
2022-08-18 15:15:00.151,15294,15295,15294,1,-1
2022-08-18 15:15:00.221,15294,15295,15294,1,-1
2022-08-18 15:15:00.248,15293,15294,15294,4,4
2022-08-18 15:15:01.450,15293,15294,15293,1,-1
2022-08-18 15:15:01.450,15293,15294,15293,1,-1
2022-08-18 15:15:03.509,15291,15293,15291,1,-1
2022-08-18 15:15:05.439,15291,15292,15291,1,-1
2022-08-18 15:15:12.031,15291,15292,15292,1,1
2022-08-18 15:15:17.313,15291,15292,15292,2,2
2022-08-18 15:15:31.472,15293,15294,15294,1,1
2022-08-18 15:15:33.349,15293,15294,15293,3,-3
2022-08-18 15:15:44.808,15292,15293,15293,1,1
2022-08-18 15:15:57.307,15292,15293,15292,1,-1
2022-08-18 15:15:57.307,15292,15293,15292,1,-1
2022-08-18 15:15:57.307,15292,15293,15292,9,-9
2022-08-18 15:15:57.307,15292,15293,15292,11,-11
2022-08-18 15:16:07.906,15292,15293,15292,1,-1
2022-08-18 15:16:10.890,15292,15293,15293,8,8
2022-08-18 15:16:10.890,15292,15293,15293,1,1
2022-08-18 15:16:10.891,15292,15293,15293,1,1
2022-08-18 15:16:10.891,15292,15293,15293,2,2
2022-08-18 15:16:10.891,15292,15293,15293,1,1
2022-08-18 15:16:10.986,15293,15294,15294,1,1
2022-08-18 15:16:30.899,15292,15293,15293,1,1
2022-08-18 15:16:40.256,15293,15294,15294,2,2
2022-08-18 15:16:40.361,15293,15294,15294,1,1
2022-08-18 15:16:40.361,15293,15294,15294,1,1
2022-08-18 15:16:44.450,15293,15294,15293,1,-1
2022-08-18 15:16:47.672,15293,15294,15294,1,1
2022-08-18 15:16:52.975,15293,15294,15293,1,-1
2022-08-18 15:16:55.086,15293,15294,15294,5,5
2022-08-18 15:16:58.549,15293,15294,15293,10,-10
2022-08-18 15:17:02.994,15293,15294,15293,1,-1
2022-08-18 15:17:03.398,15293,15294,15294,1,1
2022-08-18 15:17:14.356,15293,15294,15294,2,2
2022-08-18 15:17:17.380,15293,15294,15294,2,2
2022-08-18 15:17:17.392,15293,15294,15294,1,1
2022-08-18 15:17:17.873,15293,15294,15294,2,2
2022-08-18 15:17:28.755,15293,15294,15294,1,1
2022-08-18 15:17:34.560,15293,15294,15293,3,-3
2022-08-18 15:17:36.481,15292,15293,15293,2,2
2022-08-18 15:17:38.544,15292,15293,15292,22,-22
2022-08-18 15:17:38.875,15291,15292,15292,1,1
2022-08-18 15:17:42.420,15291,15292,15291,1,-1
2022-08-18 15:17:45.723,15291,15292,15291,5,-5
2022-08-18 15:17:45.920,15291,15292,15291,1,-1
2022-08-18 15:17:46.041,15291,15292,15291,1,-1
2022-08-18 15:17:46.041,15291,15292,15291,1,-1
2022-08-18 15:17:46.042,15291,15292,15291,2,-2
2022-08-18 15:17:46.042,15291,15292,15291,11,-11
2022-08-18 15:17:47.595,15290,15291,15290,5,-5
2022-08-18 15:17:47.596,15290,15291,15290,1,-1
2022-08-18 15:17:47.596,15290,15291,15290,15,-15
2022-08-18 15:17:47.913,15289,15291,15291,1,1
2022-08-18 15:17:49.355,15289,15291,15291,1,1
2022-08-18 15:17:51.800,15289,15291,15289,1,-1
2022-08-18 15:17:51.924,15289,15291,15291,1,1
2022-08-18 15:17:52.378,15289,15290,15289,1,-1
2022-08-18 15:17:53.024,15289,15290,15290,1,1
2022-08-18 15:17:54.079,15289,15290,15290,1,1
2022-08-18 15:17:54.587,15289,15290,15289,1,-1
2022-08-18 15:17:55.343,15289,15290,15289,1,-1
2022-08-18 15:17:56.772,15289,15290,15289,1,-1
2022-08-18 15:18:00.911,15289,15290,15290,1,1
2022-08-18 15:18:01.244,15289,15290,15290,1,1
2022-08-18 15:18:01.301,15289,15290,15291,1,1
2022-08-18 15:18:01.348,15289,15290,15291,1,1
2022-08-18 15:18:01.366,15289,15291,15291,1,1
2022-08-18 15:18:02.130,15289,15291,15289,1,-1
2022-08-18 15:18:09.653,15289,15290,15289,1,-1
2022-08-18 15:18:09.752,15289,15290,15290,2,2
2022-08-18 15:18:10.573,15289,15290,15290,1,1
2022-08-18 15:18:12.008,15289,15290,15289,1,-1
2022-08-18 15:18:13.470,15289,15290,15289,2,-2
2022-08-18 15:18:18.970,15289,15290,15289,1,-1
2022-08-18 15:18:21.611,15288,15289,15288,11,-11
2022-08-18 15:18:21.612,15288,15289,15288,2,-2
2022-08-18 15:18:21.650,15288,15289,15288,1,-1
2022-08-18 15:18:21.977,15287,15288,15288,5,5
2022-08-18 15:18:23.023,15287,15288,15287,5,-5
2022-08-18 15:18:23.024,15287,15288,15287,1,-1
2022-08-18 15:18:26.717,15286,15287,15287,1,1
2022-08-18 15:18:26.720,15286,15287,15288,1,1
2022-08-18 15:18:27.604,15287,15289,15287,2,-2
2022-08-18 15:18:29.746,15287,15289,15288,1,-1
2022-08-18 15:18:30.470,15287,15289,15287,10,-10
2022-08-18 15:18:30.494,15287,15288,15288,1,1
2022-08-18 15:18:33.384,15287,15288,15288,1,1
2022-08-18 15:18:33.725,15288,15289,15288,1,-1
2022-08-18 15:18:35.745,15288,15289,15288,1,-1
2022-08-18 15:18:35.872,15288,15289,15288,1,-1
2022-08-18 15:18:42.590,15288,15289,15288,1,-1
2022-08-18 15:18:42.854,15287,15288,15288,1,1
2022-08-18 15:18:45.290,15288,15289,15288,1,-1
2022-08-18 15:18:47.718,15288,15289,15288,1,-1
2022-08-18 15:18:48.369,15288,15289,15289,2,2
2022-08-18 15:18:52.051,15289,15290,15290,2,2
2022-08-18 15:18:53.129,15289,15290,15289,2,-2
2022-08-18 15:18:53.129,15289,15290,15288,3,-3
2022-08-18 15:18:57.333,15288,15290,15288,1,-1
2022-08-18 15:19:02.509,15288,15289,15288,1,-1
2022-08-18 15:19:07.550,15287,15288,15287,1,-1
2022-08-18 15:19:07.550,15287,15288,15287,4,-4
2022-08-18 15:19:07.550,15287,15288,15287,1,-1
2022-08-18 15:19:07.550,15287,15288,15287,1,-1
2022-08-18 15:19:07.550,15287,15288,15287,4,-4
2022-08-18 15:19:07.550,15287,15288,15287,1,-1
2022-08-18 15:19:07.550,15287,15288,15287,2,-2
2022-08-18 15:19:07.550,15287,15288,15287,14,-14
2022-08-18 15:19:07.550,15287,15288,15287,1,-1
2022-08-18 15:19:07.550,15287,15288,15287,13,-13
2022-08-18 15:19:16.027,15287,15288,15287,10,-10
2022-08-18 15:19:16.211,15287,15288,15287,1,-1
2022-08-18 15:19:16.212,15287,15288,15287,14,-14
2022-08-18 15:19:20.192,15286,15287,15286,3,-3
2022-08-18 15:19:21.113,15286,15288,15286,1,-1
2022-08-18 15:19:23.438,15286,15287,15287,3,3
2022-08-18 15:19:24.470,15286,15287,15286,1,-1
2022-08-18 15:19:24.758,15286,15287,15286,1,-1
2022-08-18 15:19:24.759,15286,15287,15286,8,-8
2022-08-18 15:19:28.554,15285,15286,15286,1,1
2022-08-18 15:19:28.895,15286,15287,15287,4,4
2022-08-18 15:19:32.327,15286,15287,15286,1,-1
2022-08-18 15:19:37.137,15286,15287,15287,1,1
2022-08-18 15:19:40.077,15286,15287,15287,1,1
2022-08-18 15:19:44.051,15286,15288,15288,2,2
2022-08-18 15:19:45.062,15286,15288,15288,1,1
2022-08-18 15:19:48.311,15286,15287,15287,1,1
2022-08-18 15:19:50.125,15286,15287,15286,2,-2
2022-08-18 15:19:50.126,15286,15287,15286,5,-5
2022-08-18 15:19:51.190,15285,15287,15287,2,2
2022-08-18 15:19:55.342,15285,15286,15286,5,5
2022-08-18 15:19:56.505,15285,15286,15285,2,-2
2022-08-18 15:19:56.848,15285,15286,15286,1,1
2022-08-18 15:19:57.592,15285,15286,15286,1,1
2022-08-18 15:19:59.576,15285,15286,15285,4,-4
2022-08-18 15:19:59.576,15285,15286,15285,6,-6
2022-08-18 15:19:59.576,15285,15286,15285,1,-1
2022-08-18 15:19:59.577,15285,15286,15285,20,-20
2022-08-18 15:19:59.693,15284,15285,15285,1,1
2022-08-18 15:19:59.853,15284,15285,15284,2,-2
2022-08-18 15:20:00.306,15284,15285,15284,2,-2
2022-08-18 15:20:00.371,15284,15285,15284,1,-1
2022-08-18 15:20:00.372,15284,15285,15284,1,-1
2022-08-18 15:20:00.372,15284,15285,15284,1,-1
2022-08-18 15:20:00.372,15284,15285,15284,1,-1
2022-08-18 15:20:00.372,15284,15285,15284,1,-1
2022-08-18 15:20:00.476,15284,15285,15283,1,-1
2022-08-18 15:20:00.484,15283,15285,15283,1,-1
2022-08-18 15:20:00.493,15283,15285,15283,1,-1
2022-08-18 15:20:00.503,15283,15285,15283,1,-1
2022-08-18 15:20:01.405,15283,15285,15285,5,5
2022-08-18 15:20:01.597,15284,15286,15284,1,-1
2022-08-18 15:20:01.678,15284,15286,15284,1,-1
2022-08-18 15:20:03.186,15284,15286,15284,1,-1
2022-08-18 15:20:04.085,15284,15286,15284,1,-1
2022-08-18 15:20:08.190,15284,15286,15284,1,-1
2022-08-18 15:20:10.129,15284,15285,15284,3,-3
2022-08-18 15:20:11.330,15284,15285,15284,1,-1
2022-08-18 15:20:20.198,15284,15285,15284,2,-2
2022-08-18 15:20:21.996,15284,15285,15285,1,1
2022-08-18 15:20:22.111,15284,15285,15284,1,-1
2022-08-18 15:20:22.111,15284,15285,15284,1,-1
2022-08-18 15:20:23.613,15284,15285,15285,1,1
2022-08-18 15:20:25.445,15284,15285,15284,1,-1
2022-08-18 15:20:26.331,15284,15285,15285,2,2
2022-08-18 15:20:30.488,15285,15286,15285,1,-1
2022-08-18 15:20:33.318,15285,15286,15286,3,3
2022-08-18 15:20:34.755,15286,15287,15286,1,-1
2022-08-18 15:20:41.475,15286,15287,15287,4,4
2022-08-18 15:20:44.293,15286,15288,15286,3,-3
2022-08-18 15:20:44.361,15286,15288,15286,1,-1
2022-08-18 15:20:47.624,15286,15287,15287,1,1
2022-08-18 15:20:50.494,15286,15288,15288,5,5
2022-08-18 15:20:54.371,15286,15288,15286,4,-4
2022-08-18 15:20:57.190,15286,15287,15286,1,-1
2022-08-18 15:20:58.296,15286,15287,15286,2,-2
2022-08-18 15:20:59.578,15286,15287,15286,1,-1
2022-08-18 15:21:05.152,15286,15287,15287,5,5
2022-08-18 15:21:05.427,15287,15288,15287,1,-1
2022-08-18 15:21:10.332,15286,15287,15287,3,3
2022-08-18 15:21:12.694,15287,15288,15287,1,-1
2022-08-18 15:21:13.255,15287,15288,15288,3,3
2022-08-18 15:21:15.698,15288,15289,15288,2,-2
2022-08-18 15:21:18.982,15288,15289,15288,1,-1
2022-08-18 15:21:19.854,15288,15289,15289,2,2
2022-08-18 15:21:21.554,15288,15289,15289,2,2
2022-08-18 15:21:22.535,15288,15290,15290,1,1
2022-08-18 15:21:25.511,15289,15290,15290,2,2
2022-08-18 15:21:29.795,15289,15290,15290,2,2
2022-08-18 15:21:30.075,15289,15291,15289,1,-1
2022-08-18 15:21:36.230,15290,15291,15290,1,-1
2022-08-18 15:21:40.151,15289,15290,15290,1,1
2022-08-18 15:21:49.205,15289,15290,15290,1,1
2022-08-18 15:22:08.635,15289,15290,15290,1,1
2022-08-18 15:22:10.649,15289,15290,15290,5,5
2022-08-18 15:22:20.002,15290,15291,15291,2,2
2022-08-18 15:22:28.434,15290,15291,15291,1,1
2022-08-18 15:22:29.218,15290,15291,15291,1,1
2022-08-18 15:22:29.218,15290,15291,15292,1,1
2022-08-18 15:22:43.766,15290,15291,15291,2,2
2022-08-18 15:22:43.767,15290,15291,15291,2,2
2022-08-18 15:22:46.907,15290,15291,15291,1,1
2022-08-18 15:22:47.983,15290,15292,15292,1,1
2022-08-18 15:22:49.021,15290,15291,15291,1,1
2022-08-18 15:22:52.234,15290,15292,15292,3,3
2022-08-18 15:22:53.012,15290,15292,15291,1,1
2022-08-18 15:22:56.578,15290,15291,15291,3,3
2022-08-18 15:22:56.837,15290,15291,15291,4,4
2022-08-18 15:22:57.477,15290,15291,15290,1,-1
2022-08-18 15:22:57.477,15290,15291,15290,1,-1
2022-08-18 15:22:57.477,15290,15291,15290,5,-5
2022-08-18 15:22:57.477,15290,15291,15290,3,-3
2022-08-18 15:22:57.477,15290,15291,15290,6,-6
2022-08-18 15:22:57.988,15289,15290,15290,1,1
2022-08-18 15:23:04.597,15289,15290,15289,1,-1
2022-08-18 15:23:05.504,15289,15290,15289,1,-1
2022-08-18 15:23:16.640,15289,15290,15289,1,-1
2022-08-18 15:23:16.971,15289,15290,15289,1,-1
2022-08-18 15:23:27.398,15289,15290,15289,4,-4
2022-08-18 15:23:29.608,15289,15290,15290,2,2
2022-08-18 15:23:39.810,15289,15290,15290,1,1
2022-08-18 15:23:39.810,15289,15290,15290,1,1
2022-08-18 15:23:43.938,15290,15291,15291,2,2
2022-08-18 15:23:43.938,15290,15291,15292,5,5
2022-08-18 15:23:47.050,15291,15293,15293,3,3
2022-08-18 15:23:58.958,15291,15292,15292,1,1
2022-08-18 15:24:02.363,15291,15292,15292,1,1
2022-08-18 15:24:04.336,15292,15293,15292,1,-1
2022-08-18 15:24:07.010,15292,15293,15293,1,1
2022-08-18 15:24:08.330,15292,15293,15293,1,1
2022-08-18 15:24:09.643,15292,15293,15293,11,11
2022-08-18 15:24:12.405,15293,15294,15294,1,1
2022-08-18 15:24:12.406,15293,15294,15294,1,1
2022-08-18 15:24:12.406,15293,15294,15294,4,4
2022-08-18 15:24:12.406,15293,15294,15294,1,1
2022-08-18 15:24:12.406,15293,15294,15294,2,2
2022-08-18 15:24:12.607,15293,15294,15294,1,1
2022-08-18 15:24:13.396,15293,15294,15294,1,1
2022-08-18 15:24:13.396,15293,15294,15294,4,4
2022-08-18 15:24:13.396,15293,15294,15294,1,1
2022-08-18 15:24:13.915,15294,15295,15294,1,-1
2022-08-18 15:24:19.338,15293,15294,15294,1,1
2022-08-18 15:24:20.132,15294,15295,15294,1,-1
2022-08-18 15:24:20.881,15294,15295,15294,1,-1
2022-08-18 15:24:21.000,15294,15295,15294,1,-1
2022-08-18 15:24:28.393,15293,15294,15294,2,2
2022-08-18 15:24:30.691,15293,15294,15294,1,1
2022-08-18 15:24:35.133,15294,15295,15294,2,-2
2022-08-18 15:24:35.457,15293,15295,15295,2,2
2022-08-18 15:24:35.877,15294,15295,15295,1,1
2022-08-18 15:24:38.661,15294,15295,15294,1,-1
2022-08-18 15:24:39.930,15293,15295,15293,7,-7
2022-08-18 15:24:46.817,15293,15295,15293,1,-1
2022-08-18 15:24:51.397,15293,15294,15294,1,1
2022-08-18 15:25:02.253,15293,15294,15293,1,-1
2022-08-18 15:25:03.335,15293,15294,15293,1,-1
2022-08-18 15:25:03.505,15293,15294,15293,1,-1
2022-08-18 15:25:03.988,15293,15294,15294,1,1
2022-08-18 15:25:05.143,15293,15294,15293,1,-1
2022-08-18 15:25:05.143,15293,15294,15293,4,-4
2022-08-18 15:25:07.770,15292,15293,15292,1,-1
2022-08-18 15:25:09.290,15292,15293,15292,1,-1
2022-08-18 15:25:33.618,15293,15294,15293,1,-1
2022-08-18 15:25:41.558,15293,15294,15294,13,13
2022-08-18 15:25:43.332,15294,15295,15294,1,-1
2022-08-18 15:25:48.593,15294,15295,15295,1,1
2022-08-18 15:25:48.593,15294,15295,15295,1,1
2022-08-18 15:25:48.593,15294,15295,15295,2,2
2022-08-18 15:25:48.593,15294,15295,15295,1,1
2022-08-18 15:25:48.593,15294,15295,15295,1,1
2022-08-18 15:25:52.635,15294,15295,15294,1,-1
2022-08-18 15:25:52.965,15294,15295,15295,1,1
2022-08-18 15:25:52.965,15294,15295,15295,1,1
2022-08-18 15:25:52.965,15294,15295,15295,11,11
2022-08-18 15:25:52.965,15294,15295,15295,1,1
2022-08-18 15:25:52.966,15294,15295,15295,4,4
2022-08-18 15:25:52.966,15294,15295,15295,1,1
2022-08-18 15:25:52.966,15294,15295,15295,1,1
2022-08-18 15:25:52.966,15294,15295,15295,8,8
2022-08-18 15:25:52.966,15294,15295,15295,3,3
2022-08-18 15:25:54.678,15295,15296,15295,1,-1
2022-08-18 15:25:59.774,15295,15296,15296,1,1
2022-08-18 15:25:59.774,15295,15296,15296,2,2
2022-08-18 15:25:59.774,15295,15296,15296,4,4
2022-08-18 15:26:01.756,15296,15297,15297,1,1
2022-08-18 15:26:01.960,15296,15297,15297,1,1
2022-08-18 15:26:01.985,15296,15297,15297,1,1
2022-08-18 15:26:02.485,15296,15297,15296,1,-1
2022-08-18 15:26:03.739,15296,15297,15297,1,1
2022-08-18 15:26:04.556,15296,15297,15297,3,3
2022-08-18 15:26:04.557,15296,15297,15297,3,3
2022-08-18 15:26:06.103,15297,15298,15297,1,-1
2022-08-18 15:26:09.587,15297,15298,15298,3,3
2022-08-18 15:26:09.632,15297,15298,15298,1,1
2022-08-18 15:26:09.898,15297,15298,15298,1,1
2022-08-18 15:26:10.476,15297,15298,15297,1,-1
2022-08-18 15:26:11.538,15297,15298,15298,4,4
2022-08-18 15:26:11.720,15297,15298,15298,2,2
2022-08-18 15:26:12.037,15297,15298,15298,1,1
2022-08-18 15:26:14.508,15297,15298,15298,2,2
2022-08-18 15:26:15.593,15297,15298,15298,2,2
2022-08-18 15:26:16.938,15297,15298,15298,1,1
2022-08-18 15:26:18.807,15297,15298,15297,1,-1
2022-08-18 15:26:20.194,15296,15297,15297,1,1
2022-08-18 15:26:21.637,15296,15298,15298,1,1
2022-08-18 15:26:21.657,15296,15298,15298,1,1
2022-08-18 15:26:21.971,15296,15298,15296,1,-1
2022-08-18 15:26:22.362,15296,15297,15297,1,1
2022-08-18 15:26:34.135,15296,15297,15296,1,-1
2022-08-18 15:26:38.044,15296,15297,15297,2,2
2022-08-18 15:26:44.409,15296,15297,15297,1,1
2022-08-18 15:26:48.282,15296,15297,15297,1,1
2022-08-18 15:26:53.445,15296,15297,15296,1,-1
2022-08-18 15:26:53.451,15296,15297,15296,5,-5
2022-08-18 15:27:00.265,15295,15296,15296,1,1
2022-08-18 15:27:03.085,15295,15296,15295,1,-1
2022-08-18 15:27:03.085,15295,15296,15295,1,-1
2022-08-18 15:27:03.085,15295,15296,15295,1,-1
2022-08-18 15:27:03.085,15295,15296,15295,3,-3
2022-08-18 15:27:03.715,15294,15295,15294,1,-1
2022-08-18 15:27:03.776,15294,15295,15294,1,-1
2022-08-18 15:27:03.957,15293,15295,15295,1,1
2022-08-18 15:27:08.738,15294,15295,15294,1,-1
2022-08-18 15:27:10.116,15294,15295,15294,1,-1
2022-08-18 15:27:12.298,15293,15294,15294,1,1
2022-08-18 15:27:13.054,15293,15294,15293,1,-1
2022-08-18 15:27:16.737,15293,15294,15294,3,3
2022-08-18 15:27:23.178,15293,15294,15294,1,1
2022-08-18 15:27:23.178,15293,15294,15294,1,1
2022-08-18 15:27:23.178,15293,15294,15294,1,1
2022-08-18 15:27:23.203,15293,15294,15295,5,5
2022-08-18 15:27:23.221,15293,15294,15295,2,2
2022-08-18 15:27:23.325,15295,15296,15295,1,-1
2022-08-18 15:27:23.326,15295,15296,15295,2,-2
2022-08-18 15:27:28.605,15293,15295,15295,5,5
2022-08-18 15:27:28.605,15293,15295,15295,1,1
2022-08-18 15:27:28.605,15293,15295,15295,1,1
2022-08-18 15:27:28.606,15293,15295,15295,1,1
2022-08-18 15:27:28.606,15293,15295,15295,2,2
2022-08-18 15:27:33.884,15294,15295,15295,6,6
2022-08-18 15:27:44.760,15294,15295,15294,1,-1
2022-08-18 15:27:54.040,15294,15295,15295,3,3
2022-08-18 15:27:57.987,15295,15296,15295,1,-1
2022-08-18 15:27:59.561,15295,15296,15295,1,-1
2022-08-18 15:28:00.206,15294,15295,15295,1,1
2022-08-18 15:28:00.401,15294,15296,15294,1,-1
2022-08-18 15:28:05.154,15295,15296,15296,2,2
2022-08-18 15:28:05.154,15295,15296,15296,1,1
2022-08-18 15:28:10.449,15296,15297,15296,1,-1
2022-08-18 15:28:17.570,15295,15296,15295,1,-1
2022-08-18 15:28:34.903,15296,15297,15297,1,1
2022-08-18 15:28:34.904,15296,15297,15297,1,1
2022-08-18 15:28:34.904,15296,15297,15297,2,2
2022-08-18 15:28:34.904,15296,15297,15297,7,7
2022-08-18 15:28:34.904,15296,15297,15297,7,7
2022-08-18 15:28:37.047,15297,15298,15297,1,-1
2022-08-18 15:28:40.186,15297,15298,15298,2,2
2022-08-18 15:28:42.674,15297,15298,15297,1,-1
2022-08-18 15:28:42.674,15297,15298,15296,2,-2
2022-08-18 15:28:53.099,15297,15298,15297,1,-1
2022-08-18 15:29:00.206,15297,15298,15298,2,2
2022-08-18 15:29:00.206,15297,15298,15298,10,10
2022-08-18 15:29:06.244,15297,15298,15298,1,1
2022-08-18 15:29:06.999,15297,15298,15298,7,7
2022-08-18 15:29:06.999,15297,15298,15298,3,3
2022-08-18 15:29:07.335,15297,15298,15298,2,2
2022-08-18 15:29:07.899,15298,15299,15298,2,-2
2022-08-18 15:29:07.899,15298,15299,15298,1,-1
2022-08-18 15:29:07.899,15298,15299,15298,1,-1
2022-08-18 15:29:10.387,15297,15298,15298,3,3
2022-08-18 15:29:16.876,15297,15298,15298,3,3
2022-08-18 15:29:19.040,15297,15299,15297,1,-1
2022-08-18 15:29:24.707,15297,15298,15298,1,1
2022-08-18 15:29:24.707,15297,15298,15298,2,2
2022-08-18 15:29:38.867,15298,15299,15298,1,-1
2022-08-18 15:29:41.477,15298,15299,15298,1,-1
2022-08-18 15:29:41.769,15298,15299,15298,1,-1
2022-08-18 15:29:48.111,15297,15298,15297,1,-1
2022-08-18 15:29:48.111,15297,15298,15297,8,-8
2022-08-18 15:29:48.111,15297,15298,15297,2,-2
2022-08-18 15:29:49.441,15296,15298,15298,1,1
2022-08-18 15:29:59.121,15296,15297,15297,1,1
2022-08-18 15:29:59.121,15296,15297,15298,2,2
2022-08-18 15:30:10.000,15296,15298,15297,1,1
2022-08-18 15:30:10.660,15296,15298,15297,4,4
2022-08-18 15:30:10.660,15296,15298,15296,1,-1
2022-08-18 15:30:10.666,15296,15298,15296,1,-1
2022-08-18 15:30:24.855,15297,15298,15298,4,4
2022-08-18 15:30:25.819,15297,15298,15298,1,1
2022-08-18 15:30:56.229,15297,15298,15298,2,2
2022-08-18 15:31:00.530,15297,15298,15298,1,1
2022-08-18 15:31:04.672,15297,15298,15298,1,1
2022-08-18 15:31:08.899,15297,15298,15298,1,1
2022-08-18 15:31:09.475,15297,15298,15298,6,6
2022-08-18 15:31:11.220,15298,15299,15298,1,-1
2022-08-18 15:31:13.025,15297,15299,15298,1,-1
2022-08-18 15:31:15.385,15298,15299,15299,1,1
2022-08-18 15:31:15.506,15298,15299,15299,1,1
2022-08-18 15:31:17.085,15298,15299,15298,1,-1
2022-08-18 15:31:20.197,15298,15299,15299,1,1
2022-08-18 15:31:21.863,15298,15299,15298,1,-1
2022-08-18 15:31:22.504,15298,15299,15298,1,-1
2022-08-18 15:31:22.505,15298,15299,15298,1,-1
2022-08-18 15:31:22.505,15298,15299,15298,1,-1
2022-08-18 15:31:23.352,15297,15298,15297,1,-1
2022-08-18 15:31:49.636,15296,15297,15297,1,1
2022-08-18 15:31:51.191,15296,15297,15297,4,4
2022-08-18 15:31:54.435,15297,15299,15297,1,-1
2022-08-18 15:31:56.197,15297,15299,15298,2,-2
2022-08-18 15:32:02.404,15297,15298,15297,2,-2
2022-08-18 15:32:16.587,15296,15297,15297,2,2
2022-08-18 15:32:18.203,15297,15298,15297,1,-1
2022-08-18 15:32:29.506,15297,15298,15298,10,10
2022-08-18 15:32:29.506,15297,15298,15298,5,5
2022-08-18 15:32:29.507,15297,15298,15298,2,2
2022-08-18 15:32:29.507,15297,15298,15298,2,2
2022-08-18 15:32:31.642,15298,15299,15298,1,-1
2022-08-18 15:32:32.389,15298,15299,15298,1,-1
2022-08-18 15:32:38.566,15298,15299,15298,1,-1
2022-08-18 15:32:40.677,15298,15299,15298,1,-1
2022-08-18 15:32:51.359,15298,15299,15298,1,-1
2022-08-18 15:32:56.279,15298,15299,15299,5,5
2022-08-18 15:32:59.320,15298,15299,15299,13,13
2022-08-18 15:33:02.666,15299,15300,15299,1,-1
2022-08-18 15:33:08.476,15299,15300,15300,5,5
2022-08-18 15:33:12.968,15299,15300,15300,28,28
2022-08-18 15:33:12.969,15299,15300,15300,1,1
2022-08-18 15:33:12.969,15299,15300,15300,1,1
2022-08-18 15:33:12.969,15299,15300,15300,1,1
2022-08-18 15:33:12.969,15299,15300,15300,4,4
2022-08-18 15:33:12.969,15299,15300,15300,1,1
2022-08-18 15:33:17.233,15299,15300,15299,3,-3
2022-08-18 15:33:17.280,15298,15300,15299,1,-1
2022-08-18 15:33:17.704,15298,15299,15299,1,1
2022-08-18 15:33:18.015,15298,15299,15299,1,1
2022-08-18 15:33:21.242,15298,15300,15300,1,1
2022-08-18 15:33:28.658,15299,15300,15299,2,-2
2022-08-18 15:33:28.987,15298,15300,15300,1,1
2022-08-18 15:33:36.571,15298,15299,15299,3,3
2022-08-18 15:33:37.014,15298,15299,15299,1,1
2022-08-18 15:33:37.102,15298,15299,15299,1,1
2022-08-18 15:33:50.969,15299,15300,15300,4,4
2022-08-18 15:33:53.936,15299,15300,15300,4,4
2022-08-18 15:33:58.683,15300,15301,15301,3,3
2022-08-18 15:33:58.931,15300,15301,15301,1,1
2022-08-18 15:33:58.931,15300,15301,15301,1,1
2022-08-18 15:34:01.401,15300,15302,15301,3,3
2022-08-18 15:34:03.152,15300,15301,15300,1,-1
2022-08-18 15:34:05.105,15300,15301,15301,2,2
2022-08-18 15:34:07.444,15300,15301,15301,1,1
2022-08-18 15:34:13.886,15300,15301,15300,2,-2
2022-08-18 15:34:17.165,15299,15300,15300,2,2
2022-08-18 15:34:25.441,15299,15300,15300,3,3
2022-08-18 15:34:28.624,15299,15300,15300,1,1
2022-08-18 15:34:40.194,15299,15300,15300,1,1
2022-08-18 15:34:51.907,15299,15300,15299,1,-1
2022-08-18 15:35:07.538,15299,15300,15299,1,-1
2022-08-18 15:35:07.986,15299,15300,15299,1,-1
2022-08-18 15:35:15.558,15299,15300,15299,1,-1
2022-08-18 15:35:17.481,15299,15300,15300,2,2
2022-08-18 15:35:23.805,15299,15300,15299,1,-1
2022-08-18 15:35:23.805,15299,15300,15299,1,-1
2022-08-18 15:35:23.805,15299,15300,15299,1,-1
2022-08-18 15:35:23.805,15299,15300,15299,2,-2
2022-08-18 15:35:23.805,15299,15300,15299,2,-2
2022-08-18 15:35:23.805,15299,15300,15299,1,-1
2022-08-18 15:35:23.805,15299,15300,15299,6,-6
2022-08-18 15:35:30.394,15298,15299,15298,1,-1
2022-08-18 15:35:30.394,15298,15299,15298,5,-5
2022-08-18 15:36:00.253,15297,15298,15298,3,3
2022-08-18 15:36:03.925,15297,15298,15297,1,-1
2022-08-18 15:36:03.925,15297,15298,15297,2,-2
2022-08-18 15:36:04.000,15297,15298,15297,1,-1
2022-08-18 15:36:04.001,15297,15298,15297,3,-3
2022-08-18 15:36:10.270,15296,15297,15297,1,1
2022-08-18 15:36:31.860,15296,15297,15297,5,5
2022-08-18 15:36:32.911,15297,15298,15297,1,-1
2022-08-18 15:36:50.187,15297,15298,15297,1,-1
2022-08-18 15:36:50.731,15297,15298,15297,1,-1
2022-08-18 15:36:51.101,15297,15298,15297,1,-1
2022-08-18 15:36:51.535,15297,15298,15297,1,-1
2022-08-18 15:36:52.262,15296,15298,15296,1,-1
2022-08-18 15:36:52.383,15296,15298,15296,1,-1
2022-08-18 15:37:01.818,15296,15297,15296,1,-1
2022-08-18 15:37:03.179,15296,15297,15296,1,-1
2022-08-18 15:37:03.179,15296,15297,15296,1,-1
2022-08-18 15:37:03.180,15296,15297,15296,3,-3
2022-08-18 15:37:03.180,15296,15297,15296,1,-1
2022-08-18 15:37:03.180,15296,15297,15296,1,-1
2022-08-18 15:37:09.575,15295,15297,15295,1,-1
2022-08-18 15:37:16.516,15295,15296,15295,1,-1
2022-08-18 15:37:18.773,15295,15296,15296,1,1
2022-08-18 15:37:23.532,15295,15297,15295,1,-1
2022-08-18 15:37:31.453,15295,15296,15295,5,-5
2022-08-18 15:37:32.022,15295,15296,15295,2,-2
2022-08-18 15:37:35.664,15295,15296,15296,1,1
2022-08-18 15:37:36.597,15296,15297,15297,1,1
2022-08-18 15:37:48.961,15297,15298,15297,1,-1
2022-08-18 15:37:49.896,15297,15298,15298,1,1
2022-08-18 15:37:49.896,15297,15298,15298,2,2
2022-08-18 15:37:49.896,15297,15298,15298,3,3
2022-08-18 15:38:13.637,15297,15298,15298,1,1
2022-08-18 15:38:17.024,15298,15299,15298,2,-2
2022-08-18 15:38:17.344,15297,15298,15298,1,1
2022-08-18 15:38:21.366,15297,15298,15298,1,1
2022-08-18 15:38:22.818,15298,15300,15298,2,-2
2022-08-18 15:38:36.248,15299,15300,15299,1,-1
2022-08-18 15:38:36.473,15299,15300,15299,1,-1
2022-08-18 15:38:45.752,15299,15300,15299,1,-1
2022-08-18 15:38:59.796,15299,15300,15300,2,2
2022-08-18 15:39:01.180,15299,15300,15300,1,1
2022-08-18 15:39:01.180,15299,15300,15300,1,1
2022-08-18 15:39:01.180,15299,15300,15300,1,1
2022-08-18 15:39:01.180,15299,15300,15300,1,1
2022-08-18 15:39:01.180,15299,15300,15300,1,1
2022-08-18 15:39:04.818,15300,15301,15300,1,-1
2022-08-18 15:39:07.520,15300,15301,15300,1,-1
2022-08-18 15:39:08.565,15300,15301,15300,1,-1
2022-08-18 15:39:10.458,15299,15300,15300,1,1
2022-08-18 15:39:10.511,15299,15300,15300,1,1
2022-08-18 15:39:10.563,15299,15300,15301,1,1
2022-08-18 15:39:10.788,15299,15301,15300,2,2
2022-08-18 15:39:10.788,15299,15301,15301,2,2
2022-08-18 15:39:16.373,15299,15301,15301,1,1
2022-08-18 15:39:23.846,15300,15301,15301,1,1
2022-08-18 15:39:35.348,15300,15301,15301,3,3
2022-08-18 15:39:35.779,15300,15301,15301,1,1
2022-08-18 15:39:35.809,15300,15301,15300,1,-1
2022-08-18 15:39:37.777,15300,15301,15300,4,-4
2022-08-18 15:39:39.452,15299,15301,15301,1,1
2022-08-18 15:39:40.644,15299,15300,15300,1,1
2022-08-18 15:39:48.790,15300,15301,15300,1,-1
2022-08-18 15:39:57.811,15300,15301,15300,1,-1
2022-08-18 15:40:06.825,15300,15301,15300,1,-1
2022-08-18 15:40:07.758,15300,15301,15301,1,1
2022-08-18 15:40:26.554,15300,15301,15301,4,4
2022-08-18 15:40:30.001,15300,15301,15301,1,1
2022-08-18 15:40:36.230,15300,15301,15301,1,1
2022-08-18 15:40:42.196,15300,15301,15301,4,4
2022-08-18 15:40:43.798,15300,15301,15300,7,-7
2022-08-18 15:41:00.209,15299,15300,15300,2,2
2022-08-18 15:41:06.378,15299,15300,15299,1,-1
2022-08-18 15:41:06.378,15299,15300,15299,3,-3
2022-08-18 15:41:38.771,15299,15300,15300,12,12
2022-08-18 15:41:40.205,15300,15301,15301,1,1
2022-08-18 15:41:40.333,15300,15301,15300,1,-1
2022-08-18 15:41:44.810,15299,15301,15300,1,-1
2022-08-18 15:42:00.189,15300,15301,15301,2,2
2022-08-18 15:42:01.567,15300,15301,15301,1,1
2022-08-18 15:42:01.568,15300,15301,15301,1,1
2022-08-18 15:42:03.530,15301,15302,15302,1,1
2022-08-18 15:42:03.663,15301,15302,15302,2,2
2022-08-18 15:42:03.802,15301,15302,15302,4,4
2022-08-18 15:42:09.946,15301,15302,15302,1,1
2022-08-18 15:42:20.192,15301,15302,15302,1,1
2022-08-18 15:42:22.725,15301,15302,15302,1,1
2022-08-18 15:42:25.009,15301,15302,15302,1,1
2022-08-18 15:42:30.205,15301,15302,15302,1,1
2022-08-18 15:42:31.233,15301,15302,15302,1,1
2022-08-18 15:42:33.786,15301,15302,15302,1,1
2022-08-18 15:42:35.604,15301,15302,15302,2,2
2022-08-18 15:42:40.193,15302,15303,15303,1,1
2022-08-18 15:42:40.274,15302,15303,15303,1,1
2022-08-18 15:42:49.656,15302,15303,15303,3,3
2022-08-18 15:42:54.240,15302,15303,15303,2,2
2022-08-18 15:42:58.601,15302,15303,15303,1,1
2022-08-18 15:43:00.093,15302,15303,15302,2,-2
2022-08-18 15:43:00.093,15302,15303,15302,2,-2
2022-08-18 15:43:04.565,15302,15303,15302,1,-1
2022-08-18 15:43:04.565,15302,15303,15302,1,-1
2022-08-18 15:43:04.565,15302,15303,15302,5,-5
2022-08-18 15:43:06.663,15301,15302,15302,3,3
2022-08-18 15:43:13.705,15301,15302,15302,1,1
2022-08-18 15:43:16.229,15301,15302,15301,4,-4
2022-08-18 15:43:19.252,15300,15301,15300,2,-2
2022-08-18 15:43:19.252,15300,15301,15300,2,-2
2022-08-18 15:43:26.016,15299,15300,15300,1,1
2022-08-18 15:43:31.857,15299,15300,15300,1,1
2022-08-18 15:43:41.348,15299,15300,15299,1,-1
2022-08-18 15:43:45.640,15299,15300,15300,1,1
2022-08-18 15:43:54.417,15299,15300,15300,1,1
2022-08-18 15:43:57.831,15299,15300,15300,1,1
2022-08-18 15:43:58.794,15299,15300,15299,1,-1
2022-08-18 15:44:01.866,15299,15300,15299,3,-3
2022-08-18 15:44:06.842,15299,15300,15300,1,1
2022-08-18 15:44:07.843,15299,15300,15300,1,1
2022-08-18 15:44:07.843,15299,15300,15300,2,2
2022-08-18 15:44:07.844,15299,15300,15300,8,8
2022-08-18 15:44:16.504,15300,15301,15301,1,1
2022-08-18 15:44:19.344,15300,15301,15300,1,-1
2022-08-18 15:44:19.344,15300,15301,15300,2,-2
2022-08-18 15:44:19.344,15300,15301,15300,1,-1
2022-08-18 15:44:25.404,15299,15300,15300,1,1
2022-08-18 15:44:28.294,15299,15300,15299,1,-1
2022-08-18 15:44:28.994,15299,15300,15300,1,1
2022-08-18 15:44:34.986,15299,15300,15299,1,-1
2022-08-18 15:44:43.631,15299,15300,15299,1,-1
2022-08-18 15:44:55.131,15299,15300,15299,1,-1
2022-08-18 15:45:00.824,15299,15300,15299,1,-1
2022-08-18 15:45:13.369,15299,15300,15299,1,-1
2022-08-18 15:45:13.369,15299,15300,15299,1,-1
2022-08-18 15:45:13.369,15299,15300,15299,1,-1
2022-08-18 15:45:13.369,15299,15300,15299,1,-1
2022-08-18 15:45:13.369,15299,15300,15299,2,-2
2022-08-18 15:45:13.369,15299,15300,15299,11,-11
2022-08-18 15:46:02.682,15298,15299,15299,1,1
2022-08-18 15:46:13.436,15298,15299,15298,12,-12
2022-08-18 15:46:22.318,15297,15298,15297,1,-1
2022-08-18 15:46:22.366,15297,15298,15297,1,-1
2022-08-18 15:46:40.787,15296,15297,15296,1,-1
2022-08-18 15:46:40.988,15296,15297,15296,1,-1
2022-08-18 15:46:46.585,15296,15297,15297,1,1
2022-08-18 15:46:52.029,15296,15297,15297,2,2
2022-08-18 15:46:52.034,15296,15297,15297,2,2
2022-08-18 15:46:52.111,15297,15298,15297,1,-1
2022-08-18 15:47:09.592,15297,15298,15297,1,-1
2022-08-18 15:47:11.832,15297,15298,15298,1,1
2022-08-18 15:47:19.036,15297,15298,15297,1,-1
2022-08-18 15:47:19.036,15297,15298,15297,1,-1
2022-08-18 15:47:24.382,15296,15298,15296,1,-1
2022-08-18 15:47:25.734,15297,15298,15297,1,-1
2022-08-18 15:47:29.915,15296,15297,15296,1,-1
2022-08-18 15:47:33.397,15296,15297,15296,1,-1
2022-08-18 15:47:44.112,15295,15296,15296,1,1
2022-08-18 15:47:47.172,15295,15296,15296,1,1
2022-08-18 15:47:47.172,15295,15296,15296,1,1
2022-08-18 15:47:51.509,15296,15297,15296,1,-1
2022-08-18 15:47:53.154,15296,15297,15296,1,-1
2022-08-18 15:47:56.765,15296,15297,15296,1,-1
2022-08-18 15:48:09.022,15296,15297,15296,1,-1
2022-08-18 15:48:37.249,15295,15296,15295,1,-1
2022-08-18 15:48:47.258,15295,15296,15295,1,-1
2022-08-18 15:48:53.966,15295,15296,15295,1,-1
2022-08-18 15:49:03.185,15295,15296,15295,1,-1
2022-08-18 15:49:03.236,15295,15296,15295,1,-1
2022-08-18 15:49:03.236,15295,15296,15295,1,-1
2022-08-18 15:49:03.237,15295,15296,15295,1,-1
2022-08-18 15:49:03.237,15295,15296,15295,1,-1
2022-08-18 15:49:03.237,15295,15296,15295,1,-1
2022-08-18 15:49:03.237,15295,15296,15295,1,-1
2022-08-18 15:49:03.237,15295,15296,15295,1,-1
2022-08-18 15:49:03.238,15295,15296,15295,1,-1
2022-08-18 15:49:08.039,15294,15295,15295,3,3
2022-08-18 15:49:08.111,15294,15296,15294,1,-1
2022-08-18 15:49:08.111,15294,15296,15294,1,-1
2022-08-18 15:49:08.844,15294,15295,15295,2,2
2022-08-18 15:49:09.230,15294,15295,15295,6,6
2022-08-18 15:49:09.230,15294,15295,15295,1,1
2022-08-18 15:49:09.230,15294,15295,15295,2,2
2022-08-18 15:49:09.230,15294,15295,15295,2,2
2022-08-18 15:49:13.534,15295,15296,15295,1,-1
2022-08-18 15:49:16.049,15295,15296,15296,3,3
2022-08-18 15:49:16.050,15295,15296,15296,1,1
2022-08-18 15:49:16.050,15295,15296,15296,1,1
2022-08-18 15:49:16.050,15295,15296,15296,1,1
2022-08-18 15:49:16.050,15295,15296,15296,4,4
2022-08-18 15:49:16.050,15295,15296,15296,1,1
2022-08-18 15:49:16.645,15295,15297,15295,1,-1
2022-08-18 15:49:30.771,15296,15297,15297,3,3
2022-08-18 15:49:30.866,15296,15297,15297,1,1
2022-08-18 15:49:32.265,15297,15298,15297,2,-2
2022-08-18 15:49:32.361,15297,15298,15297,1,-1
2022-08-18 15:49:32.361,15297,15298,15297,1,-1
2022-08-18 15:49:32.362,15297,15298,15296,1,-1
2022-08-18 15:49:40.900,15296,15297,15296,1,-1
2022-08-18 15:49:41.624,15296,15297,15296,1,-1
2022-08-18 15:49:41.740,15296,15297,15296,1,-1
2022-08-18 15:49:41.842,15296,15297,15296,1,-1
2022-08-18 15:49:42.000,15296,15297,15296,1,-1
2022-08-18 15:49:42.773,15296,15297,15297,3,3
2022-08-18 15:49:44.326,15297,15298,15297,1,-1
2022-08-18 15:49:45.044,15296,15297,15297,1,1
2022-08-18 15:49:49.078,15297,15298,15297,1,-1
2022-08-18 15:49:54.682,15297,15298,15297,2,-2
2022-08-18 15:49:54.682,15297,15298,15297,2,-2
2022-08-18 15:49:55.372,15296,15297,15297,1,1
2022-08-18 15:50:27.967,15297,15298,15298,1,1
2022-08-18 15:50:31.154,15297,15298,15297,1,-1
2022-08-18 15:50:32.972,15297,15298,15298,1,1
2022-08-18 15:50:42.823,15297,15298,15298,1,1
2022-08-18 15:50:43.430,15297,15298,15298,1,1
2022-08-18 15:50:49.739,15297,15298,15297,1,-1
2022-08-18 15:50:49.739,15297,15298,15297,1,-1
2022-08-18 15:50:49.838,15297,15298,15297,1,-1
2022-08-18 15:51:05.120,15296,15297,15297,2,2
2022-08-18 15:51:15.736,15296,15297,15296,1,-1
2022-08-18 15:51:15.737,15296,15297,15296,3,-3
2022-08-18 15:51:26.121,15295,15296,15296,1,1
2022-08-18 15:51:33.963,15295,15296,15296,1,1
2022-08-18 15:52:00.714,15295,15296,15295,10,-10
2022-08-18 15:52:00.714,15295,15296,15295,1,-1
2022-08-18 15:52:00.714,15295,15296,15295,1,-1
2022-08-18 15:52:16.644,15294,15295,15295,4,4
2022-08-18 15:52:16.644,15294,15295,15295,2,2
2022-08-18 15:52:18.997,15295,15296,15295,3,-3
2022-08-18 15:52:22.409,15295,15296,15295,1,-1
2022-08-18 15:52:27.668,15295,15296,15296,1,1
2022-08-18 15:52:27.668,15295,15296,15296,1,1
2022-08-18 15:52:31.597,15295,15296,15296,1,1
2022-08-18 15:52:33.244,15295,15296,15295,1,-1
2022-08-18 15:52:48.736,15295,15296,15295,1,-1
2022-08-18 15:52:48.736,15295,15296,15295,1,-1
2022-08-18 15:52:48.736,15295,15296,15295,1,-1
2022-08-18 15:52:48.736,15295,15296,15295,2,-2
2022-08-18 15:52:48.736,15295,15296,15295,1,-1
2022-08-18 15:53:01.326,15294,15295,15294,1,-1
2022-08-18 15:53:01.326,15294,15295,15294,4,-4
2022-08-18 15:53:01.326,15294,15295,15294,1,-1
2022-08-18 15:53:08.448,15294,15295,15294,1,-1
2022-08-18 15:53:08.748,15294,15295,15294,1,-1
2022-08-18 15:53:10.035,15294,15295,15294,1,-1
2022-08-18 15:53:11.666,15294,15295,15294,1,-1
2022-08-18 15:53:17.859,15294,15295,15295,2,2
2022-08-18 15:53:18.339,15294,15295,15294,1,-1
2022-08-18 15:53:21.725,15294,15295,15294,1,-1
2022-08-18 15:53:33.263,15294,15295,15294,1,-1
2022-08-18 15:53:36.487,15294,15295,15295,15,15
2022-08-18 15:53:36.488,15294,15295,15295,1,1
2022-08-18 15:53:36.488,15294,15295,15295,4,4
2022-08-18 15:53:43.029,15294,15295,15295,1,1
2022-08-18 15:53:49.457,15294,15295,15295,1,1
2022-08-18 15:54:00.218,15294,15295,15295,1,1
2022-08-18 15:54:01.193,15294,15295,15294,1,-1
2022-08-18 15:54:07.363,15294,15295,15295,2,2
2022-08-18 15:54:16.941,15295,15296,15296,1,1
2022-08-18 15:54:18.248,15296,15297,15296,1,-1
2022-08-18 15:54:23.756,15296,15297,15297,1,1
2022-08-18 15:54:33.425,15296,15297,15296,1,-1
2022-08-18 15:54:40.756,15296,15297,15297,1,1
2022-08-18 15:54:55.445,15296,15297,15297,3,3
2022-08-18 15:54:55.950,15296,15297,15296,5,-5
2022-08-18 15:55:00.248,15295,15296,15296,1,1
2022-08-18 15:55:00.625,15295,15296,15295,1,-1
2022-08-18 15:55:19.402,15295,15296,15295,1,-1
2022-08-18 15:55:19.402,15295,15296,15295,1,-1
2022-08-18 15:55:32.238,15294,15295,15295,1,1
2022-08-18 15:55:44.561,15294,15295,15295,1,1
2022-08-18 15:55:44.562,15294,15295,15295,2,2
2022-08-18 15:55:44.562,15294,15295,15295,1,1
2022-08-18 15:55:44.562,15294,15295,15295,1,1
2022-08-18 15:55:44.562,15294,15295,15295,1,1
2022-08-18 15:55:44.562,15294,15295,15295,1,1
2022-08-18 15:55:44.562,15294,15295,15295,3,3
2022-08-18 15:55:44.562,15294,15295,15295,1,1
2022-08-18 15:56:00.247,15295,15296,15296,2,2
2022-08-18 15:56:09.466,15295,15296,15296,1,1
2022-08-18 15:56:27.791,15296,15297,15296,1,-1
2022-08-18 15:56:55.641,15296,15297,15297,1,1
2022-08-18 15:57:09.777,15296,15297,15297,1,1
2022-08-18 15:57:10.117,15296,15297,15297,2,2
2022-08-18 15:57:11.581,15297,15298,15298,3,3
2022-08-18 15:57:11.899,15298,15299,15298,2,-2
2022-08-18 15:57:19.591,15298,15299,15299,1,1
2022-08-18 15:57:19.591,15298,15299,15299,1,1
2022-08-18 15:57:19.591,15298,15299,15299,5,5
2022-08-18 15:57:19.680,15299,15300,15300,3,3
2022-08-18 15:57:20.047,15299,15300,15300,1,1
2022-08-18 15:57:20.511,15299,15300,15300,1,1
2022-08-18 15:57:22.810,15299,15300,15300,1,1
2022-08-18 15:57:47.122,15299,15300,15300,1,1
2022-08-18 15:57:51.165,15299,15300,15300,1,1
2022-08-18 15:58:04.300,15299,15300,15299,1,-1
2022-08-18 15:58:05.007,15299,15300,15299,1,-1
2022-08-18 15:58:05.007,15299,15300,15299,1,-1
2022-08-18 15:58:05.007,15299,15300,15299,1,-1
2022-08-18 15:58:08.471,15298,15299,15298,1,-1
2022-08-18 15:58:09.141,15298,15299,15299,4,4
2022-08-18 15:58:09.997,15299,15300,15299,1,-1
2022-08-18 15:58:11.669,15298,15300,15300,1,1
2022-08-18 15:58:14.271,15299,15300,15300,5,5
2022-08-18 15:58:16.479,15299,15300,15300,1,1
2022-08-18 15:58:20.198,15299,15300,15300,2,2
2022-08-18 15:58:21.702,15299,15300,15300,2,2
2022-08-18 15:58:21.702,15299,15300,15300,2,2
2022-08-18 15:58:22.615,15300,15301,15301,1,1
2022-08-18 15:58:27.475,15300,15301,15301,1,1
2022-08-18 15:58:30.436,15300,15301,15301,1,1
2022-08-18 15:58:30.438,15300,15301,15301,1,1
2022-08-18 15:58:33.097,15300,15301,15300,1,-1
2022-08-18 15:58:40.193,15300,15301,15301,1,1
2022-08-18 15:58:46.308,15300,15301,15300,1,-1
2022-08-18 15:58:46.308,15300,15301,15300,1,-1
2022-08-18 15:58:57.545,15299,15300,15300,1,1
2022-08-18 15:58:59.170,15299,15300,15299,1,-1
2022-08-18 15:58:59.170,15299,15300,15299,1,-1
2022-08-18 15:58:59.170,15299,15300,15299,1,-1
2022-08-18 15:59:10.042,15298,15299,15299,1,1
2022-08-18 16:00:01.327,15299,15300,15300,1,1
2022-08-18 16:00:01.327,15299,15300,15300,2,2
2022-08-18 16:00:01.363,15300,15301,15301,1,1
2022-08-18 16:00:01.363,15300,15301,15301,1,1
2022-08-18 16:00:01.363,15300,15301,15301,1,1
2022-08-18 16:00:01.365,15300,15301,15301,1,1
2022-08-18 16:00:01.369,15300,15301,15301,1,1
2022-08-18 16:00:01.579,15300,15301,15301,1,1
2022-08-18 16:00:11.720,15300,15301,15301,1,1
2022-08-18 16:00:11.721,15300,15301,15301,1,1
2022-08-18 16:00:11.721,15300,15301,15301,1,1
2022-08-18 16:00:15.742,15301,15302,15301,1,-1
2022-08-18 16:00:20.192,15301,15302,15302,1,1
2022-08-18 16:00:23.653,15301,15302,15302,2,2
2022-08-18 16:00:31.689,15301,15302,15302,1,1
2022-08-18 16:00:32.000,15301,15302,15302,1,1
2022-08-18 16:00:32.116,15301,15302,15302,1,1
2022-08-18 16:00:40.175,15301,15302,15302,1,1
2022-08-18 16:00:50.493,15301,15302,15301,1,-1
2022-08-18 16:00:50.493,15301,15302,15301,1,-1
2022-08-18 16:00:51.028,15300,15301,15301,1,1
2022-08-18 16:00:53.577,15300,15301,15301,2,2
2022-08-18 16:00:53.726,15300,15301,15300,1,-1
2022-08-18 16:01:14.443,15300,15301,15301,1,1
2022-08-18 16:01:28.128,15300,15301,15301,2,2
2022-08-18 16:01:29.447,15300,15301,15301,1,1
2022-08-18 16:01:42.799,15300,15301,15301,1,1
2022-08-18 16:01:43.171,15300,15301,15301,1,1
2022-08-18 16:01:49.156,15301,15302,15302,1,1
2022-08-18 16:01:56.524,15301,15302,15301,1,-1
2022-08-18 16:02:08.161,15301,15302,15302,2,2
2022-08-18 16:02:14.770,15301,15302,15301,1,-1
2022-08-18 16:02:15.128,15301,15302,15301,1,-1
2022-08-18 16:02:15.748,15301,15302,15301,1,-1
2022-08-18 16:02:15.921,15301,15302,15301,1,-1
2022-08-18 16:02:16.622,15301,15302,15301,1,-1
2022-08-18 16:02:28.047,15301,15302,15302,1,1
2022-08-18 16:02:28.048,15301,15302,15302,1,1
2022-08-18 16:02:28.048,15301,15302,15302,1,1
2022-08-18 16:02:28.048,15301,15302,15302,1,1
2022-08-18 16:02:28.048,15301,15302,15302,5,5
2022-08-18 16:02:28.048,15301,15302,15302,4,4
2022-08-18 16:02:28.048,15301,15302,15302,2,2
2022-08-18 16:02:30.439,15302,15303,15302,2,-2
2022-08-18 16:02:38.363,15302,15303,15302,1,-1
2022-08-18 16:02:39.198,15302,15303,15303,1,1
2022-08-18 16:02:39.375,15302,15303,15303,8,8
2022-08-18 16:02:39.430,15302,15303,15303,1,1
2022-08-18 16:02:39.430,15302,15303,15303,7,7
2022-08-18 16:02:39.453,15302,15303,15304,30,30
2022-08-18 16:02:39.453,15302,15303,15305,26,26
2022-08-18 16:02:39.455,15302,15303,15305,1,1
2022-08-18 16:02:39.455,15302,15303,15305,1,1
2022-08-18 16:02:39.868,15305,15306,15306,1,1
2022-08-18 16:02:40.081,15305,15306,15306,1,1
2022-08-18 16:02:41.120,15305,15306,15305,4,-4
2022-08-18 16:02:41.390,15304,15305,15305,3,3
2022-08-18 16:02:42.610,15305,15306,15305,2,-2
2022-08-18 16:02:44.444,15304,15306,15304,2,-2
2022-08-18 16:02:50.231,15303,15304,15304,1,1
2022-08-18 16:02:52.208,15303,15305,15305,1,1
2022-08-18 16:02:55.614,15303,15304,15304,1,1
2022-08-18 16:02:55.788,15303,15304,15304,1,1
2022-08-18 16:02:59.100,15303,15304,15304,4,4
2022-08-18 16:03:00.229,15304,15305,15304,1,-1
2022-08-18 16:03:06.169,15303,15304,15304,2,2
2022-08-18 16:03:07.991,15303,15304,15304,1,1
2022-08-18 16:03:11.713,15303,15304,15304,1,1
2022-08-18 16:03:11.713,15303,15304,15304,1,1
2022-08-18 16:03:11.801,15303,15305,15303,2,-2
2022-08-18 16:03:15.216,15304,15305,15304,1,-1
2022-08-18 16:03:16.338,15303,15305,15305,2,2
2022-08-18 16:03:20.337,15304,15305,15305,2,2
2022-08-18 16:03:20.407,15304,15305,15305,2,2
2022-08-18 16:03:23.184,15304,15305,15305,1,1
2022-08-18 16:03:24.869,15304,15305,15305,2,2
2022-08-18 16:03:26.116,15304,15306,15306,1,1
2022-08-18 16:03:29.521,15305,15306,15306,2,2
2022-08-18 16:03:30.777,15305,15306,15306,1,1
2022-08-18 16:03:30.778,15305,15306,15306,9,9
2022-08-18 16:03:35.211,15306,15307,15307,3,3
2022-08-18 16:03:35.890,15306,15307,15306,3,-3
2022-08-18 16:03:37.599,15305,15306,15306,3,3
2022-08-18 16:03:38.512,15305,15306,15306,3,3
2022-08-18 16:03:44.152,15305,15306,15306,3,3
2022-08-18 16:03:54.335,15306,15307,15307,4,4
2022-08-18 16:04:00.206,15306,15307,15307,2,2
2022-08-18 16:04:01.537,15306,15307,15307,4,4
2022-08-18 16:04:06.106,15306,15307,15307,1,1
2022-08-18 16:04:07.119,15306,15307,15307,1,1
2022-08-18 16:04:07.900,15307,15308,15307,1,-1
2022-08-18 16:04:08.444,15307,15308,15307,1,-1
2022-08-18 16:04:11.420,15307,15308,15307,5,-5
2022-08-18 16:04:11.692,15306,15307,15307,11,11
2022-08-18 16:04:12.851,15306,15307,15307,1,1
2022-08-18 16:04:14.081,15306,15307,15307,1,1
2022-08-18 16:04:14.594,15306,15307,15307,1,1
2022-08-18 16:04:15.240,15307,15308,15308,1,1
2022-08-18 16:04:15.368,15307,15308,15307,2,-2
2022-08-18 16:04:15.368,15307,15308,15306,1,-1
2022-08-18 16:04:16.196,15307,15308,15308,1,1
2022-08-18 16:04:17.362,15307,15308,15308,1,1
2022-08-18 16:04:20.867,15307,15308,15307,1,-1
2022-08-18 16:04:21.075,15307,15308,15307,1,-1
2022-08-18 16:04:21.075,15307,15308,15307,1,-1
2022-08-18 16:04:23.499,15306,15307,15307,1,1
2022-08-18 16:04:24.683,15306,15307,15307,1,1
2022-08-18 16:04:29.739,15307,15308,15307,1,-1
2022-08-18 16:04:29.739,15307,15308,15307,1,-1
2022-08-18 16:04:31.109,15306,15307,15307,1,1
2022-08-18 16:04:31.236,15306,15307,15307,1,1
2022-08-18 16:04:31.236,15306,15307,15307,1,1
2022-08-18 16:04:39.421,15307,15308,15307,1,-1
2022-08-18 16:04:39.948,15306,15307,15307,1,1
2022-08-18 16:05:04.125,15306,15307,15306,1,-1
2022-08-18 16:05:04.862,15306,15307,15307,1,1
2022-08-18 16:05:08.279,15306,15307,15307,1,1
2022-08-18 16:05:10.292,15306,15307,15307,1,1
2022-08-18 16:05:15.431,15306,15307,15307,1,1
2022-08-18 16:05:24.518,15306,15307,15307,1,1
2022-08-18 16:05:26.942,15306,15307,15307,1,1
2022-08-18 16:05:38.477,15306,15307,15306,1,-1
2022-08-18 16:05:52.806,15306,15307,15306,2,-2
2022-08-18 16:05:55.722,15306,15307,15306,1,-1
2022-08-18 16:05:56.792,15306,15307,15307,1,1
2022-08-18 16:05:59.375,15306,15307,15307,1,1
2022-08-18 16:06:00.236,15306,15307,15307,2,2
2022-08-18 16:06:07.474,15306,15307,15307,1,1
2022-08-18 16:06:08.559,15306,15307,15307,3,3
2022-08-18 16:06:14.507,15306,15307,15306,2,-2
2022-08-18 16:06:14.507,15306,15307,15306,1,-1
2022-08-18 16:06:14.507,15306,15307,15306,1,-1
2022-08-18 16:06:14.507,15306,15307,15306,1,-1
2022-08-18 16:06:14.507,15306,15307,15306,6,-6
2022-08-18 16:06:14.507,15306,15307,15306,1,-1
2022-08-18 16:06:14.507,15306,15307,15306,2,-2
2022-08-18 16:06:14.507,15306,15307,15306,1,-1
2022-08-18 16:06:14.507,15306,15307,15306,1,-1
2022-08-18 16:06:14.507,15306,15307,15306,3,-3
2022-08-18 16:06:14.507,15306,15307,15306,1,-1
2022-08-18 16:06:14.507,15306,15307,15306,1,-1
2022-08-18 16:06:14.508,15306,15307,15306,1,-1
2022-08-18 16:06:14.508,15306,15307,15306,1,-1
2022-08-18 16:06:14.508,15306,15307,15306,2,-2
2022-08-18 16:06:14.508,15306,15307,15306,1,-1
2022-08-18 16:06:14.508,15306,15307,15306,4,-4
2022-08-18 16:06:14.508,15306,15307,15306,1,-1
2022-08-18 16:06:14.508,15306,15307,15306,1,-1
2022-08-18 16:06:14.508,15306,15307,15306,3,-3
2022-08-18 16:06:15.436,15306,15307,15306,2,-2
2022-08-18 16:06:16.716,15306,15307,15306,1,-1
2022-08-18 16:06:18.901,15306,15307,15306,1,-1
2022-08-18 16:06:19.137,15306,15307,15306,1,-1
2022-08-18 16:06:19.262,15306,15307,15306,1,-1
2022-08-18 16:06:19.412,15306,15307,15306,1,-1
2022-08-18 16:06:19.412,15306,15307,15306,1,-1
2022-08-18 16:06:19.562,15306,15307,15306,1,-1
2022-08-18 16:06:19.562,15306,15307,15306,1,-1
2022-08-18 16:06:19.562,15306,15307,15306,1,-1
2022-08-18 16:06:19.842,15306,15307,15306,1,-1
2022-08-18 16:06:27.300,15305,15306,15306,1,1
2022-08-18 16:06:33.241,15305,15306,15305,2,-2
2022-08-18 16:06:39.403,15305,15306,15305,1,-1
2022-08-18 16:06:42.623,15305,15306,15305,1,-1
2022-08-18 16:06:45.048,15304,15305,15304,1,-1
2022-08-18 16:06:50.079,15304,15305,15305,1,1
2022-08-18 16:06:50.080,15304,15305,15305,1,1
2022-08-18 16:06:50.389,15305,15306,15305,5,-5
2022-08-18 16:06:54.123,15305,15306,15306,7,7
2022-08-18 16:06:54.363,15306,15307,15307,2,2
2022-08-18 16:06:57.278,15306,15308,15308,9,9
2022-08-18 16:06:57.279,15306,15308,15308,3,3
2022-08-18 16:06:58.661,15307,15308,15307,1,-1
2022-08-18 16:07:06.339,15306,15308,15308,1,1
2022-08-18 16:07:12.802,15306,15307,15307,1,1
2022-08-18 16:07:17.582,15307,15308,15308,1,1
2022-08-18 16:07:19.502,15308,15309,15308,1,-1
2022-08-18 16:07:20.100,15308,15309,15308,1,-1
2022-08-18 16:07:22.026,15307,15309,15309,1,1
2022-08-18 16:07:22.182,15307,15309,15309,1,1
2022-08-18 16:07:22.233,15308,15309,15309,1,1
2022-08-18 16:07:22.293,15308,15309,15309,1,1
2022-08-18 16:07:22.440,15308,15309,15309,2,2
2022-08-18 16:07:22.446,15308,15309,15310,1,1
2022-08-18 16:07:22.450,15308,15309,15310,1,1
2022-08-18 16:07:22.569,15309,15310,15310,1,1
2022-08-18 16:07:22.670,15309,15310,15310,1,1
2022-08-18 16:07:22.679,15309,15310,15310,1,1
2022-08-18 16:07:22.707,15309,15310,15310,1,1
2022-08-18 16:07:22.735,15309,15310,15310,2,2
2022-08-18 16:07:23.043,15309,15310,15310,1,1
2022-08-18 16:07:23.184,15309,15310,15310,1,1
2022-08-18 16:07:26.341,15309,15310,15310,2,2
2022-08-18 16:07:29.159,15309,15310,15310,1,1
2022-08-18 16:07:34.144,15309,15310,15309,1,-1
2022-08-18 16:07:39.591,15309,15310,15309,1,-1
2022-08-18 16:07:40.267,15309,15310,15310,1,1
2022-08-18 16:07:44.284,15309,15310,15310,1,1
2022-08-18 16:07:47.209,15309,15310,15310,1,1
2022-08-18 16:07:47.210,15309,15310,15310,9,9
2022-08-18 16:07:49.799,15309,15311,15310,1,1
2022-08-18 16:07:55.806,15310,15311,15311,1,1
2022-08-18 16:07:56.367,15310,15311,15311,1,1
2022-08-18 16:07:58.705,15310,15311,15311,1,1
2022-08-18 16:07:58.705,15310,15311,15311,13,13
2022-08-18 16:08:00.195,15310,15312,15312,2,2
2022-08-18 16:08:01.224,15311,15312,15312,1,1
2022-08-18 16:08:01.400,15310,15312,15312,1,1
2022-08-18 16:08:03.539,15311,15312,15312,1,1
2022-08-18 16:08:04.752,15311,15312,15312,11,11
2022-08-18 16:08:05.880,15312,15313,15312,1,-1
2022-08-18 16:08:05.880,15312,15313,15312,1,-1
2022-08-18 16:08:06.188,15312,15313,15313,1,1
2022-08-18 16:08:06.324,15312,15313,15313,2,2
2022-08-18 16:08:06.349,15312,15313,15313,1,1
2022-08-18 16:08:06.871,15311,15313,15313,1,1
2022-08-18 16:08:07.187,15311,15313,15313,16,16
2022-08-18 16:08:07.921,15311,15313,15313,1,1
2022-08-18 16:08:09.676,15311,15313,15313,16,16
2022-08-18 16:08:09.856,15312,15313,15313,3,3
2022-08-18 16:08:09.857,15312,15313,15313,5,5
2022-08-18 16:08:11.169,15312,15313,15313,12,12
2022-08-18 16:08:11.170,15312,15313,15313,4,4
2022-08-18 16:08:12.693,15312,15313,15313,1,1
2022-08-18 16:08:13.697,15312,15313,15313,1,1
2022-08-18 16:08:16.215,15313,15314,15314,4,4
2022-08-18 16:08:16.259,15313,15314,15314,1,1
2022-08-18 16:08:20.183,15312,15313,15313,1,1
2022-08-18 16:08:20.844,15312,15313,15313,3,3
2022-08-18 16:08:20.870,15312,15313,15313,1,1
2022-08-18 16:08:22.918,15312,15313,15312,1,-1
2022-08-18 16:08:23.087,15312,15313,15312,4,-4
2022-08-18 16:08:29.209,15311,15312,15311,1,-1
2022-08-18 16:08:30.174,15311,15312,15312,1,1
2022-08-18 16:08:32.530,15311,15312,15312,1,1
2022-08-18 16:08:33.614,15311,15312,15311,6,-6
2022-08-18 16:08:34.752,15310,15311,15310,1,-1
2022-08-18 16:08:38.608,15310,15311,15310,1,-1
2022-08-18 16:08:41.323,15310,15311,15310,1,-1
2022-08-18 16:08:44.097,15310,15311,15310,1,-1
2022-08-18 16:08:46.574,15310,15311,15311,1,1
2022-08-18 16:08:46.651,15311,15312,15311,1,-1
2022-08-18 16:08:49.852,15312,15313,15312,1,-1
2022-08-18 16:08:52.078,15311,15312,15312,2,2
2022-08-18 16:08:52.078,15311,15312,15312,1,1
2022-08-18 16:08:52.347,15311,15312,15312,1,1
2022-08-18 16:08:52.433,15311,15312,15312,1,1
2022-08-18 16:08:53.374,15311,15312,15312,1,1
2022-08-18 16:08:57.285,15311,15312,15312,1,1
2022-08-18 16:09:01.285,15311,15312,15312,2,2
2022-08-18 16:09:02.660,15311,15312,15312,1,1
2022-08-18 16:09:07.339,15311,15312,15311,1,-1
2022-08-18 16:09:07.807,15311,15312,15311,1,-1
2022-08-18 16:09:10.539,15310,15312,15312,1,1
2022-08-18 16:09:15.249,15311,15312,15312,1,1
2022-08-18 16:09:20.192,15311,15312,15312,1,1
2022-08-18 16:09:20.262,15311,15312,15311,5,-5
2022-08-18 16:09:27.684,15311,15312,15311,1,-1
2022-08-18 16:09:28.635,15311,15312,15311,2,-2
2022-08-18 16:09:28.906,15310,15311,15311,1,1
2022-08-18 16:09:28.910,15310,15311,15311,2,2
2022-08-18 16:09:33.256,15311,15312,15311,3,-3
2022-08-18 16:09:33.616,15310,15311,15310,1,-1
2022-08-18 16:09:37.177,15310,15311,15311,1,1
2022-08-18 16:09:40.389,15310,15311,15310,1,-1
2022-08-18 16:09:41.434,15310,15311,15311,1,1
2022-08-18 16:09:44.053,15310,15311,15310,1,-1
2022-08-18 16:09:44.054,15310,15311,15310,1,-1
2022-08-18 16:09:44.054,15310,15311,15310,2,-2
2022-08-18 16:09:44.054,15310,15311,15310,1,-1
2022-08-18 16:09:44.054,15310,15311,15310,3,-3
2022-08-18 16:09:45.586,15309,15310,15309,1,-1
2022-08-18 16:09:55.182,15309,15310,15310,1,1
2022-08-18 16:09:55.182,15309,15310,15311,4,4
2022-08-18 16:09:56.815,15309,15311,15309,1,-1
2022-08-18 16:09:58.139,15310,15311,15310,1,-1
2022-08-18 16:10:03.870,15310,15311,15310,1,-1
2022-08-18 16:10:05.066,15309,15310,15310,1,1
2022-08-18 16:10:13.231,15309,15310,15309,1,-1
2022-08-18 16:10:14.695,15309,15310,15310,1,1
2022-08-18 16:10:20.462,15309,15310,15309,1,-1
2022-08-18 16:10:20.462,15309,15310,15309,1,-1
2022-08-18 16:10:20.463,15309,15310,15309,1,-1
2022-08-18 16:10:20.463,15309,15310,15309,1,-1
2022-08-18 16:10:20.463,15309,15310,15309,1,-1
2022-08-18 16:10:20.463,15309,15310,15309,1,-1
2022-08-18 16:10:20.463,15309,15310,15309,4,-4
2022-08-18 16:10:30.175,15308,15309,15308,1,-1
2022-08-18 16:10:35.425,15308,15309,15308,1,-1
2022-08-18 16:10:35.827,15308,15309,15309,1,1
2022-08-18 16:10:41.562,15308,15309,15309,1,1
2022-08-18 16:10:46.490,15308,15309,15308,2,-2
2022-08-18 16:10:47.100,15308,15309,15308,1,-1
2022-08-18 16:10:48.008,15308,15309,15309,1,1
2022-08-18 16:10:50.128,15308,15309,15308,1,-1
2022-08-18 16:10:56.149,15308,15309,15308,1,-1
2022-08-18 16:10:57.039,15308,15309,15309,1,1
2022-08-18 16:11:08.072,15308,15309,15309,1,1
2022-08-18 16:11:11.375,15308,15309,15309,1,1
2022-08-18 16:11:15.680,15309,15310,15309,1,-1
2022-08-18 16:11:24.459,15308,15309,15309,1,1
2022-08-18 16:11:32.396,15309,15310,15310,3,3
2022-08-18 16:11:32.396,15309,15310,15310,2,2
2022-08-18 16:11:32.486,15309,15311,15311,1,1
2022-08-18 16:11:38.038,15309,15311,15311,1,1
2022-08-18 16:11:39.688,15309,15311,15311,2,2
2022-08-18 16:11:58.726,15310,15311,15310,1,-1
2022-08-18 16:12:03.560,15309,15310,15310,1,1
2022-08-18 16:12:03.842,15310,15311,15311,1,1
2022-08-18 16:12:12.963,15310,15311,15310,1,-1
2022-08-18 16:12:22.789,15309,15311,15309,1,-1
2022-08-18 16:12:25.278,15309,15310,15309,1,-1
2022-08-18 16:12:28.849,15309,15310,15309,1,-1
2022-08-18 16:12:28.849,15309,15310,15309,2,-2
2022-08-18 16:12:36.280,15309,15310,15309,1,-1
2022-08-18 16:12:39.781,15309,15310,15310,1,1
2022-08-18 16:12:44.727,15309,15310,15309,1,-1
2022-08-18 16:12:55.842,15308,15309,15309,1,1
2022-08-18 16:12:56.075,15308,15309,15309,1,1
2022-08-18 16:12:56.320,15308,15309,15309,1,1
2022-08-18 16:12:59.646,15308,15309,15308,2,-2
2022-08-18 16:13:11.063,15308,15309,15309,1,1
2022-08-18 16:13:31.316,15308,15309,15309,1,1
2022-08-18 16:13:41.142,15308,15309,15308,1,-1
2022-08-18 16:13:41.142,15308,15309,15308,1,-1
2022-08-18 16:13:41.142,15308,15309,15308,18,-18
2022-08-18 16:13:41.142,15308,15309,15308,4,-4
2022-08-18 16:13:41.142,15308,15309,15308,1,-1
2022-08-18 16:13:41.142,15308,15309,15308,5,-5
2022-08-18 16:13:41.142,15308,15309,15308,7,-7
2022-08-18 16:13:41.142,15308,15309,15308,1,-1
2022-08-18 16:13:48.475,15307,15308,15308,1,1
2022-08-18 16:13:48.505,15307,15308,15307,2,-2
2022-08-18 16:13:48.739,15307,15308,15307,1,-1
2022-08-18 16:13:53.243,15307,15308,15307,1,-1
2022-08-18 16:14:01.755,15307,15308,15307,4,-4
2022-08-18 16:14:06.225,15306,15308,15306,2,-2
2022-08-18 16:14:11.888,15306,15307,15307,1,1
2022-08-18 16:14:22.731,15306,15307,15307,1,1
2022-08-18 16:14:43.114,15306,15307,15306,1,-1
2022-08-18 16:14:43.135,15306,15307,15307,1,1
2022-08-18 16:14:52.444,15306,15307,15307,5,5
2022-08-18 16:15:07.133,15307,15308,15308,1,1
2022-08-18 16:15:07.577,15307,15308,15308,1,1
2022-08-18 16:15:14.773,15307,15308,15307,1,-1
2022-08-18 16:15:17.476,15307,15308,15307,2,-2
2022-08-18 16:15:18.604,15307,15308,15307,1,-1
2022-08-18 16:15:18.608,15307,15308,15307,1,-1
2022-08-18 16:15:22.145,15307,15308,15308,1,1
2022-08-18 16:15:24.661,15307,15308,15308,1,1
2022-08-18 16:15:24.662,15307,15308,15308,1,1
2022-08-18 16:15:24.672,15307,15308,15308,1,1
2022-08-18 16:15:24.673,15307,15308,15308,1,1
2022-08-18 16:15:26.490,15307,15308,15308,3,3
2022-08-18 16:15:30.615,15307,15308,15308,1,1
2022-08-18 16:15:30.616,15307,15308,15308,3,3
2022-08-18 16:15:44.756,15307,15308,15308,1,1
2022-08-18 16:15:49.455,15307,15309,15309,1,1
2022-08-18 16:16:02.664,15309,15310,15310,1,1
2022-08-18 16:16:03.408,15309,15310,15309,1,-1
2022-08-18 16:16:05.159,15309,15310,15309,1,-1
2022-08-18 16:16:14.571,15309,15310,15309,1,-1
2022-08-18 16:16:16.134,15309,15310,15310,3,3
2022-08-18 16:16:16.135,15309,15310,15310,2,2
2022-08-18 16:16:16.135,15309,15310,15310,1,1
2022-08-18 16:16:16.135,15309,15310,15310,4,4
2022-08-18 16:16:16.135,15309,15310,15310,1,1
2022-08-18 16:16:16.135,15309,15310,15310,1,1
2022-08-18 16:16:16.135,15309,15310,15310,1,1
2022-08-18 16:16:16.135,15309,15310,15310,1,1
2022-08-18 16:16:16.135,15309,15310,15310,1,1
2022-08-18 16:16:16.135,15309,15310,15310,9,9
2022-08-18 16:16:26.780,15309,15310,15309,1,-1
2022-08-18 16:16:40.477,15307,15309,15309,1,1
2022-08-18 16:16:42.671,15307,15309,15307,1,-1
2022-08-18 16:16:53.373,15308,15309,15308,1,-1
2022-08-18 16:16:53.774,15307,15308,15307,1,-1
2022-08-18 16:17:03.336,15306,15307,15306,1,-1
2022-08-18 16:17:03.336,15306,15307,15306,1,-1
2022-08-18 16:17:03.336,15306,15307,15306,1,-1
2022-08-18 16:17:03.336,15306,15307,15306,1,-1
2022-08-18 16:17:03.336,15306,15307,15306,1,-1
2022-08-18 16:17:03.336,15306,15307,15306,1,-1
2022-08-18 16:17:03.336,15306,15307,15306,6,-6
2022-08-18 16:17:03.336,15306,15307,15306,2,-2
2022-08-18 16:17:11.244,15305,15306,15305,11,-11
2022-08-18 16:17:11.414,15304,15306,15304,1,-1
2022-08-18 16:17:17.952,15305,15306,15305,1,-1
2022-08-18 16:17:21.533,15305,15306,15305,3,-3
2022-08-18 16:17:38.447,15305,15306,15305,1,-1
2022-08-18 16:17:38.524,15305,15306,15305,1,-1
2022-08-18 16:17:41.555,15305,15306,15306,1,1
2022-08-18 16:17:47.681,15305,15306,15305,1,-1
2022-08-18 16:18:23.814,15304,15305,15304,1,-1
2022-08-18 16:18:23.814,15304,15305,15304,1,-1
2022-08-18 16:18:23.814,15304,15305,15304,1,-1
2022-08-18 16:18:23.814,15304,15305,15304,1,-1
2022-08-18 16:18:23.814,15304,15305,15304,1,-1
2022-08-18 16:18:23.814,15304,15305,15304,1,-1
2022-08-18 16:18:23.815,15304,15305,15304,2,-2
2022-08-18 16:18:23.815,15304,15305,15304,4,-4
2022-08-18 16:18:23.815,15304,15305,15304,1,-1
2022-08-18 16:18:23.815,15304,15305,15304,1,-1
2022-08-18 16:18:23.815,15304,15305,15304,1,-1
2022-08-18 16:18:24.303,15304,15305,15305,1,1
2022-08-18 16:18:33.049,15304,15305,15304,1,-1
2022-08-18 16:18:35.254,15304,15305,15304,3,-3
2022-08-18 16:18:35.324,15304,15305,15304,1,-1
2022-08-18 16:18:37.565,15303,15304,15304,1,1
2022-08-18 16:18:38.633,15303,15304,15303,1,-1
2022-08-18 16:18:38.742,15303,15304,15303,1,-1
2022-08-18 16:18:41.232,15303,15304,15303,1,-1
2022-08-18 16:18:51.243,15303,15304,15303,1,-1
2022-08-18 16:18:58.364,15303,15304,15303,1,-1
2022-08-18 16:19:01.370,15303,15304,15303,1,-1
2022-08-18 16:19:05.165,15303,15304,15303,1,-1
2022-08-18 16:19:06.608,15303,15304,15303,3,-3
2022-08-18 16:19:07.935,15303,15304,15303,1,-1
2022-08-18 16:19:11.154,15303,15304,15303,5,-5
2022-08-18 16:19:14.717,15303,15304,15303,1,-1
2022-08-18 16:19:15.194,15303,15304,15303,3,-3
2022-08-18 16:19:18.828,15303,15304,15304,9,9
2022-08-18 16:19:18.828,15303,15304,15304,1,1
2022-08-18 16:19:18.828,15303,15304,15304,1,1
2022-08-18 16:19:18.829,15303,15304,15304,2,2
2022-08-18 16:19:21.547,15303,15305,15304,1,1
2022-08-18 16:19:21.547,15303,15305,15303,2,-2
2022-08-18 16:20:00.477,15304,15305,15304,2,-2
2022-08-18 16:20:01.296,15304,15305,15304,1,-1
2022-08-18 16:20:02.595,15304,15305,15304,1,-1
2022-08-18 16:20:04.353,15303,15304,15304,1,1
2022-08-18 16:20:09.256,15303,15304,15303,3,-3
2022-08-18 16:20:09.256,15303,15304,15303,2,-2
2022-08-18 16:20:17.725,15302,15303,15303,1,1
2022-08-18 16:20:17.921,15302,15303,15302,1,-1
2022-08-18 16:20:20.120,15302,15303,15302,6,-6
2022-08-18 16:20:20.121,15302,15303,15302,5,-5
2022-08-18 16:20:20.186,15302,15303,15301,1,-1
2022-08-18 16:20:20.280,15301,15302,15301,1,-1
2022-08-18 16:20:20.280,15301,15302,15301,1,-1
2022-08-18 16:20:24.320,15300,15302,15302,4,4
2022-08-18 16:20:28.704,15300,15302,15300,1,-1
2022-08-18 16:20:32.639,15300,15301,15301,1,1
2022-08-18 16:20:32.639,15300,15301,15301,1,1
2022-08-18 16:20:32.761,15300,15302,15300,1,-1
2022-08-18 16:20:43.997,15300,15301,15300,2,-2
2022-08-18 16:20:44.295,15300,15301,15300,1,-1
2022-08-18 16:20:44.295,15300,15301,15300,1,-1
2022-08-18 16:20:44.296,15300,15301,15300,2,-2
2022-08-18 16:20:44.296,15300,15301,15300,1,-1
2022-08-18 16:20:44.296,15300,15301,15300,1,-1
2022-08-18 16:20:44.296,15300,15301,15300,1,-1
2022-08-18 16:20:44.296,15300,15301,15300,6,-6
2022-08-18 16:20:45.128,15299,15300,15299,7,-7
2022-08-18 16:20:45.884,15298,15299,15299,1,1
2022-08-18 16:20:45.888,15298,15299,15299,1,1
2022-08-18 16:20:48.910,15299,15300,15299,1,-1
2022-08-18 16:20:58.265,15298,15299,15299,1,1
2022-08-18 16:20:59.705,15298,15299,15299,1,1
2022-08-18 16:21:00.209,15298,15299,15298,1,-1
2022-08-18 16:21:01.991,15298,15299,15298,1,-1
2022-08-18 16:21:02.272,15298,15299,15299,2,2
2022-08-18 16:21:03.074,15298,15299,15299,1,1
2022-08-18 16:21:10.697,15298,15299,15298,1,-1
2022-08-18 16:21:11.418,15298,15299,15298,1,-1
2022-08-18 16:21:16.389,15298,15299,15298,1,-1
2022-08-18 16:21:25.610,15298,15299,15298,1,-1
2022-08-18 16:21:26.867,15298,15299,15299,1,1
2022-08-18 16:21:26.867,15298,15299,15299,5,5
2022-08-18 16:21:26.867,15298,15299,15299,1,1
2022-08-18 16:21:26.867,15298,15299,15299,2,2
2022-08-18 16:21:45.911,15299,15300,15300,1,1
2022-08-18 16:21:45.911,15299,15300,15300,2,2
2022-08-18 16:21:45.911,15299,15300,15300,1,1
2022-08-18 16:21:47.210,15300,15301,15300,1,-1
2022-08-18 16:21:48.184,15299,15301,15301,4,4
2022-08-18 16:21:50.180,15300,15301,15300,1,-1
2022-08-18 16:21:56.987,15300,15301,15301,1,1
2022-08-18 16:22:00.222,15300,15301,15300,1,-1
2022-08-18 16:22:03.596,15301,15302,15301,1,-1
2022-08-18 16:22:20.274,15301,15302,15301,1,-1
2022-08-18 16:22:22.206,15300,15301,15301,1,1
2022-08-18 16:22:47.302,15301,15302,15301,1,-1
2022-08-18 16:22:48.954,15301,15302,15302,2,2
2022-08-18 16:22:52.853,15301,15302,15302,1,1
2022-08-18 16:22:58.901,15301,15302,15302,1,1
2022-08-18 16:23:17.069,15302,15303,15303,1,1
2022-08-18 16:23:17.069,15302,15303,15304,1,1
2022-08-18 16:23:22.285,15302,15303,15303,1,1
2022-08-18 16:23:40.376,15302,15303,15303,1,1
2022-08-18 16:23:43.262,15302,15303,15303,1,1
2022-08-18 16:23:45.013,15302,15303,15303,1,1
2022-08-18 16:23:55.441,15302,15303,15303,1,1
