2019-04-17 15:00:00.040,10992,10993,10993,50,50
2019-04-17 15:00:00.044,10992,10993,10993,1,1
2019-04-17 15:00:00.111,10992,10993,10992,8,-8
2019-04-17 15:00:00.272,10992,10993,10993,3,3
2019-04-17 15:00:00.343,10992,10993,10993,2,2
2019-04-17 15:00:00.430,10992,10993,10992,1,-1
2019-04-17 15:00:00.431,10992,10993,10992,1,-1
2019-04-17 15:00:00.524,10992,10993,10992,4,-4
2019-04-17 15:00:00.561,10992,10993,10993,14,14
2019-04-17 15:00:00.699,10991,10992,10992,1,1
2019-04-17 15:00:00.713,10991,10992,10993,7,7
2019-04-17 15:00:00.713,10991,10992,10994,7,7
2019-04-17 15:00:00.775,10991,10992,10992,1,1
2019-04-17 15:00:00.811,10991,10992,10994,4,4
2019-04-17 15:00:00.860,10991,10992,10994,1,1
2019-04-17 15:00:00.930,10991,10994,10994,1,1
2019-04-17 15:00:01.920,10992,10993,10993,1,1
2019-04-17 15:00:01.986,10992,10993,10992,2,-2
2019-04-17 15:00:03.525,10992,10993,10993,1,1
2019-04-17 15:00:03.609,10992,10993,10993,1,1
2019-04-17 15:00:04.030,10992,10994,10993,3,-3
2019-04-17 15:00:04.030,10992,10994,10992,11,-11
2019-04-17 15:00:04.853,10991,10992,10992,1,1
2019-04-17 15:00:05.502,10991,10992,10991,14,-14
2019-04-17 15:00:05.707,10991,10993,10991,1,-1
2019-04-17 15:00:05.843,10991,10992,10991,1,-1
2019-04-17 15:00:06.583,10991,10992,10992,1,1
2019-04-17 15:00:10.155,10992,10993,10992,1,-1
2019-04-17 15:00:11.520,10992,10993,10993,1,1
2019-04-17 15:00:11.736,10992,10993,10993,1,1
2019-04-17 15:00:11.736,10992,10993,10994,1,1
2019-04-17 15:00:13.535,10992,10994,10994,1,1
2019-04-17 15:00:16.947,10992,10994,10992,1,-1
2019-04-17 15:00:17.557,10992,10994,10992,1,-1
2019-04-17 15:00:17.680,10992,10993,10993,1,1
2019-04-17 15:00:19.433,10992,10993,10993,1,1
2019-04-17 15:00:19.610,10992,10993,10993,1,1
2019-04-17 15:00:19.767,10992,10993,10993,1,1
2019-04-17 15:00:19.912,10992,10993,10992,3,-3
2019-04-17 15:00:20.102,10992,10993,10993,1,1
2019-04-17 15:00:20.268,10992,10993,10993,1,1
2019-04-17 15:00:20.436,10992,10993,10993,1,1
2019-04-17 15:00:20.598,10992,10993,10993,1,1
2019-04-17 15:00:20.753,10992,10993,10993,1,1
2019-04-17 15:00:20.917,10992,10993,10993,1,1
2019-04-17 15:00:22.119,10992,10993,10993,1,1
2019-04-17 15:00:22.195,10992,10994,10994,1,1
2019-04-17 15:00:22.300,10992,10994,10994,1,1
2019-04-17 15:00:22.475,10992,10994,10994,1,1
2019-04-17 15:00:25.205,10993,10994,10993,1,-1
2019-04-17 15:00:25.796,10992,10994,10994,1,1
2019-04-17 15:00:26.038,10992,10994,10992,1,-1
2019-04-17 15:00:26.807,10992,10994,10994,1,1
2019-04-17 15:00:27.153,10992,10994,10992,17,-17
2019-04-17 15:00:28.389,10991,10992,10992,1,1
2019-04-17 15:00:28.469,10991,10992,10992,1,1
2019-04-17 15:00:30.176,10991,10992,10991,2,-2
2019-04-17 15:00:30.964,10991,10992,10992,1,1
2019-04-17 15:00:31.482,10991,10992,10992,1,1
2019-04-17 15:00:33.914,10991,10992,10991,3,-3
2019-04-17 15:00:34.820,10991,10992,10991,1,-1
2019-04-17 15:00:39.393,10991,10992,10991,3,-3
2019-04-17 15:00:39.396,10991,10992,10991,2,-2
2019-04-17 15:00:39.399,10990,10991,10991,2,2
2019-04-17 15:00:41.450,10990,10991,10991,1,1
2019-04-17 15:00:41.552,10990,10991,10991,1,1
2019-04-17 15:00:42.485,10991,10992,10992,1,1
2019-04-17 15:00:43.797,10991,10992,10991,3,-3
2019-04-17 15:00:44.499,10991,10992,10992,1,1
2019-04-17 15:00:46.624,10991,10992,10991,1,-1
2019-04-17 15:00:46.638,10991,10992,10992,5,5
2019-04-17 15:00:48.536,10991,10992,10992,5,5
2019-04-17 15:00:48.888,10991,10992,10991,1,-1
2019-04-17 15:00:52.153,10991,10992,10991,5,-5
2019-04-17 15:00:52.219,10991,10992,10991,2,-2
2019-04-17 15:00:54.313,10991,10992,10992,2,2
2019-04-17 15:00:54.561,10991,10992,10991,1,-1
2019-04-17 15:00:56.232,10991,10992,10991,2,-2
2019-04-17 15:01:00.098,10991,10992,10991,9,-9
2019-04-17 15:01:00.569,10991,10992,10992,2,2
2019-04-17 15:01:01.007,10991,10992,10992,7,7
2019-04-17 15:01:04.590,10991,10992,10991,1,-1
2019-04-17 15:01:06.165,10991,10992,10992,1,1
2019-04-17 15:01:09.292,10991,10992,10992,2,2
2019-04-17 15:01:15.603,10991,10992,10992,2,2
2019-04-17 15:01:17.060,10991,10992,10992,3,3
2019-04-17 15:01:19.842,10991,10992,10992,1,1
2019-04-17 15:01:22.702,10991,10992,10992,2,2
2019-04-17 15:01:23.479,10991,10992,10992,1,1
2019-04-17 15:01:29.545,10991,10992,10992,2,2
2019-04-17 15:01:31.383,10991,10992,10992,2,2
2019-04-17 15:01:34.025,10991,10992,10991,2,-2
2019-04-17 15:01:36.540,10991,10992,10991,1,-1
2019-04-17 15:01:36.651,10991,10992,10992,2,2
2019-04-17 15:01:37.918,10991,10992,10991,5,-5
2019-04-17 15:01:38.014,10991,10992,10991,1,-1
2019-04-17 15:01:39.118,10991,10992,10991,1,-1
2019-04-17 15:01:42.439,10991,10992,10991,1,-1
2019-04-17 15:01:44.643,10991,10992,10992,2,2
2019-04-17 15:01:46.261,10991,10992,10991,1,-1
2019-04-17 15:01:47.120,10991,10992,10991,3,-3
2019-04-17 15:01:47.168,10991,10992,10991,1,-1
2019-04-17 15:01:48.392,10991,10992,10991,1,-1
2019-04-17 15:01:48.413,10991,10992,10991,2,-2
2019-04-17 15:01:50.147,10990,10991,10991,11,11
2019-04-17 15:01:50.147,10990,10991,10992,7,7
2019-04-17 15:01:51.462,10990,10992,10990,1,-1
2019-04-17 15:01:51.465,10990,10992,10990,1,-1
2019-04-17 15:01:51.862,10990,10991,10990,1,-1
2019-04-17 15:01:51.946,10990,10991,10990,1,-1
2019-04-17 15:01:52.851,10990,10991,10991,2,2
2019-04-17 15:01:53.994,10990,10991,10990,4,-4
2019-04-17 15:01:55.879,10990,10991,10990,1,-1
2019-04-17 15:01:58.592,10990,10991,10990,1,-1
2019-04-17 15:01:59.650,10990,10991,10991,1,1
2019-04-17 15:01:59.820,10990,10992,10992,2,2
2019-04-17 15:02:00.262,10990,10991,10991,2,2
2019-04-17 15:02:00.291,10990,10991,10991,1,1
2019-04-17 15:02:01.087,10990,10991,10990,3,-3
2019-04-17 15:02:03.438,10990,10991,10991,2,2
2019-04-17 15:02:03.624,10990,10992,10991,1,-1
2019-04-17 15:02:05.600,10991,10992,10991,1,-1
2019-04-17 15:02:06.256,10991,10992,10992,1,1
2019-04-17 15:02:06.780,10991,10992,10992,1,1
2019-04-17 15:02:07.188,10991,10992,10992,1,1
2019-04-17 15:02:08.278,10991,10992,10992,2,2
2019-04-17 15:02:08.748,10991,10992,10992,1,1
2019-04-17 15:02:09.829,10991,10992,10991,1,-1
2019-04-17 15:02:12.697,10991,10992,10991,1,-1
2019-04-17 15:02:13.082,10991,10992,10992,1,1
2019-04-17 15:02:13.649,10991,10992,10992,1,1
2019-04-17 15:02:14.030,10991,10993,10991,6,-6
2019-04-17 15:02:14.439,10991,10992,10992,1,1
2019-04-17 15:02:17.032,10991,10992,10992,1,1
2019-04-17 15:02:17.032,10991,10992,10993,1,1
2019-04-17 15:02:21.273,10991,10993,10992,1,-1
2019-04-17 15:02:21.273,10991,10993,10993,3,3
2019-04-17 15:02:23.283,10991,10992,10992,1,1
2019-04-17 15:02:23.283,10991,10992,10993,1,1
2019-04-17 15:02:24.502,10992,10993,10992,1,-1
2019-04-17 15:02:25.926,10991,10993,10993,1,1
2019-04-17 15:02:27.796,10991,10993,10991,1,-1
2019-04-17 15:02:31.344,10991,10992,10992,2,2
2019-04-17 15:02:33.069,10991,10992,10992,5,5
2019-04-17 15:02:33.698,10991,10993,10993,1,1
2019-04-17 15:02:37.006,10991,10993,10991,1,-1
2019-04-17 15:02:38.982,10991,10993,10993,2,2
2019-04-17 15:02:43.621,10992,10993,10992,1,-1
2019-04-17 15:02:48.601,10991,10993,10993,1,1
2019-04-17 15:02:56.331,10991,10992,10992,1,1
2019-04-17 15:02:57.246,10991,10993,10993,10,10
2019-04-17 15:03:01.797,10992,10993,10992,1,-1
2019-04-17 15:03:04.214,10992,10993,10992,1,-1
2019-04-17 15:03:07.083,10992,10993,10992,1,-1
2019-04-17 15:03:07.936,10992,10993,10992,1,-1
2019-04-17 15:03:10.603,10992,10993,10993,1,1
2019-04-17 15:03:10.614,10992,10993,10993,1,1
2019-04-17 15:03:10.955,10992,10993,10992,1,-1
2019-04-17 15:03:11.231,10991,10993,10991,2,-2
2019-04-17 15:03:13.339,10991,10992,10992,1,1
2019-04-17 15:03:14.054,10991,10992,10991,1,-1
2019-04-17 15:03:14.371,10991,10992,10991,1,-1
2019-04-17 15:03:23.710,10991,10992,10992,27,27
2019-04-17 15:03:23.710,10991,10992,10993,12,12
2019-04-17 15:03:23.774,10991,10992,10992,1,1
2019-04-17 15:03:30.087,10992,10993,10993,5,5
2019-04-17 15:03:31.991,10992,10993,10993,5,5
2019-04-17 15:03:34.872,10992,10993,10992,1,-1
2019-04-17 15:03:38.168,10991,10992,10992,1,1
2019-04-17 15:03:42.836,10991,10992,10991,1,-1
2019-04-17 15:03:43.240,10991,10992,10991,1,-1
2019-04-17 15:03:47.132,10991,10992,10991,1,-1
2019-04-17 15:03:47.438,10991,10992,10991,1,-1
2019-04-17 15:03:47.744,10991,10992,10991,1,-1
2019-04-17 15:03:48.050,10991,10992,10991,1,-1
2019-04-17 15:03:48.339,10991,10992,10991,1,-1
2019-04-17 15:03:48.356,10991,10992,10991,1,-1
2019-04-17 15:03:48.481,10991,10992,10991,4,-4
2019-04-17 15:03:48.674,10991,10992,10991,1,-1
2019-04-17 15:03:52.466,10991,10992,10992,1,1
2019-04-17 15:04:03.330,10991,10992,10992,7,7
2019-04-17 15:04:03.553,10992,10993,10992,1,-1
2019-04-17 15:04:03.789,10991,10993,10991,2,-2
2019-04-17 15:04:07.905,10991,10992,10992,1,1
2019-04-17 15:04:08.076,10992,10993,10992,5,-5
2019-04-17 15:04:10.584,10991,10992,10992,2,2
2019-04-17 15:04:10.823,10991,10992,10992,1,1
2019-04-17 15:04:14.648,10991,10992,10992,2,2
2019-04-17 15:04:16.123,10992,10993,10993,1,1
2019-04-17 15:04:26.818,10992,10993,10992,1,-1
2019-04-17 15:04:32.212,10992,10993,10992,1,-1
2019-04-17 15:04:42.222,10992,10993,10992,1,-1
2019-04-17 15:04:53.075,10992,10993,10992,5,-5
2019-04-17 15:04:53.075,10992,10993,10992,1,-1
2019-04-17 15:04:53.262,10991,10992,10992,1,1
2019-04-17 15:04:59.272,10991,10992,10992,2,2
2019-04-17 15:05:00.194,10991,10992,10992,1,1
2019-04-17 15:05:00.514,10992,10993,10993,1,1
2019-04-17 15:05:03.818,10992,10993,10992,6,-6
2019-04-17 15:05:03.818,10992,10993,10991,9,-9
2019-04-17 15:05:08.504,10992,10993,10993,1,1
2019-04-17 15:05:08.526,10992,10993,10993,1,1
2019-04-17 15:05:08.592,10992,10993,10993,1,1
2019-04-17 15:05:15.401,10992,10993,10993,3,3
2019-04-17 15:05:15.999,10992,10993,10992,1,-1
2019-04-17 15:05:17.056,10992,10993,10992,1,-1
2019-04-17 15:05:20.923,10992,10993,10993,1,1
2019-04-17 15:05:26.143,10992,10993,10992,1,-1
2019-04-17 15:05:26.710,10992,10993,10992,1,-1
2019-04-17 15:05:28.169,10992,10993,10992,2,-2
2019-04-17 15:05:31.466,10992,10993,10993,1,1
2019-04-17 15:05:31.655,10992,10993,10993,1,1
2019-04-17 15:05:31.966,10992,10993,10993,1,1
2019-04-17 15:05:32.137,10992,10993,10993,1,1
2019-04-17 15:05:32.295,10992,10993,10993,1,1
2019-04-17 15:05:32.451,10992,10993,10993,1,1
2019-04-17 15:05:32.465,10992,10993,10992,1,-1
2019-04-17 15:05:32.592,10992,10993,10993,1,1
2019-04-17 15:05:32.764,10992,10993,10993,1,1
2019-04-17 15:05:32.929,10992,10993,10993,1,1
2019-04-17 15:05:33.109,10992,10993,10993,1,1
2019-04-17 15:05:33.256,10992,10993,10993,1,1
2019-04-17 15:05:33.421,10992,10993,10993,1,1
2019-04-17 15:05:35.272,10992,10993,10993,2,2
2019-04-17 15:05:35.515,10992,10993,10993,1,1
2019-04-17 15:05:35.806,10992,10993,10993,1,1
2019-04-17 15:05:37.451,10992,10993,10993,1,1
2019-04-17 15:05:37.649,10993,10994,10993,1,-1
2019-04-17 15:05:40.552,10993,10994,10993,1,-1
2019-04-17 15:05:40.847,10992,10993,10993,1,1
2019-04-17 15:05:45.935,10992,10993,10993,1,1
2019-04-17 15:05:46.782,10992,10993,10992,1,-1
2019-04-17 15:05:48.240,10992,10993,10993,1,1
2019-04-17 15:05:48.882,10992,10993,10993,2,2
2019-04-17 15:05:51.774,10993,10994,10993,10,-10
2019-04-17 15:05:51.829,10993,10994,10993,2,-2
2019-04-17 15:05:53.701,10992,10993,10993,8,8
2019-04-17 15:05:53.829,10993,10994,10993,5,-5
2019-04-17 15:05:53.829,10993,10994,10993,5,-5
2019-04-17 15:05:53.955,10993,10994,10993,5,-5
2019-04-17 15:05:53.955,10993,10994,10993,5,-5
2019-04-17 15:06:16.755,10993,10994,10993,1,-1
2019-04-17 15:06:18.823,10993,10994,10993,2,-2
2019-04-17 15:06:38.720,10993,10994,10993,1,-1
2019-04-17 15:06:39.469,10993,10994,10993,1,-1
2019-04-17 15:06:39.566,10993,10994,10993,1,-1
2019-04-17 15:06:41.105,10993,10994,10993,2,-2
2019-04-17 15:06:41.420,10993,10994,10993,1,-1
2019-04-17 15:06:43.124,10993,10994,10993,2,-2
2019-04-17 15:06:47.714,10993,10994,10993,1,-1
2019-04-17 15:06:50.636,10993,10994,10993,3,-3
2019-04-17 15:06:50.893,10993,10994,10993,21,-21
2019-04-17 15:06:51.134,10992,10993,10993,2,2
2019-04-17 15:06:57.673,10992,10993,10992,2,-2
2019-04-17 15:07:00.577,10992,10993,10993,4,4
2019-04-17 15:07:23.941,10992,10993,10993,1,1
2019-04-17 15:07:25.634,10992,10993,10993,1,1
2019-04-17 15:07:26.178,10992,10993,10993,1,1
2019-04-17 15:07:42.940,10992,10993,10993,1,1
2019-04-17 15:07:42.941,10992,10993,10993,1,1
2019-04-17 15:07:42.941,10992,10993,10993,1,1
2019-04-17 15:07:42.942,10992,10993,10993,1,1
2019-04-17 15:07:42.942,10992,10993,10993,1,1
2019-04-17 15:07:43.024,10992,10993,10993,13,13
2019-04-17 15:07:48.021,10993,10994,10994,1,1
2019-04-17 15:07:49.857,10993,10994,10993,1,-1
2019-04-17 15:07:54.537,10993,10994,10993,1,-1
2019-04-17 15:07:56.676,10993,10994,10993,1,-1
2019-04-17 15:08:04.536,10993,10994,10993,1,-1
2019-04-17 15:08:10.398,10993,10994,10993,2,-2
2019-04-17 15:08:16.548,10993,10994,10993,1,-1
2019-04-17 15:08:18.687,10993,10994,10993,1,-1
2019-04-17 15:08:23.415,10993,10994,10993,3,-3
2019-04-17 15:08:34.386,10993,10994,10993,1,-1
2019-04-17 15:08:39.805,10993,10994,10993,1,-1
2019-04-17 15:08:41.246,10993,10994,10993,2,-2
2019-04-17 15:08:41.709,10993,10994,10993,3,-3
2019-04-17 15:08:45.470,10993,10994,10993,1,-1
2019-04-17 15:08:48.139,10993,10994,10993,2,-2
2019-04-17 15:08:51.852,10993,10994,10993,2,-2
2019-04-17 15:08:52.352,10993,10994,10994,9,9
2019-04-17 15:08:53.160,10993,10994,10994,9,9
2019-04-17 15:08:55.808,10993,10994,10994,6,6
2019-04-17 15:09:09.009,10993,10994,10994,5,5
2019-04-17 15:09:11.073,10993,10994,10994,1,1
2019-04-17 15:09:11.757,10993,10994,10994,5,5
2019-04-17 15:09:12.744,10993,10994,10994,1,1
2019-04-17 15:09:14.567,10993,10994,10994,1,1
2019-04-17 15:09:16.421,10993,10994,10994,12,12
2019-04-17 15:09:16.421,10993,10994,10995,2,2
2019-04-17 15:09:16.570,10993,10995,10995,5,5
2019-04-17 15:09:17.896,10994,10995,10995,1,1
2019-04-17 15:09:20.777,10994,10995,10994,1,-1
2019-04-17 15:09:30.220,10994,10995,10994,1,-1
2019-04-17 15:09:40.711,10994,10995,10995,1,1
2019-04-17 15:09:51.123,10994,10995,10994,1,-1
2019-04-17 15:10:00.697,10994,10995,10995,1,1
2019-04-17 15:10:03.104,10994,10995,10995,2,2
2019-04-17 15:10:03.598,10994,10995,10994,2,-2
2019-04-17 15:10:03.918,10994,10995,10994,1,-1
2019-04-17 15:10:04.030,10994,10995,10994,1,-1
2019-04-17 15:10:04.234,10994,10995,10994,1,-1
2019-04-17 15:10:04.335,10994,10995,10994,1,-1
2019-04-17 15:10:04.552,10994,10995,10994,1,-1
2019-04-17 15:10:04.668,10994,10995,10994,1,-1
2019-04-17 15:10:04.989,10994,10995,10994,1,-1
2019-04-17 15:10:05.828,10994,10995,10994,2,-2
2019-04-17 15:10:09.662,10993,10994,10993,1,-1
2019-04-17 15:10:16.643,10993,10994,10994,2,2
2019-04-17 15:10:16.650,10993,10994,10994,1,1
2019-04-17 15:10:16.670,10993,10994,10994,1,1
2019-04-17 15:10:16.671,10993,10994,10994,1,1
2019-04-17 15:10:17.765,10993,10994,10994,1,1
2019-04-17 15:10:17.781,10993,10995,10995,1,1
2019-04-17 15:10:17.796,10993,10995,10995,1,1
2019-04-17 15:10:17.803,10993,10995,10995,1,1
2019-04-17 15:10:21.941,10994,10995,10994,1,-1
2019-04-17 15:10:23.566,10994,10995,10995,1,1
2019-04-17 15:10:25.894,10994,10995,10994,1,-1
2019-04-17 15:10:26.393,10994,10995,10995,1,1
2019-04-17 15:10:27.711,10994,10995,10995,1,1
2019-04-17 15:10:30.382,10994,10995,10995,1,1
2019-04-17 15:10:35.206,10994,10995,10994,1,-1
2019-04-17 15:10:50.511,10994,10995,10994,1,-1
2019-04-17 15:10:54.522,10994,10995,10994,1,-1
2019-04-17 15:10:55.150,10994,10995,10994,1,-1
2019-04-17 15:10:57.290,10994,10995,10994,2,-2
2019-04-17 15:10:57.319,10994,10995,10994,2,-2
2019-04-17 15:10:57.328,10994,10995,10994,5,-5
2019-04-17 15:11:02.203,10994,10995,10995,3,3
2019-04-17 15:11:04.590,10994,10995,10994,2,-2
2019-04-17 15:11:04.651,10994,10995,10994,2,-2
2019-04-17 15:11:04.694,10994,10995,10994,2,-2
2019-04-17 15:11:04.704,10994,10995,10994,5,-5
2019-04-17 15:11:05.716,10993,10994,10994,6,6
2019-04-17 15:11:06.834,10994,10995,10994,1,-1
2019-04-17 15:11:09.050,10994,10995,10994,1,-1
2019-04-17 15:11:14.661,10994,10995,10994,2,-2
2019-04-17 15:11:15.478,10994,10995,10994,1,-1
2019-04-17 15:11:15.515,10994,10995,10994,1,-1
2019-04-17 15:11:15.515,10994,10995,10993,1,-1
2019-04-17 15:11:25.912,10993,10994,10994,1,1
2019-04-17 15:11:29.769,10993,10994,10994,1,1
2019-04-17 15:11:33.538,10993,10994,10994,1,1
2019-04-17 15:11:39.253,10993,10994,10994,1,1
2019-04-17 15:11:40.279,10993,10994,10994,1,1
2019-04-17 15:11:47.819,10994,10995,10994,2,-2
2019-04-17 15:11:47.846,10994,10995,10994,1,-1
2019-04-17 15:11:50.659,10993,10994,10993,3,-3
2019-04-17 15:12:00.783,10993,10994,10994,3,3
2019-04-17 15:12:00.783,10993,10994,10995,7,7
2019-04-17 15:12:00.796,10993,10994,10995,13,13
2019-04-17 15:12:02.400,10994,10995,10994,2,-2
2019-04-17 15:12:02.444,10994,10995,10994,2,-2
2019-04-17 15:12:02.526,10994,10995,10994,1,-1
2019-04-17 15:12:11.182,10993,10994,10994,1,1
2019-04-17 15:12:14.851,10993,10994,10994,1,1
2019-04-17 15:12:15.406,10993,10994,10994,1,1
2019-04-17 15:12:15.850,10993,10995,10995,9,9
2019-04-17 15:12:16.351,10993,10995,10995,1,1
2019-04-17 15:12:17.743,10993,10994,10994,2,2
2019-04-17 15:12:22.021,10993,10994,10994,1,1
2019-04-17 15:12:22.510,10994,10995,10995,1,1
2019-04-17 15:12:22.745,10994,10995,10994,2,-2
2019-04-17 15:12:23.996,10994,10995,10995,1,1
2019-04-17 15:12:24.495,10994,10995,10994,6,-6
2019-04-17 15:12:26.147,10994,10995,10994,3,-3
2019-04-17 15:12:27.150,10993,10995,10993,1,-1
2019-04-17 15:12:34.434,10993,10995,10995,8,8
2019-04-17 15:12:37.609,10994,10995,10994,1,-1
2019-04-17 15:12:48.219,10994,10995,10994,2,-2
2019-04-17 15:12:58.091,10994,10995,10994,1,-1
2019-04-17 15:13:11.144,10994,10995,10994,1,-1
2019-04-17 15:13:11.940,10994,10995,10994,1,-1
2019-04-17 15:13:11.995,10994,10995,10994,8,-8
2019-04-17 15:13:12.782,10993,10994,10994,1,1
2019-04-17 15:13:16.529,10993,10994,10994,5,5
2019-04-17 15:13:21.464,10993,10994,10994,1,1
2019-04-17 15:13:22.021,10994,10995,10994,4,-4
2019-04-17 15:13:32.805,10994,10995,10994,1,-1
2019-04-17 15:13:37.370,10994,10995,10994,6,-6
2019-04-17 15:14:35.704,10993,10994,10994,1,1
2019-04-17 15:14:38.343,10993,10994,10994,1,1
2019-04-17 15:14:41.196,10993,10994,10994,1,1
2019-04-17 15:14:41.272,10993,10994,10994,1,1
2019-04-17 15:14:46.739,10993,10994,10994,1,1
2019-04-17 15:14:53.566,10993,10994,10994,1,1
2019-04-17 15:15:01.239,10993,10994,10993,3,-3
2019-04-17 15:15:01.523,10993,10994,10993,1,-1
2019-04-17 15:15:03.581,10993,10994,10994,6,6
2019-04-17 15:15:06.176,10993,10994,10994,1,1
2019-04-17 15:15:16.943,10994,10995,10994,1,-1
2019-04-17 15:15:23.136,10993,10994,10993,1,-1
2019-04-17 15:15:24.095,10993,10994,10993,3,-3
2019-04-17 15:15:34.486,10993,10994,10993,1,-1
2019-04-17 15:15:51.539,10993,10994,10993,1,-1
2019-04-17 15:16:05.662,10993,10994,10994,1,1
2019-04-17 15:16:06.560,10993,10994,10994,1,1
2019-04-17 15:16:06.564,10993,10994,10994,1,1
2019-04-17 15:16:08.529,10993,10994,10994,1,1
2019-04-17 15:16:42.419,10993,10994,10993,1,-1
2019-04-17 15:17:14.997,10993,10994,10993,1,-1
2019-04-17 15:17:24.365,10993,10994,10994,1,1
2019-04-17 15:17:25.536,10993,10994,10994,2,2
2019-04-17 15:17:31.127,10993,10994,10994,1,1
2019-04-17 15:17:31.720,10993,10994,10994,2,2
2019-04-17 15:18:03.993,10993,10994,10994,1,1
2019-04-17 15:18:04.877,10993,10994,10993,2,-2
2019-04-17 15:18:05.992,10993,10994,10994,1,1
2019-04-17 15:18:22.269,10993,10994,10994,15,15
2019-04-17 15:18:22.883,10993,10994,10993,1,-1
2019-04-17 15:18:31.733,10993,10994,10994,1,1
2019-04-17 15:18:36.632,10993,10994,10994,1,1
2019-04-17 15:18:43.349,10993,10994,10993,1,-1
2019-04-17 15:19:03.067,10993,10994,10994,1,1
2019-04-17 15:19:09.245,10993,10994,10994,1,1
2019-04-17 15:19:12.558,10993,10994,10994,1,1
2019-04-17 15:19:25.369,10993,10994,10994,1,1
2019-04-17 15:19:45.632,10993,10994,10994,1,1
2019-04-17 15:19:49.839,10993,10994,10993,1,-1
2019-04-17 15:19:51.327,10993,10994,10993,1,-1
2019-04-17 15:19:51.977,10993,10994,10994,2,2
2019-04-17 15:19:52.024,10993,10994,10994,1,1
2019-04-17 15:19:52.040,10993,10994,10994,11,11
2019-04-17 15:20:10.954,10994,10995,10994,1,-1
2019-04-17 15:20:22.537,10994,10995,10994,1,-1
2019-04-17 15:20:36.292,10994,10995,10995,1,1
2019-04-17 15:20:36.530,10994,10995,10995,1,1
2019-04-17 15:20:36.546,10994,10995,10995,1,1
2019-04-17 15:20:37.664,10994,10995,10994,1,-1
2019-04-17 15:21:23.113,10994,10995,10994,1,-1
2019-04-17 15:21:31.243,10994,10995,10995,1,1
2019-04-17 15:21:46.788,10994,10995,10995,1,1
2019-04-17 15:21:57.311,10994,10995,10995,3,3
2019-04-17 15:21:57.401,10994,10995,10995,29,29
2019-04-17 15:22:04.950,10995,10996,10996,5,5
2019-04-17 15:22:05.143,10995,10996,10996,5,5
2019-04-17 15:22:05.349,10995,10996,10996,5,5
2019-04-17 15:22:05.511,10995,10996,10996,5,5
2019-04-17 15:22:05.718,10995,10996,10996,5,5
2019-04-17 15:22:08.832,10995,10996,10996,4,4
2019-04-17 15:22:11.804,10995,10996,10995,1,-1
2019-04-17 15:22:21.111,10995,10996,10995,1,-1
2019-04-17 15:22:40.340,10995,10996,10996,1,1
2019-04-17 15:22:42.504,10995,10996,10996,1,1
2019-04-17 15:22:52.453,10995,10996,10995,1,-1
2019-04-17 15:22:57.711,10995,10996,10996,1,1
2019-04-17 15:23:00.223,10995,10996,10996,1,1
2019-04-17 15:23:03.807,10995,10996,10996,1,1
2019-04-17 15:23:05.835,10995,10996,10996,2,2
2019-04-17 15:23:07.521,10995,10996,10996,1,1
2019-04-17 15:23:14.211,10995,10996,10996,1,1
2019-04-17 15:23:17.785,10995,10996,10996,1,1
2019-04-17 15:23:18.630,10995,10996,10996,43,43
2019-04-17 15:23:18.649,10995,10996,10996,5,5
2019-04-17 15:23:18.649,10995,10996,10996,8,8
2019-04-17 15:23:18.649,10995,10996,10996,2,2
2019-04-17 15:23:18.649,10995,10996,10996,1,1
2019-04-17 15:23:18.650,10995,10996,10996,18,18
2019-04-17 15:23:21.802,10996,10997,10997,1,1
2019-04-17 15:23:23.191,10996,10997,10997,1,1
2019-04-17 15:23:23.529,10996,10997,10997,1,1
2019-04-17 15:23:23.947,10996,10997,10996,1,-1
2019-04-17 15:23:42.371,10996,10997,10996,1,-1
2019-04-17 15:23:45.617,10996,10997,10996,4,-4
2019-04-17 15:23:45.617,10996,10997,10996,1,-1
2019-04-17 15:23:45.617,10996,10997,10996,2,-2
2019-04-17 15:23:45.673,10996,10997,10996,6,-6
2019-04-17 15:23:45.682,10996,10997,10996,6,-6
2019-04-17 15:23:48.992,10995,10997,10995,1,-1
2019-04-17 15:23:52.068,10996,10997,10996,1,1
2019-04-17 15:23:52.113,10996,10997,10996,1,-1
2019-04-17 15:23:56.492,10996,10997,10997,2,2
2019-04-17 15:24:02.623,10996,10997,10997,6,6
2019-04-17 15:24:04.526,10996,10997,10997,1,1
2019-04-17 15:24:05.634,10996,10997,10996,1,-1
2019-04-17 15:24:07.545,10996,10997,10996,1,-1
2019-04-17 15:24:09.960,10996,10997,10997,5,5
2019-04-17 15:24:10.164,10996,10997,10997,5,5
2019-04-17 15:24:10.274,10996,10997,10997,1,1
2019-04-17 15:24:10.274,10996,10997,10997,1,1
2019-04-17 15:24:10.346,10996,10997,10997,5,5
2019-04-17 15:24:10.399,10996,10997,10997,2,2
2019-04-17 15:24:10.526,10997,10998,10997,2,-2
2019-04-17 15:24:10.538,10997,10998,10997,1,-1
2019-04-17 15:24:10.722,10997,10998,10997,1,-1
2019-04-17 15:24:10.724,10997,10998,10997,7,-7
2019-04-17 15:24:11.214,10997,10998,10997,3,-3
2019-04-17 15:24:11.314,10997,10998,10997,1,-1
2019-04-17 15:24:13.917,10997,10998,10997,1,-1
2019-04-17 15:24:15.411,10997,10998,10997,2,-2
2019-04-17 15:24:16.778,10996,10997,10996,2,-2
2019-04-17 15:24:17.781,10996,10997,10996,2,-2
2019-04-17 15:24:19.320,10996,10997,10996,1,-1
2019-04-17 15:24:27.001,10995,10996,10996,1,1
2019-04-17 15:24:27.001,10995,10996,10997,1,1
2019-04-17 15:24:35.228,10996,10997,10996,1,-1
2019-04-17 15:25:00.353,10996,10997,10996,1,-1
2019-04-17 15:25:02.782,10996,10997,10997,10,10
2019-04-17 15:25:02.968,10996,10997,10997,2,2
2019-04-17 15:25:03.714,10996,10997,10996,1,-1
2019-04-17 15:25:06.441,10996,10997,10997,5,5
2019-04-17 15:25:06.649,10996,10997,10997,1,1
2019-04-17 15:25:06.899,10996,10997,10997,1,1
2019-04-17 15:25:07.234,10996,10997,10996,1,-1
2019-04-17 15:25:13.299,10996,10997,10997,1,1
2019-04-17 15:25:17.199,10996,10997,10997,1,1
2019-04-17 15:25:18.217,10996,10997,10997,2,2
2019-04-17 15:25:19.886,10996,10997,10997,7,7
2019-04-17 15:25:20.187,10997,10998,10997,1,-1
2019-04-17 15:25:20.204,10997,10998,10997,1,-1
2019-04-17 15:25:20.214,10997,10998,10997,2,-2
2019-04-17 15:25:20.225,10997,10998,10997,2,-2
2019-04-17 15:25:20.565,10997,10998,10997,1,-1
2019-04-17 15:25:23.385,10997,10998,10997,1,-1
2019-04-17 15:25:25.317,10996,10997,10997,1,1
2019-04-17 15:25:28.784,10996,10997,10997,1,1
2019-04-17 15:25:35.121,10996,10997,10997,1,1
2019-04-17 15:25:35.418,10996,10997,10997,1,1
2019-04-17 15:25:37.060,10996,10997,10997,1,1
2019-04-17 15:25:39.010,10996,10997,10997,1,1
2019-04-17 15:25:39.308,10996,10997,10997,1,1
2019-04-17 15:25:39.409,10996,10997,10997,1,1
2019-04-17 15:25:43.685,10996,10997,10997,1,1
2019-04-17 15:25:44.377,10996,10997,10997,1,1
2019-04-17 15:25:46.378,10996,10997,10997,7,7
2019-04-17 15:25:46.759,10997,10998,10997,1,-1
2019-04-17 15:25:48.530,10996,10997,10997,1,1
2019-04-17 15:25:51.125,10996,10997,10997,1,1
2019-04-17 15:25:54.122,10996,10997,10997,5,5
2019-04-17 15:25:58.086,10996,10997,10997,7,7
2019-04-17 15:26:01.660,10996,10997,10997,1,1
2019-04-17 15:26:02.288,10996,10997,10997,1,1
2019-04-17 15:26:02.431,10996,10997,10997,1,1
2019-04-17 15:26:05.025,10996,10997,10997,1,1
2019-04-17 15:26:09.761,10996,10997,10997,1,1
2019-04-17 15:26:11.736,10996,10997,10997,1,1
2019-04-17 15:26:11.871,10996,10997,10996,10,-10
2019-04-17 15:26:15.105,10996,10997,10997,2,2
2019-04-17 15:26:25.874,10996,10997,10997,1,1
2019-04-17 15:26:27.144,10996,10997,10997,4,4
2019-04-17 15:26:27.524,10996,10998,10996,7,-7
2019-04-17 15:26:36.946,10996,10997,10997,1,1
2019-04-17 15:26:46.258,10996,10997,10997,1,1
2019-04-17 15:26:46.681,10996,10997,10997,1,1
2019-04-17 15:26:46.888,10996,10997,10997,1,1
2019-04-17 15:26:47.058,10996,10997,10997,1,1
2019-04-17 15:26:48.475,10996,10997,10996,3,-3
2019-04-17 15:26:50.074,10996,10997,10997,4,4
2019-04-17 15:26:58.030,10996,10997,10997,1,1
2019-04-17 15:26:59.607,10996,10997,10997,9,9
2019-04-17 15:26:59.651,10997,10998,10997,2,-2
2019-04-17 15:26:59.694,10997,10998,10997,2,-2
2019-04-17 15:26:59.776,10997,10998,10997,2,-2
2019-04-17 15:27:02.875,10997,10998,10998,1,1
2019-04-17 15:27:09.786,10997,10998,10998,1,1
2019-04-17 15:27:11.251,10997,10998,10997,1,-1
2019-04-17 15:27:17.354,10997,10998,10997,10,-10
2019-04-17 15:27:19.643,10997,10998,10997,5,-5
2019-04-17 15:27:23.144,10997,10998,10997,1,-1
2019-04-17 15:27:25.371,10997,10998,10997,1,-1
2019-04-17 15:27:26.511,10997,10998,10997,1,-1
2019-04-17 15:27:26.817,10997,10998,10997,1,-1
2019-04-17 15:27:36.199,10997,10998,10997,1,-1
2019-04-17 15:27:38.797,10997,10998,10998,1,1
2019-04-17 15:27:40.449,10997,10998,10997,1,-1
2019-04-17 15:27:45.119,10997,10998,10997,1,-1
2019-04-17 15:27:45.727,10997,10998,10997,1,-1
2019-04-17 15:27:46.362,10997,10998,10997,1,-1
2019-04-17 15:27:51.764,10997,10998,10997,1,-1
2019-04-17 15:27:52.395,10997,10998,10997,1,-1
2019-04-17 15:28:00.666,10997,10998,10997,1,-1
2019-04-17 15:28:03.637,10997,10998,10997,1,-1
2019-04-17 15:28:07.330,10997,10998,10998,1,1
2019-04-17 15:28:07.754,10997,10998,10998,2,2
2019-04-17 15:28:12.525,10997,10998,10998,4,4
2019-04-17 15:28:14.329,10997,10998,10998,1,1
2019-04-17 15:28:15.315,10997,10998,10997,1,-1
2019-04-17 15:28:16.488,10997,10998,10997,10,-10
2019-04-17 15:28:24.705,10997,10998,10998,1,1
2019-04-17 15:28:25.055,10997,10998,10998,1,1
2019-04-17 15:28:34.546,10997,10998,10997,1,-1
2019-04-17 15:28:36.069,10997,10998,10997,10,-10
2019-04-17 15:28:41.385,10997,10998,10997,10,-10
2019-04-17 15:28:43.094,10997,10998,10997,10,-10
2019-04-17 15:28:46.209,10997,10998,10997,5,-5
2019-04-17 15:28:48.446,10997,10998,10997,1,-1
2019-04-17 15:28:57.508,10996,10997,10997,1,1
2019-04-17 15:28:57.865,10997,10998,10997,4,-4
2019-04-17 15:29:07.645,10996,10997,10997,1,1
2019-04-17 15:29:10.847,10996,10997,10997,1,1
2019-04-17 15:29:17.899,10996,10997,10997,1,1
2019-04-17 15:29:19.966,10997,10998,10997,3,-3
2019-04-17 15:29:38.215,10996,10997,10997,2,2
2019-04-17 15:29:40.839,10996,10997,10997,1,1
2019-04-17 15:29:41.745,10997,10998,10997,1,-1
2019-04-17 15:29:57.330,10997,10998,10997,1,-1
2019-04-17 15:30:02.780,10997,10998,10998,2,2
2019-04-17 15:30:03.214,10997,10998,10998,4,4
2019-04-17 15:30:03.218,10997,10998,10998,4,4
2019-04-17 15:30:03.249,10997,10998,10998,1,1
2019-04-17 15:30:03.256,10997,10998,10998,1,1
2019-04-17 15:30:03.342,10997,10998,10997,1,-1
2019-04-17 15:30:03.560,10997,10998,10997,5,-5
2019-04-17 15:30:04.158,10997,10998,10998,1,1
2019-04-17 15:30:04.337,10997,10998,10997,1,-1
2019-04-17 15:30:04.449,10997,10998,10998,1,1
2019-04-17 15:30:04.682,10997,10998,10997,1,-1
2019-04-17 15:30:19.288,10997,10998,10997,1,-1
2019-04-17 15:30:19.799,10997,10998,10997,5,-5
2019-04-17 15:30:29.219,10996,10997,10997,1,1
2019-04-17 15:30:29.232,10996,10997,10997,2,2
2019-04-17 15:30:36.327,10996,10997,10997,1,1
2019-04-17 15:30:40.464,10996,10997,10997,2,2
2019-04-17 15:30:41.162,10997,10998,10997,9,-9
2019-04-17 15:30:45.171,10997,10998,10997,1,-1
2019-04-17 15:30:48.411,10997,10998,10997,1,-1
2019-04-17 15:30:50.818,10997,10998,10997,1,-1
2019-04-17 15:30:58.505,10996,10997,10997,1,1
2019-04-17 15:31:00.685,10996,10997,10997,1,1
2019-04-17 15:31:10.503,10996,10997,10996,1,-1
2019-04-17 15:31:11.439,10996,10997,10997,1,1
2019-04-17 15:31:17.673,10996,10997,10997,1,1
2019-04-17 15:31:24.612,10996,10997,10997,1,1
2019-04-17 15:31:25.195,10996,10997,10997,1,1
2019-04-17 15:31:32.143,10996,10997,10997,1,1
2019-04-17 15:31:51.576,10996,10997,10997,1,1
2019-04-17 15:31:56.923,10996,10997,10997,1,1
2019-04-17 15:31:59.023,10996,10997,10997,1,1
2019-04-17 15:32:00.198,10996,10997,10997,2,2
2019-04-17 15:32:00.198,10996,10997,10997,3,3
2019-04-17 15:32:00.922,10997,10998,10997,3,-3
2019-04-17 15:32:00.995,10997,10998,10996,3,-3
2019-04-17 15:32:02.072,10996,10997,10997,1,1
2019-04-17 15:32:02.493,10997,10998,10998,5,5
2019-04-17 15:32:02.898,10997,10998,10997,3,-3
2019-04-17 15:32:06.140,10997,10998,10997,1,-1
2019-04-17 15:32:06.140,10997,10998,10997,3,-3
2019-04-17 15:32:14.990,10996,10997,10997,1,1
2019-04-17 15:32:33.379,10996,10997,10997,1,1
2019-04-17 15:32:33.384,10996,10997,10997,1,1
2019-04-17 15:32:33.385,10996,10997,10997,1,1
2019-04-17 15:32:33.660,10997,10998,10998,1,1
2019-04-17 15:32:33.963,10997,10998,10997,1,-1
2019-04-17 15:32:38.000,10997,10998,10998,5,5
2019-04-17 15:32:38.817,10997,10998,10997,1,-1
2019-04-17 15:32:38.818,10997,10998,10997,1,-1
2019-04-17 15:32:39.043,10996,10997,10997,1,1
2019-04-17 15:32:41.195,10996,10997,10997,2,2
2019-04-17 15:32:54.359,10996,10997,10997,1,1
2019-04-17 15:33:04.620,10996,10997,10997,1,1
2019-04-17 15:33:09.705,10996,10997,10997,1,1
2019-04-17 15:33:12.219,10996,10997,10997,1,1
2019-04-17 15:33:17.725,10996,10997,10997,2,2
2019-04-17 15:33:17.725,10996,10997,10998,18,18
2019-04-17 15:33:31.658,10997,10998,10997,1,-1
2019-04-17 15:33:40.344,10997,10998,10997,1,-1
2019-04-17 15:33:40.344,10997,10998,10997,4,-4
2019-04-17 15:33:40.344,10997,10998,10997,1,-1
2019-04-17 15:33:40.344,10997,10998,10997,1,-1
2019-04-17 15:33:42.096,10996,10997,10996,1,-1
2019-04-17 15:34:00.680,10996,10997,10997,1,1
2019-04-17 15:34:04.036,10996,10997,10997,4,4
2019-04-17 15:34:04.487,10997,10998,10997,1,-1
2019-04-17 15:34:07.342,10997,10998,10997,1,-1
2019-04-17 15:34:16.854,10997,10998,10997,1,-1
2019-04-17 15:34:17.156,10997,10998,10997,1,-1
2019-04-17 15:34:17.398,10997,10998,10997,1,-1
2019-04-17 15:34:17.470,10997,10998,10997,1,-1
2019-04-17 15:34:17.788,10997,10998,10997,1,-1
2019-04-17 15:34:18.095,10997,10998,10997,1,-1
2019-04-17 15:34:18.399,10997,10998,10997,1,-1
2019-04-17 15:34:18.703,10997,10998,10997,1,-1
2019-04-17 15:34:19.107,10997,10998,10997,1,-1
2019-04-17 15:34:19.416,10997,10998,10997,1,-1
2019-04-17 15:34:20.465,10996,10998,10996,2,-2
2019-04-17 15:34:27.758,10997,10998,10998,50,50
2019-04-17 15:34:27.775,10997,10998,10998,10,10
2019-04-17 15:34:50.437,10997,10998,10998,1,1
2019-04-17 15:34:51.458,10997,10998,10998,4,4
2019-04-17 15:35:01.525,10997,10998,10998,1,1
2019-04-17 15:35:03.244,10997,10998,10998,1,1
2019-04-17 15:35:03.245,10997,10998,10998,1,1
2019-04-17 15:35:03.245,10997,10998,10998,1,1
2019-04-17 15:35:03.265,10997,10998,10998,9,9
2019-04-17 15:35:03.267,10997,10998,10998,2,2
2019-04-17 15:35:04.386,10998,10999,10998,1,-1
2019-04-17 15:35:05.238,10998,10999,10998,1,-1
2019-04-17 15:35:05.238,10998,10999,10997,2,-2
2019-04-17 15:35:17.443,10998,10999,10998,1,1
2019-04-17 15:35:19.428,10997,10999,10999,1,1
2019-04-17 15:35:19.689,10998,10999,10998,1,-1
2019-04-17 15:35:24.898,10998,10999,10999,1,1
2019-04-17 15:35:27.062,10998,10999,10999,1,1
2019-04-17 15:35:27.354,10998,10999,10999,1,1
2019-04-17 15:35:34.607,10998,10999,10999,1,1
2019-04-17 15:35:39.119,10998,10999,10999,2,2
2019-04-17 15:35:40.208,10998,10999,10999,1,1
2019-04-17 15:35:42.259,10998,10999,10999,4,4
2019-04-17 15:35:44.598,10998,10999,10999,7,7
2019-04-17 15:35:45.252,10998,10999,10998,1,-1
2019-04-17 15:35:54.017,10998,10999,10999,1,1
2019-04-17 15:36:19.224,10998,10999,10999,1,1
2019-04-17 15:36:22.255,10998,10999,10999,1,1
2019-04-17 15:36:30.556,10998,10999,10999,2,2
2019-04-17 15:36:31.594,10998,10999,10999,1,1
2019-04-17 15:36:31.630,10998,10999,10999,2,2
2019-04-17 15:36:33.499,10998,10999,10999,3,3
2019-04-17 15:36:34.260,10998,10999,10999,2,2
2019-04-17 15:36:34.923,10998,10999,10999,3,3
2019-04-17 15:36:35.567,10998,10999,10999,13,13
2019-04-17 15:36:38.099,10998,10999,10999,2,2
2019-04-17 15:36:38.241,10998,10999,10999,1,1
2019-04-17 15:36:38.756,10998,10999,10999,2,2
2019-04-17 15:36:44.322,10998,10999,10999,1,1
2019-04-17 15:36:44.488,10998,10999,10999,1,1
2019-04-17 15:36:44.889,10998,10999,10999,9,9
2019-04-17 15:36:45.509,10998,10999,10999,3,3
2019-04-17 15:36:46.977,10998,10999,10998,1,-1
2019-04-17 15:36:59.180,10998,10999,10999,5,5
2019-04-17 15:36:59.180,10998,10999,10999,5,5
2019-04-17 15:37:02.702,10998,10999,10999,1,1
2019-04-17 15:37:07.952,10998,10999,10999,1,1
2019-04-17 15:37:11.614,10998,10999,10999,1,1
2019-04-17 15:37:11.649,10999,11000,10999,4,-4
2019-04-17 15:37:18.265,10998,10999,10999,1,1
2019-04-17 15:37:21.899,10999,11000,10999,1,-1
2019-04-17 15:37:23.944,10999,11000,10999,2,-2
2019-04-17 15:37:24.025,10999,11000,10999,2,-2
2019-04-17 15:37:24.069,10999,11000,10999,2,-2
2019-04-17 15:37:25.276,10999,11000,10999,2,-2
2019-04-17 15:37:25.319,10999,11000,10999,1,-1
2019-04-17 15:37:30.442,10998,10999,10999,2,2
2019-04-17 15:37:33.980,10998,10999,10999,10,10
2019-04-17 15:37:34.190,10998,10999,10999,1,1
2019-04-17 15:37:34.981,10999,11000,11000,1,1
2019-04-17 15:37:35.051,10999,11000,11000,2,2
2019-04-17 15:37:35.418,10999,11000,11000,2,2
2019-04-17 15:37:56.857,10998,10999,10999,3,3
2019-04-17 15:37:57.363,10998,10999,10999,2,2
2019-04-17 15:37:59.270,10998,10999,10999,1,1
2019-04-17 15:37:59.774,10999,11000,10999,1,-1
2019-04-17 15:38:04.847,10999,11000,11000,1,1
2019-04-17 15:38:09.259,10999,11000,11000,2,2
2019-04-17 15:38:11.801,10999,11000,11000,6,6
2019-04-17 15:38:12.016,10999,11000,11000,1,1
2019-04-17 15:38:12.546,10999,11000,10999,1,-1
2019-04-17 15:38:12.736,10999,11000,11000,1,1
2019-04-17 15:38:15.561,10999,11000,10999,1,-1
2019-04-17 15:38:19.015,10999,11000,11000,1,1
2019-04-17 15:38:19.842,10999,11000,10999,2,-2
2019-04-17 15:38:21.188,10999,11000,11000,1,1
2019-04-17 15:38:21.503,10999,11000,10999,1,-1
2019-04-17 15:38:25.547,10999,11000,11000,6,6
2019-04-17 15:38:25.760,10999,11000,11000,1,1
2019-04-17 15:38:27.700,10999,11000,11000,5,5
2019-04-17 15:38:30.945,10999,11000,11000,5,5
2019-04-17 15:38:32.169,10999,11000,10999,1,-1
2019-04-17 15:38:32.590,10999,11000,10999,10,-10
2019-04-17 15:38:32.645,10999,11000,11000,5,5
2019-04-17 15:38:33.834,10999,11000,11000,2,2
2019-04-17 15:38:35.063,10999,11000,11000,5,5
2019-04-17 15:38:42.020,10999,11000,11000,1,1
2019-04-17 15:38:42.828,10999,11000,11000,79,79
2019-04-17 15:38:42.828,10999,11000,11001,21,21
2019-04-17 15:38:42.828,10999,11000,11001,34,34
2019-04-17 15:38:42.900,11001,11002,11002,3,3
2019-04-17 15:38:42.900,11001,11002,11002,4,4
2019-04-17 15:38:42.900,11001,11002,11002,6,6
2019-04-17 15:38:42.900,11001,11002,11002,5,5
2019-04-17 15:38:42.900,11001,11002,11002,5,5
2019-04-17 15:38:42.903,11001,11002,11002,2,2
2019-04-17 15:38:42.918,11001,11002,11002,1,1
2019-04-17 15:38:42.918,11001,11002,11002,2,2
2019-04-17 15:38:42.918,11001,11002,11001,3,-3
2019-04-17 15:38:42.989,11001,11002,11003,1,1
2019-04-17 15:38:42.992,11001,11002,11002,2,2
2019-04-17 15:38:42.998,11001,11002,11002,1,1
2019-04-17 15:38:43.077,11001,11003,11003,2,2
2019-04-17 15:38:43.100,11001,11003,11003,1,1
2019-04-17 15:38:43.149,11002,11003,11002,1,-1
2019-04-17 15:38:43.149,11002,11003,11002,1,-1
2019-04-17 15:38:43.196,11002,11003,11003,4,4
2019-04-17 15:38:43.200,11002,11003,11003,2,2
2019-04-17 15:38:43.245,11002,11003,11003,1,1
2019-04-17 15:38:43.400,11002,11003,11002,2,-2
2019-04-17 15:38:45.186,11002,11003,11002,1,-1
2019-04-17 15:38:48.543,11001,11002,11002,2,2
2019-04-17 15:38:51.449,11001,11002,11002,1,1
2019-04-17 15:38:53.859,11001,11002,11002,1,1
2019-04-17 15:38:54.271,11001,11002,11002,1,1
2019-04-17 15:38:54.935,11001,11002,11001,3,-3
2019-04-17 15:38:55.030,11001,11002,11002,1,1
2019-04-17 15:38:55.297,11001,11002,11002,6,6
2019-04-17 15:38:56.721,11001,11002,11002,1,1
2019-04-17 15:38:58.669,11001,11002,11002,2,2
2019-04-17 15:38:58.897,11001,11002,11002,3,3
2019-04-17 15:38:59.945,11001,11002,11002,1,1
2019-04-17 15:39:00.489,11001,11002,11002,1,1
2019-04-17 15:39:01.064,11001,11002,11002,1,1
2019-04-17 15:39:01.691,11001,11002,11002,1,1
2019-04-17 15:39:04.865,11001,11002,11002,1,1
2019-04-17 15:39:05.782,11001,11002,11002,1,1
2019-04-17 15:39:05.858,11001,11002,11002,1,1
2019-04-17 15:39:05.985,11001,11002,11002,1,1
2019-04-17 15:39:06.019,11001,11002,11001,1,-1
2019-04-17 15:39:08.666,11001,11002,11002,1,1
2019-04-17 15:39:09.376,11001,11002,11002,3,3
2019-04-17 15:39:09.443,11002,11003,11002,1,-1
2019-04-17 15:39:09.444,11002,11003,11002,2,-2
2019-04-17 15:39:09.524,11002,11003,11002,5,-5
2019-04-17 15:39:09.963,11001,11002,11002,1,1
2019-04-17 15:39:10.694,11002,11003,11002,2,-2
2019-04-17 15:39:10.799,11002,11003,11003,1,1
2019-04-17 15:39:11.516,11002,11003,11002,1,-1
2019-04-17 15:39:12.299,11002,11003,11002,1,-1
2019-04-17 15:39:12.649,11002,11003,11002,1,-1
2019-04-17 15:39:12.821,11001,11002,11002,1,1
2019-04-17 15:39:13.892,11001,11002,11002,1,1
2019-04-17 15:39:14.425,11001,11003,11001,2,-2
2019-04-17 15:39:14.975,11001,11003,11001,1,-1
2019-04-17 15:39:21.001,11001,11002,11002,1,1
2019-04-17 15:39:21.089,11001,11002,11002,1,1
2019-04-17 15:39:24.500,11001,11002,11002,1,1
2019-04-17 15:39:25.229,11001,11002,11002,1,1
2019-04-17 15:39:25.587,11001,11002,11002,7,7
2019-04-17 15:39:28.079,11001,11002,11001,1,-1
2019-04-17 15:39:28.079,11001,11002,11001,40,-40
2019-04-17 15:39:28.079,11001,11002,11001,40,-40
2019-04-17 15:39:28.079,11001,11002,11001,40,-40
2019-04-17 15:39:28.079,11001,11002,11001,9,-9
2019-04-17 15:39:28.079,11001,11002,11001,13,-13
2019-04-17 15:39:28.080,11001,11002,11001,3,-3
2019-04-17 15:39:28.080,11001,11002,11001,3,-3
2019-04-17 15:39:28.084,11001,11002,11001,3,-3
2019-04-17 15:39:28.085,11001,11002,11001,2,-2
2019-04-17 15:39:28.149,11001,11002,11001,2,-2
2019-04-17 15:39:28.150,11001,11002,11001,11,-11
2019-04-17 15:39:28.150,11001,11002,11001,2,-2
2019-04-17 15:39:28.150,11001,11002,11001,26,-26
2019-04-17 15:39:28.150,11001,11002,11001,3,-3
2019-04-17 15:39:28.150,11001,11002,11001,18,-18
2019-04-17 15:39:28.150,11001,11002,11001,1,-1
2019-04-17 15:39:28.150,11001,11002,11001,1,-1
2019-04-17 15:39:28.150,11001,11002,11001,2,-2
2019-04-17 15:39:28.150,11001,11002,11001,8,-8
2019-04-17 15:39:28.150,11001,11002,11001,2,-2
2019-04-17 15:39:28.150,11001,11002,11001,13,-13
2019-04-17 15:39:28.150,11001,11002,11001,3,-3
2019-04-17 15:39:28.150,11001,11002,11001,6,-6
2019-04-17 15:39:28.150,11001,11002,11001,4,-4
2019-04-17 15:39:28.150,11001,11002,11001,5,-5
2019-04-17 15:39:28.162,11001,11002,11001,1,-1
2019-04-17 15:39:28.274,11001,11002,11001,2,-2
2019-04-17 15:39:28.275,11001,11002,11001,1,-1
2019-04-17 15:39:28.899,11001,11002,11001,1,-1
2019-04-17 15:39:28.954,11001,11002,11001,1,-1
2019-04-17 15:39:29.024,11001,11002,11001,2,-2
2019-04-17 15:39:29.073,11001,11002,11001,1,-1
2019-04-17 15:39:29.498,11000,11001,11001,10,10
2019-04-17 15:39:30.561,11000,11001,11001,1,1
2019-04-17 15:39:30.778,11000,11001,11001,1,1
2019-04-17 15:39:31.911,11000,11001,11001,1,1
2019-04-17 15:39:36.635,11000,11001,11000,1,-1
2019-04-17 15:39:37.267,11000,11001,11001,1,1
2019-04-17 15:39:39.920,11000,11001,11000,1,-1
2019-04-17 15:39:42.582,11000,11001,11001,1,1
2019-04-17 15:39:43.795,11000,11001,11000,1,-1
2019-04-17 15:39:44.269,11000,11001,11001,1,1
2019-04-17 15:39:46.514,11000,11001,11001,8,8
2019-04-17 15:39:52.402,11000,11001,11001,2,2
2019-04-17 15:39:52.431,11000,11001,11000,3,-3
2019-04-17 15:39:53.598,11000,11001,11000,3,-3
2019-04-17 15:39:53.917,11000,11001,11001,1,1
2019-04-17 15:39:57.765,11000,11001,11000,1,-1
2019-04-17 15:39:57.819,11000,11001,11000,1,-1
2019-04-17 15:39:57.964,11000,11001,11000,3,-3
2019-04-17 15:39:59.076,11000,11001,11000,3,-3
2019-04-17 15:39:59.796,11000,11001,11000,3,-3
2019-04-17 15:40:00.211,11000,11001,11000,1,-1
2019-04-17 15:40:00.501,11000,11001,11000,3,-3
2019-04-17 15:40:01.629,11000,11001,11001,1,1
2019-04-17 15:40:04.760,11000,11001,11000,3,-3
2019-04-17 15:40:07.065,11000,11001,11000,1,-1
2019-04-17 15:40:07.263,11000,11001,11000,3,-3
2019-04-17 15:40:07.666,11000,11001,11000,7,-7
2019-04-17 15:40:08.774,10999,11000,11000,3,3
2019-04-17 15:40:15.494,10999,11000,10999,1,-1
2019-04-17 15:40:16.651,10999,11000,11000,5,5
2019-04-17 15:40:23.301,10999,11000,10999,2,-2
2019-04-17 15:40:51.139,10999,11000,10999,1,-1
2019-04-17 15:40:51.573,10999,11000,11000,1,1
2019-04-17 15:40:52.419,10999,11000,11000,1,1
2019-04-17 15:41:01.997,10999,11000,10999,1,-1
2019-04-17 15:41:13.803,10999,11000,10999,1,-1
2019-04-17 15:41:17.294,10999,11000,11000,1,1
2019-04-17 15:41:19.733,10999,11000,11000,1,1
2019-04-17 15:41:20.268,10999,11000,11000,1,1
2019-04-17 15:41:20.858,10999,11000,11000,1,1
2019-04-17 15:41:22.088,10999,11000,11000,5,5
2019-04-17 15:41:24.716,10999,11000,10999,1,-1
2019-04-17 15:41:25.430,10999,11000,10999,1,-1
2019-04-17 15:41:45.124,10999,11000,10999,2,-2
2019-04-17 15:41:49.151,10999,11000,11000,1,1
2019-04-17 15:41:51.165,10999,11000,10999,1,-1
2019-04-17 15:42:05.855,10999,11000,10999,1,-1
2019-04-17 15:42:06.791,10999,11000,11000,1,1
2019-04-17 15:42:12.935,10999,11000,11000,1,1
2019-04-17 15:42:13.138,10999,11000,11000,1,1
2019-04-17 15:42:22.811,10999,11000,10999,2,-2
2019-04-17 15:42:25.443,10999,11000,10999,2,-2
2019-04-17 15:42:25.826,10999,11000,10999,6,-6
2019-04-17 15:42:28.664,10999,11000,10999,2,-2
2019-04-17 15:42:29.645,10999,11000,10999,1,-1
2019-04-17 15:42:40.321,10999,11000,10999,4,-4
2019-04-17 15:42:42.280,10999,11000,10999,2,-2
2019-04-17 15:42:52.271,10999,11000,10999,1,-1
2019-04-17 15:42:52.439,10999,11000,10999,1,-1
2019-04-17 15:42:54.386,10999,11000,10999,1,-1
2019-04-17 15:42:59.520,10999,11000,10999,1,-1
2019-04-17 15:43:21.212,10999,11000,10999,1,-1
2019-04-17 15:43:24.093,10999,11000,11000,6,6
2019-04-17 15:43:24.149,10999,11000,11000,30,30
2019-04-17 15:43:24.274,10999,11000,11000,6,6
2019-04-17 15:43:25.184,11000,11001,11000,1,-1
2019-04-17 15:43:29.350,11000,11001,11000,1,-1
2019-04-17 15:43:30.677,11000,11001,11000,3,-3
2019-04-17 15:43:31.266,11000,11001,11000,3,-3
2019-04-17 15:43:31.317,11000,11001,11000,1,-1
2019-04-17 15:43:32.156,10999,11001,10999,1,-1
2019-04-17 15:43:38.454,10999,11000,10999,1,-1
2019-04-17 15:43:43.871,10999,11000,11000,1,1
2019-04-17 15:43:44.130,10999,11000,11000,1,1
2019-04-17 15:43:56.751,10999,11000,10999,1,-1
2019-04-17 15:43:57.144,10999,11000,11000,1,1
2019-04-17 15:43:57.350,10999,11000,11000,1,1
2019-04-17 15:43:57.371,10999,11000,11000,3,3
2019-04-17 15:43:57.381,10999,11000,11000,2,2
2019-04-17 15:43:57.397,10999,11000,11000,3,3
2019-04-17 15:44:01.700,10999,11000,11000,5,5
2019-04-17 15:44:05.886,10999,11000,11000,1,1
2019-04-17 15:44:13.507,10999,11000,11000,1,1
2019-04-17 15:44:23.350,10999,11000,11000,3,3
2019-04-17 15:44:40.087,10999,11000,10999,1,-1
2019-04-17 15:44:43.346,10999,11000,11000,4,4
2019-04-17 15:44:43.570,10999,11000,11000,1,1
2019-04-17 15:44:43.580,10999,11000,11000,1,1
2019-04-17 15:44:43.580,10999,11000,11001,2,2
2019-04-17 15:44:43.604,10999,11000,11001,3,3
2019-04-17 15:44:43.611,10999,11000,11001,2,2
2019-04-17 15:44:53.058,10999,11001,11001,2,2
2019-04-17 15:44:54.473,11000,11001,11000,1,-1
2019-04-17 15:45:00.104,11000,11001,11000,10,-10
2019-04-17 15:45:00.445,10999,11000,11000,4,4
2019-04-17 15:45:12.078,10999,11000,11000,1,1
2019-04-17 15:45:12.089,10999,11000,11000,1,1
2019-04-17 15:45:12.437,10999,11000,11000,1,1
2019-04-17 15:45:14.822,10999,11000,11000,1,1
2019-04-17 15:45:21.899,10999,11000,11000,1,1
2019-04-17 15:45:22.024,10999,11000,11000,1,1
2019-04-17 15:45:23.935,10999,11000,11000,1,1
2019-04-17 15:45:25.604,10999,11000,10999,1,-1
2019-04-17 15:45:29.788,10999,11000,11000,1,1
2019-04-17 15:45:35.321,10999,11000,10999,2,-2
2019-04-17 15:45:35.926,10999,11000,11000,5,5
2019-04-17 15:45:47.639,10999,11000,11000,2,2
2019-04-17 15:45:49.639,10999,11000,11000,1,1
2019-04-17 15:45:53.263,11000,11001,11000,1,-1
2019-04-17 15:46:09.271,10999,11000,11000,1,1
2019-04-17 15:46:12.768,10999,11000,11000,1,1
2019-04-17 15:46:15.941,10999,11000,11000,1,1
2019-04-17 15:46:16.144,10999,11001,11001,1,1
2019-04-17 15:46:19.044,10999,11000,11000,1,1
2019-04-17 15:46:22.305,10999,11000,11000,1,1
2019-04-17 15:46:22.431,11000,11001,11000,2,-2
2019-04-17 15:46:34.824,10999,11000,11000,1,1
2019-04-17 15:46:39.260,10999,11000,11000,1,1
2019-04-17 15:46:41.398,10999,11000,11000,2,2
2019-04-17 15:46:42.834,10999,11000,11000,1,1
2019-04-17 15:46:43.520,10999,11000,11000,1,1
2019-04-17 15:46:44.761,10999,11000,11000,1,1
2019-04-17 15:47:03.427,11000,11001,11000,2,-2
2019-04-17 15:47:14.960,11000,11001,11000,1,-1
2019-04-17 15:47:20.629,11000,11001,11000,1,-1
2019-04-17 15:47:26.080,11000,11001,11000,1,-1
2019-04-17 15:47:30.505,11000,11001,11000,1,-1
2019-04-17 15:47:31.923,11000,11001,11000,1,-1
2019-04-17 15:47:38.401,11000,11001,11001,4,4
2019-04-17 15:47:52.112,11000,11001,11000,1,-1
2019-04-17 15:47:55.336,11000,11001,11000,1,-1
2019-04-17 15:47:55.740,11000,11001,11000,1,-1
2019-04-17 15:47:56.151,11000,11001,11000,1,-1
2019-04-17 15:47:56.570,11000,11001,11000,1,-1
2019-04-17 15:47:56.976,11000,11001,11000,1,-1
2019-04-17 15:47:57.386,11000,11001,11000,1,-1
2019-04-17 15:47:57.790,11000,11001,11000,1,-1
2019-04-17 15:47:58.193,11000,11001,11000,1,-1
2019-04-17 15:47:58.598,11000,11001,11000,1,-1
2019-04-17 15:47:59.004,11000,11001,11000,1,-1
2019-04-17 15:47:59.412,11000,11001,11000,1,-1
2019-04-17 15:47:59.812,11000,11001,11000,1,-1
2019-04-17 15:48:00.219,11000,11001,11000,1,-1
2019-04-17 15:48:00.630,11000,11001,11000,1,-1
2019-04-17 15:48:01.036,11000,11001,11000,1,-1
2019-04-17 15:48:01.442,11000,11001,11000,1,-1
2019-04-17 15:48:01.847,11000,11001,11000,1,-1
2019-04-17 15:48:10.296,11000,11001,11001,8,8
2019-04-17 15:48:10.297,11000,11001,11001,15,15
2019-04-17 15:48:10.399,11000,11001,11001,4,4
2019-04-17 15:48:10.399,11000,11001,11001,9,9
2019-04-17 15:48:10.399,11000,11001,11001,15,15
2019-04-17 15:48:10.399,11000,11001,11001,1,1
2019-04-17 15:48:10.400,11000,11001,11001,5,5
2019-04-17 15:48:10.400,11000,11001,11001,1,1
2019-04-17 15:48:10.400,11000,11001,11001,9,9
2019-04-17 15:48:10.405,11000,11001,11001,2,2
2019-04-17 15:48:10.524,11000,11001,11001,11,11
2019-04-17 15:48:10.524,11000,11001,11001,26,26
2019-04-17 15:48:10.524,11000,11001,11001,2,2
2019-04-17 15:48:10.524,11000,11001,11001,2,2
2019-04-17 15:48:10.524,11000,11001,11001,9,9
2019-04-17 15:48:10.678,11001,11002,11002,8,8
2019-04-17 15:48:10.739,11001,11002,11001,1,-1
2019-04-17 15:48:10.828,11001,11002,11002,8,8
2019-04-17 15:48:11.159,11001,11002,11001,1,-1
2019-04-17 15:48:11.504,11001,11002,11002,1,1
2019-04-17 15:48:11.721,11001,11002,11001,20,-20
2019-04-17 15:48:13.780,11001,11002,11002,1,1
2019-04-17 15:48:16.017,11001,11002,11002,1,1
2019-04-17 15:48:16.891,11001,11002,11002,3,3
2019-04-17 15:48:18.109,11001,11002,11002,1,1
2019-04-17 15:48:18.433,11001,11002,11001,1,-1
2019-04-17 15:48:20.522,11001,11002,11002,10,10
2019-04-17 15:48:20.524,11002,11003,11002,4,-4
2019-04-17 15:48:20.704,11002,11003,11002,1,-1
2019-04-17 15:48:25.189,11002,11003,11002,3,-3
2019-04-17 15:48:26.712,11002,11003,11002,3,-3
2019-04-17 15:48:27.548,11002,11003,11002,2,-2
2019-04-17 15:48:32.385,11001,11002,11002,1,1
2019-04-17 15:48:37.477,11001,11002,11002,1,1
2019-04-17 15:48:45.979,11002,11003,11002,4,-4
2019-04-17 15:48:47.448,11001,11002,11002,1,1
2019-04-17 15:48:47.990,11001,11002,11002,3,3
2019-04-17 15:48:50.354,11002,11003,11002,1,-1
2019-04-17 15:48:51.575,11002,11003,11002,1,-1
2019-04-17 15:48:55.213,11002,11003,11003,1,1
2019-04-17 15:48:55.645,11002,11003,11002,1,-1
2019-04-17 15:48:58.222,11002,11003,11003,1,1
2019-04-17 15:48:59.623,11002,11003,11003,1,1
2019-04-17 15:49:00.217,11002,11003,11002,8,-8
2019-04-17 15:49:03.238,11002,11003,11003,1,1
2019-04-17 15:49:04.867,11002,11003,11002,1,-1
2019-04-17 15:49:19.843,11002,11003,11003,1,1
2019-04-17 15:49:20.169,11002,11003,11003,3,3
2019-04-17 15:49:30.362,11002,11003,11003,1,1
2019-04-17 15:49:34.278,11002,11003,11002,1,-1
2019-04-17 15:49:34.695,11002,11003,11003,1,1
2019-04-17 15:49:35.101,11002,11003,11003,10,10
2019-04-17 15:49:36.373,11002,11003,11003,10,10
2019-04-17 15:49:45.210,11002,11003,11003,1,1
2019-04-17 15:49:45.455,11002,11003,11002,3,-3
2019-04-17 15:49:49.794,11002,11003,11002,1,-1
2019-04-17 15:49:51.960,11002,11003,11002,1,-1
2019-04-17 15:49:52.588,11002,11003,11003,2,2
2019-04-17 15:49:53.437,11002,11003,11002,1,-1
2019-04-17 15:49:53.747,11002,11003,11002,1,-1
2019-04-17 15:49:59.191,11002,11003,11002,1,-1
2019-04-17 15:50:10.210,11002,11003,11003,4,4
2019-04-17 15:50:11.139,11002,11003,11003,1,1
2019-04-17 15:50:12.291,11002,11003,11003,1,1
2019-04-17 15:50:16.712,11002,11003,11002,1,-1
2019-04-17 15:50:21.108,11002,11003,11002,1,-1
2019-04-17 15:50:25.989,11002,11003,11003,1,1
2019-04-17 15:50:26.483,11002,11003,11002,1,-1
2019-04-17 15:50:57.320,11002,11003,11003,5,5
2019-04-17 15:50:58.033,11002,11003,11002,1,-1
2019-04-17 15:51:05.600,11002,11003,11002,1,-1
2019-04-17 15:51:17.611,11002,11003,11002,1,-1
2019-04-17 15:51:24.616,11002,11003,11003,1,1
2019-04-17 15:51:47.271,11002,11003,11002,2,-2
2019-04-17 15:51:48.637,11002,11003,11003,1,1
2019-04-17 15:51:50.911,11002,11003,11003,1,1
2019-04-17 15:52:04.649,11002,11003,11003,1,1
2019-04-17 15:52:05.200,11002,11003,11002,1,-1
2019-04-17 15:52:08.661,11002,11003,11003,1,1
2019-04-17 15:52:11.550,11002,11003,11003,9,9
2019-04-17 15:52:49.866,11002,11003,11003,20,20
2019-04-17 15:52:51.006,11002,11003,11003,1,1
2019-04-17 15:52:51.034,11002,11003,11003,2,2
2019-04-17 15:52:51.231,11002,11003,11002,7,-7
2019-04-17 15:52:51.240,11002,11003,11002,6,-6
2019-04-17 15:52:51.267,11002,11003,11002,4,-4
2019-04-17 15:52:51.274,11002,11003,11002,1,-1
2019-04-17 15:52:51.274,11002,11003,11002,1,-1
2019-04-17 15:52:51.275,11002,11003,11002,7,-7
2019-04-17 15:52:51.400,11001,11002,11002,11,11
2019-04-17 15:52:51.524,11001,11002,11002,1,1
2019-04-17 15:52:51.524,11001,11002,11002,1,1
2019-04-17 15:52:51.756,11001,11002,11002,3,3
2019-04-17 15:52:51.756,11001,11002,11002,1,1
2019-04-17 15:52:51.756,11001,11002,11002,1,1
2019-04-17 15:52:51.774,11001,11002,11002,1,1
2019-04-17 15:52:55.200,11002,11003,11002,1,-1
2019-04-17 15:52:56.433,11001,11002,11002,1,1
2019-04-17 15:52:57.386,11001,11002,11002,1,1
2019-04-17 15:52:59.442,11001,11002,11002,1,1
2019-04-17 15:53:05.850,11001,11002,11002,1,1
2019-04-17 15:53:22.442,11001,11002,11002,1,1
2019-04-17 15:53:52.864,11001,11002,11002,1,1
2019-04-17 15:53:54.059,11001,11002,11001,1,-1
2019-04-17 15:54:05.923,11001,11002,11001,10,-10
2019-04-17 15:54:06.807,11001,11002,11001,4,-4
2019-04-17 15:54:06.885,11001,11002,11001,1,-1
2019-04-17 15:54:07.880,11001,11002,11001,4,-4
2019-04-17 15:54:09.735,11001,11002,11001,5,-5
2019-04-17 15:54:10.733,11001,11002,11001,1,-1
2019-04-17 15:54:10.782,11001,11002,11001,2,-2
2019-04-17 15:54:10.885,11001,11002,11001,9,-9
2019-04-17 15:54:10.899,11000,11001,11001,11,11
2019-04-17 15:54:15.544,11000,11001,11001,1,1
2019-04-17 15:54:19.238,11000,11001,11001,1,1
2019-04-17 15:54:42.331,11000,11001,11001,1,1
2019-04-17 15:54:44.371,11000,11001,11000,1,-1
2019-04-17 15:55:03.774,11000,11001,11001,10,10
2019-04-17 15:55:08.708,11000,11001,11001,1,1
2019-04-17 15:55:15.184,11000,11001,11001,2,2
2019-04-17 15:55:19.216,11000,11001,11001,1,1
2019-04-17 15:55:34.511,11000,11001,11001,1,1
2019-04-17 15:55:34.523,11000,11001,11002,2,2
2019-04-17 15:55:48.824,11001,11002,11001,1,-1
2019-04-17 15:55:50.389,11001,11002,11001,1,-1
2019-04-17 15:55:51.611,11001,11002,11001,1,-1
2019-04-17 15:55:52.298,11001,11002,11001,1,-1
2019-04-17 15:55:52.877,11001,11002,11002,1,1
2019-04-17 15:55:56.523,11001,11002,11002,1,1
2019-04-17 15:56:08.401,11001,11002,11001,1,-1
2019-04-17 15:56:08.926,11001,11002,11001,1,-1
2019-04-17 15:56:29.654,11001,11002,11001,1,-1
2019-04-17 15:56:29.774,11001,11002,11001,2,-2
2019-04-17 15:56:32.509,11000,11001,11001,1,1
2019-04-17 15:56:34.604,11001,11002,11001,1,-1
2019-04-17 15:56:38.313,11001,11002,11001,1,-1
2019-04-17 15:56:44.559,11001,11002,11001,5,-5
2019-04-17 15:56:56.457,11001,11002,11001,1,-1
2019-04-17 15:57:04.753,11001,11002,11001,1,-1
2019-04-17 15:57:22.147,11001,11002,11001,3,-3
2019-04-17 15:57:22.149,11000,11001,11001,2,2
2019-04-17 15:57:32.367,11001,11002,11001,1,-1
2019-04-17 15:57:38.361,11001,11002,11001,1,-1
2019-04-17 15:57:38.399,11000,11001,11001,2,2
2019-04-17 15:57:45.664,11000,11001,11001,1,1
2019-04-17 15:57:48.421,11000,11001,11001,4,4
2019-04-17 15:57:51.924,11000,11001,11001,2,2
2019-04-17 15:57:59.704,11000,11001,11001,1,1
2019-04-17 15:58:08.909,11000,11001,11001,1,1
2019-04-17 15:58:20.306,11000,11001,11001,1,1
2019-04-17 15:58:24.263,11000,11001,11001,1,1
2019-04-17 15:58:49.833,11000,11001,11001,5,5
2019-04-17 15:58:49.899,11000,11001,11001,4,4
2019-04-17 15:58:49.900,11000,11001,11001,6,6
2019-04-17 15:59:02.723,11001,11002,11001,7,-7
2019-04-17 15:59:04.506,11000,11001,11001,1,1
2019-04-17 15:59:29.482,11000,11001,11000,1,-1
2019-04-17 15:59:36.485,11000,11001,11000,1,-1
2019-04-17 15:59:58.169,11000,11001,11000,3,-3
2019-04-17 15:59:59.679,11000,11001,11000,2,-2
2019-04-17 16:00:06.237,11000,11001,11001,1,1
2019-04-17 16:00:07.017,11000,11001,11001,1,1
2019-04-17 16:00:07.103,11000,11001,11001,1,1
2019-04-17 16:00:07.146,11000,11001,11001,2,2
2019-04-17 16:00:07.424,11000,11001,11001,1,1
2019-04-17 16:00:16.571,11000,11001,11001,1,1
2019-04-17 16:00:23.139,11000,11001,11001,10,10
2019-04-17 16:00:23.139,11000,11001,11001,1,1
2019-04-17 16:00:38.162,11000,11001,11001,2,2
2019-04-17 16:01:02.380,11000,11001,11000,1,-1
2019-04-17 16:01:13.407,11000,11001,11001,1,1
2019-04-17 16:01:13.567,11000,11001,11001,6,6
2019-04-17 16:01:34.795,11001,11002,11001,1,-1
2019-04-17 16:01:35.877,11001,11002,11002,1,1
2019-04-17 16:01:35.877,11001,11002,11002,1,1
2019-04-17 16:01:36.526,11001,11002,11002,22,22
2019-04-17 16:01:37.398,11002,11003,11002,1,-1
2019-04-17 16:01:43.112,11002,11003,11002,25,-25
2019-04-17 16:01:43.112,11002,11003,11002,1,-1
2019-04-17 16:01:53.089,11001,11002,11002,7,7
2019-04-17 16:01:57.360,11001,11002,11002,1,1
2019-04-17 16:01:57.537,11001,11002,11002,2,2
2019-04-17 16:01:58.003,11002,11003,11002,1,-1
2019-04-17 16:02:03.115,11002,11003,11002,1,-1
2019-04-17 16:02:09.353,11002,11003,11002,1,-1
2019-04-17 16:02:24.198,11002,11003,11003,1,1
2019-04-17 16:02:24.301,11002,11003,11003,2,2
2019-04-17 16:02:24.417,11002,11003,11003,1,1
2019-04-17 16:02:24.627,11002,11003,11003,3,3
2019-04-17 16:02:24.632,11002,11003,11003,2,2
2019-04-17 16:02:24.648,11002,11003,11003,2,2
2019-04-17 16:02:24.649,11002,11003,11003,1,1
2019-04-17 16:02:24.650,11002,11003,11003,1,1
2019-04-17 16:02:24.663,11002,11003,11003,1,1
2019-04-17 16:02:24.670,11002,11003,11003,1,1
2019-04-17 16:02:24.671,11002,11003,11003,1,1
2019-04-17 16:02:24.671,11002,11003,11003,4,4
2019-04-17 16:02:24.681,11002,11003,11003,1,1
2019-04-17 16:02:24.746,11002,11003,11003,1,1
2019-04-17 16:02:24.757,11002,11003,11003,1,1
2019-04-17 16:02:24.774,11002,11003,11003,4,4
2019-04-17 16:02:24.774,11002,11003,11003,5,5
2019-04-17 16:02:24.775,11002,11003,11003,4,4
2019-04-17 16:02:24.775,11002,11003,11003,1,1
2019-04-17 16:02:24.777,11002,11003,11003,3,3
2019-04-17 16:02:24.777,11002,11003,11003,7,7
2019-04-17 16:02:26.655,11003,11004,11004,1,1
2019-04-17 16:02:26.812,11003,11004,11004,2,2
2019-04-17 16:02:29.877,11003,11004,11004,1,1
2019-04-17 16:02:30.893,11003,11004,11004,1,1
2019-04-17 16:02:31.153,11003,11004,11003,30,-30
2019-04-17 16:02:32.122,11002,11003,11003,1,1
2019-04-17 16:02:32.287,11002,11003,11002,1,-1
2019-04-17 16:02:33.086,11002,11003,11002,1,-1
2019-04-17 16:02:33.739,11002,11003,11002,1,-1
2019-04-17 16:02:35.392,11002,11003,11003,1,1
2019-04-17 16:02:39.536,11002,11003,11002,15,-15
2019-04-17 16:02:39.650,11001,11002,11002,3,3
2019-04-17 16:02:39.650,11001,11002,11002,1,1
2019-04-17 16:02:40.041,11001,11002,11002,1,1
2019-04-17 16:02:40.361,11001,11002,11002,1,1
2019-04-17 16:02:40.391,11001,11002,11003,1,1
2019-04-17 16:02:44.551,11002,11003,11003,1,1
2019-04-17 16:03:12.949,11002,11003,11003,3,3
2019-04-17 16:03:13.891,11002,11003,11003,1,1
2019-04-17 16:03:21.190,11002,11003,11003,1,1
2019-04-17 16:03:30.647,11002,11003,11002,20,-20
2019-04-17 16:03:30.829,11001,11002,11002,1,1
2019-04-17 16:03:31.455,11001,11002,11002,2,2
2019-04-17 16:03:32.008,11001,11002,11002,1,1
2019-04-17 16:03:38.997,11001,11002,11002,1,1
2019-04-17 16:03:40.605,11001,11002,11002,1,1
2019-04-17 16:03:46.965,11001,11002,11002,1,1
2019-04-17 16:03:51.406,11001,11002,11002,1,1
2019-04-17 16:03:56.838,11001,11002,11002,1,1
2019-04-17 16:04:01.300,11001,11002,11002,1,1
2019-04-17 16:04:02.108,11001,11002,11002,1,1
2019-04-17 16:04:13.537,11001,11002,11002,1,1
2019-04-17 16:04:13.715,11001,11002,11002,1,1
2019-04-17 16:04:18.356,11001,11002,11002,2,2
2019-04-17 16:04:23.370,11002,11003,11002,7,-7
2019-04-17 16:04:34.771,11001,11002,11002,1,1
2019-04-17 16:04:46.608,11001,11002,11002,2,2
2019-04-17 16:04:49.389,11002,11003,11003,1,1
2019-04-17 16:05:12.572,11002,11003,11003,1,1
2019-04-17 16:05:13.248,11002,11003,11003,1,1
2019-04-17 16:05:15.158,11002,11003,11003,1,1
2019-04-17 16:05:18.654,11002,11003,11003,1,1
2019-04-17 16:05:31.842,11002,11003,11003,2,2
2019-04-17 16:05:32.764,11002,11003,11003,1,1
2019-04-17 16:05:52.335,11002,11003,11003,5,5
2019-04-17 16:05:57.432,11002,11003,11003,1,1
2019-04-17 16:06:00.290,11002,11003,11003,1,1
2019-04-17 16:06:01.064,11002,11003,11003,6,6
2019-04-17 16:06:05.074,11002,11003,11003,1,1
2019-04-17 16:06:13.127,11002,11003,11003,1,1
2019-04-17 16:06:14.066,11002,11003,11003,3,3
2019-04-17 16:06:14.163,11002,11003,11002,1,-1
2019-04-17 16:06:15.292,11002,11003,11003,3,3
2019-04-17 16:06:19.034,11002,11003,11003,1,1
2019-04-17 16:06:34.419,11002,11003,11003,1,1
2019-04-17 16:06:43.738,11002,11003,11003,1,1
2019-04-17 16:07:23.941,11002,11003,11003,1,1
2019-04-17 16:07:41.246,11002,11003,11003,1,1
2019-04-17 16:07:53.827,11002,11003,11003,10,10
2019-04-17 16:07:53.900,11003,11004,11003,1,-1
2019-04-17 16:07:54.333,11003,11004,11003,2,-2
2019-04-17 16:08:02.620,11003,11004,11003,1,-1
2019-04-17 16:08:08.105,11003,11004,11003,5,-5
2019-04-17 16:08:12.251,11003,11004,11004,1,1
2019-04-17 16:08:19.448,11003,11004,11003,1,-1
2019-04-17 16:08:22.425,11003,11004,11004,1,1
2019-04-17 16:08:31.371,11003,11004,11003,1,-1
2019-04-17 16:08:34.443,11003,11004,11003,1,-1
2019-04-17 16:08:43.364,11003,11004,11004,1,1
2019-04-17 16:08:43.480,11003,11004,11004,1,1
2019-04-17 16:08:44.318,11003,11004,11004,1,1
2019-04-17 16:08:46.038,11003,11004,11003,1,-1
2019-04-17 16:08:50.367,11003,11004,11004,2,2
2019-04-17 16:08:55.441,11003,11004,11004,1,1
2019-04-17 16:08:57.345,11003,11004,11004,1,1
2019-04-17 16:08:58.112,11003,11004,11004,1,1
2019-04-17 16:08:59.253,11003,11004,11004,1,1
2019-04-17 16:08:59.345,11003,11004,11004,5,5
2019-04-17 16:08:59.715,11003,11004,11004,1,1
2019-04-17 16:09:00.958,11003,11004,11004,1,1
2019-04-17 16:09:01.245,11003,11004,11004,1,1
2019-04-17 16:09:02.883,11003,11004,11004,1,1
2019-04-17 16:09:03.817,11003,11004,11004,1,1
2019-04-17 16:09:05.717,11003,11004,11004,1,1
2019-04-17 16:09:07.525,11003,11004,11004,3,3
2019-04-17 16:09:09.266,11003,11004,11004,2,2
2019-04-17 16:09:09.503,11003,11004,11004,2,2
2019-04-17 16:09:11.325,11003,11004,11004,1,1
2019-04-17 16:09:11.948,11003,11004,11004,1,1
2019-04-17 16:09:13.807,11003,11004,11004,1,1
2019-04-17 16:09:13.808,11003,11004,11004,1,1
2019-04-17 16:09:13.891,11003,11004,11004,1,1
2019-04-17 16:09:14.003,11004,11005,11004,1,-1
2019-04-17 16:09:14.062,11004,11005,11004,1,-1
2019-04-17 16:09:14.079,11004,11005,11003,1,-1
2019-04-17 16:09:14.081,11004,11005,11003,1,-1
2019-04-17 16:09:14.091,11004,11005,11003,2,-2
2019-04-17 16:09:16.709,11003,11004,11003,1,-1
2019-04-17 16:09:17.495,11003,11004,11003,10,-10
2019-04-17 16:09:18.115,11003,11004,11004,1,1
2019-04-17 16:09:18.307,11003,11004,11004,1,1
2019-04-17 16:09:39.688,11003,11004,11004,1,1
2019-04-17 16:09:55.956,11003,11004,11004,5,5
2019-04-17 16:10:02.553,11003,11004,11004,2,2
2019-04-17 16:10:03.554,11003,11005,11004,1,-1
2019-04-17 16:10:11.269,11004,11005,11005,50,50
2019-04-17 16:10:11.274,11004,11005,11005,4,4
2019-04-17 16:10:11.314,11004,11005,11005,2,2
2019-04-17 16:10:11.315,11004,11005,11005,1,1
2019-04-17 16:10:11.353,11004,11005,11005,1,1
2019-04-17 16:10:12.344,11004,11005,11005,1,1
2019-04-17 16:10:15.762,11004,11005,11004,2,-2
2019-04-17 16:10:22.901,11004,11005,11005,22,22
2019-04-17 16:10:22.998,11004,11005,11006,3,3
2019-04-17 16:10:23.238,11005,11006,11006,1,1
2019-04-17 16:10:23.338,11005,11006,11006,1,1
2019-04-17 16:10:40.113,11005,11006,11006,1,1
2019-04-17 16:10:40.121,11005,11006,11006,2,2
2019-04-17 16:10:40.513,11005,11006,11006,1,1
2019-04-17 16:10:44.778,11005,11006,11006,1,1
2019-04-17 16:10:46.009,11005,11006,11006,25,25
2019-04-17 16:10:46.149,11006,11007,11006,2,-2
2019-04-17 16:10:46.184,11006,11007,11006,2,-2
2019-04-17 16:10:49.401,11006,11007,11007,3,3
2019-04-17 16:10:49.688,11006,11007,11007,1,1
2019-04-17 16:10:53.107,11006,11007,11006,16,-16
2019-04-17 16:10:53.107,11006,11007,11005,4,-4
2019-04-17 16:10:53.254,11006,11007,11007,3,3
2019-04-17 16:10:54.524,11006,11007,11007,1,1
2019-04-17 16:10:54.794,11006,11007,11006,2,-2
2019-04-17 16:10:57.995,11006,11007,11007,1,1
2019-04-17 16:10:59.093,11006,11007,11006,1,-1
2019-04-17 16:10:59.149,11005,11006,11006,1,1
2019-04-17 16:10:59.226,11005,11006,11006,3,3
2019-04-17 16:11:00.335,11005,11006,11006,1,1
2019-04-17 16:11:02.828,11005,11006,11006,3,3
2019-04-17 16:11:03.860,11005,11006,11006,1,1
2019-04-17 16:11:04.047,11005,11006,11006,1,1
2019-04-17 16:11:04.578,11005,11006,11006,1,1
2019-04-17 16:11:04.595,11005,11006,11006,1,1
2019-04-17 16:11:04.599,11005,11006,11006,1,1
2019-04-17 16:11:05.335,11005,11006,11006,1,1
2019-04-17 16:11:05.944,11005,11006,11006,1,1
2019-04-17 16:11:06.984,11005,11006,11006,1,1
2019-04-17 16:11:07.650,11005,11006,11006,1,1
2019-04-17 16:11:08.604,11005,11006,11006,2,2
2019-04-17 16:11:09.317,11005,11006,11006,2,2
2019-04-17 16:11:10.766,11006,11007,11007,1,1
2019-04-17 16:11:15.502,11006,11007,11007,1,1
2019-04-17 16:11:20.323,11006,11007,11006,3,-3
2019-04-17 16:11:22.557,11006,11007,11006,1,-1
2019-04-17 16:11:28.960,11005,11006,11006,1,1
2019-04-17 16:11:31.117,11005,11006,11006,1,1
2019-04-17 16:11:35.080,11005,11006,11006,2,2
2019-04-17 16:11:38.969,11005,11006,11006,1,1
2019-04-17 16:11:41.313,11005,11006,11006,1,1
2019-04-17 16:11:55.156,11005,11006,11006,1,1
2019-04-17 16:11:57.634,11005,11006,11006,1,1
2019-04-17 16:11:58.307,11005,11006,11006,1,1
2019-04-17 16:11:58.525,11005,11006,11006,1,1
2019-04-17 16:11:58.917,11005,11006,11006,1,1
2019-04-17 16:11:59.745,11005,11006,11006,2,2
2019-04-17 16:12:07.146,11005,11006,11006,1,1
2019-04-17 16:12:08.310,11005,11006,11006,1,1
2019-04-17 16:12:10.923,11005,11006,11006,5,5
2019-04-17 16:12:11.338,11006,11007,11006,1,-1
2019-04-17 16:12:13.203,11005,11007,11007,1,1
2019-04-17 16:12:13.299,11005,11007,11007,2,2
2019-04-17 16:12:14.530,11006,11007,11006,1,-1
2019-04-17 16:12:17.980,11006,11007,11006,1,-1
2019-04-17 16:12:19.151,11006,11007,11006,1,-1
2019-04-17 16:12:20.117,11006,11007,11006,1,-1
2019-04-17 16:12:31.420,11006,11007,11006,1,-1
2019-04-17 16:12:42.582,11006,11007,11006,18,-18
2019-04-17 16:12:42.582,11006,11007,11006,2,-2
2019-04-17 16:12:42.582,11006,11007,11006,4,-4
2019-04-17 16:12:43.428,11005,11006,11006,1,1
2019-04-17 16:12:50.195,11005,11006,11006,5,5
2019-04-17 16:12:55.190,11005,11006,11006,1,1
2019-04-17 16:12:55.784,11005,11006,11006,1,1
2019-04-17 16:12:59.095,11005,11006,11006,2,2
2019-04-17 16:12:59.462,11006,11007,11006,10,-10
2019-04-17 16:13:00.214,11006,11007,11007,1,1
2019-04-17 16:13:00.480,11006,11007,11006,2,-2
2019-04-17 16:13:04.768,11006,11007,11006,10,-10
2019-04-17 16:13:06.020,11006,11007,11006,1,-1
2019-04-17 16:13:11.631,11006,11007,11007,2,2
2019-04-17 16:13:12.796,11006,11007,11006,1,-1
2019-04-17 16:13:20.232,11006,11007,11007,1,1
2019-04-17 16:13:33.472,11006,11007,11007,1,1
2019-04-17 16:14:03.669,11006,11007,11007,1,1
2019-04-17 16:14:04.894,11006,11007,11007,1,1
2019-04-17 16:14:07.232,11006,11007,11007,5,5
2019-04-17 16:14:07.821,11006,11007,11007,1,1
2019-04-17 16:14:15.165,11006,11007,11006,36,-36
2019-04-17 16:14:28.907,11005,11006,11006,1,1
2019-04-17 16:14:29.661,11005,11006,11006,1,1
2019-04-17 16:14:32.623,11005,11006,11006,1,1
2019-04-17 16:14:37.596,11005,11006,11006,1,1
2019-04-17 16:14:57.593,11005,11006,11006,1,1
2019-04-17 16:14:58.043,11005,11006,11006,1,1
2019-04-17 16:15:05.659,11005,11006,11005,1,-1
2019-04-17 16:15:06.096,11005,11006,11006,1,1
2019-04-17 16:15:06.135,11005,11006,11006,1,1
2019-04-17 16:15:06.266,11005,11006,11006,1,1
2019-04-17 16:15:06.405,11005,11006,11006,1,1
2019-04-17 16:15:14.726,11005,11006,11006,4,4
2019-04-17 16:15:15.004,11005,11006,11006,1,1
2019-04-17 16:15:17.956,11005,11006,11006,1,1
2019-04-17 16:15:19.682,11005,11006,11006,8,8
2019-04-17 16:15:19.682,11005,11006,11006,5,5
2019-04-17 16:15:24.820,11006,11007,11006,1,-1
2019-04-17 16:15:28.235,11006,11007,11006,3,-3
2019-04-17 16:15:49.181,11005,11006,11006,1,1
2019-04-17 16:15:49.661,11005,11006,11006,1,1
2019-04-17 16:15:51.389,11005,11006,11006,2,2
2019-04-17 16:15:52.191,11005,11006,11006,2,2
2019-04-17 16:15:52.473,11005,11006,11006,1,1
2019-04-17 16:15:59.988,11006,11007,11006,3,-3
2019-04-17 16:16:10.245,11006,11007,11006,1,-1
2019-04-17 16:16:13.962,11006,11007,11007,1,1
2019-04-17 16:16:15.020,11006,11007,11007,1,1
2019-04-17 16:16:20.886,11006,11007,11007,1,1
2019-04-17 16:16:21.101,11006,11007,11007,48,48
2019-04-17 16:16:21.891,11007,11008,11007,1,-1
2019-04-17 16:16:23.315,11007,11008,11007,1,-1
2019-04-17 16:16:27.171,11007,11008,11008,1,1
2019-04-17 16:16:27.345,11007,11008,11007,13,-13
2019-04-17 16:16:27.345,11007,11008,11006,7,-7
2019-04-17 16:16:27.696,11006,11008,11008,1,1
2019-04-17 16:16:29.660,11007,11008,11007,1,-1
2019-04-17 16:16:34.059,11006,11007,11006,3,-3
2019-04-17 16:16:45.517,11006,11007,11007,10,10
2019-04-17 16:16:48.972,11006,11007,11007,1,1
2019-04-17 16:16:54.561,11007,11008,11007,10,-10
2019-04-17 16:17:03.184,11006,11007,11007,1,1
2019-04-17 16:17:06.351,11006,11007,11007,1,1
2019-04-17 16:17:09.425,11006,11007,11007,1,1
2019-04-17 16:17:20.934,11006,11007,11007,10,10
2019-04-17 16:17:22.401,11007,11008,11007,1,-1
2019-04-17 16:17:24.753,11007,11008,11007,1,-1
2019-04-17 16:17:28.991,11007,11008,11007,1,-1
2019-04-17 16:17:34.209,11007,11008,11007,3,-3
2019-04-17 16:17:36.750,11007,11008,11007,1,-1
2019-04-17 16:17:43.437,11007,11008,11007,1,-1
2019-04-17 16:17:47.014,11007,11008,11007,1,-1
2019-04-17 16:17:53.707,11007,11008,11008,2,2
2019-04-17 16:18:03.266,11007,11008,11008,1,1
2019-04-17 16:18:08.430,11007,11008,11008,1,1
2019-04-17 16:18:10.674,11007,11008,11008,1,1
2019-04-17 16:18:13.805,11007,11008,11008,9,9
2019-04-17 16:18:15.470,11007,11008,11008,5,5
2019-04-17 16:18:16.121,11007,11008,11008,2,2
2019-04-17 16:18:18.534,11007,11008,11008,2,2
2019-04-17 16:18:18.916,11007,11008,11008,23,23
2019-04-17 16:18:33.433,11008,11009,11009,35,35
2019-04-17 16:18:33.547,11009,11010,11010,2,2
2019-04-17 16:18:33.584,11009,11010,11010,1,1
2019-04-17 16:18:33.618,11009,11010,11010,1,1
2019-04-17 16:18:33.663,11009,11010,11010,2,2
2019-04-17 16:18:33.673,11009,11010,11010,1,1
2019-04-17 16:18:33.690,11009,11010,11010,2,2
2019-04-17 16:18:33.720,11009,11010,11010,1,1
2019-04-17 16:18:33.744,11009,11010,11010,1,1
2019-04-17 16:18:33.747,11009,11010,11010,1,1
2019-04-17 16:18:33.764,11009,11010,11010,2,2
2019-04-17 16:18:33.767,11009,11010,11010,1,1
2019-04-17 16:18:33.806,11009,11010,11010,1,1
2019-04-17 16:18:33.829,11009,11010,11010,1,1
2019-04-17 16:18:33.865,11009,11010,11010,2,2
2019-04-17 16:18:33.903,11009,11010,11010,4,4
2019-04-17 16:18:33.911,11009,11010,11010,4,4
2019-04-17 16:18:33.912,11009,11010,11010,1,1
2019-04-17 16:18:33.914,11009,11010,11010,1,1
2019-04-17 16:18:33.916,11009,11010,11010,4,4
2019-04-17 16:18:33.923,11009,11010,11010,1,1
2019-04-17 16:18:33.924,11009,11010,11010,4,4
2019-04-17 16:18:33.931,11009,11010,11010,1,1
2019-04-17 16:18:33.936,11009,11010,11010,5,5
2019-04-17 16:18:33.944,11009,11010,11010,1,1
2019-04-17 16:18:33.956,11009,11010,11010,2,2
2019-04-17 16:18:33.957,11009,11010,11010,5,5
2019-04-17 16:18:33.957,11009,11010,11010,1,1
2019-04-17 16:18:33.957,11009,11010,11010,6,6
2019-04-17 16:18:33.958,11009,11010,11010,1,1
2019-04-17 16:18:33.964,11009,11010,11010,6,6
2019-04-17 16:18:33.973,11009,11010,11010,1,1
2019-04-17 16:18:33.973,11009,11010,11011,3,3
2019-04-17 16:18:33.978,11009,11010,11011,2,2
2019-04-17 16:18:33.979,11009,11010,11011,1,1
2019-04-17 16:18:33.993,11009,11010,11011,1,1
2019-04-17 16:18:33.996,11009,11010,11011,1,1
2019-04-17 16:18:34.012,11009,11010,11011,1,1
2019-04-17 16:18:34.015,11009,11010,11011,2,2
2019-04-17 16:18:34.015,11009,11010,11011,2,2
2019-04-17 16:18:34.015,11009,11010,11011,1,1
2019-04-17 16:18:34.043,11010,11011,11011,2,2
2019-04-17 16:18:34.069,11010,11011,11011,1,1
2019-04-17 16:18:34.085,11010,11011,11011,1,1
2019-04-17 16:18:34.091,11010,11011,11011,3,3
2019-04-17 16:18:34.095,11010,11011,11011,6,6
2019-04-17 16:18:34.105,11010,11011,11011,2,2
2019-04-17 16:18:34.130,11010,11011,11011,2,2
2019-04-17 16:18:34.131,11010,11011,11011,2,2
2019-04-17 16:18:34.144,11010,11011,11011,1,1
2019-04-17 16:18:34.144,11010,11011,11012,3,3
2019-04-17 16:18:34.149,11010,11012,11011,1,-1
2019-04-17 16:18:34.164,11010,11012,11012,1,1
2019-04-17 16:18:34.182,11010,11012,11012,2,2
2019-04-17 16:18:34.218,11010,11012,11012,5,5
2019-04-17 16:18:34.252,11010,11012,11012,1,1
2019-04-17 16:18:34.274,11011,11012,11011,1,-1
2019-04-17 16:18:34.323,11011,11012,11012,1,1
2019-04-17 16:18:34.340,11011,11012,11012,1,1
2019-04-17 16:18:34.346,11011,11012,11012,1,1
2019-04-17 16:18:34.350,11011,11012,11012,1,1
2019-04-17 16:18:34.356,11011,11012,11012,3,3
2019-04-17 16:18:34.399,11011,11012,11012,2,2
2019-04-17 16:18:34.399,11011,11012,11012,2,2
2019-04-17 16:18:34.426,11011,11012,11012,1,1
2019-04-17 16:18:34.437,11011,11012,11012,1,1
2019-04-17 16:18:34.466,11011,11012,11012,2,2
2019-04-17 16:18:34.492,11011,11012,11013,1,1
2019-04-17 16:18:34.497,11011,11012,11013,1,1
2019-04-17 16:18:34.503,11011,11012,11013,1,1
2019-04-17 16:18:34.513,11011,11012,11013,1,1
2019-04-17 16:18:34.516,11011,11012,11013,2,2
2019-04-17 16:18:34.557,11011,11012,11013,5,5
2019-04-17 16:18:34.573,11011,11012,11013,1,1
2019-04-17 16:18:34.602,11011,11012,11013,2,2
2019-04-17 16:18:34.650,11012,11013,11013,2,2
2019-04-17 16:18:34.716,11012,11013,11013,1,1
2019-04-17 16:18:34.744,11012,11013,11013,5,5
2019-04-17 16:18:34.765,11012,11013,11013,1,1
2019-04-17 16:18:34.881,11012,11013,11013,5,5
2019-04-17 16:18:34.882,11012,11013,11013,1,1
2019-04-17 16:18:34.886,11012,11013,11013,1,1
2019-04-17 16:18:34.889,11012,11013,11013,1,1
2019-04-17 16:18:34.889,11012,11013,11014,1,1
2019-04-17 16:18:34.889,11012,11013,11014,2,2
2019-04-17 16:18:34.900,11012,11014,11013,2,-2
2019-04-17 16:18:34.900,11012,11014,11013,1,-1
2019-04-17 16:18:34.904,11012,11014,11014,1,1
2019-04-17 16:18:34.963,11012,11014,11012,10,-10
2019-04-17 16:18:34.964,11012,11014,11013,1,1
2019-04-17 16:18:35.000,11012,11014,11013,1,-1
2019-04-17 16:18:35.020,11012,11014,11014,1,1
2019-04-17 16:18:35.024,11012,11014,11013,1,-1
2019-04-17 16:18:35.024,11012,11014,11014,2,2
2019-04-17 16:18:35.025,11012,11014,11013,2,-2
2019-04-17 16:18:35.025,11012,11014,11013,3,-3
2019-04-17 16:18:35.051,11012,11014,11014,1,1
2019-04-17 16:18:35.072,11012,11014,11014,3,3
2019-04-17 16:18:35.075,11012,11014,11014,3,3
2019-04-17 16:18:35.075,11012,11014,11015,1,1
2019-04-17 16:18:35.076,11012,11014,11014,2,2
2019-04-17 16:18:35.076,11012,11014,11015,3,3
2019-04-17 16:18:35.151,11013,11015,11014,1,-1
2019-04-17 16:18:35.151,11013,11015,11015,2,2
2019-04-17 16:18:35.192,11013,11015,11014,1,-1
2019-04-17 16:18:35.247,11013,11015,11015,2,2
2019-04-17 16:18:35.249,11013,11015,11015,1,1
2019-04-17 16:18:35.256,11013,11015,11015,1,1
2019-04-17 16:18:35.256,11013,11015,11015,1,1
2019-04-17 16:18:35.259,11013,11015,11015,6,6
2019-04-17 16:18:35.274,11013,11015,11013,2,-2
2019-04-17 16:18:35.283,11013,11015,11014,1,1
2019-04-17 16:18:35.285,11013,11015,11015,1,1
2019-04-17 16:18:35.313,11013,11015,11015,2,2
2019-04-17 16:18:35.313,11013,11015,11015,1,1
2019-04-17 16:18:35.316,11013,11015,11015,1,1
2019-04-17 16:18:35.318,11013,11015,11015,1,1
2019-04-17 16:18:35.340,11013,11015,11015,1,1
2019-04-17 16:18:35.348,11013,11015,11015,1,1
2019-04-17 16:18:35.386,11013,11015,11015,1,1
2019-04-17 16:18:35.393,11013,11015,11015,1,1
2019-04-17 16:18:35.395,11013,11015,11015,1,1
2019-04-17 16:18:35.404,11013,11015,11015,1,1
2019-04-17 16:18:35.409,11013,11015,11015,1,1
2019-04-17 16:18:35.490,11013,11015,11015,1,1
2019-04-17 16:18:35.496,11013,11015,11015,1,1
2019-04-17 16:18:35.500,11013,11015,11015,1,1
2019-04-17 16:18:35.563,11013,11015,11015,1,1
2019-04-17 16:18:35.563,11013,11015,11015,1,1
2019-04-17 16:18:35.563,11013,11015,11015,1,1
2019-04-17 16:18:35.568,11013,11015,11015,2,2
2019-04-17 16:18:35.573,11013,11015,11015,2,2
2019-04-17 16:18:35.605,11013,11015,11015,4,4
2019-04-17 16:18:35.608,11013,11015,11015,1,1
2019-04-17 16:18:35.828,11014,11015,11015,1,1
2019-04-17 16:18:35.913,11014,11016,11015,1,-1
2019-04-17 16:18:36.108,11014,11015,11015,1,1
2019-04-17 16:18:36.172,11014,11015,11015,1,1
2019-04-17 16:18:36.448,11014,11016,11016,1,1
2019-04-17 16:18:36.524,11015,11016,11015,1,-1
2019-04-17 16:18:36.726,11014,11016,11016,2,2
2019-04-17 16:18:37.301,11014,11015,11015,1,1
2019-04-17 16:18:37.420,11014,11015,11015,1,1
2019-04-17 16:18:37.524,11013,11015,11014,1,-1
2019-04-17 16:18:38.024,11013,11014,11013,2,-2
2019-04-17 16:18:38.024,11013,11014,11013,1,-1
2019-04-17 16:18:38.490,11012,11014,11014,1,1
2019-04-17 16:18:38.514,11012,11014,11014,1,1
2019-04-17 16:18:38.549,11012,11014,11014,1,1
2019-04-17 16:18:40.403,11012,11013,11013,1,1
2019-04-17 16:18:40.856,11012,11013,11013,1,1
2019-04-17 16:18:40.954,11012,11013,11013,1,1
2019-04-17 16:18:41.024,11013,11014,11013,1,-1
2019-04-17 16:18:41.362,11012,11013,11013,1,1
2019-04-17 16:18:42.024,11012,11013,11013,1,1
2019-04-17 16:18:42.311,11012,11013,11013,1,1
2019-04-17 16:18:42.530,11012,11013,11013,2,2
2019-04-17 16:18:42.751,11012,11013,11013,1,1
2019-04-17 16:18:43.063,11012,11013,11013,1,1
2019-04-17 16:18:45.176,11012,11013,11012,1,-1
2019-04-17 16:18:45.176,11012,11013,11012,3,-3
2019-04-17 16:18:45.274,11012,11013,11012,3,-3
2019-04-17 16:18:45.774,11012,11013,11012,1,-1
2019-04-17 16:18:46.003,11011,11012,11012,2,2
2019-04-17 16:18:48.317,11011,11012,11012,2,2
2019-04-17 16:18:48.594,11011,11012,11012,2,2
2019-04-17 16:18:49.085,11011,11012,11012,1,1
2019-04-17 16:18:50.545,11012,11013,11012,1,-1
2019-04-17 16:18:51.066,11012,11013,11013,1,1
2019-04-17 16:18:52.720,11012,11013,11013,15,15
2019-04-17 16:18:53.602,11012,11013,11013,1,1
2019-04-17 16:18:54.104,11012,11013,11013,1,1
2019-04-17 16:18:54.510,11012,11013,11012,1,-1
2019-04-17 16:18:55.881,11012,11013,11013,1,1
2019-04-17 16:18:57.599,11012,11013,11013,2,2
2019-04-17 16:18:58.119,11012,11013,11013,1,1
2019-04-17 16:18:59.160,11012,11013,11013,1,1
2019-04-17 16:18:59.826,11012,11013,11013,1,1
2019-04-17 16:19:00.681,11012,11013,11013,1,1
2019-04-17 16:19:00.851,11012,11013,11013,1,1
2019-04-17 16:19:01.630,11012,11013,11013,1,1
2019-04-17 16:19:01.645,11012,11013,11013,1,1
2019-04-17 16:19:01.716,11012,11013,11013,2,2
2019-04-17 16:19:01.774,11013,11014,11013,1,-1
2019-04-17 16:19:01.774,11013,11014,11013,1,-1
2019-04-17 16:19:02.485,11013,11014,11013,1,-1
2019-04-17 16:19:02.649,11013,11014,11013,1,-1
2019-04-17 16:19:05.674,11012,11013,11013,2,2
2019-04-17 16:19:06.646,11012,11013,11013,1,1
2019-04-17 16:19:12.111,11012,11013,11013,3,3
2019-04-17 16:19:13.383,11012,11013,11013,1,1
2019-04-17 16:19:16.001,11012,11013,11013,1,1
2019-04-17 16:19:17.278,11012,11013,11013,1,1
2019-04-17 16:19:20.189,11012,11013,11013,1,1
2019-04-17 16:19:20.921,11012,11013,11013,5,5
2019-04-17 16:19:21.799,11012,11013,11013,1,1
2019-04-17 16:19:23.389,11012,11013,11013,1,1
2019-04-17 16:19:23.475,11012,11013,11013,3,3
2019-04-17 16:19:23.533,11012,11013,11013,3,3
2019-04-17 16:19:24.749,11012,11013,11013,1,1
2019-04-17 16:19:24.872,11012,11013,11013,2,2
2019-04-17 16:19:25.650,11012,11014,11014,1,1
2019-04-17 16:19:26.213,11013,11014,11013,1,-1
2019-04-17 16:19:27.024,11013,11014,11013,1,-1
2019-04-17 16:19:27.149,11013,11014,11013,3,-3
2019-04-17 16:19:27.338,11013,11014,11013,1,-1
2019-04-17 16:19:27.774,11013,11014,11013,1,-1
2019-04-17 16:19:29.984,11013,11014,11013,2,-2
2019-04-17 16:19:30.538,11012,11013,11013,1,1
2019-04-17 16:19:32.931,11012,11013,11013,1,1
2019-04-17 16:19:33.076,11012,11013,11013,1,1
2019-04-17 16:19:34.501,11012,11013,11013,1,1
2019-04-17 16:19:34.900,11012,11013,11013,3,3
2019-04-17 16:19:36.709,11013,11014,11013,1,-1
2019-04-17 16:19:38.445,11013,11014,11013,1,-1
2019-04-17 16:19:39.503,11013,11014,11014,1,1
2019-04-17 16:19:40.228,11013,11014,11013,12,-12
2019-04-17 16:19:40.370,11012,11013,11013,1,1
2019-04-17 16:19:41.239,11012,11013,11013,1,1
2019-04-17 16:19:42.691,11012,11013,11013,2,2
2019-04-17 16:19:44.385,11012,11013,11013,1,1
2019-04-17 16:19:44.499,11012,11013,11012,2,-2
2019-04-17 16:19:47.312,11012,11013,11013,1,1
2019-04-17 16:19:48.712,11012,11013,11012,10,-10
2019-04-17 16:19:49.064,11012,11013,11012,10,-10
2019-04-17 16:19:49.415,11012,11013,11012,10,-10
2019-04-17 16:19:50.586,11012,11013,11012,5,-5
2019-04-17 16:19:50.874,11012,11013,11012,1,-1
2019-04-17 16:19:50.899,11011,11012,11012,1,1
2019-04-17 16:19:51.257,11012,11013,11012,2,-2
2019-04-17 16:19:51.452,11012,11013,11013,1,1
2019-04-17 16:19:55.950,11012,11013,11013,1,1
2019-04-17 16:19:56.548,11012,11013,11013,4,4
2019-04-17 16:19:57.107,11012,11013,11013,1,1
2019-04-17 16:19:57.712,11012,11013,11013,1,1
2019-04-17 16:19:58.357,11012,11013,11013,1,1
2019-04-17 16:19:58.661,11012,11013,11013,1,1
2019-04-17 16:20:02.149,11012,11013,11013,1,1
2019-04-17 16:20:02.334,11012,11013,11013,1,1
2019-04-17 16:20:02.602,11012,11013,11013,2,2
2019-04-17 16:20:02.602,11012,11013,11014,3,3
2019-04-17 16:20:02.677,11012,11014,11014,1,1
2019-04-17 16:20:06.382,11013,11014,11014,1,1
2019-04-17 16:20:07.816,11013,11014,11013,1,-1
2019-04-17 16:20:09.463,11013,11014,11013,1,-1
2019-04-17 16:20:13.918,11013,11014,11013,1,-1
2019-04-17 16:20:14.226,11013,11014,11013,4,-4
2019-04-17 16:20:14.274,11012,11013,11013,1,1
2019-04-17 16:20:18.483,11013,11014,11013,2,-2
2019-04-17 16:20:20.909,11013,11014,11014,1,1
2019-04-17 16:20:21.360,11013,11014,11013,1,-1
2019-04-17 16:20:21.992,11012,11013,11013,6,6
2019-04-17 16:20:23.886,11013,11014,11013,1,-1
2019-04-17 16:20:25.958,11013,11014,11014,3,3
2019-04-17 16:20:26.839,11013,11014,11013,1,-1
2019-04-17 16:20:27.211,11013,11014,11014,2,2
2019-04-17 16:20:27.556,11013,11014,11013,1,-1
2019-04-17 16:20:28.355,11013,11014,11014,29,29
2019-04-17 16:20:28.399,11014,11015,11014,1,-1
2019-04-17 16:20:29.758,11014,11015,11014,1,-1
2019-04-17 16:20:30.196,11014,11015,11015,1,1
2019-04-17 16:20:30.569,11014,11015,11015,1,1
2019-04-17 16:20:32.326,11014,11015,11014,1,-1
2019-04-17 16:20:33.796,11014,11015,11014,2,-2
2019-04-17 16:20:34.024,11014,11015,11014,1,-1
2019-04-17 16:20:37.464,11014,11015,11014,1,-1
2019-04-17 16:20:37.492,11014,11015,11015,5,5
2019-04-17 16:20:39.343,11014,11015,11014,2,-2
2019-04-17 16:20:42.713,11014,11015,11015,1,1
2019-04-17 16:20:43.667,11014,11015,11015,1,1
2019-04-17 16:20:43.837,11014,11015,11015,1,1
2019-04-17 16:20:44.779,11014,11015,11015,3,3
2019-04-17 16:20:45.154,11014,11015,11014,5,-5
2019-04-17 16:20:46.588,11014,11015,11014,5,-5
2019-04-17 16:20:49.691,11014,11015,11015,1,1
2019-04-17 16:20:50.730,11014,11015,11014,2,-2
2019-04-17 16:20:52.592,11014,11015,11014,1,-1
2019-04-17 16:20:55.881,11014,11015,11014,1,-1
2019-04-17 16:20:56.298,11014,11015,11014,1,-1
2019-04-17 16:20:56.309,11014,11015,11014,4,-4
2019-04-17 16:20:57.010,11013,11014,11014,1,1
2019-04-17 16:21:01.634,11013,11014,11014,1,1
2019-04-17 16:21:01.830,11013,11014,11014,2,2
2019-04-17 16:21:02.091,11013,11014,11014,2,2
2019-04-17 16:21:02.505,11013,11014,11014,2,2
2019-04-17 16:21:02.556,11013,11014,11014,1,1
2019-04-17 16:21:02.773,11013,11014,11014,1,1
2019-04-17 16:21:03.737,11013,11014,11014,2,2
2019-04-17 16:21:08.327,11013,11014,11014,1,1
2019-04-17 16:21:08.730,11013,11014,11014,1,1
2019-04-17 16:21:10.056,11013,11014,11013,1,-1
2019-04-17 16:21:10.433,11013,11014,11014,1,1
2019-04-17 16:21:13.159,11013,11014,11014,1,1
2019-04-17 16:21:13.934,11013,11014,11014,2,2
2019-04-17 16:21:21.347,11013,11014,11014,1,1
2019-04-17 16:21:26.224,11013,11014,11014,5,5
2019-04-17 16:21:41.656,11013,11014,11013,10,-10
2019-04-17 16:21:47.124,11013,11014,11013,2,-2
2019-04-17 16:21:48.287,11013,11014,11013,1,-1
2019-04-17 16:21:48.335,11013,11014,11013,1,-1
2019-04-17 16:21:51.512,11013,11014,11014,1,1
2019-04-17 16:21:53.001,11013,11014,11014,1,1
2019-04-17 16:21:56.872,11013,11014,11014,3,3
2019-04-17 16:21:57.988,11013,11014,11014,3,3
2019-04-17 16:21:58.128,11013,11014,11014,1,1
2019-04-17 16:21:59.300,11013,11014,11014,3,3
2019-04-17 16:22:08.773,11013,11014,11014,1,1
2019-04-17 16:22:10.904,11013,11014,11014,1,1
2019-04-17 16:22:23.435,11013,11014,11014,1,1
2019-04-17 16:22:25.649,11013,11014,11014,1,1
2019-04-17 16:22:29.945,11013,11014,11013,1,-1
2019-04-17 16:22:31.938,11013,11014,11014,1,1
2019-04-17 16:22:34.243,11013,11014,11014,1,1
2019-04-17 16:22:35.397,11013,11014,11013,2,-2
2019-04-17 16:22:43.507,11013,11014,11014,3,3
2019-04-17 16:22:45.510,11013,11014,11013,1,-1
2019-04-17 16:22:46.522,11013,11014,11014,1,1
2019-04-17 16:22:46.657,11013,11014,11013,1,-1
2019-04-17 16:22:49.915,11013,11014,11013,1,-1
2019-04-17 16:22:54.011,11013,11014,11013,5,-5
2019-04-17 16:22:56.435,11013,11014,11014,3,3
2019-04-17 16:22:57.686,11013,11014,11013,1,-1
2019-04-17 16:23:08.812,11013,11014,11013,13,-13
2019-04-17 16:23:12.774,11013,11014,11013,33,-33
2019-04-17 16:23:12.906,11012,11013,11013,1,1
2019-04-17 16:23:13.879,11012,11013,11012,1,-1
2019-04-17 16:23:18.703,11012,11013,11012,1,-1
2019-04-17 16:23:19.648,11012,11013,11012,7,-7
2019-04-17 16:23:23.422,11012,11013,11012,1,-1
2019-04-17 16:23:24.164,11012,11013,11013,1,1
2019-04-17 16:23:24.272,11012,11013,11012,1,-1
2019-04-17 16:23:36.981,11012,11013,11013,5,5
2019-04-17 16:23:42.122,11012,11013,11012,1,-1
2019-04-17 16:23:44.122,11012,11013,11013,1,1
2019-04-17 16:23:51.866,11012,11013,11013,1,1
2019-04-17 16:23:53.276,11012,11013,11013,3,3
2019-04-17 16:23:54.008,11012,11013,11013,3,3
2019-04-17 16:23:55.873,11012,11013,11013,3,3
2019-04-17 16:23:57.816,11012,11013,11013,1,1
2019-04-17 16:23:58.695,11012,11013,11013,3,3
2019-04-17 16:24:05.251,11012,11013,11013,1,1
2019-04-17 16:24:05.474,11012,11013,11013,1,1
2019-04-17 16:24:05.900,11012,11013,11012,3,-3
2019-04-17 16:24:06.750,11012,11013,11013,1,1
2019-04-17 16:24:11.176,11012,11013,11012,1,-1
2019-04-17 16:24:15.270,11012,11013,11013,32,32
2019-04-17 16:24:15.270,11012,11013,11013,1,1
2019-04-17 16:24:21.297,11013,11014,11013,2,-2
2019-04-17 16:24:30.625,11013,11014,11013,4,-4
2019-04-17 16:24:32.464,11013,11014,11013,1,-1
2019-04-17 16:24:40.368,11013,11014,11014,1,1
2019-04-17 16:24:40.997,11013,11014,11013,1,-1
2019-04-17 16:24:41.555,11013,11014,11013,1,-1
2019-04-17 16:24:46.335,11013,11014,11013,4,-4
2019-04-17 16:24:46.827,11013,11014,11013,1,-1
2019-04-17 16:24:49.372,11013,11014,11014,3,3
2019-04-17 16:24:51.513,11013,11014,11014,2,2
2019-04-17 16:24:51.663,11013,11014,11013,1,-1
2019-04-17 16:24:52.947,11013,11014,11014,3,3
2019-04-17 16:24:55.795,11013,11014,11014,3,3
2019-04-17 16:25:05.642,11013,11014,11013,2,-2
2019-04-17 16:25:05.650,11013,11014,11014,1,1
2019-04-17 16:25:07.787,11013,11014,11014,1,1
2019-04-17 16:25:09.283,11013,11014,11014,20,20
2019-04-17 16:25:11.030,11013,11014,11013,20,-20
2019-04-17 16:25:16.080,11013,11014,11013,1,-1
2019-04-17 16:25:16.862,11013,11014,11013,1,-1
2019-04-17 16:25:20.149,11012,11013,11012,1,-1
2019-04-17 16:25:21.677,11012,11013,11012,2,-2
2019-04-17 16:25:22.449,11012,11013,11013,1,1
2019-04-17 16:25:24.877,11012,11013,11013,1,1
2019-04-17 16:25:30.520,11012,11013,11013,1,1
2019-04-17 16:25:32.089,11012,11013,11012,2,-2
2019-04-17 16:25:32.099,11012,11013,11012,3,-3
2019-04-17 16:25:32.112,11012,11013,11012,1,-1
2019-04-17 16:25:33.246,11012,11013,11012,2,-2
2019-04-17 16:25:33.591,11012,11013,11012,2,-2
2019-04-17 16:25:37.276,11012,11013,11012,2,-2
2019-04-17 16:25:37.703,11012,11013,11012,2,-2
2019-04-17 16:25:37.804,11012,11013,11012,2,-2
2019-04-17 16:25:39.620,11012,11013,11012,2,-2
2019-04-17 16:25:40.189,11012,11013,11012,2,-2
2019-04-17 16:25:40.639,11012,11013,11012,2,-2
2019-04-17 16:25:41.158,11012,11013,11012,7,-7
2019-04-17 16:25:41.158,11012,11013,11012,16,-16
2019-04-17 16:25:41.158,11012,11013,11012,5,-5
2019-04-17 16:25:41.158,11012,11013,11011,15,-15
2019-04-17 16:25:41.158,11012,11013,11011,22,-22
2019-04-17 16:25:41.158,11012,11013,11011,35,-35
2019-04-17 16:25:41.275,11011,11012,11011,1,-1
2019-04-17 16:25:41.280,11011,11012,11011,1,-1
2019-04-17 16:25:41.281,11011,11012,11011,1,-1
2019-04-17 16:25:41.341,11011,11012,11011,1,-1
2019-04-17 16:25:41.408,11011,11012,11010,1,-1
2019-04-17 16:25:41.472,11011,11012,11010,1,-1
2019-04-17 16:25:41.538,11010,11011,11010,1,-1
2019-04-17 16:25:42.643,11010,11011,11010,18,-18
2019-04-17 16:25:43.062,11010,11011,11011,1,1
2019-04-17 16:25:47.024,11010,11011,11011,2,2
2019-04-17 16:25:49.173,11010,11011,11010,1,-1
2019-04-17 16:25:51.170,11010,11011,11011,2,2
2019-04-17 16:25:51.602,11010,11011,11010,1,-1
2019-04-17 16:25:54.629,11010,11011,11010,1,-1
2019-04-17 16:25:55.778,11010,11011,11011,3,3
2019-04-17 16:25:56.879,11010,11011,11010,1,-1
2019-04-17 16:26:01.886,11010,11011,11010,1,-1
2019-04-17 16:26:02.149,11010,11011,11011,1,1
2019-04-17 16:26:12.781,11010,11011,11010,2,-2
2019-04-17 16:26:15.872,11010,11011,11010,1,-1
2019-04-17 16:26:18.400,11010,11011,11011,7,7
2019-04-17 16:26:19.003,11011,11012,11011,2,-2
2019-04-17 16:26:19.898,11011,11012,11011,1,-1
2019-04-17 16:26:20.604,11010,11012,11010,1,-1
2019-04-17 16:26:26.251,11010,11012,11010,1,-1
2019-04-17 16:26:31.457,11010,11011,11011,2,2
2019-04-17 16:26:33.533,11010,11011,11011,2,2
2019-04-17 16:26:34.513,11010,11011,11011,1,1
2019-04-17 16:26:36.776,11010,11011,11011,1,1
2019-04-17 16:26:38.462,11010,11011,11011,1,1
2019-04-17 16:26:41.149,11010,11011,11011,4,4
2019-04-17 16:26:44.389,11011,11012,11011,1,-1
2019-04-17 16:26:48.484,11011,11012,11011,1,-1
2019-04-17 16:26:49.968,11011,11012,11011,1,-1
2019-04-17 16:26:49.968,11011,11012,11010,1,-1
2019-04-17 16:26:50.722,11010,11012,11011,1,1
2019-04-17 16:26:58.294,11011,11012,11011,2,-2
2019-04-17 16:27:03.139,11010,11011,11010,1,-1
2019-04-17 16:27:05.641,11010,11011,11011,1,1
2019-04-17 16:27:08.745,11010,11011,11011,4,4
2019-04-17 16:27:08.977,11010,11012,11010,2,-2
2019-04-17 16:27:11.872,11010,11012,11010,1,-1
2019-04-17 16:27:13.135,11010,11012,11010,1,-1
2019-04-17 16:27:30.690,11011,11012,11011,1,1
2019-04-17 16:27:35.192,11011,11012,11011,1,-1
2019-04-17 16:27:40.506,11011,11012,11011,3,-3
2019-04-17 16:27:42.091,11010,11011,11011,6,6
2019-04-17 16:27:43.175,11010,11011,11011,3,3
2019-04-17 16:27:50.030,11010,11011,11011,2,2
2019-04-17 16:27:50.030,11010,11011,11011,1,1
2019-04-17 16:27:50.030,11010,11011,11011,1,1
2019-04-17 16:27:50.031,11010,11011,11011,2,2
2019-04-17 16:27:50.150,11011,11012,11011,1,-1
2019-04-17 16:27:51.575,11011,11012,11011,1,-1
2019-04-17 16:28:00.798,11011,11012,11011,1,-1
2019-04-17 16:28:04.337,11011,11012,11011,1,-1
2019-04-17 16:28:07.482,11011,11012,11011,1,-1
2019-04-17 16:28:08.321,11011,11012,11011,2,-2
2019-04-17 16:28:08.893,11010,11012,11012,1,1
2019-04-17 16:28:12.791,11011,11012,11011,1,-1
2019-04-17 16:28:25.947,11011,11012,11011,2,-2
2019-04-17 16:28:26.583,11011,11012,11011,3,-3
2019-04-17 16:28:26.583,11011,11012,11010,7,-7
2019-04-17 16:28:33.382,11010,11011,11011,1,1
2019-04-17 16:28:40.977,11011,11012,11011,1,-1
2019-04-17 16:28:41.680,11011,11012,11011,1,-1
2019-04-17 16:28:49.269,11011,11012,11011,5,-5
2019-04-17 16:28:49.708,11011,11012,11011,1,-1
2019-04-17 16:29:00.714,11011,11012,11011,1,-1
2019-04-17 16:29:01.799,11011,11012,11011,1,-1
2019-04-17 16:29:05.474,11011,11012,11011,1,-1
2019-04-17 16:29:10.920,11011,11012,11011,2,-2
2019-04-17 16:29:10.920,11011,11012,11010,4,-4
2019-04-17 16:29:38.314,11010,11011,11010,1,-1
2019-04-17 16:29:41.757,11010,11011,11010,1,-1
2019-04-17 16:29:44.986,11010,11011,11011,1,1
2019-04-17 16:29:52.463,11010,11011,11011,1,1
2019-04-17 16:29:58.987,11010,11011,11010,1,-1
2019-04-17 16:30:01.593,11010,11011,11011,1,1
2019-04-17 16:30:01.873,11010,11011,11011,4,4
2019-04-17 16:30:01.945,11010,11011,11011,2,2
2019-04-17 16:30:01.975,11010,11011,11011,4,4
2019-04-17 16:30:01.978,11010,11011,11011,3,3
2019-04-17 16:30:01.978,11010,11011,11012,3,3
2019-04-17 16:30:02.055,11010,11012,11012,2,2
2019-04-17 16:30:02.058,11010,11012,11012,4,4
2019-04-17 16:30:02.059,11010,11012,11012,2,2
2019-04-17 16:30:02.068,11010,11012,11012,1,1
2019-04-17 16:30:02.090,11010,11012,11012,4,4
2019-04-17 16:30:02.091,11010,11012,11012,2,2
2019-04-17 16:30:02.092,11010,11012,11012,2,2
2019-04-17 16:30:02.117,11010,11012,11012,2,2
2019-04-17 16:30:02.150,11011,11012,11012,2,2
2019-04-17 16:30:02.150,11011,11012,11012,1,1
2019-04-17 16:30:02.152,11011,11012,11013,2,2
2019-04-17 16:30:02.153,11011,11012,11013,2,2
2019-04-17 16:30:02.156,11011,11012,11013,1,1
2019-04-17 16:30:02.171,11011,11012,11013,2,2
2019-04-17 16:30:02.220,11011,11012,11013,2,2
2019-04-17 16:30:02.274,11012,11013,11012,1,-1
2019-04-17 16:30:02.295,11012,11013,11013,2,2
2019-04-17 16:30:18.073,11011,11012,11011,3,-3
2019-04-17 16:30:21.451,11011,11012,11012,1,1
2019-04-17 16:30:23.259,11011,11012,11011,1,-1
2019-04-17 16:30:24.756,11011,11012,11011,1,-1
2019-04-17 16:30:31.191,11011,11012,11012,1,1
2019-04-17 16:30:33.207,11011,11012,11012,1,1
2019-04-17 16:30:34.960,11011,11012,11012,2,2
2019-04-17 16:30:35.553,11012,11013,11012,2,-2
2019-04-17 16:30:37.778,11012,11013,11012,1,-1
2019-04-17 16:30:41.883,11011,11012,11011,1,-1
2019-04-17 16:30:47.784,11011,11012,11012,1,1
2019-04-17 16:30:49.221,11012,11013,11012,2,-2
2019-04-17 16:30:49.771,11012,11013,11012,1,-1
2019-04-17 16:30:50.827,11011,11013,11012,1,-1
2019-04-17 16:30:53.388,11011,11012,11012,1,1
2019-04-17 16:30:55.318,11012,11013,11012,1,-1
2019-04-17 16:31:02.287,11012,11013,11012,1,-1
2019-04-17 16:31:03.499,11012,11013,11012,2,-2
2019-04-17 16:31:05.160,11012,11013,11012,1,-1
2019-04-17 16:31:09.704,11011,11012,11012,1,1
2019-04-17 16:31:10.411,11011,11012,11012,1,1
2019-04-17 16:31:42.245,11011,11012,11011,6,-6
2019-04-17 16:31:43.918,11011,11012,11011,1,-1
2019-04-17 16:31:43.999,11011,11012,11012,5,5
2019-04-17 16:32:14.150,11011,11012,11012,1,1
2019-04-17 16:32:15.476,11011,11012,11012,1,1
2019-04-17 16:32:16.835,11011,11012,11012,1,1
2019-04-17 16:32:19.528,11011,11012,11011,3,-3
2019-04-17 16:32:22.937,11011,11012,11012,4,4
2019-04-17 16:32:24.342,11011,11012,11011,1,-1
2019-04-17 16:32:29.199,11011,11012,11011,3,-3
2019-04-17 16:32:54.907,11011,11012,11011,1,-1
2019-04-17 16:32:57.160,11011,11012,11011,1,-1
2019-04-17 16:33:03.526,11011,11012,11011,40,-40
2019-04-17 16:33:27.997,11010,11011,11011,1,1
2019-04-17 16:33:28.442,11010,11011,11011,1,1
2019-04-17 16:33:38.359,11010,11011,11011,1,1
2019-04-17 16:33:39.862,11010,11011,11011,1,1
2019-04-17 16:33:44.635,11010,11012,11011,1,-1
2019-04-17 16:33:44.825,11010,11011,11011,2,2
2019-04-17 16:33:46.040,11010,11011,11011,1,1
2019-04-17 16:33:52.789,11011,11012,11011,1,-1
2019-04-17 16:33:59.053,11011,11012,11011,3,-3
2019-04-17 16:34:00.625,11011,11012,11011,1,-1
2019-04-17 16:34:04.348,11011,11012,11012,1,1
2019-04-17 16:34:08.376,11011,11012,11012,1,1
2019-04-17 16:34:20.054,11011,11012,11011,1,-1
2019-04-17 16:34:30.027,11011,11012,11012,1,1
2019-04-17 16:34:42.595,11011,11012,11011,1,-1
2019-04-17 16:34:54.698,11011,11012,11011,1,-1
2019-04-17 16:35:09.867,11011,11012,11011,1,-1
2019-04-17 16:35:41.251,11011,11012,11012,1,1
2019-04-17 16:35:42.288,11011,11012,11012,4,4
2019-04-17 16:35:49.101,11011,11012,11012,1,1
2019-04-17 16:35:55.142,11011,11012,11012,14,14
2019-04-17 16:35:56.202,11011,11012,11012,2,2
2019-04-17 16:35:56.244,11011,11012,11012,1,1
2019-04-17 16:35:57.675,11011,11012,11012,1,1
2019-04-17 16:36:00.047,11011,11012,11012,1,1
2019-04-17 16:36:00.752,11011,11012,11012,1,1
2019-04-17 16:36:00.842,11011,11012,11012,1,1
2019-04-17 16:36:02.547,11011,11012,11012,1,1
2019-04-17 16:36:03.209,11011,11012,11012,2,2
2019-04-17 16:36:13.102,11011,11012,11011,1,-1
2019-04-17 16:36:15.547,11011,11012,11012,1,1
2019-04-17 16:36:16.687,11011,11012,11012,1,1
2019-04-17 16:36:16.774,11011,11012,11012,1,1
2019-04-17 16:36:24.862,11011,11012,11012,2,2
2019-04-17 16:36:30.806,11011,11012,11012,1,1
2019-04-17 16:36:30.930,11011,11012,11012,1,1
2019-04-17 16:36:34.187,11011,11012,11012,1,1
2019-04-17 16:36:35.957,11011,11012,11012,1,1
2019-04-17 16:36:50.393,11011,11012,11011,2,-2
2019-04-17 16:37:18.364,11011,11012,11012,1,1
2019-04-17 16:37:22.612,11011,11012,11011,1,-1
2019-04-17 16:37:33.259,11011,11012,11012,1,1
2019-04-17 16:37:34.126,11011,11012,11012,1,1
2019-04-17 16:37:36.473,11011,11012,11012,4,4
2019-04-17 16:37:36.524,11011,11012,11012,6,6
2019-04-17 16:37:55.014,11012,11013,11012,1,-1
2019-04-17 16:37:58.115,11012,11013,11013,1,1
2019-04-17 16:37:58.802,11012,11013,11013,1,1
2019-04-17 16:37:59.065,11012,11013,11013,13,13
2019-04-17 16:37:59.129,11012,11013,11014,3,3
2019-04-17 16:37:59.435,11013,11014,11013,1,-1
2019-04-17 16:38:03.683,11013,11014,11014,1,1
2019-04-17 16:38:05.410,11013,11014,11014,1,1
2019-04-17 16:38:05.882,11013,11014,11014,1,1
2019-04-17 16:38:16.727,11013,11014,11014,1,1
2019-04-17 16:38:18.673,11013,11014,11014,1,1
2019-04-17 16:38:18.843,11013,11014,11013,1,-1
2019-04-17 16:38:32.481,11013,11014,11014,1,1
2019-04-17 16:38:34.830,11013,11014,11013,1,-1
2019-04-17 16:38:37.484,11013,11014,11014,1,1
2019-04-17 16:38:43.685,11013,11014,11014,1,1
2019-04-17 16:38:49.331,11013,11014,11014,1,1
2019-04-17 16:38:58.984,11013,11014,11014,1,1
2019-04-17 16:39:07.285,11013,11014,11014,1,1
2019-04-17 16:39:13.263,11013,11014,11014,1,1
2019-04-17 16:39:16.271,11013,11014,11014,1,1
2019-04-17 16:39:19.481,11013,11014,11013,2,-2
2019-04-17 16:39:23.172,11013,11014,11013,3,-3
2019-04-17 16:39:30.326,11013,11014,11014,1,1
2019-04-17 16:39:36.670,11013,11014,11013,3,-3
2019-04-17 16:40:01.501,11013,11014,11014,4,4
2019-04-17 16:40:02.658,11013,11014,11014,1,1
2019-04-17 16:40:07.226,11013,11014,11014,1,1
2019-04-17 16:40:12.163,11013,11014,11014,1,1
2019-04-17 16:40:21.705,11013,11014,11014,1,1
2019-04-17 16:40:22.352,11013,11014,11013,1,-1
2019-04-17 16:40:24.405,11013,11014,11013,10,-10
2019-04-17 16:40:24.651,11013,11014,11013,7,-7
2019-04-17 16:40:27.770,11013,11014,11013,5,-5
2019-04-17 16:40:28.883,11013,11014,11014,1,1
2019-04-17 16:40:30.306,11013,11014,11014,1,1
2019-04-17 16:40:31.330,11013,11014,11014,1,1
2019-04-17 16:40:43.527,11013,11014,11013,10,-10
2019-04-17 16:40:47.298,11013,11014,11013,3,-3
2019-04-17 16:40:48.547,11013,11014,11014,1,1
2019-04-17 16:40:49.448,11013,11014,11013,3,-3
2019-04-17 16:40:50.004,11013,11014,11013,1,-1
2019-04-17 16:40:55.459,11012,11013,11013,1,1
2019-04-17 16:41:11.001,11012,11013,11013,3,3
2019-04-17 16:41:11.571,11012,11014,11012,2,-2
2019-04-17 16:41:12.163,11012,11014,11012,1,-1
2019-04-17 16:41:16.709,11013,11014,11013,1,1
2019-04-17 16:41:18.255,11013,11014,11013,1,-1
2019-04-17 16:41:18.283,11013,11014,11014,1,1
2019-04-17 16:41:27.742,11013,11014,11014,9,9
2019-04-17 16:41:31.842,11013,11014,11014,1,1
2019-04-17 16:41:32.658,11013,11014,11014,1,1
2019-04-17 16:41:33.290,11013,11014,11014,1,1
2019-04-17 16:41:35.806,11013,11014,11014,1,1
2019-04-17 16:41:50.420,11013,11014,11014,2,2
2019-04-17 16:42:00.185,11013,11014,11014,1,1
2019-04-17 16:42:14.794,11013,11014,11014,1,1
2019-04-17 16:42:33.282,11013,11014,11013,5,-5
2019-04-17 16:42:38.421,11013,11014,11014,1,1
2019-04-17 16:42:41.252,11013,11014,11013,1,-1
2019-04-17 16:43:00.845,11013,11014,11013,1,-1
2019-04-17 16:43:03.510,11013,11014,11013,1,-1
2019-04-17 16:43:08.239,11013,11014,11013,1,-1
2019-04-17 16:43:18.703,11013,11014,11013,1,-1
2019-04-17 16:43:19.361,11013,11014,11013,5,-5
2019-04-17 16:43:22.872,11013,11014,11013,2,-2
2019-04-17 16:43:25.949,11013,11014,11013,2,-2
2019-04-17 16:43:31.739,11013,11014,11014,1,1
2019-04-17 16:43:39.283,11013,11014,11013,1,-1
2019-04-17 16:44:09.321,11013,11014,11013,1,-1
2019-04-17 16:44:23.907,11013,11014,11013,1,-1
2019-04-17 16:44:32.732,11013,11014,11013,2,-2
2019-04-17 16:45:17.469,11013,11014,11013,1,-1
2019-04-17 16:45:26.859,11013,11014,11013,1,-1
2019-04-17 16:45:30.440,11013,11014,11013,1,-1
2019-04-17 16:45:45.426,11013,11014,11013,1,-1
2019-04-17 16:45:46.511,11013,11014,11013,3,-3
2019-04-17 16:45:48.237,11013,11014,11013,1,-1
2019-04-17 16:45:59.537,11013,11014,11013,1,-1
2019-04-17 16:46:12.414,11013,11014,11013,10,-10
2019-04-17 16:46:13.899,11013,11014,11013,1,-1
2019-04-17 16:46:14.211,11013,11014,11013,1,-1
2019-04-17 16:46:17.831,11013,11014,11013,3,-3
2019-04-17 16:46:28.123,11013,11014,11013,1,-1
2019-04-17 16:46:31.699,11013,11014,11013,1,-1
2019-04-17 16:46:34.593,11013,11014,11014,1,1
2019-04-17 16:46:34.913,11013,11014,11014,1,1
2019-04-17 16:46:36.708,11013,11014,11014,1,1
2019-04-17 16:46:41.684,11013,11014,11013,1,-1
2019-04-17 16:46:42.982,11013,11014,11013,1,-1
2019-04-17 16:46:43.540,11013,11014,11014,2,2
2019-04-17 16:46:46.347,11013,11014,11014,1,1
2019-04-17 16:46:48.188,11013,11014,11013,1,-1
2019-04-17 16:46:57.808,11013,11014,11013,1,-1
2019-04-17 16:47:12.224,11013,11014,11013,5,-5
2019-04-17 16:47:16.962,11013,11014,11014,1,1
2019-04-17 16:47:41.740,11013,11014,11013,1,-1
2019-04-17 16:47:46.729,11013,11014,11013,10,-10
2019-04-17 16:47:51.924,11013,11014,11013,1,-1
2019-04-17 16:47:59.663,11013,11014,11013,1,-1
2019-04-17 16:48:07.295,11013,11014,11014,1,1
2019-04-17 16:48:14.317,11013,11014,11013,1,-1
2019-04-17 16:48:23.948,11013,11014,11014,2,2
2019-04-17 16:48:30.961,11013,11014,11014,1,1
2019-04-17 16:48:33.139,11013,11014,11014,1,1
2019-04-17 16:48:37.782,11013,11014,11014,3,3
2019-04-17 16:48:37.912,11013,11014,11013,1,-1
2019-04-17 16:48:49.711,11013,11014,11013,1,-1
2019-04-17 16:49:05.353,11013,11014,11014,1,1
2019-04-17 16:49:37.541,11013,11014,11014,1,1
2019-04-17 16:49:52.536,11013,11014,11014,1,1
2019-04-17 16:49:53.029,11013,11014,11014,1,1
2019-04-17 16:50:02.880,11013,11014,11014,1,1
2019-04-17 16:50:11.833,11013,11014,11014,1,1
