2020-12-01 15:00:00,13861,13861,13861,124
2020-12-01 15:00:00,13862,13862,13862,2
2020-12-01 15:00:00,13862,13862,13862,2
2020-12-01 15:00:00,13863,13863,13863,14
2020-12-01 15:00:00,13864,13864,13864,2
2020-12-01 15:00:00,13865,13865,13865,2
2020-12-01 15:00:00,13866,13866,13866,4
2020-12-01 15:00:00,13865,13865,13865,2
2020-12-01 15:00:00,13865,13865,13865,6
2020-12-01 15:00:00,13863,13863,13863,2
2020-12-01 15:00:00,13865,13865,13865,4
2020-12-01 15:00:00,13865,13865,13865,2
2020-12-01 15:00:00,13865,13865,13865,2
2020-12-01 15:00:00,13866,13866,13866,2
2020-12-01 15:00:00,13866,13866,13866,2
2020-12-01 15:00:00,13866,13866,13866,2
2020-12-01 15:00:00,13866,13866,13866,2
2020-12-01 15:00:00,13866,13866,13866,2
2020-12-01 15:00:00,13866,13866,13866,4
2020-12-01 15:00:01,13866,13866,13866,2
2020-12-01 15:00:01,13865,13865,13865,2
2020-12-01 15:00:01,13864,13864,13864,6
2020-12-01 15:00:01,13865,13865,13865,2
2020-12-01 15:00:01,13866,13866,13866,2
2020-12-01 15:00:01,13865,13865,13865,2
2020-12-01 15:00:01,13864,13864,13864,2
2020-12-01 15:00:02,13865,13865,13865,4
2020-12-01 15:00:02,13866,13866,13866,8
2020-12-01 15:00:02,13865,13865,13865,2
2020-12-01 15:00:02,13864,13864,13864,2
2020-12-01 15:00:02,13865,13865,13865,2
2020-12-01 15:00:02,13866,13866,13866,8
2020-12-01 15:00:03,13865,13865,13865,2
2020-12-01 15:00:03,13866,13866,13866,4
2020-12-01 15:00:03,13866,13866,13866,4
2020-12-01 15:00:04,13866,13866,13866,2
2020-12-01 15:00:04,13864,13864,13864,2
2020-12-01 15:00:05,13866,13866,13866,2
2020-12-01 15:00:05,13867,13867,13867,12
2020-12-01 15:00:05,13866,13866,13866,4
2020-12-01 15:00:05,13867,13867,13867,8
2020-12-01 15:00:05,13867,13867,13867,6
2020-12-01 15:00:06,13866,13866,13866,4
2020-12-01 15:00:06,13866,13866,13866,2
2020-12-01 15:00:06,13866,13866,13866,2
2020-12-01 15:00:06,13865,13865,13865,2
2020-12-01 15:00:07,13866,13866,13866,8
2020-12-01 15:00:07,13866,13866,13866,2
2020-12-01 15:00:07,13866,13866,13866,10
2020-12-01 15:00:08,13868,13868,13868,2
2020-12-01 15:00:09,13868,13868,13868,4
2020-12-01 15:00:09,13867,13867,13867,2
2020-12-01 15:00:09,13866,13866,13866,2
2020-12-01 15:00:09,13867,13867,13867,2
2020-12-01 15:00:10,13867,13867,13867,2
2020-12-01 15:00:10,13866,13866,13866,2
2020-12-01 15:00:11,13867,13867,13867,4
2020-12-01 15:00:11,13867,13867,13867,2
2020-12-01 15:00:11,13867,13867,13867,2
2020-12-01 15:00:11,13866,13866,13866,2
2020-12-01 15:00:12,13866,13866,13866,2
2020-12-01 15:00:12,13866,13866,13866,2
2020-12-01 15:00:12,13866,13866,13866,2
2020-12-01 15:00:12,13866,13866,13866,2
2020-12-01 15:00:12,13866,13866,13866,2
2020-12-01 15:00:15,13867,13867,13867,4
2020-12-01 15:00:15,13867,13867,13867,2
2020-12-01 15:00:16,13868,13868,13868,18
2020-12-01 15:00:16,13868,13868,13868,2
2020-12-01 15:00:17,13868,13868,13868,4
2020-12-01 15:00:17,13868,13868,13868,2
2020-12-01 15:00:18,13869,13869,13869,2
2020-12-01 15:00:18,13868,13868,13868,2
2020-12-01 15:00:19,13868,13868,13868,4
2020-12-01 15:00:20,13867,13867,13867,2
2020-12-01 15:00:20,13867,13867,13867,2
2020-12-01 15:00:22,13868,13868,13868,2
2020-12-01 15:00:22,13868,13868,13868,10
2020-12-01 15:00:22,13867,13867,13867,2
2020-12-01 15:00:22,13867,13867,13867,4
2020-12-01 15:00:22,13867,13867,13867,2
2020-12-01 15:00:23,13867,13867,13867,2
2020-12-01 15:00:24,13867,13867,13867,2
2020-12-01 15:00:24,13868,13868,13868,2
2020-12-01 15:00:28,13867,13867,13867,2
2020-12-01 15:00:28,13868,13868,13868,50
2020-12-01 15:00:28,13868,13868,13868,2
2020-12-01 15:00:28,13868,13868,13868,2
2020-12-01 15:00:29,13868,13868,13868,2
2020-12-01 15:00:30,13868,13868,13868,2
2020-12-01 15:00:31,13869,13869,13869,2
2020-12-01 15:00:31,13869,13869,13869,4
2020-12-01 15:00:31,13869,13869,13869,12
2020-12-01 15:00:32,13868,13868,13868,2
2020-12-01 15:00:32,13868,13868,13868,4
2020-12-01 15:00:35,13868,13868,13868,2
2020-12-01 15:00:37,13869,13869,13869,6
2020-12-01 15:00:37,13869,13869,13869,2
2020-12-01 15:00:37,13868,13868,13868,2
2020-12-01 15:00:37,13868,13868,13868,2
2020-12-01 15:00:38,13869,13869,13869,2
2020-12-01 15:00:38,13869,13869,13869,2
2020-12-01 15:00:41,13869,13869,13869,2
2020-12-01 15:00:41,13869,13869,13869,6
2020-12-01 15:00:41,13868,13868,13868,2
2020-12-01 15:00:42,13868,13868,13868,2
2020-12-01 15:00:43,13870,13870,13870,2
2020-12-01 15:00:44,13870,13870,13870,6
2020-12-01 15:00:44,13871,13871,13871,4
2020-12-01 15:00:44,13871,13871,13871,12
2020-12-01 15:00:44,13871,13871,13871,2
2020-12-01 15:00:44,13870,13870,13870,2
2020-12-01 15:00:46,13872,13872,13872,2
2020-12-01 15:00:47,13872,13872,13872,2
2020-12-01 15:00:47,13872,13872,13872,10
2020-12-01 15:00:49,13871,13871,13871,2
2020-12-01 15:00:49,13872,13872,13872,2
2020-12-01 15:00:50,13872,13872,13872,2
2020-12-01 15:00:50,13871,13871,13871,2
2020-12-01 15:00:51,13872,13872,13872,2
2020-12-01 15:00:52,13872,13872,13872,2
2020-12-01 15:00:52,13872,13872,13872,2
2020-12-01 15:00:52,13872,13872,13872,2
2020-12-01 15:00:53,13871,13871,13871,2
2020-12-01 15:00:53,13871,13871,13871,2
2020-12-01 15:00:55,13872,13872,13872,2
2020-12-01 15:00:55,13872,13872,13872,2
2020-12-01 15:00:55,13872,13872,13872,2
2020-12-01 15:00:55,13872,13872,13872,8
2020-12-01 15:00:55,13871,13871,13871,6
2020-12-01 15:00:55,13871,13871,13871,2
2020-12-01 15:00:55,13871,13871,13871,8
2020-12-01 15:00:55,13871,13871,13871,2
2020-12-01 15:00:55,13871,13871,13871,14
2020-12-01 15:00:56,13871,13871,13871,2
2020-12-01 15:00:57,13871,13871,13871,2
2020-12-01 15:00:58,13871,13871,13871,2
2020-12-01 15:00:59,13872,13872,13872,2
2020-12-01 15:00:59,13872,13872,13872,2
2020-12-01 15:00:59,13873,13873,13873,2
2020-12-01 15:01:00,13873,13873,13873,2
2020-12-01 15:01:00,13872,13872,13872,2
2020-12-01 15:01:00,13873,13873,13873,2
2020-12-01 15:01:00,13873,13873,13873,2
2020-12-01 15:01:00,13873,13873,13873,8
2020-12-01 15:01:00,13874,13874,13874,2
2020-12-01 15:01:01,13874,13874,13874,2
2020-12-01 15:01:01,13874,13874,13874,2
2020-12-01 15:01:01,13874,13874,13874,4
2020-12-01 15:01:01,13874,13874,13874,2
2020-12-01 15:01:01,13874,13874,13874,2
2020-12-01 15:01:01,13872,13872,13872,2
2020-12-01 15:01:02,13872,13872,13872,2
2020-12-01 15:01:02,13872,13872,13872,2
2020-12-01 15:01:03,13871,13871,13871,2
2020-12-01 15:01:04,13873,13873,13873,2
2020-12-01 15:01:04,13873,13873,13873,4
2020-12-01 15:01:06,13872,13872,13872,2
2020-12-01 15:01:07,13873,13873,13873,6
2020-12-01 15:01:07,13872,13872,13872,2
2020-12-01 15:01:07,13872,13872,13872,2
2020-12-01 15:01:07,13872,13872,13872,2
2020-12-01 15:01:07,13872,13872,13872,2
2020-12-01 15:01:10,13873,13873,13873,2
2020-12-01 15:01:12,13873,13873,13873,2
2020-12-01 15:01:20,13873,13873,13873,2
2020-12-01 15:01:21,13873,13873,13873,2
2020-12-01 15:01:27,13872,13872,13872,2
2020-12-01 15:01:28,13872,13872,13872,2
2020-12-01 15:01:30,13872,13872,13872,2
2020-12-01 15:01:30,13872,13872,13872,2
2020-12-01 15:01:32,13872,13872,13872,2
2020-12-01 15:01:32,13872,13872,13872,2
2020-12-01 15:01:33,13871,13871,13871,2
2020-12-01 15:01:34,13871,13871,13871,2
2020-12-01 15:01:35,13871,13871,13871,2
2020-12-01 15:01:35,13871,13871,13871,2
2020-12-01 15:01:35,13871,13871,13871,2
2020-12-01 15:01:37,13872,13872,13872,2
2020-12-01 15:01:37,13871,13871,13871,2
2020-12-01 15:01:38,13871,13871,13871,2
2020-12-01 15:01:39,13871,13871,13871,2
2020-12-01 15:01:40,13871,13871,13871,2
2020-12-01 15:01:45,13871,13871,13871,2
2020-12-01 15:01:45,13870,13870,13870,2
2020-12-01 15:01:50,13871,13871,13871,2
2020-12-01 15:01:50,13871,13871,13871,2
2020-12-01 15:01:50,13870,13870,13870,4
2020-12-01 15:01:50,13870,13870,13870,2
2020-12-01 15:01:51,13871,13871,13871,4
2020-12-01 15:01:51,13871,13871,13871,2
2020-12-01 15:01:53,13871,13871,13871,2
2020-12-01 15:01:54,13871,13871,13871,2
2020-12-01 15:01:57,13871,13871,13871,2
2020-12-01 15:01:59,13871,13871,13871,2
2020-12-01 15:01:59,13871,13871,13871,2
2020-12-01 15:02:00,13872,13872,13872,2
2020-12-01 15:02:00,13872,13872,13872,2
2020-12-01 15:02:00,13872,13872,13872,2
2020-12-01 15:02:00,13871,13871,13871,2
2020-12-01 15:02:02,13871,13871,13871,2
2020-12-01 15:02:02,13872,13872,13872,2
2020-12-01 15:02:02,13872,13872,13872,8
2020-12-01 15:02:02,13872,13872,13872,2
2020-12-01 15:02:02,13872,13872,13872,4
2020-12-01 15:02:02,13872,13872,13872,6
2020-12-01 15:02:02,13873,13873,13873,2
2020-12-01 15:02:02,13872,13872,13872,8
2020-12-01 15:02:03,13872,13872,13872,2
2020-12-01 15:02:05,13872,13872,13872,2
2020-12-01 15:02:09,13872,13872,13872,2
2020-12-01 15:02:09,13872,13872,13872,2
2020-12-01 15:02:12,13871,13871,13871,2
2020-12-01 15:02:14,13872,13872,13872,2
2020-12-01 15:02:15,13871,13871,13871,2
2020-12-01 15:02:15,13871,13871,13871,2
2020-12-01 15:02:15,13871,13871,13871,2
2020-12-01 15:02:16,13872,13872,13872,4
2020-12-01 15:02:16,13872,13872,13872,2
2020-12-01 15:02:20,13872,13872,13872,2
2020-12-01 15:02:21,13872,13872,13872,2
2020-12-01 15:02:22,13872,13872,13872,2
2020-12-01 15:02:23,13872,13872,13872,4
2020-12-01 15:02:27,13872,13872,13872,4
2020-12-01 15:02:31,13871,13871,13871,2
2020-12-01 15:02:31,13871,13871,13871,6
2020-12-01 15:02:43,13872,13872,13872,2
2020-12-01 15:02:43,13872,13872,13872,12
2020-12-01 15:02:44,13872,13872,13872,2
2020-12-01 15:02:46,13872,13872,13872,2
2020-12-01 15:02:48,13872,13872,13872,2
2020-12-01 15:02:51,13872,13872,13872,2
2020-12-01 15:02:58,13871,13871,13871,2
2020-12-01 15:02:58,13871,13871,13871,2
2020-12-01 15:02:58,13871,13871,13871,2
2020-12-01 15:03:01,13871,13871,13871,2
2020-12-01 15:03:01,13871,13871,13871,2
2020-12-01 15:03:01,13871,13871,13871,2
2020-12-01 15:03:01,13871,13871,13871,2
2020-12-01 15:03:01,13871,13871,13871,2
2020-12-01 15:03:01,13871,13871,13871,2
2020-12-01 15:03:01,13871,13871,13871,8
2020-12-01 15:03:06,13871,13871,13871,2
2020-12-01 15:03:11,13871,13871,13871,2
2020-12-01 15:03:11,13871,13871,13871,8
2020-12-01 15:03:11,13871,13871,13871,12
2020-12-01 15:03:11,13871,13871,13871,4
2020-12-01 15:03:11,13871,13871,13871,2
2020-12-01 15:03:11,13871,13871,13871,4
2020-12-01 15:03:11,13871,13871,13871,2
2020-12-01 15:03:11,13871,13871,13871,10
2020-12-01 15:03:13,13871,13871,13871,6
2020-12-01 15:03:14,13871,13871,13871,2
2020-12-01 15:03:20,13870,13870,13870,2
2020-12-01 15:03:20,13870,13870,13870,8
2020-12-01 15:03:20,13870,13870,13870,2
2020-12-01 15:03:20,13870,13870,13870,2
2020-12-01 15:03:20,13870,13870,13870,2
2020-12-01 15:03:20,13870,13870,13870,4
2020-12-01 15:03:20,13870,13870,13870,2
2020-12-01 15:03:20,13869,13869,13869,2
2020-12-01 15:03:20,13868,13868,13868,2
2020-12-01 15:03:32,13869,13869,13869,2
2020-12-01 15:03:33,13868,13868,13868,2
2020-12-01 15:03:33,13869,13869,13869,2
2020-12-01 15:03:38,13870,13870,13870,2
2020-12-01 15:03:39,13870,13870,13870,2
2020-12-01 15:03:40,13870,13870,13870,6
2020-12-01 15:03:40,13870,13870,13870,4
2020-12-01 15:03:40,13870,13870,13870,2
2020-12-01 15:03:40,13869,13869,13869,2
2020-12-01 15:03:44,13869,13869,13869,8
2020-12-01 15:03:46,13870,13870,13870,2
2020-12-01 15:03:47,13869,13869,13869,2
2020-12-01 15:03:48,13870,13870,13870,2
2020-12-01 15:03:51,13870,13870,13870,6
2020-12-01 15:03:52,13870,13870,13870,2
2020-12-01 15:03:52,13870,13870,13870,2
2020-12-01 15:03:52,13869,13869,13869,2
2020-12-01 15:03:52,13869,13869,13869,2
2020-12-01 15:03:52,13869,13869,13869,2
2020-12-01 15:03:57,13870,13870,13870,2
2020-12-01 15:03:57,13869,13869,13869,2
2020-12-01 15:03:57,13869,13869,13869,4
2020-12-01 15:03:57,13869,13869,13869,2
2020-12-01 15:04:07,13869,13869,13869,4
2020-12-01 15:04:07,13869,13869,13869,2
2020-12-01 15:04:07,13869,13869,13869,2
2020-12-01 15:04:07,13869,13869,13869,2
2020-12-01 15:04:08,13869,13869,13869,2
2020-12-01 15:04:08,13869,13869,13869,2
2020-12-01 15:04:08,13868,13868,13868,2
2020-12-01 15:04:11,13870,13870,13870,2
2020-12-01 15:04:11,13869,13869,13869,2
2020-12-01 15:04:11,13869,13869,13869,2
2020-12-01 15:04:11,13869,13869,13869,2
2020-12-01 15:04:12,13869,13869,13869,2
2020-12-01 15:04:12,13869,13869,13869,2
2020-12-01 15:04:12,13869,13869,13869,2
2020-12-01 15:04:13,13869,13869,13869,4
2020-12-01 15:04:14,13869,13869,13869,2
2020-12-01 15:04:14,13870,13870,13870,6
2020-12-01 15:04:15,13869,13869,13869,2
2020-12-01 15:04:17,13868,13868,13868,2
2020-12-01 15:04:18,13868,13868,13868,6
2020-12-01 15:04:18,13868,13868,13868,2
2020-12-01 15:04:20,13868,13868,13868,2
2020-12-01 15:04:20,13868,13868,13868,2
2020-12-01 15:04:20,13868,13868,13868,2
2020-12-01 15:04:20,13868,13868,13868,2
2020-12-01 15:04:20,13868,13868,13868,2
2020-12-01 15:04:20,13868,13868,13868,2
2020-12-01 15:04:20,13868,13868,13868,2
2020-12-01 15:04:20,13868,13868,13868,2
2020-12-01 15:04:20,13868,13868,13868,2
2020-12-01 15:04:20,13868,13868,13868,2
2020-12-01 15:04:21,13867,13867,13867,2
2020-12-01 15:04:21,13867,13867,13867,2
2020-12-01 15:04:21,13867,13867,13867,2
2020-12-01 15:04:21,13867,13867,13867,2
2020-12-01 15:04:24,13868,13868,13868,2
2020-12-01 15:04:25,13867,13867,13867,2
2020-12-01 15:04:25,13867,13867,13867,2
2020-12-01 15:04:26,13867,13867,13867,2
2020-12-01 15:04:26,13867,13867,13867,2
2020-12-01 15:04:26,13867,13867,13867,2
2020-12-01 15:04:26,13867,13867,13867,2
2020-12-01 15:04:27,13868,13868,13868,2
2020-12-01 15:04:28,13868,13868,13868,2
2020-12-01 15:04:37,13869,13869,13869,2
2020-12-01 15:04:37,13868,13868,13868,2
2020-12-01 15:04:40,13869,13869,13869,2
2020-12-01 15:04:48,13869,13869,13869,24
2020-12-01 15:04:49,13869,13869,13869,4
2020-12-01 15:04:56,13870,13870,13870,2
2020-12-01 15:04:59,13870,13870,13870,62
2020-12-01 15:04:59,13871,13871,13871,8
2020-12-01 15:05:05,13871,13871,13871,2
2020-12-01 15:05:10,13872,13872,13872,6
2020-12-01 15:05:11,13871,13871,13871,2
2020-12-01 15:05:11,13873,13873,13873,4
2020-12-01 15:05:11,13873,13873,13873,2
2020-12-01 15:05:12,13873,13873,13873,2
2020-12-01 15:05:12,13873,13873,13873,2
2020-12-01 15:05:12,13871,13871,13871,2
2020-12-01 15:05:13,13872,13872,13872,2
2020-12-01 15:05:20,13873,13873,13873,2
2020-12-01 15:05:23,13873,13873,13873,2
2020-12-01 15:05:23,13873,13873,13873,2
2020-12-01 15:05:24,13874,13874,13874,2
2020-12-01 15:05:24,13872,13872,13872,8
2020-12-01 15:05:24,13872,13872,13872,2
2020-12-01 15:05:24,13872,13872,13872,2
2020-12-01 15:05:24,13872,13872,13872,4
2020-12-01 15:05:24,13872,13872,13872,4
2020-12-01 15:05:28,13871,13871,13871,2
2020-12-01 15:05:30,13872,13872,13872,2
2020-12-01 15:05:33,13872,13872,13872,2
2020-12-01 15:05:33,13872,13872,13872,8
2020-12-01 15:05:37,13872,13872,13872,8
2020-12-01 15:05:37,13872,13872,13872,2
2020-12-01 15:05:39,13873,13873,13873,2
2020-12-01 15:05:44,13873,13873,13873,2
2020-12-01 15:05:48,13873,13873,13873,4
2020-12-01 15:05:52,13873,13873,13873,8
2020-12-01 15:05:52,13873,13873,13873,2
2020-12-01 15:05:52,13873,13873,13873,2
2020-12-01 15:05:52,13874,13874,13874,8
2020-12-01 15:05:53,13874,13874,13874,2
2020-12-01 15:05:53,13875,13875,13875,6
2020-12-01 15:05:54,13875,13875,13875,8
2020-12-01 15:05:54,13874,13874,13874,2
2020-12-01 15:05:56,13875,13875,13875,2
2020-12-01 15:05:57,13874,13874,13874,4
2020-12-01 15:05:58,13874,13874,13874,2
2020-12-01 15:05:58,13874,13874,13874,2
2020-12-01 15:05:58,13873,13873,13873,8
2020-12-01 15:06:00,13873,13873,13873,2
2020-12-01 15:06:00,13873,13873,13873,2
2020-12-01 15:06:00,13873,13873,13873,2
2020-12-01 15:06:00,13873,13873,13873,6
2020-12-01 15:06:00,13872,13872,13872,2
2020-12-01 15:06:00,13872,13872,13872,2
2020-12-01 15:06:00,13872,13872,13872,4
2020-12-01 15:06:00,13872,13872,13872,2
2020-12-01 15:06:00,13872,13872,13872,2
2020-12-01 15:06:00,13872,13872,13872,2
2020-12-01 15:06:00,13872,13872,13872,2
2020-12-01 15:06:00,13872,13872,13872,2
2020-12-01 15:06:00,13871,13871,13871,2
2020-12-01 15:06:00,13873,13873,13873,2
2020-12-01 15:06:00,13871,13871,13871,2
2020-12-01 15:06:01,13873,13873,13873,2
2020-12-01 15:06:05,13874,13874,13874,2
2020-12-01 15:06:06,13874,13874,13874,2
2020-12-01 15:06:09,13873,13873,13873,2
2020-12-01 15:06:09,13873,13873,13873,2
2020-12-01 15:06:09,13873,13873,13873,2
2020-12-01 15:06:22,13871,13871,13871,2
2020-12-01 15:06:23,13871,13871,13871,2
2020-12-01 15:06:23,13871,13871,13871,2
2020-12-01 15:06:23,13871,13871,13871,2
2020-12-01 15:06:23,13871,13871,13871,2
2020-12-01 15:06:24,13871,13871,13871,2
2020-12-01 15:06:26,13872,13872,13872,2
2020-12-01 15:06:30,13872,13872,13872,4
2020-12-01 15:06:36,13873,13873,13873,2
2020-12-01 15:06:37,13873,13873,13873,20
2020-12-01 15:06:37,13872,13872,13872,6
2020-12-01 15:06:38,13872,13872,13872,2
2020-12-01 15:06:43,13872,13872,13872,2
2020-12-01 15:06:50,13872,13872,13872,2
2020-12-01 15:06:53,13873,13873,13873,2
2020-12-01 15:06:58,13872,13872,13872,2
2020-12-01 15:06:59,13873,13873,13873,2
2020-12-01 15:07:01,13872,13872,13872,2
2020-12-01 15:07:02,13872,13872,13872,2
2020-12-01 15:07:02,13872,13872,13872,2
2020-12-01 15:07:02,13872,13872,13872,2
2020-12-01 15:07:02,13872,13872,13872,2
2020-12-01 15:07:11,13872,13872,13872,2
2020-12-01 15:07:23,13871,13871,13871,2
2020-12-01 15:07:23,13871,13871,13871,6
2020-12-01 15:07:23,13871,13871,13871,16
2020-12-01 15:07:23,13871,13871,13871,2
2020-12-01 15:07:23,13871,13871,13871,2
2020-12-01 15:07:23,13870,13870,13870,2
2020-12-01 15:07:26,13871,13871,13871,2
2020-12-01 15:07:30,13870,13870,13870,2
2020-12-01 15:07:37,13870,13870,13870,2
2020-12-01 15:07:37,13870,13870,13870,2
2020-12-01 15:07:37,13870,13870,13870,2
2020-12-01 15:07:37,13870,13870,13870,2
2020-12-01 15:07:37,13870,13870,13870,6
2020-12-01 15:07:37,13870,13870,13870,14
2020-12-01 15:07:37,13870,13870,13870,2
2020-12-01 15:07:37,13869,13869,13869,2
2020-12-01 15:07:38,13869,13869,13869,2
2020-12-01 15:07:38,13869,13869,13869,2
2020-12-01 15:07:41,13869,13869,13869,2
2020-12-01 15:07:41,13869,13869,13869,2
2020-12-01 15:07:41,13869,13869,13869,4
2020-12-01 15:07:41,13869,13869,13869,2
2020-12-01 15:07:43,13868,13868,13868,2
2020-12-01 15:07:43,13868,13868,13868,2
2020-12-01 15:07:43,13868,13868,13868,2
2020-12-01 15:07:43,13868,13868,13868,2
2020-12-01 15:07:45,13868,13868,13868,2
2020-12-01 15:07:45,13868,13868,13868,2
2020-12-01 15:07:45,13868,13868,13868,2
2020-12-01 15:07:45,13868,13868,13868,2
2020-12-01 15:07:47,13868,13868,13868,8
2020-12-01 15:07:47,13868,13868,13868,2
2020-12-01 15:07:48,13868,13868,13868,2
2020-12-01 15:07:49,13867,13867,13867,2
2020-12-01 15:07:49,13867,13867,13867,2
2020-12-01 15:07:49,13867,13867,13867,2
2020-12-01 15:07:50,13868,13868,13868,8
2020-12-01 15:07:54,13868,13868,13868,4
2020-12-01 15:07:56,13868,13868,13868,2
2020-12-01 15:08:00,13868,13868,13868,4
2020-12-01 15:08:01,13867,13867,13867,4
2020-12-01 15:08:04,13868,13868,13868,2
2020-12-01 15:08:06,13867,13867,13867,2
2020-12-01 15:08:09,13867,13867,13867,4
2020-12-01 15:08:12,13868,13868,13868,2
2020-12-01 15:08:26,13868,13868,13868,2
2020-12-01 15:08:26,13867,13867,13867,2
2020-12-01 15:08:28,13868,13868,13868,2
2020-12-01 15:08:34,13868,13868,13868,2
2020-12-01 15:08:41,13867,13867,13867,2
2020-12-01 15:08:41,13867,13867,13867,2
2020-12-01 15:08:41,13867,13867,13867,2
2020-12-01 15:08:45,13867,13867,13867,2
2020-12-01 15:08:58,13868,13868,13868,4
2020-12-01 15:09:02,13868,13868,13868,2
2020-12-01 15:09:03,13867,13867,13867,2
2020-12-01 15:09:04,13867,13867,13867,2
2020-12-01 15:09:06,13868,13868,13868,4
2020-12-01 15:09:13,13868,13868,13868,2
2020-12-01 15:09:14,13867,13867,13867,2
2020-12-01 15:09:14,13867,13867,13867,2
2020-12-01 15:09:14,13867,13867,13867,2
2020-12-01 15:09:14,13867,13867,13867,2
2020-12-01 15:09:14,13867,13867,13867,2
2020-12-01 15:09:14,13867,13867,13867,10
2020-12-01 15:09:14,13867,13867,13867,2
2020-12-01 15:09:14,13867,13867,13867,2
2020-12-01 15:09:14,13867,13867,13867,2
2020-12-01 15:09:14,13867,13867,13867,4
2020-12-01 15:09:16,13866,13866,13866,2
2020-12-01 15:09:16,13866,13866,13866,4
2020-12-01 15:09:16,13866,13866,13866,2
2020-12-01 15:09:16,13866,13866,13866,2
2020-12-01 15:09:16,13866,13866,13866,6
2020-12-01 15:09:16,13866,13866,13866,2
2020-12-01 15:09:16,13866,13866,13866,2
2020-12-01 15:09:16,13866,13866,13866,40
2020-12-01 15:09:16,13866,13866,13866,2
2020-12-01 15:09:16,13866,13866,13866,2
2020-12-01 15:09:16,13866,13866,13866,2
2020-12-01 15:09:16,13866,13866,13866,2
2020-12-01 15:09:16,13866,13866,13866,2
2020-12-01 15:09:16,13866,13866,13866,2
2020-12-01 15:09:16,13865,13865,13865,2
2020-12-01 15:09:16,13865,13865,13865,2
2020-12-01 15:09:16,13865,13865,13865,2
2020-12-01 15:09:16,13865,13865,13865,2
2020-12-01 15:09:16,13865,13865,13865,2
2020-12-01 15:09:16,13865,13865,13865,2
2020-12-01 15:09:16,13865,13865,13865,2
2020-12-01 15:09:16,13865,13865,13865,2
2020-12-01 15:09:16,13865,13865,13865,2
2020-12-01 15:09:16,13865,13865,13865,2
2020-12-01 15:09:16,13865,13865,13865,2
2020-12-01 15:09:16,13865,13865,13865,2
2020-12-01 15:09:16,13865,13865,13865,2
2020-12-01 15:09:16,13865,13865,13865,2
2020-12-01 15:09:16,13865,13865,13865,2
2020-12-01 15:09:16,13864,13864,13864,2
2020-12-01 15:09:16,13864,13864,13864,2
2020-12-01 15:09:16,13864,13864,13864,2
2020-12-01 15:09:22,13864,13864,13864,2
2020-12-01 15:09:22,13864,13864,13864,2
2020-12-01 15:09:22,13864,13864,13864,6
2020-12-01 15:09:22,13864,13864,13864,4
2020-12-01 15:09:22,13864,13864,13864,2
2020-12-01 15:09:22,13863,13863,13863,2
2020-12-01 15:09:23,13863,13863,13863,2
2020-12-01 15:09:23,13863,13863,13863,2
2020-12-01 15:09:23,13863,13863,13863,4
2020-12-01 15:09:23,13863,13863,13863,20
2020-12-01 15:09:23,13863,13863,13863,2
2020-12-01 15:09:23,13863,13863,13863,8
2020-12-01 15:09:24,13863,13863,13863,2
2020-12-01 15:09:26,13864,13864,13864,6
2020-12-01 15:09:26,13864,13864,13864,2
2020-12-01 15:09:26,13864,13864,13864,2
2020-12-01 15:09:27,13864,13864,13864,2
2020-12-01 15:09:27,13864,13864,13864,2
2020-12-01 15:09:29,13865,13865,13865,2
2020-12-01 15:09:30,13865,13865,13865,8
2020-12-01 15:09:31,13864,13864,13864,2
2020-12-01 15:09:32,13865,13865,13865,2
2020-12-01 15:09:33,13865,13865,13865,2
2020-12-01 15:09:36,13864,13864,13864,2
2020-12-01 15:09:36,13864,13864,13864,2
2020-12-01 15:09:39,13864,13864,13864,4
2020-12-01 15:09:39,13864,13864,13864,2
2020-12-01 15:09:39,13864,13864,13864,2
2020-12-01 15:09:39,13864,13864,13864,2
2020-12-01 15:09:40,13864,13864,13864,8
2020-12-01 15:09:40,13864,13864,13864,2
2020-12-01 15:09:47,13863,13863,13863,2
2020-12-01 15:09:47,13863,13863,13863,2
2020-12-01 15:09:47,13863,13863,13863,2
2020-12-01 15:09:47,13863,13863,13863,2
2020-12-01 15:09:47,13863,13863,13863,2
2020-12-01 15:09:47,13863,13863,13863,2
2020-12-01 15:09:49,13862,13862,13862,2
2020-12-01 15:09:50,13862,13862,13862,2
2020-12-01 15:09:50,13862,13862,13862,2
2020-12-01 15:09:50,13862,13862,13862,6
2020-12-01 15:09:50,13862,13862,13862,2
2020-12-01 15:09:50,13862,13862,13862,2
2020-12-01 15:09:50,13862,13862,13862,2
2020-12-01 15:09:50,13862,13862,13862,4
2020-12-01 15:09:50,13862,13862,13862,2
2020-12-01 15:09:50,13862,13862,13862,4
2020-12-01 15:09:50,13862,13862,13862,2
2020-12-01 15:09:50,13862,13862,13862,2
2020-12-01 15:09:50,13861,13861,13861,2
2020-12-01 15:09:50,13861,13861,13861,4
2020-12-01 15:09:50,13861,13861,13861,6
2020-12-01 15:09:50,13861,13861,13861,2
2020-12-01 15:09:50,13861,13861,13861,2
2020-12-01 15:09:50,13861,13861,13861,2
2020-12-01 15:09:50,13861,13861,13861,2
2020-12-01 15:09:50,13861,13861,13861,2
2020-12-01 15:09:50,13861,13861,13861,2
2020-12-01 15:09:50,13861,13861,13861,2
2020-12-01 15:09:50,13861,13861,13861,6
2020-12-01 15:09:50,13861,13861,13861,8
2020-12-01 15:09:50,13861,13861,13861,4
2020-12-01 15:09:50,13861,13861,13861,2
2020-12-01 15:09:50,13861,13861,13861,2
2020-12-01 15:09:50,13861,13861,13861,2
2020-12-01 15:09:50,13861,13861,13861,2
2020-12-01 15:09:50,13861,13861,13861,2
2020-12-01 15:09:50,13861,13861,13861,16
2020-12-01 15:09:53,13861,13861,13861,2
2020-12-01 15:09:53,13861,13861,13861,2
2020-12-01 15:09:54,13861,13861,13861,2
2020-12-01 15:09:56,13860,13860,13860,2
2020-12-01 15:09:56,13860,13860,13860,2
2020-12-01 15:09:56,13860,13860,13860,8
2020-12-01 15:09:56,13860,13860,13860,2
2020-12-01 15:09:56,13860,13860,13860,2
2020-12-01 15:09:56,13860,13860,13860,2
2020-12-01 15:09:56,13860,13860,13860,2
2020-12-01 15:09:56,13860,13860,13860,4
2020-12-01 15:09:56,13860,13860,13860,2
2020-12-01 15:09:56,13860,13860,13860,2
2020-12-01 15:09:56,13860,13860,13860,2
2020-12-01 15:09:56,13860,13860,13860,2
2020-12-01 15:09:56,13860,13860,13860,2
2020-12-01 15:09:56,13860,13860,13860,2
2020-12-01 15:09:56,13860,13860,13860,2
2020-12-01 15:09:56,13860,13860,13860,2
2020-12-01 15:09:56,13860,13860,13860,4
2020-12-01 15:09:56,13860,13860,13860,2
2020-12-01 15:09:56,13860,13860,13860,2
2020-12-01 15:09:56,13860,13860,13860,2
2020-12-01 15:09:58,13860,13860,13860,2
2020-12-01 15:09:58,13860,13860,13860,2
2020-12-01 15:09:58,13860,13860,13860,2
2020-12-01 15:09:58,13860,13860,13860,6
2020-12-01 15:09:58,13860,13860,13860,8
2020-12-01 15:09:58,13860,13860,13860,2
2020-12-01 15:09:58,13860,13860,13860,2
2020-12-01 15:09:58,13860,13860,13860,38
2020-12-01 15:09:58,13861,13861,13861,2
2020-12-01 15:09:58,13862,13862,13862,4
2020-12-01 15:10:01,13860,13860,13860,2
2020-12-01 15:10:02,13861,13861,13861,2
2020-12-01 15:10:04,13860,13860,13860,2
2020-12-01 15:10:04,13860,13860,13860,2
2020-12-01 15:10:08,13859,13859,13859,8
2020-12-01 15:10:08,13859,13859,13859,8
2020-12-01 15:10:08,13859,13859,13859,2
2020-12-01 15:10:08,13859,13859,13859,2
2020-12-01 15:10:08,13859,13859,13859,2
2020-12-01 15:10:08,13859,13859,13859,6
2020-12-01 15:10:08,13858,13858,13858,2
2020-12-01 15:10:08,13859,13859,13859,2
2020-12-01 15:10:08,13860,13860,13860,2
2020-12-01 15:10:08,13858,13858,13858,2
2020-12-01 15:10:11,13858,13858,13858,2
2020-12-01 15:10:11,13859,13859,13859,2
2020-12-01 15:10:11,13860,13860,13860,2
2020-12-01 15:10:12,13859,13859,13859,2
2020-12-01 15:10:17,13860,13860,13860,10
2020-12-01 15:10:19,13860,13860,13860,2
2020-12-01 15:10:19,13860,13860,13860,2
2020-12-01 15:10:19,13860,13860,13860,2
2020-12-01 15:10:22,13860,13860,13860,2
2020-12-01 15:10:22,13860,13860,13860,2
2020-12-01 15:10:22,13860,13860,13860,2
2020-12-01 15:10:28,13860,13860,13860,2
2020-12-01 15:10:28,13860,13860,13860,2
2020-12-01 15:10:31,13860,13860,13860,2
2020-12-01 15:10:34,13860,13860,13860,2
2020-12-01 15:10:34,13861,13861,13861,4
2020-12-01 15:10:34,13860,13860,13860,2
2020-12-01 15:10:34,13861,13861,13861,22
2020-12-01 15:10:34,13861,13861,13861,8
2020-12-01 15:10:34,13861,13861,13861,12
2020-12-01 15:10:37,13861,13861,13861,2
2020-12-01 15:10:40,13861,13861,13861,2
2020-12-01 15:10:40,13861,13861,13861,8
2020-12-01 15:10:44,13861,13861,13861,2
2020-12-01 15:10:44,13861,13861,13861,2
2020-12-01 15:10:45,13861,13861,13861,2
2020-12-01 15:10:45,13861,13861,13861,2
2020-12-01 15:10:45,13861,13861,13861,2
2020-12-01 15:10:45,13861,13861,13861,2
2020-12-01 15:10:45,13860,13860,13860,4
2020-12-01 15:10:45,13860,13860,13860,2
2020-12-01 15:10:45,13860,13860,13860,2
2020-12-01 15:10:45,13860,13860,13860,2
2020-12-01 15:10:45,13860,13860,13860,2
2020-12-01 15:10:45,13860,13860,13860,4
2020-12-01 15:10:45,13860,13860,13860,2
2020-12-01 15:10:45,13860,13860,13860,10
2020-12-01 15:10:45,13860,13860,13860,2
2020-12-01 15:10:45,13860,13860,13860,2
2020-12-01 15:10:45,13860,13860,13860,2
2020-12-01 15:10:45,13860,13860,13860,2
2020-12-01 15:10:45,13860,13860,13860,2
2020-12-01 15:10:45,13860,13860,13860,20
2020-12-01 15:10:45,13860,13860,13860,2
2020-12-01 15:10:45,13860,13860,13860,2
2020-12-01 15:10:45,13860,13860,13860,2
2020-12-01 15:10:45,13860,13860,13860,2
2020-12-01 15:10:45,13860,13860,13860,2
2020-12-01 15:10:45,13860,13860,13860,2
2020-12-01 15:10:45,13860,13860,13860,2
2020-12-01 15:10:45,13860,13860,13860,20
2020-12-01 15:10:45,13860,13860,13860,2
2020-12-01 15:10:45,13860,13860,13860,2
2020-12-01 15:10:48,13859,13859,13859,4
2020-12-01 15:10:49,13861,13861,13861,4
2020-12-01 15:10:50,13861,13861,13861,2
2020-12-01 15:10:50,13860,13860,13860,2
2020-12-01 15:10:54,13859,13859,13859,2
2020-12-01 15:10:54,13860,13860,13860,10
2020-12-01 15:10:54,13860,13860,13860,2
2020-12-01 15:10:54,13859,13859,13859,2
2020-12-01 15:10:54,13859,13859,13859,2
2020-12-01 15:10:54,13859,13859,13859,2
2020-12-01 15:10:54,13859,13859,13859,2
2020-12-01 15:10:54,13859,13859,13859,2
2020-12-01 15:10:54,13859,13859,13859,2
2020-12-01 15:10:54,13859,13859,13859,2
2020-12-01 15:10:54,13859,13859,13859,2
2020-12-01 15:10:54,13859,13859,13859,2
2020-12-01 15:10:54,13859,13859,13859,2
2020-12-01 15:10:54,13859,13859,13859,2
2020-12-01 15:10:54,13859,13859,13859,2
2020-12-01 15:10:54,13859,13859,13859,4
2020-12-01 15:10:58,13860,13860,13860,2
2020-12-01 15:10:58,13860,13860,13860,2
2020-12-01 15:11:03,13860,13860,13860,2
2020-12-01 15:11:04,13860,13860,13860,2
2020-12-01 15:11:05,13861,13861,13861,10
2020-12-01 15:11:06,13860,13860,13860,4
2020-12-01 15:11:09,13861,13861,13861,8
2020-12-01 15:11:09,13861,13861,13861,2
2020-12-01 15:11:20,13862,13862,13862,4
2020-12-01 15:11:22,13861,13861,13861,2
2020-12-01 15:11:22,13861,13861,13861,2
2020-12-01 15:11:22,13861,13861,13861,2
2020-12-01 15:11:22,13860,13860,13860,2
2020-12-01 15:11:23,13861,13861,13861,2
2020-12-01 15:11:25,13861,13861,13861,2
2020-12-01 15:11:25,13861,13861,13861,2
2020-12-01 15:11:28,13861,13861,13861,2
2020-12-01 15:11:29,13861,13861,13861,10
2020-12-01 15:11:30,13860,13860,13860,2
2020-12-01 15:11:30,13860,13860,13860,10
2020-12-01 15:11:30,13859,13859,13859,2
2020-12-01 15:11:30,13859,13859,13859,2
2020-12-01 15:11:38,13859,13859,13859,2
2020-12-01 15:11:40,13859,13859,13859,2
2020-12-01 15:11:40,13859,13859,13859,2
2020-12-01 15:11:41,13859,13859,13859,2
2020-12-01 15:11:41,13859,13859,13859,2
2020-12-01 15:11:43,13859,13859,13859,2
2020-12-01 15:11:47,13859,13859,13859,2
2020-12-01 15:11:48,13860,13860,13860,2
2020-12-01 15:11:57,13859,13859,13859,2
2020-12-01 15:12:01,13860,13860,13860,2
2020-12-01 15:12:02,13859,13859,13859,8
2020-12-01 15:12:02,13859,13859,13859,2
2020-12-01 15:12:05,13860,13860,13860,2
2020-12-01 15:12:07,13860,13860,13860,2
2020-12-01 15:12:10,13860,13860,13860,2
2020-12-01 15:12:13,13860,13860,13860,2
2020-12-01 15:12:15,13859,13859,13859,2
2020-12-01 15:12:16,13860,13860,13860,2
2020-12-01 15:12:17,13859,13859,13859,2
2020-12-01 15:12:20,13860,13860,13860,2
2020-12-01 15:12:22,13860,13860,13860,46
2020-12-01 15:12:23,13861,13861,13861,2
2020-12-01 15:12:35,13861,13861,13861,2
2020-12-01 15:12:35,13861,13861,13861,6
2020-12-01 15:12:35,13861,13861,13861,2
2020-12-01 15:12:35,13861,13861,13861,2
2020-12-01 15:12:35,13861,13861,13861,2
2020-12-01 15:12:35,13861,13861,13861,2
2020-12-01 15:12:35,13861,13861,13861,2
2020-12-01 15:12:35,13861,13861,13861,2
2020-12-01 15:12:35,13860,13860,13860,2
2020-12-01 15:12:35,13860,13860,13860,8
2020-12-01 15:12:35,13860,13860,13860,2
2020-12-01 15:12:35,13860,13860,13860,2
2020-12-01 15:12:35,13860,13860,13860,2
2020-12-01 15:12:35,13860,13860,13860,2
2020-12-01 15:12:35,13860,13860,13860,2
2020-12-01 15:12:35,13860,13860,13860,2
2020-12-01 15:12:35,13860,13860,13860,2
2020-12-01 15:12:35,13860,13860,13860,4
2020-12-01 15:12:35,13860,13860,13860,4
2020-12-01 15:12:35,13860,13860,13860,6
2020-12-01 15:12:35,13860,13860,13860,2
2020-12-01 15:12:35,13860,13860,13860,2
2020-12-01 15:12:35,13860,13860,13860,2
2020-12-01 15:12:35,13860,13860,13860,8
2020-12-01 15:12:35,13860,13860,13860,8
2020-12-01 15:12:35,13860,13860,13860,4
2020-12-01 15:12:35,13860,13860,13860,2
2020-12-01 15:12:35,13860,13860,13860,2
2020-12-01 15:12:35,13860,13860,13860,2
2020-12-01 15:12:35,13860,13860,13860,6
2020-12-01 15:12:35,13860,13860,13860,8
2020-12-01 15:12:35,13861,13861,13861,2
2020-12-01 15:12:36,13861,13861,13861,2
2020-12-01 15:12:41,13860,13860,13860,2
2020-12-01 15:12:41,13861,13861,13861,2
2020-12-01 15:12:43,13859,13859,13859,4
2020-12-01 15:12:43,13859,13859,13859,2
2020-12-01 15:12:43,13859,13859,13859,2
2020-12-01 15:12:48,13860,13860,13860,2
2020-12-01 15:12:55,13860,13860,13860,2
2020-12-01 15:12:55,13860,13860,13860,2
2020-12-01 15:12:55,13860,13860,13860,2
2020-12-01 15:12:55,13860,13860,13860,2
2020-12-01 15:12:55,13860,13860,13860,2
2020-12-01 15:12:55,13860,13860,13860,2
2020-12-01 15:12:55,13860,13860,13860,2
2020-12-01 15:12:55,13860,13860,13860,2
2020-12-01 15:12:55,13860,13860,13860,2
2020-12-01 15:12:55,13860,13860,13860,6
2020-12-01 15:12:55,13860,13860,13860,60
2020-12-01 15:12:55,13860,13860,13860,8
2020-12-01 15:12:55,13860,13860,13860,2
2020-12-01 15:12:55,13860,13860,13860,6
2020-12-01 15:13:01,13860,13860,13860,2
2020-12-01 15:13:01,13860,13860,13860,2
2020-12-01 15:13:02,13861,13861,13861,2
2020-12-01 15:13:08,13861,13861,13861,6
2020-12-01 15:13:12,13861,13861,13861,2
2020-12-01 15:13:20,13862,13862,13862,2
2020-12-01 15:13:24,13862,13862,13862,2
2020-12-01 15:13:28,13862,13862,13862,2
2020-12-01 15:13:32,13862,13862,13862,2
2020-12-01 15:13:35,13862,13862,13862,6
2020-12-01 15:13:38,13862,13862,13862,2
2020-12-01 15:13:50,13862,13862,13862,2
2020-12-01 15:13:51,13863,13863,13863,12
2020-12-01 15:13:51,13863,13863,13863,8
2020-12-01 15:13:53,13863,13863,13863,2
2020-12-01 15:13:58,13863,13863,13863,4
2020-12-01 15:14:03,13862,13862,13862,2
2020-12-01 15:14:03,13862,13862,13862,2
2020-12-01 15:14:03,13862,13862,13862,2
2020-12-01 15:14:05,13861,13861,13861,4
2020-12-01 15:14:05,13861,13861,13861,4
2020-12-01 15:14:05,13861,13861,13861,2
2020-12-01 15:14:05,13861,13861,13861,4
2020-12-01 15:14:05,13861,13861,13861,2
2020-12-01 15:14:05,13861,13861,13861,2
2020-12-01 15:14:05,13861,13861,13861,2
2020-12-01 15:14:05,13861,13861,13861,2
2020-12-01 15:14:05,13861,13861,13861,2
2020-12-01 15:14:05,13862,13862,13862,2
2020-12-01 15:14:06,13860,13860,13860,2
2020-12-01 15:14:06,13860,13860,13860,2
2020-12-01 15:14:06,13860,13860,13860,2
2020-12-01 15:14:06,13860,13860,13860,4
2020-12-01 15:14:06,13860,13860,13860,2
2020-12-01 15:14:06,13860,13860,13860,2
2020-12-01 15:14:06,13860,13860,13860,2
2020-12-01 15:14:06,13860,13860,13860,2
2020-12-01 15:14:06,13860,13860,13860,2
2020-12-01 15:14:07,13860,13860,13860,2
2020-12-01 15:14:08,13860,13860,13860,2
2020-12-01 15:14:12,13859,13859,13859,2
2020-12-01 15:14:18,13859,13859,13859,2
2020-12-01 15:14:23,13859,13859,13859,2
2020-12-01 15:14:25,13859,13859,13859,2
2020-12-01 15:14:37,13859,13859,13859,2
2020-12-01 15:14:38,13859,13859,13859,2
2020-12-01 15:14:39,13859,13859,13859,2
2020-12-01 15:14:39,13859,13859,13859,4
2020-12-01 15:14:39,13859,13859,13859,2
2020-12-01 15:14:39,13859,13859,13859,2
2020-12-01 15:14:39,13859,13859,13859,4
2020-12-01 15:14:39,13859,13859,13859,2
2020-12-01 15:14:39,13859,13859,13859,2
2020-12-01 15:14:39,13859,13859,13859,2
2020-12-01 15:14:39,13859,13859,13859,2
2020-12-01 15:14:39,13859,13859,13859,2
2020-12-01 15:14:44,13858,13858,13858,2
2020-12-01 15:14:44,13858,13858,13858,2
2020-12-01 15:14:44,13858,13858,13858,4
2020-12-01 15:14:44,13858,13858,13858,2
2020-12-01 15:14:44,13858,13858,13858,2
2020-12-01 15:14:44,13858,13858,13858,2
2020-12-01 15:14:44,13858,13858,13858,2
2020-12-01 15:14:44,13858,13858,13858,2
2020-12-01 15:14:44,13858,13858,13858,2
2020-12-01 15:14:44,13858,13858,13858,2
2020-12-01 15:14:44,13858,13858,13858,20
2020-12-01 15:14:44,13858,13858,13858,2
2020-12-01 15:14:44,13858,13858,13858,2
2020-12-01 15:14:44,13858,13858,13858,2
2020-12-01 15:14:44,13858,13858,13858,2
2020-12-01 15:14:44,13858,13858,13858,8
2020-12-01 15:14:44,13858,13858,13858,2
2020-12-01 15:14:44,13858,13858,13858,2
2020-12-01 15:14:44,13858,13858,13858,2
2020-12-01 15:14:44,13858,13858,13858,6
2020-12-01 15:14:44,13858,13858,13858,2
2020-12-01 15:14:44,13858,13858,13858,2
2020-12-01 15:14:44,13858,13858,13858,2
2020-12-01 15:14:44,13858,13858,13858,2
2020-12-01 15:14:44,13858,13858,13858,2
2020-12-01 15:14:44,13858,13858,13858,2
2020-12-01 15:14:49,13857,13857,13857,2
2020-12-01 15:14:49,13858,13858,13858,4
2020-12-01 15:14:49,13857,13857,13857,2
2020-12-01 15:14:50,13857,13857,13857,2
2020-12-01 15:14:50,13858,13858,13858,2
2020-12-01 15:14:51,13857,13857,13857,2
2020-12-01 15:14:51,13857,13857,13857,2
2020-12-01 15:14:51,13857,13857,13857,2
2020-12-01 15:14:51,13857,13857,13857,2
2020-12-01 15:14:51,13857,13857,13857,2
2020-12-01 15:14:51,13856,13856,13856,2
2020-12-01 15:14:51,13856,13856,13856,2
2020-12-01 15:14:51,13857,13857,13857,8
2020-12-01 15:14:51,13856,13856,13856,2
2020-12-01 15:14:51,13856,13856,13856,4
2020-12-01 15:14:51,13856,13856,13856,2
2020-12-01 15:14:52,13856,13856,13856,2
2020-12-01 15:14:52,13856,13856,13856,2
2020-12-01 15:14:52,13856,13856,13856,2
2020-12-01 15:14:52,13855,13855,13855,2
2020-12-01 15:14:52,13855,13855,13855,2
2020-12-01 15:14:52,13855,13855,13855,2
2020-12-01 15:14:52,13855,13855,13855,2
2020-12-01 15:14:52,13855,13855,13855,2
2020-12-01 15:14:52,13855,13855,13855,2
2020-12-01 15:14:52,13855,13855,13855,2
2020-12-01 15:14:52,13855,13855,13855,2
2020-12-01 15:14:52,13855,13855,13855,4
2020-12-01 15:14:52,13855,13855,13855,2
2020-12-01 15:14:52,13855,13855,13855,2
2020-12-01 15:14:52,13855,13855,13855,2
2020-12-01 15:14:52,13855,13855,13855,2
2020-12-01 15:14:52,13855,13855,13855,4
2020-12-01 15:14:52,13855,13855,13855,2
2020-12-01 15:14:53,13855,13855,13855,2
2020-12-01 15:14:53,13855,13855,13855,2
2020-12-01 15:14:53,13855,13855,13855,4
2020-12-01 15:14:53,13855,13855,13855,4
2020-12-01 15:14:53,13855,13855,13855,2
2020-12-01 15:14:53,13855,13855,13855,2
2020-12-01 15:14:53,13855,13855,13855,4
2020-12-01 15:14:53,13855,13855,13855,2
2020-12-01 15:14:53,13855,13855,13855,2
2020-12-01 15:14:53,13855,13855,13855,4
2020-12-01 15:14:53,13855,13855,13855,2
2020-12-01 15:14:53,13855,13855,13855,2
2020-12-01 15:14:53,13855,13855,13855,2
2020-12-01 15:14:53,13855,13855,13855,4
2020-12-01 15:14:53,13855,13855,13855,4
2020-12-01 15:14:53,13855,13855,13855,2
2020-12-01 15:14:53,13855,13855,13855,2
2020-12-01 15:14:54,13854,13854,13854,2
2020-12-01 15:14:54,13854,13854,13854,2
2020-12-01 15:14:54,13854,13854,13854,2
2020-12-01 15:14:54,13855,13855,13855,2
2020-12-01 15:14:55,13854,13854,13854,2
2020-12-01 15:14:55,13855,13855,13855,2
2020-12-01 15:14:55,13855,13855,13855,2
2020-12-01 15:14:56,13855,13855,13855,2
2020-12-01 15:14:57,13855,13855,13855,2
2020-12-01 15:15:00,13854,13854,13854,2
2020-12-01 15:15:00,13854,13854,13854,4
2020-12-01 15:15:00,13854,13854,13854,2
2020-12-01 15:15:00,13854,13854,13854,4
2020-12-01 15:15:00,13854,13854,13854,2
2020-12-01 15:15:01,13855,13855,13855,2
2020-12-01 15:15:01,13854,13854,13854,2
2020-12-01 15:15:01,13853,13853,13853,8
2020-12-01 15:15:02,13853,13853,13853,2
2020-12-01 15:15:02,13853,13853,13853,2
2020-12-01 15:15:02,13853,13853,13853,2
2020-12-01 15:15:02,13853,13853,13853,2
2020-12-01 15:15:02,13853,13853,13853,2
2020-12-01 15:15:02,13853,13853,13853,2
2020-12-01 15:15:02,13853,13853,13853,6
2020-12-01 15:15:02,13853,13853,13853,2
2020-12-01 15:15:02,13852,13852,13852,2
2020-12-01 15:15:02,13852,13852,13852,2
2020-12-01 15:15:02,13852,13852,13852,2
2020-12-01 15:15:02,13852,13852,13852,2
2020-12-01 15:15:02,13852,13852,13852,2
2020-12-01 15:15:02,13852,13852,13852,2
2020-12-01 15:15:02,13852,13852,13852,2
2020-12-01 15:15:02,13853,13853,13853,4
2020-12-01 15:15:03,13853,13853,13853,2
2020-12-01 15:15:04,13853,13853,13853,2
2020-12-01 15:15:05,13853,13853,13853,2
2020-12-01 15:15:06,13854,13854,13854,2
2020-12-01 15:15:06,13854,13854,13854,6
2020-12-01 15:15:07,13853,13853,13853,2
2020-12-01 15:15:07,13853,13853,13853,2
2020-12-01 15:15:07,13853,13853,13853,2
2020-12-01 15:15:07,13853,13853,13853,2
2020-12-01 15:15:07,13853,13853,13853,2
2020-12-01 15:15:07,13853,13853,13853,2
2020-12-01 15:15:08,13854,13854,13854,2
2020-12-01 15:15:11,13855,13855,13855,2
2020-12-01 15:15:12,13854,13854,13854,2
2020-12-01 15:15:12,13854,13854,13854,4
2020-12-01 15:15:13,13854,13854,13854,2
2020-12-01 15:15:15,13854,13854,13854,2
2020-12-01 15:15:15,13854,13854,13854,2
2020-12-01 15:15:18,13854,13854,13854,2
2020-12-01 15:15:18,13854,13854,13854,2
2020-12-01 15:15:18,13854,13854,13854,2
2020-12-01 15:15:19,13854,13854,13854,2
2020-12-01 15:15:21,13854,13854,13854,2
2020-12-01 15:15:21,13854,13854,13854,2
2020-12-01 15:15:27,13853,13853,13853,4
2020-12-01 15:15:28,13853,13853,13853,2
2020-12-01 15:15:28,13853,13853,13853,2
2020-12-01 15:15:28,13853,13853,13853,2
2020-12-01 15:15:28,13853,13853,13853,2
2020-12-01 15:15:28,13853,13853,13853,2
2020-12-01 15:15:29,13852,13852,13852,2
2020-12-01 15:15:30,13852,13852,13852,4
2020-12-01 15:15:30,13852,13852,13852,4
2020-12-01 15:15:33,13852,13852,13852,10
2020-12-01 15:15:33,13852,13852,13852,2
2020-12-01 15:15:33,13852,13852,13852,2
2020-12-01 15:15:33,13852,13852,13852,2
2020-12-01 15:15:33,13852,13852,13852,2
2020-12-01 15:15:34,13851,13851,13851,2
2020-12-01 15:15:34,13851,13851,13851,2
2020-12-01 15:15:34,13851,13851,13851,2
2020-12-01 15:15:34,13851,13851,13851,2
2020-12-01 15:15:34,13851,13851,13851,2
2020-12-01 15:15:34,13851,13851,13851,2
2020-12-01 15:15:34,13851,13851,13851,2
2020-12-01 15:15:34,13851,13851,13851,2
2020-12-01 15:15:34,13851,13851,13851,2
2020-12-01 15:15:34,13851,13851,13851,2
2020-12-01 15:15:34,13851,13851,13851,2
2020-12-01 15:15:34,13851,13851,13851,2
2020-12-01 15:15:34,13851,13851,13851,2
2020-12-01 15:15:34,13851,13851,13851,2
2020-12-01 15:15:34,13851,13851,13851,2
2020-12-01 15:15:34,13851,13851,13851,4
2020-12-01 15:15:34,13851,13851,13851,2
2020-12-01 15:15:34,13851,13851,13851,6
2020-12-01 15:15:34,13850,13850,13850,2
2020-12-01 15:15:34,13850,13850,13850,2
2020-12-01 15:15:34,13850,13850,13850,2
2020-12-01 15:15:34,13850,13850,13850,4
2020-12-01 15:15:34,13850,13850,13850,2
2020-12-01 15:15:34,13850,13850,13850,2
2020-12-01 15:15:34,13850,13850,13850,2
2020-12-01 15:15:34,13850,13850,13850,2
2020-12-01 15:15:34,13850,13850,13850,2
2020-12-01 15:15:34,13850,13850,13850,2
2020-12-01 15:15:34,13850,13850,13850,2
2020-12-01 15:15:34,13850,13850,13850,2
2020-12-01 15:15:34,13850,13850,13850,2
2020-12-01 15:15:34,13850,13850,13850,20
2020-12-01 15:15:34,13850,13850,13850,2
2020-12-01 15:15:34,13850,13850,13850,12
2020-12-01 15:15:34,13850,13850,13850,2
2020-12-01 15:15:34,13850,13850,13850,6
2020-12-01 15:15:34,13850,13850,13850,4
2020-12-01 15:15:34,13850,13850,13850,2
2020-12-01 15:15:34,13850,13850,13850,2
2020-12-01 15:15:34,13850,13850,13850,2
2020-12-01 15:15:34,13850,13850,13850,2
2020-12-01 15:15:34,13850,13850,13850,12
2020-12-01 15:15:34,13850,13850,13850,4
2020-12-01 15:15:34,13850,13850,13850,2
2020-12-01 15:15:34,13850,13850,13850,2
2020-12-01 15:15:34,13850,13850,13850,2
2020-12-01 15:15:34,13850,13850,13850,2
2020-12-01 15:15:34,13850,13850,13850,2
2020-12-01 15:15:34,13849,13849,13849,2
2020-12-01 15:15:34,13849,13849,13849,2
2020-12-01 15:15:34,13849,13849,13849,2
2020-12-01 15:15:34,13849,13849,13849,2
2020-12-01 15:15:34,13848,13848,13848,2
2020-12-01 15:15:34,13848,13848,13848,2
2020-12-01 15:15:34,13848,13848,13848,2
2020-12-01 15:15:34,13848,13848,13848,2
2020-12-01 15:15:34,13848,13848,13848,6
2020-12-01 15:15:34,13848,13848,13848,2
2020-12-01 15:15:35,13848,13848,13848,2
2020-12-01 15:15:35,13848,13848,13848,2
2020-12-01 15:15:35,13848,13848,13848,2
2020-12-01 15:15:35,13848,13848,13848,6
2020-12-01 15:15:35,13848,13848,13848,2
2020-12-01 15:15:35,13848,13848,13848,2
2020-12-01 15:15:35,13848,13848,13848,2
2020-12-01 15:15:35,13847,13847,13847,2
2020-12-01 15:15:35,13847,13847,13847,2
2020-12-01 15:15:35,13847,13847,13847,2
2020-12-01 15:15:35,13847,13847,13847,2
2020-12-01 15:15:35,13847,13847,13847,2
2020-12-01 15:15:35,13847,13847,13847,2
2020-12-01 15:15:35,13847,13847,13847,2
2020-12-01 15:15:35,13847,13847,13847,2
2020-12-01 15:15:35,13847,13847,13847,2
2020-12-01 15:15:35,13847,13847,13847,4
2020-12-01 15:15:35,13847,13847,13847,2
2020-12-01 15:15:35,13847,13847,13847,2
2020-12-01 15:15:35,13847,13847,13847,2
2020-12-01 15:15:35,13846,13846,13846,2
2020-12-01 15:15:35,13846,13846,13846,2
2020-12-01 15:15:35,13847,13847,13847,8
2020-12-01 15:15:35,13846,13846,13846,2
2020-12-01 15:15:35,13846,13846,13846,2
2020-12-01 15:15:35,13846,13846,13846,2
2020-12-01 15:15:35,13846,13846,13846,2
2020-12-01 15:15:35,13846,13846,13846,10
2020-12-01 15:15:35,13846,13846,13846,2
2020-12-01 15:15:35,13846,13846,13846,2
2020-12-01 15:15:35,13846,13846,13846,2
2020-12-01 15:15:35,13846,13846,13846,2
2020-12-01 15:15:35,13846,13846,13846,2
2020-12-01 15:15:35,13846,13846,13846,2
2020-12-01 15:15:35,13845,13845,13845,2
2020-12-01 15:15:35,13845,13845,13845,2
2020-12-01 15:15:35,13845,13845,13845,2
2020-12-01 15:15:35,13845,13845,13845,2
2020-12-01 15:15:35,13845,13845,13845,2
2020-12-01 15:15:35,13845,13845,13845,2
2020-12-01 15:15:35,13845,13845,13845,2
2020-12-01 15:15:35,13845,13845,13845,2
2020-12-01 15:15:35,13845,13845,13845,2
2020-12-01 15:15:35,13845,13845,13845,2
2020-12-01 15:15:35,13845,13845,13845,2
2020-12-01 15:15:35,13845,13845,13845,2
2020-12-01 15:15:35,13845,13845,13845,4
2020-12-01 15:15:35,13845,13845,13845,2
2020-12-01 15:15:35,13845,13845,13845,2
2020-12-01 15:15:35,13845,13845,13845,4
2020-12-01 15:15:35,13845,13845,13845,4
2020-12-01 15:15:35,13845,13845,13845,4
2020-12-01 15:15:35,13845,13845,13845,2
2020-12-01 15:15:35,13845,13845,13845,4
2020-12-01 15:15:35,13845,13845,13845,12
2020-12-01 15:15:35,13845,13845,13845,12
2020-12-01 15:15:35,13846,13846,13846,2
2020-12-01 15:15:35,13845,13845,13845,2
2020-12-01 15:15:35,13845,13845,13845,6
2020-12-01 15:15:35,13845,13845,13845,2
2020-12-01 15:15:35,13845,13845,13845,2
2020-12-01 15:15:35,13845,13845,13845,2
2020-12-01 15:15:35,13845,13845,13845,8
2020-12-01 15:15:35,13844,13844,13844,2
2020-12-01 15:15:35,13844,13844,13844,4
2020-12-01 15:15:35,13844,13844,13844,2
2020-12-01 15:15:35,13844,13844,13844,2
2020-12-01 15:15:35,13844,13844,13844,6
2020-12-01 15:15:35,13843,13843,13843,2
2020-12-01 15:15:35,13843,13843,13843,2
2020-12-01 15:15:35,13843,13843,13843,2
2020-12-01 15:15:35,13843,13843,13843,4
2020-12-01 15:15:35,13843,13843,13843,2
2020-12-01 15:15:35,13843,13843,13843,2
2020-12-01 15:15:35,13843,13843,13843,6
2020-12-01 15:15:35,13843,13843,13843,2
2020-12-01 15:15:35,13843,13843,13843,2
2020-12-01 15:15:35,13845,13845,13845,2
2020-12-01 15:15:35,13843,13843,13843,2
2020-12-01 15:15:35,13843,13843,13843,2
2020-12-01 15:15:35,13843,13843,13843,2
2020-12-01 15:15:35,13843,13843,13843,2
2020-12-01 15:15:35,13843,13843,13843,2
2020-12-01 15:15:35,13843,13843,13843,2
2020-12-01 15:15:35,13843,13843,13843,2
2020-12-01 15:15:35,13843,13843,13843,2
2020-12-01 15:15:36,13843,13843,13843,2
2020-12-01 15:15:36,13846,13846,13846,2
2020-12-01 15:15:36,13846,13846,13846,2
2020-12-01 15:15:36,13847,13847,13847,4
2020-12-01 15:15:36,13848,13848,13848,4
2020-12-01 15:15:36,13846,13846,13846,2
2020-12-01 15:15:36,13846,13846,13846,2
2020-12-01 15:15:36,13846,13846,13846,2
2020-12-01 15:15:36,13848,13848,13848,2
2020-12-01 15:15:37,13848,13848,13848,2
2020-12-01 15:15:37,13848,13848,13848,2
2020-12-01 15:15:37,13848,13848,13848,2
2020-12-01 15:15:37,13848,13848,13848,2
2020-12-01 15:15:38,13847,13847,13847,2
2020-12-01 15:15:38,13847,13847,13847,2
2020-12-01 15:15:39,13848,13848,13848,2
2020-12-01 15:15:40,13849,13849,13849,4
2020-12-01 15:15:40,13850,13850,13850,6
2020-12-01 15:15:40,13848,13848,13848,2
2020-12-01 15:15:41,13849,13849,13849,2
2020-12-01 15:15:41,13848,13848,13848,2
2020-12-01 15:15:41,13850,13850,13850,8
2020-12-01 15:15:41,13850,13850,13850,2
2020-12-01 15:15:42,13848,13848,13848,4
2020-12-01 15:15:42,13848,13848,13848,2
2020-12-01 15:15:43,13849,13849,13849,2
2020-12-01 15:15:43,13849,13849,13849,6
2020-12-01 15:15:43,13849,13849,13849,2
2020-12-01 15:15:43,13848,13848,13848,4
2020-12-01 15:15:45,13849,13849,13849,6
2020-12-01 15:15:45,13849,13849,13849,2
2020-12-01 15:15:47,13849,13849,13849,2
2020-12-01 15:15:48,13849,13849,13849,2
2020-12-01 15:15:48,13849,13849,13849,2
2020-12-01 15:15:48,13849,13849,13849,2
2020-12-01 15:15:48,13849,13849,13849,2
2020-12-01 15:15:50,13849,13849,13849,2
2020-12-01 15:15:50,13849,13849,13849,2
2020-12-01 15:15:50,13848,13848,13848,2
2020-12-01 15:15:50,13848,13848,13848,2
2020-12-01 15:15:51,13849,13849,13849,2
2020-12-01 15:15:53,13849,13849,13849,4
2020-12-01 15:15:55,13849,13849,13849,4
2020-12-01 15:15:56,13848,13848,13848,2
2020-12-01 15:15:56,13848,13848,13848,2
2020-12-01 15:15:56,13848,13848,13848,2
2020-12-01 15:15:56,13849,13849,13849,2
2020-12-01 15:16:00,13850,13850,13850,12
2020-12-01 15:16:00,13849,13849,13849,2
2020-12-01 15:16:02,13849,13849,13849,2
2020-12-01 15:16:02,13849,13849,13849,2
2020-12-01 15:16:02,13849,13849,13849,4
2020-12-01 15:16:04,13849,13849,13849,2
2020-12-01 15:16:04,13850,13850,13850,40
2020-12-01 15:16:04,13851,13851,13851,2
2020-12-01 15:16:06,13851,13851,13851,2
2020-12-01 15:16:06,13853,13853,13853,2
2020-12-01 15:16:08,13852,13852,13852,2
2020-12-01 15:16:12,13853,13853,13853,2
2020-12-01 15:16:13,13853,13853,13853,2
2020-12-01 15:16:13,13853,13853,13853,4
2020-12-01 15:16:13,13852,13852,13852,2
2020-12-01 15:16:15,13853,13853,13853,2
2020-12-01 15:16:15,13853,13853,13853,2
2020-12-01 15:16:17,13853,13853,13853,2
2020-12-01 15:16:18,13854,13854,13854,2
2020-12-01 15:16:20,13853,13853,13853,2
2020-12-01 15:16:20,13853,13853,13853,2
2020-12-01 15:16:29,13853,13853,13853,2
2020-12-01 15:16:29,13853,13853,13853,2
2020-12-01 15:16:31,13853,13853,13853,2
2020-12-01 15:16:31,13852,13852,13852,2
2020-12-01 15:16:33,13853,13853,13853,8
2020-12-01 15:16:35,13853,13853,13853,2
2020-12-01 15:16:35,13854,13854,13854,2
2020-12-01 15:16:36,13853,13853,13853,6
2020-12-01 15:16:36,13853,13853,13853,2
2020-12-01 15:16:36,13853,13853,13853,2
2020-12-01 15:16:36,13853,13853,13853,2
2020-12-01 15:16:36,13853,13853,13853,4
2020-12-01 15:16:39,13852,13852,13852,2
2020-12-01 15:16:39,13852,13852,13852,2
2020-12-01 15:16:40,13852,13852,13852,2
2020-12-01 15:16:42,13852,13852,13852,2
2020-12-01 15:16:42,13852,13852,13852,4
2020-12-01 15:16:42,13852,13852,13852,2
2020-12-01 15:16:42,13852,13852,13852,2
2020-12-01 15:16:42,13851,13851,13851,2
2020-12-01 15:16:42,13851,13851,13851,2
2020-12-01 15:16:42,13851,13851,13851,2
2020-12-01 15:16:43,13851,13851,13851,2
2020-12-01 15:16:43,13851,13851,13851,2
2020-12-01 15:16:43,13851,13851,13851,2
2020-12-01 15:16:43,13851,13851,13851,2
2020-12-01 15:16:44,13851,13851,13851,2
2020-12-01 15:16:45,13850,13850,13850,2
2020-12-01 15:16:48,13851,13851,13851,2
2020-12-01 15:16:49,13851,13851,13851,2
2020-12-01 15:16:50,13850,13850,13850,2
2020-12-01 15:16:50,13850,13850,13850,2
2020-12-01 15:16:51,13850,13850,13850,2
2020-12-01 15:16:54,13850,13850,13850,2
2020-12-01 15:16:54,13850,13850,13850,2
2020-12-01 15:16:56,13851,13851,13851,4
2020-12-01 15:16:56,13852,13852,13852,6
2020-12-01 15:16:57,13852,13852,13852,2
2020-12-01 15:16:59,13852,13852,13852,2
2020-12-01 15:16:59,13851,13851,13851,2
2020-12-01 15:17:00,13852,13852,13852,2
2020-12-01 15:17:01,13851,13851,13851,6
2020-12-01 15:17:01,13850,13850,13850,2
2020-12-01 15:17:01,13850,13850,13850,2
2020-12-01 15:17:01,13851,13851,13851,2
2020-12-01 15:17:01,13850,13850,13850,2
2020-12-01 15:17:02,13851,13851,13851,2
2020-12-01 15:17:02,13851,13851,13851,2
2020-12-01 15:17:03,13851,13851,13851,2
2020-12-01 15:17:03,13850,13850,13850,2
2020-12-01 15:17:08,13850,13850,13850,2
2020-12-01 15:17:08,13850,13850,13850,2
2020-12-01 15:17:08,13851,13851,13851,2
2020-12-01 15:17:15,13851,13851,13851,4
2020-12-01 15:17:15,13850,13850,13850,6
2020-12-01 15:17:15,13850,13850,13850,2
2020-12-01 15:17:15,13850,13850,13850,2
2020-12-01 15:17:15,13850,13850,13850,2
2020-12-01 15:17:15,13850,13850,13850,2
2020-12-01 15:17:15,13850,13850,13850,2
2020-12-01 15:17:15,13850,13850,13850,2
2020-12-01 15:17:15,13850,13850,13850,2
2020-12-01 15:17:15,13850,13850,13850,2
2020-12-01 15:17:15,13850,13850,13850,4
2020-12-01 15:17:16,13851,13851,13851,2
2020-12-01 15:17:17,13850,13850,13850,2
2020-12-01 15:17:19,13851,13851,13851,4
2020-12-01 15:17:21,13852,13852,13852,4
2020-12-01 15:17:22,13852,13852,13852,2
2020-12-01 15:17:23,13851,13851,13851,2
2020-12-01 15:17:23,13852,13852,13852,2
2020-12-01 15:17:25,13851,13851,13851,2
2020-12-01 15:17:25,13851,13851,13851,2
2020-12-01 15:17:25,13851,13851,13851,2
2020-12-01 15:17:25,13850,13850,13850,6
2020-12-01 15:17:25,13850,13850,13850,2
2020-12-01 15:17:25,13850,13850,13850,2
2020-12-01 15:17:25,13850,13850,13850,2
2020-12-01 15:17:25,13850,13850,13850,2
2020-12-01 15:17:25,13850,13850,13850,2
2020-12-01 15:17:25,13850,13850,13850,2
2020-12-01 15:17:25,13850,13850,13850,6
2020-12-01 15:17:25,13850,13850,13850,2
2020-12-01 15:17:25,13850,13850,13850,2
2020-12-01 15:17:25,13850,13850,13850,10
2020-12-01 15:17:25,13850,13850,13850,2
2020-12-01 15:17:26,13850,13850,13850,2
2020-12-01 15:17:29,13850,13850,13850,2
2020-12-01 15:17:33,13849,13849,13849,2
2020-12-01 15:17:33,13849,13849,13849,2
2020-12-01 15:17:33,13849,13849,13849,2
2020-12-01 15:17:33,13849,13849,13849,2
2020-12-01 15:17:33,13849,13849,13849,2
2020-12-01 15:17:36,13849,13849,13849,2
2020-12-01 15:17:37,13850,13850,13850,6
2020-12-01 15:17:37,13849,13849,13849,4
2020-12-01 15:17:40,13849,13849,13849,2
2020-12-01 15:17:41,13849,13849,13849,2
2020-12-01 15:17:41,13849,13849,13849,2
2020-12-01 15:17:41,13849,13849,13849,2
2020-12-01 15:17:45,13849,13849,13849,2
2020-12-01 15:17:46,13849,13849,13849,2
2020-12-01 15:17:46,13849,13849,13849,2
2020-12-01 15:17:46,13849,13849,13849,2
2020-12-01 15:17:48,13849,13849,13849,2
2020-12-01 15:17:53,13849,13849,13849,2
2020-12-01 15:17:55,13849,13849,13849,2
2020-12-01 15:18:03,13848,13848,13848,2
2020-12-01 15:18:03,13848,13848,13848,2
2020-12-01 15:18:03,13848,13848,13848,2
2020-12-01 15:18:03,13848,13848,13848,6
2020-12-01 15:18:03,13848,13848,13848,2
2020-12-01 15:18:03,13848,13848,13848,2
2020-12-01 15:18:03,13848,13848,13848,2
2020-12-01 15:18:03,13848,13848,13848,8
2020-12-01 15:18:03,13848,13848,13848,2
2020-12-01 15:18:03,13848,13848,13848,2
2020-12-01 15:18:03,13848,13848,13848,2
2020-12-01 15:18:03,13847,13847,13847,2
2020-12-01 15:18:03,13847,13847,13847,10
2020-12-01 15:18:03,13847,13847,13847,2
2020-12-01 15:18:03,13846,13846,13846,2
2020-12-01 15:18:03,13846,13846,13846,2
2020-12-01 15:18:03,13846,13846,13846,2
2020-12-01 15:18:03,13846,13846,13846,2
2020-12-01 15:18:03,13846,13846,13846,2
2020-12-01 15:18:03,13846,13846,13846,2
2020-12-01 15:18:03,13846,13846,13846,4
2020-12-01 15:18:03,13846,13846,13846,6
2020-12-01 15:18:03,13846,13846,13846,2
2020-12-01 15:18:03,13845,13845,13845,2
2020-12-01 15:18:04,13848,13848,13848,2
2020-12-01 15:18:04,13848,13848,13848,2
2020-12-01 15:18:04,13848,13848,13848,2
2020-12-01 15:18:05,13848,13848,13848,4
2020-12-01 15:18:06,13846,13846,13846,8
2020-12-01 15:18:06,13846,13846,13846,2
2020-12-01 15:18:06,13846,13846,13846,4
2020-12-01 15:18:06,13846,13846,13846,2
2020-12-01 15:18:06,13845,13845,13845,2
2020-12-01 15:18:06,13845,13845,13845,2
2020-12-01 15:18:06,13845,13845,13845,2
2020-12-01 15:18:06,13845,13845,13845,2
2020-12-01 15:18:06,13845,13845,13845,2
2020-12-01 15:18:06,13845,13845,13845,2
2020-12-01 15:18:06,13845,13845,13845,2
2020-12-01 15:18:06,13845,13845,13845,4
2020-12-01 15:18:06,13845,13845,13845,10
2020-12-01 15:18:06,13845,13845,13845,2
2020-12-01 15:18:06,13845,13845,13845,2
2020-12-01 15:18:06,13845,13845,13845,2
2020-12-01 15:18:06,13845,13845,13845,8
2020-12-01 15:18:06,13845,13845,13845,2
2020-12-01 15:18:06,13845,13845,13845,2
2020-12-01 15:18:06,13845,13845,13845,4
2020-12-01 15:18:06,13845,13845,13845,6
2020-12-01 15:18:06,13845,13845,13845,2
2020-12-01 15:18:06,13845,13845,13845,12
2020-12-01 15:18:06,13845,13845,13845,16
2020-12-01 15:18:06,13846,13846,13846,10
2020-12-01 15:18:08,13847,13847,13847,2
2020-12-01 15:18:08,13846,13846,13846,2
2020-12-01 15:18:09,13846,13846,13846,4
2020-12-01 15:18:09,13846,13846,13846,2
2020-12-01 15:18:09,13846,13846,13846,2
2020-12-01 15:18:09,13846,13846,13846,2
2020-12-01 15:18:10,13846,13846,13846,8
2020-12-01 15:18:10,13846,13846,13846,2
2020-12-01 15:18:10,13846,13846,13846,2
2020-12-01 15:18:10,13846,13846,13846,2
2020-12-01 15:18:10,13846,13846,13846,4
2020-12-01 15:18:10,13845,13845,13845,2
2020-12-01 15:18:10,13845,13845,13845,2
2020-12-01 15:18:10,13845,13845,13845,2
2020-12-01 15:18:10,13847,13847,13847,10
2020-12-01 15:18:11,13847,13847,13847,2
2020-12-01 15:18:11,13846,13846,13846,8
2020-12-01 15:18:11,13846,13846,13846,2
2020-12-01 15:18:11,13846,13846,13846,2
2020-12-01 15:18:11,13846,13846,13846,4
2020-12-01 15:18:11,13846,13846,13846,2
2020-12-01 15:18:11,13846,13846,13846,10
2020-12-01 15:18:11,13846,13846,13846,2
2020-12-01 15:18:11,13846,13846,13846,2
2020-12-01 15:18:11,13846,13846,13846,32
2020-12-01 15:18:11,13846,13846,13846,2
2020-12-01 15:18:12,13846,13846,13846,2
2020-12-01 15:18:12,13846,13846,13846,2
2020-12-01 15:18:12,13845,13845,13845,4
2020-12-01 15:18:12,13845,13845,13845,4
2020-12-01 15:18:12,13846,13846,13846,6
2020-12-01 15:18:12,13846,13846,13846,10
2020-12-01 15:18:13,13845,13845,13845,2
2020-12-01 15:18:13,13845,13845,13845,2
2020-12-01 15:18:14,13845,13845,13845,2
2020-12-01 15:18:14,13846,13846,13846,2
2020-12-01 15:18:17,13846,13846,13846,4
2020-12-01 15:18:17,13846,13846,13846,4
2020-12-01 15:18:19,13846,13846,13846,4
2020-12-01 15:18:19,13846,13846,13846,2
2020-12-01 15:18:20,13847,13847,13847,2
2020-12-01 15:18:20,13846,13846,13846,2
2020-12-01 15:18:21,13846,13846,13846,2
2020-12-01 15:18:21,13846,13846,13846,2
2020-12-01 15:18:21,13846,13846,13846,2
2020-12-01 15:18:21,13846,13846,13846,2
2020-12-01 15:18:24,13846,13846,13846,2
2020-12-01 15:18:25,13846,13846,13846,6
2020-12-01 15:18:26,13848,13848,13848,12
2020-12-01 15:18:27,13847,13847,13847,2
2020-12-01 15:18:28,13847,13847,13847,2
2020-12-01 15:18:29,13847,13847,13847,4
2020-12-01 15:18:29,13847,13847,13847,2
2020-12-01 15:18:32,13847,13847,13847,2
2020-12-01 15:18:32,13847,13847,13847,4
2020-12-01 15:18:34,13847,13847,13847,2
2020-12-01 15:18:35,13847,13847,13847,2
2020-12-01 15:18:36,13847,13847,13847,2
2020-12-01 15:18:36,13847,13847,13847,2
2020-12-01 15:18:36,13846,13846,13846,2
2020-12-01 15:18:38,13847,13847,13847,2
2020-12-01 15:18:40,13847,13847,13847,2
2020-12-01 15:18:40,13848,13848,13848,4
2020-12-01 15:18:41,13848,13848,13848,2
2020-12-01 15:18:41,13847,13847,13847,2
2020-12-01 15:18:42,13848,13848,13848,4
2020-12-01 15:18:45,13848,13848,13848,14
2020-12-01 15:18:45,13848,13848,13848,2
2020-12-01 15:18:46,13848,13848,13848,2
2020-12-01 15:18:47,13849,13849,13849,10
2020-12-01 15:18:47,13848,13848,13848,2
2020-12-01 15:18:48,13848,13848,13848,2
2020-12-01 15:18:48,13848,13848,13848,2
2020-12-01 15:18:48,13848,13848,13848,28
2020-12-01 15:18:48,13848,13848,13848,2
2020-12-01 15:18:50,13849,13849,13849,4
2020-12-01 15:18:53,13848,13848,13848,2
2020-12-01 15:18:53,13848,13848,13848,2
2020-12-01 15:18:53,13848,13848,13848,2
2020-12-01 15:18:55,13849,13849,13849,2
2020-12-01 15:18:56,13848,13848,13848,2
2020-12-01 15:18:56,13848,13848,13848,2
2020-12-01 15:18:56,13848,13848,13848,2
2020-12-01 15:18:58,13848,13848,13848,2
2020-12-01 15:18:58,13848,13848,13848,2
2020-12-01 15:18:59,13848,13848,13848,2
2020-12-01 15:19:03,13848,13848,13848,6
2020-12-01 15:19:04,13848,13848,13848,4
2020-12-01 15:19:04,13848,13848,13848,2
2020-12-01 15:19:07,13848,13848,13848,2
2020-12-01 15:19:09,13848,13848,13848,2
2020-12-01 15:19:11,13848,13848,13848,6
2020-12-01 15:19:16,13848,13848,13848,2
2020-12-01 15:19:16,13847,13847,13847,2
2020-12-01 15:19:16,13847,13847,13847,4
2020-12-01 15:19:19,13847,13847,13847,2
2020-12-01 15:19:19,13847,13847,13847,2
2020-12-01 15:19:19,13847,13847,13847,2
2020-12-01 15:19:19,13847,13847,13847,2
2020-12-01 15:19:19,13846,13846,13846,2
2020-12-01 15:19:19,13846,13846,13846,2
2020-12-01 15:19:19,13846,13846,13846,2
2020-12-01 15:19:20,13846,13846,13846,2
2020-12-01 15:19:20,13846,13846,13846,2
2020-12-01 15:19:20,13846,13846,13846,2
2020-12-01 15:19:20,13846,13846,13846,2
2020-12-01 15:19:22,13846,13846,13846,2
2020-12-01 15:19:22,13846,13846,13846,2
2020-12-01 15:19:22,13846,13846,13846,2
2020-12-01 15:19:22,13846,13846,13846,2
2020-12-01 15:19:22,13846,13846,13846,6
2020-12-01 15:19:23,13845,13845,13845,2
2020-12-01 15:19:25,13846,13846,13846,2
2020-12-01 15:19:25,13845,13845,13845,2
2020-12-01 15:19:26,13845,13845,13845,2
2020-12-01 15:19:26,13845,13845,13845,2
2020-12-01 15:19:26,13845,13845,13845,6
2020-12-01 15:19:29,13847,13847,13847,2
2020-12-01 15:19:29,13847,13847,13847,2
2020-12-01 15:19:30,13847,13847,13847,2
2020-12-01 15:19:30,13846,13846,13846,2
2020-12-01 15:19:30,13846,13846,13846,2
2020-12-01 15:19:33,13846,13846,13846,2
2020-12-01 15:19:34,13847,13847,13847,6
2020-12-01 15:19:35,13847,13847,13847,2
2020-12-01 15:19:35,13847,13847,13847,6
2020-12-01 15:19:35,13846,13846,13846,2
2020-12-01 15:19:36,13848,13848,13848,2
2020-12-01 15:19:39,13847,13847,13847,8
2020-12-01 15:19:39,13847,13847,13847,2
2020-12-01 15:19:41,13848,13848,13848,8
2020-12-01 15:19:44,13849,13849,13849,2
2020-12-01 15:19:46,13848,13848,13848,2
2020-12-01 15:19:48,13849,13849,13849,2
2020-12-01 15:19:53,13849,13849,13849,2
2020-12-01 15:19:53,13849,13849,13849,2
2020-12-01 15:19:53,13848,13848,13848,2
2020-12-01 15:19:53,13848,13848,13848,2
2020-12-01 15:19:53,13848,13848,13848,4
2020-12-01 15:19:53,13848,13848,13848,4
2020-12-01 15:19:53,13848,13848,13848,2
2020-12-01 15:19:53,13848,13848,13848,2
2020-12-01 15:19:53,13847,13847,13847,8
2020-12-01 15:19:53,13847,13847,13847,2
2020-12-01 15:19:53,13847,13847,13847,2
2020-12-01 15:19:53,13847,13847,13847,2
2020-12-01 15:19:53,13847,13847,13847,2
2020-12-01 15:19:53,13847,13847,13847,12
2020-12-01 15:19:53,13847,13847,13847,2
2020-12-01 15:19:53,13847,13847,13847,2
2020-12-01 15:19:53,13847,13847,13847,4
2020-12-01 15:19:53,13847,13847,13847,2
2020-12-01 15:19:53,13847,13847,13847,2
2020-12-01 15:19:53,13847,13847,13847,2
2020-12-01 15:19:53,13847,13847,13847,4
2020-12-01 15:19:53,13847,13847,13847,2
2020-12-01 15:19:53,13847,13847,13847,6
2020-12-01 15:19:53,13847,13847,13847,2
2020-12-01 15:19:53,13847,13847,13847,2
2020-12-01 15:19:53,13847,13847,13847,2
2020-12-01 15:19:53,13847,13847,13847,14
2020-12-01 15:19:53,13847,13847,13847,8
2020-12-01 15:19:53,13847,13847,13847,2
2020-12-01 15:19:53,13847,13847,13847,8
2020-12-01 15:19:53,13847,13847,13847,2
2020-12-01 15:19:53,13847,13847,13847,2
2020-12-01 15:19:53,13847,13847,13847,2
2020-12-01 15:19:53,13847,13847,13847,2
2020-12-01 15:19:53,13847,13847,13847,2
2020-12-01 15:19:53,13847,13847,13847,4
2020-12-01 15:19:53,13847,13847,13847,8
2020-12-01 15:19:54,13846,13846,13846,2
2020-12-01 15:19:54,13846,13846,13846,2
2020-12-01 15:19:56,13849,13849,13849,2
2020-12-01 15:20:00,13849,13849,13849,10
2020-12-01 15:20:00,13847,13847,13847,2
2020-12-01 15:20:00,13846,13846,13846,2
2020-12-01 15:20:00,13846,13846,13846,2
2020-12-01 15:20:00,13846,13846,13846,2
2020-12-01 15:20:01,13846,13846,13846,2
2020-12-01 15:20:01,13846,13846,13846,2
2020-12-01 15:20:01,13846,13846,13846,2
2020-12-01 15:20:01,13846,13846,13846,2
2020-12-01 15:20:01,13846,13846,13846,2
2020-12-01 15:20:01,13847,13847,13847,2
2020-12-01 15:20:01,13847,13847,13847,2
2020-12-01 15:20:01,13847,13847,13847,2
2020-12-01 15:20:01,13845,13845,13845,2
2020-12-01 15:20:02,13847,13847,13847,2
2020-12-01 15:20:04,13845,13845,13845,4
2020-12-01 15:20:04,13845,13845,13845,2
2020-12-01 15:20:04,13845,13845,13845,8
2020-12-01 15:20:04,13845,13845,13845,4
2020-12-01 15:20:04,13845,13845,13845,2
2020-12-01 15:20:04,13845,13845,13845,2
2020-12-01 15:20:04,13845,13845,13845,2
2020-12-01 15:20:04,13845,13845,13845,2
2020-12-01 15:20:05,13845,13845,13845,2
2020-12-01 15:20:05,13845,13845,13845,2
2020-12-01 15:20:05,13845,13845,13845,2
2020-12-01 15:20:05,13845,13845,13845,2
2020-12-01 15:20:05,13845,13845,13845,2
2020-12-01 15:20:05,13845,13845,13845,2
2020-12-01 15:20:05,13845,13845,13845,2
2020-12-01 15:20:05,13845,13845,13845,2
2020-12-01 15:20:05,13845,13845,13845,2
2020-12-01 15:20:05,13845,13845,13845,2
2020-12-01 15:20:05,13845,13845,13845,2
2020-12-01 15:20:05,13845,13845,13845,2
2020-12-01 15:20:05,13845,13845,13845,2
2020-12-01 15:20:07,13846,13846,13846,2
2020-12-01 15:20:10,13845,13845,13845,2
2020-12-01 15:20:13,13845,13845,13845,2
2020-12-01 15:20:13,13846,13846,13846,2
2020-12-01 15:20:14,13847,13847,13847,2
2020-12-01 15:20:17,13847,13847,13847,6
2020-12-01 15:20:17,13846,13846,13846,2
2020-12-01 15:20:22,13846,13846,13846,6
2020-12-01 15:20:23,13847,13847,13847,2
2020-12-01 15:20:25,13847,13847,13847,6
2020-12-01 15:20:25,13848,13848,13848,2
2020-12-01 15:20:28,13848,13848,13848,2
2020-12-01 15:20:29,13848,13848,13848,2
2020-12-01 15:20:38,13847,13847,13847,2
2020-12-01 15:20:40,13847,13847,13847,2
2020-12-01 15:20:42,13848,13848,13848,2
2020-12-01 15:20:43,13848,13848,13848,6
2020-12-01 15:20:43,13848,13848,13848,2
2020-12-01 15:20:44,13848,13848,13848,2
2020-12-01 15:20:52,13849,13849,13849,2
2020-12-01 15:20:53,13849,13849,13849,2
2020-12-01 15:21:00,13849,13849,13849,4
2020-12-01 15:21:00,13849,13849,13849,2
2020-12-01 15:21:06,13850,13850,13850,2
2020-12-01 15:21:11,13850,13850,13850,6
2020-12-01 15:21:13,13850,13850,13850,2
2020-12-01 15:21:13,13850,13850,13850,4
2020-12-01 15:21:13,13850,13850,13850,4
2020-12-01 15:21:17,13850,13850,13850,8
2020-12-01 15:21:17,13850,13850,13850,2
2020-12-01 15:21:21,13851,13851,13851,8
2020-12-01 15:21:22,13852,13852,13852,2
2020-12-01 15:21:22,13852,13852,13852,4
2020-12-01 15:21:22,13853,13853,13853,6
2020-12-01 15:21:23,13852,13852,13852,2
2020-12-01 15:21:24,13853,13853,13853,2
2020-12-01 15:21:25,13853,13853,13853,4
2020-12-01 15:21:26,13852,13852,13852,2
2020-12-01 15:21:26,13852,13852,13852,2
2020-12-01 15:21:29,13852,13852,13852,2
2020-12-01 15:21:36,13852,13852,13852,4
2020-12-01 15:21:37,13852,13852,13852,2
2020-12-01 15:21:39,13852,13852,13852,2
2020-12-01 15:21:39,13852,13852,13852,2
2020-12-01 15:21:41,13851,13851,13851,2
2020-12-01 15:21:41,13851,13851,13851,2
2020-12-01 15:21:41,13851,13851,13851,2
2020-12-01 15:21:41,13851,13851,13851,2
2020-12-01 15:21:41,13851,13851,13851,2
2020-12-01 15:21:46,13851,13851,13851,2
2020-12-01 15:21:47,13850,13850,13850,2
2020-12-01 15:21:47,13850,13850,13850,4
2020-12-01 15:21:47,13850,13850,13850,2
2020-12-01 15:21:47,13850,13850,13850,2
2020-12-01 15:21:47,13850,13850,13850,2
2020-12-01 15:21:47,13850,13850,13850,2
2020-12-01 15:21:47,13850,13850,13850,2
2020-12-01 15:21:47,13850,13850,13850,2
2020-12-01 15:21:48,13851,13851,13851,2
2020-12-01 15:21:48,13850,13850,13850,2
2020-12-01 15:21:50,13852,13852,13852,2
2020-12-01 15:21:54,13852,13852,13852,2
2020-12-01 15:21:54,13852,13852,13852,6
2020-12-01 15:21:57,13852,13852,13852,4
2020-12-01 15:22:02,13852,13852,13852,2
2020-12-01 15:22:02,13853,13853,13853,4
2020-12-01 15:22:02,13853,13853,13853,2
2020-12-01 15:22:02,13853,13853,13853,2
2020-12-01 15:22:02,13853,13853,13853,2
2020-12-01 15:22:02,13853,13853,13853,2
2020-12-01 15:22:08,13853,13853,13853,2
2020-12-01 15:22:09,13853,13853,13853,4
2020-12-01 15:22:09,13853,13853,13853,2
2020-12-01 15:22:13,13854,13854,13854,20
2020-12-01 15:22:13,13854,13854,13854,4
2020-12-01 15:22:17,13854,13854,13854,2
2020-12-01 15:22:17,13854,13854,13854,2
2020-12-01 15:22:21,13854,13854,13854,4
2020-12-01 15:22:21,13854,13854,13854,2
2020-12-01 15:22:21,13855,13855,13855,2
2020-12-01 15:22:22,13855,13855,13855,2
2020-12-01 15:22:25,13855,13855,13855,4
2020-12-01 15:22:25,13854,13854,13854,2
2020-12-01 15:22:26,13854,13854,13854,2
2020-12-01 15:22:27,13855,13855,13855,30
2020-12-01 15:22:28,13855,13855,13855,4
2020-12-01 15:22:28,13856,13856,13856,2
2020-12-01 15:22:29,13854,13854,13854,2
2020-12-01 15:22:35,13854,13854,13854,2
2020-12-01 15:22:40,13855,13855,13855,6
2020-12-01 15:22:41,13855,13855,13855,10
2020-12-01 15:22:41,13855,13855,13855,6
2020-12-01 15:22:46,13856,13856,13856,4
2020-12-01 15:22:47,13856,13856,13856,2
2020-12-01 15:22:48,13856,13856,13856,2
2020-12-01 15:22:48,13856,13856,13856,2
2020-12-01 15:22:49,13856,13856,13856,2
2020-12-01 15:22:49,13856,13856,13856,6
2020-12-01 15:22:54,13857,13857,13857,2
2020-12-01 15:22:54,13857,13857,13857,2
2020-12-01 15:22:55,13857,13857,13857,2
2020-12-01 15:22:55,13856,13856,13856,2
2020-12-01 15:22:55,13856,13856,13856,2
2020-12-01 15:22:55,13856,13856,13856,4
2020-12-01 15:22:55,13855,13855,13855,2
2020-12-01 15:22:55,13855,13855,13855,10
2020-12-01 15:22:55,13855,13855,13855,2
2020-12-01 15:22:55,13855,13855,13855,2
2020-12-01 15:22:55,13855,13855,13855,2
2020-12-01 15:22:55,13855,13855,13855,8
2020-12-01 15:22:55,13855,13855,13855,2
2020-12-01 15:22:55,13855,13855,13855,2
2020-12-01 15:22:56,13855,13855,13855,2
2020-12-01 15:22:59,13855,13855,13855,2
2020-12-01 15:23:02,13854,13854,13854,4
2020-12-01 15:23:02,13854,13854,13854,4
2020-12-01 15:23:03,13855,13855,13855,2
2020-12-01 15:23:04,13854,13854,13854,2
2020-12-01 15:23:16,13855,13855,13855,2
2020-12-01 15:23:17,13854,13854,13854,2
2020-12-01 15:23:20,13854,13854,13854,2
2020-12-01 15:23:22,13854,13854,13854,2
2020-12-01 15:23:22,13854,13854,13854,2
2020-12-01 15:23:22,13854,13854,13854,4
2020-12-01 15:23:22,13854,13854,13854,2
2020-12-01 15:23:25,13854,13854,13854,2
2020-12-01 15:23:27,13853,13853,13853,6
2020-12-01 15:23:27,13853,13853,13853,2
2020-12-01 15:23:27,13853,13853,13853,2
2020-12-01 15:23:27,13854,13854,13854,2
2020-12-01 15:23:30,13854,13854,13854,2
2020-12-01 15:23:31,13854,13854,13854,2
2020-12-01 15:23:34,13854,13854,13854,2
2020-12-01 15:23:34,13854,13854,13854,2
2020-12-01 15:23:36,13853,13853,13853,2
2020-12-01 15:23:36,13853,13853,13853,6
2020-12-01 15:23:36,13853,13853,13853,2
2020-12-01 15:23:36,13853,13853,13853,2
2020-12-01 15:23:37,13854,13854,13854,2
2020-12-01 15:23:38,13854,13854,13854,2
2020-12-01 15:23:40,13852,13852,13852,6
2020-12-01 15:23:40,13852,13852,13852,2
2020-12-01 15:23:40,13852,13852,13852,2
2020-12-01 15:23:40,13852,13852,13852,2
2020-12-01 15:23:40,13852,13852,13852,2
2020-12-01 15:23:40,13852,13852,13852,2
2020-12-01 15:23:40,13852,13852,13852,2
2020-12-01 15:23:40,13852,13852,13852,2
2020-12-01 15:23:42,13852,13852,13852,2
2020-12-01 15:23:46,13853,13853,13853,2
2020-12-01 15:23:47,13852,13852,13852,2
2020-12-01 15:23:52,13852,13852,13852,2
2020-12-01 15:24:02,13852,13852,13852,2
2020-12-01 15:24:18,13852,13852,13852,2
2020-12-01 15:24:23,13851,13851,13851,2
2020-12-01 15:24:23,13851,13851,13851,2
2020-12-01 15:24:23,13851,13851,13851,4
2020-12-01 15:24:23,13851,13851,13851,4
2020-12-01 15:24:23,13851,13851,13851,2
2020-12-01 15:24:26,13851,13851,13851,2
2020-12-01 15:24:34,13850,13850,13850,2
2020-12-01 15:24:35,13850,13850,13850,4
2020-12-01 15:24:36,13850,13850,13850,2
2020-12-01 15:24:36,13850,13850,13850,2
2020-12-01 15:24:36,13850,13850,13850,2
2020-12-01 15:24:36,13850,13850,13850,2
2020-12-01 15:24:36,13850,13850,13850,2
2020-12-01 15:24:36,13850,13850,13850,2
2020-12-01 15:24:36,13850,13850,13850,2
2020-12-01 15:24:36,13849,13849,13849,2
2020-12-01 15:24:36,13849,13849,13849,2
2020-12-01 15:24:36,13849,13849,13849,2
2020-12-01 15:24:37,13850,13850,13850,2
2020-12-01 15:24:40,13850,13850,13850,8
2020-12-01 15:24:40,13850,13850,13850,2
2020-12-01 15:24:45,13850,13850,13850,2
2020-12-01 15:24:50,13850,13850,13850,2
2020-12-01 15:24:57,13849,13849,13849,2
2020-12-01 15:24:57,13849,13849,13849,2
2020-12-01 15:24:57,13849,13849,13849,2
2020-12-01 15:24:57,13849,13849,13849,2
2020-12-01 15:24:57,13849,13849,13849,2
2020-12-01 15:24:57,13849,13849,13849,2
2020-12-01 15:24:57,13849,13849,13849,4
2020-12-01 15:24:57,13849,13849,13849,2
2020-12-01 15:24:57,13849,13849,13849,2
2020-12-01 15:24:57,13849,13849,13849,2
2020-12-01 15:25:01,13848,13848,13848,2
2020-12-01 15:25:01,13848,13848,13848,2
2020-12-01 15:25:01,13848,13848,13848,2
2020-12-01 15:25:01,13848,13848,13848,2
2020-12-01 15:25:01,13848,13848,13848,4
2020-12-01 15:25:01,13848,13848,13848,2
2020-12-01 15:25:01,13847,13847,13847,2
2020-12-01 15:25:02,13847,13847,13847,2
2020-12-01 15:25:02,13847,13847,13847,2
2020-12-01 15:25:02,13847,13847,13847,2
2020-12-01 15:25:02,13847,13847,13847,2
2020-12-01 15:25:02,13847,13847,13847,2
2020-12-01 15:25:02,13847,13847,13847,4
2020-12-01 15:25:02,13846,13846,13846,2
2020-12-01 15:25:03,13847,13847,13847,2
2020-12-01 15:25:03,13847,13847,13847,2
2020-12-01 15:25:03,13847,13847,13847,2
2020-12-01 15:25:03,13846,13846,13846,2
2020-12-01 15:25:03,13846,13846,13846,2
2020-12-01 15:25:03,13846,13846,13846,2
2020-12-01 15:25:03,13846,13846,13846,2
2020-12-01 15:25:03,13846,13846,13846,2
2020-12-01 15:25:03,13846,13846,13846,2
2020-12-01 15:25:07,13847,13847,13847,2
2020-12-01 15:25:08,13847,13847,13847,4
2020-12-01 15:25:08,13847,13847,13847,2
2020-12-01 15:25:08,13846,13846,13846,2
2020-12-01 15:25:08,13846,13846,13846,2
2020-12-01 15:25:08,13846,13846,13846,2
2020-12-01 15:25:08,13846,13846,13846,2
2020-12-01 15:25:08,13846,13846,13846,2
2020-12-01 15:25:11,13847,13847,13847,2
2020-12-01 15:25:11,13846,13846,13846,2
2020-12-01 15:25:11,13846,13846,13846,2
2020-12-01 15:25:11,13846,13846,13846,2
2020-12-01 15:25:11,13846,13846,13846,2
2020-12-01 15:25:11,13847,13847,13847,2
2020-12-01 15:25:12,13846,13846,13846,2
2020-12-01 15:25:12,13847,13847,13847,2
2020-12-01 15:25:17,13846,13846,13846,4
2020-12-01 15:25:18,13846,13846,13846,2
2020-12-01 15:25:18,13846,13846,13846,2
2020-12-01 15:25:19,13846,13846,13846,2
2020-12-01 15:25:23,13846,13846,13846,2
2020-12-01 15:25:23,13846,13846,13846,2
2020-12-01 15:25:27,13847,13847,13847,2
2020-12-01 15:25:29,13846,13846,13846,2
2020-12-01 15:25:29,13846,13846,13846,2
2020-12-01 15:25:29,13846,13846,13846,2
2020-12-01 15:25:30,13846,13846,13846,2
2020-12-01 15:25:30,13846,13846,13846,2
2020-12-01 15:25:32,13846,13846,13846,2
2020-12-01 15:25:33,13846,13846,13846,2
2020-12-01 15:25:35,13846,13846,13846,2
2020-12-01 15:25:36,13846,13846,13846,2
2020-12-01 15:25:37,13847,13847,13847,16
2020-12-01 15:25:37,13847,13847,13847,4
2020-12-01 15:25:42,13848,13848,13848,2
2020-12-01 15:25:43,13848,13848,13848,2
2020-12-01 15:25:44,13847,13847,13847,2
2020-12-01 15:25:45,13847,13847,13847,2
2020-12-01 15:25:47,13847,13847,13847,2
2020-12-01 15:25:48,13849,13849,13849,2
2020-12-01 15:25:52,13848,13848,13848,2
2020-12-01 15:25:54,13848,13848,13848,2
2020-12-01 15:25:55,13849,13849,13849,4
2020-12-01 15:25:55,13849,13849,13849,4
2020-12-01 15:25:56,13848,13848,13848,2
2020-12-01 15:26:00,13849,13849,13849,4
2020-12-01 15:26:01,13848,13848,13848,2
2020-12-01 15:26:02,13848,13848,13848,2
2020-12-01 15:26:02,13848,13848,13848,2
2020-12-01 15:26:05,13848,13848,13848,2
2020-12-01 15:26:06,13848,13848,13848,2
2020-12-01 15:26:08,13848,13848,13848,2
2020-12-01 15:26:10,13848,13848,13848,2
2020-12-01 15:26:14,13848,13848,13848,16
2020-12-01 15:26:19,13848,13848,13848,2
2020-12-01 15:26:22,13848,13848,13848,2
2020-12-01 15:26:22,13847,13847,13847,2
2020-12-01 15:26:24,13847,13847,13847,4
2020-12-01 15:26:25,13847,13847,13847,2
2020-12-01 15:26:25,13847,13847,13847,2
2020-12-01 15:26:25,13847,13847,13847,2
2020-12-01 15:26:25,13847,13847,13847,2
2020-12-01 15:26:25,13846,13846,13846,2
2020-12-01 15:26:30,13846,13846,13846,2
2020-12-01 15:26:34,13846,13846,13846,2
2020-12-01 15:26:39,13846,13846,13846,2
2020-12-01 15:26:39,13846,13846,13846,2
2020-12-01 15:26:41,13846,13846,13846,2
2020-12-01 15:26:43,13846,13846,13846,2
2020-12-01 15:26:47,13845,13845,13845,2
2020-12-01 15:26:47,13845,13845,13845,2
2020-12-01 15:26:52,13845,13845,13845,2
2020-12-01 15:26:52,13846,13846,13846,2
2020-12-01 15:26:53,13846,13846,13846,2
2020-12-01 15:26:53,13846,13846,13846,2
2020-12-01 15:26:56,13846,13846,13846,2
2020-12-01 15:26:57,13846,13846,13846,2
2020-12-01 15:26:59,13846,13846,13846,2
2020-12-01 15:27:03,13846,13846,13846,2
2020-12-01 15:27:04,13846,13846,13846,4
2020-12-01 15:27:04,13845,13845,13845,2
2020-12-01 15:27:04,13845,13845,13845,6
2020-12-01 15:27:04,13846,13846,13846,2
2020-12-01 15:27:06,13846,13846,13846,2
2020-12-01 15:27:06,13846,13846,13846,4
2020-12-01 15:27:10,13846,13846,13846,2
2020-12-01 15:27:10,13846,13846,13846,2
2020-12-01 15:27:12,13846,13846,13846,2
2020-12-01 15:27:13,13847,13847,13847,2
2020-12-01 15:27:18,13847,13847,13847,4
2020-12-01 15:27:19,13846,13846,13846,2
2020-12-01 15:27:19,13846,13846,13846,2
2020-12-01 15:27:20,13846,13846,13846,2
2020-12-01 15:27:22,13847,13847,13847,4
2020-12-01 15:27:33,13846,13846,13846,2
2020-12-01 15:27:36,13847,13847,13847,2
2020-12-01 15:27:36,13847,13847,13847,6
2020-12-01 15:27:36,13847,13847,13847,8
2020-12-01 15:27:36,13847,13847,13847,2
2020-12-01 15:27:36,13847,13847,13847,2
2020-12-01 15:27:36,13847,13847,13847,2
2020-12-01 15:27:36,13846,13846,13846,2
2020-12-01 15:27:36,13846,13846,13846,2
2020-12-01 15:27:36,13846,13846,13846,2
2020-12-01 15:27:36,13846,13846,13846,2
2020-12-01 15:27:36,13846,13846,13846,2
2020-12-01 15:27:36,13846,13846,13846,2
2020-12-01 15:27:36,13846,13846,13846,2
2020-12-01 15:27:36,13846,13846,13846,2
2020-12-01 15:27:36,13846,13846,13846,2
2020-12-01 15:27:36,13846,13846,13846,2
2020-12-01 15:27:36,13846,13846,13846,2
2020-12-01 15:27:36,13846,13846,13846,2
2020-12-01 15:27:36,13846,13846,13846,2
2020-12-01 15:27:36,13846,13846,13846,12
2020-12-01 15:27:37,13847,13847,13847,2
2020-12-01 15:27:39,13847,13847,13847,2
2020-12-01 15:27:43,13847,13847,13847,4
2020-12-01 15:27:43,13848,13848,13848,2
2020-12-01 15:27:43,13849,13849,13849,4
2020-12-01 15:27:46,13849,13849,13849,2
2020-12-01 15:27:52,13848,13848,13848,4
2020-12-01 15:27:57,13848,13848,13848,2
2020-12-01 15:27:58,13847,13847,13847,2
2020-12-01 15:27:59,13847,13847,13847,2
2020-12-01 15:28:01,13847,13847,13847,2
2020-12-01 15:28:02,13847,13847,13847,2
2020-12-01 15:28:03,13849,13849,13849,2
2020-12-01 15:28:04,13847,13847,13847,2
2020-12-01 15:28:04,13847,13847,13847,2
2020-12-01 15:28:10,13848,13848,13848,2
2020-12-01 15:28:14,13849,13849,13849,4
2020-12-01 15:28:27,13849,13849,13849,4
2020-12-01 15:28:27,13850,13850,13850,2
2020-12-01 15:28:34,13850,13850,13850,2
2020-12-01 15:28:34,13850,13850,13850,2
2020-12-01 15:28:37,13850,13850,13850,2
2020-12-01 15:28:39,13850,13850,13850,6
2020-12-01 15:28:40,13850,13850,13850,2
2020-12-01 15:28:42,13850,13850,13850,2
2020-12-01 15:28:42,13850,13850,13850,2
2020-12-01 15:28:59,13851,13851,13851,4
2020-12-01 15:28:59,13852,13852,13852,6
2020-12-01 15:29:05,13851,13851,13851,2
2020-12-01 15:29:08,13852,13852,13852,14
2020-12-01 15:29:10,13851,13851,13851,2
2020-12-01 15:29:18,13852,13852,13852,2
2020-12-01 15:29:19,13850,13850,13850,2
2020-12-01 15:29:19,13850,13850,13850,2
2020-12-01 15:29:32,13852,13852,13852,2
2020-12-01 15:29:35,13851,13851,13851,2
2020-12-01 15:29:36,13852,13852,13852,6
2020-12-01 15:29:37,13852,13852,13852,2
2020-12-01 15:29:42,13853,13853,13853,2
2020-12-01 15:29:42,13853,13853,13853,2
2020-12-01 15:29:44,13852,13852,13852,4
2020-12-01 15:29:44,13852,13852,13852,2
2020-12-01 15:29:48,13852,13852,13852,2
2020-12-01 15:29:49,13851,13851,13851,2
2020-12-01 15:29:52,13852,13852,13852,2
2020-12-01 15:29:57,13851,13851,13851,2
2020-12-01 15:29:58,13850,13850,13850,2
2020-12-01 15:29:58,13850,13850,13850,2
2020-12-01 15:29:58,13850,13850,13850,2
2020-12-01 15:29:58,13850,13850,13850,2
2020-12-01 15:29:58,13850,13850,13850,2
2020-12-01 15:29:58,13850,13850,13850,8
2020-12-01 15:29:58,13850,13850,13850,2
2020-12-01 15:29:58,13850,13850,13850,2
2020-12-01 15:29:58,13850,13850,13850,2
2020-12-01 15:30:02,13849,13849,13849,2
2020-12-01 15:30:02,13849,13849,13849,2
2020-12-01 15:30:02,13849,13849,13849,2
2020-12-01 15:30:02,13849,13849,13849,2
2020-12-01 15:30:12,13848,13848,13848,2
2020-12-01 15:30:13,13848,13848,13848,2
2020-12-01 15:30:13,13849,13849,13849,2
2020-12-01 15:30:14,13848,13848,13848,2
2020-12-01 15:30:15,13849,13849,13849,2
2020-12-01 15:30:17,13848,13848,13848,2
2020-12-01 15:30:21,13849,13849,13849,2
2020-12-01 15:30:24,13848,13848,13848,2
2020-12-01 15:30:26,13848,13848,13848,2
2020-12-01 15:30:28,13848,13848,13848,2
2020-12-01 15:30:33,13849,13849,13849,6
2020-12-01 15:30:36,13850,13850,13850,2
2020-12-01 15:30:36,13850,13850,13850,16
2020-12-01 15:30:36,13851,13851,13851,2
2020-12-01 15:30:37,13852,13852,13852,2
2020-12-01 15:30:37,13852,13852,13852,4
2020-12-01 15:30:37,13853,13853,13853,2
2020-12-01 15:30:37,13853,13853,13853,2
2020-12-01 15:30:37,13853,13853,13853,2
2020-12-01 15:30:37,13853,13853,13853,4
2020-12-01 15:30:37,13853,13853,13853,2
2020-12-01 15:30:43,13853,13853,13853,2
2020-12-01 15:30:47,13852,13852,13852,2
2020-12-01 15:30:55,13852,13852,13852,2
2020-12-01 15:30:58,13852,13852,13852,2
2020-12-01 15:31:02,13852,13852,13852,2
2020-12-01 15:31:02,13852,13852,13852,2
2020-12-01 15:31:07,13852,13852,13852,2
2020-12-01 15:31:10,13852,13852,13852,2
2020-12-01 15:31:10,13851,13851,13851,2
2020-12-01 15:31:12,13850,13850,13850,2
2020-12-01 15:31:12,13851,13851,13851,2
2020-12-01 15:31:12,13851,13851,13851,2
2020-12-01 15:31:13,13850,13850,13850,2
2020-12-01 15:31:13,13850,13850,13850,2
2020-12-01 15:31:13,13850,13850,13850,2
2020-12-01 15:31:13,13850,13850,13850,2
2020-12-01 15:31:13,13850,13850,13850,2
2020-12-01 15:31:13,13850,13850,13850,2
2020-12-01 15:31:13,13849,13849,13849,2
2020-12-01 15:31:13,13849,13849,13849,2
2020-12-01 15:31:13,13849,13849,13849,2
2020-12-01 15:31:13,13849,13849,13849,2
2020-12-01 15:31:13,13849,13849,13849,2
2020-12-01 15:31:13,13849,13849,13849,2
2020-12-01 15:31:13,13849,13849,13849,2
2020-12-01 15:31:13,13849,13849,13849,2
2020-12-01 15:31:13,13849,13849,13849,4
2020-12-01 15:31:13,13849,13849,13849,6
2020-12-01 15:31:13,13849,13849,13849,10
2020-12-01 15:31:13,13849,13849,13849,2
2020-12-01 15:31:13,13850,13850,13850,2
2020-12-01 15:31:15,13851,13851,13851,4
2020-12-01 15:31:15,13851,13851,13851,2
2020-12-01 15:31:15,13851,13851,13851,2
2020-12-01 15:31:29,13852,13852,13852,4
2020-12-01 15:31:31,13851,13851,13851,4
2020-12-01 15:31:32,13851,13851,13851,2
2020-12-01 15:31:33,13851,13851,13851,2
2020-12-01 15:31:33,13851,13851,13851,4
2020-12-01 15:31:56,13852,13852,13852,2
2020-12-01 15:32:02,13851,13851,13851,2
2020-12-01 15:32:02,13851,13851,13851,2
2020-12-01 15:32:04,13852,13852,13852,2
2020-12-01 15:32:09,13852,13852,13852,2
2020-12-01 15:32:14,13853,13853,13853,2
2020-12-01 15:32:14,13853,13853,13853,2
2020-12-01 15:32:14,13853,13853,13853,2
2020-12-01 15:32:14,13853,13853,13853,2
2020-12-01 15:32:14,13853,13853,13853,8
2020-12-01 15:32:14,13853,13853,13853,2
2020-12-01 15:32:18,13854,13854,13854,2
2020-12-01 15:32:22,13854,13854,13854,2
2020-12-01 15:32:23,13854,13854,13854,8
2020-12-01 15:32:23,13854,13854,13854,4
2020-12-01 15:32:26,13854,13854,13854,2
2020-12-01 15:32:30,13854,13854,13854,2
2020-12-01 15:32:33,13855,13855,13855,10
2020-12-01 15:32:33,13855,13855,13855,2
2020-12-01 15:32:35,13855,13855,13855,2
2020-12-01 15:32:43,13856,13856,13856,4
2020-12-01 15:32:47,13856,13856,13856,2
2020-12-01 15:32:48,13856,13856,13856,4
2020-12-01 15:32:49,13856,13856,13856,2
2020-12-01 15:32:49,13856,13856,13856,2
2020-12-01 15:33:02,13856,13856,13856,2
2020-12-01 15:33:02,13856,13856,13856,2
2020-12-01 15:33:02,13856,13856,13856,2
2020-12-01 15:33:02,13856,13856,13856,2
2020-12-01 15:33:03,13856,13856,13856,2
2020-12-01 15:33:05,13855,13855,13855,2
2020-12-01 15:33:05,13855,13855,13855,2
2020-12-01 15:33:05,13855,13855,13855,2
2020-12-01 15:33:05,13855,13855,13855,2
2020-12-01 15:33:05,13855,13855,13855,2
2020-12-01 15:33:07,13855,13855,13855,2
2020-12-01 15:33:07,13855,13855,13855,4
2020-12-01 15:33:07,13855,13855,13855,2
2020-12-01 15:33:08,13855,13855,13855,2
2020-12-01 15:33:17,13855,13855,13855,4
2020-12-01 15:33:18,13854,13854,13854,2
2020-12-01 15:33:22,13854,13854,13854,8
2020-12-01 15:33:22,13854,13854,13854,6
2020-12-01 15:33:22,13854,13854,13854,4
2020-12-01 15:33:22,13854,13854,13854,2
2020-12-01 15:33:22,13854,13854,13854,2
2020-12-01 15:33:22,13854,13854,13854,2
2020-12-01 15:33:22,13854,13854,13854,2
2020-12-01 15:33:22,13854,13854,13854,2
2020-12-01 15:33:25,13855,13855,13855,4
2020-12-01 15:33:41,13855,13855,13855,4
2020-12-01 15:33:41,13855,13855,13855,4
2020-12-01 15:33:43,13856,13856,13856,2
2020-12-01 15:33:43,13856,13856,13856,4
2020-12-01 15:33:43,13857,13857,13857,2
2020-12-01 15:33:43,13857,13857,13857,10
2020-12-01 15:33:43,13857,13857,13857,6
2020-12-01 15:33:43,13857,13857,13857,2
2020-12-01 15:33:43,13858,13858,13858,4
2020-12-01 15:33:43,13858,13858,13858,2
2020-12-01 15:33:44,13858,13858,13858,4
2020-12-01 15:33:44,13858,13858,13858,6
2020-12-01 15:33:45,13859,13859,13859,2
2020-12-01 15:33:45,13859,13859,13859,6
2020-12-01 15:33:45,13859,13859,13859,8
2020-12-01 15:33:45,13860,13860,13860,10
2020-12-01 15:33:45,13860,13860,13860,8
2020-12-01 15:33:45,13860,13860,13860,10
2020-12-01 15:33:45,13860,13860,13860,8
2020-12-01 15:33:45,13861,13861,13861,4
2020-12-01 15:33:45,13860,13860,13860,4
2020-12-01 15:33:45,13860,13860,13860,2
2020-12-01 15:33:45,13860,13860,13860,2
2020-12-01 15:33:45,13860,13860,13860,2
2020-12-01 15:33:48,13859,13859,13859,2
2020-12-01 15:33:48,13858,13858,13858,2
2020-12-01 15:33:49,13858,13858,13858,2
2020-12-01 15:33:51,13858,13858,13858,2
2020-12-01 15:33:54,13857,13857,13857,2
2020-12-01 15:33:54,13857,13857,13857,2
2020-12-01 15:33:54,13857,13857,13857,2
2020-12-01 15:33:54,13857,13857,13857,2
2020-12-01 15:33:54,13857,13857,13857,2
2020-12-01 15:33:56,13857,13857,13857,6
2020-12-01 15:33:56,13857,13857,13857,2
2020-12-01 15:33:56,13856,13856,13856,2
2020-12-01 15:33:56,13856,13856,13856,2
2020-12-01 15:33:57,13856,13856,13856,2
2020-12-01 15:33:58,13856,13856,13856,2
2020-12-01 15:34:04,13856,13856,13856,2
2020-12-01 15:34:06,13857,13857,13857,2
2020-12-01 15:34:24,13858,13858,13858,2
2020-12-01 15:34:24,13858,13858,13858,4
2020-12-01 15:34:33,13857,13857,13857,18
2020-12-01 15:34:33,13857,13857,13857,2
2020-12-01 15:34:33,13857,13857,13857,2
2020-12-01 15:34:33,13857,13857,13857,2
2020-12-01 15:34:33,13857,13857,13857,2
2020-12-01 15:34:33,13857,13857,13857,2
2020-12-01 15:34:33,13856,13856,13856,4
2020-12-01 15:34:33,13856,13856,13856,2
2020-12-01 15:34:33,13856,13856,13856,2
2020-12-01 15:34:33,13857,13857,13857,2
2020-12-01 15:34:35,13856,13856,13856,2
2020-12-01 15:34:35,13855,13855,13855,2
2020-12-01 15:34:35,13855,13855,13855,2
2020-12-01 15:34:35,13855,13855,13855,2
2020-12-01 15:34:35,13855,13855,13855,4
2020-12-01 15:34:35,13855,13855,13855,2
2020-12-01 15:34:42,13856,13856,13856,2
2020-12-01 15:34:42,13854,13854,13854,2
2020-12-01 15:34:46,13855,13855,13855,2
2020-12-01 15:34:56,13855,13855,13855,2
2020-12-01 15:34:59,13855,13855,13855,2
2020-12-01 15:35:02,13855,13855,13855,2
2020-12-01 15:35:02,13854,13854,13854,4
2020-12-01 15:35:02,13854,13854,13854,2
2020-12-01 15:35:02,13854,13854,13854,4
2020-12-01 15:35:02,13854,13854,13854,4
2020-12-01 15:35:02,13854,13854,13854,2
2020-12-01 15:35:02,13854,13854,13854,2
2020-12-01 15:35:02,13854,13854,13854,6
2020-12-01 15:35:02,13854,13854,13854,2
2020-12-01 15:35:02,13854,13854,13854,2
2020-12-01 15:35:03,13855,13855,13855,2
2020-12-01 15:35:09,13855,13855,13855,2
2020-12-01 15:35:15,13856,13856,13856,2
2020-12-01 15:35:19,13857,13857,13857,2
2020-12-01 15:35:20,13858,13858,13858,2
2020-12-01 15:35:20,13857,13857,13857,2
2020-12-01 15:35:30,13856,13856,13856,2
2020-12-01 15:35:34,13855,13855,13855,2
2020-12-01 15:35:37,13855,13855,13855,2
2020-12-01 15:35:37,13855,13855,13855,6
2020-12-01 15:35:38,13854,13854,13854,2
2020-12-01 15:35:38,13854,13854,13854,2
2020-12-01 15:35:47,13854,13854,13854,2
2020-12-01 15:35:47,13854,13854,13854,2
2020-12-01 15:35:47,13855,13855,13855,6
2020-12-01 15:35:53,13854,13854,13854,2
2020-12-01 15:36:01,13854,13854,13854,2
2020-12-01 15:36:10,13854,13854,13854,2
2020-12-01 15:36:19,13855,13855,13855,2
2020-12-01 15:36:19,13855,13855,13855,2
2020-12-01 15:36:21,13855,13855,13855,2
2020-12-01 15:36:21,13855,13855,13855,2
2020-12-01 15:36:26,13855,13855,13855,8
2020-12-01 15:36:34,13855,13855,13855,2
2020-12-01 15:36:50,13856,13856,13856,8
2020-12-01 15:36:54,13856,13856,13856,2
2020-12-01 15:36:55,13856,13856,13856,2
2020-12-01 15:37:05,13857,13857,13857,2
2020-12-01 15:37:08,13857,13857,13857,2
2020-12-01 15:37:24,13857,13857,13857,4
2020-12-01 15:37:25,13856,13856,13856,2
2020-12-01 15:37:54,13856,13856,13856,2
2020-12-01 15:37:54,13856,13856,13856,2
2020-12-01 15:37:54,13856,13856,13856,2
2020-12-01 15:37:54,13856,13856,13856,2
2020-12-01 15:37:54,13856,13856,13856,2
2020-12-01 15:37:55,13855,13855,13855,2
2020-12-01 15:37:55,13855,13855,13855,8
2020-12-01 15:37:55,13855,13855,13855,2
2020-12-01 15:37:55,13855,13855,13855,6
2020-12-01 15:37:55,13855,13855,13855,2
2020-12-01 15:37:55,13855,13855,13855,2
2020-12-01 15:37:55,13855,13855,13855,4
2020-12-01 15:37:56,13854,13854,13854,2
2020-12-01 15:37:57,13854,13854,13854,2
2020-12-01 15:38:05,13854,13854,13854,2
2020-12-01 15:38:07,13854,13854,13854,2
2020-12-01 15:38:07,13854,13854,13854,2
2020-12-01 15:38:07,13854,13854,13854,2
2020-12-01 15:38:09,13854,13854,13854,2
2020-12-01 15:38:12,13853,13853,13853,2
2020-12-01 15:38:14,13853,13853,13853,2
2020-12-01 15:38:16,13853,13853,13853,2
2020-12-01 15:38:23,13853,13853,13853,2
2020-12-01 15:38:28,13853,13853,13853,2
2020-12-01 15:38:30,13853,13853,13853,2
2020-12-01 15:38:31,13852,13852,13852,2
2020-12-01 15:38:32,13852,13852,13852,2
2020-12-01 15:38:32,13852,13852,13852,2
2020-12-01 15:38:32,13852,13852,13852,2
2020-12-01 15:38:32,13852,13852,13852,10
2020-12-01 15:38:32,13852,13852,13852,10
2020-12-01 15:38:32,13852,13852,13852,2
2020-12-01 15:38:41,13852,13852,13852,4
2020-12-01 15:38:44,13852,13852,13852,4
2020-12-01 15:38:52,13852,13852,13852,2
2020-12-01 15:38:56,13852,13852,13852,2
2020-12-01 15:38:57,13852,13852,13852,2
2020-12-01 15:39:02,13851,13851,13851,2
2020-12-01 15:39:02,13851,13851,13851,2
2020-12-01 15:39:02,13851,13851,13851,4
2020-12-01 15:39:02,13851,13851,13851,2
2020-12-01 15:39:05,13851,13851,13851,2
2020-12-01 15:39:06,13851,13851,13851,2
2020-12-01 15:39:08,13851,13851,13851,2
2020-12-01 15:39:22,13851,13851,13851,2
2020-12-01 15:39:22,13851,13851,13851,2
2020-12-01 15:39:22,13851,13851,13851,2
2020-12-01 15:39:22,13851,13851,13851,2
2020-12-01 15:39:22,13851,13851,13851,2
2020-12-01 15:39:22,13851,13851,13851,2
2020-12-01 15:39:23,13850,13850,13850,2
2020-12-01 15:39:24,13851,13851,13851,2
2020-12-01 15:39:25,13851,13851,13851,2
2020-12-01 15:39:35,13851,13851,13851,2
2020-12-01 15:39:35,13851,13851,13851,2
2020-12-01 15:39:38,13851,13851,13851,2
2020-12-01 15:39:46,13851,13851,13851,2
2020-12-01 15:40:02,13851,13851,13851,2
2020-12-01 15:40:13,13852,13852,13852,2
2020-12-01 15:40:14,13852,13852,13852,8
2020-12-01 15:40:14,13853,13853,13853,8
2020-12-01 15:40:15,13854,13854,13854,4
2020-12-01 15:40:21,13854,13854,13854,4
2020-12-01 15:40:25,13854,13854,13854,2
2020-12-01 15:40:47,13854,13854,13854,2
2020-12-01 15:40:48,13854,13854,13854,6
2020-12-01 15:40:48,13854,13854,13854,2
2020-12-01 15:40:48,13854,13854,13854,2
2020-12-01 15:40:50,13854,13854,13854,2
2020-12-01 15:40:53,13855,13855,13855,2
2020-12-01 15:40:53,13855,13855,13855,2
2020-12-01 15:40:58,13854,13854,13854,2
2020-12-01 15:40:58,13854,13854,13854,2
2020-12-01 15:40:58,13854,13854,13854,2
2020-12-01 15:41:02,13854,13854,13854,2
2020-12-01 15:41:07,13855,13855,13855,4
2020-12-01 15:41:08,13855,13855,13855,2
2020-12-01 15:41:08,13855,13855,13855,2
2020-12-01 15:41:14,13855,13855,13855,2
2020-12-01 15:41:29,13856,13856,13856,10
2020-12-01 15:41:39,13856,13856,13856,4
2020-12-01 15:42:18,13855,13855,13855,2
2020-12-01 15:42:18,13855,13855,13855,2
2020-12-01 15:42:18,13855,13855,13855,2
2020-12-01 15:42:18,13855,13855,13855,2
2020-12-01 15:42:18,13855,13855,13855,4
2020-12-01 15:42:18,13855,13855,13855,4
2020-12-01 15:42:18,13855,13855,13855,2
2020-12-01 15:42:19,13854,13854,13854,2
2020-12-01 15:42:19,13854,13854,13854,4
2020-12-01 15:42:19,13854,13854,13854,2
2020-12-01 15:42:19,13854,13854,13854,2
2020-12-01 15:42:19,13854,13854,13854,2
2020-12-01 15:42:33,13853,13853,13853,2
2020-12-01 15:42:33,13852,13852,13852,2
2020-12-01 15:42:33,13853,13853,13853,10
2020-12-01 15:42:36,13852,13852,13852,2
2020-12-01 15:42:42,13852,13852,13852,2
2020-12-01 15:42:49,13852,13852,13852,4
2020-12-01 15:42:54,13852,13852,13852,2
2020-12-01 15:42:59,13853,13853,13853,2
2020-12-01 15:43:08,13852,13852,13852,2
2020-12-01 15:43:08,13852,13852,13852,2
2020-12-01 15:43:13,13852,13852,13852,2
2020-12-01 15:43:16,13852,13852,13852,2
2020-12-01 15:43:18,13852,13852,13852,2
2020-12-01 15:43:19,13851,13851,13851,2
2020-12-01 15:43:22,13852,13852,13852,2
2020-12-01 15:43:25,13851,13851,13851,2
2020-12-01 15:43:29,13851,13851,13851,2
2020-12-01 15:43:31,13852,13852,13852,2
2020-12-01 15:43:31,13852,13852,13852,2
2020-12-01 15:43:36,13851,13851,13851,2
2020-12-01 15:43:41,13851,13851,13851,2
2020-12-01 15:43:54,13853,13853,13853,4
2020-12-01 15:44:06,13854,13854,13854,2
2020-12-01 15:44:18,13855,13855,13855,2
2020-12-01 15:44:20,13855,13855,13855,2
2020-12-01 15:44:22,13855,13855,13855,2
2020-12-01 15:44:22,13855,13855,13855,2
2020-12-01 15:44:30,13855,13855,13855,2
2020-12-01 15:44:31,13856,13856,13856,2
2020-12-01 15:44:40,13856,13856,13856,2
2020-12-01 15:44:41,13855,13855,13855,2
2020-12-01 15:44:41,13855,13855,13855,2
2020-12-01 15:44:41,13855,13855,13855,2
2020-12-01 15:44:41,13855,13855,13855,2
2020-12-01 15:44:42,13856,13856,13856,4
2020-12-01 15:44:55,13855,13855,13855,2
2020-12-01 15:45:02,13854,13854,13854,2
2020-12-01 15:45:02,13854,13854,13854,2
2020-12-01 15:45:02,13854,13854,13854,2
2020-12-01 15:45:02,13854,13854,13854,2
2020-12-01 15:45:03,13854,13854,13854,2
2020-12-01 15:45:04,13854,13854,13854,4
2020-12-01 15:45:08,13854,13854,13854,2
2020-12-01 15:45:10,13854,13854,13854,2
2020-12-01 15:45:18,13854,13854,13854,6
2020-12-01 15:45:19,13855,13855,13855,2
2020-12-01 15:45:28,13854,13854,13854,4
2020-12-01 15:45:29,13854,13854,13854,8
2020-12-01 15:45:29,13854,13854,13854,2
2020-12-01 15:45:29,13854,13854,13854,2
2020-12-01 15:45:35,13854,13854,13854,2
2020-12-01 15:45:37,13855,13855,13855,6
2020-12-01 15:45:39,13854,13854,13854,2
2020-12-01 15:45:49,13855,13855,13855,2
2020-12-01 15:45:49,13855,13855,13855,4
2020-12-01 15:45:49,13855,13855,13855,4
2020-12-01 15:45:49,13855,13855,13855,4
2020-12-01 15:45:49,13856,13856,13856,2
2020-12-01 15:45:51,13856,13856,13856,4
2020-12-01 15:45:57,13856,13856,13856,2
2020-12-01 15:45:57,13856,13856,13856,2
2020-12-01 15:45:59,13857,13857,13857,2
2020-12-01 15:46:00,13857,13857,13857,8
2020-12-01 15:46:02,13857,13857,13857,2
2020-12-01 15:46:05,13858,13858,13858,2
2020-12-01 15:46:13,13857,13857,13857,2
2020-12-01 15:46:16,13856,13856,13856,4
2020-12-01 15:46:16,13856,13856,13856,8
2020-12-01 15:46:16,13856,13856,13856,10
2020-12-01 15:46:19,13855,13855,13855,2
2020-12-01 15:46:22,13855,13855,13855,2
2020-12-01 15:46:22,13855,13855,13855,18
2020-12-01 15:46:25,13856,13856,13856,4
2020-12-01 15:46:36,13856,13856,13856,2
2020-12-01 15:46:37,13855,13855,13855,2
2020-12-01 15:46:38,13855,13855,13855,2
2020-12-01 15:46:38,13854,13854,13854,2
2020-12-01 15:46:54,13854,13854,13854,4
2020-12-01 15:46:54,13854,13854,13854,2
2020-12-01 15:47:04,13854,13854,13854,2
2020-12-01 15:47:11,13855,13855,13855,2
2020-12-01 15:47:17,13854,13854,13854,2
2020-12-01 15:47:29,13855,13855,13855,2
2020-12-01 15:47:50,13856,13856,13856,2
2020-12-01 15:48:02,13856,13856,13856,2
2020-12-01 15:48:02,13856,13856,13856,4
2020-12-01 15:48:05,13856,13856,13856,2
2020-12-01 15:48:12,13857,13857,13857,2
2020-12-01 15:48:19,13857,13857,13857,6
2020-12-01 15:48:26,13857,13857,13857,2
2020-12-01 15:48:26,13856,13856,13856,2
2020-12-01 15:48:30,13858,13858,13858,2
2020-12-01 15:48:45,13857,13857,13857,2
2020-12-01 15:48:49,13856,13856,13856,2
2020-12-01 15:48:54,13857,13857,13857,2
2020-12-01 15:48:58,13856,13856,13856,2
2020-12-01 15:49:10,13856,13856,13856,2
2020-12-01 15:49:11,13856,13856,13856,2
2020-12-01 15:49:20,13856,13856,13856,2
2020-12-01 15:49:30,13857,13857,13857,2
2020-12-01 15:49:46,13857,13857,13857,2
2020-12-01 15:49:47,13857,13857,13857,2
2020-12-01 15:49:57,13857,13857,13857,6
2020-12-01 15:49:57,13857,13857,13857,8
2020-12-01 15:49:58,13856,13856,13856,4
2020-12-01 15:50:07,13856,13856,13856,2
2020-12-01 15:50:07,13856,13856,13856,2
2020-12-01 15:50:07,13856,13856,13856,2
2020-12-01 15:50:07,13856,13856,13856,2
2020-12-01 15:50:08,13856,13856,13856,2
2020-12-01 15:50:08,13856,13856,13856,2
2020-12-01 15:50:08,13857,13857,13857,2
2020-12-01 15:50:08,13857,13857,13857,2
2020-12-01 15:50:08,13857,13857,13857,2
2020-12-01 15:50:09,13857,13857,13857,2
2020-12-01 15:50:10,13857,13857,13857,2
2020-12-01 15:50:10,13857,13857,13857,2
2020-12-01 15:50:15,13856,13856,13856,6
2020-12-01 15:50:20,13856,13856,13856,2
2020-12-01 15:50:20,13856,13856,13856,2
2020-12-01 15:50:23,13856,13856,13856,8
2020-12-01 15:50:23,13856,13856,13856,2
2020-12-01 15:50:29,13856,13856,13856,2
2020-12-01 15:50:31,13857,13857,13857,4
2020-12-01 15:50:38,13856,13856,13856,2
2020-12-01 15:50:38,13857,13857,13857,2
2020-12-01 15:50:44,13857,13857,13857,4
2020-12-01 15:50:51,13857,13857,13857,2
2020-12-01 15:50:51,13857,13857,13857,2
2020-12-01 15:51:02,13857,13857,13857,2
2020-12-01 15:51:04,13857,13857,13857,2
2020-12-01 15:51:05,13856,13856,13856,4
2020-12-01 15:51:05,13856,13856,13856,2
2020-12-01 15:51:05,13856,13856,13856,2
2020-12-01 15:51:05,13856,13856,13856,4
2020-12-01 15:51:16,13856,13856,13856,2
2020-12-01 15:51:17,13856,13856,13856,2
2020-12-01 15:51:34,13857,13857,13857,2
2020-12-01 15:51:41,13858,13858,13858,2
2020-12-01 15:51:42,13858,13858,13858,2
2020-12-01 15:51:44,13857,13857,13857,6
2020-12-01 15:51:44,13857,13857,13857,2
2020-12-01 15:51:56,13857,13857,13857,2
2020-12-01 15:52:02,13856,13856,13856,2
2020-12-01 15:52:02,13856,13856,13856,2
2020-12-01 15:52:02,13855,13855,13855,2
2020-12-01 15:52:09,13855,13855,13855,2
2020-12-01 15:52:12,13855,13855,13855,2
2020-12-01 15:52:13,13855,13855,13855,2
2020-12-01 15:52:14,13855,13855,13855,2
2020-12-01 15:52:15,13855,13855,13855,2
2020-12-01 15:52:16,13855,13855,13855,2
2020-12-01 15:52:28,13855,13855,13855,2
2020-12-01 15:52:30,13855,13855,13855,2
2020-12-01 15:52:33,13855,13855,13855,2
2020-12-01 15:52:33,13855,13855,13855,2
2020-12-01 15:52:33,13855,13855,13855,2
2020-12-01 15:52:34,13855,13855,13855,2
2020-12-01 15:52:41,13855,13855,13855,2
2020-12-01 15:52:47,13856,13856,13856,2
2020-12-01 15:52:48,13855,13855,13855,2
2020-12-01 15:52:53,13856,13856,13856,2
2020-12-01 15:52:55,13856,13856,13856,2
2020-12-01 15:53:02,13855,13855,13855,2
2020-12-01 15:53:07,13855,13855,13855,2
2020-12-01 15:53:07,13855,13855,13855,2
2020-12-01 15:53:17,13854,13854,13854,2
2020-12-01 15:53:17,13854,13854,13854,2
2020-12-01 15:53:17,13854,13854,13854,2
2020-12-01 15:53:17,13854,13854,13854,2
2020-12-01 15:53:17,13854,13854,13854,2
2020-12-01 15:53:18,13854,13854,13854,2
2020-12-01 15:53:18,13853,13853,13853,2
2020-12-01 15:53:18,13853,13853,13853,6
2020-12-01 15:53:19,13853,13853,13853,2
2020-12-01 15:53:25,13853,13853,13853,4
2020-12-01 15:53:25,13853,13853,13853,2
2020-12-01 15:53:25,13853,13853,13853,2
2020-12-01 15:53:26,13853,13853,13853,2
2020-12-01 15:53:42,13853,13853,13853,2
2020-12-01 15:53:43,13853,13853,13853,2
2020-12-01 15:53:45,13852,13852,13852,4
2020-12-01 15:53:48,13852,13852,13852,2
2020-12-01 15:53:52,13852,13852,13852,2
2020-12-01 15:53:52,13852,13852,13852,2
2020-12-01 15:53:52,13851,13851,13851,2
2020-12-01 15:53:52,13851,13851,13851,2
2020-12-01 15:53:52,13851,13851,13851,2
2020-12-01 15:53:52,13851,13851,13851,2
2020-12-01 15:53:56,13851,13851,13851,2
2020-12-01 15:53:56,13851,13851,13851,4
2020-12-01 15:53:56,13851,13851,13851,2
2020-12-01 15:53:56,13851,13851,13851,2
2020-12-01 15:53:56,13851,13851,13851,2
2020-12-01 15:53:56,13851,13851,13851,2
2020-12-01 15:53:56,13851,13851,13851,2
2020-12-01 15:53:56,13851,13851,13851,2
2020-12-01 15:53:56,13851,13851,13851,2
2020-12-01 15:53:56,13851,13851,13851,2
2020-12-01 15:53:56,13851,13851,13851,2
2020-12-01 15:53:57,13851,13851,13851,2
2020-12-01 15:53:57,13851,13851,13851,2
2020-12-01 15:54:00,13853,13853,13853,2
2020-12-01 15:54:00,13853,13853,13853,2
2020-12-01 15:54:00,13853,13853,13853,4
2020-12-01 15:54:00,13853,13853,13853,2
2020-12-01 15:54:00,13853,13853,13853,2
2020-12-01 15:54:01,13851,13851,13851,2
2020-12-01 15:54:02,13851,13851,13851,2
2020-12-01 15:54:02,13851,13851,13851,2
2020-12-01 15:54:02,13851,13851,13851,2
2020-12-01 15:54:02,13851,13851,13851,2
