2024-02-15 15:00:00.013,18667,18669,18666,1236,-1236
2024-02-15 15:00:00.014,18666,18667,18667,1,1
2024-02-15 15:00:00.014,18666,18667,18666,16,-16
2024-02-15 15:00:00.015,18666,18667,18668,1,1
2024-02-15 15:00:00.015,18666,18667,18668,1,1
2024-02-15 15:00:00.023,18666,18667,18668,4,4
2024-02-15 15:00:00.023,18666,18667,18668,5,5
2024-02-15 15:00:00.023,18666,18667,18668,1,1
2024-02-15 15:00:00.023,18666,18667,18669,1,1
2024-02-15 15:00:00.023,18666,18667,18669,1,1
2024-02-15 15:00:00.026,18666,18667,18668,1,1
2024-02-15 15:00:00.026,18666,18667,18669,3,3
2024-02-15 15:00:00.026,18666,18667,18669,5,5
2024-02-15 15:00:00.030,18666,18667,18669,2,2
2024-02-15 15:00:00.031,18666,18667,18669,4,4
2024-02-15 15:00:00.053,18665,18669,18667,1,1
2024-02-15 15:00:00.056,18665,18669,18667,3,3
2024-02-15 15:00:00.057,18665,18669,18666,4,-4
2024-02-15 15:00:00.058,18665,18669,18665,6,-6
2024-02-15 15:00:00.060,18665,18669,18667,3,-3
2024-02-15 15:00:00.062,18666,18669,18666,2,-2
2024-02-15 15:00:00.126,18666,18667,18666,6,-6
2024-02-15 15:00:00.261,18666,18667,18667,1,1
2024-02-15 15:00:00.261,18666,18667,18668,1,1
2024-02-15 15:00:00.278,18666,18667,18668,1,1
2024-02-15 15:00:00.292,18666,18667,18668,1,1
2024-02-15 15:00:00.418,18667,18669,18669,8,8
2024-02-15 15:00:00.470,18667,18669,18669,1,1
2024-02-15 15:00:00.603,18668,18669,18667,1,-1
2024-02-15 15:00:00.623,18666,18669,18669,1,1
2024-02-15 15:00:00.681,18666,18669,18666,1,-1
2024-02-15 15:00:00.696,18666,18669,18668,2,2
2024-02-15 15:00:00.696,18666,18669,18669,1,1
2024-02-15 15:00:00.720,18666,18669,18669,1,1
2024-02-15 15:00:00.744,18666,18669,18669,3,3
2024-02-15 15:00:00.769,18666,18669,18666,5,-5
2024-02-15 15:00:00.769,18666,18669,18665,1,-1
2024-02-15 15:00:00.789,18666,18669,18667,1,-1
2024-02-15 15:00:00.789,18666,18669,18668,2,2
2024-02-15 15:00:00.792,18666,18669,18666,1,-1
2024-02-15 15:00:00.792,18666,18669,18665,5,-5
2024-02-15 15:00:00.814,18666,18669,18667,1,-1
2024-02-15 15:00:00.840,18666,18669,18667,1,-1
2024-02-15 15:00:00.840,18666,18669,18668,1,1
2024-02-15 15:00:00.876,18667,18668,18667,1,-1
2024-02-15 15:00:00.895,18667,18668,18666,1,-1
2024-02-15 15:00:00.931,18667,18668,18667,2,-2
2024-02-15 15:00:00.931,18667,18668,18668,1,1
2024-02-15 15:00:00.961,18667,18668,18666,1,-1
2024-02-15 15:00:01.010,18666,18667,18667,1,1
2024-02-15 15:00:01.061,18666,18667,18668,2,2
2024-02-15 15:00:01.117,18668,18669,18669,1,1
2024-02-15 15:00:01.146,18668,18669,18670,1,1
2024-02-15 15:00:01.171,18668,18669,18668,4,-4
2024-02-15 15:00:01.171,18668,18669,18668,1,-1
2024-02-15 15:00:01.263,18667,18668,18668,1,1
2024-02-15 15:00:01.269,18667,18668,18668,1,1
2024-02-15 15:00:01.439,18667,18668,18668,1,1
2024-02-15 15:00:01.688,18667,18668,18668,1,1
2024-02-15 15:00:01.741,18667,18668,18668,1,1
2024-02-15 15:00:01.988,18667,18668,18667,1,-1
2024-02-15 15:00:02.429,18667,18668,18667,1,-1
2024-02-15 15:00:02.623,18667,18668,18667,7,-7
2024-02-15 15:00:02.674,18667,18668,18667,1,-1
2024-02-15 15:00:03.114,18666,18667,18667,1,1
2024-02-15 15:00:03.114,18666,18667,18668,4,4
2024-02-15 15:00:03.495,18666,18668,18668,2,2
2024-02-15 15:00:03.994,18666,18667,18667,1,1
2024-02-15 15:00:04.619,18666,18667,18667,1,1
2024-02-15 15:00:04.648,18666,18667,18666,5,-5
2024-02-15 15:00:06.264,18666,18667,18666,5,-5
2024-02-15 15:00:06.264,18666,18667,18666,1,-1
2024-02-15 15:00:06.264,18666,18667,18666,6,-6
2024-02-15 15:00:06.294,18666,18667,18666,2,-2
2024-02-15 15:00:06.295,18666,18667,18666,2,-2
2024-02-15 15:00:06.599,18666,18667,18666,1,-1
2024-02-15 15:00:06.936,18666,18667,18667,2,2
2024-02-15 15:00:08.224,18666,18667,18666,1,-1
2024-02-15 15:00:09.140,18666,18667,18667,5,5
2024-02-15 15:00:10.095,18666,18667,18667,2,2
2024-02-15 15:00:10.140,18666,18667,18667,9,9
2024-02-15 15:00:10.141,18666,18667,18667,3,3
2024-02-15 15:00:14.969,18667,18668,18668,1,1
2024-02-15 15:00:15.383,18667,18668,18667,1,-1
2024-02-15 15:00:15.674,18667,18668,18667,1,-1
2024-02-15 15:00:15.691,18667,18668,18667,1,-1
2024-02-15 15:00:15.791,18667,18668,18668,4,4
2024-02-15 15:00:16.995,18667,18668,18668,1,1
2024-02-15 15:00:17.229,18667,18668,18667,1,-1
2024-02-15 15:00:18.110,18667,18668,18668,1,1
2024-02-15 15:00:18.918,18667,18668,18668,1,1
2024-02-15 15:00:19.840,18667,18668,18668,10,10
2024-02-15 15:00:19.840,18667,18668,18668,3,3
2024-02-15 15:00:20.840,18668,18669,18669,5,5
2024-02-15 15:00:21.116,18668,18669,18668,3,-3
2024-02-15 15:00:21.200,18668,18669,18669,1,1
2024-02-15 15:00:22.915,18668,18669,18669,1,1
2024-02-15 15:00:24.591,18668,18669,18669,11,11
2024-02-15 15:00:25.521,18668,18669,18669,2,2
2024-02-15 15:00:26.374,18668,18669,18669,4,4
2024-02-15 15:00:26.392,18668,18669,18669,2,2
2024-02-15 15:00:26.392,18668,18669,18670,2,2
2024-02-15 15:00:26.891,18669,18670,18669,1,-1
2024-02-15 15:00:27.064,18669,18670,18669,6,-6
2024-02-15 15:00:27.090,18669,18670,18670,2,2
2024-02-15 15:00:27.374,18669,18670,18670,2,2
2024-02-15 15:00:27.392,18669,18670,18670,3,3
2024-02-15 15:00:28.090,18669,18671,18671,5,5
2024-02-15 15:00:29.183,18669,18670,18670,1,1
2024-02-15 15:00:30.276,18670,18671,18670,1,-1
2024-02-15 15:00:32.003,18670,18672,18670,2,-2
2024-02-15 15:00:35.360,18670,18671,18671,4,4
2024-02-15 15:00:35.567,18670,18671,18671,1,1
2024-02-15 15:00:35.567,18670,18671,18672,1,1
2024-02-15 15:00:36.566,18670,18672,18672,3,3
2024-02-15 15:00:36.988,18670,18672,18672,11,11
2024-02-15 15:00:37.145,18671,18672,18671,1,-1
2024-02-15 15:00:38.249,18671,18672,18672,4,4
2024-02-15 15:00:40.225,18671,18672,18672,7,7
2024-02-15 15:00:40.502,18671,18672,18672,11,11
2024-02-15 15:00:42.285,18671,18672,18672,1,1
2024-02-15 15:00:42.286,18671,18672,18671,7,-7
2024-02-15 15:00:42.313,18671,18672,18671,3,-3
2024-02-15 15:00:42.373,18670,18671,18671,1,1
2024-02-15 15:00:42.533,18670,18671,18671,4,4
2024-02-15 15:00:42.654,18670,18671,18671,2,2
2024-02-15 15:00:42.679,18670,18671,18671,2,2
2024-02-15 15:00:42.679,18670,18671,18672,1,1
2024-02-15 15:00:44.855,18671,18672,18671,1,-1
2024-02-15 15:00:45.203,18670,18672,18671,1,-1
2024-02-15 15:00:45.683,18670,18671,18671,8,8
2024-02-15 15:00:46.683,18670,18671,18671,2,2
2024-02-15 15:00:46.742,18670,18671,18671,1,1
2024-02-15 15:00:46.865,18670,18671,18671,7,7
2024-02-15 15:00:46.865,18670,18671,18672,2,2
2024-02-15 15:00:52.015,18670,18671,18671,5,5
2024-02-15 15:00:52.068,18670,18671,18670,4,-4
2024-02-15 15:00:52.095,18670,18671,18671,2,2
2024-02-15 15:00:53.355,18670,18672,18672,6,6
2024-02-15 15:00:58.443,18671,18672,18672,10,10
2024-02-15 15:00:59.337,18671,18672,18672,1,1
2024-02-15 15:00:59.912,18671,18672,18672,1,1
2024-02-15 15:01:00.365,18671,18672,18671,2,-2
2024-02-15 15:01:00.429,18671,18672,18672,1,1
2024-02-15 15:01:00.816,18671,18672,18672,1,1
2024-02-15 15:01:01.605,18671,18672,18672,7,7
2024-02-15 15:01:01.635,18671,18672,18671,4,-4
2024-02-15 15:01:02.253,18671,18672,18672,1,1
2024-02-15 15:01:02.313,18671,18672,18672,1,1
2024-02-15 15:01:02.320,18671,18672,18673,1,1
2024-02-15 15:01:02.605,18671,18673,18673,2,2
2024-02-15 15:01:02.762,18671,18673,18672,1,1
2024-02-15 15:01:03.251,18671,18673,18673,6,6
2024-02-15 15:01:05.996,18672,18673,18672,1,-1
2024-02-15 15:01:06.309,18671,18673,18672,1,-1
2024-02-15 15:01:06.719,18671,18673,18673,1,1
2024-02-15 15:01:07.048,18671,18673,18671,4,-4
2024-02-15 15:01:09.377,18671,18673,18673,1,1
2024-02-15 15:01:11.278,18671,18672,18671,1,-1
2024-02-15 15:01:11.279,18671,18672,18671,8,-8
2024-02-15 15:01:11.317,18671,18672,18671,3,-3
2024-02-15 15:01:11.336,18671,18672,18671,3,-3
2024-02-15 15:01:11.842,18670,18672,18672,1,1
2024-02-15 15:01:14.337,18671,18672,18672,1,1
2024-02-15 15:01:15.840,18671,18672,18671,1,-1
2024-02-15 15:01:15.844,18671,18672,18670,6,-6
2024-02-15 15:01:15.844,18671,18672,18670,3,-3
2024-02-15 15:01:15.844,18671,18672,18670,1,-1
2024-02-15 15:01:15.844,18671,18672,18670,4,-4
2024-02-15 15:01:15.847,18671,18672,18669,3,-3
2024-02-15 15:01:15.855,18671,18672,18669,14,-14
2024-02-15 15:01:15.880,18668,18669,18669,1,1
2024-02-15 15:01:15.880,18668,18669,18670,2,2
2024-02-15 15:01:15.882,18668,18669,18670,3,3
2024-02-15 15:01:15.887,18668,18669,18669,3,3
2024-02-15 15:01:15.887,18668,18669,18669,3,3
2024-02-15 15:01:15.888,18668,18669,18669,2,2
2024-02-15 15:01:16.004,18668,18669,18668,1,-1
2024-02-15 15:01:16.202,18668,18669,18668,1,-1
2024-02-15 15:01:20.766,18668,18669,18669,1,1
2024-02-15 15:01:31.383,18668,18669,18668,1,-1
2024-02-15 15:01:34.291,18668,18669,18669,1,1
2024-02-15 15:01:34.378,18668,18669,18668,3,-3
2024-02-15 15:01:34.510,18668,18669,18669,1,1
2024-02-15 15:01:35.259,18668,18669,18669,2,2
2024-02-15 15:01:37.121,18668,18669,18669,8,8
2024-02-15 15:01:44.929,18669,18670,18670,4,4
2024-02-15 15:01:44.929,18669,18670,18671,4,4
2024-02-15 15:01:53.063,18670,18671,18671,4,4
2024-02-15 15:01:53.063,18670,18671,18671,2,2
2024-02-15 15:01:57.952,18672,18673,18673,1,1
2024-02-15 15:01:58.072,18672,18673,18673,1,1
2024-02-15 15:01:58.109,18672,18673,18673,1,1
2024-02-15 15:01:58.316,18672,18673,18673,1,1
2024-02-15 15:02:02.904,18673,18674,18673,1,-1
2024-02-15 15:02:03.258,18673,18674,18673,5,-5
2024-02-15 15:02:05.116,18672,18674,18674,6,6
2024-02-15 15:02:05.482,18673,18674,18673,2,-2
2024-02-15 15:02:05.504,18673,18674,18673,1,-1
2024-02-15 15:02:08.004,18673,18674,18673,1,-1
2024-02-15 15:02:08.639,18673,18674,18674,4,4
2024-02-15 15:02:09.398,18673,18674,18673,1,-1
2024-02-15 15:02:09.505,18673,18674,18674,4,4
2024-02-15 15:02:10.205,18673,18674,18673,1,-1
2024-02-15 15:02:11.222,18673,18674,18674,2,2
2024-02-15 15:02:11.464,18673,18674,18674,4,4
2024-02-15 15:02:13.319,18673,18674,18673,1,-1
2024-02-15 15:02:15.260,18673,18674,18674,6,6
2024-02-15 15:02:15.260,18673,18674,18675,1,1
2024-02-15 15:02:15.755,18674,18675,18675,2,2
2024-02-15 15:02:15.937,18674,18675,18675,2,2
2024-02-15 15:02:15.979,18674,18675,18675,2,2
2024-02-15 15:02:15.979,18674,18675,18675,4,4
2024-02-15 15:02:15.979,18674,18675,18675,3,3
2024-02-15 15:02:15.979,18674,18675,18675,1,1
2024-02-15 15:02:15.979,18674,18675,18675,1,1
2024-02-15 15:02:15.979,18674,18675,18675,2,2
2024-02-15 15:02:15.980,18674,18675,18675,6,6
2024-02-15 15:02:19.119,18674,18675,18675,1,1
2024-02-15 15:02:19.289,18674,18675,18674,1,-1
2024-02-15 15:02:19.772,18674,18675,18675,7,7
2024-02-15 15:02:20.570,18674,18675,18674,1,-1
2024-02-15 15:02:20.570,18674,18675,18674,1,-1
2024-02-15 15:02:20.570,18674,18675,18674,1,-1
2024-02-15 15:02:20.570,18674,18675,18674,2,-2
2024-02-15 15:02:20.570,18674,18675,18674,5,-5
2024-02-15 15:02:23.554,18674,18675,18674,1,-1
2024-02-15 15:02:25.715,18673,18675,18675,2,2
2024-02-15 15:02:31.338,18673,18674,18674,1,1
2024-02-15 15:02:36.147,18673,18674,18674,1,1
2024-02-15 15:02:36.612,18674,18675,18675,4,4
2024-02-15 15:02:36.735,18674,18675,18674,1,-1
2024-02-15 15:02:40.236,18674,18675,18675,1,1
2024-02-15 15:02:40.613,18674,18676,18676,2,2
2024-02-15 15:02:42.442,18675,18676,18676,3,3
2024-02-15 15:02:43.850,18675,18676,18676,1,1
2024-02-15 15:02:46.923,18675,18676,18676,5,5
2024-02-15 15:02:49.198,18675,18676,18676,3,3
2024-02-15 15:02:50.556,18675,18676,18676,1,1
2024-02-15 15:02:51.144,18675,18676,18675,1,-1
2024-02-15 15:02:51.881,18675,18676,18676,10,10
2024-02-15 15:02:53.958,18675,18676,18676,3,3
2024-02-15 15:02:55.035,18675,18676,18676,1,1
2024-02-15 15:02:57.077,18675,18676,18676,2,2
2024-02-15 15:02:57.077,18675,18676,18677,2,2
2024-02-15 15:02:57.184,18676,18677,18677,1,1
2024-02-15 15:02:57.238,18676,18677,18677,1,1
2024-02-15 15:02:57.250,18676,18677,18677,1,1
2024-02-15 15:02:57.380,18676,18677,18677,4,4
2024-02-15 15:02:57.794,18676,18677,18677,1,1
2024-02-15 15:02:58.509,18676,18677,18676,1,-1
2024-02-15 15:02:58.903,18676,18677,18677,4,4
2024-02-15 15:02:59.556,18676,18677,18677,8,8
2024-02-15 15:02:59.556,18676,18677,18677,1,1
2024-02-15 15:03:00.230,18677,18678,18678,5,5
2024-02-15 15:03:00.362,18677,18678,18678,2,2
2024-02-15 15:03:01.996,18677,18678,18677,1,-1
2024-02-15 15:03:05.474,18676,18677,18677,2,2
2024-02-15 15:03:07.425,18676,18677,18677,1,1
2024-02-15 15:03:08.095,18676,18677,18677,2,2
2024-02-15 15:03:09.095,18676,18677,18677,2,2
2024-02-15 15:03:09.384,18677,18678,18678,5,5
2024-02-15 15:03:10.095,18677,18678,18678,1,1
2024-02-15 15:03:11.259,18677,18678,18678,1,1
2024-02-15 15:03:16.314,18677,18678,18678,2,2
2024-02-15 15:03:17.444,18677,18678,18678,5,5
2024-02-15 15:03:17.585,18677,18678,18678,1,1
2024-02-15 15:03:18.492,18677,18678,18678,1,1
2024-02-15 15:03:19.468,18677,18678,18678,2,2
2024-02-15 15:03:19.655,18677,18678,18678,1,1
2024-02-15 15:03:20.168,18677,18678,18678,1,1
2024-02-15 15:03:21.443,18677,18678,18677,1,-1
2024-02-15 15:03:21.444,18677,18678,18677,11,-11
2024-02-15 15:03:21.954,18676,18677,18677,1,1
2024-02-15 15:03:23.916,18676,18677,18677,1,1
2024-02-15 15:03:24.780,18676,18678,18678,2,2
2024-02-15 15:03:27.945,18677,18678,18677,1,-1
2024-02-15 15:03:31.084,18676,18677,18677,1,1
2024-02-15 15:03:31.308,18676,18677,18677,1,1
2024-02-15 15:03:31.555,18676,18677,18677,1,1
2024-02-15 15:03:31.717,18676,18677,18677,1,1
2024-02-15 15:03:32.743,18676,18677,18677,3,3
2024-02-15 15:03:33.086,18676,18677,18677,5,5
2024-02-15 15:03:36.694,18676,18678,18678,5,5
2024-02-15 15:03:36.787,18677,18678,18677,1,-1
2024-02-15 15:03:39.666,18677,18678,18678,4,4
2024-02-15 15:03:42.414,18677,18678,18678,5,5
2024-02-15 15:03:45.516,18678,18679,18678,1,-1
2024-02-15 15:03:47.060,18678,18679,18678,1,-1
2024-02-15 15:03:47.077,18678,18679,18679,5,5
2024-02-15 15:03:47.106,18678,18679,18679,4,4
2024-02-15 15:03:49.253,18678,18679,18679,5,5
2024-02-15 15:03:54.180,18678,18679,18679,2,2
2024-02-15 15:03:54.539,18678,18679,18679,3,3
2024-02-15 15:03:57.349,18678,18679,18679,4,4
2024-02-15 15:03:57.350,18678,18679,18679,1,1
2024-02-15 15:03:58.109,18679,18680,18680,64,64
2024-02-15 15:03:58.110,18679,18680,18681,6,6
2024-02-15 15:03:58.110,18679,18680,18681,8,8
2024-02-15 15:03:58.110,18679,18680,18681,1,1
2024-02-15 15:03:58.110,18679,18680,18681,7,7
2024-02-15 15:03:58.110,18679,18680,18682,10,10
2024-02-15 15:03:58.112,18679,18680,18682,3,3
2024-02-15 15:03:58.112,18679,18680,18682,3,3
2024-02-15 15:03:58.112,18679,18680,18682,3,3
2024-02-15 15:03:58.112,18682,18683,18682,2,-2
2024-02-15 15:03:58.112,18682,18683,18682,2,-2
2024-02-15 15:03:58.232,18682,18683,18681,1,-1
2024-02-15 15:03:58.531,18681,18683,18683,1,1
2024-02-15 15:03:58.811,18681,18683,18683,15,15
2024-02-15 15:03:59.200,18682,18684,18682,1,-1
2024-02-15 15:04:02.197,18682,18683,18683,4,4
2024-02-15 15:04:03.450,18682,18684,18684,1,1
2024-02-15 15:04:03.980,18682,18684,18684,3,3
2024-02-15 15:04:05.772,18683,18684,18683,1,-1
2024-02-15 15:04:07.480,18682,18684,18684,1,1
2024-02-15 15:04:07.518,18682,18684,18684,3,3
2024-02-15 15:04:07.662,18682,18684,18684,5,5
2024-02-15 15:04:08.046,18683,18684,18683,1,-1
2024-02-15 15:04:08.487,18683,18684,18684,4,4
2024-02-15 15:04:08.911,18683,18685,18685,6,6
2024-02-15 15:04:08.998,18684,18685,18684,1,-1
2024-02-15 15:04:09.061,18684,18685,18685,1,1
2024-02-15 15:04:09.666,18684,18685,18684,1,-1
2024-02-15 15:04:10.358,18683,18684,18684,2,2
2024-02-15 15:04:10.459,18683,18685,18685,1,1
2024-02-15 15:04:11.583,18683,18685,18685,2,2
2024-02-15 15:04:13.110,18683,18684,18684,1,1
2024-02-15 15:04:13.110,18683,18684,18685,1,1
2024-02-15 15:04:13.816,18683,18685,18684,2,2
2024-02-15 15:04:14.480,18683,18684,18684,1,1
2024-02-15 15:04:15.787,18683,18684,18684,1,1
2024-02-15 15:04:16.834,18683,18684,18684,4,4
2024-02-15 15:04:17.392,18683,18684,18684,1,1
2024-02-15 15:04:18.126,18683,18684,18684,3,3
2024-02-15 15:04:22.473,18683,18684,18684,2,2
2024-02-15 15:04:22.744,18683,18684,18684,1,1
2024-02-15 15:04:26.822,18684,18685,18685,3,3
2024-02-15 15:04:27.901,18684,18685,18685,2,2
2024-02-15 15:04:27.901,18684,18685,18685,4,4
2024-02-15 15:04:27.901,18684,18685,18685,1,1
2024-02-15 15:04:28.372,18685,18686,18685,1,-1
2024-02-15 15:04:29.432,18685,18686,18686,2,2
2024-02-15 15:04:29.432,18685,18686,18686,2,2
2024-02-15 15:04:29.432,18685,18686,18686,5,5
2024-02-15 15:04:30.158,18685,18687,18687,1,1
2024-02-15 15:04:31.363,18685,18687,18685,1,-1
2024-02-15 15:04:31.513,18685,18687,18687,2,2
2024-02-15 15:04:31.605,18685,18687,18685,5,-5
2024-02-15 15:04:34.700,18686,18687,18687,1,1
2024-02-15 15:04:34.700,18686,18687,18687,2,2
2024-02-15 15:04:34.700,18686,18687,18687,2,2
2024-02-15 15:04:34.701,18686,18687,18687,1,1
2024-02-15 15:04:35.846,18687,18688,18687,1,-1
2024-02-15 15:04:36.639,18687,18688,18688,11,11
2024-02-15 15:04:36.754,18687,18689,18687,2,-2
2024-02-15 15:04:36.846,18687,18689,18689,1,1
2024-02-15 15:04:36.862,18687,18689,18687,2,-2
2024-02-15 15:04:37.670,18687,18689,18689,18,18
2024-02-15 15:04:37.728,18687,18689,18688,1,1
2024-02-15 15:04:38.636,18688,18690,18690,2,2
2024-02-15 15:04:38.685,18688,18690,18688,1,-1
2024-02-15 15:04:38.734,18688,18690,18690,10,10
2024-02-15 15:04:38.764,18689,18690,18689,15,-15
2024-02-15 15:04:40.987,18689,18690,18689,1,-1
2024-02-15 15:04:41.087,18688,18690,18690,1,1
2024-02-15 15:04:42.668,18689,18690,18690,2,2
2024-02-15 15:04:42.668,18689,18690,18689,2,-2
2024-02-15 15:04:42.854,18688,18690,18690,1,1
2024-02-15 15:04:43.107,18688,18690,18690,1,1
2024-02-15 15:04:43.307,18689,18690,18690,6,6
2024-02-15 15:04:45.505,18690,18691,18691,1,1
2024-02-15 15:04:45.639,18690,18691,18691,1,1
2024-02-15 15:04:45.806,18690,18691,18691,2,2
2024-02-15 15:04:46.098,18690,18691,18690,1,-1
2024-02-15 15:04:46.449,18690,18691,18690,1,-1
2024-02-15 15:04:46.593,18690,18691,18691,1,1
2024-02-15 15:04:48.562,18690,18691,18691,1,1
2024-02-15 15:04:49.949,18690,18691,18691,1,1
2024-02-15 15:04:49.950,18690,18691,18692,6,6
2024-02-15 15:04:49.951,18690,18691,18692,2,2
2024-02-15 15:04:49.952,18690,18691,18693,1,1
2024-02-15 15:04:49.954,18690,18691,18693,10,10
2024-02-15 15:04:49.954,18690,18691,18693,1,1
2024-02-15 15:04:49.955,18690,18691,18693,1,1
2024-02-15 15:04:50.012,18693,18694,18693,1,-1
2024-02-15 15:04:50.012,18693,18694,18693,2,-2
2024-02-15 15:04:50.051,18693,18694,18694,5,5
2024-02-15 15:04:50.563,18693,18694,18694,1,1
2024-02-15 15:04:50.828,18693,18694,18694,7,7
2024-02-15 15:04:51.099,18693,18694,18693,1,-1
2024-02-15 15:04:51.148,18693,18694,18694,1,1
2024-02-15 15:04:52.086,18694,18695,18695,7,7
2024-02-15 15:04:52.123,18694,18695,18695,15,15
2024-02-15 15:04:52.123,18694,18695,18696,15,15
2024-02-15 15:04:52.146,18694,18695,18696,1,1
2024-02-15 15:04:52.189,18694,18695,18696,2,2
2024-02-15 15:04:52.189,18694,18695,18695,3,3
2024-02-15 15:04:52.214,18694,18695,18696,1,1
2024-02-15 15:04:52.227,18694,18695,18695,1,1
2024-02-15 15:04:52.260,18694,18695,18695,1,1
2024-02-15 15:04:52.260,18694,18695,18696,2,2
2024-02-15 15:04:52.288,18694,18695,18696,1,1
2024-02-15 15:04:52.290,18694,18695,18696,3,3
2024-02-15 15:04:52.307,18694,18695,18697,8,8
2024-02-15 15:04:52.311,18694,18695,18698,1,1
2024-02-15 15:04:52.312,18694,18695,18698,1,1
2024-02-15 15:04:52.321,18694,18695,18696,2,2
2024-02-15 15:04:52.326,18694,18695,18697,1,1
2024-02-15 15:04:52.329,18694,18695,18698,1,1
2024-02-15 15:04:52.332,18694,18695,18698,1,1
2024-02-15 15:04:52.337,18694,18695,18698,1,1
2024-02-15 15:04:52.341,18694,18695,18698,1,1
2024-02-15 15:04:52.341,18694,18695,18698,3,3
2024-02-15 15:04:52.343,18694,18695,18697,2,2
2024-02-15 15:04:52.344,18694,18695,18698,1,1
2024-02-15 15:04:52.344,18694,18695,18697,2,2
2024-02-15 15:04:52.345,18694,18695,18697,1,1
2024-02-15 15:04:52.345,18694,18695,18696,3,3
2024-02-15 15:04:52.357,18694,18695,18697,1,1
2024-02-15 15:04:52.359,18694,18695,18698,1,1
2024-02-15 15:04:52.359,18694,18695,18698,1,1
2024-02-15 15:04:52.368,18697,18698,18698,1,1
2024-02-15 15:04:52.382,18697,18698,18698,1,1
2024-02-15 15:04:52.393,18697,18698,18698,1,1
2024-02-15 15:04:52.396,18697,18698,18698,3,3
2024-02-15 15:04:52.404,18697,18698,18698,1,1
2024-02-15 15:04:52.405,18697,18698,18697,2,-2
2024-02-15 15:04:52.409,18697,18698,18698,3,3
2024-02-15 15:04:52.412,18697,18698,18698,3,3
2024-02-15 15:04:52.441,18697,18698,18698,1,1
2024-02-15 15:04:52.442,18697,18698,18698,1,1
2024-02-15 15:04:52.443,18697,18698,18698,1,1
2024-02-15 15:04:52.502,18697,18698,18698,2,2
2024-02-15 15:04:52.509,18697,18698,18698,1,1
2024-02-15 15:04:52.550,18697,18698,18697,1,-1
2024-02-15 15:04:52.577,18697,18698,18697,3,-3
2024-02-15 15:04:52.587,18697,18698,18697,1,-1
2024-02-15 15:04:52.588,18697,18698,18697,1,-1
2024-02-15 15:04:52.635,18697,18698,18698,1,1
2024-02-15 15:04:52.640,18697,18698,18698,1,1
2024-02-15 15:04:52.649,18697,18698,18697,1,-1
2024-02-15 15:04:52.662,18697,18698,18698,1,1
2024-02-15 15:04:52.694,18697,18698,18698,1,1
2024-02-15 15:04:52.696,18697,18698,18697,2,-2
2024-02-15 15:04:52.712,18697,18698,18698,1,1
2024-02-15 15:04:52.744,18696,18698,18698,1,1
2024-02-15 15:04:52.759,18696,18698,18698,1,1
2024-02-15 15:04:52.790,18696,18698,18698,1,1
2024-02-15 15:04:52.829,18696,18698,18696,1,-1
2024-02-15 15:04:52.896,18696,18698,18697,1,-1
2024-02-15 15:04:52.896,18696,18698,18697,1,-1
2024-02-15 15:04:52.896,18696,18698,18698,1,1
2024-02-15 15:04:52.905,18696,18698,18697,1,1
2024-02-15 15:04:52.910,18696,18698,18698,1,1
2024-02-15 15:04:52.924,18696,18698,18698,1,1
2024-02-15 15:04:53.020,18696,18698,18698,1,1
2024-02-15 15:04:53.094,18696,18698,18698,2,2
2024-02-15 15:04:53.143,18696,18698,18699,1,1
2024-02-15 15:04:53.170,18696,18698,18699,4,4
2024-02-15 15:04:53.175,18696,18698,18699,1,1
2024-02-15 15:04:53.177,18696,18698,18699,2,2
2024-02-15 15:04:53.186,18696,18698,18698,1,1
2024-02-15 15:04:53.192,18696,18698,18698,1,1
2024-02-15 15:04:53.398,18697,18698,18697,1,-1
2024-02-15 15:04:53.400,18697,18698,18696,3,-3
2024-02-15 15:04:53.520,18696,18697,18697,1,1
2024-02-15 15:04:53.529,18696,18697,18697,1,1
2024-02-15 15:04:53.562,18696,18697,18696,1,-1
2024-02-15 15:04:53.562,18696,18697,18696,5,-5
2024-02-15 15:04:53.579,18696,18697,18696,1,-1
2024-02-15 15:04:53.594,18696,18697,18696,1,-1
2024-02-15 15:04:53.594,18696,18697,18697,2,2
2024-02-15 15:04:53.596,18696,18697,18697,8,8
2024-02-15 15:04:53.621,18696,18698,18698,3,3
2024-02-15 15:04:53.679,18696,18698,18697,3,3
2024-02-15 15:04:53.821,18696,18698,18698,1,1
2024-02-15 15:04:53.821,18696,18698,18698,1,1
2024-02-15 15:04:53.826,18696,18698,18698,1,1
2024-02-15 15:04:53.827,18696,18698,18698,1,1
2024-02-15 15:04:53.827,18696,18698,18698,1,1
2024-02-15 15:04:53.944,18697,18698,18697,1,-1
2024-02-15 15:04:54.290,18697,18698,18697,1,-1
2024-02-15 15:04:54.290,18697,18698,18697,1,-1
2024-02-15 15:04:54.290,18697,18698,18697,1,-1
2024-02-15 15:04:54.290,18697,18698,18697,3,-3
2024-02-15 15:04:54.310,18697,18698,18697,1,-1
2024-02-15 15:04:54.334,18697,18698,18697,1,-1
2024-02-15 15:04:54.451,18696,18697,18696,1,-1
2024-02-15 15:04:54.523,18696,18697,18696,1,-1
2024-02-15 15:04:54.523,18696,18697,18696,7,-7
2024-02-15 15:04:54.787,18695,18696,18695,2,-2
2024-02-15 15:04:54.787,18695,18696,18695,2,-2
2024-02-15 15:04:54.787,18695,18696,18695,6,-6
2024-02-15 15:04:54.872,18694,18695,18695,3,3
2024-02-15 15:04:54.872,18694,18695,18696,7,7
2024-02-15 15:04:55.164,18694,18696,18694,1,-1
2024-02-15 15:04:55.595,18694,18696,18696,10,10
2024-02-15 15:04:55.596,18694,18696,18695,4,4
2024-02-15 15:04:55.620,18695,18696,18696,1,1
2024-02-15 15:04:56.038,18695,18696,18696,1,1
2024-02-15 15:04:56.307,18695,18697,18697,1,1
2024-02-15 15:04:56.396,18695,18696,18696,1,1
2024-02-15 15:04:56.476,18695,18696,18695,1,-1
2024-02-15 15:04:56.595,18695,18696,18696,2,2
2024-02-15 15:04:57.184,18695,18696,18695,1,-1
2024-02-15 15:04:57.428,18695,18696,18695,6,-6
2024-02-15 15:04:57.595,18694,18696,18696,3,3
2024-02-15 15:04:57.603,18694,18696,18696,2,2
2024-02-15 15:04:57.954,18694,18696,18696,2,2
2024-02-15 15:04:58.236,18694,18695,18695,1,1
2024-02-15 15:04:58.251,18694,18696,18696,1,1
2024-02-15 15:04:58.595,18694,18695,18695,2,2
2024-02-15 15:04:59.243,18694,18696,18696,1,1
2024-02-15 15:04:59.595,18694,18696,18696,2,2
2024-02-15 15:05:00.058,18694,18696,18696,5,5
2024-02-15 15:05:00.131,18694,18696,18696,1,1
2024-02-15 15:05:00.297,18694,18696,18695,1,1
2024-02-15 15:05:00.435,18694,18695,18695,1,1
2024-02-15 15:05:00.590,18694,18695,18695,1,1
2024-02-15 15:05:00.688,18694,18695,18695,2,2
2024-02-15 15:05:00.729,18694,18695,18695,1,1
2024-02-15 15:05:00.863,18694,18695,18695,1,1
2024-02-15 15:05:01.003,18694,18695,18695,1,1
2024-02-15 15:05:01.140,18694,18695,18695,1,1
2024-02-15 15:05:01.290,18694,18695,18695,1,1
2024-02-15 15:05:01.435,18694,18695,18695,1,1
2024-02-15 15:05:01.573,18694,18695,18695,1,1
2024-02-15 15:05:01.620,18694,18695,18695,1,1
2024-02-15 15:05:01.733,18694,18695,18695,1,1
2024-02-15 15:05:01.878,18694,18695,18695,1,1
2024-02-15 15:05:02.029,18694,18695,18695,1,1
2024-02-15 15:05:02.166,18694,18695,18695,1,1
2024-02-15 15:05:02.167,18694,18695,18695,3,3
2024-02-15 15:05:02.321,18694,18695,18695,1,1
2024-02-15 15:05:03.188,18694,18695,18694,1,-1
2024-02-15 15:05:03.243,18694,18695,18695,1,1
2024-02-15 15:05:03.243,18694,18695,18695,1,1
2024-02-15 15:05:03.314,18694,18695,18695,1,1
2024-02-15 15:05:04.338,18694,18695,18694,11,-11
2024-02-15 15:05:04.364,18694,18695,18694,3,-3
2024-02-15 15:05:04.610,18693,18694,18694,1,1
2024-02-15 15:05:04.625,18693,18694,18694,1,1
2024-02-15 15:05:05.673,18693,18694,18694,1,1
2024-02-15 15:05:05.937,18693,18694,18694,2,2
2024-02-15 15:05:06.059,18693,18694,18694,2,2
2024-02-15 15:05:06.194,18693,18694,18694,2,2
2024-02-15 15:05:07.418,18693,18694,18693,3,-3
2024-02-15 15:05:07.498,18692,18693,18693,1,1
2024-02-15 15:05:08.125,18692,18693,18692,4,-4
2024-02-15 15:05:08.337,18690,18691,18690,1,-1
2024-02-15 15:05:08.337,18690,18691,18690,5,-5
2024-02-15 15:05:08.522,18688,18690,18690,2,2
2024-02-15 15:05:08.534,18688,18690,18690,1,1
2024-02-15 15:05:08.534,18688,18690,18691,1,1
2024-02-15 15:05:08.742,18688,18690,18690,2,2
2024-02-15 15:05:08.743,18688,18690,18690,1,1
2024-02-15 15:05:08.989,18689,18691,18690,1,1
2024-02-15 15:05:09.196,18688,18690,18690,1,1
2024-02-15 15:05:10.978,18689,18691,18691,1,1
2024-02-15 15:05:12.950,18688,18690,18690,4,4
2024-02-15 15:05:13.845,18689,18690,18690,1,1
2024-02-15 15:05:14.301,18688,18690,18690,1,1
2024-02-15 15:05:15.102,18688,18690,18690,1,1
2024-02-15 15:05:16.327,18688,18689,18688,1,-1
2024-02-15 15:05:19.488,18688,18689,18689,2,2
2024-02-15 15:05:19.488,18688,18689,18689,1,1
2024-02-15 15:05:19.489,18688,18689,18690,12,12
2024-02-15 15:05:20.014,18689,18690,18690,1,1
2024-02-15 15:05:22.432,18689,18690,18689,2,-2
2024-02-15 15:05:23.901,18689,18690,18690,1,1
2024-02-15 15:05:23.901,18689,18690,18690,1,1
2024-02-15 15:05:23.901,18689,18690,18690,1,1
2024-02-15 15:05:23.901,18689,18690,18690,1,1
2024-02-15 15:05:23.901,18689,18690,18690,1,1
2024-02-15 15:05:23.902,18689,18690,18690,1,1
2024-02-15 15:05:24.749,18690,18691,18690,1,-1
2024-02-15 15:05:25.081,18690,18691,18691,4,4
2024-02-15 15:05:27.620,18690,18691,18691,1,1
2024-02-15 15:05:28.729,18691,18692,18692,1,1
2024-02-15 15:05:28.737,18691,18692,18691,2,-2
2024-02-15 15:05:28.743,18691,18693,18693,1,1
2024-02-15 15:05:28.744,18691,18693,18693,1,1
2024-02-15 15:05:28.859,18691,18693,18692,1,1
2024-02-15 15:05:29.082,18692,18694,18694,5,5
2024-02-15 15:05:29.433,18692,18694,18694,9,9
2024-02-15 15:05:29.435,18692,18694,18694,1,1
2024-02-15 15:05:29.877,18693,18695,18693,1,-1
2024-02-15 15:05:29.916,18693,18695,18695,24,24
2024-02-15 15:05:29.916,18693,18695,18696,24,24
2024-02-15 15:05:29.917,18693,18695,18695,1,1
2024-02-15 15:05:29.918,18693,18695,18695,6,6
2024-02-15 15:05:30.891,18694,18696,18694,1,-1
2024-02-15 15:05:30.894,18694,18696,18694,1,-1
2024-02-15 15:05:33.145,18694,18695,18695,1,1
2024-02-15 15:05:34.437,18694,18695,18695,1,1
2024-02-15 15:05:34.448,18694,18695,18694,5,-5
2024-02-15 15:05:34.474,18694,18695,18695,3,3
2024-02-15 15:05:35.475,18694,18695,18695,1,1
2024-02-15 15:05:37.421,18694,18695,18695,1,1
2024-02-15 15:05:37.446,18694,18695,18694,1,-1
2024-02-15 15:05:37.675,18694,18695,18695,1,1
2024-02-15 15:05:37.675,18694,18695,18695,5,5
2024-02-15 15:05:38.655,18695,18696,18695,1,-1
2024-02-15 15:05:39.591,18694,18696,18696,2,2
2024-02-15 15:05:43.687,18694,18695,18695,2,2
2024-02-15 15:05:45.014,18695,18696,18696,3,3
2024-02-15 15:05:45.583,18695,18696,18696,2,2
2024-02-15 15:05:46.368,18695,18696,18696,2,2
2024-02-15 15:05:47.009,18695,18696,18696,1,1
2024-02-15 15:05:47.686,18695,18697,18695,1,-1
2024-02-15 15:05:47.787,18695,18697,18697,1,1
2024-02-15 15:05:52.562,18695,18696,18696,1,1
2024-02-15 15:05:53.960,18695,18696,18696,1,1
2024-02-15 15:05:54.749,18695,18696,18696,4,4
2024-02-15 15:05:58.002,18695,18696,18696,2,2
2024-02-15 15:06:00.012,18695,18696,18696,1,1
2024-02-15 15:06:00.373,18695,18696,18696,1,1
2024-02-15 15:06:00.493,18695,18696,18696,1,1
2024-02-15 15:06:00.496,18695,18696,18696,1,1
2024-02-15 15:06:00.731,18695,18697,18697,1,1
2024-02-15 15:06:00.775,18695,18697,18697,1,1
2024-02-15 15:06:00.941,18695,18697,18697,1,1
2024-02-15 15:06:01.000,18695,18697,18697,1,1
2024-02-15 15:06:02.467,18695,18697,18696,1,1
2024-02-15 15:06:03.416,18695,18696,18695,3,-3
2024-02-15 15:06:03.417,18695,18696,18695,1,-1
2024-02-15 15:06:03.417,18695,18696,18695,3,-3
2024-02-15 15:06:03.417,18695,18696,18695,1,-1
2024-02-15 15:06:03.417,18695,18696,18695,13,-13
2024-02-15 15:06:03.447,18695,18696,18695,4,-4
2024-02-15 15:06:03.448,18695,18696,18695,3,-3
2024-02-15 15:06:03.563,18694,18695,18695,1,1
2024-02-15 15:06:04.447,18694,18696,18696,10,10
2024-02-15 15:06:05.900,18694,18696,18696,2,2
2024-02-15 15:06:06.427,18694,18696,18696,2,2
2024-02-15 15:06:06.460,18694,18696,18696,1,1
2024-02-15 15:06:07.524,18694,18696,18696,1,1
2024-02-15 15:06:07.948,18694,18696,18696,1,1
2024-02-15 15:06:08.130,18695,18696,18695,1,-1
2024-02-15 15:06:08.134,18695,18696,18696,1,1
2024-02-15 15:06:08.362,18695,18696,18696,1,1
2024-02-15 15:06:10.098,18694,18696,18695,4,4
2024-02-15 15:06:12.790,18695,18696,18695,10,-10
2024-02-15 15:06:12.790,18695,18696,18695,1,-1
2024-02-15 15:06:15.100,18694,18695,18694,4,-4
2024-02-15 15:06:16.551,18693,18694,18693,1,-1
2024-02-15 15:06:16.551,18693,18694,18693,6,-6
2024-02-15 15:06:16.618,18692,18694,18694,1,1
2024-02-15 15:06:16.746,18692,18694,18692,4,-4
2024-02-15 15:06:20.475,18692,18693,18692,2,-2
2024-02-15 15:06:20.477,18692,18693,18692,4,-4
2024-02-15 15:06:25.048,18692,18693,18692,1,-1
2024-02-15 15:06:25.049,18692,18693,18692,2,-2
2024-02-15 15:06:25.158,18691,18692,18692,1,1
2024-02-15 15:06:27.285,18691,18692,18691,7,-7
2024-02-15 15:06:27.312,18691,18692,18691,3,-3
2024-02-15 15:06:28.488,18690,18691,18691,1,1
2024-02-15 15:06:30.059,18691,18692,18691,1,-1
2024-02-15 15:06:31.104,18690,18692,18690,1,-1
2024-02-15 15:06:32.631,18691,18692,18691,1,-1
2024-02-15 15:06:40.798,18690,18691,18690,1,-1
2024-02-15 15:06:41.861,18690,18691,18691,2,2
2024-02-15 15:06:43.861,18690,18691,18690,1,-1
2024-02-15 15:06:45.756,18690,18691,18691,1,1
2024-02-15 15:06:47.715,18690,18691,18691,4,4
2024-02-15 15:06:48.621,18690,18691,18691,1,1
2024-02-15 15:06:49.036,18690,18692,18690,1,-1
2024-02-15 15:06:49.715,18690,18692,18692,1,1
2024-02-15 15:06:49.776,18690,18692,18692,1,1
2024-02-15 15:06:51.205,18690,18691,18690,2,-2
2024-02-15 15:06:54.233,18690,18691,18691,1,1
2024-02-15 15:06:54.233,18690,18691,18691,2,2
2024-02-15 15:06:56.764,18691,18692,18692,4,4
2024-02-15 15:06:56.912,18691,18692,18691,2,-2
2024-02-15 15:06:57.765,18691,18692,18692,1,1
2024-02-15 15:06:58.241,18691,18692,18692,1,1
2024-02-15 15:07:03.341,18692,18693,18692,1,-1
2024-02-15 15:07:03.712,18692,18693,18693,1,1
2024-02-15 15:07:06.749,18692,18693,18693,3,3
2024-02-15 15:07:06.750,18692,18693,18693,1,1
2024-02-15 15:07:07.750,18693,18694,18694,1,1
2024-02-15 15:07:08.507,18693,18694,18693,1,-1
2024-02-15 15:07:11.273,18692,18693,18693,1,1
2024-02-15 15:07:16.220,18693,18694,18694,5,5
2024-02-15 15:07:17.078,18693,18695,18693,1,-1
2024-02-15 15:07:25.367,18693,18694,18694,4,4
2024-02-15 15:07:26.059,18693,18694,18694,2,2
2024-02-15 15:07:26.059,18693,18694,18695,8,8
2024-02-15 15:07:26.322,18693,18695,18695,2,2
2024-02-15 15:07:26.990,18694,18695,18695,1,1
2024-02-15 15:07:32.140,18694,18695,18694,1,-1
2024-02-15 15:07:33.087,18694,18695,18694,1,-1
2024-02-15 15:07:33.672,18693,18694,18694,1,1
2024-02-15 15:07:36.238,18693,18694,18694,3,3
2024-02-15 15:07:38.876,18693,18694,18694,1,1
2024-02-15 15:07:38.964,18693,18694,18695,10,10
2024-02-15 15:07:39.238,18694,18695,18695,1,1
2024-02-15 15:07:47.185,18694,18695,18695,1,1
2024-02-15 15:07:48.185,18694,18695,18695,1,1
2024-02-15 15:07:53.186,18694,18695,18695,3,3
2024-02-15 15:07:53.213,18694,18695,18695,1,1
2024-02-15 15:07:53.213,18694,18695,18696,2,2
2024-02-15 15:07:53.336,18694,18696,18696,1,1
2024-02-15 15:07:54.868,18694,18696,18694,1,-1
2024-02-15 15:07:56.942,18694,18695,18695,1,1
2024-02-15 15:07:59.954,18694,18695,18694,1,-1
2024-02-15 15:08:00.382,18694,18695,18694,6,-6
2024-02-15 15:08:01.415,18694,18695,18694,1,-1
2024-02-15 15:08:01.415,18694,18695,18694,2,-2
2024-02-15 15:08:04.429,18694,18695,18694,1,-1
2024-02-15 15:08:07.134,18693,18694,18694,1,1
2024-02-15 15:08:08.902,18694,18695,18694,3,-3
2024-02-15 15:08:12.734,18693,18694,18694,1,1
2024-02-15 15:08:13.858,18694,18695,18695,2,2
2024-02-15 15:08:17.906,18694,18695,18695,1,1
2024-02-15 15:08:21.542,18694,18695,18695,3,3
2024-02-15 15:08:27.242,18694,18695,18694,1,-1
2024-02-15 15:08:29.586,18694,18695,18695,2,2
2024-02-15 15:08:30.579,18694,18695,18694,1,-1
2024-02-15 15:08:32.993,18694,18695,18695,1,1
2024-02-15 15:08:33.129,18695,18696,18695,3,-3
2024-02-15 15:08:33.586,18695,18696,18696,1,1
2024-02-15 15:08:34.379,18695,18696,18695,1,-1
2024-02-15 15:08:34.678,18695,18696,18695,5,-5
2024-02-15 15:08:35.543,18695,18696,18695,1,-1
2024-02-15 15:08:36.401,18695,18696,18695,1,-1
2024-02-15 15:08:36.571,18695,18696,18695,1,-1
2024-02-15 15:08:36.571,18695,18696,18695,1,-1
2024-02-15 15:08:36.723,18694,18696,18694,1,-1
2024-02-15 15:08:36.888,18694,18696,18694,1,-1
2024-02-15 15:08:37.044,18694,18696,18694,1,-1
2024-02-15 15:08:39.610,18695,18696,18695,2,-2
2024-02-15 15:08:39.649,18695,18696,18695,1,-1
2024-02-15 15:08:39.688,18695,18696,18695,1,-1
2024-02-15 15:08:40.466,18695,18696,18696,5,5
2024-02-15 15:08:41.060,18695,18696,18695,1,-1
2024-02-15 15:08:41.651,18695,18696,18695,1,-1
2024-02-15 15:08:46.571,18695,18696,18695,1,-1
2024-02-15 15:08:46.640,18695,18696,18695,1,-1
2024-02-15 15:08:46.785,18695,18696,18696,1,1
2024-02-15 15:08:48.503,18695,18696,18695,1,-1
2024-02-15 15:08:48.529,18695,18696,18696,2,2
2024-02-15 15:08:53.050,18695,18696,18695,1,-1
2024-02-15 15:08:55.375,18695,18696,18696,5,5
2024-02-15 15:08:57.550,18695,18696,18695,1,-1
2024-02-15 15:08:57.579,18695,18696,18696,2,2
2024-02-15 15:09:01.423,18695,18696,18696,5,5
2024-02-15 15:09:01.423,18695,18696,18696,6,6
2024-02-15 15:09:01.547,18696,18697,18696,1,-1
2024-02-15 15:09:07.486,18696,18697,18697,3,3
2024-02-15 15:09:10.453,18696,18697,18697,1,1
2024-02-15 15:09:11.279,18696,18697,18697,3,3
2024-02-15 15:09:11.491,18696,18697,18697,4,4
2024-02-15 15:09:11.499,18696,18697,18697,2,2
2024-02-15 15:09:11.499,18696,18697,18697,1,1
2024-02-15 15:09:11.499,18696,18697,18697,1,1
2024-02-15 15:09:11.500,18696,18697,18697,6,6
2024-02-15 15:09:11.500,18696,18697,18697,2,2
2024-02-15 15:09:11.500,18696,18697,18697,1,1
2024-02-15 15:09:11.500,18696,18697,18697,4,4
2024-02-15 15:09:18.181,18697,18698,18698,4,4
2024-02-15 15:09:20.936,18697,18698,18698,2,2
2024-02-15 15:09:21.424,18697,18698,18698,2,2
2024-02-15 15:09:22.253,18697,18698,18698,1,1
2024-02-15 15:09:22.590,18697,18698,18698,1,1
2024-02-15 15:09:23.105,18697,18698,18698,1,1
2024-02-15 15:09:23.307,18697,18698,18698,1,1
2024-02-15 15:09:23.555,18697,18698,18698,5,5
2024-02-15 15:09:23.589,18697,18698,18698,3,3
2024-02-15 15:09:23.757,18698,18699,18698,1,-1
2024-02-15 15:09:23.758,18698,18699,18698,1,-1
2024-02-15 15:09:24.942,18698,18699,18698,3,-3
2024-02-15 15:09:24.944,18698,18699,18698,3,-3
2024-02-15 15:09:27.254,18698,18699,18699,1,1
2024-02-15 15:09:27.727,18698,18699,18699,1,1
2024-02-15 15:09:28.052,18698,18699,18699,1,1
2024-02-15 15:09:28.089,18698,18699,18699,9,9
2024-02-15 15:09:29.553,18698,18699,18699,1,1
2024-02-15 15:09:29.553,18698,18699,18700,6,6
2024-02-15 15:09:29.631,18698,18700,18698,1,-1
2024-02-15 15:09:29.718,18698,18700,18700,1,1
2024-02-15 15:09:29.724,18698,18700,18700,1,1
2024-02-15 15:09:29.775,18698,18700,18700,2,2
2024-02-15 15:09:30.087,18698,18700,18700,4,4
2024-02-15 15:09:30.442,18698,18700,18698,1,-1
2024-02-15 15:09:30.585,18698,18700,18698,1,-1
2024-02-15 15:09:31.004,18698,18699,18698,16,-16
2024-02-15 15:09:31.886,18697,18698,18698,1,1
2024-02-15 15:09:33.176,18697,18698,18698,1,1
2024-02-15 15:09:34.126,18697,18698,18697,17,-17
2024-02-15 15:09:34.152,18697,18698,18697,3,-3
2024-02-15 15:09:35.539,18696,18697,18697,1,1
2024-02-15 15:09:35.539,18696,18697,18698,1,1
2024-02-15 15:09:39.389,18697,18698,18697,1,-1
2024-02-15 15:09:40.243,18696,18698,18698,1,1
2024-02-15 15:09:43.883,18696,18697,18697,1,1
2024-02-15 15:09:45.936,18696,18697,18697,1,1
2024-02-15 15:09:46.980,18696,18698,18698,1,1
2024-02-15 15:09:54.812,18697,18698,18697,1,-1
2024-02-15 15:09:56.054,18697,18698,18698,1,1
2024-02-15 15:09:56.304,18697,18698,18698,4,4
2024-02-15 15:09:56.891,18697,18698,18698,1,1
2024-02-15 15:09:58.485,18697,18698,18698,2,2
2024-02-15 15:09:58.921,18698,18699,18699,4,4
2024-02-15 15:09:59.244,18698,18700,18698,1,-1
2024-02-15 15:10:02.953,18698,18699,18699,2,2
2024-02-15 15:10:03.114,18698,18699,18699,1,1
2024-02-15 15:10:03.596,18698,18699,18699,1,1
2024-02-15 15:10:03.953,18698,18700,18700,12,12
2024-02-15 15:10:04.101,18698,18700,18698,1,-1
2024-02-15 15:10:06.663,18698,18699,18699,4,4
2024-02-15 15:10:06.663,18698,18699,18700,37,37
2024-02-15 15:10:10.361,18700,18701,18700,1,-1
2024-02-15 15:10:10.361,18700,18701,18700,19,-19
2024-02-15 15:10:12.103,18698,18700,18700,3,3
2024-02-15 15:10:12.118,18698,18700,18700,1,1
2024-02-15 15:10:18.751,18698,18699,18699,1,1
2024-02-15 15:10:19.033,18698,18699,18698,1,-1
2024-02-15 15:10:19.118,18698,18700,18700,1,1
2024-02-15 15:10:21.585,18698,18700,18699,3,3
2024-02-15 15:10:22.657,18698,18700,18700,3,3
2024-02-15 15:10:24.461,18699,18700,18700,1,1
2024-02-15 15:10:24.774,18699,18700,18700,1,1
2024-02-15 15:10:26.240,18699,18700,18699,1,-1
2024-02-15 15:10:28.938,18698,18700,18700,1,1
2024-02-15 15:10:30.042,18699,18700,18699,1,-1
2024-02-15 15:10:31.908,18699,18700,18700,1,1
2024-02-15 15:10:32.132,18699,18700,18700,3,3
2024-02-15 15:10:35.211,18699,18700,18700,2,2
2024-02-15 15:10:37.511,18699,18700,18700,1,1
2024-02-15 15:10:40.616,18699,18700,18699,1,-1
2024-02-15 15:10:41.185,18699,18700,18699,2,-2
2024-02-15 15:10:41.213,18699,18700,18700,13,13
2024-02-15 15:10:41.945,18699,18700,18699,6,-6
2024-02-15 15:10:42.830,18699,18700,18700,9,9
2024-02-15 15:10:43.543,18699,18701,18701,7,7
2024-02-15 15:10:43.776,18700,18701,18700,14,-14
2024-02-15 15:10:43.778,18700,18701,18699,1,-1
2024-02-15 15:10:43.778,18700,18701,18699,1,-1
2024-02-15 15:10:43.779,18700,18701,18699,1,-1
2024-02-15 15:10:44.543,18698,18699,18699,1,1
2024-02-15 15:10:44.767,18698,18699,18699,1,1
2024-02-15 15:10:45.277,18698,18700,18698,1,-1
2024-02-15 15:10:45.760,18698,18699,18699,1,1
2024-02-15 15:10:47.635,18698,18699,18699,1,1
2024-02-15 15:10:50.866,18699,18700,18699,1,-1
2024-02-15 15:10:52.975,18699,18700,18699,3,-3
2024-02-15 15:10:52.976,18699,18700,18699,1,-1
2024-02-15 15:10:56.502,18698,18700,18700,2,2
2024-02-15 15:11:00.710,18698,18699,18698,25,-25
2024-02-15 15:11:00.712,18698,18699,18697,1,-1
2024-02-15 15:11:00.712,18698,18699,18697,11,-11
2024-02-15 15:11:01.061,18696,18698,18698,1,1
2024-02-15 15:11:03.488,18696,18697,18697,1,1
2024-02-15 15:11:03.608,18696,18698,18698,1,1
2024-02-15 15:11:08.027,18696,18697,18697,1,1
2024-02-15 15:11:10.600,18696,18697,18697,1,1
2024-02-15 15:11:10.601,18696,18697,18697,2,2
2024-02-15 15:11:11.619,18696,18698,18696,1,-1
2024-02-15 15:11:11.621,18696,18698,18696,1,-1
2024-02-15 15:11:11.829,18696,18698,18696,1,-1
2024-02-15 15:11:13.644,18697,18698,18697,2,-2
2024-02-15 15:11:13.644,18697,18698,18697,1,-1
2024-02-15 15:11:15.596,18696,18698,18698,1,1
2024-02-15 15:11:15.626,18696,18698,18698,1,1
2024-02-15 15:11:15.695,18696,18698,18698,1,1
2024-02-15 15:11:15.724,18696,18698,18698,1,1
2024-02-15 15:11:19.508,18697,18698,18698,1,1
2024-02-15 15:11:21.151,18697,18698,18698,11,11
2024-02-15 15:11:21.243,18697,18698,18698,1,1
2024-02-15 15:11:21.413,18697,18698,18697,2,-2
2024-02-15 15:11:21.590,18697,18698,18697,1,-1
2024-02-15 15:11:22.303,18697,18698,18697,1,-1
2024-02-15 15:11:22.622,18697,18698,18697,1,-1
2024-02-15 15:11:28.939,18697,18698,18697,5,-5
2024-02-15 15:11:31.074,18697,18698,18698,1,1
2024-02-15 15:11:35.214,18697,18698,18698,1,1
2024-02-15 15:11:36.075,18698,18699,18699,2,2
2024-02-15 15:11:36.566,18698,18699,18698,1,-1
2024-02-15 15:11:40.323,18698,18699,18699,1,1
2024-02-15 15:11:40.324,18698,18699,18699,5,5
2024-02-15 15:11:40.421,18699,18700,18700,1,1
2024-02-15 15:11:40.422,18699,18700,18700,22,22
2024-02-15 15:11:40.422,18699,18700,18700,2,2
2024-02-15 15:11:40.422,18699,18700,18700,4,4
2024-02-15 15:11:40.422,18699,18700,18700,1,1
2024-02-15 15:11:40.422,18699,18700,18700,1,1
2024-02-15 15:11:40.422,18699,18700,18700,1,1
2024-02-15 15:11:40.422,18699,18700,18700,7,7
2024-02-15 15:11:40.422,18699,18700,18700,2,2
2024-02-15 15:11:40.422,18699,18700,18700,2,2
2024-02-15 15:11:40.422,18699,18700,18700,1,1
2024-02-15 15:11:40.423,18699,18700,18700,3,3
2024-02-15 15:11:40.423,18699,18700,18700,1,1
2024-02-15 15:11:40.423,18699,18700,18700,14,14
2024-02-15 15:11:40.423,18699,18700,18700,5,5
2024-02-15 15:11:40.424,18699,18700,18700,2,2
2024-02-15 15:11:40.424,18699,18700,18700,2,2
2024-02-15 15:11:40.424,18699,18700,18700,1,1
2024-02-15 15:11:40.424,18699,18700,18700,3,3
2024-02-15 15:11:40.424,18699,18700,18700,4,4
2024-02-15 15:11:40.424,18699,18700,18700,7,7
2024-02-15 15:11:40.424,18699,18700,18700,1,1
2024-02-15 15:11:40.424,18699,18700,18700,1,1
2024-02-15 15:11:40.424,18699,18700,18700,4,4
2024-02-15 15:11:40.425,18699,18700,18700,2,2
2024-02-15 15:11:40.425,18699,18700,18700,1,1
2024-02-15 15:11:41.638,18700,18701,18701,7,7
2024-02-15 15:11:45.362,18700,18702,18702,4,4
2024-02-15 15:11:47.720,18701,18702,18702,1,1
2024-02-15 15:11:47.890,18701,18702,18702,8,8
2024-02-15 15:11:47.944,18701,18702,18703,1,1
2024-02-15 15:11:47.947,18701,18702,18703,1,1
2024-02-15 15:11:47.948,18701,18702,18703,1,1
2024-02-15 15:11:48.040,18702,18703,18703,2,2
2024-02-15 15:11:48.144,18702,18703,18703,12,12
2024-02-15 15:11:48.144,18702,18703,18703,1,1
2024-02-15 15:11:48.144,18702,18703,18703,3,3
2024-02-15 15:11:48.144,18702,18703,18703,2,2
2024-02-15 15:11:48.144,18702,18703,18703,2,2
2024-02-15 15:11:48.144,18702,18703,18703,3,3
2024-02-15 15:11:48.145,18702,18703,18703,3,3
2024-02-15 15:11:48.145,18702,18703,18703,10,10
2024-02-15 15:11:48.691,18703,18704,18703,1,-1
2024-02-15 15:11:49.538,18702,18704,18702,1,-1
2024-02-15 15:11:52.284,18703,18704,18703,1,-1
2024-02-15 15:11:52.557,18703,18704,18703,4,-4
2024-02-15 15:11:52.586,18703,18704,18704,17,17
2024-02-15 15:11:52.633,18703,18704,18704,1,1
2024-02-15 15:11:52.633,18703,18704,18705,4,4
2024-02-15 15:11:52.819,18703,18705,18705,1,1
2024-02-15 15:11:53.586,18703,18705,18705,15,15
2024-02-15 15:11:54.607,18703,18705,18705,1,1
2024-02-15 15:11:54.701,18703,18705,18705,1,1
2024-02-15 15:11:55.012,18703,18705,18703,1,-1
2024-02-15 15:11:56.462,18703,18705,18704,1,-1
2024-02-15 15:11:58.043,18704,18705,18704,1,-1
2024-02-15 15:12:00.798,18703,18705,18705,2,2
2024-02-15 15:12:01.061,18704,18705,18705,1,1
2024-02-15 15:12:02.016,18704,18706,18706,3,3
2024-02-15 15:12:02.341,18704,18705,18705,1,1
2024-02-15 15:12:02.380,18704,18706,18704,14,-14
2024-02-15 15:12:03.731,18704,18705,18705,1,1
2024-02-15 15:12:05.972,18704,18705,18704,2,-2
2024-02-15 15:12:06.024,18704,18705,18704,1,-1
2024-02-15 15:12:10.845,18704,18705,18705,1,1
2024-02-15 15:12:10.928,18704,18705,18705,1,1
2024-02-15 15:12:10.988,18704,18705,18705,1,1
2024-02-15 15:12:11.206,18704,18705,18705,1,1
2024-02-15 15:12:11.573,18704,18705,18705,4,4
2024-02-15 15:12:12.256,18704,18705,18705,1,1
2024-02-15 15:12:12.592,18704,18705,18705,1,1
2024-02-15 15:12:14.225,18704,18705,18705,2,2
2024-02-15 15:12:15.759,18704,18705,18705,1,1
2024-02-15 15:12:17.004,18704,18705,18704,2,-2
2024-02-15 15:12:17.004,18704,18705,18704,15,-15
2024-02-15 15:12:17.107,18704,18705,18703,2,-2
2024-02-15 15:12:17.370,18703,18705,18705,1,1
2024-02-15 15:12:20.420,18703,18704,18704,3,3
2024-02-15 15:12:20.421,18703,18704,18704,2,2
2024-02-15 15:12:29.129,18704,18705,18704,1,-1
2024-02-15 15:12:29.443,18704,18705,18705,2,2
2024-02-15 15:12:31.920,18704,18706,18706,13,13
2024-02-15 15:12:31.993,18704,18706,18706,1,1
2024-02-15 15:12:33.906,18704,18705,18705,1,1
2024-02-15 15:12:34.594,18705,18706,18706,2,2
2024-02-15 15:12:35.969,18705,18706,18705,1,-1
2024-02-15 15:12:36.106,18705,18706,18705,1,-1
2024-02-15 15:12:41.899,18704,18705,18705,1,1
2024-02-15 15:12:41.900,18704,18705,18705,1,1
2024-02-15 15:12:42.155,18704,18705,18705,1,1
2024-02-15 15:12:42.570,18704,18705,18705,1,1
2024-02-15 15:12:44.180,18704,18706,18704,36,-36
2024-02-15 15:12:44.181,18704,18706,18704,1,-1
2024-02-15 15:12:44.195,18704,18706,18704,2,-2
2024-02-15 15:12:44.206,18704,18706,18704,1,-1
2024-02-15 15:12:44.476,18703,18705,18705,12,12
2024-02-15 15:12:45.020,18704,18706,18705,1,1
2024-02-15 15:12:45.983,18703,18705,18705,1,1
2024-02-15 15:12:48.012,18703,18705,18705,17,17
2024-02-15 15:12:50.652,18703,18704,18703,1,-1
2024-02-15 15:12:50.746,18703,18704,18703,14,-14
2024-02-15 15:12:50.746,18703,18704,18702,16,-16
2024-02-15 15:12:50.883,18702,18703,18703,1,1
2024-02-15 15:12:52.200,18702,18703,18703,1,1
2024-02-15 15:12:53.653,18702,18703,18703,1,1
2024-02-15 15:12:56.454,18702,18703,18703,1,1
2024-02-15 15:12:57.989,18702,18703,18702,11,-11
2024-02-15 15:12:58.233,18700,18702,18701,2,-2
2024-02-15 15:12:58.682,18700,18702,18702,3,3
2024-02-15 15:12:59.174,18700,18702,18701,2,2
2024-02-15 15:12:59.450,18700,18702,18701,2,2
2024-02-15 15:13:01.909,18700,18701,18700,1,-1
2024-02-15 15:13:01.909,18700,18701,18700,3,-3
2024-02-15 15:13:02.035,18699,18701,18699,5,-5
2024-02-15 15:13:03.058,18699,18701,18700,1,-1
2024-02-15 15:13:08.879,18700,18701,18700,1,-1
2024-02-15 15:13:08.879,18700,18701,18700,13,-13
2024-02-15 15:13:10.789,18699,18700,18699,6,-6
2024-02-15 15:13:10.789,18699,18700,18698,33,-33
2024-02-15 15:13:10.791,18699,18700,18697,1,-1
2024-02-15 15:13:10.823,18699,18700,18698,3,-3
2024-02-15 15:13:11.411,18697,18698,18698,1,1
2024-02-15 15:13:11.411,18697,18698,18699,7,7
2024-02-15 15:13:11.642,18698,18700,18700,1,1
2024-02-15 15:13:13.061,18697,18699,18699,3,3
2024-02-15 15:13:13.204,18698,18700,18698,1,-1
2024-02-15 15:13:13.740,18698,18700,18698,2,-2
2024-02-15 15:13:13.753,18698,18700,18698,2,-2
2024-02-15 15:13:14.092,18698,18700,18698,1,-1
2024-02-15 15:13:25.852,18698,18699,18699,1,1
2024-02-15 15:13:25.914,18698,18699,18698,1,-1
2024-02-15 15:13:27.996,18698,18699,18699,1,1
2024-02-15 15:13:29.782,18698,18699,18699,1,1
2024-02-15 15:13:35.504,18698,18699,18698,2,-2
2024-02-15 15:13:36.239,18698,18699,18699,1,1
2024-02-15 15:13:38.982,18698,18699,18699,1,1
2024-02-15 15:13:42.868,18698,18699,18699,1,1
2024-02-15 15:13:45.060,18698,18699,18699,15,15
2024-02-15 15:13:46.315,18698,18699,18699,1,1
2024-02-15 15:13:50.284,18698,18699,18699,1,1
2024-02-15 15:13:50.649,18698,18699,18699,1,1
2024-02-15 15:13:52.134,18698,18699,18699,1,1
2024-02-15 15:13:52.247,18698,18699,18698,2,-2
2024-02-15 15:13:53.988,18698,18699,18699,1,1
2024-02-15 15:14:00.254,18698,18699,18699,1,1
2024-02-15 15:14:00.884,18698,18700,18698,1,-1
2024-02-15 15:14:01.866,18698,18699,18699,1,1
2024-02-15 15:14:02.226,18698,18699,18698,1,-1
2024-02-15 15:14:06.451,18698,18700,18698,1,-1
2024-02-15 15:14:07.106,18698,18700,18698,5,-5
2024-02-15 15:14:10.763,18698,18699,18698,1,-1
2024-02-15 15:14:11.750,18698,18699,18699,1,1
2024-02-15 15:14:12.589,18698,18699,18698,2,-2
2024-02-15 15:14:16.654,18698,18699,18698,2,-2
2024-02-15 15:14:16.939,18698,18699,18698,2,-2
2024-02-15 15:14:16.940,18698,18699,18698,3,-3
2024-02-15 15:14:17.832,18697,18698,18698,1,1
2024-02-15 15:14:19.972,18697,18698,18698,1,1
2024-02-15 15:14:20.997,18697,18698,18697,1,-1
2024-02-15 15:14:21.820,18697,18698,18697,1,-1
2024-02-15 15:14:22.282,18697,18698,18697,1,-1
2024-02-15 15:14:27.685,18697,18698,18697,1,-1
2024-02-15 15:14:30.936,18696,18697,18697,2,2
2024-02-15 15:14:30.936,18696,18697,18698,18,18
2024-02-15 15:14:31.023,18697,18699,18697,1,-1
2024-02-15 15:14:32.289,18697,18699,18697,1,-1
2024-02-15 15:14:33.191,18697,18699,18697,1,-1
2024-02-15 15:14:37.409,18697,18698,18698,5,5
2024-02-15 15:14:38.136,18697,18698,18697,1,-1
2024-02-15 15:14:40.957,18697,18698,18698,1,1
2024-02-15 15:14:45.032,18698,18699,18698,2,-2
2024-02-15 15:14:50.743,18697,18698,18697,1,-1
2024-02-15 15:14:56.859,18697,18698,18697,4,-4
2024-02-15 15:14:58.250,18696,18697,18696,1,-1
2024-02-15 15:15:01.069,18696,18697,18697,1,1
2024-02-15 15:15:01.563,18696,18697,18697,1,1
2024-02-15 15:15:01.681,18696,18697,18697,1,1
2024-02-15 15:15:01.681,18696,18697,18698,1,1
2024-02-15 15:15:02.679,18696,18698,18696,1,-1
2024-02-15 15:15:09.363,18697,18698,18697,1,-1
2024-02-15 15:15:10.193,18697,18698,18698,4,4
2024-02-15 15:15:10.247,18698,18699,18699,1,1
2024-02-15 15:15:10.261,18698,18699,18699,1,1
2024-02-15 15:15:10.287,18698,18699,18699,13,13
2024-02-15 15:15:10.287,18698,18699,18699,2,2
2024-02-15 15:15:10.287,18698,18699,18699,6,6
2024-02-15 15:15:10.288,18698,18699,18699,2,2
2024-02-15 15:15:10.288,18698,18699,18699,2,2
2024-02-15 15:15:10.288,18698,18699,18699,2,2
2024-02-15 15:15:10.288,18698,18699,18699,1,1
2024-02-15 15:15:12.166,18698,18699,18698,1,-1
2024-02-15 15:15:24.110,18698,18699,18698,1,-1
2024-02-15 15:15:24.839,18698,18699,18699,1,1
2024-02-15 15:15:27.724,18698,18699,18699,1,1
2024-02-15 15:15:31.400,18698,18699,18699,4,4
2024-02-15 15:15:31.842,18698,18699,18699,9,9
2024-02-15 15:15:33.286,18699,18700,18699,1,-1
2024-02-15 15:15:36.939,18699,18700,18700,2,2
2024-02-15 15:15:37.016,18699,18700,18700,5,5
2024-02-15 15:15:37.185,18699,18700,18700,1,1
2024-02-15 15:15:37.185,18699,18700,18700,1,1
2024-02-15 15:15:45.546,18699,18700,18700,1,1
2024-02-15 15:15:45.546,18699,18700,18700,1,1
2024-02-15 15:15:45.546,18699,18700,18700,1,1
2024-02-15 15:15:56.425,18699,18700,18699,10,-10
2024-02-15 15:15:56.425,18699,18700,18699,2,-2
2024-02-15 15:15:56.425,18699,18700,18699,5,-5
2024-02-15 15:15:56.425,18699,18700,18699,6,-6
2024-02-15 15:15:56.425,18699,18700,18699,1,-1
2024-02-15 15:15:57.509,18698,18699,18699,1,1
2024-02-15 15:16:00.337,18698,18699,18699,1,1
2024-02-15 15:16:00.938,18698,18699,18699,2,2
2024-02-15 15:16:15.233,18698,18699,18698,1,-1
2024-02-15 15:16:22.433,18698,18699,18698,1,-1
2024-02-15 15:16:22.433,18698,18699,18698,16,-16
2024-02-15 15:16:22.493,18697,18699,18699,1,1
2024-02-15 15:16:24.209,18697,18698,18697,1,-1
2024-02-15 15:16:25.005,18697,18698,18697,1,-1
2024-02-15 15:16:34.925,18697,18698,18698,1,1
2024-02-15 15:16:37.901,18697,18698,18698,1,1
2024-02-15 15:16:37.993,18697,18698,18698,1,1
2024-02-15 15:16:38.488,18697,18698,18698,1,1
2024-02-15 15:16:38.493,18697,18698,18698,1,1
2024-02-15 15:16:40.223,18697,18698,18697,1,-1
2024-02-15 15:16:41.096,18697,18698,18698,1,1
2024-02-15 15:16:41.783,18697,18698,18698,1,1
2024-02-15 15:16:44.156,18697,18698,18698,1,1
2024-02-15 15:16:45.150,18697,18698,18698,1,1
2024-02-15 15:16:46.433,18697,18698,18698,3,3
2024-02-15 15:16:46.433,18697,18698,18699,2,2
2024-02-15 15:16:49.962,18697,18699,18697,1,-1
2024-02-15 15:16:55.917,18697,18699,18699,1,1
2024-02-15 15:17:00.218,18698,18699,18698,1,-1
2024-02-15 15:17:00.390,18697,18699,18697,1,-1
2024-02-15 15:17:04.934,18697,18698,18698,1,1
2024-02-15 15:17:05.349,18697,18698,18697,1,-1
2024-02-15 15:17:13.345,18697,18698,18698,1,1
2024-02-15 15:17:13.360,18697,18698,18698,1,1
2024-02-15 15:17:21.250,18697,18698,18698,2,2
2024-02-15 15:17:27.245,18697,18698,18698,1,1
2024-02-15 15:17:30.031,18697,18698,18698,1,1
2024-02-15 15:17:34.525,18698,18699,18698,1,-1
2024-02-15 15:17:41.587,18698,18699,18698,3,-3
2024-02-15 15:17:45.415,18697,18698,18698,1,1
2024-02-15 15:17:45.957,18697,18698,18697,1,-1
2024-02-15 15:17:47.522,18697,18698,18698,1,1
2024-02-15 15:17:47.986,18697,18699,18699,1,1
2024-02-15 15:18:03.025,18698,18699,18698,1,-1
2024-02-15 15:18:03.311,18698,18699,18699,1,1
2024-02-15 15:18:07.740,18698,18699,18698,1,-1
2024-02-15 15:18:07.741,18698,18699,18698,4,-4
2024-02-15 15:18:08.514,18697,18698,18698,1,1
2024-02-15 15:18:12.269,18697,18698,18698,1,1
2024-02-15 15:18:12.298,18697,18698,18698,1,1
2024-02-15 15:18:15.158,18698,18699,18699,1,1
2024-02-15 15:18:17.592,18698,18699,18699,1,1
2024-02-15 15:18:30.412,18698,18699,18699,1,1
2024-02-15 15:18:34.462,18698,18699,18698,2,-2
2024-02-15 15:18:43.486,18698,18699,18699,2,2
2024-02-15 15:18:57.867,18698,18699,18698,1,-1
2024-02-15 15:19:04.778,18698,18699,18699,2,2
2024-02-15 15:19:04.778,18698,18699,18699,2,2
2024-02-15 15:19:04.778,18698,18699,18699,5,5
2024-02-15 15:19:04.778,18698,18699,18699,1,1
2024-02-15 15:19:04.778,18698,18699,18699,1,1
2024-02-15 15:19:04.779,18698,18699,18699,1,1
2024-02-15 15:19:04.779,18698,18699,18699,2,2
2024-02-15 15:19:04.779,18698,18699,18699,1,1
2024-02-15 15:19:06.378,18698,18700,18700,1,1
2024-02-15 15:19:08.987,18698,18699,18699,1,1
2024-02-15 15:19:09.228,18698,18700,18699,1,1
2024-02-15 15:19:09.728,18699,18700,18699,1,-1
2024-02-15 15:19:11.063,18699,18700,18699,1,-1
2024-02-15 15:19:20.060,18699,18700,18699,1,-1
2024-02-15 15:19:24.718,18699,18700,18700,1,1
2024-02-15 15:19:29.908,18699,18700,18699,1,-1
2024-02-15 15:19:30.082,18699,18700,18699,1,-1
2024-02-15 15:19:31.690,18699,18700,18699,1,-1
2024-02-15 15:19:37.277,18698,18699,18698,1,-1
2024-02-15 15:19:52.964,18698,18699,18698,2,-2
2024-02-15 15:19:54.117,18698,18699,18698,1,-1
2024-02-15 15:20:16.746,18698,18699,18698,2,-2
2024-02-15 15:20:17.428,18697,18699,18697,1,-1
2024-02-15 15:20:17.790,18697,18699,18697,1,-1
2024-02-15 15:20:25.996,18697,18699,18697,1,-1
2024-02-15 15:20:26.492,18697,18699,18697,1,-1
2024-02-15 15:20:40.987,18697,18698,18698,2,2
2024-02-15 15:20:44.066,18697,18699,18699,1,1
2024-02-15 15:20:44.080,18697,18699,18699,1,1
2024-02-15 15:20:44.101,18697,18699,18699,1,1
2024-02-15 15:20:44.226,18697,18699,18697,2,-2
2024-02-15 15:20:46.272,18698,18699,18698,1,-1
2024-02-15 15:20:52.636,18698,18699,18699,1,1
2024-02-15 15:20:58.718,18699,18700,18700,8,8
2024-02-15 15:20:58.718,18699,18700,18700,2,2
2024-02-15 15:20:58.719,18699,18700,18700,3,3
2024-02-15 15:20:58.719,18699,18700,18700,4,4
2024-02-15 15:20:58.719,18699,18700,18700,2,2
2024-02-15 15:20:58.719,18699,18700,18700,1,1
2024-02-15 15:21:01.142,18700,18701,18700,1,-1
2024-02-15 15:21:01.450,18699,18701,18699,1,-1
2024-02-15 15:21:02.213,18699,18701,18699,1,-1
2024-02-15 15:21:04.279,18699,18701,18701,1,1
2024-02-15 15:21:04.759,18699,18701,18701,2,2
2024-02-15 15:21:11.257,18700,18701,18700,1,-1
2024-02-15 15:21:11.389,18700,18701,18700,2,-2
2024-02-15 15:21:12.987,18700,18701,18701,1,1
2024-02-15 15:21:13.372,18700,18701,18700,1,-1
2024-02-15 15:21:15.313,18700,18701,18701,1,1
2024-02-15 15:21:17.734,18700,18701,18701,1,1
2024-02-15 15:21:24.125,18700,18701,18701,1,1
2024-02-15 15:21:25.837,18700,18701,18701,3,3
2024-02-15 15:21:27.288,18701,18702,18701,4,-4
2024-02-15 15:21:36.972,18701,18702,18701,5,-5
2024-02-15 15:21:38.879,18701,18702,18701,2,-2
2024-02-15 15:21:39.847,18701,18702,18701,1,-1
2024-02-15 15:21:40.395,18701,18702,18701,1,-1
2024-02-15 15:21:41.659,18701,18702,18701,1,-1
2024-02-15 15:21:51.084,18701,18702,18701,1,-1
2024-02-15 15:21:56.748,18701,18702,18701,2,-2
2024-02-15 15:21:58.308,18701,18702,18701,2,-2
2024-02-15 15:22:00.396,18701,18702,18702,1,1
2024-02-15 15:22:00.494,18701,18702,18702,1,1
2024-02-15 15:22:00.494,18701,18702,18702,4,4
2024-02-15 15:22:04.550,18701,18703,18703,1,1
2024-02-15 15:22:07.913,18702,18703,18703,1,1
2024-02-15 15:22:10.403,18702,18703,18703,1,1
2024-02-15 15:22:11.037,18702,18703,18703,1,1
2024-02-15 15:22:11.119,18702,18703,18703,1,1
2024-02-15 15:22:19.419,18702,18703,18703,1,1
2024-02-15 15:22:19.425,18702,18703,18703,1,1
2024-02-15 15:22:19.435,18702,18703,18703,1,1
2024-02-15 15:22:23.873,18702,18703,18702,1,-1
2024-02-15 15:22:23.993,18702,18703,18703,1,1
2024-02-15 15:22:25.635,18702,18703,18703,1,1
2024-02-15 15:22:25.868,18702,18703,18703,3,3
2024-02-15 15:22:25.868,18702,18703,18703,5,5
2024-02-15 15:22:31.825,18703,18704,18704,1,1
2024-02-15 15:22:31.826,18703,18704,18704,1,1
2024-02-15 15:22:31.854,18703,18704,18704,7,7
2024-02-15 15:22:31.862,18703,18704,18705,1,1
2024-02-15 15:22:37.209,18704,18705,18704,1,-1
2024-02-15 15:22:38.067,18704,18705,18705,1,1
2024-02-15 15:22:38.117,18704,18705,18705,1,1
2024-02-15 15:22:38.118,18704,18705,18705,1,1
2024-02-15 15:22:39.635,18704,18705,18705,2,2
2024-02-15 15:22:39.911,18704,18705,18704,1,-1
2024-02-15 15:22:42.590,18704,18705,18704,1,-1
2024-02-15 15:22:42.784,18704,18705,18705,1,1
2024-02-15 15:22:52.398,18704,18705,18705,27,27
2024-02-15 15:22:52.398,18704,18705,18705,1,1
2024-02-15 15:22:52.403,18704,18705,18705,1,1
2024-02-15 15:22:52.577,18705,18706,18706,5,5
2024-02-15 15:22:52.630,18705,18706,18706,1,1
2024-02-15 15:22:52.638,18705,18706,18706,2,2
2024-02-15 15:22:52.649,18705,18706,18706,2,2
2024-02-15 15:22:52.660,18705,18706,18706,2,2
2024-02-15 15:22:52.670,18705,18706,18706,5,5
2024-02-15 15:22:52.671,18705,18706,18706,1,1
2024-02-15 15:22:52.740,18706,18707,18707,1,1
2024-02-15 15:22:52.754,18706,18707,18707,1,1
2024-02-15 15:22:52.768,18706,18707,18707,1,1
2024-02-15 15:22:52.770,18706,18707,18707,1,1
2024-02-15 15:22:52.786,18706,18707,18707,1,1
2024-02-15 15:22:52.791,18706,18707,18707,1,1
2024-02-15 15:22:52.799,18706,18707,18707,1,1
2024-02-15 15:22:52.813,18706,18707,18707,1,1
2024-02-15 15:22:52.893,18706,18707,18707,1,1
2024-02-15 15:22:53.038,18706,18707,18707,1,1
2024-02-15 15:22:53.057,18706,18707,18707,1,1
2024-02-15 15:22:53.257,18706,18707,18707,1,1
2024-02-15 15:22:58.233,18706,18707,18707,1,1
2024-02-15 15:23:00.025,18706,18707,18707,1,1
2024-02-15 15:23:00.393,18706,18707,18707,1,1
2024-02-15 15:23:03.498,18706,18707,18706,1,-1
2024-02-15 15:23:06.552,18705,18706,18706,1,1
2024-02-15 15:23:06.725,18705,18706,18706,2,2
2024-02-15 15:23:06.725,18705,18706,18707,3,3
2024-02-15 15:23:07.919,18705,18706,18706,2,2
2024-02-15 15:23:09.559,18705,18706,18705,1,-1
2024-02-15 15:23:10.396,18704,18705,18705,1,1
2024-02-15 15:23:10.396,18704,18705,18704,4,-4
2024-02-15 15:23:11.048,18703,18705,18705,5,5
2024-02-15 15:23:12.484,18704,18706,18706,1,1
2024-02-15 15:23:13.093,18704,18706,18704,2,-2
2024-02-15 15:23:14.211,18704,18705,18704,1,-1
2024-02-15 15:23:17.186,18703,18705,18703,1,-1
2024-02-15 15:23:17.186,18703,18705,18704,1,-1
2024-02-15 15:23:19.146,18703,18705,18704,1,-1
2024-02-15 15:23:21.341,18703,18705,18705,1,1
2024-02-15 15:23:25.171,18704,18705,18704,1,-1
2024-02-15 15:23:25.525,18704,18705,18704,2,-2
2024-02-15 15:23:26.021,18703,18705,18705,1,1
2024-02-15 15:23:37.210,18703,18704,18703,3,-3
2024-02-15 15:23:37.210,18703,18704,18703,1,-1
2024-02-15 15:23:39.271,18702,18703,18702,2,-2
2024-02-15 15:23:49.242,18701,18703,18701,1,-1
2024-02-15 15:23:49.971,18701,18703,18703,3,3
2024-02-15 15:23:51.243,18701,18703,18702,1,1
2024-02-15 15:23:54.116,18702,18703,18703,1,1
2024-02-15 15:23:54.232,18702,18703,18703,4,4
2024-02-15 15:24:00.698,18702,18703,18703,2,2
2024-02-15 15:24:00.951,18702,18704,18702,1,-1
2024-02-15 15:24:19.318,18702,18703,18703,1,1
2024-02-15 15:24:25.778,18702,18703,18703,3,3
2024-02-15 15:24:28.153,18702,18703,18703,1,1
2024-02-15 15:24:28.904,18702,18703,18703,1,1
2024-02-15 15:24:40.219,18703,18704,18704,1,1
2024-02-15 15:24:40.246,18704,18705,18705,1,1
2024-02-15 15:24:41.442,18704,18705,18705,1,1
2024-02-15 15:24:44.130,18704,18705,18704,1,-1
2024-02-15 15:24:44.980,18704,18705,18705,3,3
2024-02-15 15:24:50.237,18704,18705,18705,2,2
2024-02-15 15:24:52.718,18704,18705,18705,1,1
2024-02-15 15:24:52.718,18704,18705,18705,1,1
2024-02-15 15:24:52.719,18704,18705,18705,1,1
2024-02-15 15:24:52.719,18704,18705,18705,1,1
2024-02-15 15:24:56.206,18705,18706,18705,4,-4
2024-02-15 15:24:56.206,18705,18706,18705,1,-1
2024-02-15 15:25:02.369,18704,18705,18705,2,2
2024-02-15 15:25:02.369,18704,18705,18705,2,2
2024-02-15 15:25:02.369,18704,18705,18705,1,1
2024-02-15 15:25:10.584,18705,18706,18705,1,-1
2024-02-15 15:25:12.123,18705,18706,18705,1,-1
2024-02-15 15:25:12.145,18705,18706,18705,1,-1
2024-02-15 15:25:18.911,18705,18706,18705,1,-1
2024-02-15 15:25:20.228,18705,18706,18706,1,1
2024-02-15 15:25:36.368,18705,18706,18706,3,3
2024-02-15 15:25:37.832,18705,18706,18705,6,-6
2024-02-15 15:25:37.832,18705,18706,18704,4,-4
2024-02-15 15:25:41.424,18705,18706,18705,1,-1
2024-02-15 15:25:43.165,18704,18706,18704,1,-1
2024-02-15 15:25:50.798,18704,18705,18704,1,-1
2024-02-15 15:26:10.721,18703,18704,18703,1,-1
2024-02-15 15:26:14.601,18703,18704,18704,1,1
2024-02-15 15:26:17.993,18703,18704,18703,1,-1
2024-02-15 15:26:18.004,18703,18704,18703,4,-4
2024-02-15 15:26:19.623,18702,18703,18703,1,1
2024-02-15 15:26:24.976,18702,18704,18704,15,15
2024-02-15 15:26:27.062,18703,18704,18704,4,4
2024-02-15 15:26:36.796,18703,18704,18704,9,9
2024-02-15 15:26:36.796,18703,18704,18705,16,16
2024-02-15 15:26:49.485,18704,18705,18705,1,1
2024-02-15 15:26:51.890,18704,18705,18705,1,1
2024-02-15 15:26:53.662,18704,18705,18704,2,-2
2024-02-15 15:27:00.234,18704,18705,18705,1,1
2024-02-15 15:27:03.922,18704,18705,18704,2,-2
2024-02-15 15:27:07.386,18703,18704,18703,1,-1
2024-02-15 15:27:07.787,18702,18704,18702,1,-1
2024-02-15 15:27:09.897,18702,18703,18702,1,-1
2024-02-15 15:27:13.329,18702,18703,18702,3,-3
2024-02-15 15:27:13.329,18702,18703,18702,1,-1
2024-02-15 15:27:13.630,18701,18702,18702,1,1
2024-02-15 15:27:16.589,18701,18702,18702,2,2
2024-02-15 15:27:16.589,18701,18702,18703,1,1
2024-02-15 15:27:19.602,18702,18703,18702,2,-2
2024-02-15 15:27:25.527,18701,18702,18702,1,1
2024-02-15 15:27:25.528,18701,18702,18702,1,1
2024-02-15 15:27:41.410,18702,18703,18702,1,-1
2024-02-15 15:27:43.117,18702,18703,18703,2,2
2024-02-15 15:27:43.117,18702,18703,18704,23,23
2024-02-15 15:27:44.765,18703,18704,18703,1,-1
2024-02-15 15:27:49.968,18703,18704,18703,5,-5
2024-02-15 15:27:51.012,18703,18704,18704,1,1
2024-02-15 15:28:00.135,18703,18704,18704,1,1
2024-02-15 15:28:00.136,18703,18704,18704,1,1
2024-02-15 15:28:00.136,18703,18704,18704,1,1
2024-02-15 15:28:00.136,18703,18704,18704,3,3
2024-02-15 15:28:00.136,18703,18704,18704,1,1
2024-02-15 15:28:00.483,18704,18705,18704,1,-1
2024-02-15 15:28:00.529,18704,18705,18705,1,1
2024-02-15 15:28:00.612,18704,18705,18705,5,5
2024-02-15 15:28:00.778,18704,18705,18704,1,-1
2024-02-15 15:28:04.341,18704,18705,18705,3,3
2024-02-15 15:28:04.703,18704,18705,18705,1,1
2024-02-15 15:28:04.703,18704,18705,18706,4,4
2024-02-15 15:28:04.714,18704,18705,18706,1,1
2024-02-15 15:28:13.500,18704,18706,18704,1,-1
2024-02-15 15:28:15.364,18705,18706,18706,2,2
2024-02-15 15:28:15.477,18705,18706,18706,1,1
2024-02-15 15:28:18.238,18705,18706,18705,2,-2
2024-02-15 15:28:32.664,18705,18706,18706,1,1
2024-02-15 15:28:34.955,18705,18706,18706,3,3
2024-02-15 15:28:35.486,18705,18706,18706,1,1
2024-02-15 15:28:35.912,18705,18706,18706,4,4
2024-02-15 15:28:39.157,18705,18706,18706,1,1
2024-02-15 15:28:41.633,18705,18706,18706,3,3
2024-02-15 15:28:41.633,18705,18706,18706,1,1
2024-02-15 15:28:41.633,18705,18706,18706,2,2
2024-02-15 15:28:41.633,18705,18706,18706,2,2
2024-02-15 15:28:41.634,18705,18706,18706,1,1
2024-02-15 15:28:41.634,18705,18706,18706,3,3
2024-02-15 15:28:44.101,18706,18707,18707,2,2
2024-02-15 15:28:44.394,18706,18707,18707,3,3
2024-02-15 15:28:44.402,18706,18707,18707,1,1
2024-02-15 15:28:44.405,18706,18707,18707,1,1
2024-02-15 15:28:44.548,18706,18707,18707,1,1
2024-02-15 15:28:44.554,18706,18707,18707,1,1
2024-02-15 15:28:44.562,18706,18707,18707,1,1
2024-02-15 15:28:44.670,18706,18707,18707,1,1
2024-02-15 15:28:44.739,18706,18707,18708,1,1
2024-02-15 15:28:44.739,18706,18708,18708,1,1
2024-02-15 15:28:44.754,18706,18708,18708,2,2
2024-02-15 15:28:44.787,18706,18708,18708,1,1
2024-02-15 15:28:44.797,18706,18708,18708,1,1
2024-02-15 15:28:44.876,18707,18708,18708,1,1
2024-02-15 15:28:44.966,18707,18708,18707,1,-1
2024-02-15 15:28:44.993,18707,18708,18707,16,-16
2024-02-15 15:28:44.993,18707,18708,18706,36,-36
2024-02-15 15:28:44.993,18707,18708,18705,43,-43
2024-02-15 15:28:44.993,18707,18708,18704,3,-3
2024-02-15 15:28:44.996,18707,18708,18705,1,-1
2024-02-15 15:28:44.996,18707,18708,18705,3,-3
2024-02-15 15:28:44.997,18707,18708,18705,1,-1
2024-02-15 15:28:45.109,18707,18708,18706,1,-1
2024-02-15 15:28:45.623,18705,18706,18706,10,10
2024-02-15 15:28:48.668,18705,18706,18705,1,-1
2024-02-15 15:28:55.907,18705,18706,18706,3,3
2024-02-15 15:28:56.960,18705,18706,18705,2,-2
2024-02-15 15:29:00.236,18705,18706,18706,5,5
2024-02-15 15:29:04.247,18705,18706,18706,1,1
2024-02-15 15:29:04.247,18705,18706,18707,1,1
2024-02-15 15:29:09.483,18705,18707,18707,1,1
2024-02-15 15:29:15.102,18706,18707,18706,1,-1
2024-02-15 15:29:15.102,18706,18707,18705,1,-1
2024-02-15 15:29:23.686,18705,18706,18706,4,4
2024-02-15 15:29:28.797,18705,18706,18705,1,-1
2024-02-15 15:29:30.772,18705,18706,18706,10,10
2024-02-15 15:29:31.537,18706,18707,18706,1,-1
2024-02-15 15:29:31.780,18706,18707,18706,1,-1
2024-02-15 15:29:32.372,18706,18707,18706,1,-1
2024-02-15 15:29:33.055,18705,18707,18707,3,3
2024-02-15 15:29:41.717,18706,18707,18707,1,1
2024-02-15 15:29:42.058,18706,18707,18707,4,4
2024-02-15 15:29:43.617,18707,18708,18707,1,-1
2024-02-15 15:29:44.697,18707,18708,18708,10,10
2024-02-15 15:29:45.186,18707,18709,18709,10,10
2024-02-15 15:29:45.279,18708,18709,18709,1,1
2024-02-15 15:29:45.898,18708,18709,18708,1,-1
2024-02-15 15:29:47.162,18708,18709,18708,1,-1
2024-02-15 15:29:48.586,18708,18709,18709,3,3
2024-02-15 15:30:02.201,18708,18709,18708,4,-4
2024-02-15 15:30:02.201,18708,18709,18708,1,-1
2024-02-15 15:30:02.411,18707,18708,18707,1,-1
2024-02-15 15:30:02.429,18707,18708,18707,1,-1
2024-02-15 15:30:02.430,18707,18708,18707,7,-7
2024-02-15 15:30:02.437,18707,18708,18706,1,-1
2024-02-15 15:30:02.839,18706,18708,18706,1,-1
2024-02-15 15:30:10.558,18707,18708,18707,1,-1
2024-02-15 15:30:21.267,18707,18708,18708,1,1
2024-02-15 15:30:21.407,18707,18708,18707,1,-1
2024-02-15 15:30:26.779,18707,18708,18707,1,-1
2024-02-15 15:30:26.790,18707,18708,18707,1,-1
2024-02-15 15:30:26.790,18707,18708,18707,2,-2
2024-02-15 15:30:26.790,18707,18708,18707,1,-1
2024-02-15 15:30:26.790,18707,18708,18707,1,-1
2024-02-15 15:30:30.212,18707,18708,18708,5,5
2024-02-15 15:30:31.036,18707,18708,18707,2,-2
2024-02-15 15:30:33.867,18707,18708,18707,2,-2
2024-02-15 15:30:33.867,18707,18708,18707,3,-3
2024-02-15 15:30:34.862,18707,18708,18708,1,1
2024-02-15 15:30:40.523,18707,18708,18708,1,1
2024-02-15 15:30:47.010,18707,18708,18707,5,-5
2024-02-15 15:30:48.590,18707,18708,18708,2,2
2024-02-15 15:30:48.590,18707,18708,18708,2,2
2024-02-15 15:30:48.590,18707,18708,18708,1,1
2024-02-15 15:30:48.590,18707,18708,18708,1,1
2024-02-15 15:30:51.794,18708,18709,18709,4,4
2024-02-15 15:30:51.995,18708,18709,18709,1,1
2024-02-15 15:30:53.721,18708,18709,18709,2,2
2024-02-15 15:30:55.863,18708,18709,18708,1,-1
2024-02-15 15:30:56.155,18708,18709,18709,1,1
2024-02-15 15:30:58.284,18708,18709,18709,2,2
2024-02-15 15:30:58.284,18708,18709,18709,2,2
2024-02-15 15:30:58.284,18708,18709,18709,2,2
2024-02-15 15:30:58.284,18708,18709,18709,1,1
2024-02-15 15:30:58.285,18708,18709,18709,1,1
2024-02-15 15:30:58.285,18708,18709,18709,1,1
2024-02-15 15:30:58.285,18708,18709,18709,2,2
2024-02-15 15:30:58.285,18708,18709,18709,11,11
2024-02-15 15:30:58.285,18708,18709,18709,7,7
2024-02-15 15:31:00.734,18709,18710,18710,1,1
2024-02-15 15:31:00.734,18709,18710,18710,1,1
2024-02-15 15:31:00.735,18709,18710,18710,6,6
2024-02-15 15:31:00.735,18709,18710,18710,1,1
2024-02-15 15:31:00.735,18709,18710,18710,3,3
2024-02-15 15:31:00.762,18709,18710,18710,1,1
2024-02-15 15:31:00.826,18709,18710,18709,3,-3
2024-02-15 15:31:01.000,18709,18710,18709,1,-1
2024-02-15 15:31:02.277,18709,18710,18709,1,-1
2024-02-15 15:31:04.442,18709,18710,18709,1,-1
2024-02-15 15:31:04.707,18709,18710,18709,1,-1
2024-02-15 15:31:12.720,18709,18710,18709,5,-5
2024-02-15 15:31:17.058,18709,18710,18709,1,-1
2024-02-15 15:31:17.199,18709,18710,18709,18,-18
2024-02-15 15:31:17.200,18709,18710,18709,4,-4
2024-02-15 15:31:20.066,18708,18709,18708,2,-2
2024-02-15 15:31:20.799,18707,18708,18707,2,-2
2024-02-15 15:31:20.800,18707,18708,18707,1,-1
2024-02-15 15:31:20.800,18707,18708,18707,1,-1
2024-02-15 15:31:20.800,18707,18708,18707,1,-1
2024-02-15 15:31:20.800,18707,18708,18707,2,-2
2024-02-15 15:31:20.800,18707,18708,18707,1,-1
2024-02-15 15:31:20.800,18707,18708,18707,1,-1
2024-02-15 15:31:20.800,18707,18708,18707,2,-2
2024-02-15 15:31:20.800,18707,18708,18707,5,-5
2024-02-15 15:31:33.355,18706,18707,18707,7,7
2024-02-15 15:31:44.351,18707,18708,18708,1,1
2024-02-15 15:31:44.352,18707,18708,18708,2,2
2024-02-15 15:31:44.352,18707,18708,18708,1,1
2024-02-15 15:31:57.364,18707,18708,18707,1,-1
2024-02-15 15:31:57.489,18707,18708,18708,1,1
2024-02-15 15:32:00.171,18707,18708,18707,5,-5
2024-02-15 15:32:07.473,18706,18707,18707,11,11
2024-02-15 15:32:07.474,18706,18707,18707,1,1
2024-02-15 15:32:08.408,18706,18708,18706,5,-5
2024-02-15 15:32:16.482,18707,18708,18707,1,-1
2024-02-15 15:32:16.482,18707,18708,18707,2,-2
2024-02-15 15:32:16.652,18706,18707,18706,2,-2
2024-02-15 15:32:23.598,18706,18707,18707,2,2
2024-02-15 15:32:43.265,18707,18708,18708,1,1
2024-02-15 15:32:48.558,18707,18708,18708,3,3
2024-02-15 15:33:00.722,18708,18709,18709,2,2
2024-02-15 15:33:03.015,18708,18709,18708,1,-1
2024-02-15 15:33:13.026,18708,18709,18708,5,-5
2024-02-15 15:33:14.200,18707,18708,18708,1,1
2024-02-15 15:33:15.656,18707,18708,18708,1,1
2024-02-15 15:33:20.549,18707,18708,18708,1,1
2024-02-15 15:33:22.434,18707,18708,18708,4,4
2024-02-15 15:33:27.962,18707,18708,18707,1,-1
2024-02-15 15:33:31.118,18707,18708,18707,1,-1
2024-02-15 15:33:31.405,18707,18708,18707,1,-1
2024-02-15 15:33:31.405,18707,18708,18707,10,-10
2024-02-15 15:33:40.377,18706,18707,18707,1,1
2024-02-15 15:33:40.588,18706,18707,18706,2,-2
2024-02-15 15:33:43.175,18706,18707,18706,1,-1
2024-02-15 15:33:46.873,18706,18707,18706,1,-1
2024-02-15 15:33:52.757,18706,18707,18706,1,-1
2024-02-15 15:33:55.210,18706,18707,18706,1,-1
2024-02-15 15:33:58.392,18706,18707,18706,1,-1
2024-02-15 15:34:00.085,18706,18707,18706,2,-2
2024-02-15 15:34:00.465,18706,18707,18706,1,-1
2024-02-15 15:34:00.465,18706,18707,18706,1,-1
2024-02-15 15:34:02.531,18705,18707,18707,1,1
2024-02-15 15:34:02.531,18705,18707,18707,1,1
2024-02-15 15:34:02.538,18705,18707,18707,1,1
2024-02-15 15:34:02.836,18707,18708,18707,1,-1
2024-02-15 15:34:05.657,18707,18708,18707,14,-14
2024-02-15 15:34:06.179,18707,18708,18707,1,-1
2024-02-15 15:34:16.485,18707,18708,18708,1,1
2024-02-15 15:34:19.220,18707,18708,18708,1,1
2024-02-15 15:34:26.292,18708,18709,18708,1,-1
2024-02-15 15:34:35.759,18708,18709,18708,1,-1
2024-02-15 15:34:40.711,18708,18709,18708,4,-4
2024-02-15 15:34:44.239,18708,18709,18708,2,-2
2024-02-15 15:34:47.478,18708,18709,18708,4,-4
2024-02-15 15:34:54.379,18708,18709,18708,2,-2
2024-02-15 15:34:59.071,18708,18709,18708,1,-1
2024-02-15 15:35:01.244,18708,18709,18708,3,-3
2024-02-15 15:35:08.965,18707,18708,18707,1,-1
2024-02-15 15:35:09.184,18707,18708,18707,1,-1
2024-02-15 15:35:12.756,18707,18708,18707,2,-2
2024-02-15 15:35:19.788,18707,18708,18707,3,-3
2024-02-15 15:35:19.788,18707,18708,18706,2,-2
2024-02-15 15:35:22.318,18706,18708,18706,1,-1
2024-02-15 15:35:34.812,18707,18708,18708,2,2
2024-02-15 15:35:37.427,18707,18708,18708,3,3
2024-02-15 15:35:37.841,18707,18708,18708,5,5
2024-02-15 15:35:54.506,18708,18709,18708,2,-2
2024-02-15 15:36:06.278,18707,18708,18708,5,5
2024-02-15 15:36:10.013,18707,18708,18707,1,-1
2024-02-15 15:36:22.877,18707,18708,18708,3,3
2024-02-15 15:36:23.757,18708,18709,18708,4,-4
2024-02-15 15:36:24.119,18708,18709,18709,1,1
2024-02-15 15:36:30.687,18708,18709,18709,3,3
2024-02-15 15:36:30.687,18708,18709,18709,2,2
2024-02-15 15:36:35.539,18708,18709,18709,1,1
2024-02-15 15:36:38.459,18708,18709,18709,1,1
2024-02-15 15:36:40.065,18708,18709,18709,1,1
2024-02-15 15:36:40.093,18708,18709,18709,3,3
2024-02-15 15:36:40.094,18708,18709,18709,11,11
2024-02-15 15:36:40.150,18709,18710,18710,1,1
2024-02-15 15:36:43.387,18709,18710,18710,3,3
2024-02-15 15:36:44.133,18709,18710,18710,1,1
2024-02-15 15:36:49.596,18709,18710,18710,1,1
2024-02-15 15:36:50.016,18709,18710,18710,1,1
2024-02-15 15:36:58.274,18709,18710,18710,5,5
2024-02-15 15:36:59.676,18709,18710,18709,1,-1
2024-02-15 15:37:06.668,18709,18710,18709,1,-1
2024-02-15 15:37:09.146,18709,18710,18709,1,-1
2024-02-15 15:37:14.610,18709,18710,18710,1,1
2024-02-15 15:37:19.224,18709,18710,18710,1,1
2024-02-15 15:37:19.741,18709,18710,18710,5,5
2024-02-15 15:37:19.816,18709,18710,18709,2,-2
2024-02-15 15:37:28.480,18709,18710,18709,3,-3
2024-02-15 15:37:30.372,18709,18710,18709,1,-1
2024-02-15 15:37:30.787,18708,18710,18708,20,-20
2024-02-15 15:37:30.788,18708,18710,18708,5,-5
2024-02-15 15:37:31.487,18707,18708,18707,2,-2
2024-02-15 15:37:34.994,18706,18708,18707,1,-1
2024-02-15 15:37:52.484,18706,18707,18707,1,1
2024-02-15 15:38:01.660,18706,18707,18706,10,-10
2024-02-15 15:38:01.661,18706,18707,18706,4,-4
2024-02-15 15:38:01.759,18705,18706,18706,1,1
2024-02-15 15:38:01.793,18705,18706,18705,2,-2
2024-02-15 15:38:01.939,18705,18706,18705,3,-3
2024-02-15 15:38:06.821,18705,18706,18705,1,-1
2024-02-15 15:38:10.430,18705,18706,18705,2,-2
2024-02-15 15:38:10.430,18705,18706,18705,1,-1
2024-02-15 15:38:10.431,18705,18706,18705,2,-2
2024-02-15 15:38:10.431,18705,18706,18705,9,-9
2024-02-15 15:38:10.431,18705,18706,18705,1,-1
2024-02-15 15:38:10.431,18705,18706,18705,4,-4
2024-02-15 15:38:10.431,18705,18706,18705,2,-2
2024-02-15 15:38:10.431,18705,18706,18705,3,-3
2024-02-15 15:38:10.433,18705,18706,18705,4,-4
2024-02-15 15:38:10.434,18705,18706,18705,2,-2
2024-02-15 15:38:26.095,18705,18706,18705,1,-1
2024-02-15 15:38:26.095,18705,18706,18705,3,-3
2024-02-15 15:38:26.096,18705,18706,18705,1,-1
2024-02-15 15:38:26.096,18705,18706,18705,1,-1
2024-02-15 15:38:26.096,18705,18706,18705,1,-1
2024-02-15 15:38:29.119,18705,18706,18705,1,-1
2024-02-15 15:38:33.227,18705,18706,18705,5,-5
2024-02-15 15:38:40.916,18704,18705,18704,1,-1
2024-02-15 15:38:44.492,18704,18705,18705,2,2
2024-02-15 15:38:45.705,18704,18705,18704,3,-3
2024-02-15 15:38:50.695,18704,18705,18705,1,1
2024-02-15 15:38:50.695,18704,18705,18705,1,1
2024-02-15 15:38:50.696,18704,18705,18705,1,1
2024-02-15 15:38:55.143,18704,18705,18705,1,1
2024-02-15 15:38:57.622,18704,18705,18704,1,-1
2024-02-15 15:39:02.780,18704,18705,18705,3,3
2024-02-15 15:39:14.219,18705,18706,18705,1,-1
2024-02-15 15:39:14.881,18705,18706,18705,2,-2
2024-02-15 15:39:24.482,18704,18705,18704,1,-1
2024-02-15 15:39:26.602,18704,18705,18704,4,-4
2024-02-15 15:39:26.603,18704,18705,18704,1,-1
2024-02-15 15:39:26.603,18704,18705,18704,1,-1
2024-02-15 15:39:26.603,18704,18705,18704,3,-3
2024-02-15 15:39:26.603,18704,18705,18704,3,-3
2024-02-15 15:39:26.603,18704,18705,18704,1,-1
2024-02-15 15:39:26.603,18704,18705,18704,2,-2
2024-02-15 15:39:26.603,18704,18705,18704,4,-4
2024-02-15 15:39:26.603,18704,18705,18704,9,-9
2024-02-15 15:39:30.136,18703,18705,18703,10,-10
2024-02-15 15:39:30.453,18703,18704,18703,2,-2
2024-02-15 15:39:30.976,18703,18704,18703,3,-3
2024-02-15 15:39:30.976,18703,18704,18703,1,-1
2024-02-15 15:39:32.839,18702,18703,18703,6,6
2024-02-15 15:39:37.243,18703,18704,18703,3,-3
2024-02-15 15:39:47.194,18702,18703,18702,1,-1
2024-02-15 15:39:47.586,18702,18703,18703,2,2
2024-02-15 15:39:47.586,18702,18703,18703,4,4
2024-02-15 15:39:47.586,18702,18703,18703,4,4
2024-02-15 15:39:51.683,18703,18704,18703,1,-1
2024-02-15 15:39:56.005,18702,18703,18702,2,-2
2024-02-15 15:39:56.043,18702,18703,18703,1,1
2024-02-15 15:40:07.103,18703,18704,18703,4,-4
2024-02-15 15:40:14.752,18703,18704,18703,4,-4
2024-02-15 15:40:15.467,18703,18704,18704,1,1
2024-02-15 15:40:15.525,18703,18705,18703,3,-3
2024-02-15 15:40:16.168,18702,18704,18704,1,1
2024-02-15 15:40:38.380,18703,18704,18704,1,1
2024-02-15 15:40:42.252,18703,18704,18704,1,1
2024-02-15 15:40:43.307,18703,18704,18704,1,1
2024-02-15 15:40:46.940,18703,18704,18703,1,-1
2024-02-15 15:40:46.941,18703,18704,18703,2,-2
2024-02-15 15:40:50.937,18702,18703,18703,3,3
2024-02-15 15:40:55.600,18702,18704,18703,3,3
2024-02-15 15:40:55.600,18702,18704,18702,2,-2
2024-02-15 15:41:00.414,18702,18703,18703,1,1
2024-02-15 15:41:07.858,18702,18704,18704,2,2
2024-02-15 15:41:22.039,18703,18704,18704,2,2
2024-02-15 15:41:24.997,18704,18705,18705,2,2
2024-02-15 15:41:34.560,18704,18705,18704,1,-1
2024-02-15 15:41:45.254,18704,18705,18704,1,-1
2024-02-15 15:42:01.805,18702,18704,18704,3,3
2024-02-15 15:42:23.184,18703,18704,18703,21,-21
2024-02-15 15:42:23.265,18702,18703,18702,1,-1
2024-02-15 15:42:23.266,18702,18703,18702,34,-34
2024-02-15 15:42:23.266,18702,18703,18701,3,-3
2024-02-15 15:42:23.267,18702,18703,18701,5,-5
2024-02-15 15:42:23.267,18702,18703,18701,1,-1
2024-02-15 15:42:23.267,18702,18703,18701,2,-2
2024-02-15 15:42:23.459,18700,18701,18700,1,-1
2024-02-15 15:42:23.513,18700,18701,18700,5,-5
2024-02-15 15:42:31.286,18700,18701,18700,1,-1
2024-02-15 15:42:31.419,18700,18701,18700,1,-1
2024-02-15 15:42:31.597,18700,18701,18701,5,5
2024-02-15 15:42:31.651,18700,18701,18700,1,-1
2024-02-15 15:42:39.330,18700,18701,18700,3,-3
2024-02-15 15:42:39.373,18700,18701,18701,1,1
2024-02-15 15:42:42.371,18700,18701,18701,10,10
2024-02-15 15:42:42.371,18700,18701,18702,24,24
2024-02-15 15:42:42.371,18700,18701,18703,48,48
2024-02-15 15:42:42.371,18700,18701,18704,18,18
2024-02-15 15:42:42.374,18700,18701,18703,1,1
2024-02-15 15:42:42.374,18700,18701,18704,2,2
2024-02-15 15:42:42.375,18700,18701,18703,2,2
2024-02-15 15:42:42.375,18700,18701,18703,3,3
2024-02-15 15:42:42.375,18700,18701,18704,3,3
2024-02-15 15:42:42.406,18700,18701,18703,1,1
2024-02-15 15:42:42.406,18700,18701,18702,8,8
2024-02-15 15:42:44.789,18702,18703,18702,1,-1
2024-02-15 15:42:46.088,18702,18703,18702,1,-1
2024-02-15 15:43:11.813,18703,18704,18704,22,22
2024-02-15 15:43:11.813,18703,18704,18705,38,38
2024-02-15 15:43:11.813,18703,18704,18706,30,30
2024-02-15 15:43:11.813,18703,18704,18707,10,10
2024-02-15 15:43:11.816,18703,18704,18706,1,1
2024-02-15 15:43:11.816,18703,18704,18706,1,1
2024-02-15 15:43:11.816,18703,18704,18706,1,1
2024-02-15 15:43:12.024,18706,18707,18706,1,-1
2024-02-15 15:43:12.397,18705,18707,18705,1,-1
2024-02-15 15:43:16.149,18705,18707,18705,3,-3
2024-02-15 15:43:16.277,18705,18707,18705,1,-1
2024-02-15 15:43:24.365,18705,18706,18705,3,-3
2024-02-15 15:43:24.732,18704,18705,18705,1,1
2024-02-15 15:43:28.977,18704,18706,18706,5,5
2024-02-15 15:43:38.445,18704,18706,18706,1,1
2024-02-15 15:43:39.138,18705,18707,18705,1,-1
2024-02-15 15:43:51.576,18705,18706,18705,1,-1
2024-02-15 15:44:00.796,18704,18706,18705,3,-3
2024-02-15 15:44:18.542,18704,18705,18705,1,1
2024-02-15 15:44:35.852,18704,18705,18705,1,1
2024-02-15 15:44:35.868,18705,18706,18706,1,1
2024-02-15 15:44:48.018,18705,18706,18706,2,2
2024-02-15 15:44:49.932,18705,18706,18705,1,-1
2024-02-15 15:44:51.256,18705,18706,18706,1,1
2024-02-15 15:45:02.358,18705,18706,18705,1,-1
2024-02-15 15:45:21.050,18704,18705,18704,2,-2
2024-02-15 15:45:21.050,18704,18705,18703,22,-22
2024-02-15 15:45:40.482,18702,18703,18703,1,1
2024-02-15 15:45:41.939,18702,18703,18702,1,-1
2024-02-15 15:46:12.456,18702,18703,18702,2,-2
2024-02-15 15:46:18.323,18702,18703,18703,3,3
2024-02-15 15:46:18.324,18702,18703,18703,2,2
2024-02-15 15:46:27.436,18703,18704,18703,1,-1
2024-02-15 15:46:27.436,18703,18704,18703,2,-2
2024-02-15 15:46:27.902,18702,18703,18702,1,-1
2024-02-15 15:46:27.902,18702,18703,18702,4,-4
2024-02-15 15:46:27.905,18702,18703,18701,3,-3
2024-02-15 15:46:28.105,18700,18702,18700,2,-2
2024-02-15 15:46:28.108,18700,18702,18700,1,-1
2024-02-15 15:46:28.108,18700,18702,18700,1,-1
2024-02-15 15:46:28.108,18700,18702,18700,5,-5
2024-02-15 15:46:28.109,18700,18702,18700,1,-1
2024-02-15 15:46:28.129,18700,18701,18700,2,-2
2024-02-15 15:46:28.195,18700,18701,18701,1,1
2024-02-15 15:46:28.434,18700,18701,18700,1,-1
2024-02-15 15:46:28.648,18700,18701,18701,8,8
2024-02-15 15:46:28.648,18700,18701,18702,16,16
2024-02-15 15:46:28.649,18700,18701,18702,2,2
2024-02-15 15:46:28.649,18700,18701,18702,2,2
2024-02-15 15:46:28.649,18700,18701,18702,4,4
2024-02-15 15:46:28.889,18700,18702,18702,1,1
2024-02-15 15:46:28.905,18700,18702,18700,5,-5
2024-02-15 15:46:29.071,18700,18702,18700,1,-1
2024-02-15 15:46:30.605,18700,18702,18700,1,-1
2024-02-15 15:46:37.703,18700,18702,18702,1,1
2024-02-15 15:46:37.703,18700,18702,18702,1,1
2024-02-15 15:46:37.704,18700,18702,18701,3,3
2024-02-15 15:46:37.709,18700,18702,18701,1,1
2024-02-15 15:47:08.573,18701,18702,18701,1,-1
2024-02-15 15:47:22.850,18701,18702,18702,6,6
2024-02-15 15:47:26.617,18702,18704,18702,1,-1
2024-02-15 15:47:44.274,18703,18704,18703,1,-1
2024-02-15 15:47:44.706,18703,18704,18703,2,-2
2024-02-15 15:47:44.706,18703,18704,18702,1,-1
2024-02-15 15:47:44.824,18702,18703,18702,1,-1
2024-02-15 15:47:46.094,18702,18704,18702,3,-3
2024-02-15 15:47:47.205,18702,18703,18702,3,-3
2024-02-15 15:47:51.928,18702,18704,18702,1,-1
2024-02-15 15:47:53.183,18702,18704,18702,1,-1
2024-02-15 15:48:08.804,18701,18703,18703,1,1
2024-02-15 15:48:09.211,18702,18703,18702,1,-1
2024-02-15 15:48:09.212,18702,18703,18701,1,-1
2024-02-15 15:48:37.048,18701,18702,18701,4,-4
2024-02-15 15:48:37.049,18701,18702,18701,2,-2
2024-02-15 15:48:42.376,18700,18701,18700,2,-2
2024-02-15 15:48:42.377,18700,18701,18700,12,-12
2024-02-15 15:48:42.377,18700,18701,18700,2,-2
2024-02-15 15:48:42.377,18700,18701,18700,6,-6
2024-02-15 15:48:42.377,18700,18701,18700,1,-1
2024-02-15 15:48:42.754,18699,18700,18699,1,-1
2024-02-15 15:48:42.755,18699,18700,18699,3,-3
2024-02-15 15:48:46.944,18698,18700,18698,3,-3
2024-02-15 15:48:47.090,18698,18700,18698,1,-1
2024-02-15 15:48:51.043,18698,18699,18699,3,3
2024-02-15 15:49:08.017,18698,18699,18698,1,-1
2024-02-15 15:49:10.253,18698,18699,18699,1,1
2024-02-15 15:49:10.369,18698,18699,18699,1,1
2024-02-15 15:49:10.369,18698,18699,18699,1,1
2024-02-15 15:49:10.369,18698,18699,18699,2,2
2024-02-15 15:49:12.577,18698,18699,18698,1,-1
2024-02-15 15:49:15.464,18698,18699,18699,1,1
2024-02-15 15:49:26.787,18698,18699,18699,1,1
2024-02-15 15:49:26.867,18698,18700,18700,1,1
2024-02-15 15:49:48.879,18699,18700,18700,3,3
2024-02-15 15:49:48.879,18699,18700,18700,4,4
2024-02-15 15:49:54.203,18699,18701,18699,1,-1
2024-02-15 15:50:02.789,18699,18701,18699,1,-1
2024-02-15 15:50:22.998,18699,18700,18699,1,-1
2024-02-15 15:50:26.143,18699,18700,18699,3,-3
2024-02-15 15:50:34.445,18698,18699,18699,1,1
2024-02-15 15:50:37.681,18698,18699,18698,1,-1
2024-02-15 15:50:51.993,18698,18699,18698,1,-1
2024-02-15 15:50:57.029,18698,18699,18698,1,-1
2024-02-15 15:50:57.118,18698,18699,18699,1,1
2024-02-15 15:51:24.333,18698,18699,18698,2,-2
2024-02-15 15:51:30.581,18698,18699,18699,1,1
2024-02-15 15:51:36.994,18698,18699,18699,1,1
2024-02-15 15:51:39.745,18698,18699,18699,1,1
2024-02-15 15:51:46.752,18699,18700,18699,7,-7
2024-02-15 15:51:46.753,18699,18700,18699,2,-2
2024-02-15 15:51:49.305,18699,18700,18699,1,-1
2024-02-15 15:51:53.564,18698,18700,18700,2,2
2024-02-15 15:51:58.853,18699,18700,18699,1,-1
2024-02-15 15:52:03.927,18698,18699,18699,1,1
2024-02-15 15:52:27.218,18698,18699,18698,3,-3
2024-02-15 15:52:33.648,18698,18699,18698,1,-1
2024-02-15 15:52:43.512,18698,18699,18698,1,-1
2024-02-15 15:52:44.117,18698,18699,18699,1,1
2024-02-15 15:52:44.117,18698,18699,18699,6,6
2024-02-15 15:52:58.088,18698,18699,18699,1,1
2024-02-15 15:53:09.134,18698,18699,18699,1,1
2024-02-15 15:53:09.134,18698,18699,18699,1,1
2024-02-15 15:53:09.134,18698,18699,18699,1,1
2024-02-15 15:53:13.097,18699,18700,18700,5,5
2024-02-15 15:53:18.088,18700,18701,18700,1,-1
2024-02-15 15:53:21.551,18699,18701,18701,1,1
2024-02-15 15:53:31.749,18700,18701,18701,4,4
2024-02-15 15:53:35.166,18701,18702,18701,1,-1
2024-02-15 15:53:38.849,18701,18702,18702,1,1
2024-02-15 15:53:55.628,18701,18702,18702,1,1
2024-02-15 15:54:23.931,18701,18702,18701,1,-1
2024-02-15 15:54:24.407,18701,18702,18701,1,-1
2024-02-15 15:54:56.998,18700,18702,18700,2,-2
2024-02-15 15:55:05.156,18701,18702,18702,5,5
2024-02-15 15:55:46.525,18701,18702,18702,1,1
2024-02-15 15:56:35.214,18701,18702,18702,1,1
2024-02-15 15:56:41.832,18701,18702,18702,1,1
2024-02-15 15:56:48.909,18701,18702,18701,2,-2
2024-02-15 15:56:53.601,18701,18702,18702,1,1
2024-02-15 15:56:57.062,18701,18702,18701,1,-1
2024-02-15 15:57:24.679,18701,18702,18701,3,-3
2024-02-15 15:57:25.593,18701,18702,18701,1,-1
2024-02-15 15:57:26.151,18701,18702,18701,2,-2
2024-02-15 15:57:26.151,18701,18702,18700,1,-1
2024-02-15 15:57:33.238,18701,18702,18701,1,-1
2024-02-15 15:57:50.023,18701,18702,18701,2,-2
2024-02-15 15:57:54.370,18701,18702,18701,1,-1
2024-02-15 15:57:54.370,18701,18702,18701,1,-1
2024-02-15 15:57:54.371,18701,18702,18701,1,-1
2024-02-15 15:57:54.371,18701,18702,18701,1,-1
2024-02-15 15:57:54.371,18701,18702,18701,1,-1
2024-02-15 15:57:54.371,18701,18702,18701,3,-3
2024-02-15 15:57:55.312,18700,18701,18700,1,-1
2024-02-15 15:58:01.106,18700,18701,18700,1,-1
2024-02-15 15:58:04.162,18700,18701,18700,1,-1
2024-02-15 15:58:04.163,18700,18701,18700,2,-2
2024-02-15 15:58:04.665,18699,18701,18699,2,-2
2024-02-15 15:58:04.737,18699,18701,18699,1,-1
2024-02-15 15:58:04.866,18699,18700,18699,1,-1
2024-02-15 15:58:08.438,18699,18700,18699,1,-1
2024-02-15 15:58:08.439,18699,18700,18699,1,-1
2024-02-15 15:58:08.439,18699,18700,18699,1,-1
2024-02-15 15:58:08.439,18699,18700,18699,1,-1
2024-02-15 15:58:12.421,18699,18700,18699,1,-1
2024-02-15 15:58:14.055,18699,18700,18699,1,-1
2024-02-15 15:58:21.626,18698,18699,18699,1,1
2024-02-15 15:58:34.738,18698,18699,18698,1,-1
2024-02-15 15:58:40.203,18698,18699,18698,1,-1
2024-02-15 15:58:49.178,18698,18699,18698,1,-1
2024-02-15 15:58:49.675,18698,18699,18699,1,1
2024-02-15 15:59:18.351,18698,18699,18698,1,-1
2024-02-15 15:59:21.000,18698,18699,18699,2,2
2024-02-15 15:59:21.000,18698,18699,18699,5,5
2024-02-15 15:59:25.544,18699,18700,18699,1,-1
2024-02-15 15:59:36.718,18698,18699,18698,5,-5
2024-02-15 15:59:44.454,18698,18699,18699,1,1
2024-02-15 15:59:44.498,18698,18699,18699,1,1
2024-02-15 15:59:55.097,18698,18699,18698,1,-1
2024-02-15 15:59:55.097,18698,18699,18698,5,-5
2024-02-15 15:59:55.097,18698,18699,18698,1,-1
2024-02-15 15:59:55.097,18698,18699,18698,1,-1
2024-02-15 15:59:55.098,18698,18699,18698,1,-1
2024-02-15 15:59:55.098,18698,18699,18698,1,-1
2024-02-15 15:59:55.098,18698,18699,18698,1,-1
2024-02-15 15:59:55.098,18698,18699,18698,1,-1
2024-02-15 15:59:55.098,18698,18699,18698,16,-16
2024-02-15 15:59:55.098,18698,18699,18698,1,-1
2024-02-15 15:59:55.098,18698,18699,18698,1,-1
2024-02-15 15:59:55.098,18698,18699,18698,1,-1
2024-02-15 15:59:55.098,18698,18699,18698,1,-1
2024-02-15 15:59:55.098,18698,18699,18698,2,-2
2024-02-15 15:59:55.098,18698,18699,18698,2,-2
2024-02-15 15:59:55.098,18698,18699,18698,3,-3
2024-02-15 15:59:55.098,18698,18699,18698,4,-4
2024-02-15 15:59:55.098,18698,18699,18698,1,-1
2024-02-15 15:59:55.098,18698,18699,18698,1,-1
2024-02-15 15:59:55.099,18698,18699,18698,24,-24
2024-02-15 15:59:55.166,18697,18698,18697,3,-3
2024-02-15 15:59:55.166,18697,18698,18697,2,-2
2024-02-15 15:59:55.167,18697,18698,18697,16,-16
2024-02-15 15:59:55.251,18696,18698,18696,1,-1
2024-02-15 15:59:55.271,18696,18698,18696,1,-1
2024-02-15 15:59:55.358,18696,18698,18696,1,-1
2024-02-15 15:59:55.680,18696,18697,18696,2,-2
2024-02-15 15:59:55.695,18696,18697,18696,1,-1
2024-02-15 15:59:55.696,18696,18697,18696,1,-1
2024-02-15 15:59:55.696,18696,18697,18696,1,-1
2024-02-15 15:59:55.697,18696,18697,18696,1,-1
2024-02-15 15:59:55.704,18696,18697,18696,1,-1
2024-02-15 15:59:55.747,18696,18697,18696,1,-1
2024-02-15 15:59:55.996,18696,18697,18697,3,3
2024-02-15 15:59:59.620,18696,18698,18696,6,-6
2024-02-15 16:00:00.015,18696,18697,18696,5,-5
2024-02-15 16:00:00.015,18696,18697,18695,20,-20
2024-02-15 16:00:00.016,18696,18697,18696,1,-1
2024-02-15 16:00:00.035,18696,18697,18695,1,-1
2024-02-15 16:00:00.039,18696,18697,18695,2,-2
2024-02-15 16:00:00.124,18694,18696,18694,1,-1
2024-02-15 16:00:00.287,18694,18696,18696,2,2
2024-02-15 16:00:00.305,18694,18696,18697,1,1
2024-02-15 16:00:00.307,18694,18696,18697,1,1
2024-02-15 16:00:02.075,18696,18697,18696,1,-1
2024-02-15 16:00:02.576,18695,18696,18696,1,1
2024-02-15 16:00:04.054,18695,18696,18695,9,-9
2024-02-15 16:00:06.914,18695,18696,18695,1,-1
2024-02-15 16:00:07.152,18695,18696,18696,6,6
2024-02-15 16:00:09.117,18696,18697,18697,1,1
2024-02-15 16:00:15.103,18696,18697,18697,1,1
2024-02-15 16:00:21.537,18697,18698,18697,2,-2
2024-02-15 16:00:24.706,18697,18698,18697,3,-3
2024-02-15 16:00:24.707,18697,18698,18697,7,-7
2024-02-15 16:00:30.106,18696,18697,18697,1,1
2024-02-15 16:00:34.015,18696,18698,18698,1,1
2024-02-15 16:00:36.988,18697,18698,18697,2,-2
2024-02-15 16:00:37.460,18697,18698,18698,3,3
2024-02-15 16:00:40.233,18698,18699,18699,3,3
2024-02-15 16:00:50.587,18697,18698,18697,1,-1
2024-02-15 16:01:00.136,18696,18697,18697,1,1
2024-02-15 16:01:00.582,18696,18698,18696,3,-3
2024-02-15 16:01:00.586,18696,18698,18696,1,-1
2024-02-15 16:01:00.589,18696,18698,18696,1,-1
2024-02-15 16:01:03.642,18696,18698,18696,5,-5
2024-02-15 16:01:03.667,18696,18698,18696,3,-3
2024-02-15 16:01:06.313,18696,18698,18696,1,-1
2024-02-15 16:01:13.191,18696,18697,18696,1,-1
2024-02-15 16:01:14.424,18696,18697,18696,1,-1
2024-02-15 16:01:29.416,18696,18697,18696,1,-1
2024-02-15 16:01:31.292,18695,18696,18695,2,-2
2024-02-15 16:01:38.141,18695,18696,18695,1,-1
2024-02-15 16:01:38.559,18695,18696,18695,2,-2
2024-02-15 16:01:42.364,18695,18696,18695,1,-1
2024-02-15 16:01:44.109,18695,18696,18695,1,-1
2024-02-15 16:01:47.857,18695,18696,18695,1,-1
2024-02-15 16:01:48.827,18695,18696,18695,4,-4
2024-02-15 16:02:08.213,18695,18696,18696,1,1
2024-02-15 16:02:08.213,18695,18696,18696,4,4
2024-02-15 16:02:08.300,18696,18697,18696,1,-1
2024-02-15 16:02:10.274,18696,18697,18696,1,-1
2024-02-15 16:02:16.486,18696,18697,18696,5,-5
2024-02-15 16:02:23.745,18696,18697,18697,12,12
2024-02-15 16:02:23.745,18696,18697,18697,1,1
2024-02-15 16:02:23.745,18696,18697,18697,6,6
2024-02-15 16:02:23.745,18696,18697,18697,1,1
2024-02-15 16:02:39.908,18697,18698,18697,7,-7
2024-02-15 16:02:41.729,18696,18697,18697,2,2
2024-02-15 16:02:41.730,18696,18697,18697,5,5
2024-02-15 16:02:56.638,18697,18698,18697,1,-1
2024-02-15 16:03:08.088,18697,18698,18698,1,1
2024-02-15 16:03:08.088,18697,18698,18698,3,3
2024-02-15 16:03:21.957,18698,18699,18698,1,-1
2024-02-15 16:03:39.415,18698,18699,18699,1,1
2024-02-15 16:03:39.415,18698,18699,18699,3,3
2024-02-15 16:03:39.416,18698,18699,18699,1,1
2024-02-15 16:03:40.954,18698,18700,18698,1,-1
2024-02-15 16:03:48.668,18699,18700,18699,3,-3
2024-02-15 16:03:48.668,18699,18700,18699,1,-1
2024-02-15 16:04:00.402,18698,18700,18700,3,3
2024-02-15 16:04:07.264,18698,18700,18700,2,2
2024-02-15 16:04:41.783,18698,18699,18698,1,-1
2024-02-15 16:04:50.452,18697,18698,18697,1,-1
2024-02-15 16:04:50.453,18697,18698,18697,1,-1
2024-02-15 16:05:03.902,18696,18697,18697,1,1
2024-02-15 16:05:12.581,18697,18698,18697,1,-1
2024-02-15 16:05:31.910,18696,18697,18697,3,3
2024-02-15 16:05:51.297,18697,18698,18698,5,5
2024-02-15 16:05:51.297,18697,18698,18698,1,1
2024-02-15 16:05:51.297,18697,18698,18698,1,1
2024-02-15 16:06:10.557,18698,18699,18699,1,1
2024-02-15 16:06:13.173,18699,18700,18699,2,-2
2024-02-15 16:06:27.029,18698,18699,18698,1,-1
2024-02-15 16:06:27.029,18698,18699,18698,1,-1
2024-02-15 16:06:44.959,18697,18699,18699,4,4
2024-02-15 16:06:54.022,18697,18699,18699,4,4
2024-02-15 16:07:18.353,18698,18699,18699,1,1
2024-02-15 16:07:20.552,18698,18699,18699,1,1
2024-02-15 16:07:46.950,18698,18699,18698,1,-1
2024-02-15 16:07:47.764,18697,18698,18698,1,1
2024-02-15 16:07:47.765,18697,18698,18698,1,1
2024-02-15 16:07:47.765,18697,18698,18698,1,1
2024-02-15 16:07:47.766,18697,18698,18698,1,1
2024-02-15 16:07:54.497,18697,18698,18698,1,1
2024-02-15 16:07:54.655,18697,18698,18698,1,1
2024-02-15 16:07:54.816,18697,18699,18699,1,1
2024-02-15 16:07:55.234,18697,18699,18699,1,1
2024-02-15 16:07:55.372,18697,18699,18699,1,1
2024-02-15 16:07:58.664,18698,18699,18699,5,5
2024-02-15 16:08:31.541,18698,18699,18698,1,-1
2024-02-15 16:08:32.751,18698,18699,18698,1,-1
2024-02-15 16:08:33.311,18698,18699,18699,2,2
2024-02-15 16:08:48.052,18698,18699,18699,2,2
2024-02-15 16:08:48.052,18698,18699,18699,3,3
2024-02-15 16:08:48.052,18698,18699,18699,2,2
2024-02-15 16:08:48.756,18699,18700,18700,25,25
2024-02-15 16:08:48.757,18699,18700,18700,3,3
2024-02-15 16:08:48.757,18699,18700,18700,1,1
2024-02-15 16:08:48.757,18699,18700,18700,3,3
2024-02-15 16:08:48.757,18699,18700,18700,1,1
2024-02-15 16:08:50.384,18700,18701,18701,1,1
2024-02-15 16:09:04.205,18701,18702,18702,3,3
2024-02-15 16:09:04.206,18701,18702,18702,1,1
2024-02-15 16:09:04.206,18701,18702,18702,3,3
2024-02-15 16:09:04.206,18701,18702,18702,1,1
2024-02-15 16:09:04.206,18701,18702,18702,5,5
2024-02-15 16:09:15.753,18702,18703,18703,1,1
2024-02-15 16:09:16.956,18702,18703,18703,1,1
2024-02-15 16:09:21.556,18702,18703,18703,2,2
2024-02-15 16:09:22.108,18702,18703,18703,2,2
2024-02-15 16:09:23.171,18702,18703,18703,1,1
2024-02-15 16:09:28.744,18702,18703,18703,1,1
2024-02-15 16:09:28.744,18702,18703,18703,3,3
2024-02-15 16:09:30.503,18703,18704,18704,2,2
2024-02-15 16:09:30.504,18703,18704,18704,3,3
2024-02-15 16:09:30.504,18703,18704,18704,1,1
2024-02-15 16:09:30.504,18703,18704,18704,1,1
2024-02-15 16:09:30.504,18703,18704,18704,1,1
2024-02-15 16:09:30.504,18703,18704,18704,1,1
2024-02-15 16:09:33.897,18704,18705,18704,1,-1
2024-02-15 16:09:35.018,18704,18705,18705,2,2
2024-02-15 16:09:35.019,18704,18705,18705,1,1
2024-02-15 16:09:35.019,18704,18705,18705,1,1
2024-02-15 16:09:35.019,18704,18705,18705,1,1
2024-02-15 16:09:35.019,18704,18705,18705,1,1
2024-02-15 16:09:35.020,18704,18705,18705,1,1
2024-02-15 16:09:35.020,18704,18705,18705,1,1
2024-02-15 16:09:35.020,18704,18705,18705,3,3
2024-02-15 16:09:35.227,18705,18706,18706,1,1
2024-02-15 16:09:35.227,18705,18706,18706,1,1
2024-02-15 16:09:37.820,18705,18706,18706,3,3
2024-02-15 16:09:37.847,18705,18706,18706,1,1
2024-02-15 16:09:40.814,18706,18707,18706,1,-1
2024-02-15 16:09:40.814,18706,18707,18705,1,-1
2024-02-15 16:09:46.079,18706,18707,18706,1,-1
2024-02-15 16:10:02.644,18706,18707,18707,3,3
2024-02-15 16:10:03.173,18706,18707,18707,1,1
2024-02-15 16:10:03.243,18706,18707,18707,1,1
2024-02-15 16:10:03.243,18706,18707,18707,1,1
2024-02-15 16:10:03.243,18706,18707,18707,1,1
2024-02-15 16:10:03.243,18706,18707,18707,1,1
2024-02-15 16:10:04.361,18706,18707,18707,1,1
2024-02-15 16:10:06.459,18707,18708,18708,2,2
2024-02-15 16:10:06.459,18707,18708,18708,1,1
2024-02-15 16:10:06.470,18707,18708,18708,2,2
2024-02-15 16:10:06.608,18707,18708,18707,1,-1
2024-02-15 16:10:06.617,18707,18708,18708,2,2
2024-02-15 16:10:06.636,18707,18708,18707,2,-2
2024-02-15 16:10:06.636,18707,18708,18706,10,-10
2024-02-15 16:10:11.820,18705,18707,18706,1,-1
2024-02-15 16:10:13.262,18705,18706,18706,1,1
2024-02-15 16:10:13.367,18705,18706,18706,1,1
2024-02-15 16:10:13.370,18705,18706,18707,1,1
2024-02-15 16:10:15.438,18705,18707,18706,1,1
2024-02-15 16:10:15.438,18705,18707,18707,1,1
2024-02-15 16:10:17.343,18705,18706,18706,1,1
2024-02-15 16:10:18.018,18705,18706,18705,1,-1
2024-02-15 16:10:18.018,18705,18706,18705,8,-8
2024-02-15 16:10:18.019,18705,18706,18705,1,-1
2024-02-15 16:10:18.019,18705,18706,18705,3,-3
2024-02-15 16:10:20.180,18704,18705,18704,2,-2
2024-02-15 16:10:37.725,18704,18705,18704,1,-1
2024-02-15 16:10:37.725,18704,18705,18704,4,-4
2024-02-15 16:10:41.775,18703,18704,18704,1,1
2024-02-15 16:10:44.049,18703,18705,18704,1,1
2024-02-15 16:10:45.065,18703,18704,18704,1,1
2024-02-15 16:10:47.352,18703,18704,18704,1,1
2024-02-15 16:10:53.332,18702,18704,18703,2,2
2024-02-15 16:11:08.693,18704,18705,18705,1,1
2024-02-15 16:11:09.931,18704,18706,18704,1,-1
2024-02-15 16:11:16.276,18704,18705,18704,1,-1
2024-02-15 16:11:30.777,18704,18705,18704,1,-1
2024-02-15 16:11:39.357,18703,18704,18704,4,4
2024-02-15 16:11:48.288,18705,18706,18705,1,-1
2024-02-15 16:12:02.543,18704,18705,18705,1,1
2024-02-15 16:12:02.543,18704,18705,18705,1,1
2024-02-15 16:12:02.543,18704,18705,18705,1,1
2024-02-15 16:12:02.544,18704,18705,18705,3,3
2024-02-15 16:12:02.544,18704,18705,18705,1,1
2024-02-15 16:12:10.385,18705,18706,18705,1,-1
2024-02-15 16:12:20.245,18705,18706,18706,5,5
2024-02-15 16:12:25.460,18705,18706,18706,4,4
2024-02-15 16:12:25.723,18705,18706,18706,5,5
2024-02-15 16:12:25.723,18705,18706,18706,1,1
2024-02-15 16:12:25.723,18705,18706,18706,1,1
2024-02-15 16:12:25.723,18705,18706,18706,3,3
2024-02-15 16:12:28.259,18706,18707,18707,1,1
2024-02-15 16:12:31.071,18706,18707,18707,1,1
2024-02-15 16:12:32.960,18706,18707,18707,2,2
2024-02-15 16:12:37.478,18706,18707,18706,1,-1
2024-02-15 16:12:39.768,18706,18707,18707,3,3
2024-02-15 16:12:39.769,18706,18707,18707,2,2
2024-02-15 16:12:39.769,18706,18707,18707,1,1
2024-02-15 16:12:39.769,18706,18707,18707,1,1
2024-02-15 16:12:44.433,18707,18708,18708,3,3
2024-02-15 16:12:50.728,18707,18708,18708,1,1
2024-02-15 16:12:55.592,18707,18708,18708,2,2
2024-02-15 16:12:55.593,18707,18708,18708,2,2
2024-02-15 16:13:00.256,18708,18709,18709,1,1
2024-02-15 16:13:04.926,18708,18709,18709,1,1
2024-02-15 16:13:30.010,18708,18709,18709,1,1
2024-02-15 16:13:30.149,18708,18709,18709,2,2
2024-02-15 16:13:30.305,18708,18709,18709,1,1
2024-02-15 16:13:30.311,18708,18709,18709,1,1
2024-02-15 16:13:40.021,18708,18709,18709,1,1
2024-02-15 16:13:44.701,18708,18709,18709,1,1
2024-02-15 16:13:52.167,18708,18709,18709,1,1
2024-02-15 16:13:54.951,18708,18709,18708,2,-2
2024-02-15 16:13:55.724,18708,18709,18709,1,1
2024-02-15 16:13:55.725,18708,18709,18709,2,2
2024-02-15 16:13:55.725,18708,18709,18709,1,1
2024-02-15 16:13:58.265,18709,18710,18709,1,-1
2024-02-15 16:14:00.120,18709,18710,18709,7,-7
2024-02-15 16:14:00.120,18709,18710,18708,2,-2
2024-02-15 16:14:00.401,18709,18710,18709,1,-1
2024-02-15 16:14:04.823,18709,18710,18710,1,1
2024-02-15 16:14:04.881,18709,18710,18710,1,1
2024-02-15 16:14:04.888,18709,18710,18710,2,2
2024-02-15 16:14:04.890,18709,18710,18710,1,1
2024-02-15 16:14:04.897,18709,18710,18710,2,2
2024-02-15 16:14:04.909,18709,18710,18710,2,2
2024-02-15 16:14:04.932,18709,18710,18710,1,1
2024-02-15 16:14:05.108,18709,18710,18710,1,1
2024-02-15 16:14:05.138,18709,18710,18710,1,1
2024-02-15 16:14:05.200,18709,18710,18710,3,3
2024-02-15 16:14:05.228,18709,18710,18710,1,1
2024-02-15 16:14:05.236,18709,18710,18710,1,1
2024-02-15 16:14:05.236,18709,18710,18710,1,1
2024-02-15 16:14:05.238,18709,18710,18710,3,3
2024-02-15 16:14:05.238,18709,18710,18710,1,1
2024-02-15 16:14:05.239,18709,18710,18710,5,5
2024-02-15 16:14:05.298,18710,18711,18711,2,2
2024-02-15 16:14:05.376,18710,18711,18711,1,1
2024-02-15 16:14:05.485,18710,18711,18711,1,1
2024-02-15 16:14:05.490,18710,18711,18711,2,2
2024-02-15 16:14:05.490,18710,18711,18711,6,6
2024-02-15 16:14:05.609,18710,18711,18712,4,4
2024-02-15 16:14:05.641,18711,18712,18712,1,1
2024-02-15 16:14:05.658,18711,18712,18712,1,1
2024-02-15 16:14:05.892,18711,18712,18712,1,1
2024-02-15 16:14:06.415,18711,18712,18712,1,1
2024-02-15 16:14:06.427,18711,18712,18712,1,1
2024-02-15 16:14:06.656,18711,18712,18711,1,-1
2024-02-15 16:14:06.854,18711,18712,18712,3,3
2024-02-15 16:14:06.883,18711,18712,18711,3,-3
2024-02-15 16:14:07.472,18711,18712,18711,1,-1
