2020-07-16,15:00:00,12026,12026,12026,382
2020-07-16,15:00:00,12026,12026,12026,2
2020-07-16,15:00:00,12026,12026,12026,4
2020-07-16,15:00:00,12026,12026,12026,10
2020-07-16,15:00:00,12027,12027,12027,2
2020-07-16,15:00:00,12025,12025,12025,2
2020-07-16,15:00:00,12027,12027,12027,2
2020-07-16,15:00:00,12027,12027,12027,4
2020-07-16,15:00:00,12028,12028,12028,4
2020-07-16,15:00:00,12027,12027,12027,2
2020-07-16,15:00:00,12026,12026,12026,2
2020-07-16,15:00:00,12028,12028,12028,4
2020-07-16,15:00:00,12026,12026,12026,2
2020-07-16,15:00:00,12028,12028,12028,2
2020-07-16,15:00:00,12028,12028,12028,2
2020-07-16,15:00:00,12026,12026,12026,2
2020-07-16,15:00:00,12028,12028,12028,2
2020-07-16,15:00:01,12026,12026,12026,2
2020-07-16,15:00:01,12028,12028,12028,4
2020-07-16,15:00:01,12026,12026,12026,8
2020-07-16,15:00:01,12026,12026,12026,2
2020-07-16,15:00:01,12028,12028,12028,2
2020-07-16,15:00:01,12028,12028,12028,10
2020-07-16,15:00:01,12028,12028,12028,8
2020-07-16,15:00:01,12028,12028,12028,8
2020-07-16,15:00:01,12028,12028,12028,2
2020-07-16,15:00:01,12029,12029,12029,6
2020-07-16,15:00:01,12029,12029,12029,2
2020-07-16,15:00:01,12029,12029,12029,18
2020-07-16,15:00:01,12030,12030,12030,2
2020-07-16,15:00:01,12029,12029,12029,2
2020-07-16,15:00:01,12030,12030,12030,2
2020-07-16,15:00:01,12030,12030,12030,2
2020-07-16,15:00:01,12030,12030,12030,8
2020-07-16,15:00:01,12031,12031,12031,2
2020-07-16,15:00:01,12031,12031,12031,2
2020-07-16,15:00:01,12031,12031,12031,12
2020-07-16,15:00:01,12030,12030,12030,8
2020-07-16,15:00:01,12029,12029,12029,2
2020-07-16,15:00:01,12029,12029,12029,8
2020-07-16,15:00:01,12029,12029,12029,2
2020-07-16,15:00:01,12029,12029,12029,4
2020-07-16,15:00:01,12029,12029,12029,2
2020-07-16,15:00:01,12031,12031,12031,12
2020-07-16,15:00:01,12032,12032,12032,6
2020-07-16,15:00:02,12030,12030,12030,2
2020-07-16,15:00:02,12030,12030,12030,2
2020-07-16,15:00:02,12031,12031,12031,2
2020-07-16,15:00:02,12031,12031,12031,6
2020-07-16,15:00:02,12030,12030,12030,2
2020-07-16,15:00:02,12028,12028,12028,2
2020-07-16,15:00:02,12028,12028,12028,6
2020-07-16,15:00:02,12029,12029,12029,2
2020-07-16,15:00:02,12029,12029,12029,6
2020-07-16,15:00:02,12027,12027,12027,12
2020-07-16,15:00:02,12026,12026,12026,2
2020-07-16,15:00:03,12026,12026,12026,6
2020-07-16,15:00:03,12025,12025,12025,2
2020-07-16,15:00:03,12027,12027,12027,16
2020-07-16,15:00:03,12027,12027,12027,12
2020-07-16,15:00:03,12028,12028,12028,18
2020-07-16,15:00:03,12027,12027,12027,2
2020-07-16,15:00:03,12028,12028,12028,2
2020-07-16,15:00:03,12025,12025,12025,2
2020-07-16,15:00:03,12024,12024,12024,2
2020-07-16,15:00:03,12026,12026,12026,2
2020-07-16,15:00:04,12025,12025,12025,6
2020-07-16,15:00:04,12025,12025,12025,6
2020-07-16,15:00:04,12025,12025,12025,2
2020-07-16,15:00:04,12026,12026,12026,6
2020-07-16,15:00:05,12026,12026,12026,2
2020-07-16,15:00:05,12027,12027,12027,2
2020-07-16,15:00:05,12026,12026,12026,2
2020-07-16,15:00:05,12028,12028,12028,2
2020-07-16,15:00:06,12028,12028,12028,2
2020-07-16,15:00:06,12028,12028,12028,8
2020-07-16,15:00:06,12027,12027,12027,4
2020-07-16,15:00:06,12030,12030,12030,4
2020-07-16,15:00:06,12030,12030,12030,6
2020-07-16,15:00:06,12029,12029,12029,8
2020-07-16,15:00:06,12028,12028,12028,2
2020-07-16,15:00:06,12031,12031,12031,6
2020-07-16,15:00:07,12032,12032,12032,2
2020-07-16,15:00:07,12032,12032,12032,4
2020-07-16,15:00:07,12032,12032,12032,4
2020-07-16,15:00:07,12032,12032,12032,2
2020-07-16,15:00:07,12032,12032,12032,2
2020-07-16,15:00:08,12032,12032,12032,2
2020-07-16,15:00:08,12032,12032,12032,2
2020-07-16,15:00:08,12032,12032,12032,2
2020-07-16,15:00:08,12033,12033,12033,2
2020-07-16,15:00:08,12032,12032,12032,2
2020-07-16,15:00:08,12032,12032,12032,4
2020-07-16,15:00:09,12030,12030,12030,4
2020-07-16,15:00:09,12030,12030,12030,10
2020-07-16,15:00:09,12029,12029,12029,2
2020-07-16,15:00:09,12030,12030,12030,6
2020-07-16,15:00:09,12029,12029,12029,2
2020-07-16,15:00:09,12031,12031,12031,14
2020-07-16,15:00:09,12032,12032,12032,6
2020-07-16,15:00:10,12030,12030,12030,2
2020-07-16,15:00:10,12030,12030,12030,2
2020-07-16,15:00:11,12030,12030,12030,4
2020-07-16,15:00:11,12032,12032,12032,10
2020-07-16,15:00:11,12032,12032,12032,2
2020-07-16,15:00:12,12032,12032,12032,2
2020-07-16,15:00:12,12032,12032,12032,6
2020-07-16,15:00:12,12031,12031,12031,2
2020-07-16,15:00:12,12033,12033,12033,2
2020-07-16,15:00:12,12031,12031,12031,2
2020-07-16,15:00:12,12032,12032,12032,4
2020-07-16,15:00:12,12030,12030,12030,4
2020-07-16,15:00:13,12030,12030,12030,2
2020-07-16,15:00:13,12031,12031,12031,6
2020-07-16,15:00:13,12032,12032,12032,6
2020-07-16,15:00:14,12031,12031,12031,2
2020-07-16,15:00:14,12031,12031,12031,2
2020-07-16,15:00:14,12031,12031,12031,2
2020-07-16,15:00:14,12031,12031,12031,8
2020-07-16,15:00:14,12030,12030,12030,8
2020-07-16,15:00:14,12030,12030,12030,10
2020-07-16,15:00:14,12030,12030,12030,6
2020-07-16,15:00:14,12029,12029,12029,6
2020-07-16,15:00:14,12029,12029,12029,10
2020-07-16,15:00:17,12030,12030,12030,2
2020-07-16,15:00:17,12030,12030,12030,4
2020-07-16,15:00:18,12029,12029,12029,2
2020-07-16,15:00:18,12031,12031,12031,40
2020-07-16,15:00:18,12030,12030,12030,2
2020-07-16,15:00:18,12030,12030,12030,2
2020-07-16,15:00:18,12030,12030,12030,8
2020-07-16,15:00:18,12030,12030,12030,2
2020-07-16,15:00:18,12030,12030,12030,4
2020-07-16,15:00:19,12030,12030,12030,2
2020-07-16,15:00:19,12030,12030,12030,2
2020-07-16,15:00:19,12029,12029,12029,8
2020-07-16,15:00:20,12029,12029,12029,2
2020-07-16,15:00:20,12028,12028,12028,2
2020-07-16,15:00:20,12028,12028,12028,2
2020-07-16,15:00:20,12028,12028,12028,4
2020-07-16,15:00:20,12027,12027,12027,4
2020-07-16,15:00:20,12027,12027,12027,6
2020-07-16,15:00:21,12028,12028,12028,2
2020-07-16,15:00:21,12027,12027,12027,4
2020-07-16,15:00:21,12027,12027,12027,40
2020-07-16,15:00:22,12027,12027,12027,2
2020-07-16,15:00:22,12027,12027,12027,2
2020-07-16,15:00:22,12028,12028,12028,4
2020-07-16,15:00:22,12028,12028,12028,2
2020-07-16,15:00:22,12028,12028,12028,2
2020-07-16,15:00:23,12028,12028,12028,2
2020-07-16,15:00:24,12028,12028,12028,2
2020-07-16,15:00:24,12028,12028,12028,4
2020-07-16,15:00:24,12028,12028,12028,2
2020-07-16,15:00:25,12028,12028,12028,2
2020-07-16,15:00:25,12029,12029,12029,8
2020-07-16,15:00:26,12029,12029,12029,2
2020-07-16,15:00:26,12030,12030,12030,8
2020-07-16,15:00:26,12030,12030,12030,8
2020-07-16,15:00:27,12031,12031,12031,10
2020-07-16,15:00:27,12031,12031,12031,30
2020-07-16,15:00:27,12031,12031,12031,2
2020-07-16,15:00:27,12031,12031,12031,2
2020-07-16,15:00:27,12031,12031,12031,4
2020-07-16,15:00:27,12032,12032,12032,2
2020-07-16,15:00:27,12032,12032,12032,2
2020-07-16,15:00:27,12032,12032,12032,2
2020-07-16,15:00:27,12030,12030,12030,4
2020-07-16,15:00:27,12032,12032,12032,22
2020-07-16,15:00:27,12032,12032,12032,30
2020-07-16,15:00:27,12032,12032,12032,8
2020-07-16,15:00:27,12032,12032,12032,2
2020-07-16,15:00:28,12033,12033,12033,12
2020-07-16,15:00:28,12034,12034,12034,4
2020-07-16,15:00:28,12034,12034,12034,2
2020-07-16,15:00:28,12032,12032,12032,2
2020-07-16,15:00:28,12034,12034,12034,2
2020-07-16,15:00:28,12034,12034,12034,2
2020-07-16,15:00:29,12034,12034,12034,4
2020-07-16,15:00:29,12034,12034,12034,2
2020-07-16,15:00:30,12035,12035,12035,6
2020-07-16,15:00:30,12035,12035,12035,8
2020-07-16,15:00:30,12035,12035,12035,2
2020-07-16,15:00:31,12035,12035,12035,2
2020-07-16,15:00:31,12036,12036,12036,6
2020-07-16,15:00:31,12036,12036,12036,2
2020-07-16,15:00:31,12035,12035,12035,2
2020-07-16,15:00:31,12036,12036,12036,2
2020-07-16,15:00:32,12036,12036,12036,8
2020-07-16,15:00:32,12036,12036,12036,2
2020-07-16,15:00:32,12037,12037,12037,6
2020-07-16,15:00:33,12037,12037,12037,2
2020-07-16,15:00:33,12037,12037,12037,6
2020-07-16,15:00:33,12037,12037,12037,2
2020-07-16,15:00:33,12037,12037,12037,6
2020-07-16,15:00:33,12038,12038,12038,2
2020-07-16,15:00:34,12037,12037,12037,2
2020-07-16,15:00:34,12037,12037,12037,2
2020-07-16,15:00:34,12036,12036,12036,4
2020-07-16,15:00:34,12037,12037,12037,2
2020-07-16,15:00:35,12037,12037,12037,4
2020-07-16,15:00:35,12036,12036,12036,10
2020-07-16,15:00:35,12037,12037,12037,4
2020-07-16,15:00:35,12037,12037,12037,6
2020-07-16,15:00:36,12037,12037,12037,2
2020-07-16,15:00:36,12037,12037,12037,20
2020-07-16,15:00:37,12037,12037,12037,2
2020-07-16,15:00:38,12037,12037,12037,2
2020-07-16,15:00:38,12037,12037,12037,4
2020-07-16,15:00:38,12036,12036,12036,2
2020-07-16,15:00:39,12037,12037,12037,10
2020-07-16,15:00:39,12036,12036,12036,2
2020-07-16,15:00:40,12036,12036,12036,2
2020-07-16,15:00:41,12036,12036,12036,8
2020-07-16,15:00:41,12036,12036,12036,2
2020-07-16,15:00:41,12036,12036,12036,2
2020-07-16,15:00:41,12035,12035,12035,2
2020-07-16,15:00:41,12035,12035,12035,4
2020-07-16,15:00:41,12035,12035,12035,4
2020-07-16,15:00:41,12035,12035,12035,4
2020-07-16,15:00:41,12035,12035,12035,4
2020-07-16,15:00:41,12034,12034,12034,4
2020-07-16,15:00:41,12034,12034,12034,8
2020-07-16,15:00:41,12034,12034,12034,4
2020-07-16,15:00:41,12033,12033,12033,4
2020-07-16,15:00:42,12035,12035,12035,2
2020-07-16,15:00:42,12034,12034,12034,4
2020-07-16,15:00:42,12034,12034,12034,2
2020-07-16,15:00:43,12034,12034,12034,6
2020-07-16,15:00:43,12034,12034,12034,2
2020-07-16,15:00:43,12034,12034,12034,2
2020-07-16,15:00:44,12033,12033,12033,4
2020-07-16,15:00:44,12033,12033,12033,2
2020-07-16,15:00:44,12033,12033,12033,2
2020-07-16,15:00:44,12033,12033,12033,2
2020-07-16,15:00:45,12034,12034,12034,2
2020-07-16,15:00:46,12034,12034,12034,2
2020-07-16,15:00:46,12034,12034,12034,8
2020-07-16,15:00:46,12035,12035,12035,2
2020-07-16,15:00:46,12034,12034,12034,4
2020-07-16,15:00:46,12034,12034,12034,4
2020-07-16,15:00:46,12034,12034,12034,10
2020-07-16,15:00:46,12035,12035,12035,12
2020-07-16,15:00:46,12036,12036,12036,8
2020-07-16,15:00:46,12035,12035,12035,2
2020-07-16,15:00:48,12035,12035,12035,2
2020-07-16,15:00:48,12035,12035,12035,2
2020-07-16,15:00:49,12035,12035,12035,2
2020-07-16,15:00:49,12036,12036,12036,8
2020-07-16,15:00:49,12036,12036,12036,4
2020-07-16,15:00:49,12036,12036,12036,8
2020-07-16,15:00:49,12036,12036,12036,10
2020-07-16,15:00:49,12036,12036,12036,2
2020-07-16,15:00:49,12035,12035,12035,2
2020-07-16,15:00:49,12035,12035,12035,2
2020-07-16,15:00:49,12035,12035,12035,2
2020-07-16,15:00:50,12034,12034,12034,2
2020-07-16,15:00:51,12034,12034,12034,12
2020-07-16,15:00:51,12034,12034,12034,2
2020-07-16,15:00:51,12034,12034,12034,12
2020-07-16,15:00:52,12033,12033,12033,4
2020-07-16,15:00:52,12033,12033,12033,6
2020-07-16,15:00:52,12033,12033,12033,2
2020-07-16,15:00:52,12033,12033,12033,2
2020-07-16,15:00:52,12032,12032,12032,2
2020-07-16,15:00:52,12031,12031,12031,4
2020-07-16,15:00:53,12033,12033,12033,2
2020-07-16,15:00:53,12032,12032,12032,2
2020-07-16,15:00:53,12033,12033,12033,4
2020-07-16,15:00:54,12033,12033,12033,4
2020-07-16,15:00:54,12031,12031,12031,4
2020-07-16,15:00:54,12031,12031,12031,2
2020-07-16,15:00:54,12031,12031,12031,4
2020-07-16,15:00:54,12031,12031,12031,2
2020-07-16,15:00:54,12031,12031,12031,2
2020-07-16,15:00:54,12030,12030,12030,2
2020-07-16,15:00:54,12031,12031,12031,2
2020-07-16,15:00:54,12031,12031,12031,6
2020-07-16,15:00:54,12030,12030,12030,2
2020-07-16,15:00:54,12030,12030,12030,2
2020-07-16,15:00:54,12030,12030,12030,2
2020-07-16,15:00:54,12030,12030,12030,2
2020-07-16,15:00:54,12030,12030,12030,4
2020-07-16,15:00:55,12032,12032,12032,22
2020-07-16,15:00:55,12033,12033,12033,18
2020-07-16,15:00:55,12032,12032,12032,2
2020-07-16,15:00:55,12031,12031,12031,2
2020-07-16,15:00:56,12032,12032,12032,2
2020-07-16,15:00:57,12032,12032,12032,2
2020-07-16,15:00:58,12031,12031,12031,2
2020-07-16,15:00:58,12031,12031,12031,2
2020-07-16,15:00:59,12031,12031,12031,2
2020-07-16,15:00:59,12032,12032,12032,4
2020-07-16,15:00:59,12032,12032,12032,2
2020-07-16,15:00:59,12031,12031,12031,6
2020-07-16,15:00:59,12031,12031,12031,2
2020-07-16,15:01:00,12031,12031,12031,8
2020-07-16,15:01:00,12032,12032,12032,2
2020-07-16,15:01:00,12032,12032,12032,2
2020-07-16,15:01:00,12032,12032,12032,2
2020-07-16,15:01:00,12030,12030,12030,2
2020-07-16,15:01:00,12032,12032,12032,4
2020-07-16,15:01:00,12032,12032,12032,4
2020-07-16,15:01:00,12032,12032,12032,2
2020-07-16,15:01:00,12032,12032,12032,2
2020-07-16,15:01:00,12033,12033,12033,4
2020-07-16,15:01:00,12033,12033,12033,4
2020-07-16,15:01:00,12033,12033,12033,2
2020-07-16,15:01:01,12031,12031,12031,2
2020-07-16,15:01:01,12030,12030,12030,2
2020-07-16,15:01:01,12032,12032,12032,4
2020-07-16,15:01:01,12032,12032,12032,2
2020-07-16,15:01:01,12031,12031,12031,4
2020-07-16,15:01:01,12032,12032,12032,2
2020-07-16,15:01:01,12032,12032,12032,4
2020-07-16,15:01:01,12032,12032,12032,2
2020-07-16,15:01:01,12033,12033,12033,2
2020-07-16,15:01:01,12033,12033,12033,4
2020-07-16,15:01:01,12033,12033,12033,2
2020-07-16,15:01:01,12033,12033,12033,2
2020-07-16,15:01:01,12034,12034,12034,16
2020-07-16,15:01:01,12033,12033,12033,2
2020-07-16,15:01:01,12033,12033,12033,2
2020-07-16,15:01:01,12033,12033,12033,6
2020-07-16,15:01:01,12033,12033,12033,2
2020-07-16,15:01:01,12033,12033,12033,2
2020-07-16,15:01:02,12032,12032,12032,2
2020-07-16,15:01:02,12032,12032,12032,2
2020-07-16,15:01:02,12032,12032,12032,6
2020-07-16,15:01:02,12032,12032,12032,2
2020-07-16,15:01:02,12032,12032,12032,2
2020-07-16,15:01:02,12032,12032,12032,2
2020-07-16,15:01:02,12032,12032,12032,8
2020-07-16,15:01:02,12032,12032,12032,6
2020-07-16,15:01:03,12032,12032,12032,2
2020-07-16,15:01:03,12031,12031,12031,2
2020-07-16,15:01:03,12031,12031,12031,2
2020-07-16,15:01:03,12031,12031,12031,2
2020-07-16,15:01:05,12030,12030,12030,12
2020-07-16,15:01:05,12030,12030,12030,2
2020-07-16,15:01:05,12030,12030,12030,2
2020-07-16,15:01:05,12030,12030,12030,2
2020-07-16,15:01:05,12030,12030,12030,2
2020-07-16,15:01:05,12030,12030,12030,2
2020-07-16,15:01:05,12030,12030,12030,2
2020-07-16,15:01:05,12030,12030,12030,10
2020-07-16,15:01:08,12029,12029,12029,8
2020-07-16,15:01:08,12029,12029,12029,2
2020-07-16,15:01:08,12029,12029,12029,4
2020-07-16,15:01:08,12029,12029,12029,2
2020-07-16,15:01:08,12028,12028,12028,2
2020-07-16,15:01:08,12028,12028,12028,4
2020-07-16,15:01:08,12028,12028,12028,2
2020-07-16,15:01:08,12028,12028,12028,4
2020-07-16,15:01:08,12028,12028,12028,2
2020-07-16,15:01:08,12028,12028,12028,2
2020-07-16,15:01:09,12029,12029,12029,10
2020-07-16,15:01:09,12028,12028,12028,8
2020-07-16,15:01:09,12027,12027,12027,2
2020-07-16,15:01:09,12027,12027,12027,2
2020-07-16,15:01:09,12027,12027,12027,2
2020-07-16,15:01:09,12027,12027,12027,6
2020-07-16,15:01:09,12027,12027,12027,2
2020-07-16,15:01:09,12028,12028,12028,2
2020-07-16,15:01:11,12026,12026,12026,4
2020-07-16,15:01:11,12027,12027,12027,2
2020-07-16,15:01:11,12027,12027,12027,2
2020-07-16,15:01:11,12026,12026,12026,2
2020-07-16,15:01:12,12026,12026,12026,4
2020-07-16,15:01:12,12026,12026,12026,2
2020-07-16,15:01:12,12026,12026,12026,2
2020-07-16,15:01:12,12026,12026,12026,2
2020-07-16,15:01:12,12026,12026,12026,2
2020-07-16,15:01:12,12026,12026,12026,2
2020-07-16,15:01:12,12026,12026,12026,8
2020-07-16,15:01:12,12026,12026,12026,8
2020-07-16,15:01:12,12026,12026,12026,2
2020-07-16,15:01:13,12026,12026,12026,2
2020-07-16,15:01:14,12026,12026,12026,2
2020-07-16,15:01:14,12026,12026,12026,2
2020-07-16,15:01:14,12025,12025,12025,2
2020-07-16,15:01:14,12025,12025,12025,2
2020-07-16,15:01:14,12025,12025,12025,4
2020-07-16,15:01:15,12025,12025,12025,10
2020-07-16,15:01:15,12025,12025,12025,4
2020-07-16,15:01:15,12025,12025,12025,4
2020-07-16,15:01:15,12025,12025,12025,2
2020-07-16,15:01:15,12025,12025,12025,2
2020-07-16,15:01:15,12025,12025,12025,2
2020-07-16,15:01:15,12025,12025,12025,2
2020-07-16,15:01:15,12025,12025,12025,6
2020-07-16,15:01:15,12025,12025,12025,6
2020-07-16,15:01:16,12025,12025,12025,10
2020-07-16,15:01:16,12026,12026,12026,6
2020-07-16,15:01:17,12024,12024,12024,4
2020-07-16,15:01:17,12024,12024,12024,2
2020-07-16,15:01:17,12025,12025,12025,2
2020-07-16,15:01:17,12026,12026,12026,2
2020-07-16,15:01:17,12025,12025,12025,6
2020-07-16,15:01:18,12025,12025,12025,4
2020-07-16,15:01:18,12025,12025,12025,4
2020-07-16,15:01:18,12025,12025,12025,2
2020-07-16,15:01:19,12025,12025,12025,6
2020-07-16,15:01:19,12026,12026,12026,2
2020-07-16,15:01:19,12026,12026,12026,2
2020-07-16,15:01:19,12025,12025,12025,2
2020-07-16,15:01:19,12025,12025,12025,2
2020-07-16,15:01:19,12025,12025,12025,4
2020-07-16,15:01:19,12025,12025,12025,2
2020-07-16,15:01:19,12025,12025,12025,2
2020-07-16,15:01:20,12025,12025,12025,2
2020-07-16,15:01:20,12025,12025,12025,2
2020-07-16,15:01:20,12025,12025,12025,6
2020-07-16,15:01:20,12026,12026,12026,2
2020-07-16,15:01:20,12024,12024,12024,8
2020-07-16,15:01:20,12024,12024,12024,2
2020-07-16,15:01:20,12024,12024,12024,2
2020-07-16,15:01:20,12024,12024,12024,2
2020-07-16,15:01:20,12024,12024,12024,2
2020-07-16,15:01:21,12024,12024,12024,8
2020-07-16,15:01:21,12024,12024,12024,2
2020-07-16,15:01:21,12024,12024,12024,2
2020-07-16,15:01:22,12025,12025,12025,16
2020-07-16,15:01:22,12026,12026,12026,14
2020-07-16,15:01:24,12025,12025,12025,10
2020-07-16,15:01:25,12027,12027,12027,2
2020-07-16,15:01:25,12025,12025,12025,8
2020-07-16,15:01:25,12026,12026,12026,2
2020-07-16,15:01:25,12025,12025,12025,2
2020-07-16,15:01:25,12025,12025,12025,2
2020-07-16,15:01:25,12025,12025,12025,2
2020-07-16,15:01:25,12025,12025,12025,2
2020-07-16,15:01:26,12026,12026,12026,2
2020-07-16,15:01:26,12027,12027,12027,8
2020-07-16,15:01:26,12026,12026,12026,2
2020-07-16,15:01:26,12026,12026,12026,4
2020-07-16,15:01:27,12028,12028,12028,10
2020-07-16,15:01:28,12028,12028,12028,2
2020-07-16,15:01:28,12028,12028,12028,10
2020-07-16,15:01:28,12028,12028,12028,4
2020-07-16,15:01:28,12028,12028,12028,2
2020-07-16,15:01:29,12028,12028,12028,2
2020-07-16,15:01:29,12029,12029,12029,6
2020-07-16,15:01:29,12029,12029,12029,4
2020-07-16,15:01:29,12029,12029,12029,8
2020-07-16,15:01:29,12029,12029,12029,4
2020-07-16,15:01:30,12028,12028,12028,8
2020-07-16,15:01:30,12028,12028,12028,2
2020-07-16,15:01:30,12028,12028,12028,4
2020-07-16,15:01:31,12027,12027,12027,2
2020-07-16,15:01:31,12027,12027,12027,4
2020-07-16,15:01:32,12026,12026,12026,2
2020-07-16,15:01:33,12026,12026,12026,10
2020-07-16,15:01:34,12027,12027,12027,16
2020-07-16,15:01:34,12026,12026,12026,2
2020-07-16,15:01:35,12026,12026,12026,2
2020-07-16,15:01:35,12027,12027,12027,10
2020-07-16,15:01:36,12028,12028,12028,2
2020-07-16,15:01:37,12026,12026,12026,2
2020-07-16,15:01:38,12026,12026,12026,2
2020-07-16,15:01:40,12025,12025,12025,2
2020-07-16,15:01:41,12026,12026,12026,16
2020-07-16,15:01:42,12026,12026,12026,2
2020-07-16,15:01:42,12026,12026,12026,2
2020-07-16,15:01:42,12026,12026,12026,6
2020-07-16,15:01:43,12027,12027,12027,2
2020-07-16,15:01:43,12028,12028,12028,8
2020-07-16,15:01:44,12028,12028,12028,2
2020-07-16,15:01:45,12028,12028,12028,2
2020-07-16,15:01:45,12029,12029,12029,2
2020-07-16,15:01:47,12029,12029,12029,16
2020-07-16,15:01:49,12027,12027,12027,2
2020-07-16,15:01:49,12028,12028,12028,2
2020-07-16,15:01:53,12027,12027,12027,2
2020-07-16,15:01:54,12027,12027,12027,2
2020-07-16,15:01:55,12027,12027,12027,2
2020-07-16,15:01:55,12028,12028,12028,10
2020-07-16,15:01:56,12027,12027,12027,6
2020-07-16,15:01:56,12027,12027,12027,2
2020-07-16,15:01:56,12027,12027,12027,2
2020-07-16,15:01:56,12027,12027,12027,8
2020-07-16,15:01:56,12028,12028,12028,2
2020-07-16,15:01:56,12028,12028,12028,24
2020-07-16,15:01:59,12028,12028,12028,2
2020-07-16,15:02:00,12029,12029,12029,4
2020-07-16,15:02:01,12028,12028,12028,14
2020-07-16,15:02:01,12028,12028,12028,10
2020-07-16,15:02:01,12028,12028,12028,6
2020-07-16,15:02:01,12027,12027,12027,2
2020-07-16,15:02:01,12027,12027,12027,4
2020-07-16,15:02:01,12027,12027,12027,2
2020-07-16,15:02:01,12027,12027,12027,2
2020-07-16,15:02:02,12026,12026,12026,10
2020-07-16,15:02:02,12026,12026,12026,2
2020-07-16,15:02:03,12026,12026,12026,2
2020-07-16,15:02:05,12026,12026,12026,2
2020-07-16,15:02:06,12026,12026,12026,2
2020-07-16,15:02:06,12026,12026,12026,6
2020-07-16,15:02:06,12026,12026,12026,2
2020-07-16,15:02:06,12026,12026,12026,2
2020-07-16,15:02:06,12025,12025,12025,2
2020-07-16,15:02:06,12026,12026,12026,2
2020-07-16,15:02:06,12027,12027,12027,14
2020-07-16,15:02:07,12026,12026,12026,2
2020-07-16,15:02:08,12027,12027,12027,2
2020-07-16,15:02:08,12027,12027,12027,2
2020-07-16,15:02:09,12027,12027,12027,4
2020-07-16,15:02:10,12026,12026,12026,2
2020-07-16,15:02:11,12026,12026,12026,2
2020-07-16,15:02:11,12026,12026,12026,2
2020-07-16,15:02:11,12026,12026,12026,2
2020-07-16,15:02:11,12026,12026,12026,2
2020-07-16,15:02:12,12025,12025,12025,2
2020-07-16,15:02:12,12026,12026,12026,10
2020-07-16,15:02:13,12025,12025,12025,2
2020-07-16,15:02:13,12025,12025,12025,2
2020-07-16,15:02:13,12025,12025,12025,2
2020-07-16,15:02:13,12025,12025,12025,2
2020-07-16,15:02:13,12025,12025,12025,2
2020-07-16,15:02:13,12025,12025,12025,2
2020-07-16,15:02:13,12025,12025,12025,8
2020-07-16,15:02:13,12025,12025,12025,2
2020-07-16,15:02:13,12025,12025,12025,2
2020-07-16,15:02:13,12025,12025,12025,2
2020-07-16,15:02:13,12025,12025,12025,2
2020-07-16,15:02:13,12025,12025,12025,4
2020-07-16,15:02:13,12025,12025,12025,6
2020-07-16,15:02:13,12025,12025,12025,2
2020-07-16,15:02:14,12026,12026,12026,4
2020-07-16,15:02:14,12025,12025,12025,2
2020-07-16,15:02:15,12025,12025,12025,2
2020-07-16,15:02:15,12024,12024,12024,2
2020-07-16,15:02:15,12024,12024,12024,2
2020-07-16,15:02:15,12024,12024,12024,2
2020-07-16,15:02:15,12024,12024,12024,2
2020-07-16,15:02:15,12024,12024,12024,2
2020-07-16,15:02:17,12023,12023,12023,2
2020-07-16,15:02:17,12023,12023,12023,2
2020-07-16,15:02:17,12023,12023,12023,2
2020-07-16,15:02:17,12023,12023,12023,2
2020-07-16,15:02:18,12023,12023,12023,4
2020-07-16,15:02:18,12023,12023,12023,2
2020-07-16,15:02:18,12023,12023,12023,2
2020-07-16,15:02:18,12023,12023,12023,2
2020-07-16,15:02:18,12023,12023,12023,2
2020-07-16,15:02:18,12023,12023,12023,2
2020-07-16,15:02:19,12023,12023,12023,2
2020-07-16,15:02:19,12023,12023,12023,2
2020-07-16,15:02:19,12023,12023,12023,2
2020-07-16,15:02:19,12023,12023,12023,2
2020-07-16,15:02:19,12024,12024,12024,4
2020-07-16,15:02:19,12023,12023,12023,6
2020-07-16,15:02:20,12023,12023,12023,2
2020-07-16,15:02:20,12023,12023,12023,2
2020-07-16,15:02:20,12022,12022,12022,2
2020-07-16,15:02:20,12022,12022,12022,2
2020-07-16,15:02:20,12024,12024,12024,2
2020-07-16,15:02:22,12023,12023,12023,4
2020-07-16,15:02:22,12023,12023,12023,2
2020-07-16,15:02:22,12023,12023,12023,2
2020-07-16,15:02:23,12023,12023,12023,2
2020-07-16,15:02:23,12023,12023,12023,6
2020-07-16,15:02:23,12023,12023,12023,2
2020-07-16,15:02:23,12022,12022,12022,2
2020-07-16,15:02:23,12022,12022,12022,2
2020-07-16,15:02:23,12022,12022,12022,2
2020-07-16,15:02:23,12022,12022,12022,2
2020-07-16,15:02:24,12022,12022,12022,2
2020-07-16,15:02:24,12022,12022,12022,2
2020-07-16,15:02:24,12022,12022,12022,2
2020-07-16,15:02:24,12022,12022,12022,4
2020-07-16,15:02:24,12023,12023,12023,2
2020-07-16,15:02:24,12023,12023,12023,2
2020-07-16,15:02:24,12024,12024,12024,4
2020-07-16,15:02:28,12023,12023,12023,2
2020-07-16,15:02:28,12023,12023,12023,2
2020-07-16,15:02:29,12023,12023,12023,2
2020-07-16,15:02:29,12023,12023,12023,6
2020-07-16,15:02:29,12022,12022,12022,2
2020-07-16,15:02:29,12022,12022,12022,2
2020-07-16,15:02:30,12022,12022,12022,2
2020-07-16,15:02:31,12022,12022,12022,2
2020-07-16,15:02:32,12022,12022,12022,4
2020-07-16,15:02:32,12022,12022,12022,2
2020-07-16,15:02:32,12022,12022,12022,2
2020-07-16,15:02:33,12022,12022,12022,8
2020-07-16,15:02:33,12022,12022,12022,2
2020-07-16,15:02:33,12022,12022,12022,2
2020-07-16,15:02:33,12022,12022,12022,2
2020-07-16,15:02:33,12022,12022,12022,2
2020-07-16,15:02:33,12022,12022,12022,2
2020-07-16,15:02:33,12021,12021,12021,2
2020-07-16,15:02:33,12021,12021,12021,2
2020-07-16,15:02:33,12021,12021,12021,2
2020-07-16,15:02:33,12021,12021,12021,4
2020-07-16,15:02:33,12022,12022,12022,2
2020-07-16,15:02:34,12022,12022,12022,2
2020-07-16,15:02:34,12022,12022,12022,2
2020-07-16,15:02:34,12021,12021,12021,2
2020-07-16,15:02:35,12021,12021,12021,2
2020-07-16,15:02:35,12021,12021,12021,2
2020-07-16,15:02:36,12021,12021,12021,2
2020-07-16,15:02:36,12021,12021,12021,2
2020-07-16,15:02:36,12021,12021,12021,2
2020-07-16,15:02:37,12020,12020,12020,2
2020-07-16,15:02:37,12020,12020,12020,2
2020-07-16,15:02:38,12021,12021,12021,4
2020-07-16,15:02:40,12021,12021,12021,2
2020-07-16,15:02:40,12021,12021,12021,2
2020-07-16,15:02:41,12022,12022,12022,2
2020-07-16,15:02:41,12022,12022,12022,8
2020-07-16,15:02:41,12022,12022,12022,2
2020-07-16,15:02:41,12022,12022,12022,2
2020-07-16,15:02:41,12023,12023,12023,4
2020-07-16,15:02:41,12023,12023,12023,2
2020-07-16,15:02:42,12022,12022,12022,2
2020-07-16,15:02:42,12023,12023,12023,10
2020-07-16,15:02:42,12024,12024,12024,2
2020-07-16,15:02:44,12023,12023,12023,2
2020-07-16,15:02:44,12024,12024,12024,6
2020-07-16,15:02:45,12024,12024,12024,10
2020-07-16,15:02:45,12023,12023,12023,2
2020-07-16,15:02:46,12023,12023,12023,2
2020-07-16,15:02:46,12024,12024,12024,2
2020-07-16,15:02:46,12023,12023,12023,2
2020-07-16,15:02:47,12023,12023,12023,2
2020-07-16,15:02:47,12023,12023,12023,2
2020-07-16,15:02:47,12023,12023,12023,2
2020-07-16,15:02:49,12023,12023,12023,10
2020-07-16,15:02:49,12022,12022,12022,2
2020-07-16,15:02:50,12023,12023,12023,2
2020-07-16,15:02:51,12023,12023,12023,2
2020-07-16,15:02:53,12023,12023,12023,2
2020-07-16,15:02:53,12023,12023,12023,2
2020-07-16,15:02:54,12024,12024,12024,10
2020-07-16,15:02:54,12024,12024,12024,10
2020-07-16,15:02:54,12023,12023,12023,4
2020-07-16,15:02:54,12023,12023,12023,2
2020-07-16,15:02:54,12023,12023,12023,2
2020-07-16,15:02:55,12022,12022,12022,4
2020-07-16,15:02:55,12022,12022,12022,2
2020-07-16,15:02:55,12022,12022,12022,2
2020-07-16,15:02:56,12023,12023,12023,2
2020-07-16,15:02:56,12023,12023,12023,4
2020-07-16,15:02:58,12023,12023,12023,2
2020-07-16,15:02:59,12024,12024,12024,4
2020-07-16,15:02:59,12024,12024,12024,2
2020-07-16,15:03:00,12025,12025,12025,10
2020-07-16,15:03:00,12024,12024,12024,4
2020-07-16,15:03:00,12024,12024,12024,8
2020-07-16,15:03:00,12024,12024,12024,2
2020-07-16,15:03:01,12025,12025,12025,2
2020-07-16,15:03:02,12023,12023,12023,2
2020-07-16,15:03:02,12023,12023,12023,2
2020-07-16,15:03:03,12023,12023,12023,2
2020-07-16,15:03:03,12023,12023,12023,2
2020-07-16,15:03:03,12023,12023,12023,2
2020-07-16,15:03:03,12022,12022,12022,4
2020-07-16,15:03:03,12022,12022,12022,2
2020-07-16,15:03:04,12022,12022,12022,2
2020-07-16,15:03:04,12022,12022,12022,2
2020-07-16,15:03:04,12022,12022,12022,6
2020-07-16,15:03:04,12022,12022,12022,4
2020-07-16,15:03:05,12023,12023,12023,2
2020-07-16,15:03:07,12024,12024,12024,2
2020-07-16,15:03:07,12024,12024,12024,2
2020-07-16,15:03:07,12024,12024,12024,6
2020-07-16,15:03:07,12023,12023,12023,4
2020-07-16,15:03:08,12024,12024,12024,2
2020-07-16,15:03:08,12024,12024,12024,2
2020-07-16,15:03:09,12025,12025,12025,2
2020-07-16,15:03:09,12024,12024,12024,4
2020-07-16,15:03:09,12025,12025,12025,34
2020-07-16,15:03:11,12025,12025,12025,2
2020-07-16,15:03:11,12025,12025,12025,2
2020-07-16,15:03:11,12025,12025,12025,2
2020-07-16,15:03:11,12025,12025,12025,2
2020-07-16,15:03:11,12026,12026,12026,2
2020-07-16,15:03:11,12026,12026,12026,2
2020-07-16,15:03:11,12026,12026,12026,2
2020-07-16,15:03:11,12026,12026,12026,2
2020-07-16,15:03:11,12026,12026,12026,2
2020-07-16,15:03:14,12026,12026,12026,2
2020-07-16,15:03:14,12026,12026,12026,2
2020-07-16,15:03:16,12026,12026,12026,2
2020-07-16,15:03:18,12027,12027,12027,4
2020-07-16,15:03:18,12027,12027,12027,2
2020-07-16,15:03:21,12028,12028,12028,4
2020-07-16,15:03:21,12027,12027,12027,4
2020-07-16,15:03:23,12026,12026,12026,2
2020-07-16,15:03:27,12026,12026,12026,2
2020-07-16,15:03:27,12027,12027,12027,8
2020-07-16,15:03:27,12027,12027,12027,12
2020-07-16,15:03:27,12027,12027,12027,2
2020-07-16,15:03:27,12027,12027,12027,2
2020-07-16,15:03:29,12027,12027,12027,2
2020-07-16,15:03:31,12026,12026,12026,6
2020-07-16,15:03:31,12026,12026,12026,2
2020-07-16,15:03:31,12026,12026,12026,2
2020-07-16,15:03:31,12026,12026,12026,2
2020-07-16,15:03:32,12026,12026,12026,14
2020-07-16,15:03:32,12026,12026,12026,2
2020-07-16,15:03:32,12027,12027,12027,2
2020-07-16,15:03:35,12026,12026,12026,2
2020-07-16,15:03:37,12026,12026,12026,2
2020-07-16,15:03:40,12026,12026,12026,2
2020-07-16,15:03:40,12026,12026,12026,2
2020-07-16,15:03:41,12026,12026,12026,2
2020-07-16,15:03:42,12025,12025,12025,2
2020-07-16,15:03:42,12025,12025,12025,2
2020-07-16,15:03:47,12025,12025,12025,4
2020-07-16,15:03:49,12025,12025,12025,4
2020-07-16,15:03:49,12024,12024,12024,2
2020-07-16,15:03:50,12024,12024,12024,2
2020-07-16,15:03:52,12025,12025,12025,4
2020-07-16,15:03:56,12024,12024,12024,2
2020-07-16,15:03:56,12024,12024,12024,2
2020-07-16,15:03:56,12024,12024,12024,2
2020-07-16,15:03:56,12024,12024,12024,2
2020-07-16,15:03:56,12024,12024,12024,2
2020-07-16,15:04:01,12024,12024,12024,2
2020-07-16,15:04:01,12023,12023,12023,2
2020-07-16,15:04:02,12023,12023,12023,6
2020-07-16,15:04:05,12024,12024,12024,2
2020-07-16,15:04:06,12023,12023,12023,2
2020-07-16,15:04:06,12024,12024,12024,4
2020-07-16,15:04:06,12024,12024,12024,6
2020-07-16,15:04:06,12024,12024,12024,2
2020-07-16,15:04:06,12024,12024,12024,22
2020-07-16,15:04:07,12025,12025,12025,6
2020-07-16,15:04:08,12025,12025,12025,22
2020-07-16,15:04:08,12026,12026,12026,4
2020-07-16,15:04:10,12026,12026,12026,2
2020-07-16,15:04:10,12026,12026,12026,2
2020-07-16,15:04:10,12026,12026,12026,4
2020-07-16,15:04:13,12026,12026,12026,2
2020-07-16,15:04:13,12027,12027,12027,8
2020-07-16,15:04:13,12027,12027,12027,12
2020-07-16,15:04:13,12028,12028,12028,4
2020-07-16,15:04:13,12028,12028,12028,2
2020-07-16,15:04:13,12028,12028,12028,2
2020-07-16,15:04:13,12028,12028,12028,6
2020-07-16,15:04:16,12028,12028,12028,2
2020-07-16,15:04:18,12027,12027,12027,4
2020-07-16,15:04:18,12027,12027,12027,2
2020-07-16,15:04:18,12027,12027,12027,2
2020-07-16,15:04:18,12027,12027,12027,2
2020-07-16,15:04:18,12027,12027,12027,2
2020-07-16,15:04:18,12027,12027,12027,2
2020-07-16,15:04:21,12026,12026,12026,2
2020-07-16,15:04:21,12026,12026,12026,2
2020-07-16,15:04:25,12026,12026,12026,2
2020-07-16,15:04:25,12027,12027,12027,4
2020-07-16,15:04:27,12028,12028,12028,2
2020-07-16,15:04:29,12028,12028,12028,6
2020-07-16,15:04:29,12029,12029,12029,2
2020-07-16,15:04:32,12028,12028,12028,2
2020-07-16,15:04:33,12028,12028,12028,2
2020-07-16,15:04:34,12028,12028,12028,2
2020-07-16,15:04:34,12028,12028,12028,2
2020-07-16,15:04:34,12028,12028,12028,2
2020-07-16,15:04:35,12028,12028,12028,2
2020-07-16,15:04:35,12028,12028,12028,2
2020-07-16,15:04:40,12027,12027,12027,2
2020-07-16,15:04:41,12028,12028,12028,4
2020-07-16,15:04:43,12026,12026,12026,2
2020-07-16,15:04:43,12026,12026,12026,2
2020-07-16,15:04:46,12025,12025,12025,2
2020-07-16,15:04:46,12025,12025,12025,4
2020-07-16,15:04:46,12025,12025,12025,2
2020-07-16,15:04:46,12025,12025,12025,2
2020-07-16,15:04:46,12024,12024,12024,2
2020-07-16,15:04:46,12024,12024,12024,2
2020-07-16,15:04:48,12026,12026,12026,6
2020-07-16,15:04:48,12028,12028,12028,6
2020-07-16,15:04:49,12028,12028,12028,2
2020-07-16,15:04:49,12028,12028,12028,2
2020-07-16,15:04:50,12028,12028,12028,2
2020-07-16,15:04:50,12027,12027,12027,2
2020-07-16,15:04:55,12027,12027,12027,2
2020-07-16,15:04:55,12027,12027,12027,2
2020-07-16,15:04:55,12027,12027,12027,8
2020-07-16,15:04:55,12027,12027,12027,2
2020-07-16,15:04:56,12026,12026,12026,2
2020-07-16,15:04:56,12027,12027,12027,2
2020-07-16,15:05:00,12026,12026,12026,2
2020-07-16,15:05:02,12026,12026,12026,2
2020-07-16,15:05:02,12026,12026,12026,4
2020-07-16,15:05:02,12026,12026,12026,2
2020-07-16,15:05:02,12026,12026,12026,2
2020-07-16,15:05:02,12026,12026,12026,2
2020-07-16,15:05:02,12026,12026,12026,2
2020-07-16,15:05:05,12025,12025,12025,2
2020-07-16,15:05:05,12025,12025,12025,2
2020-07-16,15:05:06,12024,12024,12024,2
2020-07-16,15:05:08,12025,12025,12025,2
2020-07-16,15:05:08,12025,12025,12025,2
2020-07-16,15:05:08,12025,12025,12025,2
2020-07-16,15:05:08,12026,12026,12026,2
2020-07-16,15:05:09,12025,12025,12025,2
2020-07-16,15:05:09,12024,12024,12024,4
2020-07-16,15:05:09,12024,12024,12024,2
2020-07-16,15:05:11,12024,12024,12024,2
2020-07-16,15:05:11,12024,12024,12024,2
2020-07-16,15:05:13,12024,12024,12024,2
2020-07-16,15:05:14,12025,12025,12025,6
2020-07-16,15:05:15,12025,12025,12025,2
2020-07-16,15:05:17,12025,12025,12025,2
2020-07-16,15:05:18,12025,12025,12025,2
2020-07-16,15:05:21,12025,12025,12025,2
2020-07-16,15:05:21,12025,12025,12025,2
2020-07-16,15:05:21,12025,12025,12025,2
2020-07-16,15:05:22,12026,12026,12026,4
2020-07-16,15:05:22,12027,12027,12027,8
2020-07-16,15:05:22,12026,12026,12026,2
2020-07-16,15:05:22,12026,12026,12026,6
2020-07-16,15:05:22,12025,12025,12025,2
2020-07-16,15:05:22,12025,12025,12025,2
2020-07-16,15:05:24,12026,12026,12026,2
2020-07-16,15:05:24,12027,12027,12027,4
2020-07-16,15:05:24,12026,12026,12026,2
2020-07-16,15:05:24,12027,12027,12027,2
2020-07-16,15:05:28,12026,12026,12026,2
2020-07-16,15:05:28,12026,12026,12026,2
2020-07-16,15:05:28,12025,12025,12025,2
2020-07-16,15:05:29,12025,12025,12025,2
2020-07-16,15:05:29,12025,12025,12025,2
2020-07-16,15:05:29,12024,12024,12024,2
2020-07-16,15:05:30,12025,12025,12025,2
2020-07-16,15:05:30,12025,12025,12025,2
2020-07-16,15:05:30,12025,12025,12025,2
2020-07-16,15:05:30,12025,12025,12025,2
2020-07-16,15:05:30,12026,12026,12026,2
2020-07-16,15:05:30,12026,12026,12026,2
2020-07-16,15:05:31,12026,12026,12026,6
2020-07-16,15:05:31,12026,12026,12026,2
2020-07-16,15:05:31,12026,12026,12026,6
2020-07-16,15:05:31,12027,12027,12027,2
2020-07-16,15:05:31,12026,12026,12026,2
2020-07-16,15:05:33,12025,12025,12025,2
2020-07-16,15:05:33,12026,12026,12026,2
2020-07-16,15:05:33,12027,12027,12027,4
2020-07-16,15:05:38,12026,12026,12026,4
2020-07-16,15:05:38,12026,12026,12026,2
2020-07-16,15:05:38,12026,12026,12026,2
2020-07-16,15:05:39,12026,12026,12026,2
2020-07-16,15:05:40,12026,12026,12026,2
2020-07-16,15:05:40,12026,12026,12026,2
2020-07-16,15:05:41,12027,12027,12027,4
2020-07-16,15:05:42,12027,12027,12027,4
2020-07-16,15:05:42,12027,12027,12027,4
2020-07-16,15:05:43,12027,12027,12027,2
2020-07-16,15:05:43,12026,12026,12026,4
2020-07-16,15:05:43,12026,12026,12026,4
2020-07-16,15:05:43,12026,12026,12026,2
2020-07-16,15:05:50,12026,12026,12026,2
2020-07-16,15:05:51,12026,12026,12026,2
2020-07-16,15:05:54,12025,12025,12025,2
2020-07-16,15:05:54,12025,12025,12025,6
2020-07-16,15:05:54,12025,12025,12025,2
2020-07-16,15:05:54,12025,12025,12025,2
2020-07-16,15:05:55,12025,12025,12025,2
2020-07-16,15:05:57,12026,12026,12026,10
2020-07-16,15:05:57,12026,12026,12026,2
2020-07-16,15:05:57,12026,12026,12026,2
2020-07-16,15:05:57,12027,12027,12027,2
2020-07-16,15:05:59,12027,12027,12027,6
2020-07-16,15:05:59,12027,12027,12027,2
2020-07-16,15:05:59,12027,12027,12027,2
2020-07-16,15:05:59,12027,12027,12027,2
2020-07-16,15:05:59,12028,12028,12028,2
2020-07-16,15:06:00,12027,12027,12027,2
2020-07-16,15:06:00,12028,12028,12028,2
2020-07-16,15:06:00,12028,12028,12028,2
2020-07-16,15:06:00,12028,12028,12028,2
2020-07-16,15:06:02,12027,12027,12027,2
2020-07-16,15:06:04,12027,12027,12027,12
2020-07-16,15:06:04,12026,12026,12026,8
2020-07-16,15:06:08,12027,12027,12027,2
2020-07-16,15:06:08,12027,12027,12027,2
2020-07-16,15:06:10,12028,12028,12028,8
2020-07-16,15:06:11,12027,12027,12027,2
2020-07-16,15:06:11,12027,12027,12027,2
2020-07-16,15:06:12,12026,12026,12026,2
2020-07-16,15:06:13,12027,12027,12027,2
2020-07-16,15:06:14,12026,12026,12026,2
2020-07-16,15:06:14,12026,12026,12026,2
2020-07-16,15:06:14,12026,12026,12026,4
2020-07-16,15:06:14,12026,12026,12026,2
2020-07-16,15:06:15,12027,12027,12027,2
2020-07-16,15:06:15,12028,12028,12028,12
2020-07-16,15:06:15,12028,12028,12028,2
2020-07-16,15:06:15,12028,12028,12028,4
2020-07-16,15:06:16,12028,12028,12028,2
2020-07-16,15:06:16,12028,12028,12028,14
2020-07-16,15:06:16,12029,12029,12029,2
2020-07-16,15:06:17,12029,12029,12029,2
2020-07-16,15:06:18,12029,12029,12029,2
2020-07-16,15:06:19,12029,12029,12029,2
2020-07-16,15:06:19,12029,12029,12029,2
2020-07-16,15:06:20,12029,12029,12029,20
2020-07-16,15:06:23,12029,12029,12029,8
2020-07-16,15:06:23,12029,12029,12029,2
2020-07-16,15:06:24,12029,12029,12029,2
2020-07-16,15:06:25,12029,12029,12029,2
2020-07-16,15:06:26,12029,12029,12029,2
2020-07-16,15:06:27,12029,12029,12029,2
2020-07-16,15:06:28,12029,12029,12029,4
2020-07-16,15:06:28,12029,12029,12029,4
2020-07-16,15:06:29,12030,12030,12030,2
2020-07-16,15:06:29,12029,12029,12029,2
2020-07-16,15:06:29,12029,12029,12029,4
2020-07-16,15:06:30,12029,12029,12029,2
2020-07-16,15:06:30,12029,12029,12029,2
2020-07-16,15:06:30,12028,12028,12028,2
2020-07-16,15:06:32,12029,12029,12029,2
2020-07-16,15:06:32,12029,12029,12029,2
2020-07-16,15:06:33,12030,12030,12030,10
2020-07-16,15:06:33,12030,12030,12030,10
2020-07-16,15:06:36,12030,12030,12030,2
2020-07-16,15:06:36,12029,12029,12029,2
2020-07-16,15:06:37,12029,12029,12029,2
2020-07-16,15:06:39,12030,12030,12030,4
2020-07-16,15:06:39,12030,12030,12030,4
2020-07-16,15:06:40,12030,12030,12030,2
2020-07-16,15:06:40,12030,12030,12030,2
2020-07-16,15:06:40,12030,12030,12030,4
2020-07-16,15:06:40,12030,12030,12030,2
2020-07-16,15:06:40,12030,12030,12030,2
2020-07-16,15:06:40,12030,12030,12030,2
2020-07-16,15:06:41,12030,12030,12030,2
2020-07-16,15:06:41,12030,12030,12030,2
2020-07-16,15:06:42,12031,12031,12031,2
2020-07-16,15:06:42,12031,12031,12031,2
2020-07-16,15:06:43,12030,12030,12030,2
2020-07-16,15:06:47,12031,12031,12031,2
2020-07-16,15:06:47,12030,12030,12030,2
2020-07-16,15:06:47,12030,12030,12030,2
2020-07-16,15:06:47,12030,12030,12030,2
2020-07-16,15:06:48,12030,12030,12030,2
2020-07-16,15:06:49,12030,12030,12030,2
2020-07-16,15:06:50,12029,12029,12029,2
2020-07-16,15:06:50,12029,12029,12029,2
2020-07-16,15:06:50,12029,12029,12029,2
2020-07-16,15:06:50,12029,12029,12029,2
2020-07-16,15:06:50,12028,12028,12028,2
2020-07-16,15:06:51,12029,12029,12029,8
2020-07-16,15:06:51,12029,12029,12029,2
2020-07-16,15:06:53,12028,12028,12028,2
2020-07-16,15:06:55,12028,12028,12028,8
2020-07-16,15:06:55,12028,12028,12028,2
2020-07-16,15:06:57,12028,12028,12028,2
2020-07-16,15:06:57,12028,12028,12028,6
2020-07-16,15:06:58,12028,12028,12028,2
2020-07-16,15:06:58,12027,12027,12027,2
2020-07-16,15:06:58,12027,12027,12027,2
2020-07-16,15:06:59,12027,12027,12027,2
2020-07-16,15:07:00,12027,12027,12027,4
2020-07-16,15:07:00,12027,12027,12027,2
2020-07-16,15:07:01,12026,12026,12026,2
2020-07-16,15:07:01,12026,12026,12026,2
2020-07-16,15:07:01,12026,12026,12026,2
2020-07-16,15:07:01,12027,12027,12027,2
2020-07-16,15:07:03,12025,12025,12025,2
2020-07-16,15:07:03,12025,12025,12025,2
2020-07-16,15:07:03,12025,12025,12025,10
2020-07-16,15:07:03,12025,12025,12025,10
2020-07-16,15:07:03,12025,12025,12025,2
2020-07-16,15:07:04,12025,12025,12025,2
2020-07-16,15:07:05,12026,12026,12026,2
2020-07-16,15:07:08,12025,12025,12025,2
2020-07-16,15:07:11,12026,12026,12026,12
2020-07-16,15:07:11,12026,12026,12026,2
2020-07-16,15:07:11,12026,12026,12026,4
2020-07-16,15:07:12,12026,12026,12026,4
2020-07-16,15:07:12,12026,12026,12026,2
2020-07-16,15:07:12,12026,12026,12026,2
2020-07-16,15:07:14,12027,12027,12027,2
2020-07-16,15:07:14,12027,12027,12027,2
2020-07-16,15:07:14,12027,12027,12027,2
2020-07-16,15:07:14,12027,12027,12027,4
2020-07-16,15:07:15,12026,12026,12026,2
2020-07-16,15:07:18,12026,12026,12026,8
2020-07-16,15:07:18,12026,12026,12026,2
2020-07-16,15:07:18,12026,12026,12026,2
2020-07-16,15:07:21,12025,12025,12025,4
2020-07-16,15:07:21,12025,12025,12025,2
2020-07-16,15:07:21,12025,12025,12025,2
2020-07-16,15:07:21,12025,12025,12025,8
2020-07-16,15:07:21,12025,12025,12025,2
2020-07-16,15:07:21,12025,12025,12025,4
2020-07-16,15:07:21,12025,12025,12025,2
2020-07-16,15:07:21,12025,12025,12025,2
2020-07-16,15:07:21,12025,12025,12025,14
2020-07-16,15:07:23,12026,12026,12026,2
2020-07-16,15:07:26,12025,12025,12025,2
2020-07-16,15:07:27,12026,12026,12026,2
2020-07-16,15:07:29,12026,12026,12026,4
2020-07-16,15:07:29,12026,12026,12026,8
2020-07-16,15:07:29,12026,12026,12026,14
2020-07-16,15:07:30,12026,12026,12026,2
2020-07-16,15:07:30,12026,12026,12026,2
2020-07-16,15:07:30,12026,12026,12026,2
2020-07-16,15:07:31,12026,12026,12026,2
2020-07-16,15:07:31,12025,12025,12025,34
2020-07-16,15:07:31,12025,12025,12025,2
2020-07-16,15:07:31,12025,12025,12025,2
2020-07-16,15:07:31,12025,12025,12025,8
2020-07-16,15:07:31,12025,12025,12025,4
2020-07-16,15:07:31,12025,12025,12025,2
2020-07-16,15:07:31,12025,12025,12025,2
2020-07-16,15:07:32,12025,12025,12025,2
2020-07-16,15:07:33,12026,12026,12026,2
2020-07-16,15:07:35,12026,12026,12026,2
2020-07-16,15:07:37,12025,12025,12025,6
2020-07-16,15:07:37,12025,12025,12025,2
2020-07-16,15:07:38,12024,12024,12024,2
2020-07-16,15:07:38,12024,12024,12024,2
2020-07-16,15:07:38,12024,12024,12024,2
2020-07-16,15:07:39,12025,12025,12025,2
2020-07-16,15:07:41,12025,12025,12025,2
2020-07-16,15:07:41,12026,12026,12026,2
2020-07-16,15:07:42,12026,12026,12026,2
2020-07-16,15:07:46,12027,12027,12027,4
2020-07-16,15:07:46,12027,12027,12027,2
2020-07-16,15:07:46,12027,12027,12027,4
2020-07-16,15:07:46,12027,12027,12027,2
2020-07-16,15:07:53,12027,12027,12027,2
2020-07-16,15:07:56,12027,12027,12027,2
2020-07-16,15:07:56,12027,12027,12027,6
2020-07-16,15:07:59,12027,12027,12027,10
2020-07-16,15:08:01,12026,12026,12026,12
2020-07-16,15:08:01,12026,12026,12026,2
2020-07-16,15:08:01,12026,12026,12026,2
2020-07-16,15:08:01,12026,12026,12026,2
2020-07-16,15:08:01,12026,12026,12026,4
2020-07-16,15:08:01,12026,12026,12026,4
2020-07-16,15:08:01,12026,12026,12026,4
2020-07-16,15:08:01,12026,12026,12026,4
2020-07-16,15:08:02,12026,12026,12026,2
2020-07-16,15:08:02,12025,12025,12025,2
2020-07-16,15:08:02,12025,12025,12025,2
2020-07-16,15:08:02,12025,12025,12025,2
2020-07-16,15:08:03,12025,12025,12025,6
2020-07-16,15:08:03,12025,12025,12025,2
2020-07-16,15:08:03,12025,12025,12025,2
2020-07-16,15:08:06,12025,12025,12025,2
2020-07-16,15:08:06,12025,12025,12025,4
2020-07-16,15:08:15,12025,12025,12025,2
2020-07-16,15:08:16,12025,12025,12025,2
2020-07-16,15:08:18,12025,12025,12025,2
2020-07-16,15:08:19,12025,12025,12025,2
2020-07-16,15:08:19,12025,12025,12025,2
2020-07-16,15:08:19,12025,12025,12025,2
2020-07-16,15:08:20,12024,12024,12024,2
2020-07-16,15:08:23,12025,12025,12025,2
2020-07-16,15:08:25,12025,12025,12025,2
2020-07-16,15:08:25,12024,12024,12024,2
2020-07-16,15:08:27,12024,12024,12024,2
2020-07-16,15:08:29,12025,12025,12025,2
2020-07-16,15:08:30,12025,12025,12025,10
2020-07-16,15:08:32,12025,12025,12025,6
2020-07-16,15:08:32,12025,12025,12025,2
2020-07-16,15:08:33,12025,12025,12025,2
2020-07-16,15:08:34,12025,12025,12025,2
2020-07-16,15:08:37,12026,12026,12026,8
2020-07-16,15:08:37,12026,12026,12026,2
2020-07-16,15:08:38,12026,12026,12026,2
2020-07-16,15:08:39,12027,12027,12027,4
2020-07-16,15:08:39,12027,12027,12027,2
2020-07-16,15:08:39,12027,12027,12027,4
2020-07-16,15:08:39,12027,12027,12027,26
2020-07-16,15:08:39,12028,12028,12028,2
2020-07-16,15:08:40,12028,12028,12028,6
2020-07-16,15:08:40,12028,12028,12028,4
2020-07-16,15:08:40,12029,12029,12029,6
2020-07-16,15:08:41,12030,12030,12030,24
2020-07-16,15:08:41,12031,12031,12031,2
2020-07-16,15:08:43,12031,12031,12031,16
2020-07-16,15:08:43,12031,12031,12031,6
2020-07-16,15:08:43,12031,12031,12031,2
2020-07-16,15:08:44,12031,12031,12031,4
2020-07-16,15:08:44,12031,12031,12031,6
2020-07-16,15:08:44,12030,12030,12030,2
2020-07-16,15:08:46,12031,12031,12031,2
2020-07-16,15:08:46,12030,12030,12030,2
2020-07-16,15:08:48,12031,12031,12031,2
2020-07-16,15:08:48,12031,12031,12031,2
2020-07-16,15:08:48,12031,12031,12031,2
2020-07-16,15:08:49,12031,12031,12031,4
2020-07-16,15:08:49,12031,12031,12031,2
2020-07-16,15:08:50,12031,12031,12031,6
2020-07-16,15:08:52,12031,12031,12031,4
2020-07-16,15:08:54,12031,12031,12031,2
2020-07-16,15:08:54,12031,12031,12031,2
2020-07-16,15:08:54,12030,12030,12030,2
2020-07-16,15:08:54,12030,12030,12030,2
2020-07-16,15:08:55,12032,12032,12032,4
2020-07-16,15:08:57,12031,12031,12031,4
2020-07-16,15:08:57,12030,12030,12030,2
2020-07-16,15:08:57,12030,12030,12030,2
2020-07-16,15:08:57,12030,12030,12030,6
2020-07-16,15:08:57,12030,12030,12030,8
2020-07-16,15:08:57,12030,12030,12030,2
2020-07-16,15:08:58,12030,12030,12030,2
2020-07-16,15:08:58,12029,12029,12029,2
2020-07-16,15:08:59,12029,12029,12029,4
2020-07-16,15:09:02,12031,12031,12031,4
2020-07-16,15:09:02,12031,12031,12031,10
2020-07-16,15:09:04,12032,12032,12032,48
2020-07-16,15:09:05,12033,12033,12033,4
2020-07-16,15:09:06,12033,12033,12033,2
2020-07-16,15:09:06,12034,12034,12034,2
2020-07-16,15:09:06,12034,12034,12034,2
2020-07-16,15:09:08,12032,12032,12032,2
2020-07-16,15:09:08,12032,12032,12032,2
2020-07-16,15:09:08,12032,12032,12032,2
2020-07-16,15:09:12,12031,12031,12031,2
2020-07-16,15:09:12,12031,12031,12031,10
2020-07-16,15:09:12,12031,12031,12031,4
2020-07-16,15:09:12,12031,12031,12031,2
2020-07-16,15:09:12,12031,12031,12031,2
2020-07-16,15:09:13,12031,12031,12031,2
2020-07-16,15:09:13,12031,12031,12031,2
2020-07-16,15:09:15,12031,12031,12031,2
2020-07-16,15:09:17,12030,12030,12030,24
2020-07-16,15:09:17,12030,12030,12030,6
2020-07-16,15:09:17,12030,12030,12030,2
2020-07-16,15:09:18,12029,12029,12029,2
2020-07-16,15:09:18,12029,12029,12029,2
2020-07-16,15:09:18,12029,12029,12029,2
2020-07-16,15:09:21,12029,12029,12029,2
2020-07-16,15:09:23,12029,12029,12029,2
2020-07-16,15:09:24,12030,12030,12030,2
2020-07-16,15:09:26,12030,12030,12030,2
2020-07-16,15:09:26,12029,12029,12029,2
2020-07-16,15:09:27,12029,12029,12029,2
2020-07-16,15:09:31,12030,12030,12030,2
2020-07-16,15:09:31,12030,12030,12030,2
2020-07-16,15:09:32,12029,12029,12029,2
2020-07-16,15:09:33,12030,12030,12030,6
2020-07-16,15:09:33,12030,12030,12030,2
2020-07-16,15:09:33,12030,12030,12030,2
2020-07-16,15:09:40,12030,12030,12030,2
2020-07-16,15:09:46,12029,12029,12029,2
2020-07-16,15:09:46,12029,12029,12029,2
2020-07-16,15:09:46,12029,12029,12029,2
2020-07-16,15:09:46,12029,12029,12029,2
2020-07-16,15:09:46,12029,12029,12029,2
2020-07-16,15:09:46,12029,12029,12029,2
2020-07-16,15:09:46,12029,12029,12029,2
2020-07-16,15:09:52,12030,12030,12030,2
2020-07-16,15:09:55,12029,12029,12029,2
2020-07-16,15:09:58,12030,12030,12030,8
2020-07-16,15:09:59,12031,12031,12031,2
2020-07-16,15:09:59,12032,12032,12032,2
2020-07-16,15:10:00,12031,12031,12031,2
2020-07-16,15:10:01,12030,12030,12030,2
2020-07-16,15:10:02,12030,12030,12030,2
2020-07-16,15:10:02,12030,12030,12030,2
2020-07-16,15:10:02,12030,12030,12030,4
2020-07-16,15:10:03,12029,12029,12029,2
2020-07-16,15:10:03,12029,12029,12029,4
2020-07-16,15:10:03,12029,12029,12029,4
2020-07-16,15:10:13,12029,12029,12029,2
2020-07-16,15:10:13,12029,12029,12029,2
2020-07-16,15:10:15,12029,12029,12029,4
2020-07-16,15:10:16,12029,12029,12029,2
2020-07-16,15:10:17,12029,12029,12029,2
2020-07-16,15:10:17,12029,12029,12029,2
2020-07-16,15:10:17,12029,12029,12029,2
2020-07-16,15:10:18,12030,12030,12030,2
2020-07-16,15:10:18,12030,12030,12030,2
2020-07-16,15:10:18,12031,12031,12031,2
2020-07-16,15:10:22,12031,12031,12031,10
2020-07-16,15:10:23,12031,12031,12031,10
2020-07-16,15:10:24,12032,12032,12032,32
2020-07-16,15:10:24,12033,12033,12033,60
2020-07-16,15:10:24,12034,12034,12034,108
2020-07-16,15:10:24,12034,12034,12034,2
2020-07-16,15:10:24,12034,12034,12034,2
2020-07-16,15:10:24,12034,12034,12034,2
2020-07-16,15:10:24,12034,12034,12034,8
2020-07-16,15:10:24,12034,12034,12034,2
2020-07-16,15:10:24,12034,12034,12034,4
2020-07-16,15:10:24,12034,12034,12034,6
2020-07-16,15:10:24,12034,12034,12034,2
2020-07-16,15:10:24,12034,12034,12034,4
2020-07-16,15:10:24,12034,12034,12034,2
2020-07-16,15:10:24,12034,12034,12034,2
2020-07-16,15:10:24,12034,12034,12034,4
2020-07-16,15:10:27,12034,12034,12034,2
2020-07-16,15:10:28,12035,12035,12035,8
2020-07-16,15:10:28,12035,12035,12035,4
2020-07-16,15:10:28,12035,12035,12035,10
2020-07-16,15:10:28,12036,12036,12036,6
2020-07-16,15:10:29,12036,12036,12036,2
2020-07-16,15:10:29,12036,12036,12036,16
2020-07-16,15:10:29,12037,12037,12037,10
2020-07-16,15:10:29,12037,12037,12037,2
2020-07-16,15:10:30,12037,12037,12037,2
2020-07-16,15:10:30,12036,12036,12036,8
2020-07-16,15:10:30,12036,12036,12036,6
2020-07-16,15:10:30,12036,12036,12036,2
2020-07-16,15:10:30,12036,12036,12036,4
2020-07-16,15:10:30,12036,12036,12036,2
2020-07-16,15:10:31,12037,12037,12037,2
2020-07-16,15:10:31,12037,12037,12037,2
2020-07-16,15:10:33,12036,12036,12036,2
2020-07-16,15:10:33,12036,12036,12036,2
2020-07-16,15:10:33,12035,12035,12035,2
2020-07-16,15:10:34,12036,12036,12036,4
2020-07-16,15:10:34,12036,12036,12036,2
2020-07-16,15:10:34,12036,12036,12036,4
2020-07-16,15:10:35,12035,12035,12035,4
2020-07-16,15:10:35,12035,12035,12035,2
2020-07-16,15:10:36,12036,12036,12036,2
2020-07-16,15:10:38,12035,12035,12035,4
2020-07-16,15:10:38,12036,12036,12036,2
2020-07-16,15:10:39,12035,12035,12035,2
2020-07-16,15:10:40,12035,12035,12035,4
2020-07-16,15:10:40,12035,12035,12035,2
2020-07-16,15:10:42,12035,12035,12035,2
2020-07-16,15:10:43,12035,12035,12035,2
2020-07-16,15:10:45,12036,12036,12036,2
2020-07-16,15:10:45,12035,12035,12035,2
2020-07-16,15:10:46,12034,12034,12034,2
2020-07-16,15:10:46,12034,12034,12034,2
2020-07-16,15:10:46,12034,12034,12034,2
2020-07-16,15:10:50,12032,12032,12032,2
2020-07-16,15:10:50,12033,12033,12033,4
2020-07-16,15:10:51,12032,12032,12032,2
2020-07-16,15:10:51,12034,12034,12034,2
2020-07-16,15:10:53,12033,12033,12033,2
2020-07-16,15:10:53,12033,12033,12033,2
2020-07-16,15:10:54,12034,12034,12034,2
2020-07-16,15:10:59,12034,12034,12034,6
2020-07-16,15:11:01,12034,12034,12034,2
2020-07-16,15:11:02,12034,12034,12034,4
2020-07-16,15:11:02,12035,12035,12035,6
2020-07-16,15:11:03,12034,12034,12034,2
2020-07-16,15:11:04,12033,12033,12033,2
2020-07-16,15:11:04,12034,12034,12034,2
2020-07-16,15:11:07,12033,12033,12033,2
2020-07-16,15:11:07,12033,12033,12033,2
2020-07-16,15:11:07,12033,12033,12033,2
2020-07-16,15:11:07,12033,12033,12033,8
2020-07-16,15:11:08,12033,12033,12033,2
2020-07-16,15:11:08,12033,12033,12033,4
2020-07-16,15:11:12,12032,12032,12032,6
2020-07-16,15:11:12,12032,12032,12032,2
2020-07-16,15:11:12,12032,12032,12032,2
2020-07-16,15:11:12,12032,12032,12032,6
2020-07-16,15:11:12,12032,12032,12032,2
2020-07-16,15:11:12,12032,12032,12032,2
2020-07-16,15:11:12,12032,12032,12032,2
2020-07-16,15:11:15,12031,12031,12031,6
2020-07-16,15:11:16,12030,12030,12030,2
2020-07-16,15:11:16,12031,12031,12031,2
2020-07-16,15:11:18,12031,12031,12031,2
2020-07-16,15:11:18,12031,12031,12031,2
2020-07-16,15:11:21,12031,12031,12031,2
2020-07-16,15:11:25,12030,12030,12030,2
2020-07-16,15:11:26,12031,12031,12031,2
2020-07-16,15:11:28,12030,12030,12030,2
2020-07-16,15:11:33,12031,12031,12031,10
2020-07-16,15:11:40,12031,12031,12031,2
2020-07-16,15:11:40,12030,12030,12030,2
2020-07-16,15:11:40,12030,12030,12030,2
2020-07-16,15:11:40,12030,12030,12030,2
2020-07-16,15:11:40,12030,12030,12030,2
2020-07-16,15:11:40,12030,12030,12030,2
2020-07-16,15:11:40,12030,12030,12030,2
2020-07-16,15:11:40,12030,12030,12030,4
2020-07-16,15:11:40,12030,12030,12030,2
2020-07-16,15:11:40,12030,12030,12030,2
2020-07-16,15:11:40,12030,12030,12030,4
2020-07-16,15:11:42,12031,12031,12031,2
2020-07-16,15:11:45,12031,12031,12031,2
2020-07-16,15:11:50,12030,12030,12030,2
2020-07-16,15:12:02,12031,12031,12031,2
2020-07-16,15:12:02,12031,12031,12031,2
2020-07-16,15:12:08,12030,12030,12030,2
2020-07-16,15:12:08,12030,12030,12030,2
2020-07-16,15:12:08,12031,12031,12031,2
2020-07-16,15:12:09,12031,12031,12031,2
2020-07-16,15:12:10,12031,12031,12031,2
2020-07-16,15:12:14,12032,12032,12032,10
2020-07-16,15:12:14,12032,12032,12032,2
2020-07-16,15:12:15,12033,12033,12033,2
2020-07-16,15:12:15,12033,12033,12033,24
2020-07-16,15:12:15,12032,12032,12032,2
2020-07-16,15:12:21,12032,12032,12032,2
2020-07-16,15:12:22,12032,12032,12032,2
2020-07-16,15:12:23,12031,12031,12031,2
2020-07-16,15:12:26,12032,12032,12032,2
2020-07-16,15:12:28,12031,12031,12031,2
2020-07-16,15:12:32,12033,12033,12033,2
2020-07-16,15:12:34,12033,12033,12033,10
2020-07-16,15:12:42,12033,12033,12033,8
2020-07-16,15:12:42,12033,12033,12033,4
2020-07-16,15:12:43,12034,12034,12034,8
2020-07-16,15:12:43,12034,12034,12034,4
2020-07-16,15:12:43,12034,12034,12034,16
2020-07-16,15:12:44,12034,12034,12034,2
2020-07-16,15:12:44,12034,12034,12034,2
2020-07-16,15:12:44,12033,12033,12033,2
2020-07-16,15:12:44,12033,12033,12033,8
2020-07-16,15:12:44,12033,12033,12033,2
2020-07-16,15:12:44,12033,12033,12033,2
2020-07-16,15:12:44,12033,12033,12033,2
2020-07-16,15:12:51,12035,12035,12035,2
2020-07-16,15:12:51,12035,12035,12035,18
2020-07-16,15:12:51,12035,12035,12035,2
2020-07-16,15:12:51,12035,12035,12035,6
2020-07-16,15:12:57,12034,12034,12034,2
2020-07-16,15:12:57,12034,12034,12034,10
2020-07-16,15:12:58,12034,12034,12034,2
2020-07-16,15:12:58,12033,12033,12033,2
2020-07-16,15:12:58,12033,12033,12033,2
2020-07-16,15:12:58,12033,12033,12033,4
2020-07-16,15:12:58,12034,12034,12034,2
2020-07-16,15:13:00,12035,12035,12035,2
2020-07-16,15:13:00,12036,12036,12036,2
2020-07-16,15:13:01,12035,12035,12035,2
2020-07-16,15:13:05,12034,12034,12034,2
2020-07-16,15:13:05,12034,12034,12034,2
2020-07-16,15:13:05,12034,12034,12034,2
2020-07-16,15:13:06,12033,12033,12033,2
2020-07-16,15:13:06,12034,12034,12034,2
2020-07-16,15:13:07,12034,12034,12034,2
2020-07-16,15:13:10,12033,12033,12033,2
2020-07-16,15:13:12,12032,12032,12032,2
2020-07-16,15:13:14,12033,12033,12033,2
2020-07-16,15:13:15,12033,12033,12033,6
2020-07-16,15:13:15,12033,12033,12033,2
2020-07-16,15:13:28,12033,12033,12033,2
2020-07-16,15:13:28,12033,12033,12033,6
2020-07-16,15:13:28,12033,12033,12033,2
2020-07-16,15:13:39,12032,12032,12032,8
2020-07-16,15:13:39,12032,12032,12032,2
2020-07-16,15:13:40,12032,12032,12032,2
2020-07-16,15:13:43,12032,12032,12032,2
2020-07-16,15:13:45,12032,12032,12032,2
2020-07-16,15:13:46,12032,12032,12032,4
2020-07-16,15:13:46,12033,12033,12033,2
2020-07-16,15:13:48,12034,12034,12034,2
2020-07-16,15:13:48,12033,12033,12033,2
2020-07-16,15:13:49,12033,12033,12033,2
2020-07-16,15:13:56,12033,12033,12033,4
2020-07-16,15:13:56,12033,12033,12033,2
2020-07-16,15:14:03,12034,12034,12034,4
2020-07-16,15:14:04,12034,12034,12034,2
2020-07-16,15:14:09,12033,12033,12033,2
2020-07-16,15:14:17,12034,12034,12034,8
2020-07-16,15:14:17,12034,12034,12034,2
2020-07-16,15:14:22,12033,12033,12033,4
2020-07-16,15:14:22,12033,12033,12033,2
2020-07-16,15:14:24,12034,12034,12034,6
2020-07-16,15:14:26,12035,12035,12035,2
2020-07-16,15:14:26,12035,12035,12035,18
2020-07-16,15:14:27,12035,12035,12035,2
2020-07-16,15:14:27,12035,12035,12035,2
2020-07-16,15:14:32,12034,12034,12034,2
2020-07-16,15:14:32,12034,12034,12034,2
2020-07-16,15:14:32,12034,12034,12034,4
2020-07-16,15:14:32,12033,12033,12033,2
2020-07-16,15:14:32,12033,12033,12033,2
2020-07-16,15:14:32,12033,12033,12033,2
2020-07-16,15:14:32,12033,12033,12033,2
2020-07-16,15:14:38,12032,12032,12032,2
2020-07-16,15:14:38,12032,12032,12032,2
2020-07-16,15:14:40,12031,12031,12031,2
2020-07-16,15:14:41,12031,12031,12031,2
2020-07-16,15:14:43,12033,12033,12033,2
2020-07-16,15:14:53,12032,12032,12032,2
2020-07-16,15:14:55,12031,12031,12031,2
2020-07-16,15:14:55,12031,12031,12031,2
2020-07-16,15:14:55,12031,12031,12031,2
2020-07-16,15:14:55,12031,12031,12031,2
2020-07-16,15:14:58,12032,12032,12032,2
2020-07-16,15:15:03,12031,12031,12031,2
2020-07-16,15:15:03,12031,12031,12031,2
2020-07-16,15:15:03,12031,12031,12031,2
2020-07-16,15:15:03,12031,12031,12031,2
2020-07-16,15:15:03,12031,12031,12031,2
2020-07-16,15:15:06,12030,12030,12030,2
2020-07-16,15:15:06,12030,12030,12030,2
2020-07-16,15:15:06,12030,12030,12030,2
2020-07-16,15:15:06,12030,12030,12030,2
2020-07-16,15:15:06,12030,12030,12030,2
2020-07-16,15:15:06,12030,12030,12030,2
2020-07-16,15:15:06,12030,12030,12030,2
2020-07-16,15:15:06,12030,12030,12030,2
2020-07-16,15:15:06,12030,12030,12030,2
2020-07-16,15:15:06,12030,12030,12030,2
2020-07-16,15:15:06,12030,12030,12030,2
2020-07-16,15:15:06,12030,12030,12030,2
2020-07-16,15:15:06,12030,12030,12030,4
2020-07-16,15:15:08,12030,12030,12030,2
2020-07-16,15:15:08,12030,12030,12030,2
2020-07-16,15:15:15,12031,12031,12031,8
2020-07-16,15:15:16,12030,12030,12030,2
2020-07-16,15:15:19,12029,12029,12029,2
2020-07-16,15:15:24,12030,12030,12030,8
2020-07-16,15:15:24,12030,12030,12030,2
2020-07-16,15:15:24,12030,12030,12030,2
2020-07-16,15:15:26,12031,12031,12031,2
2020-07-16,15:15:28,12030,12030,12030,2
2020-07-16,15:15:28,12031,12031,12031,2
2020-07-16,15:15:30,12031,12031,12031,2
2020-07-16,15:15:31,12032,12032,12032,10
2020-07-16,15:15:32,12032,12032,12032,2
2020-07-16,15:15:32,12032,12032,12032,2
2020-07-16,15:15:32,12032,12032,12032,2
2020-07-16,15:15:32,12033,12033,12033,2
2020-07-16,15:15:32,12033,12033,12033,4
2020-07-16,15:15:32,12033,12033,12033,4
2020-07-16,15:15:32,12033,12033,12033,2
2020-07-16,15:15:32,12033,12033,12033,2
2020-07-16,15:15:32,12033,12033,12033,4
2020-07-16,15:15:32,12033,12033,12033,2
2020-07-16,15:15:32,12033,12033,12033,24
2020-07-16,15:15:33,12034,12034,12034,2
2020-07-16,15:15:33,12034,12034,12034,12
2020-07-16,15:15:33,12035,12035,12035,10
2020-07-16,15:15:35,12036,12036,12036,2
2020-07-16,15:15:35,12036,12036,12036,6
2020-07-16,15:15:37,12035,12035,12035,4
2020-07-16,15:15:37,12035,12035,12035,2
2020-07-16,15:15:37,12035,12035,12035,4
2020-07-16,15:15:38,12035,12035,12035,2
2020-07-16,15:15:39,12035,12035,12035,2
2020-07-16,15:15:39,12035,12035,12035,2
2020-07-16,15:15:42,12035,12035,12035,2
2020-07-16,15:15:42,12035,12035,12035,2
2020-07-16,15:15:42,12035,12035,12035,2
2020-07-16,15:15:43,12035,12035,12035,2
2020-07-16,15:15:46,12034,12034,12034,2
2020-07-16,15:15:46,12034,12034,12034,2
2020-07-16,15:15:47,12035,12035,12035,6
2020-07-16,15:15:47,12035,12035,12035,2
2020-07-16,15:15:47,12035,12035,12035,2
2020-07-16,15:15:49,12036,12036,12036,2
2020-07-16,15:15:50,12035,12035,12035,2
2020-07-16,15:15:50,12036,12036,12036,20
2020-07-16,15:15:52,12035,12035,12035,2
2020-07-16,15:15:52,12036,12036,12036,16
2020-07-16,15:15:54,12035,12035,12035,4
2020-07-16,15:15:54,12035,12035,12035,4
2020-07-16,15:15:54,12035,12035,12035,2
2020-07-16,15:15:54,12035,12035,12035,6
2020-07-16,15:15:54,12035,12035,12035,2
2020-07-16,15:15:56,12036,12036,12036,2
2020-07-16,15:16:00,12034,12034,12034,2
2020-07-16,15:16:00,12034,12034,12034,2
2020-07-16,15:16:00,12034,12034,12034,2
2020-07-16,15:16:00,12034,12034,12034,2
2020-07-16,15:16:00,12034,12034,12034,2
2020-07-16,15:16:00,12035,12035,12035,2
2020-07-16,15:16:02,12034,12034,12034,2
2020-07-16,15:16:03,12035,12035,12035,2
2020-07-16,15:16:03,12035,12035,12035,4
2020-07-16,15:16:03,12035,12035,12035,2
2020-07-16,15:16:03,12035,12035,12035,2
2020-07-16,15:16:03,12035,12035,12035,2
2020-07-16,15:16:05,12033,12033,12033,2
2020-07-16,15:16:06,12034,12034,12034,40
2020-07-16,15:16:07,12034,12034,12034,2
2020-07-16,15:16:07,12034,12034,12034,2
2020-07-16,15:16:07,12034,12034,12034,2
2020-07-16,15:16:07,12034,12034,12034,4
2020-07-16,15:16:11,12034,12034,12034,2
2020-07-16,15:16:11,12034,12034,12034,2
2020-07-16,15:16:11,12034,12034,12034,6
2020-07-16,15:16:12,12035,12035,12035,2
2020-07-16,15:16:13,12034,12034,12034,2
2020-07-16,15:16:16,12034,12034,12034,2
2020-07-16,15:16:18,12034,12034,12034,2
2020-07-16,15:16:18,12035,12035,12035,4
2020-07-16,15:16:21,12034,12034,12034,2
2020-07-16,15:16:22,12034,12034,12034,2
2020-07-16,15:16:28,12033,12033,12033,2
2020-07-16,15:16:28,12033,12033,12033,2
2020-07-16,15:16:32,12034,12034,12034,2
2020-07-16,15:16:34,12033,12033,12033,16
2020-07-16,15:16:34,12033,12033,12033,2
2020-07-16,15:16:44,12033,12033,12033,2
2020-07-16,15:16:44,12033,12033,12033,2
2020-07-16,15:16:49,12033,12033,12033,2
2020-07-16,15:16:56,12032,12032,12032,6
2020-07-16,15:16:56,12032,12032,12032,2
2020-07-16,15:16:56,12032,12032,12032,2
2020-07-16,15:16:56,12032,12032,12032,2
2020-07-16,15:16:56,12032,12032,12032,2
2020-07-16,15:16:56,12032,12032,12032,2
2020-07-16,15:16:56,12032,12032,12032,2
2020-07-16,15:16:56,12031,12031,12031,4
2020-07-16,15:17:00,12032,12032,12032,2
2020-07-16,15:17:06,12031,12031,12031,2
2020-07-16,15:17:08,12031,12031,12031,2
2020-07-16,15:17:08,12032,12032,12032,2
2020-07-16,15:17:11,12031,12031,12031,8
2020-07-16,15:17:11,12031,12031,12031,4
2020-07-16,15:17:11,12031,12031,12031,2
2020-07-16,15:17:11,12031,12031,12031,2
2020-07-16,15:17:15,12031,12031,12031,4
2020-07-16,15:17:21,12031,12031,12031,2
2020-07-16,15:17:23,12031,12031,12031,12
2020-07-16,15:17:23,12031,12031,12031,2
2020-07-16,15:17:24,12031,12031,12031,4
2020-07-16,15:17:28,12031,12031,12031,2
2020-07-16,15:17:28,12032,12032,12032,8
2020-07-16,15:17:28,12033,12033,12033,2
2020-07-16,15:17:31,12031,12031,12031,2
2020-07-16,15:17:36,12032,12032,12032,2
2020-07-16,15:17:38,12032,12032,12032,2
2020-07-16,15:17:41,12033,12033,12033,4
2020-07-16,15:17:42,12033,12033,12033,2
2020-07-16,15:17:42,12033,12033,12033,4
2020-07-16,15:17:43,12032,12032,12032,2
2020-07-16,15:17:43,12032,12032,12032,6
2020-07-16,15:17:43,12032,12032,12032,2
2020-07-16,15:17:44,12032,12032,12032,2
2020-07-16,15:17:44,12032,12032,12032,2
2020-07-16,15:17:45,12032,12032,12032,2
2020-07-16,15:17:45,12032,12032,12032,20
2020-07-16,15:17:45,12033,12033,12033,68
2020-07-16,15:17:45,12034,12034,12034,42
2020-07-16,15:17:45,12033,12033,12033,2
2020-07-16,15:17:45,12033,12033,12033,2
2020-07-16,15:17:54,12032,12032,12032,2
2020-07-16,15:17:54,12032,12032,12032,4
2020-07-16,15:17:54,12032,12032,12032,20
2020-07-16,15:17:54,12032,12032,12032,10
2020-07-16,15:17:54,12032,12032,12032,2
2020-07-16,15:17:54,12032,12032,12032,4
2020-07-16,15:17:54,12032,12032,12032,4
2020-07-16,15:17:55,12032,12032,12032,2
2020-07-16,15:17:55,12032,12032,12032,2
2020-07-16,15:17:56,12032,12032,12032,30
2020-07-16,15:17:56,12033,12033,12033,52
2020-07-16,15:17:56,12033,12033,12033,20
2020-07-16,15:17:56,12033,12033,12033,2
2020-07-16,15:17:56,12033,12033,12033,2
2020-07-16,15:17:56,12033,12033,12033,2
2020-07-16,15:17:56,12033,12033,12033,4
2020-07-16,15:17:56,12033,12033,12033,2
2020-07-16,15:17:56,12033,12033,12033,4
2020-07-16,15:17:56,12033,12033,12033,4
2020-07-16,15:17:56,12033,12033,12033,4
2020-07-16,15:17:56,12033,12033,12033,4
2020-07-16,15:17:57,12032,12032,12032,2
2020-07-16,15:17:57,12032,12032,12032,8
2020-07-16,15:18:05,12033,12033,12033,2
2020-07-16,15:18:05,12034,12034,12034,6
2020-07-16,15:18:05,12034,12034,12034,2
2020-07-16,15:18:06,12034,12034,12034,4
2020-07-16,15:18:07,12034,12034,12034,2
2020-07-16,15:18:08,12034,12034,12034,4
2020-07-16,15:18:10,12034,12034,12034,2
2020-07-16,15:18:12,12032,12032,12032,2
2020-07-16,15:18:12,12032,12032,12032,8
2020-07-16,15:18:14,12033,12033,12033,22
2020-07-16,15:18:14,12033,12033,12033,2
2020-07-16,15:18:18,12032,12032,12032,2
2020-07-16,15:18:18,12032,12032,12032,2
2020-07-16,15:18:21,12032,12032,12032,2
2020-07-16,15:18:21,12033,12033,12033,20
2020-07-16,15:18:25,12032,12032,12032,2
2020-07-16,15:18:26,12031,12031,12031,2
2020-07-16,15:18:30,12033,12033,12033,2
2020-07-16,15:18:30,12033,12033,12033,8
2020-07-16,15:18:35,12033,12033,12033,4
2020-07-16,15:18:37,12033,12033,12033,4
2020-07-16,15:18:40,12034,12034,12034,20
2020-07-16,15:18:41,12035,12035,12035,8
2020-07-16,15:18:41,12035,12035,12035,12
2020-07-16,15:18:41,12035,12035,12035,10
2020-07-16,15:18:41,12035,12035,12035,12
2020-07-16,15:18:42,12035,12035,12035,4
2020-07-16,15:18:42,12035,12035,12035,2
2020-07-16,15:18:42,12035,12035,12035,2
2020-07-16,15:18:42,12034,12034,12034,4
2020-07-16,15:18:42,12034,12034,12034,2
2020-07-16,15:18:43,12035,12035,12035,4
2020-07-16,15:18:43,12033,12033,12033,2
2020-07-16,15:18:50,12033,12033,12033,2
2020-07-16,15:18:59,12033,12033,12033,2
2020-07-16,15:19:01,12034,12034,12034,4
2020-07-16,15:19:02,12033,12033,12033,2
2020-07-16,15:19:02,12033,12033,12033,4
2020-07-16,15:19:03,12034,12034,12034,2
2020-07-16,15:19:08,12033,12033,12033,2
2020-07-16,15:19:09,12033,12033,12033,2
2020-07-16,15:19:12,12033,12033,12033,2
2020-07-16,15:19:13,12033,12033,12033,2
2020-07-16,15:19:14,12033,12033,12033,2
2020-07-16,15:19:19,12032,12032,12032,2
2020-07-16,15:19:26,12032,12032,12032,2
2020-07-16,15:19:33,12033,12033,12033,2
2020-07-16,15:19:36,12032,12032,12032,2
2020-07-16,15:19:38,12033,12033,12033,8
2020-07-16,15:19:38,12033,12033,12033,10
2020-07-16,15:19:38,12033,12033,12033,2
2020-07-16,15:19:40,12034,12034,12034,10
2020-07-16,15:19:41,12034,12034,12034,10
2020-07-16,15:19:48,12033,12033,12033,4
2020-07-16,15:19:50,12033,12033,12033,4
2020-07-16,15:20:00,12032,12032,12032,4
2020-07-16,15:20:00,12032,12032,12032,2
2020-07-16,15:20:00,12032,12032,12032,2
2020-07-16,15:20:00,12031,12031,12031,2
2020-07-16,15:20:00,12031,12031,12031,2
2020-07-16,15:20:00,12032,12032,12032,6
2020-07-16,15:20:02,12030,12030,12030,2
2020-07-16,15:20:02,12031,12031,12031,2
2020-07-16,15:20:02,12031,12031,12031,2
2020-07-16,15:20:02,12031,12031,12031,2
2020-07-16,15:20:04,12030,12030,12030,2
2020-07-16,15:20:06,12030,12030,12030,2
2020-07-16,15:20:06,12030,12030,12030,4
2020-07-16,15:20:06,12031,12031,12031,2
2020-07-16,15:20:12,12030,12030,12030,2
2020-07-16,15:20:12,12030,12030,12030,2
2020-07-16,15:20:12,12030,12030,12030,2
2020-07-16,15:20:12,12030,12030,12030,2
2020-07-16,15:20:12,12030,12030,12030,2
2020-07-16,15:20:12,12030,12030,12030,2
2020-07-16,15:20:12,12030,12030,12030,2
2020-07-16,15:20:13,12030,12030,12030,2
2020-07-16,15:20:13,12030,12030,12030,4
2020-07-16,15:20:13,12031,12031,12031,2
2020-07-16,15:20:16,12030,12030,12030,2
2020-07-16,15:20:19,12031,12031,12031,8
2020-07-16,15:20:22,12031,12031,12031,2
2020-07-16,15:20:26,12032,12032,12032,8
2020-07-16,15:20:26,12032,12032,12032,2
2020-07-16,15:20:27,12033,12033,12033,6
2020-07-16,15:20:28,12033,12033,12033,6
2020-07-16,15:20:28,12033,12033,12033,4
2020-07-16,15:20:30,12033,12033,12033,2
2020-07-16,15:20:31,12033,12033,12033,4
2020-07-16,15:20:36,12032,12032,12032,6
2020-07-16,15:20:36,12032,12032,12032,2
2020-07-16,15:20:40,12033,12033,12033,2
2020-07-16,15:20:41,12033,12033,12033,2
2020-07-16,15:20:43,12033,12033,12033,2
2020-07-16,15:20:43,12033,12033,12033,2
2020-07-16,15:20:43,12033,12033,12033,2
2020-07-16,15:20:43,12033,12033,12033,2
2020-07-16,15:20:43,12033,12033,12033,4
2020-07-16,15:20:43,12033,12033,12033,2
2020-07-16,15:20:43,12033,12033,12033,4
2020-07-16,15:20:43,12033,12033,12033,2
2020-07-16,15:20:52,12032,12032,12032,2
2020-07-16,15:20:52,12032,12032,12032,2
2020-07-16,15:20:53,12032,12032,12032,2
2020-07-16,15:20:55,12031,12031,12031,2
2020-07-16,15:20:55,12031,12031,12031,4
2020-07-16,15:20:55,12031,12031,12031,2
2020-07-16,15:20:55,12031,12031,12031,2
2020-07-16,15:20:59,12032,12032,12032,2
2020-07-16,15:20:59,12032,12032,12032,2
2020-07-16,15:20:59,12032,12032,12032,6
2020-07-16,15:21:13,12031,12031,12031,2
2020-07-16,15:21:13,12031,12031,12031,4
2020-07-16,15:21:13,12031,12031,12031,2
2020-07-16,15:21:13,12031,12031,12031,4
2020-07-16,15:21:14,12032,12032,12032,2
2020-07-16,15:21:23,12032,12032,12032,2
2020-07-16,15:21:23,12032,12032,12032,2
2020-07-16,15:21:23,12032,12032,12032,4
2020-07-16,15:21:24,12032,12032,12032,2
2020-07-16,15:21:33,12032,12032,12032,6
2020-07-16,15:21:33,12032,12032,12032,4
2020-07-16,15:21:35,12032,12032,12032,2
2020-07-16,15:21:42,12032,12032,12032,4
2020-07-16,15:21:46,12032,12032,12032,2
2020-07-16,15:21:50,12031,12031,12031,2
2020-07-16,15:21:50,12031,12031,12031,2
2020-07-16,15:21:50,12031,12031,12031,2
2020-07-16,15:21:57,12032,12032,12032,6
2020-07-16,15:21:59,12031,12031,12031,2
2020-07-16,15:22:02,12031,12031,12031,6
2020-07-16,15:22:02,12031,12031,12031,2
2020-07-16,15:22:05,12031,12031,12031,2
2020-07-16,15:22:14,12032,12032,12032,8
2020-07-16,15:22:14,12032,12032,12032,2
2020-07-16,15:22:14,12033,12033,12033,2
2020-07-16,15:22:14,12033,12033,12033,6
2020-07-16,15:22:14,12033,12033,12033,30
2020-07-16,15:22:20,12034,12034,12034,2
2020-07-16,15:22:20,12034,12034,12034,18
2020-07-16,15:22:22,12035,12035,12035,2
2020-07-16,15:22:27,12034,12034,12034,2
2020-07-16,15:22:27,12035,12035,12035,26
2020-07-16,15:22:27,12036,12036,12036,6
2020-07-16,15:22:27,12036,12036,12036,6
2020-07-16,15:22:27,12036,12036,12036,2
2020-07-16,15:22:27,12036,12036,12036,4
2020-07-16,15:22:28,12035,12035,12035,2
2020-07-16,15:22:34,12036,12036,12036,32
2020-07-16,15:22:34,12036,12036,12036,2
2020-07-16,15:22:35,12036,12036,12036,2
2020-07-16,15:22:36,12037,12037,12037,12
2020-07-16,15:22:36,12038,12038,12038,2
2020-07-16,15:22:36,12038,12038,12038,24
2020-07-16,15:22:36,12038,12038,12038,12
2020-07-16,15:22:36,12038,12038,12038,18
2020-07-16,15:22:36,12038,12038,12038,2
2020-07-16,15:22:37,12039,12039,12039,2
2020-07-16,15:22:37,12039,12039,12039,4
2020-07-16,15:22:37,12039,12039,12039,6
2020-07-16,15:22:37,12039,12039,12039,2
2020-07-16,15:22:37,12039,12039,12039,4
2020-07-16,15:22:37,12039,12039,12039,4
2020-07-16,15:22:37,12039,12039,12039,2
2020-07-16,15:22:37,12039,12039,12039,2
2020-07-16,15:22:37,12039,12039,12039,2
2020-07-16,15:22:37,12039,12039,12039,8
2020-07-16,15:22:37,12039,12039,12039,2
2020-07-16,15:22:37,12039,12039,12039,2
2020-07-16,15:22:38,12040,12040,12040,6
2020-07-16,15:22:38,12040,12040,12040,2
2020-07-16,15:22:38,12040,12040,12040,2
2020-07-16,15:22:38,12040,12040,12040,2
2020-07-16,15:22:38,12040,12040,12040,6
2020-07-16,15:22:38,12040,12040,12040,4
2020-07-16,15:22:38,12040,12040,12040,4
2020-07-16,15:22:38,12040,12040,12040,2
2020-07-16,15:22:38,12040,12040,12040,2
2020-07-16,15:22:38,12040,12040,12040,2
2020-07-16,15:22:38,12040,12040,12040,2
2020-07-16,15:22:38,12040,12040,12040,2
2020-07-16,15:22:38,12040,12040,12040,2
2020-07-16,15:22:38,12040,12040,12040,2
2020-07-16,15:22:40,12039,12039,12039,6
2020-07-16,15:22:40,12039,12039,12039,2
2020-07-16,15:22:40,12038,12038,12038,2
2020-07-16,15:22:40,12038,12038,12038,2
2020-07-16,15:22:40,12038,12038,12038,8
2020-07-16,15:22:40,12038,12038,12038,2
2020-07-16,15:22:40,12038,12038,12038,4
2020-07-16,15:22:40,12038,12038,12038,4
2020-07-16,15:22:40,12039,12039,12039,6
2020-07-16,15:22:40,12038,12038,12038,2
2020-07-16,15:22:41,12039,12039,12039,2
2020-07-16,15:22:44,12039,12039,12039,2
2020-07-16,15:22:44,12039,12039,12039,4
2020-07-16,15:22:44,12039,12039,12039,2
2020-07-16,15:22:44,12039,12039,12039,2
2020-07-16,15:22:45,12040,12040,12040,2
2020-07-16,15:22:46,12040,12040,12040,8
2020-07-16,15:22:46,12040,12040,12040,6
2020-07-16,15:22:47,12039,12039,12039,6
2020-07-16,15:22:47,12041,12041,12041,2
2020-07-16,15:22:48,12041,12041,12041,2
2020-07-16,15:22:48,12041,12041,12041,2
2020-07-16,15:22:48,12041,12041,12041,6
2020-07-16,15:22:48,12042,12042,12042,4
2020-07-16,15:22:48,12042,12042,12042,4
2020-07-16,15:22:48,12042,12042,12042,2
2020-07-16,15:22:48,12042,12042,12042,2
2020-07-16,15:22:48,12042,12042,12042,6
2020-07-16,15:22:48,12042,12042,12042,10
2020-07-16,15:22:48,12042,12042,12042,6
2020-07-16,15:22:48,12042,12042,12042,2
2020-07-16,15:22:48,12042,12042,12042,2
2020-07-16,15:22:48,12042,12042,12042,2
2020-07-16,15:22:48,12043,12043,12043,8
2020-07-16,15:22:48,12043,12043,12043,2
2020-07-16,15:22:48,12043,12043,12043,2
2020-07-16,15:22:48,12043,12043,12043,2
2020-07-16,15:22:48,12043,12043,12043,4
2020-07-16,15:22:48,12043,12043,12043,4
2020-07-16,15:22:48,12043,12043,12043,2
2020-07-16,15:22:48,12043,12043,12043,4
2020-07-16,15:22:49,12043,12043,12043,2
2020-07-16,15:22:49,12043,12043,12043,2
2020-07-16,15:22:49,12044,12044,12044,2
2020-07-16,15:22:49,12044,12044,12044,4
2020-07-16,15:22:49,12044,12044,12044,10
2020-07-16,15:22:49,12044,12044,12044,4
2020-07-16,15:22:49,12044,12044,12044,2
2020-07-16,15:22:49,12044,12044,12044,2
2020-07-16,15:22:49,12045,12045,12045,2
2020-07-16,15:22:49,12045,12045,12045,2
2020-07-16,15:22:49,12045,12045,12045,6
2020-07-16,15:22:49,12045,12045,12045,8
2020-07-16,15:22:49,12045,12045,12045,2
2020-07-16,15:22:49,12044,12044,12044,8
2020-07-16,15:22:49,12045,12045,12045,4
2020-07-16,15:22:49,12045,12045,12045,2
2020-07-16,15:22:49,12045,12045,12045,2
2020-07-16,15:22:49,12045,12045,12045,2
2020-07-16,15:22:49,12044,12044,12044,6
2020-07-16,15:22:49,12044,12044,12044,2
2020-07-16,15:22:49,12044,12044,12044,2
2020-07-16,15:22:49,12044,12044,12044,2
2020-07-16,15:22:49,12044,12044,12044,2
2020-07-16,15:22:49,12044,12044,12044,2
2020-07-16,15:22:49,12044,12044,12044,6
2020-07-16,15:22:49,12044,12044,12044,2
2020-07-16,15:22:49,12045,12045,12045,4
2020-07-16,15:22:50,12044,12044,12044,2
2020-07-16,15:22:51,12043,12043,12043,2
2020-07-16,15:22:51,12043,12043,12043,2
2020-07-16,15:22:51,12042,12042,12042,2
2020-07-16,15:22:51,12042,12042,12042,4
2020-07-16,15:22:52,12042,12042,12042,2
2020-07-16,15:22:52,12042,12042,12042,2
2020-07-16,15:22:52,12042,12042,12042,2
2020-07-16,15:22:52,12042,12042,12042,10
2020-07-16,15:22:52,12042,12042,12042,2
2020-07-16,15:22:53,12042,12042,12042,2
2020-07-16,15:22:53,12041,12041,12041,2
2020-07-16,15:22:53,12041,12041,12041,2
2020-07-16,15:22:54,12042,12042,12042,2
2020-07-16,15:22:55,12041,12041,12041,2
2020-07-16,15:22:55,12041,12041,12041,2
2020-07-16,15:22:55,12041,12041,12041,2
2020-07-16,15:22:56,12040,12040,12040,4
2020-07-16,15:22:56,12040,12040,12040,2
2020-07-16,15:22:56,12041,12041,12041,2
2020-07-16,15:22:56,12041,12041,12041,2
2020-07-16,15:22:58,12041,12041,12041,2
2020-07-16,15:22:59,12041,12041,12041,2
2020-07-16,15:22:59,12041,12041,12041,4
2020-07-16,15:23:00,12040,12040,12040,2
2020-07-16,15:23:00,12041,12041,12041,2
2020-07-16,15:23:00,12042,12042,12042,36
2020-07-16,15:23:00,12043,12043,12043,2
2020-07-16,15:23:00,12041,12041,12041,2
2020-07-16,15:23:01,12041,12041,12041,2
2020-07-16,15:23:02,12042,12042,12042,2
2020-07-16,15:23:02,12042,12042,12042,6
2020-07-16,15:23:02,12043,12043,12043,4
2020-07-16,15:23:02,12044,12044,12044,6
2020-07-16,15:23:02,12044,12044,12044,4
2020-07-16,15:23:02,12044,12044,12044,2
2020-07-16,15:23:02,12045,12045,12045,10
2020-07-16,15:23:02,12045,12045,12045,2
2020-07-16,15:23:02,12045,12045,12045,4
2020-07-16,15:23:02,12045,12045,12045,2
2020-07-16,15:23:02,12045,12045,12045,14
2020-07-16,15:23:02,12045,12045,12045,12
2020-07-16,15:23:02,12046,12046,12046,2
2020-07-16,15:23:02,12046,12046,12046,10
2020-07-16,15:23:02,12046,12046,12046,4
2020-07-16,15:23:02,12046,12046,12046,2
2020-07-16,15:23:02,12046,12046,12046,24
2020-07-16,15:23:02,12047,12047,12047,12
2020-07-16,15:23:02,12047,12047,12047,2
2020-07-16,15:23:02,12047,12047,12047,2
2020-07-16,15:23:02,12047,12047,12047,12
2020-07-16,15:23:02,12047,12047,12047,8
2020-07-16,15:23:02,12047,12047,12047,6
2020-07-16,15:23:02,12046,12046,12046,8
2020-07-16,15:23:02,12046,12046,12046,2
2020-07-16,15:23:02,12046,12046,12046,2
2020-07-16,15:23:02,12047,12047,12047,2
2020-07-16,15:23:02,12046,12046,12046,2
2020-07-16,15:23:02,12046,12046,12046,4
2020-07-16,15:23:02,12046,12046,12046,4
2020-07-16,15:23:02,12045,12045,12045,2
2020-07-16,15:23:02,12045,12045,12045,2
2020-07-16,15:23:02,12045,12045,12045,6
2020-07-16,15:23:02,12045,12045,12045,2
2020-07-16,15:23:02,12045,12045,12045,2
2020-07-16,15:23:02,12046,12046,12046,2
2020-07-16,15:23:03,12046,12046,12046,2
2020-07-16,15:23:03,12046,12046,12046,2
2020-07-16,15:23:04,12044,12044,12044,2
2020-07-16,15:23:05,12044,12044,12044,10
2020-07-16,15:23:06,12044,12044,12044,2
2020-07-16,15:23:06,12044,12044,12044,2
2020-07-16,15:23:08,12045,12045,12045,2
2020-07-16,15:23:10,12045,12045,12045,4
2020-07-16,15:23:11,12045,12045,12045,2
2020-07-16,15:23:12,12045,12045,12045,2
2020-07-16,15:23:12,12045,12045,12045,2
2020-07-16,15:23:12,12045,12045,12045,2
2020-07-16,15:23:13,12044,12044,12044,2
2020-07-16,15:23:13,12044,12044,12044,2
2020-07-16,15:23:13,12045,12045,12045,4
2020-07-16,15:23:13,12045,12045,12045,2
2020-07-16,15:23:14,12045,12045,12045,8
2020-07-16,15:23:14,12045,12045,12045,8
2020-07-16,15:23:14,12045,12045,12045,2
2020-07-16,15:23:14,12045,12045,12045,2
2020-07-16,15:23:15,12046,12046,12046,4
2020-07-16,15:23:15,12046,12046,12046,2
2020-07-16,15:23:15,12046,12046,12046,4
2020-07-16,15:23:15,12046,12046,12046,2
2020-07-16,15:23:15,12046,12046,12046,2
2020-07-16,15:23:16,12046,12046,12046,2
2020-07-16,15:23:17,12046,12046,12046,2
2020-07-16,15:23:17,12046,12046,12046,2
2020-07-16,15:23:18,12046,12046,12046,2
2020-07-16,15:23:18,12046,12046,12046,2
2020-07-16,15:23:19,12046,12046,12046,4
2020-07-16,15:23:19,12046,12046,12046,2
2020-07-16,15:23:20,12045,12045,12045,2
2020-07-16,15:23:20,12046,12046,12046,2
2020-07-16,15:23:21,12046,12046,12046,2
2020-07-16,15:23:21,12045,12045,12045,2
2020-07-16,15:23:23,12046,12046,12046,2
2020-07-16,15:23:23,12045,12045,12045,4
2020-07-16,15:23:23,12045,12045,12045,2
2020-07-16,15:23:23,12045,12045,12045,2
2020-07-16,15:23:23,12045,12045,12045,4
2020-07-16,15:23:23,12045,12045,12045,2
2020-07-16,15:23:24,12046,12046,12046,4
2020-07-16,15:23:25,12045,12045,12045,10
2020-07-16,15:23:25,12045,12045,12045,2
2020-07-16,15:23:26,12046,12046,12046,14
2020-07-16,15:23:27,12044,12044,12044,2
2020-07-16,15:23:28,12045,12045,12045,2
2020-07-16,15:23:28,12045,12045,12045,2
2020-07-16,15:23:29,12045,12045,12045,2
2020-07-16,15:23:30,12046,12046,12046,2
2020-07-16,15:23:31,12044,12044,12044,2
2020-07-16,15:23:32,12046,12046,12046,2
2020-07-16,15:23:33,12046,12046,12046,2
2020-07-16,15:23:33,12046,12046,12046,2
2020-07-16,15:23:34,12046,12046,12046,2
2020-07-16,15:23:34,12046,12046,12046,2
2020-07-16,15:23:34,12046,12046,12046,4
2020-07-16,15:23:34,12045,12045,12045,2
2020-07-16,15:23:34,12046,12046,12046,2
2020-07-16,15:23:34,12046,12046,12046,2
2020-07-16,15:23:34,12046,12046,12046,2
2020-07-16,15:23:36,12046,12046,12046,2
2020-07-16,15:23:36,12046,12046,12046,2
2020-07-16,15:23:36,12046,12046,12046,2
2020-07-16,15:23:37,12045,12045,12045,2
2020-07-16,15:23:37,12046,12046,12046,6
2020-07-16,15:23:39,12046,12046,12046,2
2020-07-16,15:23:39,12045,12045,12045,2
2020-07-16,15:23:40,12046,12046,12046,6
2020-07-16,15:23:40,12047,12047,12047,2
2020-07-16,15:23:41,12047,12047,12047,2
2020-07-16,15:23:41,12047,12047,12047,4
2020-07-16,15:23:41,12047,12047,12047,2
2020-07-16,15:23:41,12047,12047,12047,2
2020-07-16,15:23:42,12046,12046,12046,8
2020-07-16,15:23:42,12047,12047,12047,2
2020-07-16,15:23:43,12047,12047,12047,2
2020-07-16,15:23:43,12047,12047,12047,2
2020-07-16,15:23:43,12046,12046,12046,2
2020-07-16,15:23:43,12047,12047,12047,2
2020-07-16,15:23:44,12047,12047,12047,2
2020-07-16,15:23:44,12047,12047,12047,8
2020-07-16,15:23:44,12047,12047,12047,2
2020-07-16,15:23:44,12046,12046,12046,8
2020-07-16,15:23:44,12046,12046,12046,2
2020-07-16,15:23:44,12046,12046,12046,8
2020-07-16,15:23:44,12046,12046,12046,26
2020-07-16,15:23:44,12045,12045,12045,2
2020-07-16,15:23:45,12045,12045,12045,2
2020-07-16,15:23:45,12045,12045,12045,2
2020-07-16,15:23:45,12045,12045,12045,4
2020-07-16,15:23:46,12045,12045,12045,2
2020-07-16,15:23:46,12044,12044,12044,2
2020-07-16,15:23:46,12045,12045,12045,2
2020-07-16,15:23:47,12045,12045,12045,2
2020-07-16,15:23:48,12045,12045,12045,2
2020-07-16,15:23:48,12045,12045,12045,2
2020-07-16,15:23:48,12045,12045,12045,2
2020-07-16,15:23:49,12044,12044,12044,2
2020-07-16,15:23:49,12044,12044,12044,2
2020-07-16,15:23:49,12044,12044,12044,6
2020-07-16,15:23:49,12044,12044,12044,2
2020-07-16,15:23:49,12044,12044,12044,2
2020-07-16,15:23:49,12044,12044,12044,6
2020-07-16,15:23:50,12044,12044,12044,4
2020-07-16,15:23:51,12044,12044,12044,2
2020-07-16,15:23:51,12045,12045,12045,2
2020-07-16,15:23:52,12045,12045,12045,2
2020-07-16,15:23:52,12045,12045,12045,2
2020-07-16,15:23:55,12045,12045,12045,2
2020-07-16,15:23:55,12045,12045,12045,2
2020-07-16,15:23:56,12045,12045,12045,4
2020-07-16,15:23:56,12045,12045,12045,2
2020-07-16,15:23:56,12045,12045,12045,2
2020-07-16,15:23:56,12045,12045,12045,2
2020-07-16,15:23:57,12045,12045,12045,2
2020-07-16,15:23:59,12044,12044,12044,2
2020-07-16,15:24:00,12044,12044,12044,2
2020-07-16,15:24:01,12044,12044,12044,2
2020-07-16,15:24:02,12043,12043,12043,8
2020-07-16,15:24:02,12043,12043,12043,6
2020-07-16,15:24:02,12043,12043,12043,10
2020-07-16,15:24:02,12043,12043,12043,2
2020-07-16,15:24:02,12043,12043,12043,2
2020-07-16,15:24:02,12043,12043,12043,2
2020-07-16,15:24:02,12043,12043,12043,2
2020-07-16,15:24:02,12043,12043,12043,2
2020-07-16,15:24:02,12043,12043,12043,8
2020-07-16,15:24:02,12043,12043,12043,2
2020-07-16,15:24:02,12043,12043,12043,2
2020-07-16,15:24:02,12043,12043,12043,2
2020-07-16,15:24:02,12043,12043,12043,2
2020-07-16,15:24:02,12043,12043,12043,2
2020-07-16,15:24:02,12043,12043,12043,2
2020-07-16,15:24:02,12044,12044,12044,2
2020-07-16,15:24:02,12044,12044,12044,2
2020-07-16,15:24:02,12044,12044,12044,12
2020-07-16,15:24:03,12043,12043,12043,2
2020-07-16,15:24:03,12042,12042,12042,2
2020-07-16,15:24:03,12044,12044,12044,2
2020-07-16,15:24:04,12043,12043,12043,2
2020-07-16,15:24:05,12042,12042,12042,2
2020-07-16,15:24:07,12043,12043,12043,2
2020-07-16,15:24:07,12044,12044,12044,4
2020-07-16,15:24:09,12044,12044,12044,28
2020-07-16,15:24:09,12045,12045,12045,40
2020-07-16,15:24:09,12045,12045,12045,10
2020-07-16,15:24:09,12044,12044,12044,2
2020-07-16,15:24:10,12045,12045,12045,2
2020-07-16,15:24:10,12044,12044,12044,2
2020-07-16,15:24:10,12044,12044,12044,2
2020-07-16,15:24:10,12044,12044,12044,2
2020-07-16,15:24:10,12044,12044,12044,2
2020-07-16,15:24:11,12044,12044,12044,6
2020-07-16,15:24:12,12044,12044,12044,2
2020-07-16,15:24:12,12044,12044,12044,2
2020-07-16,15:24:14,12044,12044,12044,2
2020-07-16,15:24:15,12043,12043,12043,2
2020-07-16,15:24:18,12044,12044,12044,10
2020-07-16,15:24:19,12044,12044,12044,10
2020-07-16,15:24:20,12045,12045,12045,2
2020-07-16,15:24:20,12044,12044,12044,6
2020-07-16,15:24:21,12044,12044,12044,8
2020-07-16,15:24:21,12043,12043,12043,2
2020-07-16,15:24:22,12044,12044,12044,2
2020-07-16,15:24:24,12043,12043,12043,2
2020-07-16,15:24:26,12044,12044,12044,2
2020-07-16,15:24:29,12044,12044,12044,2
2020-07-16,15:24:31,12044,12044,12044,2
2020-07-16,15:24:31,12044,12044,12044,2
2020-07-16,15:24:31,12045,12045,12045,30
2020-07-16,15:24:31,12045,12045,12045,4
2020-07-16,15:24:33,12046,12046,12046,2
2020-07-16,15:24:33,12046,12046,12046,8
2020-07-16,15:24:33,12046,12046,12046,20
2020-07-16,15:24:33,12046,12046,12046,2
2020-07-16,15:24:34,12045,12045,12045,8
2020-07-16,15:24:36,12047,12047,12047,2
2020-07-16,15:24:37,12046,12046,12046,2
2020-07-16,15:24:38,12046,12046,12046,2
2020-07-16,15:24:39,12046,12046,12046,2
2020-07-16,15:24:41,12046,12046,12046,2
2020-07-16,15:24:44,12046,12046,12046,8
2020-07-16,15:24:44,12046,12046,12046,2
2020-07-16,15:24:46,12045,12045,12045,6
2020-07-16,15:24:51,12045,12045,12045,2
2020-07-16,15:24:52,12045,12045,12045,16
2020-07-16,15:24:52,12045,12045,12045,2
2020-07-16,15:24:52,12045,12045,12045,2
2020-07-16,15:24:52,12045,12045,12045,2
2020-07-16,15:24:52,12045,12045,12045,2
2020-07-16,15:24:52,12045,12045,12045,4
2020-07-16,15:24:52,12045,12045,12045,2
2020-07-16,15:24:52,12045,12045,12045,4
2020-07-16,15:24:56,12045,12045,12045,2
2020-07-16,15:24:59,12044,12044,12044,2
2020-07-16,15:25:00,12045,12045,12045,10
2020-07-16,15:25:00,12045,12045,12045,2
2020-07-16,15:25:01,12043,12043,12043,4
2020-07-16,15:25:02,12045,12045,12045,2
2020-07-16,15:25:02,12046,12046,12046,2
2020-07-16,15:25:02,12046,12046,12046,2
2020-07-16,15:25:02,12045,12045,12045,2
2020-07-16,15:25:02,12045,12045,12045,2
2020-07-16,15:25:07,12044,12044,12044,2
2020-07-16,15:25:07,12044,12044,12044,2
2020-07-16,15:25:09,12044,12044,12044,2
2020-07-16,15:25:12,12043,12043,12043,2
2020-07-16,15:25:12,12043,12043,12043,4
2020-07-16,15:25:12,12043,12043,12043,2
2020-07-16,15:25:12,12043,12043,12043,16
2020-07-16,15:25:12,12043,12043,12043,2
2020-07-16,15:25:12,12043,12043,12043,2
2020-07-16,15:25:18,12042,12042,12042,2
2020-07-16,15:25:18,12042,12042,12042,2
2020-07-16,15:25:18,12042,12042,12042,2
2020-07-16,15:25:18,12042,12042,12042,2
2020-07-16,15:25:18,12042,12042,12042,2
2020-07-16,15:25:18,12042,12042,12042,12
2020-07-16,15:25:20,12041,12041,12041,2
2020-07-16,15:25:24,12041,12041,12041,2
2020-07-16,15:25:24,12041,12041,12041,2
2020-07-16,15:25:24,12041,12041,12041,4
2020-07-16,15:25:24,12041,12041,12041,2
2020-07-16,15:25:24,12041,12041,12041,2
2020-07-16,15:25:24,12041,12041,12041,2
2020-07-16,15:25:24,12041,12041,12041,8
2020-07-16,15:25:24,12041,12041,12041,2
2020-07-16,15:25:24,12041,12041,12041,2
2020-07-16,15:25:24,12041,12041,12041,2
2020-07-16,15:25:24,12041,12041,12041,2
2020-07-16,15:25:24,12041,12041,12041,2
2020-07-16,15:25:24,12041,12041,12041,8
2020-07-16,15:25:25,12042,12042,12042,2
2020-07-16,15:25:27,12041,12041,12041,2
2020-07-16,15:25:33,12041,12041,12041,2
2020-07-16,15:25:34,12041,12041,12041,2
2020-07-16,15:25:34,12041,12041,12041,2
2020-07-16,15:25:34,12041,12041,12041,2
2020-07-16,15:25:34,12041,12041,12041,4
2020-07-16,15:25:34,12041,12041,12041,4
2020-07-16,15:25:34,12041,12041,12041,4
2020-07-16,15:25:34,12041,12041,12041,2
2020-07-16,15:25:35,12041,12041,12041,2
2020-07-16,15:25:39,12041,12041,12041,2
2020-07-16,15:25:40,12042,12042,12042,10
2020-07-16,15:25:40,12042,12042,12042,6
2020-07-16,15:25:42,12042,12042,12042,2
2020-07-16,15:25:43,12043,12043,12043,6
2020-07-16,15:25:47,12043,12043,12043,2
2020-07-16,15:25:48,12043,12043,12043,2
2020-07-16,15:25:57,12041,12041,12041,2
2020-07-16,15:26:00,12041,12041,12041,2
2020-07-16,15:26:00,12041,12041,12041,2
2020-07-16,15:26:00,12041,12041,12041,2
2020-07-16,15:26:02,12041,12041,12041,2
2020-07-16,15:26:02,12041,12041,12041,4
2020-07-16,15:26:02,12041,12041,12041,2
2020-07-16,15:26:06,12042,12042,12042,8
2020-07-16,15:26:06,12041,12041,12041,2
2020-07-16,15:26:06,12042,12042,12042,2
2020-07-16,15:26:08,12042,12042,12042,2
2020-07-16,15:26:11,12042,12042,12042,4
2020-07-16,15:26:11,12042,12042,12042,2
2020-07-16,15:26:15,12042,12042,12042,2
2020-07-16,15:26:15,12042,12042,12042,2
2020-07-16,15:26:15,12042,12042,12042,2
2020-07-16,15:26:26,12043,12043,12043,2
2020-07-16,15:26:27,12042,12042,12042,2
2020-07-16,15:26:29,12043,12043,12043,4
2020-07-16,15:26:29,12043,12043,12043,8
2020-07-16,15:26:29,12043,12043,12043,4
2020-07-16,15:26:33,12042,12042,12042,2
2020-07-16,15:26:34,12043,12043,12043,2
2020-07-16,15:26:39,12044,12044,12044,2
2020-07-16,15:26:58,12042,12042,12042,2
2020-07-16,15:27:00,12043,12043,12043,6
2020-07-16,15:27:01,12044,12044,12044,2
2020-07-16,15:27:02,12044,12044,12044,2
2020-07-16,15:27:06,12044,12044,12044,2
2020-07-16,15:27:10,12044,12044,12044,2
2020-07-16,15:27:12,12043,12043,12043,10
2020-07-16,15:27:12,12043,12043,12043,4
2020-07-16,15:27:23,12043,12043,12043,10
2020-07-16,15:27:28,12043,12043,12043,2
2020-07-16,15:27:34,12043,12043,12043,2
2020-07-16,15:27:38,12042,12042,12042,2
2020-07-16,15:27:52,12042,12042,12042,2
2020-07-16,15:27:54,12042,12042,12042,2
2020-07-16,15:27:58,12043,12043,12043,2
2020-07-16,15:28:01,12042,12042,12042,2
2020-07-16,15:28:01,12042,12042,12042,2
2020-07-16,15:28:01,12042,12042,12042,2
2020-07-16,15:28:10,12041,12041,12041,2
2020-07-16,15:28:10,12041,12041,12041,6
2020-07-16,15:28:10,12041,12041,12041,2
2020-07-16,15:28:10,12041,12041,12041,4
2020-07-16,15:28:10,12041,12041,12041,2
2020-07-16,15:28:10,12041,12041,12041,2
2020-07-16,15:28:10,12041,12041,12041,4
2020-07-16,15:28:10,12041,12041,12041,2
2020-07-16,15:28:12,12040,12040,12040,2
2020-07-16,15:28:12,12040,12040,12040,2
2020-07-16,15:28:12,12040,12040,12040,2
2020-07-16,15:28:12,12040,12040,12040,6
2020-07-16,15:28:12,12040,12040,12040,2
2020-07-16,15:28:12,12040,12040,12040,2
2020-07-16,15:28:12,12040,12040,12040,2
2020-07-16,15:28:12,12040,12040,12040,2
2020-07-16,15:28:12,12040,12040,12040,2
2020-07-16,15:28:12,12040,12040,12040,2
2020-07-16,15:28:12,12040,12040,12040,2
2020-07-16,15:28:12,12040,12040,12040,2
2020-07-16,15:28:12,12040,12040,12040,2
2020-07-16,15:28:12,12040,12040,12040,2
2020-07-16,15:28:12,12040,12040,12040,4
2020-07-16,15:28:12,12040,12040,12040,2
2020-07-16,15:28:12,12040,12040,12040,2
2020-07-16,15:28:12,12040,12040,12040,2
2020-07-16,15:28:12,12040,12040,12040,2
2020-07-16,15:28:12,12040,12040,12040,2
2020-07-16,15:28:14,12040,12040,12040,4
2020-07-16,15:28:15,12040,12040,12040,2
2020-07-16,15:28:16,12041,12041,12041,2
2020-07-16,15:28:20,12041,12041,12041,2
2020-07-16,15:28:32,12041,12041,12041,8
2020-07-16,15:28:35,12040,12040,12040,2
2020-07-16,15:28:36,12040,12040,12040,2
2020-07-16,15:28:37,12040,12040,12040,2
2020-07-16,15:28:38,12040,12040,12040,2
2020-07-16,15:28:41,12040,12040,12040,2
2020-07-16,15:28:46,12040,12040,12040,2
2020-07-16,15:28:53,12039,12039,12039,2
2020-07-16,15:28:53,12039,12039,12039,2
2020-07-16,15:28:54,12039,12039,12039,2
2020-07-16,15:28:59,12038,12038,12038,2
2020-07-16,15:28:59,12038,12038,12038,2
2020-07-16,15:28:59,12038,12038,12038,2
2020-07-16,15:28:59,12038,12038,12038,4
2020-07-16,15:28:59,12038,12038,12038,2
2020-07-16,15:28:59,12039,12039,12039,4
2020-07-16,15:28:59,12039,12039,12039,2
2020-07-16,15:29:00,12039,12039,12039,2
2020-07-16,15:29:00,12039,12039,12039,2
2020-07-16,15:29:00,12039,12039,12039,4
2020-07-16,15:29:00,12039,12039,12039,6
2020-07-16,15:29:04,12039,12039,12039,2
2020-07-16,15:29:06,12038,12038,12038,2
2020-07-16,15:29:06,12038,12038,12038,4
2020-07-16,15:29:06,12038,12038,12038,2
2020-07-16,15:29:06,12038,12038,12038,2
2020-07-16,15:29:06,12038,12038,12038,2
2020-07-16,15:29:06,12038,12038,12038,2
2020-07-16,15:29:07,12038,12038,12038,2
2020-07-16,15:29:10,12037,12037,12037,2
2020-07-16,15:29:10,12038,12038,12038,2
2020-07-16,15:29:12,12038,12038,12038,2
2020-07-16,15:29:13,12038,12038,12038,2
2020-07-16,15:29:19,12037,12037,12037,2
2020-07-16,15:29:19,12037,12037,12037,2
2020-07-16,15:29:21,12037,12037,12037,2
2020-07-16,15:29:21,12037,12037,12037,2
2020-07-16,15:29:23,12037,12037,12037,2
2020-07-16,15:29:24,12038,12038,12038,8
2020-07-16,15:29:24,12038,12038,12038,2
2020-07-16,15:29:24,12038,12038,12038,8
2020-07-16,15:29:24,12038,12038,12038,6
2020-07-16,15:29:25,12038,12038,12038,2
2020-07-16,15:29:25,12037,12037,12037,2
2020-07-16,15:29:28,12038,12038,12038,2
2020-07-16,15:29:29,12037,12037,12037,2
2020-07-16,15:29:31,12038,12038,12038,2
2020-07-16,15:29:35,12038,12038,12038,2
2020-07-16,15:29:35,12038,12038,12038,2
2020-07-16,15:29:35,12038,12038,12038,2
2020-07-16,15:29:38,12038,12038,12038,2
2020-07-16,15:29:38,12038,12038,12038,2
2020-07-16,15:29:44,12038,12038,12038,4
2020-07-16,15:29:44,12038,12038,12038,2
2020-07-16,15:29:54,12038,12038,12038,6
2020-07-16,15:29:59,12037,12037,12037,4
2020-07-16,15:29:59,12037,12037,12037,2
2020-07-16,15:29:59,12037,12037,12037,2
2020-07-16,15:29:59,12037,12037,12037,2
2020-07-16,15:29:59,12037,12037,12037,2
2020-07-16,15:29:59,12037,12037,12037,2
2020-07-16,15:29:59,12037,12037,12037,6
2020-07-16,15:29:59,12037,12037,12037,2
2020-07-16,15:29:59,12037,12037,12037,2
2020-07-16,15:29:59,12037,12037,12037,2
2020-07-16,15:29:59,12037,12037,12037,2
2020-07-16,15:29:59,12037,12037,12037,2
2020-07-16,15:29:59,12036,12036,12036,2
2020-07-16,15:29:59,12036,12036,12036,2
2020-07-16,15:29:59,12036,12036,12036,4
2020-07-16,15:29:59,12036,12036,12036,2
2020-07-16,15:29:59,12036,12036,12036,2
2020-07-16,15:29:59,12036,12036,12036,2
2020-07-16,15:29:59,12036,12036,12036,2
2020-07-16,15:29:59,12036,12036,12036,2
2020-07-16,15:29:59,12036,12036,12036,10
2020-07-16,15:30:01,12035,12035,12035,2
2020-07-16,15:30:01,12035,12035,12035,2
2020-07-16,15:30:01,12035,12035,12035,2
2020-07-16,15:30:01,12035,12035,12035,2
2020-07-16,15:30:01,12035,12035,12035,2
2020-07-16,15:30:01,12035,12035,12035,4
2020-07-16,15:30:01,12034,12034,12034,2
2020-07-16,15:30:01,12035,12035,12035,6
2020-07-16,15:30:01,12034,12034,12034,2
2020-07-16,15:30:01,12034,12034,12034,2
2020-07-16,15:30:01,12034,12034,12034,2
2020-07-16,15:30:01,12036,12036,12036,2
2020-07-16,15:30:01,12034,12034,12034,2
2020-07-16,15:30:01,12036,12036,12036,2
2020-07-16,15:30:03,12034,12034,12034,2
2020-07-16,15:30:05,12033,12033,12033,2
2020-07-16,15:30:05,12035,12035,12035,4
2020-07-16,15:30:05,12034,12034,12034,2
2020-07-16,15:30:05,12033,12033,12033,2
2020-07-16,15:30:06,12033,12033,12033,2
2020-07-16,15:30:06,12033,12033,12033,2
2020-07-16,15:30:06,12033,12033,12033,2
2020-07-16,15:30:07,12033,12033,12033,2
2020-07-16,15:30:08,12033,12033,12033,2
2020-07-16,15:30:09,12033,12033,12033,2
2020-07-16,15:30:09,12033,12033,12033,2
2020-07-16,15:30:09,12033,12033,12033,2
2020-07-16,15:30:09,12033,12033,12033,2
2020-07-16,15:30:09,12033,12033,12033,2
2020-07-16,15:30:11,12033,12033,12033,2
2020-07-16,15:30:12,12032,12032,12032,2
2020-07-16,15:30:14,12032,12032,12032,2
2020-07-16,15:30:14,12032,12032,12032,2
2020-07-16,15:30:14,12032,12032,12032,2
2020-07-16,15:30:14,12032,12032,12032,2
2020-07-16,15:30:14,12032,12032,12032,2
2020-07-16,15:30:14,12031,12031,12031,2
2020-07-16,15:30:14,12032,12032,12032,2
2020-07-16,15:30:14,12032,12032,12032,2
2020-07-16,15:30:14,12031,12031,12031,2
2020-07-16,15:30:15,12031,12031,12031,2
2020-07-16,15:30:15,12031,12031,12031,2
2020-07-16,15:30:16,12032,12032,12032,2
2020-07-16,15:30:16,12031,12031,12031,2
2020-07-16,15:30:18,12032,12032,12032,12
2020-07-16,15:30:18,12031,12031,12031,2
2020-07-16,15:30:18,12030,12030,12030,2
2020-07-16,15:30:18,12030,12030,12030,2
2020-07-16,15:30:19,12030,12030,12030,2
2020-07-16,15:30:19,12030,12030,12030,2
2020-07-16,15:30:20,12031,12031,12031,2
2020-07-16,15:30:20,12031,12031,12031,2
2020-07-16,15:30:20,12031,12031,12031,2
2020-07-16,15:30:20,12031,12031,12031,2
2020-07-16,15:30:21,12032,12032,12032,4
2020-07-16,15:30:21,12033,12033,12033,4
2020-07-16,15:30:21,12033,12033,12033,4
2020-07-16,15:30:21,12033,12033,12033,2
2020-07-16,15:30:21,12033,12033,12033,2
2020-07-16,15:30:22,12032,12032,12032,2
2020-07-16,15:30:22,12032,12032,12032,2
2020-07-16,15:30:26,12032,12032,12032,2
2020-07-16,15:30:27,12030,12030,12030,2
2020-07-16,15:30:27,12030,12030,12030,2
2020-07-16,15:30:27,12030,12030,12030,2
2020-07-16,15:30:27,12030,12030,12030,2
2020-07-16,15:30:28,12031,12031,12031,2
2020-07-16,15:30:29,12031,12031,12031,2
2020-07-16,15:30:29,12031,12031,12031,4
2020-07-16,15:30:30,12031,12031,12031,2
2020-07-16,15:30:30,12031,12031,12031,2
2020-07-16,15:30:33,12030,12030,12030,2
2020-07-16,15:30:34,12030,12030,12030,2
2020-07-16,15:30:34,12030,12030,12030,2
2020-07-16,15:30:35,12030,12030,12030,2
2020-07-16,15:30:36,12030,12030,12030,2
2020-07-16,15:30:36,12030,12030,12030,2
2020-07-16,15:30:37,12030,12030,12030,4
2020-07-16,15:30:38,12030,12030,12030,4
2020-07-16,15:30:39,12030,12030,12030,2
2020-07-16,15:30:39,12030,12030,12030,2
2020-07-16,15:30:39,12030,12030,12030,2
2020-07-16,15:30:39,12030,12030,12030,2
2020-07-16,15:30:40,12030,12030,12030,2
2020-07-16,15:30:40,12030,12030,12030,2
2020-07-16,15:30:41,12030,12030,12030,2
2020-07-16,15:30:41,12030,12030,12030,4
2020-07-16,15:30:41,12030,12030,12030,2
2020-07-16,15:30:41,12030,12030,12030,2
2020-07-16,15:30:41,12030,12030,12030,2
2020-07-16,15:30:41,12030,12030,12030,4
2020-07-16,15:30:44,12031,12031,12031,8
2020-07-16,15:30:44,12030,12030,12030,2
2020-07-16,15:30:45,12030,12030,12030,2
2020-07-16,15:30:46,12030,12030,12030,4
2020-07-16,15:30:46,12030,12030,12030,4
2020-07-16,15:30:46,12030,12030,12030,2
2020-07-16,15:30:51,12031,12031,12031,4
2020-07-16,15:30:51,12030,12030,12030,2
2020-07-16,15:30:52,12030,12030,12030,10
2020-07-16,15:30:52,12030,12030,12030,10
2020-07-16,15:30:52,12030,12030,12030,2
2020-07-16,15:30:52,12030,12030,12030,2
2020-07-16,15:30:52,12030,12030,12030,2
2020-07-16,15:30:53,12030,12030,12030,10
2020-07-16,15:30:53,12030,12030,12030,8
2020-07-16,15:30:53,12029,12029,12029,2
2020-07-16,15:30:53,12029,12029,12029,2
2020-07-16,15:30:53,12029,12029,12029,6
2020-07-16,15:30:53,12029,12029,12029,2
2020-07-16,15:30:53,12029,12029,12029,2
2020-07-16,15:30:53,12029,12029,12029,2
2020-07-16,15:30:53,12029,12029,12029,2
2020-07-16,15:30:53,12029,12029,12029,2
2020-07-16,15:30:53,12029,12029,12029,2
2020-07-16,15:30:53,12029,12029,12029,2
2020-07-16,15:30:53,12029,12029,12029,2
2020-07-16,15:30:53,12029,12029,12029,30
2020-07-16,15:30:53,12029,12029,12029,2
2020-07-16,15:30:53,12029,12029,12029,2
2020-07-16,15:30:53,12029,12029,12029,2
2020-07-16,15:30:53,12029,12029,12029,10
2020-07-16,15:30:53,12029,12029,12029,10
2020-07-16,15:30:53,12029,12029,12029,10
2020-07-16,15:30:53,12028,12028,12028,2
2020-07-16,15:30:53,12028,12028,12028,2
2020-07-16,15:30:53,12028,12028,12028,2
2020-07-16,15:30:53,12028,12028,12028,2
2020-07-16,15:30:53,12028,12028,12028,2
2020-07-16,15:30:53,12028,12028,12028,2
2020-07-16,15:30:53,12028,12028,12028,2
2020-07-16,15:30:53,12028,12028,12028,2
2020-07-16,15:30:53,12028,12028,12028,8
2020-07-16,15:30:53,12028,12028,12028,2
2020-07-16,15:30:53,12028,12028,12028,2
2020-07-16,15:30:53,12028,12028,12028,2
2020-07-16,15:30:53,12028,12028,12028,10
2020-07-16,15:30:53,12028,12028,12028,4
2020-07-16,15:30:53,12028,12028,12028,4
2020-07-16,15:30:53,12028,12028,12028,2
2020-07-16,15:30:53,12028,12028,12028,4
2020-07-16,15:30:53,12028,12028,12028,2
2020-07-16,15:30:53,12028,12028,12028,2
2020-07-16,15:30:53,12028,12028,12028,2
2020-07-16,15:30:53,12028,12028,12028,4
2020-07-16,15:30:53,12028,12028,12028,2
2020-07-16,15:30:53,12028,12028,12028,6
2020-07-16,15:30:53,12028,12028,12028,2
2020-07-16,15:30:53,12027,12027,12027,2
2020-07-16,15:30:53,12028,12028,12028,2
2020-07-16,15:30:53,12027,12027,12027,2
2020-07-16,15:30:53,12027,12027,12027,2
2020-07-16,15:30:53,12027,12027,12027,8
2020-07-16,15:30:53,12027,12027,12027,2
2020-07-16,15:30:53,12027,12027,12027,2
2020-07-16,15:30:53,12027,12027,12027,2
2020-07-16,15:30:53,12026,12026,12026,2
2020-07-16,15:30:53,12028,12028,12028,2
2020-07-16,15:30:53,12027,12027,12027,10
2020-07-16,15:30:53,12027,12027,12027,10
2020-07-16,15:30:53,12027,12027,12027,6
2020-07-16,15:30:53,12028,12028,12028,2
2020-07-16,15:30:53,12027,12027,12027,2
2020-07-16,15:30:55,12027,12027,12027,4
2020-07-16,15:30:57,12028,12028,12028,4
2020-07-16,15:30:58,12027,12027,12027,2
2020-07-16,15:30:59,12026,12026,12026,2
2020-07-16,15:30:59,12026,12026,12026,2
2020-07-16,15:30:59,12026,12026,12026,2
2020-07-16,15:30:59,12026,12026,12026,2
2020-07-16,15:30:59,12026,12026,12026,2
2020-07-16,15:30:59,12026,12026,12026,2
2020-07-16,15:30:59,12026,12026,12026,6
2020-07-16,15:30:59,12026,12026,12026,2
2020-07-16,15:30:59,12026,12026,12026,2
2020-07-16,15:30:59,12026,12026,12026,2
2020-07-16,15:30:59,12026,12026,12026,2
2020-07-16,15:30:59,12026,12026,12026,2
2020-07-16,15:30:59,12026,12026,12026,8
2020-07-16,15:30:59,12026,12026,12026,4
2020-07-16,15:30:59,12026,12026,12026,2
2020-07-16,15:30:59,12025,12025,12025,2
2020-07-16,15:30:59,12025,12025,12025,2
2020-07-16,15:30:59,12025,12025,12025,2
2020-07-16,15:30:59,12025,12025,12025,2
2020-07-16,15:30:59,12025,12025,12025,4
2020-07-16,15:30:59,12025,12025,12025,2
2020-07-16,15:30:59,12025,12025,12025,2
2020-07-16,15:30:59,12025,12025,12025,2
2020-07-16,15:30:59,12025,12025,12025,2
2020-07-16,15:30:59,12025,12025,12025,2
2020-07-16,15:30:59,12025,12025,12025,2
2020-07-16,15:31:00,12025,12025,12025,2
2020-07-16,15:31:00,12025,12025,12025,2
2020-07-16,15:31:00,12025,12025,12025,2
2020-07-16,15:31:00,12025,12025,12025,2
2020-07-16,15:31:00,12025,12025,12025,2
2020-07-16,15:31:00,12026,12026,12026,2
2020-07-16,15:31:00,12025,12025,12025,4
2020-07-16,15:31:01,12025,12025,12025,8
2020-07-16,15:31:01,12024,12024,12024,2
2020-07-16,15:31:01,12026,12026,12026,6
2020-07-16,15:31:01,12024,12024,12024,2
2020-07-16,15:31:01,12024,12024,12024,2
2020-07-16,15:31:01,12024,12024,12024,2
2020-07-16,15:31:01,12026,12026,12026,6
2020-07-16,15:31:01,12026,12026,12026,2
2020-07-16,15:31:01,12026,12026,12026,4
2020-07-16,15:31:01,12027,12027,12027,2
2020-07-16,15:31:01,12027,12027,12027,2
2020-07-16,15:31:01,12027,12027,12027,6
2020-07-16,15:31:01,12027,12027,12027,6
2020-07-16,15:31:01,12027,12027,12027,8
2020-07-16,15:31:01,12028,12028,12028,2
2020-07-16,15:31:01,12028,12028,12028,20
2020-07-16,15:31:01,12029,12029,12029,2
2020-07-16,15:31:01,12028,12028,12028,2
2020-07-16,15:31:01,12027,12027,12027,2
2020-07-16,15:31:02,12027,12027,12027,2
2020-07-16,15:31:02,12027,12027,12027,2
2020-07-16,15:31:02,12027,12027,12027,2
2020-07-16,15:31:02,12027,12027,12027,4
