2023-05-29 15:00:00,16576,16576,16576,234,0
2023-05-29 15:00:00,16577,16577,16577,2,2
2023-05-29 15:00:00,16577,16577,16577,18,0
2023-05-29 15:00:00,16578,16578,16578,8,8
2023-05-29 15:00:00,16579,16579,16579,2,2
2023-05-29 15:00:00,16579,16579,16579,4,0
2023-05-29 15:00:00,16577,16577,16577,2,-2
2023-05-29 15:00:00,16577,16577,16577,2,0
2023-05-29 15:00:00,16579,16579,16579,6,6
2023-05-29 15:00:00,16579,16579,16579,2,0
2023-05-29 15:00:00,16579,16579,16579,72,0
2023-05-29 15:00:00,16578,16578,16578,8,-8
2023-05-29 15:00:00,16576,16576,16576,2,-2
2023-05-29 15:00:00,16576,16576,16576,2,0
2023-05-29 15:00:00,16576,16576,16576,2,0
2023-05-29 15:00:00,16576,16576,16576,2,0
2023-05-29 15:00:00,16576,16576,16576,2,0
2023-05-29 15:00:00,16576,16576,16576,2,0
2023-05-29 15:00:00,16576,16576,16576,2,0
2023-05-29 15:00:00,16576,16576,16576,2,0
2023-05-29 15:00:00,16576,16576,16576,2,0
2023-05-29 15:00:00,16576,16576,16576,2,0
2023-05-29 15:00:00,16576,16576,16576,2,0
2023-05-29 15:00:00,16576,16576,16576,2,0
2023-05-29 15:00:00,16576,16576,16576,2,0
2023-05-29 15:00:00,16576,16576,16576,2,0
2023-05-29 15:00:00,16576,16576,16576,2,0
2023-05-29 15:00:00,16576,16576,16576,2,0
2023-05-29 15:00:00,16576,16576,16576,2,0
2023-05-29 15:00:00,16576,16576,16576,4,0
2023-05-29 15:00:00,16578,16578,16578,4,4
2023-05-29 15:00:00,16578,16578,16578,2,0
2023-05-29 15:00:00,16576,16576,16576,2,-2
2023-05-29 15:00:01,16577,16577,16577,2,2
2023-05-29 15:00:01,16578,16578,16578,2,2
2023-05-29 15:00:01,16578,16578,16578,2,0
2023-05-29 15:00:01,16578,16578,16578,2,0
2023-05-29 15:00:01,16579,16579,16579,4,4
2023-05-29 15:00:01,16578,16578,16578,2,-2
2023-05-29 15:00:01,16578,16578,16578,2,0
2023-05-29 15:00:01,16579,16579,16579,6,6
2023-05-29 15:00:01,16578,16578,16578,2,-2
2023-05-29 15:00:02,16579,16579,16579,2,2
2023-05-29 15:00:02,16580,16580,16580,6,6
2023-05-29 15:00:02,16578,16578,16578,6,-6
2023-05-29 15:00:02,16579,16579,16579,2,2
2023-05-29 15:00:02,16579,16579,16579,2,0
2023-05-29 15:00:02,16579,16579,16579,2,0
2023-05-29 15:00:02,16578,16578,16578,2,-2
2023-05-29 15:00:02,16578,16578,16578,2,0
2023-05-29 15:00:02,16577,16577,16577,2,-2
2023-05-29 15:00:03,16577,16577,16577,2,0
2023-05-29 15:00:03,16577,16577,16577,2,0
2023-05-29 15:00:03,16577,16577,16577,2,0
2023-05-29 15:00:03,16579,16579,16579,6,6
2023-05-29 15:00:03,16579,16579,16579,2,0
2023-05-29 15:00:03,16578,16578,16578,6,-6
2023-05-29 15:00:03,16578,16578,16578,4,0
2023-05-29 15:00:04,16578,16578,16578,2,0
2023-05-29 15:00:04,16578,16578,16578,4,0
2023-05-29 15:00:04,16579,16579,16579,2,2
2023-05-29 15:00:04,16578,16578,16578,2,-2
2023-05-29 15:00:05,16578,16578,16578,2,0
2023-05-29 15:00:05,16579,16579,16579,2,2
2023-05-29 15:00:06,16578,16578,16578,2,-2
2023-05-29 15:00:06,16578,16578,16578,2,0
2023-05-29 15:00:06,16578,16578,16578,2,0
2023-05-29 15:00:07,16578,16578,16578,2,0
2023-05-29 15:00:07,16578,16578,16578,2,0
2023-05-29 15:00:07,16578,16578,16578,2,0
2023-05-29 15:00:07,16578,16578,16578,2,0
2023-05-29 15:00:08,16578,16578,16578,2,0
2023-05-29 15:00:08,16578,16578,16578,2,0
2023-05-29 15:00:09,16577,16577,16577,2,-2
2023-05-29 15:00:09,16577,16577,16577,8,0
2023-05-29 15:00:09,16577,16577,16577,2,0
2023-05-29 15:00:09,16577,16577,16577,2,0
2023-05-29 15:00:10,16576,16576,16576,2,-2
2023-05-29 15:00:10,16576,16576,16576,2,0
2023-05-29 15:00:10,16575,16575,16575,2,-2
2023-05-29 15:00:10,16575,16575,16575,2,0
2023-05-29 15:00:10,16575,16575,16575,2,0
2023-05-29 15:00:10,16575,16575,16575,4,0
2023-05-29 15:00:11,16576,16576,16576,2,2
2023-05-29 15:00:11,16576,16576,16576,2,0
2023-05-29 15:00:11,16576,16576,16576,2,0
2023-05-29 15:00:12,16575,16575,16575,2,-2
2023-05-29 15:00:14,16575,16575,16575,6,0
2023-05-29 15:00:14,16575,16575,16575,4,0
2023-05-29 15:00:14,16575,16575,16575,4,0
2023-05-29 15:00:14,16574,16574,16574,2,-2
2023-05-29 15:00:14,16574,16574,16574,4,0
2023-05-29 15:00:15,16576,16576,16576,4,4
2023-05-29 15:00:16,16573,16573,16573,4,-4
2023-05-29 15:00:17,16573,16573,16573,2,0
2023-05-29 15:00:17,16574,16574,16574,2,2
2023-05-29 15:00:20,16575,16575,16575,18,18
2023-05-29 15:00:20,16575,16575,16575,16,0
2023-05-29 15:00:20,16574,16574,16574,4,-4
2023-05-29 15:00:20,16574,16574,16574,4,0
2023-05-29 15:00:20,16574,16574,16574,2,0
2023-05-29 15:00:20,16575,16575,16575,4,4
2023-05-29 15:00:21,16575,16575,16575,2,0
2023-05-29 15:00:22,16575,16575,16575,2,0
2023-05-29 15:00:25,16575,16575,16575,2,0
2023-05-29 15:00:25,16575,16575,16575,4,0
2023-05-29 15:00:25,16575,16575,16575,2,0
2023-05-29 15:00:26,16574,16574,16574,2,-2
2023-05-29 15:00:26,16574,16574,16574,2,0
2023-05-29 15:00:28,16575,16575,16575,2,2
2023-05-29 15:00:28,16575,16575,16575,2,0
2023-05-29 15:00:28,16575,16575,16575,2,0
2023-05-29 15:00:29,16575,16575,16575,2,0
2023-05-29 15:00:30,16575,16575,16575,2,0
2023-05-29 15:00:31,16576,16576,16576,4,4
2023-05-29 15:00:31,16576,16576,16576,2,0
2023-05-29 15:00:32,16576,16576,16576,6,0
2023-05-29 15:00:36,16576,16576,16576,2,0
2023-05-29 15:00:40,16576,16576,16576,18,0
2023-05-29 15:00:40,16576,16576,16576,2,0
2023-05-29 15:00:40,16575,16575,16575,2,-2
2023-05-29 15:00:40,16575,16575,16575,4,0
2023-05-29 15:00:40,16575,16575,16575,2,0
2023-05-29 15:00:40,16575,16575,16575,10,0
2023-05-29 15:00:40,16575,16575,16575,2,0
2023-05-29 15:00:40,16575,16575,16575,2,0
2023-05-29 15:00:40,16575,16575,16575,2,0
2023-05-29 15:00:41,16575,16575,16575,2,0
2023-05-29 15:00:41,16575,16575,16575,2,0
2023-05-29 15:00:41,16574,16574,16574,4,-4
2023-05-29 15:00:42,16574,16574,16574,2,0
2023-05-29 15:00:42,16574,16574,16574,2,0
2023-05-29 15:00:42,16575,16575,16575,2,2
2023-05-29 15:00:46,16575,16575,16575,2,0
2023-05-29 15:00:46,16575,16575,16575,2,0
2023-05-29 15:00:46,16574,16574,16574,2,-2
2023-05-29 15:00:47,16575,16575,16575,2,2
2023-05-29 15:00:47,16575,16575,16575,2,0
2023-05-29 15:00:47,16574,16574,16574,2,-2
2023-05-29 15:00:47,16574,16574,16574,4,0
2023-05-29 15:00:47,16574,16574,16574,4,0
2023-05-29 15:00:47,16574,16574,16574,20,0
2023-05-29 15:00:47,16574,16574,16574,2,0
2023-05-29 15:00:47,16574,16574,16574,8,0
2023-05-29 15:00:50,16575,16575,16575,6,6
2023-05-29 15:00:50,16576,16576,16576,34,34
2023-05-29 15:00:50,16577,16577,16577,26,26
2023-05-29 15:00:51,16578,16578,16578,24,24
2023-05-29 15:00:51,16578,16578,16578,8,0
2023-05-29 15:00:51,16579,16579,16579,8,8
2023-05-29 15:00:52,16579,16579,16579,2,0
2023-05-29 15:00:53,16578,16578,16578,4,-4
2023-05-29 15:00:58,16578,16578,16578,2,0
2023-05-29 15:00:59,16577,16577,16577,2,-2
2023-05-29 15:00:59,16577,16577,16577,2,0
2023-05-29 15:00:59,16577,16577,16577,4,0
2023-05-29 15:00:59,16577,16577,16577,2,0
2023-05-29 15:01:00,16578,16578,16578,14,14
2023-05-29 15:01:00,16577,16577,16577,4,-4
2023-05-29 15:01:00,16577,16577,16577,2,0
2023-05-29 15:01:01,16577,16577,16577,2,0
2023-05-29 15:01:03,16577,16577,16577,2,0
2023-05-29 15:01:04,16577,16577,16577,2,0
2023-05-29 15:01:06,16577,16577,16577,2,0
2023-05-29 15:01:07,16578,16578,16578,4,4
2023-05-29 15:01:07,16577,16577,16577,2,-2
2023-05-29 15:01:08,16577,16577,16577,2,0
2023-05-29 15:01:08,16578,16578,16578,22,22
2023-05-29 15:01:09,16577,16577,16577,2,-2
2023-05-29 15:01:09,16577,16577,16577,2,0
2023-05-29 15:01:10,16579,16579,16579,22,22
2023-05-29 15:01:11,16579,16579,16579,2,0
2023-05-29 15:01:12,16580,16580,16580,92,92
2023-05-29 15:01:12,16581,16581,16581,16,16
2023-05-29 15:01:12,16581,16581,16581,2,0
2023-05-29 15:01:13,16582,16582,16582,4,4
2023-05-29 15:01:13,16582,16582,16582,4,0
2023-05-29 15:01:14,16582,16582,16582,2,0
2023-05-29 15:01:15,16581,16581,16581,10,-10
2023-05-29 15:01:15,16581,16581,16581,10,0
2023-05-29 15:01:15,16581,16581,16581,6,0
2023-05-29 15:01:15,16581,16581,16581,6,0
2023-05-29 15:01:15,16581,16581,16581,2,0
2023-05-29 15:01:15,16581,16581,16581,2,0
2023-05-29 15:01:15,16581,16581,16581,2,0
2023-05-29 15:01:15,16581,16581,16581,2,0
2023-05-29 15:01:15,16580,16580,16580,4,-4
2023-05-29 15:01:16,16581,16581,16581,2,2
2023-05-29 15:01:16,16581,16581,16581,2,0
2023-05-29 15:01:17,16581,16581,16581,22,0
2023-05-29 15:01:17,16581,16581,16581,4,0
2023-05-29 15:01:17,16582,16582,16582,2,2
2023-05-29 15:01:17,16582,16582,16582,2,0
2023-05-29 15:01:18,16581,16581,16581,2,-2
2023-05-29 15:01:18,16581,16581,16581,2,0
2023-05-29 15:01:19,16581,16581,16581,8,0
2023-05-29 15:01:19,16581,16581,16581,2,0
2023-05-29 15:01:20,16581,16581,16581,8,0
2023-05-29 15:01:20,16581,16581,16581,2,0
2023-05-29 15:01:22,16581,16581,16581,2,0
2023-05-29 15:01:22,16580,16580,16580,2,-2
2023-05-29 15:01:24,16580,16580,16580,2,0
2023-05-29 15:01:25,16580,16580,16580,60,0
2023-05-29 15:01:25,16580,16580,16580,2,0
2023-05-29 15:01:25,16580,16580,16580,2,0
2023-05-29 15:01:25,16580,16580,16580,8,0
2023-05-29 15:01:25,16580,16580,16580,6,0
2023-05-29 15:01:25,16580,16580,16580,6,0
2023-05-29 15:01:26,16581,16581,16581,2,2
2023-05-29 15:01:26,16579,16579,16579,2,-2
2023-05-29 15:01:27,16579,16579,16579,2,0
2023-05-29 15:01:27,16580,16580,16580,14,14
2023-05-29 15:01:27,16581,16581,16581,8,8
2023-05-29 15:01:29,16578,16578,16578,2,-2
2023-05-29 15:01:29,16580,16580,16580,2,2
2023-05-29 15:01:33,16578,16578,16578,2,-2
2023-05-29 15:01:36,16579,16579,16579,6,6
2023-05-29 15:01:36,16579,16579,16579,16,0
2023-05-29 15:01:36,16578,16578,16578,2,-2
2023-05-29 15:01:36,16578,16578,16578,2,0
2023-05-29 15:01:36,16578,16578,16578,2,0
2023-05-29 15:01:36,16578,16578,16578,2,0
2023-05-29 15:01:36,16578,16578,16578,4,0
2023-05-29 15:01:37,16578,16578,16578,22,0
2023-05-29 15:01:38,16579,16579,16579,2,2
2023-05-29 15:01:39,16579,16579,16579,10,0
2023-05-29 15:01:39,16579,16579,16579,6,0
2023-05-29 15:01:39,16579,16579,16579,6,0
2023-05-29 15:01:40,16579,16579,16579,12,0
2023-05-29 15:01:40,16579,16579,16579,10,0
2023-05-29 15:01:43,16579,16579,16579,18,0
2023-05-29 15:01:43,16579,16579,16579,4,0
2023-05-29 15:01:44,16580,16580,16580,22,22
2023-05-29 15:01:46,16580,16580,16580,10,0
2023-05-29 15:01:46,16580,16580,16580,12,0
2023-05-29 15:01:47,16579,16579,16579,4,-4
2023-05-29 15:01:47,16579,16579,16579,4,0
2023-05-29 15:01:48,16579,16579,16579,2,0
2023-05-29 15:01:48,16578,16578,16578,6,-6
2023-05-29 15:01:50,16580,16580,16580,4,4
2023-05-29 15:01:50,16578,16578,16578,2,-2
2023-05-29 15:01:50,16578,16578,16578,2,0
2023-05-29 15:01:52,16578,16578,16578,2,0
2023-05-29 15:01:53,16578,16578,16578,2,0
2023-05-29 15:01:53,16578,16578,16578,20,0
2023-05-29 15:01:53,16577,16577,16577,2,-2
2023-05-29 15:01:54,16578,16578,16578,2,2
2023-05-29 15:02:00,16577,16577,16577,2,-2
2023-05-29 15:02:03,16576,16576,16576,4,-4
2023-05-29 15:02:03,16576,16576,16576,2,0
2023-05-29 15:02:07,16576,16576,16576,2,0
2023-05-29 15:02:07,16576,16576,16576,2,0
2023-05-29 15:02:07,16577,16577,16577,4,4
2023-05-29 15:02:07,16578,16578,16578,2,2
2023-05-29 15:02:07,16578,16578,16578,6,0
2023-05-29 15:02:16,16578,16578,16578,2,0
2023-05-29 15:02:17,16578,16578,16578,4,0
2023-05-29 15:02:21,16578,16578,16578,2,0
2023-05-29 15:02:24,16578,16578,16578,2,0
2023-05-29 15:02:27,16577,16577,16577,4,-4
2023-05-29 15:02:27,16577,16577,16577,2,0
2023-05-29 15:02:27,16577,16577,16577,6,0
2023-05-29 15:02:27,16578,16578,16578,2,2
2023-05-29 15:02:27,16578,16578,16578,2,0
2023-05-29 15:02:30,16577,16577,16577,4,-4
2023-05-29 15:02:30,16578,16578,16578,2,2
2023-05-29 15:02:33,16578,16578,16578,2,0
2023-05-29 15:02:40,16578,16578,16578,2,0
2023-05-29 15:02:43,16578,16578,16578,20,0
2023-05-29 15:02:47,16578,16578,16578,2,0
2023-05-29 15:02:50,16579,16579,16579,2,2
2023-05-29 15:02:50,16579,16579,16579,2,0
2023-05-29 15:02:57,16579,16579,16579,2,0
2023-05-29 15:03:01,16579,16579,16579,2,0
2023-05-29 15:03:01,16579,16579,16579,2,0
2023-05-29 15:03:04,16579,16579,16579,2,0
2023-05-29 15:03:09,16580,16580,16580,2,2
2023-05-29 15:03:09,16580,16580,16580,6,0
2023-05-29 15:03:13,16580,16580,16580,2,0
2023-05-29 15:03:16,16580,16580,16580,2,0
2023-05-29 15:03:20,16581,16581,16581,4,4
2023-05-29 15:03:21,16581,16581,16581,2,0
2023-05-29 15:03:26,16581,16581,16581,4,0
2023-05-29 15:03:26,16581,16581,16581,2,0
2023-05-29 15:03:29,16581,16581,16581,4,0
2023-05-29 15:03:40,16581,16581,16581,2,0
2023-05-29 15:03:40,16581,16581,16581,2,0
2023-05-29 15:03:40,16581,16581,16581,12,0
2023-05-29 15:03:40,16582,16582,16582,6,6
2023-05-29 15:03:40,16581,16581,16581,2,-2
2023-05-29 15:03:40,16582,16582,16582,2,2
2023-05-29 15:03:41,16581,16581,16581,2,-2
2023-05-29 15:03:41,16581,16581,16581,2,0
2023-05-29 15:03:41,16581,16581,16581,2,0
2023-05-29 15:03:41,16581,16581,16581,2,0
2023-05-29 15:03:41,16581,16581,16581,2,0
2023-05-29 15:03:41,16581,16581,16581,6,0
2023-05-29 15:03:41,16581,16581,16581,6,0
2023-05-29 15:03:41,16581,16581,16581,2,0
2023-05-29 15:03:41,16581,16581,16581,2,0
2023-05-29 15:03:41,16582,16582,16582,6,6
2023-05-29 15:03:42,16582,16582,16582,10,0
2023-05-29 15:03:45,16581,16581,16581,2,-2
2023-05-29 15:03:47,16581,16581,16581,2,0
2023-05-29 15:03:47,16581,16581,16581,2,0
2023-05-29 15:03:47,16581,16581,16581,2,0
2023-05-29 15:03:47,16582,16582,16582,2,2
2023-05-29 15:03:48,16580,16580,16580,2,-2
2023-05-29 15:03:48,16580,16580,16580,12,0
2023-05-29 15:03:48,16580,16580,16580,2,0
2023-05-29 15:03:48,16580,16580,16580,2,0
2023-05-29 15:03:49,16581,16581,16581,2,2
2023-05-29 15:03:52,16579,16579,16579,4,-4
2023-05-29 15:03:53,16579,16579,16579,2,0
2023-05-29 15:03:57,16578,16578,16578,2,-2
2023-05-29 15:03:57,16578,16578,16578,2,0
2023-05-29 15:03:58,16577,16577,16577,2,-2
2023-05-29 15:03:59,16577,16577,16577,2,0
2023-05-29 15:04:02,16577,16577,16577,2,0
2023-05-29 15:04:02,16577,16577,16577,2,0
2023-05-29 15:04:04,16577,16577,16577,2,0
2023-05-29 15:04:04,16577,16577,16577,2,0
2023-05-29 15:04:05,16578,16578,16578,2,2
2023-05-29 15:04:06,16577,16577,16577,2,-2
2023-05-29 15:04:20,16576,16576,16576,2,-2
2023-05-29 15:04:20,16576,16576,16576,2,0
2023-05-29 15:04:23,16576,16576,16576,2,0
2023-05-29 15:04:23,16576,16576,16576,2,0
2023-05-29 15:04:24,16575,16575,16575,2,-2
2023-05-29 15:04:26,16575,16575,16575,2,0
2023-05-29 15:04:27,16575,16575,16575,2,0
2023-05-29 15:04:27,16575,16575,16575,2,0
2023-05-29 15:04:34,16575,16575,16575,8,0
2023-05-29 15:04:40,16575,16575,16575,8,0
2023-05-29 15:04:44,16575,16575,16575,2,0
2023-05-29 15:04:47,16575,16575,16575,2,0
2023-05-29 15:04:49,16575,16575,16575,2,0
2023-05-29 15:04:57,16575,16575,16575,2,0
2023-05-29 15:05:03,16574,16574,16574,2,-2
2023-05-29 15:05:06,16575,16575,16575,4,4
2023-05-29 15:05:06,16576,16576,16576,4,4
2023-05-29 15:05:13,16575,16575,16575,2,-2
2023-05-29 15:05:13,16575,16575,16575,2,0
2023-05-29 15:05:14,16575,16575,16575,2,0
2023-05-29 15:05:14,16575,16575,16575,2,0
2023-05-29 15:05:14,16575,16575,16575,2,0
2023-05-29 15:05:14,16575,16575,16575,2,0
2023-05-29 15:05:15,16576,16576,16576,2,2
2023-05-29 15:05:18,16574,16574,16574,2,-2
2023-05-29 15:05:23,16574,16574,16574,2,0
2023-05-29 15:05:23,16574,16574,16574,2,0
2023-05-29 15:05:23,16574,16574,16574,2,0
2023-05-29 15:05:23,16574,16574,16574,2,0
2023-05-29 15:05:23,16574,16574,16574,12,0
2023-05-29 15:05:23,16574,16574,16574,2,0
2023-05-29 15:05:23,16573,16573,16573,2,-2
2023-05-29 15:05:23,16573,16573,16573,20,0
2023-05-29 15:05:23,16574,16574,16574,8,8
2023-05-29 15:05:30,16573,16573,16573,2,-2
2023-05-29 15:05:34,16573,16573,16573,2,0
2023-05-29 15:05:38,16572,16572,16572,2,-2
2023-05-29 15:05:49,16572,16572,16572,2,0
2023-05-29 15:05:51,16573,16573,16573,20,20
2023-05-29 15:05:53,16572,16572,16572,4,-4
2023-05-29 15:05:58,16573,16573,16573,2,2
2023-05-29 15:05:58,16572,16572,16572,4,-4
2023-05-29 15:05:59,16572,16572,16572,8,0
2023-05-29 15:05:59,16572,16572,16572,2,0
2023-05-29 15:05:59,16572,16572,16572,2,0
2023-05-29 15:05:59,16572,16572,16572,4,0
2023-05-29 15:05:59,16572,16572,16572,2,0
2023-05-29 15:05:59,16572,16572,16572,2,0
2023-05-29 15:06:05,16572,16572,16572,2,0
2023-05-29 15:06:05,16572,16572,16572,2,0
2023-05-29 15:06:05,16572,16572,16572,4,0
2023-05-29 15:06:05,16572,16572,16572,4,0
2023-05-29 15:06:05,16572,16572,16572,2,0
2023-05-29 15:06:07,16571,16571,16571,2,-2
2023-05-29 15:06:07,16571,16571,16571,2,0
2023-05-29 15:06:07,16571,16571,16571,2,0
2023-05-29 15:06:07,16571,16571,16571,10,0
2023-05-29 15:06:07,16571,16571,16571,2,0
2023-05-29 15:06:07,16571,16571,16571,2,0
2023-05-29 15:06:07,16571,16571,16571,2,0
2023-05-29 15:06:07,16571,16571,16571,2,0
2023-05-29 15:06:08,16571,16571,16571,4,0
2023-05-29 15:06:10,16570,16570,16570,2,-2
2023-05-29 15:06:10,16570,16570,16570,2,0
2023-05-29 15:06:10,16570,16570,16570,2,0
2023-05-29 15:06:10,16570,16570,16570,2,0
2023-05-29 15:06:10,16570,16570,16570,2,0
2023-05-29 15:06:12,16570,16570,16570,2,0
2023-05-29 15:06:12,16570,16570,16570,2,0
2023-05-29 15:06:12,16570,16570,16570,2,0
2023-05-29 15:06:12,16570,16570,16570,2,0
2023-05-29 15:06:12,16570,16570,16570,2,0
2023-05-29 15:06:12,16570,16570,16570,2,0
2023-05-29 15:06:12,16570,16570,16570,2,0
2023-05-29 15:06:14,16569,16569,16569,4,-4
2023-05-29 15:06:14,16570,16570,16570,2,2
2023-05-29 15:06:15,16570,16570,16570,6,0
2023-05-29 15:06:16,16569,16569,16569,4,-4
2023-05-29 15:06:16,16569,16569,16569,12,0
2023-05-29 15:06:19,16569,16569,16569,2,0
2023-05-29 15:06:20,16568,16568,16568,2,-2
2023-05-29 15:06:22,16568,16568,16568,2,0
2023-05-29 15:06:23,16568,16568,16568,2,0
2023-05-29 15:06:23,16568,16568,16568,6,0
2023-05-29 15:06:23,16568,16568,16568,10,0
2023-05-29 15:06:23,16568,16568,16568,2,0
2023-05-29 15:06:24,16568,16568,16568,2,0
2023-05-29 15:06:27,16568,16568,16568,2,0
2023-05-29 15:06:31,16567,16567,16567,2,-2
2023-05-29 15:06:31,16567,16567,16567,2,0
2023-05-29 15:06:32,16567,16567,16567,4,0
2023-05-29 15:06:32,16567,16567,16567,4,0
2023-05-29 15:06:32,16567,16567,16567,2,0
2023-05-29 15:06:32,16567,16567,16567,2,0
2023-05-29 15:06:32,16567,16567,16567,2,0
2023-05-29 15:06:33,16567,16567,16567,2,0
2023-05-29 15:06:33,16567,16567,16567,2,0
2023-05-29 15:06:33,16567,16567,16567,2,0
2023-05-29 15:06:33,16567,16567,16567,2,0
2023-05-29 15:06:34,16567,16567,16567,2,0
2023-05-29 15:06:34,16567,16567,16567,2,0
2023-05-29 15:06:34,16567,16567,16567,4,0
2023-05-29 15:06:35,16568,16568,16568,14,14
2023-05-29 15:06:36,16568,16568,16568,2,0
2023-05-29 15:06:36,16568,16568,16568,2,0
2023-05-29 15:06:36,16568,16568,16568,2,0
2023-05-29 15:06:37,16568,16568,16568,2,0
2023-05-29 15:06:39,16568,16568,16568,2,0
2023-05-29 15:06:39,16568,16568,16568,2,0
2023-05-29 15:06:39,16568,16568,16568,4,0
2023-05-29 15:06:39,16568,16568,16568,4,0
2023-05-29 15:06:40,16568,16568,16568,2,0
2023-05-29 15:06:40,16568,16568,16568,2,0
2023-05-29 15:06:40,16568,16568,16568,2,0
2023-05-29 15:06:40,16568,16568,16568,2,0
2023-05-29 15:06:43,16567,16567,16567,2,-2
2023-05-29 15:06:43,16567,16567,16567,4,0
2023-05-29 15:06:43,16567,16567,16567,4,0
2023-05-29 15:06:44,16567,16567,16567,2,0
2023-05-29 15:06:45,16567,16567,16567,2,0
2023-05-29 15:06:45,16566,16566,16566,2,-2
2023-05-29 15:06:45,16566,16566,16566,2,0
2023-05-29 15:06:45,16566,16566,16566,2,0
2023-05-29 15:06:45,16566,16566,16566,2,0
2023-05-29 15:06:45,16566,16566,16566,2,0
2023-05-29 15:06:46,16567,16567,16567,12,12
2023-05-29 15:06:47,16567,16567,16567,2,0
2023-05-29 15:06:48,16567,16567,16567,2,0
2023-05-29 15:06:48,16567,16567,16567,2,0
2023-05-29 15:06:53,16566,16566,16566,2,-2
2023-05-29 15:06:54,16566,16566,16566,2,0
2023-05-29 15:06:54,16566,16566,16566,4,0
2023-05-29 15:06:54,16566,16566,16566,2,0
2023-05-29 15:06:54,16566,16566,16566,2,0
2023-05-29 15:06:54,16566,16566,16566,2,0
2023-05-29 15:06:54,16566,16566,16566,2,0
2023-05-29 15:06:54,16566,16566,16566,2,0
2023-05-29 15:07:01,16566,16566,16566,2,0
2023-05-29 15:07:02,16566,16566,16566,2,0
2023-05-29 15:07:03,16566,16566,16566,2,0
2023-05-29 15:07:03,16566,16566,16566,2,0
2023-05-29 15:07:03,16566,16566,16566,6,0
2023-05-29 15:07:04,16566,16566,16566,4,0
2023-05-29 15:07:04,16566,16566,16566,2,0
2023-05-29 15:07:05,16566,16566,16566,2,0
2023-05-29 15:07:05,16567,16567,16567,10,10
2023-05-29 15:07:10,16568,16568,16568,2,2
2023-05-29 15:07:10,16568,16568,16568,2,0
2023-05-29 15:07:10,16568,16568,16568,4,0
2023-05-29 15:07:10,16568,16568,16568,2,0
2023-05-29 15:07:15,16569,16569,16569,2,2
2023-05-29 15:07:22,16569,16569,16569,2,0
2023-05-29 15:07:22,16569,16569,16569,2,0
2023-05-29 15:07:22,16569,16569,16569,2,0
2023-05-29 15:07:24,16569,16569,16569,2,0
2023-05-29 15:07:24,16570,16570,16570,4,4
2023-05-29 15:07:24,16570,16570,16570,2,0
2023-05-29 15:07:28,16570,16570,16570,2,0
2023-05-29 15:07:29,16569,16569,16569,2,-2
2023-05-29 15:07:29,16569,16569,16569,2,0
2023-05-29 15:07:29,16568,16568,16568,4,-4
2023-05-29 15:07:29,16568,16568,16568,2,0
2023-05-29 15:07:31,16570,16570,16570,2,2
2023-05-29 15:07:31,16570,16570,16570,10,0
2023-05-29 15:07:34,16569,16569,16569,2,-2
2023-05-29 15:07:37,16570,16570,16570,8,8
2023-05-29 15:07:37,16570,16570,16570,2,0
2023-05-29 15:07:37,16572,16572,16572,4,4
2023-05-29 15:07:37,16572,16572,16572,4,0
2023-05-29 15:07:37,16570,16570,16570,2,-2
2023-05-29 15:07:38,16570,16570,16570,2,0
2023-05-29 15:07:40,16570,16570,16570,2,0
2023-05-29 15:07:41,16570,16570,16570,2,0
2023-05-29 15:07:56,16571,16571,16571,10,10
2023-05-29 15:07:56,16571,16571,16571,2,0
2023-05-29 15:07:57,16571,16571,16571,4,0
2023-05-29 15:07:57,16571,16571,16571,4,0
2023-05-29 15:08:08,16571,16571,16571,2,0
2023-05-29 15:08:08,16571,16571,16571,2,0
2023-05-29 15:08:21,16571,16571,16571,2,0
2023-05-29 15:08:26,16572,16572,16572,6,6
2023-05-29 15:08:29,16571,16571,16571,2,-2
2023-05-29 15:08:30,16571,16571,16571,12,0
2023-05-29 15:08:30,16571,16571,16571,6,0
2023-05-29 15:08:30,16571,16571,16571,2,0
2023-05-29 15:08:30,16571,16571,16571,2,0
2023-05-29 15:08:30,16571,16571,16571,2,0
2023-05-29 15:08:31,16570,16570,16570,2,-2
2023-05-29 15:08:31,16570,16570,16570,2,0
2023-05-29 15:08:31,16570,16570,16570,2,0
2023-05-29 15:08:31,16570,16570,16570,2,0
2023-05-29 15:08:31,16570,16570,16570,14,0
2023-05-29 15:08:31,16570,16570,16570,4,0
2023-05-29 15:08:31,16570,16570,16570,2,0
2023-05-29 15:08:31,16570,16570,16570,2,0
2023-05-29 15:08:31,16570,16570,16570,4,0
2023-05-29 15:08:31,16570,16570,16570,2,0
2023-05-29 15:08:31,16570,16570,16570,2,0
2023-05-29 15:08:31,16570,16570,16570,2,0
2023-05-29 15:08:31,16570,16570,16570,2,0
2023-05-29 15:08:31,16570,16570,16570,6,0
2023-05-29 15:08:31,16570,16570,16570,6,0
2023-05-29 15:08:31,16570,16570,16570,2,0
2023-05-29 15:08:32,16569,16569,16569,2,-2
2023-05-29 15:08:32,16569,16569,16569,2,0
2023-05-29 15:08:34,16569,16569,16569,4,0
2023-05-29 15:08:34,16569,16569,16569,2,0
2023-05-29 15:08:42,16569,16569,16569,2,0
2023-05-29 15:08:57,16569,16569,16569,4,0
2023-05-29 15:08:57,16569,16569,16569,2,0
2023-05-29 15:08:57,16569,16569,16569,2,0
2023-05-29 15:09:02,16569,16569,16569,2,0
2023-05-29 15:09:06,16569,16569,16569,12,0
2023-05-29 15:09:08,16569,16569,16569,2,0
2023-05-29 15:09:17,16569,16569,16569,2,0
2023-05-29 15:09:21,16569,16569,16569,2,0
2023-05-29 15:09:21,16570,16570,16570,6,6
2023-05-29 15:09:23,16570,16570,16570,10,0
2023-05-29 15:09:25,16570,16570,16570,4,0
2023-05-29 15:09:28,16570,16570,16570,2,0
2023-05-29 15:09:30,16570,16570,16570,2,0
2023-05-29 15:09:37,16570,16570,16570,2,0
2023-05-29 15:09:37,16570,16570,16570,2,0
2023-05-29 15:09:37,16570,16570,16570,2,0
2023-05-29 15:09:37,16570,16570,16570,2,0
2023-05-29 15:09:47,16569,16569,16569,2,-2
2023-05-29 15:09:47,16569,16569,16569,2,0
2023-05-29 15:09:47,16569,16569,16569,2,0
2023-05-29 15:09:47,16569,16569,16569,2,0
2023-05-29 15:09:47,16569,16569,16569,2,0
2023-05-29 15:09:52,16568,16568,16568,2,-2
2023-05-29 15:09:58,16568,16568,16568,2,0
2023-05-29 15:09:58,16568,16568,16568,4,0
2023-05-29 15:10:00,16568,16568,16568,2,0
2023-05-29 15:10:00,16568,16568,16568,2,0
2023-05-29 15:10:03,16568,16568,16568,2,0
2023-05-29 15:10:03,16568,16568,16568,2,0
2023-05-29 15:10:03,16568,16568,16568,2,0
2023-05-29 15:10:05,16567,16567,16567,2,-2
2023-05-29 15:10:06,16568,16568,16568,2,2
2023-05-29 15:10:09,16567,16567,16567,2,-2
2023-05-29 15:10:11,16567,16567,16567,2,0
2023-05-29 15:10:11,16567,16567,16567,2,0
2023-05-29 15:10:11,16567,16567,16567,2,0
2023-05-29 15:10:12,16567,16567,16567,2,0
2023-05-29 15:10:12,16567,16567,16567,6,0
2023-05-29 15:10:12,16567,16567,16567,2,0
2023-05-29 15:10:13,16567,16567,16567,2,0
2023-05-29 15:10:16,16567,16567,16567,2,0
2023-05-29 15:10:16,16567,16567,16567,2,0
2023-05-29 15:10:18,16568,16568,16568,8,8
2023-05-29 15:10:18,16568,16568,16568,2,0
2023-05-29 15:10:19,16568,16568,16568,2,0
2023-05-29 15:10:21,16569,16569,16569,2,2
2023-05-29 15:10:22,16569,16569,16569,2,0
2023-05-29 15:10:26,16569,16569,16569,2,0
2023-05-29 15:10:26,16569,16569,16569,2,0
2023-05-29 15:10:26,16569,16569,16569,4,0
2023-05-29 15:10:26,16569,16569,16569,14,0
2023-05-29 15:10:28,16570,16570,16570,6,6
2023-05-29 15:10:28,16570,16570,16570,18,0
2023-05-29 15:10:29,16571,16571,16571,2,2
2023-05-29 15:10:30,16570,16570,16570,2,-2
2023-05-29 15:10:30,16570,16570,16570,4,0
2023-05-29 15:10:36,16570,16570,16570,2,0
2023-05-29 15:10:48,16570,16570,16570,2,0
2023-05-29 15:10:49,16570,16570,16570,2,0
2023-05-29 15:10:50,16570,16570,16570,2,0
2023-05-29 15:10:51,16570,16570,16570,2,0
2023-05-29 15:10:51,16570,16570,16570,2,0
2023-05-29 15:10:54,16570,16570,16570,2,0
2023-05-29 15:10:56,16569,16569,16569,2,-2
2023-05-29 15:11:02,16569,16569,16569,2,0
2023-05-29 15:11:04,16569,16569,16569,4,0
2023-05-29 15:11:04,16569,16569,16569,2,0
2023-05-29 15:11:07,16570,16570,16570,2,2
2023-05-29 15:11:15,16570,16570,16570,6,0
2023-05-29 15:11:45,16571,16571,16571,10,10
2023-05-29 15:11:50,16571,16571,16571,2,0
2023-05-29 15:11:55,16570,16570,16570,2,-2
2023-05-29 15:11:57,16571,16571,16571,4,4
2023-05-29 15:11:58,16571,16571,16571,2,0
2023-05-29 15:11:59,16571,16571,16571,2,0
2023-05-29 15:12:01,16571,16571,16571,2,0
2023-05-29 15:12:03,16571,16571,16571,2,0
2023-05-29 15:12:08,16572,16572,16572,46,46
2023-05-29 15:12:11,16572,16572,16572,2,0
2023-05-29 15:12:13,16572,16572,16572,2,0
2023-05-29 15:12:17,16572,16572,16572,2,0
2023-05-29 15:12:26,16573,16573,16573,2,2
2023-05-29 15:12:26,16573,16573,16573,12,0
2023-05-29 15:12:27,16574,16574,16574,12,12
2023-05-29 15:12:27,16574,16574,16574,8,0
2023-05-29 15:12:27,16574,16574,16574,2,0
2023-05-29 15:12:27,16575,16575,16575,4,4
2023-05-29 15:12:27,16574,16574,16574,2,-2
2023-05-29 15:12:33,16574,16574,16574,2,0
2023-05-29 15:12:37,16575,16575,16575,8,8
2023-05-29 15:12:38,16574,16574,16574,2,-2
2023-05-29 15:12:38,16574,16574,16574,2,0
2023-05-29 15:12:38,16575,16575,16575,2,2
2023-05-29 15:12:38,16573,16573,16573,2,-2
2023-05-29 15:12:40,16574,16574,16574,2,2
2023-05-29 15:12:40,16574,16574,16574,2,0
2023-05-29 15:12:51,16573,16573,16573,4,-4
2023-05-29 15:12:51,16573,16573,16573,2,0
2023-05-29 15:12:58,16572,16572,16572,2,-2
2023-05-29 15:12:59,16572,16572,16572,2,0
2023-05-29 15:13:01,16573,16573,16573,2,2
2023-05-29 15:13:02,16573,16573,16573,2,0
2023-05-29 15:13:26,16573,16573,16573,2,0
2023-05-29 15:13:32,16573,16573,16573,2,0
2023-05-29 15:13:34,16573,16573,16573,2,0
2023-05-29 15:13:35,16573,16573,16573,2,0
2023-05-29 15:13:43,16573,16573,16573,2,0
2023-05-29 15:13:52,16572,16572,16572,4,-4
2023-05-29 15:13:52,16572,16572,16572,2,0
2023-05-29 15:13:53,16573,16573,16573,26,26
2023-05-29 15:14:09,16574,16574,16574,4,4
2023-05-29 15:14:10,16574,16574,16574,4,0
2023-05-29 15:14:21,16575,16575,16575,2,2
2023-05-29 15:14:29,16575,16575,16575,2,0
2023-05-29 15:14:32,16574,16574,16574,4,-4
2023-05-29 15:14:44,16573,16573,16573,4,-4
2023-05-29 15:14:50,16573,16573,16573,4,0
2023-05-29 15:15:02,16573,16573,16573,2,0
2023-05-29 15:15:02,16573,16573,16573,4,0
2023-05-29 15:15:02,16573,16573,16573,2,0
2023-05-29 15:15:02,16574,16574,16574,2,2
2023-05-29 15:15:02,16574,16574,16574,8,0
2023-05-29 15:15:02,16573,16573,16573,2,-2
2023-05-29 15:15:03,16575,16575,16575,6,6
2023-05-29 15:15:03,16575,16575,16575,6,0
2023-05-29 15:15:03,16575,16575,16575,2,0
2023-05-29 15:15:06,16575,16575,16575,2,0
2023-05-29 15:15:11,16575,16575,16575,2,0
2023-05-29 15:15:18,16575,16575,16575,8,0
2023-05-29 15:15:20,16575,16575,16575,2,0
2023-05-29 15:15:20,16576,16576,16576,2,2
2023-05-29 15:15:28,16576,16576,16576,2,0
2023-05-29 15:15:28,16576,16576,16576,4,0
2023-05-29 15:15:38,16576,16576,16576,2,0
2023-05-29 15:15:38,16577,16577,16577,2,2
2023-05-29 15:15:42,16576,16576,16576,2,-2
2023-05-29 15:15:57,16577,16577,16577,26,26
2023-05-29 15:15:57,16577,16577,16577,2,0
2023-05-29 15:16:01,16577,16577,16577,8,0
2023-05-29 15:16:01,16578,16578,16578,2,2
2023-05-29 15:16:01,16578,16578,16578,4,0
2023-05-29 15:16:01,16578,16578,16578,2,0
2023-05-29 15:16:01,16578,16578,16578,2,0
2023-05-29 15:16:01,16577,16577,16577,2,-2
2023-05-29 15:16:07,16578,16578,16578,8,8
2023-05-29 15:16:07,16578,16578,16578,2,0
2023-05-29 15:16:07,16578,16578,16578,2,0
2023-05-29 15:16:07,16578,16578,16578,2,0
2023-05-29 15:16:07,16577,16577,16577,2,-2
2023-05-29 15:16:09,16578,16578,16578,2,2
2023-05-29 15:16:09,16578,16578,16578,2,0
2023-05-29 15:16:10,16577,16577,16577,2,-2
2023-05-29 15:16:12,16578,16578,16578,2,2
2023-05-29 15:16:14,16578,16578,16578,10,0
2023-05-29 15:16:18,16578,16578,16578,2,0
2023-05-29 15:16:18,16579,16579,16579,2,2
2023-05-29 15:16:21,16579,16579,16579,28,0
2023-05-29 15:16:24,16579,16579,16579,2,0
2023-05-29 15:16:24,16579,16579,16579,2,0
2023-05-29 15:16:24,16579,16579,16579,2,0
2023-05-29 15:16:25,16579,16579,16579,2,0
2023-05-29 15:16:25,16579,16579,16579,2,0
2023-05-29 15:16:31,16579,16579,16579,6,0
2023-05-29 15:16:33,16579,16579,16579,2,0
2023-05-29 15:16:33,16580,16580,16580,2,2
2023-05-29 15:16:33,16580,16580,16580,2,0
2023-05-29 15:16:33,16580,16580,16580,2,0
2023-05-29 15:16:33,16580,16580,16580,2,0
2023-05-29 15:16:33,16580,16580,16580,2,0
2023-05-29 15:16:33,16580,16580,16580,2,0
2023-05-29 15:16:33,16580,16580,16580,2,0
2023-05-29 15:16:34,16580,16580,16580,4,0
2023-05-29 15:16:35,16580,16580,16580,2,0
2023-05-29 15:16:37,16580,16580,16580,8,0
2023-05-29 15:16:38,16580,16580,16580,2,0
2023-05-29 15:16:40,16580,16580,16580,2,0
2023-05-29 15:16:42,16580,16580,16580,2,0
2023-05-29 15:16:46,16580,16580,16580,2,0
2023-05-29 15:16:47,16579,16579,16579,2,-2
2023-05-29 15:16:47,16579,16579,16579,2,0
2023-05-29 15:16:48,16579,16579,16579,2,0
2023-05-29 15:16:48,16579,16579,16579,2,0
2023-05-29 15:16:48,16580,16580,16580,4,4
2023-05-29 15:16:52,16579,16579,16579,2,-2
2023-05-29 15:17:01,16579,16579,16579,2,0
2023-05-29 15:17:02,16579,16579,16579,2,0
2023-05-29 15:17:02,16579,16579,16579,2,0
2023-05-29 15:17:04,16579,16579,16579,2,0
2023-05-29 15:17:08,16579,16579,16579,2,0
2023-05-29 15:17:08,16580,16580,16580,10,10
2023-05-29 15:17:12,16578,16578,16578,6,-6
2023-05-29 15:17:13,16579,16579,16579,4,4
2023-05-29 15:17:16,16579,16579,16579,4,0
2023-05-29 15:17:17,16579,16579,16579,4,0
2023-05-29 15:17:24,16580,16580,16580,4,4
2023-05-29 15:17:27,16578,16578,16578,4,-4
2023-05-29 15:17:29,16579,16579,16579,6,6
2023-05-29 15:17:35,16579,16579,16579,2,0
2023-05-29 15:17:35,16580,16580,16580,6,6
2023-05-29 15:17:37,16579,16579,16579,2,-2
2023-05-29 15:17:40,16580,16580,16580,2,2
2023-05-29 15:17:40,16580,16580,16580,2,0
2023-05-29 15:17:40,16580,16580,16580,2,0
2023-05-29 15:17:40,16580,16580,16580,2,0
2023-05-29 15:17:40,16580,16580,16580,2,0
2023-05-29 15:17:43,16580,16580,16580,2,0
2023-05-29 15:17:46,16580,16580,16580,2,0
2023-05-29 15:17:48,16580,16580,16580,2,0
2023-05-29 15:17:58,16580,16580,16580,2,0
2023-05-29 15:17:59,16580,16580,16580,2,0
2023-05-29 15:18:00,16580,16580,16580,2,0
2023-05-29 15:18:03,16579,16579,16579,2,-2
2023-05-29 15:18:03,16579,16579,16579,2,0
2023-05-29 15:18:03,16580,16580,16580,2,2
2023-05-29 15:18:04,16579,16579,16579,2,-2
2023-05-29 15:18:05,16580,16580,16580,2,2
2023-05-29 15:18:05,16580,16580,16580,2,0
2023-05-29 15:18:05,16581,16581,16581,4,4
2023-05-29 15:18:07,16581,16581,16581,2,0
2023-05-29 15:18:07,16581,16581,16581,2,0
2023-05-29 15:18:07,16581,16581,16581,2,0
2023-05-29 15:18:07,16581,16581,16581,2,0
2023-05-29 15:18:07,16581,16581,16581,2,0
2023-05-29 15:18:08,16581,16581,16581,2,0
2023-05-29 15:18:08,16581,16581,16581,2,0
2023-05-29 15:18:08,16582,16582,16582,4,4
2023-05-29 15:18:08,16582,16582,16582,4,0
2023-05-29 15:18:08,16582,16582,16582,2,0
2023-05-29 15:18:08,16582,16582,16582,2,0
2023-05-29 15:18:08,16582,16582,16582,2,0
2023-05-29 15:18:08,16582,16582,16582,4,0
2023-05-29 15:18:08,16583,16583,16583,2,2
2023-05-29 15:18:08,16583,16583,16583,2,0
2023-05-29 15:18:08,16583,16583,16583,2,0
2023-05-29 15:18:09,16583,16583,16583,2,0
2023-05-29 15:18:09,16583,16583,16583,2,0
2023-05-29 15:18:09,16583,16583,16583,4,0
2023-05-29 15:18:09,16584,16584,16584,4,4
2023-05-29 15:18:09,16584,16584,16584,2,0
2023-05-29 15:18:09,16584,16584,16584,4,0
2023-05-29 15:18:09,16584,16584,16584,2,0
2023-05-29 15:18:10,16583,16583,16583,4,-4
2023-05-29 15:18:10,16584,16584,16584,8,8
2023-05-29 15:18:10,16583,16583,16583,2,-2
2023-05-29 15:18:10,16583,16583,16583,2,0
2023-05-29 15:18:10,16584,16584,16584,12,12
2023-05-29 15:18:13,16584,16584,16584,8,0
2023-05-29 15:18:13,16584,16584,16584,4,0
2023-05-29 15:18:14,16584,16584,16584,8,0
2023-05-29 15:18:14,16584,16584,16584,2,0
2023-05-29 15:18:14,16584,16584,16584,2,0
2023-05-29 15:18:15,16585,16585,16585,2,2
2023-05-29 15:18:16,16584,16584,16584,4,-4
2023-05-29 15:18:16,16584,16584,16584,2,0
2023-05-29 15:18:18,16585,16585,16585,2,2
2023-05-29 15:18:20,16585,16585,16585,2,0
2023-05-29 15:18:22,16584,16584,16584,2,-2
2023-05-29 15:18:22,16584,16584,16584,2,0
2023-05-29 15:18:23,16585,16585,16585,16,16
2023-05-29 15:18:28,16585,16585,16585,2,0
2023-05-29 15:18:29,16584,16584,16584,4,-4
2023-05-29 15:18:29,16584,16584,16584,6,0
2023-05-29 15:18:29,16584,16584,16584,2,0
2023-05-29 15:18:29,16584,16584,16584,8,0
2023-05-29 15:18:29,16584,16584,16584,2,0
2023-05-29 15:18:31,16584,16584,16584,4,0
2023-05-29 15:18:31,16584,16584,16584,2,0
2023-05-29 15:18:35,16583,16583,16583,2,-2
2023-05-29 15:18:36,16584,16584,16584,2,2
2023-05-29 15:18:43,16583,16583,16583,2,-2
2023-05-29 15:18:46,16583,16583,16583,2,0
2023-05-29 15:18:49,16583,16583,16583,2,0
2023-05-29 15:18:50,16583,16583,16583,4,0
2023-05-29 15:18:50,16583,16583,16583,8,0
2023-05-29 15:18:52,16583,16583,16583,4,0
2023-05-29 15:18:53,16583,16583,16583,2,0
2023-05-29 15:18:54,16584,16584,16584,2,2
2023-05-29 15:19:02,16584,16584,16584,4,0
2023-05-29 15:19:04,16584,16584,16584,2,0
2023-05-29 15:19:05,16584,16584,16584,2,0
2023-05-29 15:19:05,16584,16584,16584,4,0
2023-05-29 15:19:11,16585,16585,16585,2,2
2023-05-29 15:19:11,16585,16585,16585,2,0
2023-05-29 15:19:11,16585,16585,16585,2,0
2023-05-29 15:19:17,16584,16584,16584,2,-2
2023-05-29 15:19:20,16584,16584,16584,2,0
2023-05-29 15:19:22,16583,16583,16583,2,-2
2023-05-29 15:19:22,16582,16582,16582,2,-2
2023-05-29 15:19:23,16583,16583,16583,2,2
2023-05-29 15:19:29,16584,16584,16584,10,10
2023-05-29 15:19:50,16583,16583,16583,2,-2
2023-05-29 15:19:50,16583,16583,16583,2,0
2023-05-29 15:19:50,16583,16583,16583,6,0
2023-05-29 15:19:50,16583,16583,16583,4,0
2023-05-29 15:19:50,16583,16583,16583,4,0
2023-05-29 15:19:50,16583,16583,16583,2,0
2023-05-29 15:19:50,16583,16583,16583,2,0
2023-05-29 15:19:50,16583,16583,16583,2,0
2023-05-29 15:19:50,16583,16583,16583,2,0
2023-05-29 15:19:51,16583,16583,16583,2,0
2023-05-29 15:19:52,16582,16582,16582,2,-2
2023-05-29 15:19:57,16582,16582,16582,2,0
2023-05-29 15:19:59,16582,16582,16582,2,0
2023-05-29 15:20:02,16582,16582,16582,2,0
2023-05-29 15:20:08,16583,16583,16583,2,2
2023-05-29 15:20:15,16583,16583,16583,6,0
2023-05-29 15:20:20,16584,16584,16584,6,6
2023-05-29 15:20:21,16584,16584,16584,2,0
2023-05-29 15:20:22,16584,16584,16584,4,0
2023-05-29 15:20:26,16583,16583,16583,4,-4
2023-05-29 15:20:26,16583,16583,16583,6,0
2023-05-29 15:20:26,16583,16583,16583,4,0
2023-05-29 15:20:26,16583,16583,16583,2,0
2023-05-29 15:20:26,16583,16583,16583,2,0
2023-05-29 15:20:26,16583,16583,16583,6,0
2023-05-29 15:20:31,16583,16583,16583,2,0
2023-05-29 15:20:32,16582,16582,16582,2,-2
2023-05-29 15:20:34,16583,16583,16583,2,2
2023-05-29 15:20:37,16583,16583,16583,4,0
2023-05-29 15:20:47,16583,16583,16583,2,0
2023-05-29 15:20:51,16583,16583,16583,2,0
2023-05-29 15:20:51,16583,16583,16583,2,0
2023-05-29 15:21:01,16583,16583,16583,2,0
2023-05-29 15:21:01,16584,16584,16584,2,2
2023-05-29 15:21:01,16584,16584,16584,2,0
2023-05-29 15:21:13,16583,16583,16583,6,-6
2023-05-29 15:21:24,16582,16582,16582,2,-2
2023-05-29 15:21:24,16582,16582,16582,2,0
2023-05-29 15:21:24,16583,16583,16583,2,2
2023-05-29 15:21:28,16582,16582,16582,4,-4
2023-05-29 15:21:28,16582,16582,16582,6,0
2023-05-29 15:21:28,16583,16583,16583,2,2
2023-05-29 15:21:31,16583,16583,16583,2,0
2023-05-29 15:21:34,16583,16583,16583,2,0
2023-05-29 15:21:34,16583,16583,16583,2,0
2023-05-29 15:21:37,16584,16584,16584,2,2
2023-05-29 15:21:41,16584,16584,16584,20,0
2023-05-29 15:21:41,16584,16584,16584,2,0
2023-05-29 15:21:41,16584,16584,16584,2,0
2023-05-29 15:21:41,16584,16584,16584,2,0
2023-05-29 15:21:43,16584,16584,16584,2,0
2023-05-29 15:21:46,16584,16584,16584,2,0
2023-05-29 15:21:46,16584,16584,16584,2,0
2023-05-29 15:21:57,16584,16584,16584,2,0
2023-05-29 15:21:57,16584,16584,16584,2,0
2023-05-29 15:21:59,16584,16584,16584,2,0
2023-05-29 15:22:02,16584,16584,16584,4,0
2023-05-29 15:22:07,16584,16584,16584,2,0
2023-05-29 15:22:09,16584,16584,16584,2,0
2023-05-29 15:22:13,16585,16585,16585,2,2
2023-05-29 15:22:13,16585,16585,16585,2,0
2023-05-29 15:22:13,16585,16585,16585,2,0
2023-05-29 15:22:13,16585,16585,16585,2,0
2023-05-29 15:22:13,16585,16585,16585,12,0
2023-05-29 15:22:13,16585,16585,16585,26,0
2023-05-29 15:22:13,16585,16585,16585,2,0
2023-05-29 15:22:13,16586,16586,16586,20,20
2023-05-29 15:22:13,16586,16586,16586,2,0
2023-05-29 15:22:13,16587,16587,16587,2,2
2023-05-29 15:22:15,16586,16586,16586,2,-2
2023-05-29 15:22:16,16587,16587,16587,2,2
2023-05-29 15:22:16,16587,16587,16587,2,0
2023-05-29 15:22:16,16587,16587,16587,2,0
2023-05-29 15:22:16,16587,16587,16587,2,0
2023-05-29 15:22:16,16587,16587,16587,4,0
2023-05-29 15:22:19,16588,16588,16588,2,2
2023-05-29 15:22:19,16588,16588,16588,2,0
2023-05-29 15:22:20,16588,16588,16588,4,0
2023-05-29 15:22:20,16588,16588,16588,2,0
2023-05-29 15:22:20,16588,16588,16588,2,0
2023-05-29 15:22:20,16588,16588,16588,2,0
2023-05-29 15:22:20,16588,16588,16588,2,0
2023-05-29 15:22:21,16588,16588,16588,2,0
2023-05-29 15:22:22,16588,16588,16588,6,0
2023-05-29 15:22:23,16588,16588,16588,2,0
2023-05-29 15:22:23,16588,16588,16588,6,0
2023-05-29 15:22:26,16587,16587,16587,2,-2
2023-05-29 15:22:26,16587,16587,16587,4,0
2023-05-29 15:22:26,16587,16587,16587,6,0
2023-05-29 15:22:26,16587,16587,16587,2,0
2023-05-29 15:22:26,16588,16588,16588,2,2
2023-05-29 15:22:26,16587,16587,16587,2,-2
2023-05-29 15:22:26,16587,16587,16587,4,0
2023-05-29 15:22:26,16587,16587,16587,2,0
2023-05-29 15:22:26,16587,16587,16587,4,0
2023-05-29 15:22:27,16586,16586,16586,2,-2
2023-05-29 15:22:27,16586,16586,16586,2,0
2023-05-29 15:22:27,16586,16586,16586,2,0
2023-05-29 15:22:29,16586,16586,16586,2,0
2023-05-29 15:22:34,16586,16586,16586,2,0
2023-05-29 15:22:37,16586,16586,16586,2,0
2023-05-29 15:22:42,16586,16586,16586,4,0
2023-05-29 15:22:55,16586,16586,16586,4,0
2023-05-29 15:23:00,16586,16586,16586,2,0
2023-05-29 15:23:00,16586,16586,16586,4,0
2023-05-29 15:23:00,16586,16586,16586,6,0
2023-05-29 15:23:04,16587,16587,16587,2,2
2023-05-29 15:23:04,16587,16587,16587,2,0
2023-05-29 15:23:10,16588,16588,16588,2,2
2023-05-29 15:23:10,16588,16588,16588,4,0
2023-05-29 15:23:12,16587,16587,16587,2,-2
2023-05-29 15:23:20,16587,16587,16587,4,0
2023-05-29 15:23:32,16587,16587,16587,2,0
2023-05-29 15:23:32,16587,16587,16587,2,0
2023-05-29 15:23:32,16587,16587,16587,2,0
2023-05-29 15:23:32,16587,16587,16587,2,0
2023-05-29 15:23:33,16587,16587,16587,2,0
2023-05-29 15:23:34,16587,16587,16587,2,0
2023-05-29 15:23:34,16587,16587,16587,2,0
2023-05-29 15:23:34,16587,16587,16587,2,0
2023-05-29 15:23:38,16586,16586,16586,2,-2
2023-05-29 15:23:40,16587,16587,16587,2,2
2023-05-29 15:23:55,16587,16587,16587,8,0
2023-05-29 15:23:55,16588,16588,16588,2,2
2023-05-29 15:24:01,16588,16588,16588,2,0
2023-05-29 15:24:01,16588,16588,16588,6,0
2023-05-29 15:24:02,16587,16587,16587,4,-4
2023-05-29 15:24:03,16588,16588,16588,2,2
2023-05-29 15:24:05,16587,16587,16587,2,-2
2023-05-29 15:24:07,16587,16587,16587,2,0
2023-05-29 15:24:08,16587,16587,16587,2,0
2023-05-29 15:24:11,16587,16587,16587,2,0
2023-05-29 15:24:11,16587,16587,16587,8,0
2023-05-29 15:24:11,16587,16587,16587,2,0
2023-05-29 15:24:11,16587,16587,16587,2,0
2023-05-29 15:24:15,16586,16586,16586,2,-2
2023-05-29 15:24:15,16586,16586,16586,2,0
2023-05-29 15:24:21,16586,16586,16586,2,0
2023-05-29 15:24:32,16586,16586,16586,2,0
2023-05-29 15:24:32,16586,16586,16586,6,0
2023-05-29 15:24:32,16586,16586,16586,2,0
2023-05-29 15:24:57,16585,16585,16585,4,-4
2023-05-29 15:24:57,16585,16585,16585,2,0
2023-05-29 15:24:57,16585,16585,16585,2,0
2023-05-29 15:24:58,16585,16585,16585,2,0
2023-05-29 15:24:58,16585,16585,16585,2,0
2023-05-29 15:24:59,16585,16585,16585,2,0
2023-05-29 15:25:00,16585,16585,16585,2,0
2023-05-29 15:25:00,16585,16585,16585,2,0
2023-05-29 15:25:00,16585,16585,16585,2,0
2023-05-29 15:25:00,16585,16585,16585,2,0
2023-05-29 15:25:00,16585,16585,16585,2,0
2023-05-29 15:25:00,16585,16585,16585,2,0
2023-05-29 15:25:01,16585,16585,16585,2,0
2023-05-29 15:25:03,16585,16585,16585,2,0
2023-05-29 15:25:06,16584,16584,16584,2,-2
2023-05-29 15:25:06,16584,16584,16584,2,0
2023-05-29 15:25:07,16584,16584,16584,2,0
2023-05-29 15:25:07,16585,16585,16585,2,2
2023-05-29 15:25:10,16584,16584,16584,4,-4
2023-05-29 15:25:11,16584,16584,16584,2,0
2023-05-29 15:25:11,16584,16584,16584,2,0
2023-05-29 15:25:11,16584,16584,16584,2,0
2023-05-29 15:25:13,16585,16585,16585,2,2
2023-05-29 15:25:19,16585,16585,16585,4,0
2023-05-29 15:25:23,16584,16584,16584,2,-2
2023-05-29 15:25:34,16584,16584,16584,4,0
2023-05-29 15:25:40,16583,16583,16583,2,-2
2023-05-29 15:25:40,16583,16583,16583,2,0
2023-05-29 15:25:43,16583,16583,16583,2,0
2023-05-29 15:26:06,16583,16583,16583,2,0
2023-05-29 15:26:12,16583,16583,16583,2,0
2023-05-29 15:26:12,16583,16583,16583,2,0
2023-05-29 15:26:12,16583,16583,16583,2,0
2023-05-29 15:26:13,16583,16583,16583,2,0
2023-05-29 15:26:19,16582,16582,16582,2,-2
2023-05-29 15:26:21,16582,16582,16582,2,0
2023-05-29 15:26:21,16582,16582,16582,2,0
2023-05-29 15:26:21,16582,16582,16582,2,0
2023-05-29 15:26:21,16582,16582,16582,2,0
2023-05-29 15:26:22,16581,16581,16581,2,-2
2023-05-29 15:26:25,16581,16581,16581,2,0
2023-05-29 15:26:27,16581,16581,16581,2,0
2023-05-29 15:26:28,16581,16581,16581,2,0
2023-05-29 15:26:29,16582,16582,16582,4,4
2023-05-29 15:26:35,16582,16582,16582,2,0
2023-05-29 15:26:35,16582,16582,16582,4,0
2023-05-29 15:26:36,16582,16582,16582,2,0
2023-05-29 15:26:36,16582,16582,16582,4,0
2023-05-29 15:26:36,16582,16582,16582,2,0
2023-05-29 15:26:46,16582,16582,16582,2,0
2023-05-29 15:26:54,16581,16581,16581,2,-2
2023-05-29 15:26:54,16581,16581,16581,2,0
2023-05-29 15:26:54,16581,16581,16581,2,0
2023-05-29 15:26:54,16581,16581,16581,2,0
2023-05-29 15:26:54,16581,16581,16581,2,0
2023-05-29 15:26:54,16581,16581,16581,2,0
2023-05-29 15:26:54,16581,16581,16581,2,0
2023-05-29 15:26:55,16580,16580,16580,2,-2
2023-05-29 15:26:55,16580,16580,16580,2,0
2023-05-29 15:26:55,16580,16580,16580,2,0
2023-05-29 15:26:55,16580,16580,16580,2,0
2023-05-29 15:26:55,16580,16580,16580,2,0
2023-05-29 15:26:55,16579,16579,16579,2,-2
2023-05-29 15:26:55,16579,16579,16579,2,0
2023-05-29 15:26:55,16579,16579,16579,2,0
2023-05-29 15:26:55,16579,16579,16579,2,0
2023-05-29 15:26:59,16580,16580,16580,2,2
2023-05-29 15:26:59,16579,16579,16579,2,-2
2023-05-29 15:26:59,16578,16578,16578,4,-4
2023-05-29 15:27:01,16579,16579,16579,2,2
2023-05-29 15:27:08,16578,16578,16578,2,-2
2023-05-29 15:27:13,16578,16578,16578,2,0
2023-05-29 15:27:13,16578,16578,16578,4,0
2023-05-29 15:27:15,16579,16579,16579,4,4
2023-05-29 15:27:17,16579,16579,16579,2,0
2023-05-29 15:27:17,16579,16579,16579,2,0
2023-05-29 15:27:17,16579,16579,16579,2,0
2023-05-29 15:27:17,16579,16579,16579,2,0
2023-05-29 15:27:18,16579,16579,16579,2,0
2023-05-29 15:27:20,16580,16580,16580,2,2
2023-05-29 15:27:22,16581,16581,16581,2,2
2023-05-29 15:27:25,16580,16580,16580,2,-2
2023-05-29 15:27:27,16580,16580,16580,2,0
2023-05-29 15:27:27,16580,16580,16580,2,0
2023-05-29 15:27:27,16580,16580,16580,2,0
2023-05-29 15:27:28,16580,16580,16580,2,0
2023-05-29 15:27:28,16580,16580,16580,2,0
2023-05-29 15:27:43,16580,16580,16580,2,0
2023-05-29 15:27:50,16580,16580,16580,2,0
2023-05-29 15:27:50,16579,16579,16579,4,-4
2023-05-29 15:27:53,16579,16579,16579,2,0
2023-05-29 15:28:00,16578,16578,16578,6,-6
2023-05-29 15:28:00,16578,16578,16578,4,0
2023-05-29 15:28:00,16578,16578,16578,4,0
2023-05-29 15:28:00,16578,16578,16578,4,0
2023-05-29 15:28:00,16578,16578,16578,2,0
2023-05-29 15:28:04,16579,16579,16579,2,2
2023-05-29 15:28:37,16578,16578,16578,2,-2
2023-05-29 15:28:42,16578,16578,16578,2,0
2023-05-29 15:28:45,16578,16578,16578,2,0
2023-05-29 15:28:49,16579,16579,16579,2,2
2023-05-29 15:28:50,16578,16578,16578,2,-2
2023-05-29 15:28:51,16578,16578,16578,2,0
2023-05-29 15:28:55,16579,16579,16579,2,2
2023-05-29 15:28:57,16578,16578,16578,2,-2
2023-05-29 15:28:57,16578,16578,16578,2,0
2023-05-29 15:28:57,16578,16578,16578,2,0
2023-05-29 15:28:57,16578,16578,16578,2,0
2023-05-29 15:28:57,16578,16578,16578,2,0
2023-05-29 15:28:57,16578,16578,16578,2,0
2023-05-29 15:28:57,16578,16578,16578,2,0
2023-05-29 15:28:57,16578,16578,16578,2,0
2023-05-29 15:28:57,16578,16578,16578,2,0
2023-05-29 15:29:05,16577,16577,16577,6,-6
2023-05-29 15:29:05,16577,16577,16577,2,0
2023-05-29 15:29:05,16577,16577,16577,2,0
2023-05-29 15:29:24,16577,16577,16577,2,0
2023-05-29 15:29:28,16576,16576,16576,2,-2
2023-05-29 15:29:28,16577,16577,16577,2,2
2023-05-29 15:29:33,16576,16576,16576,2,-2
2023-05-29 15:29:35,16577,16577,16577,4,4
2023-05-29 15:29:35,16577,16577,16577,4,0
2023-05-29 15:29:38,16578,16578,16578,2,2
2023-05-29 15:29:41,16577,16577,16577,2,-2
2023-05-29 15:29:42,16578,16578,16578,18,18
2023-05-29 15:29:42,16579,16579,16579,2,2
2023-05-29 15:29:47,16579,16579,16579,2,0
2023-05-29 15:29:50,16578,16578,16578,2,-2
2023-05-29 15:30:01,16579,16579,16579,6,6
2023-05-29 15:30:01,16580,16580,16580,6,6
2023-05-29 15:30:03,16580,16580,16580,2,0
2023-05-29 15:30:08,16581,16581,16581,2,2
2023-05-29 15:30:08,16581,16581,16581,2,0
2023-05-29 15:30:09,16581,16581,16581,2,0
2023-05-29 15:30:09,16581,16581,16581,2,0
2023-05-29 15:30:09,16582,16582,16582,2,2
2023-05-29 15:30:10,16583,16583,16583,2,2
2023-05-29 15:30:18,16583,16583,16583,2,0
2023-05-29 15:30:29,16582,16582,16582,2,-2
2023-05-29 15:30:29,16582,16582,16582,2,0
2023-05-29 15:30:49,16582,16582,16582,2,0
2023-05-29 15:30:51,16582,16582,16582,2,0
2023-05-29 15:30:54,16582,16582,16582,2,0
2023-05-29 15:31:09,16580,16580,16580,2,-2
2023-05-29 15:31:09,16580,16580,16580,2,0
2023-05-29 15:31:09,16580,16580,16580,2,0
2023-05-29 15:31:09,16580,16580,16580,2,0
2023-05-29 15:31:15,16578,16578,16578,2,-2
2023-05-29 15:31:15,16578,16578,16578,2,0
2023-05-29 15:31:15,16578,16578,16578,2,0
2023-05-29 15:31:16,16578,16578,16578,2,0
2023-05-29 15:31:19,16577,16577,16577,2,-2
2023-05-29 15:31:33,16577,16577,16577,2,0
2023-05-29 15:31:33,16577,16577,16577,2,0
2023-05-29 15:31:33,16577,16577,16577,2,0
2023-05-29 15:31:38,16576,16576,16576,2,-2
2023-05-29 15:31:38,16576,16576,16576,2,0
2023-05-29 15:31:38,16576,16576,16576,2,0
2023-05-29 15:31:38,16576,16576,16576,2,0
2023-05-29 15:31:39,16578,16578,16578,2,2
2023-05-29 15:31:48,16577,16577,16577,6,-6
2023-05-29 15:32:04,16577,16577,16577,2,0
2023-05-29 15:32:04,16577,16577,16577,2,0
2023-05-29 15:32:17,16577,16577,16577,2,0
2023-05-29 15:32:20,16576,16576,16576,2,-2
2023-05-29 15:32:22,16577,16577,16577,2,2
2023-05-29 15:32:25,16577,16577,16577,2,0
2023-05-29 15:32:32,16577,16577,16577,2,0
2023-05-29 15:32:46,16577,16577,16577,2,0
2023-05-29 15:32:51,16577,16577,16577,2,0
2023-05-29 15:32:51,16576,16576,16576,4,-4
2023-05-29 15:32:51,16576,16576,16576,2,0
2023-05-29 15:32:51,16576,16576,16576,2,0
2023-05-29 15:32:51,16576,16576,16576,2,0
2023-05-29 15:32:51,16576,16576,16576,2,0
2023-05-29 15:32:53,16577,16577,16577,2,2
2023-05-29 15:33:00,16577,16577,16577,2,0
2023-05-29 15:33:19,16576,16576,16576,2,-2
2023-05-29 15:33:19,16575,16575,16575,2,-2
2023-05-29 15:33:19,16575,16575,16575,2,0
2023-05-29 15:33:19,16575,16575,16575,2,0
2023-05-29 15:33:19,16575,16575,16575,8,0
2023-05-29 15:33:19,16575,16575,16575,4,0
2023-05-29 15:33:19,16575,16575,16575,2,0
2023-05-29 15:33:19,16575,16575,16575,2,0
2023-05-29 15:33:19,16575,16575,16575,4,0
2023-05-29 15:33:19,16575,16575,16575,2,0
2023-05-29 15:33:19,16575,16575,16575,2,0
2023-05-29 15:33:19,16575,16575,16575,2,0
2023-05-29 15:33:20,16575,16575,16575,4,0
2023-05-29 15:33:30,16575,16575,16575,2,0
2023-05-29 15:33:31,16576,16576,16576,2,2
2023-05-29 15:33:38,16575,16575,16575,2,-2
2023-05-29 15:33:38,16575,16575,16575,4,0
2023-05-29 15:33:39,16576,16576,16576,2,2
2023-05-29 15:33:52,16577,16577,16577,2,2
2023-05-29 15:33:55,16576,16576,16576,2,-2
2023-05-29 15:33:55,16576,16576,16576,2,0
2023-05-29 15:33:56,16576,16576,16576,2,0
2023-05-29 15:34:02,16576,16576,16576,2,0
2023-05-29 15:34:02,16575,16575,16575,2,-2
2023-05-29 15:34:09,16575,16575,16575,2,0
2023-05-29 15:34:09,16575,16575,16575,2,0
2023-05-29 15:34:15,16575,16575,16575,2,0
2023-05-29 15:34:15,16575,16575,16575,2,0
2023-05-29 15:34:19,16575,16575,16575,2,0
2023-05-29 15:34:19,16575,16575,16575,2,0
2023-05-29 15:34:19,16575,16575,16575,2,0
2023-05-29 15:34:19,16577,16577,16577,2,2
2023-05-29 15:34:29,16577,16577,16577,4,0
2023-05-29 15:34:38,16577,16577,16577,2,0
2023-05-29 15:34:41,16576,16576,16576,2,-2
2023-05-29 15:34:43,16576,16576,16576,2,0
2023-05-29 15:34:43,16576,16576,16576,4,0
2023-05-29 15:35:02,16576,16576,16576,2,0
2023-05-29 15:35:02,16577,16577,16577,4,4
2023-05-29 15:35:04,16576,16576,16576,2,-2
2023-05-29 15:35:06,16577,16577,16577,2,2
2023-05-29 15:35:06,16576,16576,16576,2,-2
2023-05-29 15:35:11,16575,16575,16575,2,-2
2023-05-29 15:35:11,16575,16575,16575,2,0
2023-05-29 15:35:40,16576,16576,16576,2,2
2023-05-29 15:35:40,16575,16575,16575,2,-2
2023-05-29 15:35:49,16575,16575,16575,2,0
2023-05-29 15:35:51,16575,16575,16575,2,0
2023-05-29 15:35:51,16575,16575,16575,2,0
2023-05-29 15:35:51,16575,16575,16575,4,0
2023-05-29 15:35:51,16575,16575,16575,6,0
2023-05-29 15:35:51,16575,16575,16575,6,0
2023-05-29 15:35:51,16575,16575,16575,2,0
2023-05-29 15:35:51,16575,16575,16575,2,0
2023-05-29 15:35:51,16575,16575,16575,2,0
2023-05-29 15:35:51,16574,16574,16574,6,-6
2023-05-29 15:35:51,16574,16574,16574,2,0
2023-05-29 15:35:51,16574,16574,16574,2,0
2023-05-29 15:35:51,16574,16574,16574,2,0
2023-05-29 15:35:51,16575,16575,16575,2,2
2023-05-29 15:35:51,16574,16574,16574,2,-2
2023-05-29 15:35:52,16574,16574,16574,2,0
2023-05-29 15:35:52,16574,16574,16574,2,0
2023-05-29 15:35:53,16574,16574,16574,2,0
2023-05-29 15:35:53,16574,16574,16574,2,0
2023-05-29 15:35:55,16574,16574,16574,2,0
2023-05-29 15:36:02,16574,16574,16574,2,0
2023-05-29 15:36:22,16575,16575,16575,2,2
2023-05-29 15:36:22,16575,16575,16575,2,0
2023-05-29 15:36:33,16575,16575,16575,2,0
2023-05-29 15:36:39,16575,16575,16575,4,0
2023-05-29 15:36:43,16575,16575,16575,2,0
2023-05-29 15:36:48,16576,16576,16576,4,4
2023-05-29 15:37:01,16575,16575,16575,2,-2
2023-05-29 15:37:01,16576,16576,16576,4,4
2023-05-29 15:37:15,16576,16576,16576,2,0
2023-05-29 15:37:27,16576,16576,16576,8,0
2023-05-29 15:37:33,16575,16575,16575,2,-2
2023-05-29 15:37:49,16576,16576,16576,2,2
2023-05-29 15:38:09,16577,16577,16577,2,2
2023-05-29 15:38:14,16577,16577,16577,2,0
2023-05-29 15:38:30,16577,16577,16577,2,0
2023-05-29 15:38:35,16578,16578,16578,6,6
2023-05-29 15:38:39,16578,16578,16578,4,0
2023-05-29 15:38:41,16577,16577,16577,2,-2
2023-05-29 15:38:49,16577,16577,16577,2,0
2023-05-29 15:38:54,16577,16577,16577,2,0
2023-05-29 15:38:54,16577,16577,16577,2,0
2023-05-29 15:38:54,16577,16577,16577,2,0
2023-05-29 15:39:00,16577,16577,16577,2,0
2023-05-29 15:39:02,16578,16578,16578,2,2
2023-05-29 15:39:19,16577,16577,16577,2,-2
2023-05-29 15:39:19,16577,16577,16577,2,0
2023-05-29 15:39:19,16577,16577,16577,2,0
2023-05-29 15:39:19,16577,16577,16577,4,0
2023-05-29 15:39:25,16576,16576,16576,4,-4
2023-05-29 15:39:25,16576,16576,16576,2,0
2023-05-29 15:39:25,16576,16576,16576,2,0
2023-05-29 15:39:25,16576,16576,16576,2,0
2023-05-29 15:39:25,16576,16576,16576,2,0
2023-05-29 15:39:50,16576,16576,16576,2,0
2023-05-29 15:39:56,16576,16576,16576,2,0
2023-05-29 15:40:03,16575,16575,16575,2,-2
2023-05-29 15:40:03,16575,16575,16575,2,0
2023-05-29 15:40:04,16575,16575,16575,2,0
2023-05-29 15:40:07,16576,16576,16576,2,2
2023-05-29 15:40:20,16575,16575,16575,2,-2
2023-05-29 15:40:21,16575,16575,16575,2,0
2023-05-29 15:40:26,16575,16575,16575,12,0
2023-05-29 15:40:26,16575,16575,16575,2,0
2023-05-29 15:40:26,16575,16575,16575,2,0
2023-05-29 15:40:26,16575,16575,16575,2,0
2023-05-29 15:40:26,16575,16575,16575,2,0
2023-05-29 15:40:29,16575,16575,16575,2,0
2023-05-29 15:40:29,16575,16575,16575,2,0
2023-05-29 15:40:46,16574,16574,16574,2,-2
2023-05-29 15:40:46,16574,16574,16574,2,0
2023-05-29 15:40:46,16574,16574,16574,4,0
2023-05-29 15:40:47,16574,16574,16574,2,0
2023-05-29 15:40:55,16574,16574,16574,2,0
2023-05-29 15:40:55,16574,16574,16574,2,0
2023-05-29 15:40:56,16574,16574,16574,2,0
2023-05-29 15:40:56,16574,16574,16574,2,0
2023-05-29 15:41:00,16574,16574,16574,2,0
2023-05-29 15:41:04,16574,16574,16574,2,0
2023-05-29 15:41:46,16574,16574,16574,2,0
2023-05-29 15:41:46,16574,16574,16574,4,0
2023-05-29 15:41:46,16574,16574,16574,2,0
2023-05-29 15:41:46,16574,16574,16574,2,0
2023-05-29 15:41:46,16574,16574,16574,2,0
2023-05-29 15:41:46,16574,16574,16574,2,0
2023-05-29 15:41:46,16574,16574,16574,4,0
2023-05-29 15:41:46,16574,16574,16574,8,0
2023-05-29 15:42:00,16573,16573,16573,2,-2
2023-05-29 15:42:14,16573,16573,16573,2,0
2023-05-29 15:42:14,16573,16573,16573,2,0
2023-05-29 15:42:24,16573,16573,16573,4,0
2023-05-29 15:42:26,16573,16573,16573,2,0
2023-05-29 15:42:26,16573,16573,16573,2,0
2023-05-29 15:42:26,16574,16574,16574,2,2
2023-05-29 15:42:45,16574,16574,16574,2,0
2023-05-29 15:42:45,16574,16574,16574,6,0
2023-05-29 15:42:45,16574,16574,16574,4,0
2023-05-29 15:42:45,16574,16574,16574,8,0
2023-05-29 15:42:45,16574,16574,16574,4,0
2023-05-29 15:42:46,16575,16575,16575,4,4
2023-05-29 15:42:46,16576,16576,16576,2,2
2023-05-29 15:42:47,16574,16574,16574,2,-2
2023-05-29 15:42:50,16575,16575,16575,2,2
2023-05-29 15:42:51,16575,16575,16575,2,0
2023-05-29 15:42:58,16575,16575,16575,6,0
2023-05-29 15:42:58,16576,16576,16576,2,2
2023-05-29 15:42:58,16574,16574,16574,2,-2
2023-05-29 15:42:58,16574,16574,16574,6,0
2023-05-29 15:42:58,16574,16574,16574,2,0
2023-05-29 15:42:58,16574,16574,16574,4,0
2023-05-29 15:43:28,16574,16574,16574,2,0
2023-05-29 15:43:28,16573,16573,16573,2,-2
2023-05-29 15:43:28,16573,16573,16573,2,0
2023-05-29 15:43:28,16573,16573,16573,2,0
2023-05-29 15:43:28,16573,16573,16573,2,0
2023-05-29 15:43:28,16573,16573,16573,2,0
2023-05-29 15:43:28,16573,16573,16573,2,0
2023-05-29 15:43:34,16572,16572,16572,2,-2
2023-05-29 15:43:34,16572,16572,16572,2,0
2023-05-29 15:43:34,16572,16572,16572,6,0
2023-05-29 15:43:34,16572,16572,16572,2,0
2023-05-29 15:43:34,16572,16572,16572,4,0
2023-05-29 15:43:34,16572,16572,16572,2,0
2023-05-29 15:43:34,16572,16572,16572,2,0
2023-05-29 15:43:34,16572,16572,16572,2,0
2023-05-29 15:43:34,16572,16572,16572,6,0
2023-05-29 15:43:34,16572,16572,16572,2,0
2023-05-29 15:43:37,16571,16571,16571,2,-2
2023-05-29 15:43:56,16572,16572,16572,2,2
2023-05-29 15:43:56,16572,16572,16572,2,0
2023-05-29 15:43:56,16572,16572,16572,2,0
2023-05-29 15:43:57,16572,16572,16572,2,0
2023-05-29 15:43:59,16572,16572,16572,2,0
2023-05-29 15:44:00,16571,16571,16571,4,-4
2023-05-29 15:44:00,16571,16571,16571,2,0
2023-05-29 15:44:00,16571,16571,16571,2,0
2023-05-29 15:44:00,16571,16571,16571,4,0
2023-05-29 15:44:00,16571,16571,16571,2,0
2023-05-29 15:44:00,16571,16571,16571,2,0
2023-05-29 15:44:00,16571,16571,16571,4,0
2023-05-29 15:44:00,16571,16571,16571,2,0
2023-05-29 15:44:00,16571,16571,16571,2,0
2023-05-29 15:44:00,16571,16571,16571,2,0
2023-05-29 15:44:00,16571,16571,16571,2,0
2023-05-29 15:44:00,16571,16571,16571,4,0
2023-05-29 15:44:00,16571,16571,16571,2,0
2023-05-29 15:44:00,16571,16571,16571,20,0
2023-05-29 15:44:00,16571,16571,16571,2,0
2023-05-29 15:44:00,16571,16571,16571,2,0
2023-05-29 15:44:00,16571,16571,16571,2,0
2023-05-29 15:44:00,16571,16571,16571,2,0
2023-05-29 15:44:00,16570,16570,16570,6,-6
2023-05-29 15:44:00,16570,16570,16570,6,0
2023-05-29 15:44:00,16570,16570,16570,2,0
2023-05-29 15:44:00,16570,16570,16570,2,0
2023-05-29 15:44:00,16570,16570,16570,4,0
2023-05-29 15:44:00,16570,16570,16570,2,0
2023-05-29 15:44:00,16570,16570,16570,2,0
2023-05-29 15:44:00,16570,16570,16570,10,0
2023-05-29 15:44:00,16570,16570,16570,2,0
2023-05-29 15:44:00,16570,16570,16570,2,0
2023-05-29 15:44:00,16570,16570,16570,2,0
2023-05-29 15:44:00,16570,16570,16570,4,0
2023-05-29 15:44:00,16570,16570,16570,6,0
2023-05-29 15:44:00,16570,16570,16570,2,0
2023-05-29 15:44:00,16570,16570,16570,2,0
2023-05-29 15:44:00,16570,16570,16570,2,0
2023-05-29 15:44:00,16570,16570,16570,2,0
2023-05-29 15:44:00,16570,16570,16570,2,0
2023-05-29 15:44:00,16570,16570,16570,2,0
2023-05-29 15:44:00,16570,16570,16570,2,0
2023-05-29 15:44:00,16570,16570,16570,2,0
2023-05-29 15:44:00,16570,16570,16570,2,0
2023-05-29 15:44:00,16570,16570,16570,2,0
2023-05-29 15:44:00,16570,16570,16570,10,0
2023-05-29 15:44:00,16570,16570,16570,10,0
2023-05-29 15:44:00,16570,16570,16570,4,0
2023-05-29 15:44:00,16570,16570,16570,28,0
2023-05-29 15:44:00,16569,16569,16569,2,-2
2023-05-29 15:44:00,16570,16570,16570,2,2
2023-05-29 15:44:00,16570,16570,16570,4,0
2023-05-29 15:44:00,16570,16570,16570,2,0
2023-05-29 15:44:00,16570,16570,16570,20,0
2023-05-29 15:44:00,16570,16570,16570,2,0
2023-05-29 15:44:00,16570,16570,16570,4,0
2023-05-29 15:44:00,16570,16570,16570,2,0
2023-05-29 15:44:20,16569,16569,16569,2,-2
2023-05-29 15:44:24,16569,16569,16569,2,0
2023-05-29 15:44:24,16569,16569,16569,2,0
2023-05-29 15:44:27,16569,16569,16569,2,0
2023-05-29 15:44:34,16569,16569,16569,2,0
2023-05-29 15:44:35,16569,16569,16569,2,0
2023-05-29 15:44:42,16569,16569,16569,2,0
2023-05-29 15:44:47,16569,16569,16569,2,0
2023-05-29 15:44:49,16570,16570,16570,2,2
2023-05-29 15:44:53,16570,16570,16570,2,0
2023-05-29 15:44:56,16570,16570,16570,2,0
2023-05-29 15:45:03,16569,16569,16569,2,-2
2023-05-29 15:45:03,16569,16569,16569,2,0
2023-05-29 15:45:03,16569,16569,16569,2,0
2023-05-29 15:45:03,16569,16569,16569,2,0
2023-05-29 15:45:03,16569,16569,16569,2,0
2023-05-29 15:45:03,16569,16569,16569,2,0
2023-05-29 15:45:03,16569,16569,16569,2,0
2023-05-29 15:45:03,16569,16569,16569,8,0
2023-05-29 15:45:03,16569,16569,16569,2,0
2023-05-29 15:45:03,16569,16569,16569,2,0
2023-05-29 15:45:04,16570,16570,16570,4,4
2023-05-29 15:45:04,16569,16569,16569,2,-2
2023-05-29 15:45:04,16569,16569,16569,2,0
2023-05-29 15:45:05,16570,16570,16570,4,4
2023-05-29 15:45:08,16569,16569,16569,4,-4
2023-05-29 15:45:08,16568,16568,16568,2,-2
2023-05-29 15:45:12,16569,16569,16569,6,6
2023-05-29 15:45:12,16569,16569,16569,2,0
2023-05-29 15:45:12,16568,16568,16568,2,-2
2023-05-29 15:45:13,16570,16570,16570,6,6
2023-05-29 15:45:13,16570,16570,16570,2,0
2023-05-29 15:45:13,16569,16569,16569,2,-2
2023-05-29 15:45:14,16570,16570,16570,2,2
2023-05-29 15:45:14,16570,16570,16570,2,0
2023-05-29 15:45:17,16569,16569,16569,4,-4
2023-05-29 15:45:17,16569,16569,16569,2,0
2023-05-29 15:45:17,16569,16569,16569,4,0
2023-05-29 15:45:25,16570,16570,16570,2,2
2023-05-29 15:45:26,16570,16570,16570,2,0
2023-05-29 15:45:27,16570,16570,16570,2,0
2023-05-29 15:45:28,16570,16570,16570,6,0
2023-05-29 15:45:33,16570,16570,16570,2,0
2023-05-29 15:45:33,16571,16571,16571,2,2
2023-05-29 15:45:42,16570,16570,16570,4,-4
2023-05-29 15:45:42,16571,16571,16571,4,4
2023-05-29 15:45:50,16570,16570,16570,2,-2
2023-05-29 15:45:55,16570,16570,16570,2,0
2023-05-29 15:45:58,16570,16570,16570,2,0
2023-05-29 15:46:07,16570,16570,16570,2,0
2023-05-29 15:46:12,16569,16569,16569,2,-2
2023-05-29 15:46:12,16569,16569,16569,2,0
2023-05-29 15:46:12,16569,16569,16569,4,0
2023-05-29 15:46:29,16569,16569,16569,2,0
2023-05-29 15:46:32,16569,16569,16569,2,0
2023-05-29 15:46:32,16569,16569,16569,2,0
2023-05-29 15:46:32,16569,16569,16569,2,0
2023-05-29 15:46:33,16569,16569,16569,2,0
2023-05-29 15:46:35,16569,16569,16569,2,0
2023-05-29 15:46:35,16569,16569,16569,2,0
2023-05-29 15:46:36,16569,16569,16569,2,0
2023-05-29 15:46:40,16569,16569,16569,2,0
2023-05-29 15:46:47,16569,16569,16569,2,0
2023-05-29 15:46:47,16569,16569,16569,6,0
2023-05-29 15:46:47,16568,16568,16568,2,-2
2023-05-29 15:46:52,16569,16569,16569,2,2
2023-05-29 15:46:52,16568,16568,16568,2,-2
2023-05-29 15:46:55,16568,16568,16568,2,0
2023-05-29 15:46:57,16569,16569,16569,2,2
2023-05-29 15:46:57,16569,16569,16569,2,0
2023-05-29 15:46:59,16569,16569,16569,2,0
2023-05-29 15:47:00,16569,16569,16569,2,0
2023-05-29 15:47:00,16568,16568,16568,2,-2
2023-05-29 15:47:00,16568,16568,16568,2,0
2023-05-29 15:47:19,16569,16569,16569,4,4
2023-05-29 15:47:33,16570,16570,16570,2,2
2023-05-29 15:47:41,16569,16569,16569,2,-2
2023-05-29 15:47:51,16569,16569,16569,2,0
2023-05-29 15:47:51,16569,16569,16569,4,0
2023-05-29 15:47:51,16569,16569,16569,2,0
2023-05-29 15:47:51,16569,16569,16569,4,0
2023-05-29 15:47:59,16570,16570,16570,2,2
2023-05-29 15:48:03,16570,16570,16570,2,0
2023-05-29 15:48:19,16570,16570,16570,2,0
2023-05-29 15:48:19,16570,16570,16570,2,0
2023-05-29 15:48:44,16570,16570,16570,4,0
2023-05-29 15:48:44,16570,16570,16570,2,0
2023-05-29 15:48:44,16570,16570,16570,4,0
2023-05-29 15:48:44,16570,16570,16570,4,0
2023-05-29 15:49:01,16570,16570,16570,2,0
2023-05-29 15:49:21,16571,16571,16571,2,2
2023-05-29 15:49:21,16571,16571,16571,2,0
2023-05-29 15:49:21,16571,16571,16571,2,0
2023-05-29 15:49:21,16571,16571,16571,4,0
2023-05-29 15:49:23,16571,16571,16571,2,0
2023-05-29 15:49:33,16572,16572,16572,4,4
2023-05-29 15:49:39,16572,16572,16572,2,0
2023-05-29 15:49:39,16572,16572,16572,2,0
2023-05-29 15:49:43,16572,16572,16572,2,0
2023-05-29 15:49:43,16572,16572,16572,2,0
2023-05-29 15:49:52,16572,16572,16572,2,0
2023-05-29 15:49:57,16573,16573,16573,2,2
2023-05-29 15:50:03,16572,16572,16572,2,-2
2023-05-29 15:50:06,16573,16573,16573,2,2
2023-05-29 15:50:18,16571,16571,16571,2,-2
2023-05-29 15:50:18,16571,16571,16571,2,0
2023-05-29 15:50:18,16571,16571,16571,2,0
2023-05-29 15:50:18,16571,16571,16571,2,0
2023-05-29 15:50:18,16571,16571,16571,2,0
2023-05-29 15:50:19,16570,16570,16570,2,-2
2023-05-29 15:50:19,16570,16570,16570,4,0
2023-05-29 15:50:20,16571,16571,16571,2,2
2023-05-29 15:50:20,16570,16570,16570,2,-2
2023-05-29 15:50:21,16570,16570,16570,2,0
2023-05-29 15:50:21,16570,16570,16570,4,0
2023-05-29 15:50:21,16570,16570,16570,2,0
2023-05-29 15:50:30,16570,16570,16570,2,0
2023-05-29 15:50:35,16570,16570,16570,2,0
2023-05-29 15:50:35,16570,16570,16570,4,0
2023-05-29 15:50:50,16570,16570,16570,2,0
2023-05-29 15:51:00,16569,16569,16569,2,-2
2023-05-29 15:51:00,16569,16569,16569,2,0
2023-05-29 15:51:05,16570,16570,16570,2,2
2023-05-29 15:51:07,16569,16569,16569,2,-2
2023-05-29 15:51:07,16569,16569,16569,2,0
2023-05-29 15:51:07,16569,16569,16569,2,0
2023-05-29 15:51:07,16569,16569,16569,2,0
2023-05-29 15:51:07,16568,16568,16568,2,-2
2023-05-29 15:51:07,16568,16568,16568,2,0
2023-05-29 15:51:12,16569,16569,16569,2,2
2023-05-29 15:51:49,16569,16569,16569,2,0
2023-05-29 15:51:49,16569,16569,16569,2,0
2023-05-29 15:51:49,16569,16569,16569,6,0
2023-05-29 15:51:54,16570,16570,16570,2,2
2023-05-29 15:51:54,16570,16570,16570,2,0
2023-05-29 15:52:07,16570,16570,16570,2,0
2023-05-29 15:52:07,16570,16570,16570,4,0
2023-05-29 15:52:07,16570,16570,16570,2,0
2023-05-29 15:52:07,16570,16570,16570,2,0
2023-05-29 15:52:58,16571,16571,16571,2,2
2023-05-29 15:53:00,16571,16571,16571,2,0
2023-05-29 15:53:00,16571,16571,16571,10,0
2023-05-29 15:53:03,16570,16570,16570,2,-2
2023-05-29 15:53:03,16570,16570,16570,2,0
2023-05-29 15:53:23,16570,16570,16570,2,0
2023-05-29 15:53:23,16570,16570,16570,2,0
2023-05-29 15:53:31,16571,16571,16571,2,2
2023-05-29 15:53:31,16570,16570,16570,2,-2
2023-05-29 15:53:51,16571,16571,16571,2,2
2023-05-29 15:54:00,16570,16570,16570,2,-2
2023-05-29 15:54:00,16570,16570,16570,2,0
2023-05-29 15:54:00,16570,16570,16570,2,0
2023-05-29 15:54:00,16570,16570,16570,2,0
2023-05-29 15:54:00,16570,16570,16570,2,0
2023-05-29 15:54:00,16570,16570,16570,2,0
2023-05-29 15:54:00,16570,16570,16570,2,0
2023-05-29 15:54:00,16570,16570,16570,2,0
2023-05-29 15:54:00,16570,16570,16570,2,0
2023-05-29 15:54:00,16570,16570,16570,2,0
2023-05-29 15:54:02,16570,16570,16570,4,0
2023-05-29 15:54:08,16569,16569,16569,2,-2
2023-05-29 15:54:33,16569,16569,16569,2,0
2023-05-29 15:54:33,16569,16569,16569,2,0
2023-05-29 15:54:34,16569,16569,16569,2,0
2023-05-29 15:54:34,16569,16569,16569,2,0
2023-05-29 15:54:34,16569,16569,16569,2,0
2023-05-29 15:54:35,16569,16569,16569,2,0
2023-05-29 15:54:35,16569,16569,16569,2,0
2023-05-29 15:55:00,16569,16569,16569,2,0
2023-05-29 15:55:00,16569,16569,16569,2,0
2023-05-29 15:55:00,16569,16569,16569,2,0
2023-05-29 15:55:00,16569,16569,16569,4,0
2023-05-29 15:55:00,16568,16568,16568,2,-2
2023-05-29 15:55:00,16568,16568,16568,2,0
2023-05-29 15:55:00,16568,16568,16568,2,0
2023-05-29 15:55:00,16568,16568,16568,2,0
2023-05-29 15:55:00,16568,16568,16568,2,0
2023-05-29 15:55:00,16568,16568,16568,4,0
2023-05-29 15:55:00,16568,16568,16568,2,0
2023-05-29 15:55:00,16568,16568,16568,4,0
2023-05-29 15:55:00,16568,16568,16568,2,0
2023-05-29 15:55:00,16568,16568,16568,2,0
2023-05-29 15:55:00,16568,16568,16568,2,0
2023-05-29 15:55:00,16568,16568,16568,2,0
2023-05-29 15:55:00,16568,16568,16568,2,0
2023-05-29 15:55:00,16568,16568,16568,2,0
2023-05-29 15:55:00,16568,16568,16568,2,0
2023-05-29 15:55:00,16568,16568,16568,2,0
2023-05-29 15:55:00,16568,16568,16568,2,0
2023-05-29 15:55:00,16568,16568,16568,2,0
2023-05-29 15:55:00,16568,16568,16568,4,0
2023-05-29 15:55:00,16568,16568,16568,2,0
2023-05-29 15:55:00,16568,16568,16568,2,0
2023-05-29 15:55:00,16567,16567,16567,2,-2
2023-05-29 15:55:00,16567,16567,16567,2,0
2023-05-29 15:55:00,16567,16567,16567,2,0
2023-05-29 15:55:00,16567,16567,16567,2,0
2023-05-29 15:55:00,16567,16567,16567,2,0
2023-05-29 15:55:00,16567,16567,16567,2,0
2023-05-29 15:55:00,16567,16567,16567,2,0
2023-05-29 15:55:00,16567,16567,16567,2,0
2023-05-29 15:55:00,16567,16567,16567,4,0
2023-05-29 15:55:00,16567,16567,16567,2,0
2023-05-29 15:55:00,16567,16567,16567,12,0
2023-05-29 15:55:00,16567,16567,16567,2,0
2023-05-29 15:55:00,16567,16567,16567,4,0
2023-05-29 15:55:00,16567,16567,16567,2,0
2023-05-29 15:55:00,16567,16567,16567,2,0
2023-05-29 15:55:00,16567,16567,16567,2,0
2023-05-29 15:55:00,16567,16567,16567,2,0
2023-05-29 15:55:00,16566,16566,16566,2,-2
2023-05-29 15:55:00,16566,16566,16566,2,0
2023-05-29 15:55:00,16566,16566,16566,2,0
2023-05-29 15:55:00,16566,16566,16566,2,0
2023-05-29 15:55:00,16566,16566,16566,2,0
2023-05-29 15:55:00,16566,16566,16566,2,0
2023-05-29 15:55:00,16566,16566,16566,4,0
2023-05-29 15:55:00,16566,16566,16566,2,0
2023-05-29 15:55:00,16566,16566,16566,8,0
2023-05-29 15:55:00,16566,16566,16566,2,0
2023-05-29 15:55:00,16566,16566,16566,2,0
2023-05-29 15:55:00,16566,16566,16566,4,0
2023-05-29 15:55:00,16566,16566,16566,2,0
2023-05-29 15:55:00,16566,16566,16566,2,0
2023-05-29 15:55:00,16566,16566,16566,2,0
2023-05-29 15:55:00,16566,16566,16566,2,0
2023-05-29 15:55:00,16566,16566,16566,2,0
2023-05-29 15:55:00,16566,16566,16566,2,0
2023-05-29 15:55:00,16566,16566,16566,2,0
2023-05-29 15:55:00,16566,16566,16566,2,0
2023-05-29 15:55:00,16566,16566,16566,6,0
2023-05-29 15:55:00,16566,16566,16566,2,0
2023-05-29 15:55:00,16565,16565,16565,2,-2
2023-05-29 15:55:00,16565,16565,16565,2,0
2023-05-29 15:55:00,16565,16565,16565,2,0
2023-05-29 15:55:00,16565,16565,16565,2,0
2023-05-29 15:55:00,16566,16566,16566,8,8
2023-05-29 15:55:00,16566,16566,16566,4,0
2023-05-29 15:55:01,16566,16566,16566,2,0
2023-05-29 15:55:01,16566,16566,16566,2,0
2023-05-29 15:55:01,16566,16566,16566,2,0
2023-05-29 15:55:01,16566,16566,16566,6,0
2023-05-29 15:55:01,16566,16566,16566,2,0
2023-05-29 15:55:01,16567,16567,16567,2,2
2023-05-29 15:55:01,16566,16566,16566,2,-2
2023-05-29 15:55:01,16565,16565,16565,2,-2
2023-05-29 15:55:01,16565,16565,16565,2,0
2023-05-29 15:55:01,16566,16566,16566,2,2
2023-05-29 15:55:01,16566,16566,16566,2,0
2023-05-29 15:55:01,16566,16566,16566,2,0
2023-05-29 15:55:01,16566,16566,16566,2,0
2023-05-29 15:55:01,16566,16566,16566,4,0
2023-05-29 15:55:01,16566,16566,16566,2,0
2023-05-29 15:55:01,16565,16565,16565,8,-8
2023-05-29 15:55:01,16565,16565,16565,2,0
2023-05-29 15:55:03,16566,16566,16566,2,2
2023-05-29 15:55:07,16565,16565,16565,2,-2
2023-05-29 15:55:10,16565,16565,16565,2,0
2023-05-29 15:55:10,16566,16566,16566,2,2
2023-05-29 15:55:11,16565,16565,16565,2,-2
2023-05-29 15:55:21,16565,16565,16565,2,0
2023-05-29 15:55:24,16566,16566,16566,2,2
2023-05-29 15:55:34,16566,16566,16566,2,0
2023-05-29 15:55:40,16565,16565,16565,2,-2
2023-05-29 15:55:40,16565,16565,16565,2,0
2023-05-29 15:55:40,16566,16566,16566,4,4
2023-05-29 15:55:41,16565,16565,16565,2,-2
2023-05-29 15:55:45,16565,16565,16565,2,0
2023-05-29 15:55:45,16565,16565,16565,2,0
2023-05-29 15:55:50,16566,16566,16566,2,2
2023-05-29 15:55:52,16566,16566,16566,2,0
2023-05-29 15:55:52,16567,16567,16567,2,2
2023-05-29 15:55:55,16566,16566,16566,2,-2
2023-05-29 15:55:55,16566,16566,16566,2,0
2023-05-29 15:56:00,16565,16565,16565,2,-2
2023-05-29 15:56:11,16565,16565,16565,2,0
2023-05-29 15:56:16,16565,16565,16565,2,0
2023-05-29 15:56:23,16565,16565,16565,2,0
2023-05-29 15:56:23,16565,16565,16565,2,0
2023-05-29 15:56:30,16565,16565,16565,2,0
2023-05-29 15:56:37,16565,16565,16565,2,0
2023-05-29 15:56:49,16565,16565,16565,2,0
2023-05-29 15:56:56,16565,16565,16565,2,0
2023-05-29 15:57:01,16565,16565,16565,2,0
2023-05-29 15:57:01,16565,16565,16565,2,0
2023-05-29 15:57:06,16565,16565,16565,2,0
2023-05-29 15:57:07,16565,16565,16565,2,0
2023-05-29 15:57:09,16565,16565,16565,2,0
2023-05-29 15:57:09,16565,16565,16565,2,0
2023-05-29 15:57:12,16566,16566,16566,2,2
2023-05-29 15:57:13,16566,16566,16566,2,0
2023-05-29 15:57:14,16565,16565,16565,2,-2
2023-05-29 15:57:14,16565,16565,16565,2,0
2023-05-29 15:57:23,16565,16565,16565,2,0
2023-05-29 15:57:28,16565,16565,16565,2,0
2023-05-29 15:57:31,16565,16565,16565,2,0
2023-05-29 15:57:31,16565,16565,16565,2,0
2023-05-29 15:57:31,16565,16565,16565,2,0
2023-05-29 15:57:31,16565,16565,16565,2,0
2023-05-29 15:57:31,16565,16565,16565,2,0
2023-05-29 15:57:31,16565,16565,16565,4,0
2023-05-29 15:57:31,16565,16565,16565,2,0
2023-05-29 15:57:31,16565,16565,16565,2,0
2023-05-29 15:57:31,16565,16565,16565,2,0
2023-05-29 15:57:31,16565,16565,16565,2,0
2023-05-29 15:57:33,16565,16565,16565,2,0
2023-05-29 15:57:34,16565,16565,16565,2,0
2023-05-29 15:57:37,16564,16564,16564,2,-2
2023-05-29 15:57:37,16564,16564,16564,2,0
2023-05-29 15:57:37,16564,16564,16564,2,0
2023-05-29 15:57:37,16564,16564,16564,2,0
2023-05-29 15:57:37,16564,16564,16564,2,0
2023-05-29 15:57:37,16564,16564,16564,2,0
2023-05-29 15:57:37,16564,16564,16564,2,0
2023-05-29 15:57:37,16564,16564,16564,2,0
2023-05-29 15:57:37,16564,16564,16564,2,0
2023-05-29 15:57:38,16564,16564,16564,2,0
2023-05-29 15:57:40,16563,16563,16563,2,-2
2023-05-29 15:57:40,16563,16563,16563,2,0
2023-05-29 15:57:41,16563,16563,16563,2,0
2023-05-29 15:57:41,16563,16563,16563,2,0
2023-05-29 15:57:41,16563,16563,16563,2,0
2023-05-29 15:57:41,16563,16563,16563,2,0
2023-05-29 15:57:43,16563,16563,16563,2,0
2023-05-29 15:57:44,16563,16563,16563,2,0
2023-05-29 15:57:44,16563,16563,16563,2,0
2023-05-29 15:57:45,16563,16563,16563,2,0
2023-05-29 15:57:45,16563,16563,16563,2,0
2023-05-29 15:57:45,16563,16563,16563,2,0
2023-05-29 15:57:45,16563,16563,16563,2,0
2023-05-29 15:57:47,16563,16563,16563,10,0
2023-05-29 15:57:49,16562,16562,16562,2,-2
2023-05-29 15:57:49,16562,16562,16562,2,0
2023-05-29 15:57:49,16562,16562,16562,2,0
2023-05-29 15:57:50,16562,16562,16562,2,0
2023-05-29 15:57:51,16562,16562,16562,2,0
2023-05-29 15:57:51,16562,16562,16562,2,0
2023-05-29 15:57:51,16562,16562,16562,2,0
2023-05-29 15:57:51,16562,16562,16562,2,0
2023-05-29 15:57:51,16562,16562,16562,2,0
2023-05-29 15:57:51,16562,16562,16562,4,0
2023-05-29 15:57:51,16562,16562,16562,2,0
2023-05-29 15:57:58,16562,16562,16562,2,0
2023-05-29 15:57:58,16562,16562,16562,2,0
2023-05-29 15:57:58,16562,16562,16562,2,0
2023-05-29 15:57:58,16562,16562,16562,2,0
2023-05-29 15:57:58,16562,16562,16562,2,0
2023-05-29 15:57:59,16562,16562,16562,4,0
2023-05-29 15:57:59,16562,16562,16562,4,0
2023-05-29 15:57:59,16562,16562,16562,2,0
2023-05-29 15:58:01,16562,16562,16562,2,0
2023-05-29 15:58:03,16562,16562,16562,2,0
2023-05-29 15:58:03,16562,16562,16562,2,0
2023-05-29 15:58:04,16562,16562,16562,2,0
2023-05-29 15:58:04,16562,16562,16562,4,0
2023-05-29 15:58:09,16562,16562,16562,2,0
2023-05-29 15:58:11,16562,16562,16562,2,0
2023-05-29 15:58:11,16562,16562,16562,2,0
2023-05-29 15:58:11,16562,16562,16562,2,0
2023-05-29 15:58:14,16562,16562,16562,2,0
2023-05-29 15:58:19,16562,16562,16562,2,0
2023-05-29 15:58:19,16561,16561,16561,8,-8
2023-05-29 15:58:19,16561,16561,16561,2,0
2023-05-29 15:58:19,16561,16561,16561,2,0
2023-05-29 15:58:20,16562,16562,16562,2,2
2023-05-29 15:58:25,16562,16562,16562,2,0
2023-05-29 15:58:26,16561,16561,16561,2,-2
2023-05-29 15:58:33,16562,16562,16562,2,2
2023-05-29 15:58:33,16561,16561,16561,2,-2
2023-05-29 15:58:36,16561,16561,16561,2,0
2023-05-29 15:58:40,16561,16561,16561,2,0
2023-05-29 15:58:41,16561,16561,16561,2,0
2023-05-29 15:58:45,16561,16561,16561,2,0
2023-05-29 15:58:46,16561,16561,16561,2,0
2023-05-29 15:58:51,16561,16561,16561,2,0
2023-05-29 15:58:51,16561,16561,16561,2,0
2023-05-29 15:58:56,16562,16562,16562,2,2
2023-05-29 15:59:00,16562,16562,16562,2,0
2023-05-29 15:59:02,16561,16561,16561,2,-2
2023-05-29 15:59:02,16561,16561,16561,2,0
2023-05-29 15:59:02,16561,16561,16561,2,0
2023-05-29 15:59:06,16561,16561,16561,2,0
2023-05-29 15:59:09,16561,16561,16561,2,0
2023-05-29 15:59:09,16561,16561,16561,2,0
2023-05-29 15:59:09,16561,16561,16561,2,0
2023-05-29 15:59:09,16561,16561,16561,2,0
2023-05-29 15:59:09,16561,16561,16561,2,0
2023-05-29 15:59:09,16561,16561,16561,4,0
2023-05-29 15:59:09,16561,16561,16561,2,0
2023-05-29 15:59:14,16561,16561,16561,2,0
2023-05-29 15:59:14,16561,16561,16561,2,0
2023-05-29 15:59:14,16561,16561,16561,2,0
2023-05-29 15:59:15,16561,16561,16561,2,0
2023-05-29 15:59:15,16560,16560,16560,2,-2
2023-05-29 15:59:15,16560,16560,16560,2,0
2023-05-29 15:59:15,16560,16560,16560,2,0
2023-05-29 15:59:15,16560,16560,16560,2,0
2023-05-29 15:59:15,16560,16560,16560,8,0
2023-05-29 15:59:15,16560,16560,16560,2,0
2023-05-29 15:59:15,16560,16560,16560,2,0
2023-05-29 15:59:16,16560,16560,16560,2,0
2023-05-29 15:59:16,16560,16560,16560,2,0
2023-05-29 15:59:16,16560,16560,16560,2,0
2023-05-29 15:59:17,16560,16560,16560,6,0
2023-05-29 15:59:18,16561,16561,16561,2,2
2023-05-29 15:59:20,16560,16560,16560,2,-2
2023-05-29 15:59:20,16560,16560,16560,2,0
2023-05-29 15:59:26,16560,16560,16560,2,0
2023-05-29 15:59:35,16560,16560,16560,2,0
2023-05-29 15:59:38,16561,16561,16561,2,2
2023-05-29 15:59:38,16560,16560,16560,2,-2
2023-05-29 15:59:38,16560,16560,16560,2,0
2023-05-29 15:59:38,16560,16560,16560,4,0
2023-05-29 15:59:38,16560,16560,16560,2,0
2023-05-29 15:59:38,16560,16560,16560,2,0
2023-05-29 15:59:38,16560,16560,16560,2,0
2023-05-29 15:59:38,16560,16560,16560,2,0
2023-05-29 15:59:38,16560,16560,16560,2,0
2023-05-29 15:59:38,16560,16560,16560,2,0
2023-05-29 15:59:38,16560,16560,16560,2,0
2023-05-29 15:59:38,16560,16560,16560,2,0
2023-05-29 15:59:38,16559,16559,16559,4,-4
2023-05-29 15:59:38,16559,16559,16559,2,0
2023-05-29 15:59:38,16559,16559,16559,2,0
2023-05-29 15:59:38,16559,16559,16559,2,0
2023-05-29 15:59:38,16560,16560,16560,2,2
2023-05-29 15:59:40,16560,16560,16560,2,0
2023-05-29 15:59:48,16560,16560,16560,2,0
2023-05-29 15:59:49,16559,16559,16559,2,-2
2023-05-29 15:59:57,16559,16559,16559,2,0
2023-05-29 15:59:58,16559,16559,16559,2,0
2023-05-29 16:00:01,16559,16559,16559,2,0
2023-05-29 16:00:01,16560,16560,16560,16,16
2023-05-29 16:00:01,16560,16560,16560,4,0
2023-05-29 16:00:01,16560,16560,16560,4,0
2023-05-29 16:00:01,16560,16560,16560,4,0
2023-05-29 16:00:01,16561,16561,16561,4,4
2023-05-29 16:00:01,16561,16561,16561,4,0
2023-05-29 16:00:01,16560,16560,16560,2,-2
2023-05-29 16:00:01,16560,16560,16560,2,0
2023-05-29 16:00:01,16561,16561,16561,4,4
2023-05-29 16:00:06,16561,16561,16561,2,0
2023-05-29 16:00:07,16561,16561,16561,6,0
2023-05-29 16:00:07,16562,16562,16562,2,2
2023-05-29 16:00:07,16562,16562,16562,2,0
2023-05-29 16:00:07,16561,16561,16561,2,-2
2023-05-29 16:00:13,16562,16562,16562,2,2
2023-05-29 16:00:13,16562,16562,16562,8,0
2023-05-29 16:00:13,16561,16561,16561,2,-2
2023-05-29 16:00:14,16561,16561,16561,2,0
2023-05-29 16:00:14,16561,16561,16561,2,0
2023-05-29 16:00:17,16561,16561,16561,4,0
2023-05-29 16:00:19,16563,16563,16563,4,4
2023-05-29 16:00:19,16563,16563,16563,8,0
2023-05-29 16:00:19,16563,16563,16563,2,0
2023-05-29 16:00:19,16563,16563,16563,4,0
2023-05-29 16:00:19,16563,16563,16563,6,0
2023-05-29 16:00:19,16563,16563,16563,2,0
2023-05-29 16:00:20,16565,16565,16565,2,2
2023-05-29 16:00:20,16563,16563,16563,2,-2
2023-05-29 16:00:20,16563,16563,16563,2,0
2023-05-29 16:00:25,16565,16565,16565,2,2
2023-05-29 16:00:29,16564,16564,16564,2,-2
2023-05-29 16:00:35,16564,16564,16564,12,0
2023-05-29 16:00:35,16565,16565,16565,2,2
2023-05-29 16:00:39,16564,16564,16564,2,-2
2023-05-29 16:00:45,16565,16565,16565,4,4
2023-05-29 16:00:47,16565,16565,16565,4,0
2023-05-29 16:00:48,16565,16565,16565,4,0
2023-05-29 16:00:52,16564,16564,16564,2,-2
2023-05-29 16:00:52,16564,16564,16564,2,0
2023-05-29 16:00:52,16564,16564,16564,2,0
2023-05-29 16:00:52,16564,16564,16564,4,0
2023-05-29 16:00:52,16564,16564,16564,2,0
2023-05-29 16:00:52,16564,16564,16564,4,0
2023-05-29 16:00:52,16564,16564,16564,2,0
2023-05-29 16:00:52,16564,16564,16564,2,0
2023-05-29 16:00:52,16564,16564,16564,2,0
2023-05-29 16:00:52,16563,16563,16563,2,-2
2023-05-29 16:00:52,16563,16563,16563,4,0
2023-05-29 16:00:58,16564,16564,16564,2,2
2023-05-29 16:01:00,16563,16563,16563,2,-2
2023-05-29 16:01:00,16563,16563,16563,2,0
2023-05-29 16:01:00,16563,16563,16563,2,0
2023-05-29 16:01:05,16564,16564,16564,2,2
2023-05-29 16:01:11,16564,16564,16564,2,0
2023-05-29 16:01:21,16564,16564,16564,2,0
2023-05-29 16:01:21,16565,16565,16565,12,12
2023-05-29 16:01:22,16565,16565,16565,2,0
2023-05-29 16:01:22,16566,16566,16566,2,2
2023-05-29 16:01:22,16566,16566,16566,2,0
2023-05-29 16:01:22,16566,16566,16566,2,0
2023-05-29 16:01:22,16566,16566,16566,2,0
2023-05-29 16:01:22,16566,16566,16566,2,0
2023-05-29 16:01:22,16566,16566,16566,4,0
2023-05-29 16:01:22,16566,16566,16566,8,0
2023-05-29 16:01:22,16567,16567,16567,8,8
2023-05-29 16:01:22,16566,16566,16566,2,-2
2023-05-29 16:01:22,16567,16567,16567,8,8
2023-05-29 16:01:22,16567,16567,16567,8,0
2023-05-29 16:01:22,16567,16567,16567,2,0
2023-05-29 16:01:25,16567,16567,16567,2,0
2023-05-29 16:01:33,16564,16564,16564,2,-2
2023-05-29 16:01:42,16564,16564,16564,2,0
2023-05-29 16:01:48,16564,16564,16564,2,0
2023-05-29 16:02:04,16564,16564,16564,2,0
2023-05-29 16:02:11,16563,16563,16563,2,-2
2023-05-29 16:02:11,16563,16563,16563,2,0
2023-05-29 16:02:15,16564,16564,16564,2,2
2023-05-29 16:02:15,16563,16563,16563,4,-4
2023-05-29 16:02:17,16563,16563,16563,2,0
2023-05-29 16:02:17,16563,16563,16563,2,0
2023-05-29 16:02:17,16563,16563,16563,2,0
2023-05-29 16:02:22,16563,16563,16563,2,0
2023-05-29 16:02:26,16563,16563,16563,2,0
2023-05-29 16:02:29,16562,16562,16562,2,-2
2023-05-29 16:02:34,16563,16563,16563,2,2
2023-05-29 16:02:37,16562,16562,16562,2,-2
2023-05-29 16:02:42,16562,16562,16562,2,0
2023-05-29 16:02:42,16562,16562,16562,2,0
2023-05-29 16:02:42,16562,16562,16562,2,0
2023-05-29 16:02:42,16562,16562,16562,4,0
2023-05-29 16:02:49,16562,16562,16562,6,0
2023-05-29 16:02:50,16563,16563,16563,2,2
2023-05-29 16:02:50,16562,16562,16562,2,-2
2023-05-29 16:02:54,16563,16563,16563,6,6
2023-05-29 16:03:00,16563,16563,16563,4,0
2023-05-29 16:03:00,16563,16563,16563,2,0
2023-05-29 16:03:04,16563,16563,16563,2,0
2023-05-29 16:03:07,16563,16563,16563,2,0
2023-05-29 16:03:12,16563,16563,16563,2,0
2023-05-29 16:03:23,16562,16562,16562,2,-2
2023-05-29 16:03:23,16562,16562,16562,2,0
2023-05-29 16:03:23,16562,16562,16562,2,0
2023-05-29 16:03:23,16562,16562,16562,2,0
2023-05-29 16:03:23,16562,16562,16562,4,0
2023-05-29 16:03:23,16562,16562,16562,6,0
2023-05-29 16:03:23,16562,16562,16562,2,0
2023-05-29 16:03:23,16562,16562,16562,2,0
2023-05-29 16:03:23,16562,16562,16562,2,0
2023-05-29 16:03:23,16561,16561,16561,2,-2
2023-05-29 16:03:23,16561,16561,16561,2,0
2023-05-29 16:03:37,16561,16561,16561,2,0
2023-05-29 16:03:39,16561,16561,16561,4,0
2023-05-29 16:03:39,16561,16561,16561,2,0
2023-05-29 16:03:39,16560,16560,16560,2,-2
2023-05-29 16:03:39,16560,16560,16560,2,0
2023-05-29 16:03:40,16560,16560,16560,2,0
2023-05-29 16:03:40,16560,16560,16560,2,0
2023-05-29 16:03:48,16561,16561,16561,2,2
2023-05-29 16:03:50,16561,16561,16561,2,0
2023-05-29 16:04:04,16561,16561,16561,2,0
2023-05-29 16:04:07,16561,16561,16561,2,0
2023-05-29 16:04:10,16561,16561,16561,2,0
2023-05-29 16:04:10,16561,16561,16561,2,0
2023-05-29 16:04:10,16561,16561,16561,4,0
2023-05-29 16:04:27,16562,16562,16562,2,2
2023-05-29 16:04:28,16561,16561,16561,2,-2
2023-05-29 16:04:37,16561,16561,16561,2,0
2023-05-29 16:04:37,16561,16561,16561,4,0
2023-05-29 16:04:40,16560,16560,16560,8,-8
2023-05-29 16:04:42,16560,16560,16560,2,0
2023-05-29 16:04:42,16560,16560,16560,2,0
2023-05-29 16:04:42,16560,16560,16560,2,0
2023-05-29 16:04:42,16560,16560,16560,4,0
2023-05-29 16:04:42,16560,16560,16560,2,0
2023-05-29 16:04:42,16560,16560,16560,2,0
2023-05-29 16:04:48,16560,16560,16560,2,0
2023-05-29 16:04:50,16559,16559,16559,2,-2
2023-05-29 16:04:50,16559,16559,16559,2,0
2023-05-29 16:04:50,16559,16559,16559,6,0
2023-05-29 16:04:50,16559,16559,16559,6,0
2023-05-29 16:04:50,16558,16558,16558,2,-2
2023-05-29 16:04:50,16558,16558,16558,2,0
2023-05-29 16:04:50,16558,16558,16558,2,0
2023-05-29 16:04:50,16558,16558,16558,2,0
2023-05-29 16:04:50,16558,16558,16558,2,0
2023-05-29 16:04:50,16558,16558,16558,2,0
2023-05-29 16:04:50,16558,16558,16558,2,0
2023-05-29 16:04:50,16558,16558,16558,2,0
2023-05-29 16:04:50,16558,16558,16558,2,0
2023-05-29 16:04:51,16559,16559,16559,2,2
2023-05-29 16:05:01,16559,16559,16559,2,0
2023-05-29 16:05:01,16558,16558,16558,2,-2
2023-05-29 16:05:02,16558,16558,16558,2,0
2023-05-29 16:05:08,16558,16558,16558,2,0
2023-05-29 16:05:11,16558,16558,16558,2,0
2023-05-29 16:05:13,16558,16558,16558,2,0
2023-05-29 16:05:13,16558,16558,16558,2,0
2023-05-29 16:05:13,16558,16558,16558,2,0
2023-05-29 16:05:13,16558,16558,16558,2,0
2023-05-29 16:05:13,16558,16558,16558,4,0
2023-05-29 16:05:13,16558,16558,16558,6,0
2023-05-29 16:05:13,16558,16558,16558,6,0
2023-05-29 16:05:13,16558,16558,16558,2,0
2023-05-29 16:05:13,16558,16558,16558,2,0
2023-05-29 16:05:13,16558,16558,16558,2,0
2023-05-29 16:05:13,16558,16558,16558,2,0
2023-05-29 16:05:18,16557,16557,16557,2,-2
2023-05-29 16:05:19,16557,16557,16557,2,0
2023-05-29 16:05:19,16557,16557,16557,2,0
2023-05-29 16:05:19,16557,16557,16557,2,0
2023-05-29 16:05:19,16557,16557,16557,2,0
2023-05-29 16:05:19,16557,16557,16557,2,0
2023-05-29 16:05:19,16557,16557,16557,6,0
2023-05-29 16:05:19,16557,16557,16557,2,0
2023-05-29 16:05:21,16557,16557,16557,2,0
2023-05-29 16:05:22,16558,16558,16558,4,4
2023-05-29 16:05:22,16557,16557,16557,2,-2
2023-05-29 16:05:22,16558,16558,16558,4,4
2023-05-29 16:05:30,16558,16558,16558,2,0
2023-05-29 16:05:30,16558,16558,16558,4,0
2023-05-29 16:05:32,16559,16559,16559,2,2
2023-05-29 16:05:35,16559,16559,16559,2,0
2023-05-29 16:05:40,16560,16560,16560,26,26
2023-05-29 16:05:40,16560,16560,16560,2,0
2023-05-29 16:05:40,16560,16560,16560,2,0
2023-05-29 16:05:44,16559,16559,16559,2,-2
2023-05-29 16:05:56,16561,16561,16561,6,6
2023-05-29 16:05:58,16561,16561,16561,16,0
2023-05-29 16:06:14,16561,16561,16561,2,0
2023-05-29 16:06:16,16561,16561,16561,4,0
2023-05-29 16:06:16,16561,16561,16561,4,0
2023-05-29 16:06:16,16561,16561,16561,2,0
2023-05-29 16:06:23,16562,16562,16562,2,2
2023-05-29 16:06:30,16560,16560,16560,2,-2
2023-05-29 16:06:30,16561,16561,16561,2,2
2023-05-29 16:06:31,16561,16561,16561,4,0
2023-05-29 16:06:32,16561,16561,16561,2,0
2023-05-29 16:06:40,16561,16561,16561,2,0
2023-05-29 16:06:40,16561,16561,16561,4,0
2023-05-29 16:06:40,16561,16561,16561,2,0
2023-05-29 16:06:40,16561,16561,16561,2,0
2023-05-29 16:06:53,16561,16561,16561,6,0
2023-05-29 16:07:05,16561,16561,16561,2,0
2023-05-29 16:07:14,16561,16561,16561,2,0
2023-05-29 16:07:15,16561,16561,16561,2,0
2023-05-29 16:07:23,16561,16561,16561,2,0
2023-05-29 16:07:26,16561,16561,16561,2,0
2023-05-29 16:07:30,16561,16561,16561,2,0
2023-05-29 16:07:34,16561,16561,16561,2,0
2023-05-29 16:07:34,16561,16561,16561,2,0
2023-05-29 16:07:43,16561,16561,16561,2,0
2023-05-29 16:07:52,16560,16560,16560,2,-2
2023-05-29 16:07:52,16560,16560,16560,2,0
2023-05-29 16:07:52,16560,16560,16560,6,0
2023-05-29 16:07:52,16560,16560,16560,2,0
2023-05-29 16:07:52,16560,16560,16560,2,0
2023-05-29 16:07:52,16560,16560,16560,2,0
2023-05-29 16:08:00,16560,16560,16560,2,0
2023-05-29 16:08:00,16560,16560,16560,4,0
2023-05-29 16:08:00,16560,16560,16560,2,0
2023-05-29 16:08:00,16560,16560,16560,2,0
2023-05-29 16:08:00,16560,16560,16560,2,0
2023-05-29 16:08:00,16560,16560,16560,2,0
2023-05-29 16:08:00,16560,16560,16560,2,0
2023-05-29 16:08:00,16559,16559,16559,2,-2
2023-05-29 16:08:08,16558,16558,16558,2,-2
2023-05-29 16:08:13,16559,16559,16559,2,2
2023-05-29 16:08:13,16559,16559,16559,2,0
2023-05-29 16:08:13,16559,16559,16559,2,0
2023-05-29 16:08:15,16559,16559,16559,4,0
2023-05-29 16:08:18,16560,16560,16560,2,2
2023-05-29 16:08:18,16558,16558,16558,2,-2
2023-05-29 16:08:24,16558,16558,16558,2,0
2023-05-29 16:08:36,16558,16558,16558,2,0
2023-05-29 16:08:37,16558,16558,16558,2,0
2023-05-29 16:08:37,16558,16558,16558,2,0
2023-05-29 16:08:43,16558,16558,16558,2,0
2023-05-29 16:08:43,16558,16558,16558,2,0
2023-05-29 16:08:43,16558,16558,16558,2,0
2023-05-29 16:08:53,16558,16558,16558,2,0
2023-05-29 16:08:53,16558,16558,16558,2,0
2023-05-29 16:08:54,16558,16558,16558,2,0
2023-05-29 16:08:55,16558,16558,16558,2,0
2023-05-29 16:08:56,16558,16558,16558,2,0
2023-05-29 16:08:57,16558,16558,16558,2,0
2023-05-29 16:09:03,16558,16558,16558,8,0
2023-05-29 16:09:03,16558,16558,16558,2,0
2023-05-29 16:09:04,16558,16558,16558,2,0
2023-05-29 16:09:04,16558,16558,16558,2,0
2023-05-29 16:09:04,16558,16558,16558,2,0
2023-05-29 16:09:04,16558,16558,16558,2,0
2023-05-29 16:09:04,16558,16558,16558,2,0
2023-05-29 16:09:04,16558,16558,16558,2,0
2023-05-29 16:09:04,16557,16557,16557,2,-2
2023-05-29 16:09:07,16557,16557,16557,2,0
2023-05-29 16:09:08,16557,16557,16557,2,0
2023-05-29 16:09:09,16558,16558,16558,2,2
2023-05-29 16:09:10,16557,16557,16557,2,-2
2023-05-29 16:09:10,16557,16557,16557,2,0
2023-05-29 16:09:10,16557,16557,16557,2,0
2023-05-29 16:09:10,16557,16557,16557,2,0
2023-05-29 16:09:15,16557,16557,16557,2,0
2023-05-29 16:09:15,16557,16557,16557,2,0
2023-05-29 16:09:19,16557,16557,16557,2,0
2023-05-29 16:09:26,16557,16557,16557,2,0
2023-05-29 16:09:26,16557,16557,16557,2,0
2023-05-29 16:09:26,16557,16557,16557,2,0
2023-05-29 16:09:26,16557,16557,16557,2,0
2023-05-29 16:09:29,16557,16557,16557,2,0
2023-05-29 16:09:36,16557,16557,16557,6,0
2023-05-29 16:09:38,16556,16556,16556,2,-2
2023-05-29 16:09:38,16556,16556,16556,2,0
2023-05-29 16:09:38,16556,16556,16556,2,0
2023-05-29 16:09:38,16556,16556,16556,4,0
2023-05-29 16:09:38,16556,16556,16556,2,0
2023-05-29 16:09:39,16556,16556,16556,2,0
2023-05-29 16:09:39,16556,16556,16556,2,0
2023-05-29 16:09:40,16556,16556,16556,2,0
2023-05-29 16:09:40,16556,16556,16556,2,0
2023-05-29 16:09:41,16556,16556,16556,12,0
2023-05-29 16:09:41,16556,16556,16556,2,0
2023-05-29 16:09:41,16556,16556,16556,2,0
2023-05-29 16:09:41,16556,16556,16556,2,0
2023-05-29 16:09:41,16556,16556,16556,2,0
2023-05-29 16:09:41,16556,16556,16556,2,0
2023-05-29 16:09:42,16556,16556,16556,2,0
2023-05-29 16:09:42,16556,16556,16556,2,0
2023-05-29 16:09:43,16556,16556,16556,2,0
2023-05-29 16:09:49,16556,16556,16556,4,0
2023-05-29 16:09:50,16555,16555,16555,2,-2
2023-05-29 16:09:50,16555,16555,16555,2,0
2023-05-29 16:09:50,16555,16555,16555,2,0
2023-05-29 16:09:50,16555,16555,16555,6,0
2023-05-29 16:09:50,16555,16555,16555,4,0
2023-05-29 16:09:50,16555,16555,16555,2,0
2023-05-29 16:09:52,16556,16556,16556,8,8
2023-05-29 16:09:53,16556,16556,16556,2,0
2023-05-29 16:09:58,16558,16558,16558,6,6
2023-05-29 16:10:01,16556,16556,16556,2,-2
2023-05-29 16:10:03,16556,16556,16556,2,0
2023-05-29 16:10:03,16556,16556,16556,4,0
2023-05-29 16:10:03,16556,16556,16556,4,0
2023-05-29 16:10:03,16556,16556,16556,2,0
2023-05-29 16:10:14,16555,16555,16555,4,-4
2023-05-29 16:10:14,16555,16555,16555,4,0
2023-05-29 16:10:14,16555,16555,16555,4,0
2023-05-29 16:10:14,16555,16555,16555,2,0
2023-05-29 16:10:14,16555,16555,16555,2,0
2023-05-29 16:10:18,16555,16555,16555,2,0
2023-05-29 16:10:22,16555,16555,16555,4,0
2023-05-29 16:10:22,16555,16555,16555,2,0
2023-05-29 16:10:24,16556,16556,16556,8,8
2023-05-29 16:10:27,16556,16556,16556,6,0
2023-05-29 16:10:28,16556,16556,16556,2,0
2023-05-29 16:10:28,16556,16556,16556,2,0
2023-05-29 16:10:29,16556,16556,16556,2,0
2023-05-29 16:10:30,16555,16555,16555,4,-4
2023-05-29 16:10:32,16556,16556,16556,2,2
2023-05-29 16:10:35,16556,16556,16556,2,0
2023-05-29 16:10:36,16556,16556,16556,2,0
2023-05-29 16:10:36,16556,16556,16556,2,0
2023-05-29 16:10:38,16555,16555,16555,2,-2
2023-05-29 16:10:38,16555,16555,16555,2,0
2023-05-29 16:10:39,16555,16555,16555,2,0
2023-05-29 16:10:39,16555,16555,16555,8,0
2023-05-29 16:10:44,16556,16556,16556,2,2
2023-05-29 16:10:47,16555,16555,16555,2,-2
2023-05-29 16:10:47,16555,16555,16555,2,0
2023-05-29 16:10:47,16555,16555,16555,2,0
2023-05-29 16:10:47,16556,16556,16556,2,2
2023-05-29 16:10:47,16555,16555,16555,2,-2
2023-05-29 16:10:48,16555,16555,16555,2,0
2023-05-29 16:10:48,16555,16555,16555,2,0
2023-05-29 16:10:49,16556,16556,16556,2,2
2023-05-29 16:10:51,16555,16555,16555,2,-2
2023-05-29 16:10:51,16555,16555,16555,2,0
2023-05-29 16:10:52,16555,16555,16555,2,0
2023-05-29 16:10:59,16555,16555,16555,2,0
2023-05-29 16:10:59,16556,16556,16556,2,2
2023-05-29 16:11:01,16555,16555,16555,2,-2
2023-05-29 16:11:01,16555,16555,16555,2,0
2023-05-29 16:11:04,16555,16555,16555,2,0
2023-05-29 16:11:04,16555,16555,16555,2,0
2023-05-29 16:11:04,16555,16555,16555,2,0
2023-05-29 16:11:04,16555,16555,16555,2,0
2023-05-29 16:11:04,16555,16555,16555,2,0
2023-05-29 16:11:04,16555,16555,16555,2,0
2023-05-29 16:11:04,16555,16555,16555,2,0
2023-05-29 16:11:04,16555,16555,16555,2,0
2023-05-29 16:11:04,16555,16555,16555,4,0
2023-05-29 16:11:07,16554,16554,16554,2,-2
2023-05-29 16:11:09,16554,16554,16554,2,0
2023-05-29 16:11:09,16554,16554,16554,2,0
2023-05-29 16:11:09,16554,16554,16554,2,0
2023-05-29 16:11:10,16554,16554,16554,2,0
2023-05-29 16:11:10,16554,16554,16554,4,0
2023-05-29 16:11:10,16554,16554,16554,2,0
2023-05-29 16:11:10,16554,16554,16554,2,0
2023-05-29 16:11:11,16554,16554,16554,2,0
2023-05-29 16:11:11,16554,16554,16554,2,0
2023-05-29 16:11:18,16554,16554,16554,2,0
2023-05-29 16:11:20,16553,16553,16553,2,-2
2023-05-29 16:11:20,16553,16553,16553,2,0
2023-05-29 16:11:20,16553,16553,16553,2,0
2023-05-29 16:11:25,16553,16553,16553,2,0
2023-05-29 16:11:26,16554,16554,16554,2,2
2023-05-29 16:11:26,16553,16553,16553,4,-4
2023-05-29 16:11:30,16553,16553,16553,2,0
2023-05-29 16:11:30,16553,16553,16553,2,0
2023-05-29 16:11:30,16553,16553,16553,2,0
2023-05-29 16:11:32,16554,16554,16554,2,2
2023-05-29 16:11:32,16553,16553,16553,2,-2
2023-05-29 16:11:32,16553,16553,16553,2,0
2023-05-29 16:11:32,16553,16553,16553,2,0
2023-05-29 16:11:33,16552,16552,16552,2,-2
2023-05-29 16:11:33,16553,16553,16553,2,2
2023-05-29 16:11:34,16552,16552,16552,2,-2
2023-05-29 16:11:34,16552,16552,16552,2,0
2023-05-29 16:11:38,16553,16553,16553,2,2
2023-05-29 16:11:39,16552,16552,16552,2,-2
2023-05-29 16:11:43,16552,16552,16552,2,0
2023-05-29 16:11:43,16552,16552,16552,2,0
2023-05-29 16:11:47,16552,16552,16552,2,0
2023-05-29 16:11:47,16552,16552,16552,2,0
2023-05-29 16:11:47,16552,16552,16552,2,0
2023-05-29 16:11:47,16552,16552,16552,2,0
2023-05-29 16:11:49,16552,16552,16552,2,0
2023-05-29 16:11:49,16552,16552,16552,2,0
2023-05-29 16:11:49,16552,16552,16552,2,0
2023-05-29 16:11:49,16552,16552,16552,2,0
2023-05-29 16:11:50,16552,16552,16552,2,0
2023-05-29 16:11:50,16553,16553,16553,2,2
2023-05-29 16:11:51,16553,16553,16553,2,0
2023-05-29 16:11:51,16553,16553,16553,2,0
2023-05-29 16:11:54,16553,16553,16553,2,0
2023-05-29 16:11:55,16552,16552,16552,4,-4
2023-05-29 16:11:55,16552,16552,16552,2,0
2023-05-29 16:11:55,16552,16552,16552,2,0
2023-05-29 16:11:56,16553,16553,16553,10,10
2023-05-29 16:11:56,16553,16553,16553,22,0
2023-05-29 16:11:58,16553,16553,16553,2,0
2023-05-29 16:11:58,16553,16553,16553,2,0
2023-05-29 16:11:58,16553,16553,16553,2,0
2023-05-29 16:11:59,16553,16553,16553,2,0
2023-05-29 16:11:59,16554,16554,16554,2,2
2023-05-29 16:11:59,16554,16554,16554,2,0
2023-05-29 16:12:02,16554,16554,16554,4,0
2023-05-29 16:12:02,16554,16554,16554,2,0
2023-05-29 16:12:02,16554,16554,16554,2,0
2023-05-29 16:12:02,16554,16554,16554,4,0
2023-05-29 16:12:02,16554,16554,16554,2,0
2023-05-29 16:12:02,16554,16554,16554,4,0
2023-05-29 16:12:02,16553,16553,16553,2,-2
2023-05-29 16:12:06,16555,16555,16555,2,2
2023-05-29 16:12:06,16555,16555,16555,2,0
2023-05-29 16:12:14,16554,16554,16554,2,-2
2023-05-29 16:12:14,16554,16554,16554,2,0
2023-05-29 16:12:14,16554,16554,16554,2,0
2023-05-29 16:12:22,16554,16554,16554,2,0
2023-05-29 16:12:22,16554,16554,16554,2,0
2023-05-29 16:12:22,16554,16554,16554,2,0
2023-05-29 16:12:28,16553,16553,16553,2,-2
2023-05-29 16:12:34,16553,16553,16553,2,0
2023-05-29 16:12:34,16553,16553,16553,2,0
2023-05-29 16:12:37,16553,16553,16553,2,0
2023-05-29 16:12:39,16553,16553,16553,2,0
2023-05-29 16:12:41,16552,16552,16552,2,-2
2023-05-29 16:12:41,16552,16552,16552,2,0
2023-05-29 16:12:41,16552,16552,16552,2,0
2023-05-29 16:12:41,16552,16552,16552,2,0
2023-05-29 16:12:41,16552,16552,16552,4,0
2023-05-29 16:12:41,16552,16552,16552,2,0
2023-05-29 16:12:42,16551,16551,16551,2,-2
2023-05-29 16:12:42,16551,16551,16551,2,0
2023-05-29 16:12:42,16551,16551,16551,2,0
2023-05-29 16:12:42,16551,16551,16551,2,0
2023-05-29 16:12:42,16551,16551,16551,2,0
2023-05-29 16:12:48,16552,16552,16552,2,2
2023-05-29 16:12:48,16552,16552,16552,2,0
2023-05-29 16:12:48,16551,16551,16551,4,-4
2023-05-29 16:12:49,16551,16551,16551,2,0
2023-05-29 16:12:50,16551,16551,16551,2,0
2023-05-29 16:12:56,16551,16551,16551,2,0
2023-05-29 16:12:59,16552,16552,16552,2,2
2023-05-29 16:13:00,16553,16553,16553,14,14
2023-05-29 16:13:04,16553,16553,16553,2,0
2023-05-29 16:13:06,16553,16553,16553,2,0
2023-05-29 16:13:06,16553,16553,16553,2,0
2023-05-29 16:13:06,16553,16553,16553,2,0
2023-05-29 16:13:11,16553,16553,16553,2,0
2023-05-29 16:13:11,16553,16553,16553,2,0
2023-05-29 16:13:12,16553,16553,16553,2,0
2023-05-29 16:13:13,16553,16553,16553,2,0
2023-05-29 16:13:14,16553,16553,16553,2,0
2023-05-29 16:13:14,16553,16553,16553,2,0
2023-05-29 16:13:14,16553,16553,16553,2,0
2023-05-29 16:13:17,16553,16553,16553,6,0
2023-05-29 16:13:19,16554,16554,16554,2,2
2023-05-29 16:13:28,16554,16554,16554,2,0
2023-05-29 16:13:28,16554,16554,16554,2,0
2023-05-29 16:13:34,16554,16554,16554,2,0
2023-05-29 16:13:37,16554,16554,16554,2,0
2023-05-29 16:13:41,16555,16555,16555,24,24
2023-05-29 16:13:45,16556,16556,16556,2,2
2023-05-29 16:13:47,16556,16556,16556,2,0
2023-05-29 16:13:52,16556,16556,16556,2,0
2023-05-29 16:13:59,16556,16556,16556,2,0
2023-05-29 16:13:59,16556,16556,16556,2,0
2023-05-29 16:13:59,16555,16555,16555,2,-2
2023-05-29 16:14:00,16555,16555,16555,4,0
2023-05-29 16:14:00,16555,16555,16555,4,0
2023-05-29 16:14:00,16555,16555,16555,2,0
2023-05-29 16:14:00,16555,16555,16555,2,0
2023-05-29 16:14:00,16555,16555,16555,2,0
2023-05-29 16:14:00,16555,16555,16555,2,0
2023-05-29 16:14:00,16555,16555,16555,2,0
2023-05-29 16:14:00,16555,16555,16555,2,0
2023-05-29 16:14:00,16555,16555,16555,2,0
2023-05-29 16:14:00,16555,16555,16555,2,0
2023-05-29 16:14:00,16555,16555,16555,2,0
2023-05-29 16:14:00,16555,16555,16555,2,0
2023-05-29 16:14:00,16555,16555,16555,2,0
2023-05-29 16:14:00,16555,16555,16555,2,0
2023-05-29 16:14:00,16555,16555,16555,2,0
2023-05-29 16:14:00,16555,16555,16555,2,0
2023-05-29 16:14:00,16555,16555,16555,2,0
2023-05-29 16:14:08,16556,16556,16556,4,4
2023-05-29 16:14:09,16555,16555,16555,2,-2
2023-05-29 16:14:10,16555,16555,16555,2,0
2023-05-29 16:14:20,16556,16556,16556,2,2
2023-05-29 16:14:20,16555,16555,16555,2,-2
2023-05-29 16:14:26,16556,16556,16556,4,4
2023-05-29 16:14:46,16556,16556,16556,2,0
2023-05-29 16:14:54,16556,16556,16556,4,0
2023-05-29 16:14:54,16556,16556,16556,2,0
2023-05-29 16:14:54,16556,16556,16556,2,0
2023-05-29 16:14:54,16556,16556,16556,2,0
2023-05-29 16:14:57,16557,16557,16557,2,2
2023-05-29 16:15:01,16557,16557,16557,2,0
2023-05-29 16:15:01,16557,16557,16557,2,0
2023-05-29 16:15:03,16556,16556,16556,2,-2
2023-05-29 16:15:03,16556,16556,16556,2,0
2023-05-29 16:15:03,16556,16556,16556,4,0
2023-05-29 16:15:03,16556,16556,16556,2,0
2023-05-29 16:15:03,16556,16556,16556,2,0
2023-05-29 16:15:11,16556,16556,16556,2,0
2023-05-29 16:15:13,16556,16556,16556,4,0
2023-05-29 16:15:14,16556,16556,16556,4,0
2023-05-29 16:15:15,16555,16555,16555,2,-2
2023-05-29 16:15:18,16556,16556,16556,4,4
2023-05-29 16:15:22,16556,16556,16556,2,0
2023-05-29 16:15:28,16556,16556,16556,2,0
2023-05-29 16:15:32,16556,16556,16556,2,0
2023-05-29 16:15:46,16556,16556,16556,2,0
2023-05-29 16:15:46,16556,16556,16556,2,0
2023-05-29 16:15:54,16556,16556,16556,2,0
2023-05-29 16:15:54,16555,16555,16555,2,-2
2023-05-29 16:15:54,16555,16555,16555,2,0
2023-05-29 16:16:01,16555,16555,16555,2,0
2023-05-29 16:16:01,16555,16555,16555,2,0
2023-05-29 16:16:01,16555,16555,16555,2,0
2023-05-29 16:16:01,16555,16555,16555,2,0
2023-05-29 16:16:02,16554,16554,16554,2,-2
2023-05-29 16:16:22,16553,16553,16553,2,-2
2023-05-29 16:16:22,16553,16553,16553,2,0
2023-05-29 16:16:22,16553,16553,16553,2,0
2023-05-29 16:16:22,16553,16553,16553,2,0
2023-05-29 16:16:22,16554,16554,16554,2,2
2023-05-29 16:16:26,16553,16553,16553,2,-2
2023-05-29 16:16:32,16553,16553,16553,2,0
2023-05-29 16:16:40,16555,16555,16555,2,2
2023-05-29 16:16:44,16555,16555,16555,2,0
2023-05-29 16:16:48,16555,16555,16555,2,0
2023-05-29 16:16:48,16555,16555,16555,6,0
2023-05-29 16:17:02,16555,16555,16555,2,0
2023-05-29 16:17:10,16555,16555,16555,2,0
2023-05-29 16:17:11,16555,16555,16555,2,0
2023-05-29 16:17:12,16555,16555,16555,2,0
2023-05-29 16:17:15,16555,16555,16555,2,0
2023-05-29 16:17:15,16554,16554,16554,4,-4
2023-05-29 16:17:26,16555,16555,16555,2,2
2023-05-29 16:17:48,16555,16555,16555,2,0
2023-05-29 16:17:50,16555,16555,16555,2,0
2023-05-29 16:17:50,16555,16555,16555,4,0
2023-05-29 16:17:50,16555,16555,16555,2,0
2023-05-29 16:17:51,16555,16555,16555,2,0
2023-05-29 16:17:51,16555,16555,16555,2,0
2023-05-29 16:17:51,16555,16555,16555,2,0
2023-05-29 16:18:00,16556,16556,16556,2,2
2023-05-29 16:18:03,16555,16555,16555,2,-2
2023-05-29 16:18:09,16555,16555,16555,4,0
2023-05-29 16:18:12,16556,16556,16556,4,4
2023-05-29 16:18:16,16557,16557,16557,2,2
2023-05-29 16:18:25,16556,16556,16556,2,-2
2023-05-29 16:18:27,16556,16556,16556,2,0
2023-05-29 16:18:27,16557,16557,16557,32,32
2023-05-29 16:18:31,16557,16557,16557,2,0
2023-05-29 16:18:38,16557,16557,16557,2,0
2023-05-29 16:18:38,16557,16557,16557,2,0
2023-05-29 16:18:47,16557,16557,16557,2,0
2023-05-29 16:18:52,16558,16558,16558,2,2
2023-05-29 16:18:52,16558,16558,16558,2,0
2023-05-29 16:18:59,16558,16558,16558,2,0
2023-05-29 16:19:11,16557,16557,16557,2,-2
2023-05-29 16:19:15,16557,16557,16557,2,0
2023-05-29 16:19:19,16557,16557,16557,2,0
