2019-12-24,15:00:00.095000,11981,11982,11980,33
2019-12-24,15:00:00.120000,11980,11981,11981,2
2019-12-24,15:00:00.176000,11980,11981,11980,4
2019-12-24,15:00:00.333000,11980,11981,11981,1
2019-12-24,15:00:00.336000,11980,11981,11980,1
2019-12-24,15:00:00.337000,11980,11981,11980,1
2019-12-24,15:00:00.349000,11980,11981,11980,9
2019-12-24,15:00:00.359000,11980,11981,11980,1
2019-12-24,15:00:00.431000,11979,11980,11980,1
2019-12-24,15:00:00.438000,11979,11980,11980,1
2019-12-24,15:00:00.506000,11979,11980,11980,1
2019-12-24,15:00:00.532000,11979,11980,11980,1
2019-12-24,15:00:00.552000,11979,11980,11980,2
2019-12-24,15:00:00.647000,11979,11980,11979,1
2019-12-24,15:00:00.732000,11979,11981,11979,2
2019-12-24,15:00:00.794000,11979,11980,11979,1
2019-12-24,15:00:00.860000,11979,11980,11979,1
2019-12-24,15:00:00.908000,11979,11980,11979,1
2019-12-24,15:00:00.910000,11979,11980,11979,1
2019-12-24,15:00:00.911000,11979,11980,11979,1
2019-12-24,15:00:00.914000,11979,11980,11979,1
2019-12-24,15:00:00.914000,11979,11980,11979,1
2019-12-24,15:00:00.914000,11979,11980,11979,1
2019-12-24,15:00:00.914000,11979,11980,11979,1
2019-12-24,15:00:00.914000,11979,11980,11979,1
2019-12-24,15:00:00.914000,11979,11980,11979,1
2019-12-24,15:00:00.914000,11979,11980,11978,3
2019-12-24,15:00:00.915000,11979,11980,11978,1
2019-12-24,15:00:00.915000,11979,11980,11978,1
2019-12-24,15:00:00.915000,11979,11980,11978,1
2019-12-24,15:00:00.916000,11979,11980,11978,1
2019-12-24,15:00:00.916000,11979,11980,11978,2
2019-12-24,15:00:01.082000,11978,11980,11980,1
2019-12-24,15:00:01.118000,11978,11980,11980,1
2019-12-24,15:00:01.142000,11978,11980,11979,1
2019-12-24,15:00:01.147000,11978,11980,11979,1
2019-12-24,15:00:01.206000,11978,11980,11978,2
2019-12-24,15:00:01.389000,11978,11980,11978,1
2019-12-24,15:00:01.643000,11978,11980,11979,2
2019-12-24,15:00:01.859000,11978,11979,11978,1
2019-12-24,15:00:01.907000,11978,11979,11978,1
2019-12-24,15:00:01.932000,11978,11979,11978,1
2019-12-24,15:00:01.992000,11978,11979,11979,2
2019-12-24,15:00:02.438000,11977,11979,11977,5
2019-12-24,15:00:02.502000,11977,11979,11979,2
2019-12-24,15:00:02.647000,11977,11979,11979,3
2019-12-24,15:00:02.846000,11977,11979,11977,3
2019-12-24,15:00:02.864000,11977,11979,11979,2
2019-12-24,15:00:02.893000,11977,11979,11979,5
2019-12-24,15:00:02.921000,11978,11979,11980,2
2019-12-24,15:00:03.123000,11978,11980,11979,1
2019-12-24,15:00:03.402000,11979,11981,11981,3
2019-12-24,15:00:03.418000,11979,11981,11981,2
2019-12-24,15:00:04.031000,11981,11982,11981,1
2019-12-24,15:00:04.089000,11981,11982,11981,1
2019-12-24,15:00:04.089000,11981,11982,11980,2
2019-12-24,15:00:04.236000,11980,11982,11982,1
2019-12-24,15:00:04.508000,11980,11982,11982,1
2019-12-24,15:00:04.527000,11980,11982,11980,1
2019-12-24,15:00:05.865000,11981,11982,11981,1
2019-12-24,15:00:07.610000,11981,11982,11981,2
2019-12-24,15:00:08.047000,11981,11982,11982,5
2019-12-24,15:00:08.273000,11981,11982,11982,1
2019-12-24,15:00:08.387000,11981,11982,11981,1
2019-12-24,15:00:11.128000,11981,11982,11982,3
2019-12-24,15:00:11.594000,11981,11983,11983,2
2019-12-24,15:00:11.904000,11981,11983,11983,1
2019-12-24,15:00:13.402000,11982,11983,11982,2
2019-12-24,15:00:14.913000,11982,11983,11982,1
2019-12-24,15:00:16.891000,11982,11983,11982,1
2019-12-24,15:00:19.119000,11981,11982,11982,2
2019-12-24,15:00:21.900000,11981,11982,11981,1
2019-12-24,15:00:21.900000,11981,11982,11981,2
2019-12-24,15:00:21.900000,11981,11982,11981,3
2019-12-24,15:00:21.900000,11981,11982,11981,3
2019-12-24,15:00:21.967000,11981,11982,11981,1
2019-12-24,15:00:25.140000,11980,11981,11981,1
2019-12-24,15:00:25.222000,11980,11981,11980,7
2019-12-24,15:00:25.287000,11979,11981,11980,1
2019-12-24,15:00:28.227000,11978,11979,11978,1
2019-12-24,15:00:28.758000,11978,11979,11978,1
2019-12-24,15:00:28.758000,11978,11979,11978,2
2019-12-24,15:00:28.758000,11978,11979,11978,2
2019-12-24,15:00:29.624000,11977,11978,11978,1
2019-12-24,15:00:31.748000,11977,11978,11978,1
2019-12-24,15:00:32.792000,11977,11978,11977,7
2019-12-24,15:00:32.900000,11977,11978,11977,11
2019-12-24,15:00:32.900000,11977,11978,11977,2
2019-12-24,15:00:32.900000,11977,11978,11977,2
2019-12-24,15:00:32.901000,11977,11978,11977,2
2019-12-24,15:00:32.901000,11977,11978,11977,3
2019-12-24,15:00:32.901000,11977,11978,11977,2
2019-12-24,15:00:32.901000,11977,11978,11977,1
2019-12-24,15:00:32.942000,11977,11978,11977,2
2019-12-24,15:00:33.025000,11977,11978,11977,2
2019-12-24,15:00:33.050000,11977,11978,11977,2
2019-12-24,15:00:33.076000,11977,11978,11977,2
2019-12-24,15:00:33.101000,11977,11978,11977,2
2019-12-24,15:00:33.874000,11976,11977,11977,1
2019-12-24,15:00:34.759000,11976,11977,11977,1
2019-12-24,15:00:34.876000,11976,11977,11977,1
2019-12-24,15:00:34.982000,11976,11977,11977,1
2019-12-24,15:00:35.234000,11976,11977,11977,1
2019-12-24,15:00:36.477000,11976,11977,11977,1
2019-12-24,15:00:38.713000,11976,11977,11976,3
2019-12-24,15:00:39.393000,11976,11977,11976,3
2019-12-24,15:00:39.562000,11976,11977,11976,1
2019-12-24,15:00:39.866000,11976,11977,11976,2
2019-12-24,15:00:40.605000,11976,11977,11977,1
2019-12-24,15:00:40.735000,11976,11977,11977,5
2019-12-24,15:00:41.169000,11976,11977,11977,1
2019-12-24,15:00:43.708000,11977,11978,11977,1
2019-12-24,15:00:43.775000,11977,11978,11978,2
2019-12-24,15:00:44.372000,11978,11979,11978,1
2019-12-24,15:00:44.549000,11978,11979,11979,1
2019-12-24,15:00:44.650000,11978,11979,11979,1
2019-12-24,15:00:48.212000,11979,11980,11979,2
2019-12-24,15:00:52.393000,11979,11980,11979,2
2019-12-24,15:00:54.660000,11979,11980,11979,1
2019-12-24,15:00:54.811000,11979,11980,11979,1
2019-12-24,15:00:57.596000,11979,11980,11979,10
2019-12-24,15:00:58.762000,11979,11980,11980,3
2019-12-24,15:00:59.373000,11979,11980,11979,2
2019-12-24,15:00:59.844000,11979,11980,11980,1
2019-12-24,15:01:00.119000,11979,11980,11979,1
2019-12-24,15:01:00.214000,11979,11980,11980,1
2019-12-24,15:01:00.737000,11979,11980,11979,4
2019-12-24,15:01:01.982000,11979,11980,11980,1
2019-12-24,15:01:06.636000,11979,11980,11979,7
2019-12-24,15:01:06.656000,11979,11980,11980,2
2019-12-24,15:01:06.657000,11979,11980,11980,1
2019-12-24,15:01:06.657000,11979,11980,11980,2
2019-12-24,15:01:06.657000,11979,11980,11980,2
2019-12-24,15:01:06.661000,11979,11980,11980,2
2019-12-24,15:01:06.661000,11979,11980,11980,2
2019-12-24,15:01:06.662000,11979,11980,11980,2
2019-12-24,15:01:06.662000,11979,11980,11980,2
2019-12-24,15:01:06.662000,11979,11980,11980,2
2019-12-24,15:01:06.666000,11979,11980,11980,1
2019-12-24,15:01:06.667000,11979,11980,11980,2
2019-12-24,15:01:06.667000,11979,11980,11980,2
2019-12-24,15:01:06.667000,11979,11980,11981,1
2019-12-24,15:01:06.667000,11979,11980,11981,2
2019-12-24,15:01:06.667000,11979,11980,11980,2
2019-12-24,15:01:06.667000,11979,11980,11981,3
2019-12-24,15:01:07.080000,11980,11981,11980,10
2019-12-24,15:01:07.190000,11980,11981,11980,1
2019-12-24,15:01:08.572000,11979,11981,11981,2
2019-12-24,15:01:13.040000,11980,11981,11980,1
2019-12-24,15:01:14.110000,11979,11980,11980,1
2019-12-24,15:01:15.552000,11979,11980,11980,2
2019-12-24,15:01:16.922000,11979,11980,11980,1
2019-12-24,15:01:17.545000,11979,11980,11979,10
2019-12-24,15:01:17.915000,11979,11980,11979,5
2019-12-24,15:01:20.788000,11978,11979,11978,7
2019-12-24,15:01:23.025000,11977,11978,11978,4
2019-12-24,15:01:24.455000,11978,11979,11979,1
2019-12-24,15:01:24.744000,11978,11979,11979,2
2019-12-24,15:01:24.957000,11978,11979,11978,10
2019-12-24,15:01:26.036000,11978,11979,11979,1
2019-12-24,15:01:27.093000,11978,11979,11978,1
2019-12-24,15:01:30.077000,11978,11979,11978,3
2019-12-24,15:01:30.558000,11978,11979,11978,3
2019-12-24,15:01:31.494000,11978,11979,11978,1
2019-12-24,15:01:32.285000,11978,11979,11978,1
2019-12-24,15:01:37.562000,11978,11979,11979,1
2019-12-24,15:01:39.025000,11978,11979,11978,5
2019-12-24,15:01:41.552000,11978,11979,11978,1
2019-12-24,15:01:41.606000,11978,11979,11978,1
2019-12-24,15:01:41.796000,11978,11979,11978,1
2019-12-24,15:01:44.045000,11978,11979,11979,1
2019-12-24,15:01:46.418000,11978,11979,11978,1
2019-12-24,15:01:48.278000,11978,11979,11979,2
2019-12-24,15:01:48.400000,11978,11979,11979,4
2019-12-24,15:01:50.065000,11979,11980,11979,2
2019-12-24,15:01:50.974000,11979,11980,11979,1
2019-12-24,15:01:56.647000,11979,11980,11979,1
2019-12-24,15:01:58.784000,11979,11980,11979,2
2019-12-24,15:01:59.487000,11979,11980,11979,1
2019-12-24,15:01:59.586000,11979,11980,11979,4
2019-12-24,15:02:00.128000,11979,11980,11979,1
2019-12-24,15:02:01.060000,11979,11980,11979,1
2019-12-24,15:02:04.151000,11979,11980,11979,2
2019-12-24,15:02:04.282000,11979,11980,11979,1
2019-12-24,15:02:04.283000,11979,11980,11978,1
2019-12-24,15:02:04.284000,11979,11980,11978,1
2019-12-24,15:02:04.284000,11979,11980,11978,1
2019-12-24,15:02:04.289000,11979,11980,11978,1
2019-12-24,15:02:04.289000,11979,11980,11978,1
2019-12-24,15:02:04.289000,11979,11980,11978,1
2019-12-24,15:02:04.291000,11979,11980,11978,1
2019-12-24,15:02:04.291000,11979,11980,11978,1
2019-12-24,15:02:04.291000,11979,11980,11978,1
2019-12-24,15:02:04.292000,11979,11980,11978,1
2019-12-24,15:02:04.292000,11979,11980,11978,1
2019-12-24,15:02:04.292000,11979,11980,11978,2
2019-12-24,15:02:04.293000,11979,11980,11978,1
2019-12-24,15:02:04.525000,11979,11980,11979,1
2019-12-24,15:02:05.168000,11979,11980,11979,1
2019-12-24,15:02:05.824000,11978,11979,11979,1
2019-12-24,15:02:06.547000,11979,11980,11979,1
2019-12-24,15:02:10.715000,11979,11980,11979,1
2019-12-24,15:02:15.079000,11979,11980,11979,1
2019-12-24,15:02:15.283000,11979,11980,11979,1
2019-12-24,15:02:27.148000,11979,11980,11980,1
2019-12-24,15:02:27.181000,11979,11980,11979,1
2019-12-24,15:02:28.212000,11979,11980,11980,1
2019-12-24,15:02:32.796000,11979,11980,11980,1
2019-12-24,15:02:33.353000,11979,11980,11980,1
2019-12-24,15:02:33.650000,11979,11980,11980,6
2019-12-24,15:02:33.775000,11979,11980,11980,1
2019-12-24,15:02:33.818000,11979,11980,11980,6
2019-12-24,15:02:35.804000,11980,11981,11981,2
2019-12-24,15:02:36.081000,11980,11981,11980,1
2019-12-24,15:02:36.426000,11980,11981,11981,1
2019-12-24,15:02:38.933000,11981,11982,11981,1
2019-12-24,15:02:40.350000,11981,11982,11981,1
2019-12-24,15:02:54.981000,11981,11982,11982,1
2019-12-24,15:02:56.132000,11981,11982,11981,1
2019-12-24,15:02:59.166000,11981,11982,11982,5
2019-12-24,15:03:00.137000,11981,11983,11981,1
2019-12-24,15:03:02.139000,11982,11983,11982,1
2019-12-24,15:03:02.552000,11982,11983,11982,1
2019-12-24,15:03:02.975000,11981,11982,11982,1
2019-12-24,15:03:07.973000,11981,11982,11982,2
2019-12-24,15:03:08.179000,11981,11982,11982,2
2019-12-24,15:03:08.514000,11981,11982,11982,1
2019-12-24,15:03:08.976000,11981,11982,11982,2
2019-12-24,15:03:12.980000,11981,11983,11981,1
2019-12-24,15:03:14.243000,11981,11982,11982,1
2019-12-24,15:03:21.685000,11981,11982,11982,1
2019-12-24,15:03:24.106000,11981,11982,11982,1
2019-12-24,15:03:25.333000,11981,11982,11982,1
2019-12-24,15:03:32.407000,11981,11982,11982,2
2019-12-24,15:03:33.803000,11981,11982,11982,1
2019-12-24,15:03:40.583000,11981,11982,11982,1
2019-12-24,15:03:43.118000,11981,11982,11982,1
2019-12-24,15:03:46.996000,11981,11982,11982,2
2019-12-24,15:03:47.379000,11981,11982,11982,1
2019-12-24,15:04:07.521000,11981,11982,11982,1
2019-12-24,15:04:11.510000,11981,11982,11982,1
2019-12-24,15:04:11.836000,11981,11982,11982,2
2019-12-24,15:04:12.518000,11981,11982,11982,2
2019-12-24,15:04:18.056000,11981,11982,11982,3
2019-12-24,15:04:29.787000,11981,11982,11982,1
2019-12-24,15:04:30.779000,11981,11982,11982,1
2019-12-24,15:04:36.320000,11981,11982,11982,1
2019-12-24,15:04:41.243000,11981,11982,11982,6
2019-12-24,15:04:41.560000,11981,11982,11982,13
2019-12-24,15:04:42.657000,11982,11983,11982,15
2019-12-24,15:04:43.033000,11982,11983,11983,2
2019-12-24,15:04:50.006000,11982,11983,11983,1
2019-12-24,15:04:52.319000,11982,11983,11983,2
2019-12-24,15:04:53.815000,11982,11983,11983,1
2019-12-24,15:04:54.760000,11982,11983,11982,2
2019-12-24,15:04:56.505000,11982,11983,11983,1
2019-12-24,15:04:57.697000,11982,11983,11983,1
2019-12-24,15:04:58.694000,11982,11983,11983,2
2019-12-24,15:05:02.695000,11982,11983,11983,14
2019-12-24,15:05:02.930000,11983,11984,11984,1
2019-12-24,15:05:09.790000,11983,11984,11984,1
2019-12-24,15:05:10.683000,11983,11984,11984,1
2019-12-24,15:05:11.964000,11983,11984,11984,1
2019-12-24,15:05:20.075000,11983,11984,11984,1
2019-12-24,15:05:20.912000,11983,11984,11984,1
2019-12-24,15:05:26.057000,11983,11984,11984,1
2019-12-24,15:05:27.688000,11983,11984,11984,1
2019-12-24,15:05:30.440000,11983,11984,11984,1
2019-12-24,15:05:31.178000,11983,11984,11984,1
2019-12-24,15:05:39.401000,11983,11984,11983,1
2019-12-24,15:05:43.311000,11983,11984,11984,2
2019-12-24,15:05:44.503000,11983,11984,11984,37
2019-12-24,15:05:44.503000,11983,11984,11984,3
2019-12-24,15:05:44.504000,11983,11984,11984,2
2019-12-24,15:05:44.504000,11983,11984,11984,1
2019-12-24,15:05:48.821000,11984,11985,11984,2
2019-12-24,15:05:51.380000,11984,11985,11985,1
2019-12-24,15:05:56.661000,11984,11985,11984,1
2019-12-24,15:05:58.976000,11984,11985,11985,1
2019-12-24,15:06:00.176000,11984,11985,11984,1
2019-12-24,15:06:10.226000,11984,11985,11984,1
2019-12-24,15:06:11.452000,11984,11985,11984,1
2019-12-24,15:06:12.765000,11984,11985,11985,35
2019-12-24,15:06:12.765000,11984,11985,11986,15
2019-12-24,15:06:13.024000,11985,11986,11986,1
2019-12-24,15:06:16.332000,11985,11986,11986,5
2019-12-24,15:06:17.790000,11985,11986,11986,1
2019-12-24,15:06:21.725000,11985,11986,11986,1
2019-12-24,15:06:23.213000,11985,11986,11986,1
2019-12-24,15:06:24.466000,11985,11986,11986,1
2019-12-24,15:06:26.326000,11985,11986,11986,1
2019-12-24,15:06:26.756000,11985,11986,11986,1
2019-12-24,15:06:39.190000,11985,11986,11986,1
2019-12-24,15:06:41.325000,11985,11986,11986,1
2019-12-24,15:06:47.334000,11985,11986,11986,1
2019-12-24,15:06:51.580000,11985,11986,11985,1
2019-12-24,15:06:53.879000,11985,11986,11986,2
2019-12-24,15:07:09.072000,11985,11986,11986,1
2019-12-24,15:07:16.619000,11985,11986,11985,1
2019-12-24,15:07:27.141000,11985,11986,11986,1
2019-12-24,15:07:29.711000,11985,11986,11985,8
2019-12-24,15:07:29.775000,11985,11986,11985,6
2019-12-24,15:07:30.259000,11984,11985,11985,1
2019-12-24,15:08:00.317000,11984,11985,11985,1
2019-12-24,15:08:06.820000,11984,11985,11985,10
2019-12-24,15:08:08.845000,11984,11985,11985,1
2019-12-24,15:08:10.455000,11984,11985,11985,2
2019-12-24,15:08:11.877000,11985,11986,11985,1
2019-12-24,15:08:20.703000,11985,11986,11985,1
2019-12-24,15:08:22.351000,11985,11986,11985,5
2019-12-24,15:08:22.867000,11985,11986,11986,1
2019-12-24,15:08:27.437000,11985,11986,11986,2
2019-12-24,15:08:34.014000,11985,11986,11985,1
2019-12-24,15:08:41.571000,11985,11986,11985,1
2019-12-24,15:08:56.258000,11985,11986,11985,1
2019-12-24,15:09:14.911000,11985,11986,11985,1
2019-12-24,15:09:22.882000,11985,11986,11985,3
2019-12-24,15:09:24.604000,11985,11986,11985,1
2019-12-24,15:09:25.807000,11985,11986,11985,1
2019-12-24,15:09:27.573000,11985,11986,11985,1
2019-12-24,15:09:30.537000,11985,11986,11985,4
2019-12-24,15:09:35.867000,11985,11986,11985,1
2019-12-24,15:09:41.370000,11985,11986,11985,1
2019-12-24,15:09:47.680000,11985,11986,11986,25
2019-12-24,15:09:47.817000,11985,11986,11986,5
2019-12-24,15:09:48.249000,11986,11987,11986,1
2019-12-24,15:09:55.801000,11986,11987,11987,1
2019-12-24,15:10:10.693000,11986,11987,11987,2
2019-12-24,15:10:16.273000,11986,11987,11987,1
2019-12-24,15:10:16.399000,11986,11987,11987,3
2019-12-24,15:10:22.129000,11986,11987,11987,1
2019-12-24,15:10:25.564000,11986,11987,11987,2
2019-12-24,15:10:28.566000,11986,11987,11987,3
2019-12-24,15:10:30.104000,11986,11987,11987,1
2019-12-24,15:10:30.494000,11986,11987,11987,15
2019-12-24,15:10:38.199000,11987,11988,11988,1
2019-12-24,15:10:41.553000,11987,11988,11988,1
2019-12-24,15:10:42.816000,11987,11988,11988,1
2019-12-24,15:10:45.216000,11987,11988,11988,1
2019-12-24,15:10:45.669000,11987,11988,11988,10
2019-12-24,15:10:45.775000,11987,11988,11988,2
2019-12-24,15:10:45.960000,11988,11989,11989,2
2019-12-24,15:10:46.496000,11988,11989,11989,1
2019-12-24,15:10:46.524000,11988,11989,11988,1
2019-12-24,15:10:47.020000,11988,11989,11989,1
2019-12-24,15:10:47.235000,11988,11989,11988,2
2019-12-24,15:10:47.474000,11988,11989,11989,2
2019-12-24,15:10:50.211000,11988,11989,11989,2
2019-12-24,15:10:51.347000,11988,11989,11989,1
2019-12-24,15:10:54.985000,11988,11989,11989,1
2019-12-24,15:10:56.606000,11988,11989,11989,1
2019-12-24,15:10:58.625000,11988,11989,11989,1
2019-12-24,15:10:59.566000,11988,11989,11989,1
2019-12-24,15:11:10.783000,11988,11989,11989,1
2019-12-24,15:11:15.339000,11988,11989,11989,2
2019-12-24,15:11:24.947000,11988,11989,11989,1
2019-12-24,15:11:27.539000,11988,11989,11989,1
2019-12-24,15:11:32.207000,11988,11989,11988,25
2019-12-24,15:11:34.518000,11988,11989,11988,2
2019-12-24,15:11:35.309000,11988,11989,11989,2
2019-12-24,15:11:37.104000,11988,11989,11988,1
2019-12-24,15:11:39.266000,11988,11989,11988,1
2019-12-24,15:11:39.514000,11987,11988,11988,1
2019-12-24,15:11:44.069000,11987,11988,11987,7
2019-12-24,15:11:49.424000,11987,11988,11987,1
2019-12-24,15:11:54.738000,11987,11988,11987,1
2019-12-24,15:11:54.878000,11987,11988,11987,1
2019-12-24,15:11:55.025000,11987,11988,11987,33
2019-12-24,15:11:58.194000,11986,11987,11986,1
2019-12-24,15:11:58.403000,11986,11987,11987,7
2019-12-24,15:12:02.082000,11986,11987,11987,3
2019-12-24,15:12:16.213000,11986,11987,11986,1
2019-12-24,15:12:23.189000,11986,11987,11986,1
2019-12-24,15:12:37.087000,11986,11987,11986,1
2019-12-24,15:12:40.009000,11986,11987,11986,1
2019-12-24,15:12:53.753000,11986,11987,11986,1
2019-12-24,15:12:58.219000,11986,11987,11986,2
2019-12-24,15:13:16.505000,11986,11987,11986,8
2019-12-24,15:13:17.529000,11986,11987,11986,1
2019-12-24,15:13:22.087000,11986,11987,11986,1
2019-12-24,15:13:22.157000,11986,11987,11987,1
2019-12-24,15:13:29.660000,11986,11987,11986,4
2019-12-24,15:13:37.101000,11986,11987,11986,1
2019-12-24,15:13:53.490000,11986,11987,11986,1
2019-12-24,15:13:53.648000,11986,11987,11986,1
2019-12-24,15:13:54.269000,11986,11987,11986,1
2019-12-24,15:13:55.178000,11986,11987,11986,1
2019-12-24,15:13:55.700000,11986,11987,11986,1
2019-12-24,15:13:56.280000,11986,11987,11986,1
2019-12-24,15:13:56.844000,11986,11987,11986,1
2019-12-24,15:13:57.449000,11986,11987,11986,1
2019-12-24,15:13:58.095000,11986,11987,11986,1
2019-12-24,15:13:58.798000,11986,11987,11986,1
2019-12-24,15:14:05.017000,11986,11987,11986,1
2019-12-24,15:14:06.108000,11986,11987,11986,1
2019-12-24,15:14:07.212000,11986,11987,11986,1
2019-12-24,15:14:11.442000,11986,11987,11986,13
2019-12-24,15:14:37.211000,11985,11986,11985,1
2019-12-24,15:14:37.297000,11985,11986,11986,1
2019-12-24,15:14:37.429000,11985,11986,11986,1
2019-12-24,15:14:37.438000,11985,11986,11986,1
2019-12-24,15:14:39.254000,11985,11986,11986,2
2019-12-24,15:14:42.609000,11985,11986,11985,1
2019-12-24,15:14:42.700000,11985,11986,11986,1
2019-12-24,15:15:10.174000,11985,11986,11986,1
2019-12-24,15:15:10.235000,11985,11986,11986,27
2019-12-24,15:15:10.236000,11985,11986,11986,1
2019-12-24,15:15:10.275000,11986,11987,11986,3
2019-12-24,15:15:20.531000,11986,11987,11986,1
2019-12-24,15:15:29.124000,11986,11987,11986,1
2019-12-24,15:15:49.854000,11986,11987,11987,2
2019-12-24,15:15:51.437000,11986,11987,11986,1
2019-12-24,15:15:59.006000,11986,11987,11987,1
2019-12-24,15:16:02.058000,11986,11987,11987,1
2019-12-24,15:16:12.177000,11986,11987,11987,1
2019-12-24,15:16:15.737000,11986,11987,11987,1
2019-12-24,15:16:18.932000,11986,11987,11987,1
2019-12-24,15:16:24.323000,11986,11987,11987,1
2019-12-24,15:16:25.902000,11986,11987,11987,1
2019-12-24,15:16:25.995000,11986,11987,11987,1
2019-12-24,15:16:36.808000,11986,11987,11987,1
2019-12-24,15:16:38.501000,11986,11987,11986,2
2019-12-24,15:16:38.554000,11986,11987,11987,1
2019-12-24,15:16:40.399000,11986,11987,11987,9
2019-12-24,15:16:52.463000,11987,11988,11987,1
2019-12-24,15:17:10.037000,11986,11987,11987,2
2019-12-24,15:17:18.213000,11986,11987,11987,1
2019-12-24,15:17:34.625000,11986,11987,11987,5
2019-12-24,15:17:46.916000,11987,11988,11987,1
2019-12-24,15:17:52.416000,11987,11988,11987,1
2019-12-24,15:17:55.741000,11987,11988,11987,5
2019-12-24,15:18:01.205000,11987,11988,11987,1
2019-12-24,15:18:04.018000,11987,11988,11988,1
2019-12-24,15:18:06.284000,11987,11988,11987,1
2019-12-24,15:18:16.294000,11987,11988,11987,1
2019-12-24,15:18:31.873000,11987,11988,11987,1
2019-12-24,15:18:39.829000,11987,11988,11988,1
2019-12-24,15:18:39.926000,11987,11988,11987,1
2019-12-24,15:19:00.372000,11987,11988,11987,3
2019-12-24,15:19:19.402000,11987,11988,11988,2
2019-12-24,15:19:19.670000,11987,11988,11988,1
2019-12-24,15:19:28.107000,11987,11988,11988,9
2019-12-24,15:19:32.034000,11987,11988,11988,1
2019-12-24,15:19:33.230000,11987,11988,11988,2
2019-12-24,15:19:33.346000,11987,11988,11988,1
2019-12-24,15:19:48.901000,11987,11988,11988,1
2019-12-24,15:19:49.183000,11987,11988,11988,1
2019-12-24,15:19:51.064000,11987,11988,11988,1
2019-12-24,15:19:53.117000,11987,11988,11987,2
2019-12-24,15:19:55.841000,11987,11988,11987,1
2019-12-24,15:20:04.363000,11987,11988,11988,2
2019-12-24,15:20:08.846000,11987,11988,11987,2
2019-12-24,15:20:21.961000,11987,11988,11987,2
2019-12-24,15:20:22.043000,11987,11988,11988,1
2019-12-24,15:20:22.045000,11987,11988,11988,1
2019-12-24,15:20:26.459000,11987,11988,11988,1
2019-12-24,15:20:26.525000,11987,11988,11988,1
2019-12-24,15:20:26.525000,11987,11988,11988,1
2019-12-24,15:20:26.650000,11987,11988,11988,1
2019-12-24,15:20:26.650000,11987,11988,11988,1
2019-12-24,15:20:26.775000,11987,11988,11988,1
2019-12-24,15:20:26.775000,11987,11988,11988,3
2019-12-24,15:20:26.775000,11987,11988,11988,1
2019-12-24,15:20:26.775000,11987,11988,11988,3
2019-12-24,15:20:26.775000,11987,11988,11988,3
2019-12-24,15:20:26.775000,11987,11988,11988,2
2019-12-24,15:20:26.775000,11987,11988,11988,1
2019-12-24,15:21:01.595000,11988,11989,11988,1
2019-12-24,15:21:02.149000,11988,11989,11988,1
2019-12-24,15:21:07.413000,11988,11989,11988,2
2019-12-24,15:21:07.533000,11988,11989,11988,1
2019-12-24,15:21:20.880000,11988,11989,11988,1
2019-12-24,15:21:21.902000,11988,11989,11988,1
2019-12-24,15:21:30.281000,11988,11989,11988,1
2019-12-24,15:21:55.871000,11988,11989,11989,1
2019-12-24,15:21:58.677000,11988,11989,11989,1
2019-12-24,15:22:10.717000,11988,11989,11988,2
2019-12-24,15:22:11.528000,11988,11989,11988,1
2019-12-24,15:22:30.077000,11988,11989,11988,1
2019-12-24,15:22:51.620000,11988,11989,11988,1
2019-12-24,15:22:54.820000,11988,11989,11988,1
2019-12-24,15:23:00.736000,11988,11989,11988,1
2019-12-24,15:23:04.902000,11988,11989,11988,1
2019-12-24,15:23:05.979000,11988,11989,11988,1
2019-12-24,15:23:08.134000,11988,11989,11988,1
2019-12-24,15:23:10.282000,11988,11989,11988,1
2019-12-24,15:23:10.282000,11988,11989,11988,4
2019-12-24,15:23:10.400000,11988,11989,11988,1
2019-12-24,15:23:14.741000,11988,11989,11988,1
2019-12-24,15:23:15.275000,11988,11989,11988,10
2019-12-24,15:23:15.400000,11988,11989,11988,1
2019-12-24,15:23:15.758000,11987,11988,11988,2
2019-12-24,15:23:47.558000,11987,11988,11988,1
2019-12-24,15:23:56.635000,11987,11988,11988,5
2019-12-24,15:23:57.547000,11987,11988,11988,1
2019-12-24,15:24:03.180000,11987,11988,11987,1
2019-12-24,15:24:35.667000,11987,11988,11987,4
2019-12-24,15:24:37.837000,11987,11988,11987,1
2019-12-24,15:24:55.128000,11987,11988,11987,1
2019-12-24,15:25:00.260000,11987,11988,11987,1
2019-12-24,15:25:09.780000,11987,11988,11987,1
2019-12-24,15:25:10.890000,11987,11988,11987,1
2019-12-24,15:25:17.687000,11987,11988,11987,1
2019-12-24,15:25:32.185000,11987,11988,11987,1
2019-12-24,15:25:38.010000,11987,11988,11987,5
2019-12-24,15:25:38.233000,11987,11988,11988,1
2019-12-24,15:25:47.103000,11987,11988,11988,1
2019-12-24,15:25:57.442000,11987,11988,11988,5
2019-12-24,15:25:58.891000,11987,11988,11988,5
2019-12-24,15:26:13.602000,11988,11989,11988,1
2019-12-24,15:26:24.850000,11988,11989,11988,1
2019-12-24,15:26:48.077000,11988,11989,11988,2
2019-12-24,15:26:48.159000,11988,11989,11989,1
2019-12-24,15:26:48.160000,11988,11989,11989,1
2019-12-24,15:26:48.160000,11988,11989,11989,1
2019-12-24,15:26:48.160000,11988,11989,11989,1
2019-12-24,15:26:48.161000,11988,11989,11989,1
2019-12-24,15:26:48.164000,11988,11989,11989,1
2019-12-24,15:26:48.165000,11988,11989,11989,1
2019-12-24,15:26:48.168000,11988,11989,11989,1
2019-12-24,15:26:48.304000,11988,11989,11989,1
2019-12-24,15:27:02.702000,11988,11989,11988,1
2019-12-24,15:27:03.506000,11988,11989,11988,1
2019-12-24,15:27:06.204000,11988,11989,11988,1
2019-12-24,15:27:13.735000,11988,11989,11988,1
2019-12-24,15:27:13.810000,11988,11989,11988,2
2019-12-24,15:27:16.769000,11988,11989,11988,1
2019-12-24,15:27:19.990000,11988,11989,11988,1
2019-12-24,15:27:20.698000,11988,11989,11988,2
2019-12-24,15:27:28.164000,11987,11988,11988,1
2019-12-24,15:27:52.607000,11987,11988,11988,1
2019-12-24,15:28:06.545000,11987,11988,11987,1
2019-12-24,15:28:29.582000,11987,11988,11987,2
2019-12-24,15:28:30.017000,11987,11988,11987,1
2019-12-24,15:28:43.578000,11987,11988,11987,1
2019-12-24,15:28:44.002000,11987,11988,11987,1
2019-12-24,15:28:50.316000,11987,11988,11987,1
2019-12-24,15:29:01.685000,11987,11988,11987,1
2019-12-24,15:29:02.646000,11987,11988,11987,1
2019-12-24,15:29:19.529000,11987,11988,11987,1
2019-12-24,15:29:32.690000,11987,11988,11987,1
2019-12-24,15:30:01.258000,11987,11988,11987,1
2019-12-24,15:30:01.685000,11987,11988,11987,1
2019-12-24,15:30:02.226000,11987,11988,11987,1
2019-12-24,15:30:30.814000,11987,11988,11987,1
2019-12-24,15:31:01.144000,11987,11988,11987,1
2019-12-24,15:31:30.744000,11987,11988,11987,1
2019-12-24,15:32:01.074000,11987,11988,11987,1
2019-12-24,15:32:01.186000,11987,11988,11987,1
2019-12-24,15:32:13.630000,11987,11988,11987,1
2019-12-24,15:32:13.645000,11987,11988,11987,1
2019-12-24,15:32:15.569000,11987,11988,11987,1
2019-12-24,15:32:15.597000,11987,11988,11987,1
2019-12-24,15:32:18.468000,11987,11988,11987,1
2019-12-24,15:32:22.454000,11987,11988,11987,1
2019-12-24,15:32:25.810000,11987,11988,11988,1
2019-12-24,15:32:26.617000,11987,11988,11987,1
2019-12-24,15:32:41.216000,11987,11988,11987,1
2019-12-24,15:32:45.645000,11987,11988,11987,8
2019-12-24,15:32:53.595000,11987,11988,11987,1
2019-12-24,15:32:57.023000,11987,11988,11987,1
2019-12-24,15:33:04.043000,11987,11988,11987,3
2019-12-24,15:33:05.204000,11987,11988,11987,3
2019-12-24,15:33:09.650000,11987,11988,11987,3
2019-12-24,15:33:10.463000,11987,11988,11987,1
2019-12-24,15:33:10.805000,11987,11988,11987,1
2019-12-24,15:33:17.362000,11987,11988,11987,1
2019-12-24,15:33:19.205000,11987,11988,11987,1
2019-12-24,15:33:19.650000,11987,11988,11987,1
2019-12-24,15:33:19.775000,11987,11988,11987,3
2019-12-24,15:33:31.035000,11986,11987,11986,2
2019-12-24,15:33:31.035000,11986,11987,11986,2
2019-12-24,15:33:31.035000,11986,11987,11986,1
2019-12-24,15:33:32.314000,11985,11986,11985,1
2019-12-24,15:33:32.450000,11985,11986,11985,1
2019-12-24,15:33:44.657000,11985,11986,11985,1
2019-12-24,15:33:50.641000,11985,11986,11985,1
2019-12-24,15:33:52.555000,11985,11986,11985,5
2019-12-24,15:33:52.737000,11985,11986,11985,5
2019-12-24,15:33:58.685000,11985,11986,11985,3
2019-12-24,15:33:59.137000,11984,11985,11985,1
2019-12-24,15:34:15.070000,11984,11985,11984,1
2019-12-24,15:34:15.071000,11984,11985,11984,2
2019-12-24,15:34:15.071000,11984,11985,11984,1
2019-12-24,15:34:15.334000,11984,11985,11984,10
2019-12-24,15:34:15.341000,11984,11985,11984,1
2019-12-24,15:34:15.347000,11984,11985,11984,4
2019-12-24,15:34:15.355000,11984,11985,11984,1
2019-12-24,15:34:15.583000,11984,11985,11984,1
2019-12-24,15:34:16.103000,11984,11985,11984,1
2019-12-24,15:34:34.273000,11984,11985,11984,1
2019-12-24,15:34:44.890000,11984,11985,11984,1
2019-12-24,15:34:51.767000,11984,11985,11984,1
2019-12-24,15:34:53.293000,11984,11985,11984,1
2019-12-24,15:34:58.699000,11984,11985,11984,1
2019-12-24,15:35:01.375000,11984,11985,11984,1
2019-12-24,15:35:01.601000,11984,11985,11984,1
2019-12-24,15:35:03.939000,11984,11985,11984,1
2019-12-24,15:35:06.342000,11984,11985,11984,1
2019-12-24,15:35:15.888000,11984,11985,11984,1
2019-12-24,15:35:26.810000,11984,11985,11985,25
2019-12-24,15:35:26.900000,11984,11985,11985,1
2019-12-24,15:35:26.901000,11984,11985,11985,2
2019-12-24,15:35:33.336000,11984,11986,11984,2
2019-12-24,15:35:41.369000,11984,11985,11984,1
2019-12-24,15:35:47.203000,11984,11985,11984,1
2019-12-24,15:35:57.451000,11984,11985,11984,3
2019-12-24,15:35:59.230000,11984,11985,11984,10
2019-12-24,15:36:01.932000,11984,11985,11985,3
2019-12-24,15:36:11.558000,11985,11986,11985,1
2019-12-24,15:36:19.044000,11985,11986,11986,25
2019-12-24,15:36:45.228000,11985,11986,11986,1
2019-12-24,15:36:45.871000,11985,11986,11986,1
2019-12-24,15:36:48.494000,11985,11986,11986,1
2019-12-24,15:37:06.900000,11985,11986,11986,5
2019-12-24,15:37:26.548000,11986,11987,11986,1
2019-12-24,15:37:27.642000,11986,11987,11986,1
2019-12-24,15:37:38.726000,11986,11987,11986,1
2019-12-24,15:37:40.659000,11986,11987,11986,1
2019-12-24,15:37:42.160000,11986,11987,11986,1
2019-12-24,15:38:17.523000,11985,11986,11986,2
2019-12-24,15:38:20.723000,11985,11986,11986,1
2019-12-24,15:39:37.715000,11985,11986,11985,1
2019-12-24,15:40:00.920000,11985,11986,11985,1
2019-12-24,15:40:25.662000,11985,11986,11985,1
2019-12-24,15:40:26.604000,11985,11986,11985,1
2019-12-24,15:40:26.665000,11985,11986,11986,1
2019-12-24,15:40:26.667000,11985,11986,11986,1
2019-12-24,15:41:10.453000,11985,11986,11986,5
2019-12-24,15:41:29.150000,11985,11986,11985,1
2019-12-24,15:41:33.172000,11985,11986,11985,1
2019-12-24,15:41:33.285000,11985,11986,11986,1
2019-12-24,15:41:44.656000,11985,11986,11986,5
2019-12-24,15:41:46.818000,11985,11986,11986,1
2019-12-24,15:41:46.860000,11985,11986,11986,5
2019-12-24,15:41:51.105000,11985,11986,11986,1
2019-12-24,15:42:20.161000,11985,11986,11985,1
2019-12-24,15:42:30.860000,11985,11986,11985,1
2019-12-24,15:43:01.170000,11985,11986,11985,1
2019-12-24,15:43:02.731000,11985,11986,11986,5
2019-12-24,15:43:05.446000,11985,11986,11986,2
2019-12-24,15:43:05.446000,11985,11986,11986,1
2019-12-24,15:43:05.446000,11985,11986,11986,1
2019-12-24,15:43:10.280000,11985,11986,11986,1
2019-12-24,15:43:11.465000,11985,11986,11985,2
2019-12-24,15:43:29.630000,11985,11986,11985,2
2019-12-24,15:43:45.006000,11985,11986,11985,1
2019-12-24,15:43:47.753000,11985,11986,11986,3
2019-12-24,15:43:47.753000,11985,11986,11987,2
2019-12-24,15:43:50.520000,11986,11987,11986,1
2019-12-24,15:44:19.537000,11985,11986,11986,1
2019-12-24,15:44:20.663000,11986,11987,11986,1
2019-12-24,15:44:31.046000,11986,11987,11986,1
2019-12-24,15:44:50.528000,11985,11987,11987,1
2019-12-24,15:44:52.436000,11985,11987,11987,1
2019-12-24,15:45:05.707000,11985,11987,11987,1
2019-12-24,15:45:06.405000,11985,11987,11987,5
2019-12-24,15:45:06.405000,11985,11987,11987,5
2019-12-24,15:45:30.008000,11986,11987,11986,2
2019-12-24,15:45:34.322000,11986,11987,11987,5
2019-12-24,15:45:42.363000,11987,11988,11987,3
2019-12-24,15:46:24.537000,11987,11988,11987,1
2019-12-24,15:46:25.598000,11987,11988,11988,16
2019-12-24,15:47:01.242000,11987,11988,11988,1
2019-12-24,15:47:01.428000,11987,11988,11988,1
2019-12-24,15:47:06.712000,11987,11988,11988,1
2019-12-24,15:47:09.251000,11987,11988,11988,1
2019-12-24,15:47:21.810000,11987,11988,11988,1
2019-12-24,15:47:30.193000,11987,11988,11987,1
2019-12-24,15:47:31.384000,11987,11988,11987,1
2019-12-24,15:48:00.211000,11987,11988,11987,1
2019-12-24,15:48:16.311000,11987,11988,11987,1
2019-12-24,15:48:23.348000,11987,11988,11988,2
2019-12-24,15:48:36.321000,11987,11988,11988,1
2019-12-24,15:48:56.984000,11987,11988,11988,1
2019-12-24,15:49:01.515000,11987,11988,11988,1
2019-12-24,15:49:08.774000,11987,11988,11987,1
2019-12-24,15:49:30.586000,11987,11988,11987,1
2019-12-24,15:50:01.014000,11987,11988,11987,1
2019-12-24,15:50:22.836000,11987,11988,11987,1
2019-12-24,15:50:29.941000,11987,11988,11987,1
2019-12-24,15:50:30.032000,11987,11988,11988,1
2019-12-24,15:50:42.056000,11987,11988,11988,1
2019-12-24,15:50:51.585000,11987,11988,11988,4
2019-12-24,15:51:18.216000,11987,11988,11987,1
2019-12-24,15:51:19.927000,11987,11988,11988,2
2019-12-24,15:51:20.040000,11987,11988,11987,1
2019-12-24,15:51:45.130000,11987,11988,11987,2
2019-12-24,15:52:00.581000,11987,11988,11987,1
2019-12-24,15:52:30.137000,11987,11988,11987,1
2019-12-24,15:53:00.556000,11987,11988,11987,1
2019-12-24,15:53:31.154000,11987,11988,11987,1
2019-12-24,15:54:00.008000,11987,11988,11987,1
2019-12-24,15:54:11.143000,11987,11988,11987,31
2019-12-24,15:54:11.150000,11987,11988,11987,8
2019-12-24,15:54:11.150000,11987,11988,11987,8
2019-12-24,15:54:11.507000,11986,11987,11987,1
2019-12-24,15:54:25.395000,11986,11987,11986,30
2019-12-24,15:54:46.289000,11985,11986,11985,2
2019-12-24,15:54:47.465000,11985,11986,11985,1
2019-12-24,15:54:47.877000,11985,11986,11985,1
2019-12-24,15:54:59.446000,11985,11986,11985,1
2019-12-24,15:55:00.793000,11985,11986,11985,1
2019-12-24,15:55:05.248000,11985,11986,11985,1
2019-12-24,15:55:06.102000,11985,11986,11985,1
2019-12-24,15:55:06.711000,11985,11986,11985,7
2019-12-24,15:55:06.775000,11985,11986,11985,5
2019-12-24,15:55:06.775000,11985,11986,11985,5
2019-12-24,15:55:08.824000,11984,11985,11984,3
2019-12-24,15:55:09.946000,11984,11985,11984,1
2019-12-24,15:55:11.027000,11984,11985,11984,1
2019-12-24,15:55:12.162000,11984,11985,11985,5
2019-12-24,15:55:12.164000,11984,11985,11985,2
2019-12-24,15:55:15.125000,11984,11985,11984,1
2019-12-24,15:55:22.274000,11984,11985,11984,1
2019-12-24,15:55:27.371000,11984,11985,11985,8
2019-12-24,15:55:33.507000,11985,11986,11985,1
2019-12-24,15:55:51.967000,11985,11986,11985,2
2019-12-24,15:55:57.981000,11985,11986,11985,2
2019-12-24,15:56:14.818000,11985,11986,11985,1
2019-12-24,15:56:15.767000,11985,11986,11985,1
2019-12-24,15:56:25.730000,11985,11986,11985,3
2019-12-24,15:56:30.967000,11985,11986,11985,1
2019-12-24,15:56:40.530000,11985,11986,11985,15
2019-12-24,15:56:51.535000,11984,11985,11984,2
2019-12-24,15:56:53.755000,11984,11985,11984,1
2019-12-24,15:57:18.978000,11984,11985,11984,2
2019-12-24,15:57:21.551000,11984,11985,11984,2
2019-12-24,15:57:22.864000,11984,11985,11984,1
2019-12-24,15:57:37.589000,11984,11985,11984,1
2019-12-24,15:57:38.804000,11984,11985,11984,1
2019-12-24,15:57:40.880000,11984,11985,11984,1
2019-12-24,15:57:48.020000,11984,11985,11985,25
2019-12-24,15:58:21.525000,11984,11985,11985,1
2019-12-24,15:58:43.295000,11985,11986,11985,2
2019-12-24,15:58:46.394000,11985,11986,11986,19
2019-12-24,15:58:56.531000,11986,11987,11986,2
2019-12-24,15:58:57.039000,11986,11987,11987,1
2019-12-24,15:59:11.745000,11986,11987,11987,1
2019-12-24,15:59:19.101000,11986,11987,11987,1
2019-12-24,15:59:22.351000,11986,11987,11987,1
2019-12-24,15:59:28.065000,11986,11987,11987,1
2019-12-24,15:59:29.246000,11986,11987,11987,1
2019-12-24,15:59:44.359000,11986,11987,11987,2
2019-12-24,16:00:17.016000,11986,11987,11986,2
2019-12-24,16:00:17.016000,11986,11987,11986,2
2019-12-24,16:00:18.855000,11985,11986,11986,2
2019-12-24,16:00:21.362000,11985,11986,11985,1
2019-12-24,16:00:21.499000,11985,11986,11985,1
2019-12-24,16:00:31.773000,11985,11986,11986,1
2019-12-24,16:00:42.911000,11985,11986,11986,1
2019-12-24,16:01:23.474000,11985,11986,11986,1
2019-12-24,16:01:23.663000,11985,11986,11986,1
2019-12-24,16:01:47.714000,11986,11987,11986,1
2019-12-24,16:02:11.775000,11985,11986,11986,1
2019-12-24,16:02:11.916000,11985,11987,11987,1
2019-12-24,16:02:11.923000,11985,11987,11987,1
2019-12-24,16:02:37.971000,11985,11987,11985,1
2019-12-24,16:02:38.425000,11985,11987,11987,1
2019-12-24,16:02:47.318000,11985,11987,11987,2
2019-12-24,16:03:20.694000,11986,11987,11987,1
2019-12-24,16:03:46.789000,11986,11987,11986,1
2019-12-24,16:03:48.814000,11986,11987,11986,1
2019-12-24,16:04:03.777000,11986,11987,11986,1
2019-12-24,16:04:30.124000,11986,11987,11986,1
2019-12-24,16:04:51.362000,11986,11987,11986,1
2019-12-24,16:05:04.639000,11986,11987,11986,1
2019-12-24,16:05:10.609000,11986,11987,11986,1
2019-12-24,16:05:31.443000,11986,11987,11986,1
2019-12-24,16:06:01.054000,11986,11987,11986,1
2019-12-24,16:06:04.881000,11986,11987,11986,2
2019-12-24,16:06:08.209000,11985,11986,11985,16
2019-12-24,16:06:08.317000,11984,11986,11984,1
2019-12-24,16:06:11.171000,11985,11986,11985,1
2019-12-24,16:06:11.829000,11985,11986,11985,1
2019-12-24,16:06:20.956000,11985,11986,11985,2
2019-12-24,16:07:16.386000,11985,11986,11985,1
2019-12-24,16:07:29.402000,11984,11985,11984,1
2019-12-24,16:07:43.718000,11984,11985,11985,2
2019-12-24,16:07:44.439000,11984,11985,11984,1
2019-12-24,16:07:55.951000,11984,11985,11984,1
2019-12-24,16:08:05.527000,11984,11985,11984,4
2019-12-24,16:08:06.304000,11984,11985,11984,1
2019-12-24,16:08:07.735000,11984,11985,11984,1
2019-12-24,16:08:08.900000,11983,11984,11984,1
2019-12-24,16:08:15.056000,11983,11985,11984,1
2019-12-24,16:08:27.880000,11984,11985,11984,1
2019-12-24,16:08:31.525000,11984,11985,11984,1
2019-12-24,16:08:40.771000,11984,11985,11984,1
2019-12-24,16:08:52.901000,11984,11985,11984,3
2019-12-24,16:09:27.585000,11984,11985,11984,1
2019-12-24,16:09:28.573000,11984,11985,11984,1
2019-12-24,16:09:29.550000,11984,11985,11984,1
2019-12-24,16:09:30.994000,11984,11985,11984,1
2019-12-24,16:09:33.940000,11984,11985,11984,1
2019-12-24,16:09:34.059000,11984,11985,11984,2
2019-12-24,16:09:35.014000,11983,11984,11984,1
2019-12-24,16:10:36.948000,11984,11985,11984,1
2019-12-24,16:10:49.382000,11984,11985,11984,2
2019-12-24,16:10:59.155000,11984,11985,11985,1
2019-12-24,16:11:28.947000,11984,11985,11984,1
2019-12-24,16:11:49.278000,11984,11985,11984,1
2019-12-24,16:12:16.426000,11984,11985,11984,1
2019-12-24,16:12:18.128000,11984,11985,11985,1
2019-12-24,16:13:07.348000,11984,11985,11984,1
2019-12-24,16:13:09.685000,11984,11985,11984,2
2019-12-24,16:13:34.525000,11984,11985,11984,1
2019-12-24,16:13:34.666000,11984,11985,11985,1
2019-12-24,16:13:44.921000,11984,11985,11984,3
2019-12-24,16:13:45.387000,11984,11985,11984,1
2019-12-24,16:14:00.190000,11984,11985,11985,1
2019-12-24,16:14:13.059000,11984,11985,11984,5
2019-12-24,16:14:32.068000,11984,11985,11984,5
2019-12-24,16:15:06.902000,11984,11985,11984,1
2019-12-24,16:15:07.983000,11984,11985,11984,1
2019-12-24,16:15:42.635000,11984,11985,11985,5
2019-12-24,16:15:47.563000,11984,11985,11985,2
2019-12-24,16:15:57.222000,11984,11985,11985,1
2019-12-24,16:16:09.943000,11984,11985,11984,1
2019-12-24,16:16:26.610000,11984,11985,11985,2
2019-12-24,16:17:15.054000,11984,11985,11985,2
2019-12-24,16:18:11.008000,11984,11985,11984,1
2019-12-24,16:18:34.284000,11984,11985,11984,1
2019-12-24,16:18:34.400000,11984,11985,11984,1
2019-12-24,16:18:34.468000,11984,11985,11984,1
2019-12-24,16:18:34.525000,11984,11985,11984,2
2019-12-24,16:18:34.525000,11984,11985,11984,1
2019-12-24,16:18:34.650000,11984,11985,11984,1
2019-12-24,16:18:34.650000,11984,11985,11984,1
2019-12-24,16:18:34.900000,11984,11985,11984,2
2019-12-24,16:18:46.401000,11983,11984,11983,11
2019-12-24,16:18:46.829000,11983,11984,11983,1
2019-12-24,16:18:50.147000,11983,11984,11983,3
2019-12-24,16:18:52.026000,11983,11984,11983,1
2019-12-24,16:18:55.647000,11983,11984,11983,2
2019-12-24,16:18:57.631000,11983,11984,11983,3
2019-12-24,16:18:57.779000,11983,11984,11983,2
2019-12-24,16:18:57.984000,11983,11984,11983,2
2019-12-24,16:18:58.275000,11983,11984,11983,4
2019-12-24,16:19:02.775000,11982,11983,11983,1
2019-12-24,16:19:03.150000,11982,11983,11983,3
2019-12-24,16:19:03.819000,11982,11984,11982,1
2019-12-24,16:19:03.844000,11982,11984,11982,5
2019-12-24,16:19:04.191000,11982,11984,11982,1
2019-12-24,16:19:09.275000,11982,11983,11983,2
2019-12-24,16:19:14.594000,11982,11983,11982,1
2019-12-24,16:19:19.509000,11982,11983,11983,5
2019-12-24,16:19:30.961000,11982,11983,11983,2
2019-12-24,16:19:31.105000,11982,11983,11982,1
2019-12-24,16:19:32.211000,11982,11983,11983,1
2019-12-24,16:19:34.466000,11982,11983,11983,1
2019-12-24,16:19:40.564000,11982,11983,11983,1
2019-12-24,16:19:55.621000,11982,11983,11983,1
2019-12-24,16:20:18.542000,11983,11984,11983,1
2019-12-24,16:20:52.394000,11983,11984,11983,1
2019-12-24,16:21:01.407000,11983,11984,11984,1
2019-12-24,16:21:04.300000,11983,11984,11983,1
2019-12-24,16:22:21.219000,11983,11984,11983,1
2019-12-24,16:22:21.289000,11983,11984,11984,1
2019-12-24,16:23:01.839000,11983,11984,11983,1
2019-12-24,16:23:15.867000,11983,11984,11983,4
2019-12-24,16:23:22.002000,11983,11984,11983,1
2019-12-24,16:23:31.372000,11983,11984,11983,1
2019-12-24,16:23:47.205000,11983,11984,11983,1
2019-12-24,16:23:47.943000,11983,11984,11983,2
2019-12-24,16:24:08.920000,11982,11983,11983,1
2019-12-24,16:24:24.106000,11983,11984,11983,1
2019-12-24,16:24:29.330000,11982,11983,11982,2
2019-12-24,16:24:30.758000,11982,11983,11982,1
2019-12-24,16:24:30.783000,11982,11983,11982,2
2019-12-24,16:24:30.827000,11982,11983,11982,1
2019-12-24,16:24:30.829000,11982,11983,11982,2
2019-12-24,16:24:30.943000,11982,11983,11982,1
2019-12-24,16:24:31.281000,11982,11983,11982,2
2019-12-24,16:24:31.314000,11982,11983,11982,1
2019-12-24,16:24:31.363000,11982,11983,11982,1
2019-12-24,16:24:31.388000,11982,11983,11982,2
2019-12-24,16:24:31.484000,11982,11983,11982,1
2019-12-24,16:24:31.722000,11982,11983,11982,1
2019-12-24,16:24:42.033000,11982,11983,11982,1
2019-12-24,16:24:42.547000,11982,11983,11982,1
2019-12-24,16:24:49.629000,11982,11983,11982,1
2019-12-24,16:24:52.905000,11982,11983,11982,1
2019-12-24,16:25:07.230000,11982,11983,11982,1
2019-12-24,16:25:07.275000,11982,11983,11982,2
2019-12-24,16:25:07.275000,11982,11983,11982,1
2019-12-24,16:25:15.151000,11982,11983,11982,1
2019-12-24,16:25:26.531000,11982,11983,11983,1
2019-12-24,16:25:40.880000,11982,11983,11983,1
2019-12-24,16:25:52.815000,11982,11983,11983,1
2019-12-24,16:26:04.056000,11982,11983,11983,1
2019-12-24,16:26:04.150000,11982,11983,11983,2
2019-12-24,16:26:05.046000,11982,11983,11983,1
2019-12-24,16:26:10.379000,11982,11983,11983,1
2019-12-24,16:26:11.856000,11982,11983,11983,4
2019-12-24,16:26:18.692000,11982,11983,11982,1
2019-12-24,16:26:33.029000,11982,11983,11982,1
2019-12-24,16:26:33.711000,11982,11983,11982,1
2019-12-24,16:26:52.748000,11982,11983,11983,2
2019-12-24,16:26:54.642000,11982,11983,11982,1
2019-12-24,16:27:04.230000,11982,11983,11982,1
2019-12-24,16:27:14.400000,11982,11983,11983,2
2019-12-24,16:28:07.500000,11983,11984,11983,2
2019-12-24,16:28:24.534000,11983,11984,11983,1
2019-12-24,16:28:54.647000,11983,11984,11983,4
2019-12-24,16:29:22.249000,11982,11983,11983,1
2019-12-24,16:29:51.400000,11983,11984,11983,1
2019-12-24,16:29:57.900000,11983,11984,11983,1
2019-12-24,16:30:01.033000,11982,11984,11982,2
2019-12-24,16:30:56.898000,11983,11984,11983,1
2019-12-24,16:31:04.788000,11982,11984,11982,1
2019-12-24,16:31:34.435000,11982,11984,11982,1
2019-12-24,16:31:50.485000,11983,11984,11983,1
2019-12-24,16:32:08.557000,11982,11983,11983,1
2019-12-24,16:32:10.090000,11982,11983,11982,1
2019-12-24,16:32:44.904000,11982,11983,11983,1
2019-12-24,16:32:45.038000,11982,11983,11983,1
2019-12-24,16:32:45.038000,11982,11983,11983,1
2019-12-24,16:32:45.040000,11982,11983,11983,1
2019-12-24,16:32:45.040000,11982,11983,11984,1
2019-12-24,16:32:45.040000,11982,11983,11984,1
2019-12-24,16:32:45.043000,11982,11983,11984,1
2019-12-24,16:32:45.044000,11982,11983,11984,1
2019-12-24,16:32:45.047000,11982,11983,11984,1
2019-12-24,16:33:10.804000,11983,11984,11984,1
2019-12-24,16:33:11.543000,11983,11984,11984,1
2019-12-24,16:33:31.302000,11983,11984,11984,1
2019-12-24,16:33:55.083000,11983,11984,11983,13
2019-12-24,16:34:23.471000,11983,11984,11983,1
2019-12-24,16:34:25.027000,11983,11984,11983,4
2019-12-24,16:34:27.546000,11983,11984,11983,2
2019-12-24,16:34:30.222000,11983,11984,11983,1
2019-12-24,16:34:55.458000,11983,11984,11983,1
2019-12-24,16:35:10.685000,11983,11984,11984,1
2019-12-24,16:36:05.363000,11983,11984,11984,12
2019-12-24,16:36:05.529000,11983,11984,11984,2
2019-12-24,16:36:07.691000,11983,11984,11984,1
2019-12-24,16:36:14.733000,11983,11984,11984,1
2019-12-24,16:36:14.901000,11983,11984,11984,2
2019-12-24,16:37:07.288000,11984,11985,11984,1
2019-12-24,16:37:17.011000,11984,11985,11984,3
2019-12-24,16:37:36.131000,11984,11985,11984,2
2019-12-24,16:38:08.254000,11983,11985,11985,2
2019-12-24,16:38:23.913000,11984,11985,11984,2
2019-12-24,16:38:54.201000,11983,11984,11983,1
2019-12-24,16:39:02.746000,11983,11984,11983,2
2019-12-24,16:39:27.717000,11983,11984,11983,1
2019-12-24,16:39:44.064000,11983,11984,11984,2
2019-12-24,16:39:58.777000,11983,11984,11984,1
2019-12-24,16:40:31.801000,11983,11984,11983,2
2019-12-24,16:40:55.695000,11983,11984,11983,1
2019-12-24,16:41:34.524000,11983,11984,11983,2
2019-12-24,16:42:30.984000,11983,11984,11983,1
2019-12-24,16:43:10.938000,11983,11984,11983,1
2019-12-24,16:43:39.854000,11983,11984,11983,1
2019-12-24,16:43:39.911000,11983,11984,11984,1
2019-12-24,16:43:39.913000,11983,11984,11984,1
2019-12-24,16:43:39.919000,11983,11984,11984,1
2019-12-24,16:44:27.843000,11983,11984,11984,2
2019-12-24,16:45:05.381000,11983,11984,11983,2
2019-12-24,16:45:21.732000,11983,11984,11984,1
2019-12-24,16:45:22.095000,11983,11984,11984,1
2019-12-24,16:46:12.264000,11983,11984,11984,1
2019-12-24,16:47:34.951000,11983,11984,11984,1
2019-12-24,16:50:05.460000,11983,11984,11984,1
2019-12-24,16:50:21.036000,11983,11984,11984,5
2019-12-24,16:50:32.160000,11983,11984,11983,1
2019-12-24,16:50:32.297000,11983,11984,11984,1
2019-12-24,16:51:25.487000,11983,11984,11984,1
2019-12-24,16:51:50.185000,11983,11984,11984,1
2019-12-24,16:52:14.278000,11983,11984,11983,10
2019-12-24,16:52:24.713000,11983,11984,11984,4
2019-12-24,16:52:53.785000,11983,11984,11984,15
2019-12-24,16:52:53.894000,11983,11984,11984,2
2019-12-24,16:52:53.894000,11983,11984,11984,2
2019-12-24,16:52:53.894000,11983,11984,11984,1
2019-12-24,16:52:53.900000,11983,11984,11984,4
2019-12-24,16:52:53.900000,11983,11984,11984,5
2019-12-24,16:52:53.900000,11983,11984,11984,4
2019-12-24,16:53:14.998000,11984,11985,11984,1
2019-12-24,16:53:30.545000,11984,11985,11985,10
2019-12-24,16:53:35.291000,11984,11985,11985,3
2019-12-24,16:53:35.882000,11984,11985,11985,16
2019-12-24,16:53:35.900000,11984,11985,11985,1
2019-12-24,16:53:38.409000,11984,11985,11985,2
2019-12-24,16:53:39.792000,11984,11985,11985,1
2019-12-24,16:53:39.818000,11984,11985,11985,1
2019-12-24,16:53:40.050000,11984,11985,11985,1
2019-12-24,16:53:56.288000,11984,11985,11985,1
2019-12-24,16:54:00.981000,11984,11985,11985,1
2019-12-24,16:54:03.572000,11984,11985,11985,1
2019-12-24,16:54:16.829000,11984,11985,11985,1
2019-12-24,16:54:30.519000,11984,11985,11985,1
2019-12-24,16:54:31.126000,11984,11985,11985,1
2019-12-24,16:55:06.147000,11984,11985,11985,1
2019-12-24,16:55:45.839000,11984,11985,11985,1
2019-12-24,16:56:26.867000,11984,11985,11985,1
2019-12-24,16:56:27.555000,11984,11985,11985,1
2019-12-24,16:56:29.167000,11984,11985,11985,1
2019-12-24,16:56:37.167000,11984,11985,11985,2
2019-12-24,16:56:45.462000,11984,11985,11985,1
2019-12-24,16:57:18.771000,11984,11985,11985,1
2019-12-24,16:57:34.584000,11984,11985,11985,1
2019-12-24,16:57:55.713000,11984,11985,11984,1
2019-12-24,16:57:55.775000,11984,11985,11984,1
2019-12-24,16:59:19.022000,11984,11985,11984,4
2019-12-24,16:59:19.023000,11984,11985,11984,3
2019-12-24,16:59:19.023000,11984,11985,11984,2
2019-12-24,16:59:19.023000,11984,11985,11984,1
2019-12-24,16:59:54.707000,11983,11984,11983,3
2019-12-24,17:00:16.237000,11983,11984,11984,6
2019-12-24,17:02:00.548000,11983,11985,11983,2
2019-12-24,17:02:44.150000,11983,11984,11984,1
2019-12-24,17:03:34.313000,11984,11985,11984,1
2019-12-24,17:06:01.214000,11984,11985,11985,1
2019-12-24,17:06:01.255000,11984,11985,11985,1
2019-12-24,17:06:01.492000,11984,11985,11985,1
2019-12-24,17:06:01.524000,11984,11985,11985,1
2019-12-24,17:06:25.880000,11984,11985,11985,21
2019-12-24,17:06:25.880000,11984,11985,11986,9
2019-12-24,17:06:33.882000,11985,11986,11986,24
2019-12-24,17:06:33.882000,11985,11986,11987,6
2019-12-24,17:06:33.955000,11986,11987,11986,1
2019-12-24,17:06:34.008000,11986,11987,11986,1
2019-12-24,17:06:55.381000,11986,11987,11986,2
2019-12-24,17:07:05.990000,11986,11987,11986,4
2019-12-24,17:07:06.254000,11985,11986,11986,2
2019-12-24,17:07:11.428000,11985,11986,11986,1
2019-12-24,17:07:11.599000,11985,11986,11986,3
2019-12-24,17:07:11.599000,11985,11986,11986,3
2019-12-24,17:07:28.453000,11986,11987,11987,1
2019-12-24,17:07:34.175000,11986,11987,11987,1
2019-12-24,17:08:04.667000,11986,11987,11987,1
2019-12-24,17:08:10.969000,11986,11987,11986,1
2019-12-24,17:08:24.592000,11986,11987,11986,1
2019-12-24,17:08:56.010000,11986,11987,11987,1
2019-12-24,17:09:19.123000,11986,11987,11986,3
2019-12-24,17:09:33.947000,11986,11987,11986,1
2019-12-24,17:09:46.118000,11986,11987,11986,2
2019-12-24,17:09:50.345000,11986,11987,11987,1
2019-12-24,17:09:52.308000,11986,11987,11986,1
2019-12-24,17:09:55.949000,11986,11987,11986,1
2019-12-24,17:10:01.213000,11986,11987,11986,2
2019-12-24,17:10:12.642000,11986,11987,11986,1
2019-12-24,17:10:44.199000,11986,11987,11987,1
2019-12-24,17:10:50.794000,11986,11987,11987,1
2019-12-24,17:10:58.994000,11986,11987,11987,1
2019-12-24,17:11:18.877000,11986,11987,11987,1
2019-12-24,17:11:41.298000,11986,11987,11987,1
2019-12-24,17:11:58.673000,11986,11987,11987,1
2019-12-24,17:12:04.653000,11986,11987,11986,1
2019-12-24,17:12:20.967000,11986,11987,11986,1
2019-12-24,17:13:47.534000,11986,11987,11986,4
2019-12-24,17:14:10.363000,11986,11987,11986,1
2019-12-24,17:14:23.032000,11986,11987,11986,4
2019-12-24,17:14:28.182000,11986,11987,11986,12
2019-12-24,17:14:29.899000,11985,11986,11986,1
2019-12-24,17:14:44.985000,11985,11987,11987,3
2019-12-24,17:15:37.775000,11986,11987,11987,6
2019-12-24,17:15:37.900000,11986,11987,11987,3
2019-12-24,17:15:37.900000,11986,11987,11987,1
2019-12-24,17:15:38.025000,11986,11987,11987,13
2019-12-24,17:15:38.150000,11986,11987,11987,5
2019-12-24,17:15:38.150000,11986,11987,11987,3
2019-12-24,17:15:38.150000,11986,11987,11987,3
2019-12-24,17:15:38.150000,11986,11987,11987,1
2019-12-24,17:15:38.150000,11986,11987,11987,7
2019-12-24,17:15:42.747000,11987,11988,11988,1
2019-12-24,17:15:42.863000,11987,11988,11988,5
2019-12-24,17:15:43.371000,11987,11988,11988,1
2019-12-24,17:15:43.468000,11987,11988,11988,1
2019-12-24,17:15:47.975000,11987,11988,11988,1
2019-12-24,17:15:57.514000,11987,11988,11988,1
2019-12-24,17:15:58.633000,11987,11988,11988,1
2019-12-24,17:16:00.489000,11987,11988,11988,1
2019-12-24,17:16:06.613000,11987,11988,11988,2
2019-12-24,17:16:14.153000,11987,11988,11988,1
2019-12-24,17:16:14.286000,11987,11988,11988,2
2019-12-24,17:16:19.430000,11987,11988,11988,1
2019-12-24,17:17:01.234000,11987,11988,11987,1
2019-12-24,17:17:01.563000,11987,11988,11988,1
2019-12-24,17:17:22.568000,11987,11988,11988,1
2019-12-24,17:17:26.885000,11987,11988,11988,1
2019-12-24,17:17:29.564000,11987,11988,11988,1
2019-12-24,17:17:33.334000,11987,11988,11988,1
2019-12-24,17:17:33.845000,11987,11988,11988,1
2019-12-24,17:17:47.445000,11987,11988,11988,12
2019-12-24,17:17:47.525000,11987,11988,11988,3
2019-12-24,17:17:47.525000,11987,11988,11988,3
2019-12-24,17:17:47.525000,11987,11988,11988,3
2019-12-24,17:17:47.526000,11987,11988,11988,3
2019-12-24,17:17:47.650000,11987,11988,11988,3
2019-12-24,17:17:47.650000,11987,11988,11988,1
2019-12-24,17:17:47.650000,11987,11988,11988,1
2019-12-24,17:17:47.650000,11987,11988,11988,1
2019-12-24,17:17:52.298000,11988,11989,11988,2
2019-12-24,17:17:53.922000,11988,11989,11988,3
2019-12-24,17:17:56.724000,11988,11989,11988,2
2019-12-24,17:17:57.321000,11988,11989,11988,5
2019-12-24,17:18:01.715000,11988,11989,11989,2
2019-12-24,17:18:01.791000,11988,11989,11989,10
2019-12-24,17:18:01.855000,11988,11989,11989,5
2019-12-24,17:18:01.856000,11988,11989,11989,5
2019-12-24,17:18:01.870000,11988,11989,11989,4
2019-12-24,17:18:01.870000,11988,11989,11990,5
2019-12-24,17:18:01.920000,11988,11990,11990,1
2019-12-24,17:18:01.965000,11988,11990,11990,3
2019-12-24,17:18:02.053000,11988,11990,11990,2
2019-12-24,17:18:02.067000,11988,11990,11990,1
2019-12-24,17:18:02.070000,11988,11990,11990,1
2019-12-24,17:18:02.081000,11988,11990,11990,4
2019-12-24,17:18:02.134000,11988,11990,11990,4
2019-12-24,17:18:02.207000,11989,11990,11990,1
2019-12-24,17:18:02.287000,11989,11990,11990,5
2019-12-24,17:18:02.293000,11989,11990,11990,1
2019-12-24,17:18:02.388000,11989,11990,11990,1
2019-12-24,17:18:02.400000,11989,11990,11990,2
2019-12-24,17:18:02.400000,11989,11990,11991,3
2019-12-24,17:18:02.493000,11989,11990,11990,2
2019-12-24,17:18:02.570000,11989,11990,11991,5
2019-12-24,17:18:02.650000,11989,11991,11991,2
2019-12-24,17:18:02.737000,11989,11991,11991,1
2019-12-24,17:18:02.774000,11989,11991,11991,2
2019-12-24,17:18:02.817000,11989,11991,11991,1
2019-12-24,17:18:03.052000,11989,11991,11991,4
2019-12-24,17:18:03.262000,11989,11991,11991,1
2019-12-24,17:18:03.447000,11989,11991,11991,2
2019-12-24,17:18:03.449000,11989,11991,11991,2
2019-12-24,17:18:05.232000,11989,11991,11989,2
2019-12-24,17:18:12.923000,11989,11990,11990,1
2019-12-24,17:18:21.396000,11989,11990,11990,1
2019-12-24,17:18:24.949000,11989,11990,11990,1
2019-12-24,17:18:27.664000,11989,11990,11990,1
2019-12-24,17:18:30.693000,11989,11990,11990,1
2019-12-24,17:18:33.285000,11989,11990,11990,1
2019-12-24,17:18:42.646000,11989,11990,11989,1
2019-12-24,17:18:59.494000,11989,11990,11990,1
2019-12-24,17:19:12.644000,11989,11990,11990,1
2019-12-24,17:19:13.284000,11989,11990,11990,2
2019-12-24,17:19:21.637000,11989,11990,11990,1
2019-12-24,17:19:23.394000,11989,11990,11990,1
2019-12-24,17:19:24.503000,11989,11990,11990,1
2019-12-24,17:19:25.841000,11989,11990,11990,1
2019-12-24,17:19:28.661000,11989,11990,11990,2
2019-12-24,17:19:31.703000,11989,11990,11990,2
2019-12-24,17:19:35.713000,11989,11990,11990,5
2019-12-24,17:19:42.384000,11989,11990,11990,2
2019-12-24,17:19:45.790000,11989,11990,11990,1
2019-12-24,17:19:45.986000,11989,11990,11990,1
2019-12-24,17:19:48.393000,11989,11990,11990,2
2019-12-24,17:19:54.636000,11989,11990,11990,1
2019-12-24,17:19:55.924000,11989,11990,11990,1
2019-12-24,17:19:57.992000,11989,11990,11990,2
2019-12-24,17:19:58.603000,11989,11990,11990,2
2019-12-24,17:20:00,11989,11990,11990,2
2019-12-24,17:20:00.265000,11989,11991,11991,1
2019-12-24,17:20:00.870000,11989,11990,11990,1
2019-12-24,17:20:00.926000,11990,11991,11990,1
2019-12-24,17:20:01.872000,11990,11991,11990,1
2019-12-24,17:20:01.872000,11990,11991,11989,1
2019-12-24,17:20:13.892000,11989,11990,11989,1
2019-12-24,17:20:25.030000,11989,11990,11989,1
2019-12-24,17:20:27.744000,11989,11990,11989,2
2019-12-24,17:20:33.866000,11989,11990,11989,1
2019-12-24,17:20:34.944000,11989,11990,11989,1
2019-12-24,17:20:35.025000,11989,11990,11989,1
2019-12-24,17:21:00.450000,11989,11990,11989,1
2019-12-24,17:21:06.526000,11989,11990,11989,1
2019-12-24,17:21:07.456000,11989,11990,11989,1
2019-12-24,17:21:46.525000,11989,11990,11989,1
2019-12-24,17:21:49.973000,11989,11990,11989,1
2019-12-24,17:22:08.413000,11989,11990,11990,1
2019-12-24,17:22:08.590000,11989,11990,11990,1
2019-12-24,17:22:11.726000,11989,11990,11990,19
2019-12-24,17:22:15.229000,11990,11991,11991,1
2019-12-24,17:22:15.424000,11990,11991,11991,3
2019-12-24,17:22:15.640000,11990,11991,11990,1
2019-12-24,17:22:16.383000,11990,11991,11991,1
2019-12-24,17:22:16.637000,11990,11991,11991,1
2019-12-24,17:22:16.722000,11990,11991,11991,1
2019-12-24,17:22:20.034000,11990,11991,11991,1
2019-12-24,17:22:20.569000,11990,11991,11991,1
2019-12-24,17:22:22.934000,11990,11991,11991,1
2019-12-24,17:22:24.369000,11990,11991,11991,3
2019-12-24,17:22:24.395000,11990,11991,11991,2
2019-12-24,17:22:29.082000,11991,11992,11991,1
2019-12-24,17:22:35.321000,11991,11992,11991,2
2019-12-24,17:22:46.594000,11991,11992,11992,1
2019-12-24,17:22:46.765000,11991,11992,11992,3
2019-12-24,17:22:47.682000,11991,11992,11991,1
2019-12-24,17:22:48.464000,11991,11992,11992,2
2019-12-24,17:22:51.946000,11991,11992,11991,2
2019-12-24,17:22:52.622000,11991,11992,11992,7
2019-12-24,17:22:57.325000,11991,11992,11992,5
2019-12-24,17:23:01.263000,11991,11992,11992,1
2019-12-24,17:23:01.570000,11991,11992,11992,1
2019-12-24,17:23:10.716000,11991,11992,11992,1
2019-12-24,17:23:13.402000,11991,11992,11992,2
2019-12-24,17:23:14.993000,11991,11992,11992,1
2019-12-24,17:23:16.608000,11991,11992,11992,1
2019-12-24,17:23:27.071000,11991,11992,11992,1
2019-12-24,17:23:29.522000,11991,11992,11992,1
2019-12-24,17:23:31.304000,11991,11992,11992,1
2019-12-24,17:23:31.678000,11991,11992,11992,2
2019-12-24,17:23:33.315000,11991,11992,11992,7
2019-12-24,17:23:34.707000,11991,11992,11992,1
2019-12-24,17:23:35.884000,11991,11992,11992,1
2019-12-24,17:23:36.157000,11991,11992,11992,1
2019-12-24,17:23:36.298000,11991,11992,11992,2
2019-12-24,17:23:36.371000,11991,11992,11992,1
2019-12-24,17:23:36.697000,11991,11992,11992,1
2019-12-24,17:23:38.883000,11991,11992,11992,1
2019-12-24,17:23:44.182000,11991,11992,11992,1
2019-12-24,17:23:46.651000,11991,11992,11992,2
2019-12-24,17:23:51.248000,11991,11992,11992,1
2019-12-24,17:23:51.373000,11991,11992,11992,5
2019-12-24,17:24:03.783000,11991,11992,11992,5
2019-12-24,17:24:04.528000,11991,11992,11992,10
2019-12-24,17:24:04.529000,11991,11992,11992,4
2019-12-24,17:24:04.531000,11991,11992,11992,1
2019-12-24,17:24:04.592000,11991,11992,11992,1
2019-12-24,17:24:04.650000,11992,11993,11992,2
2019-12-24,17:24:04.761000,11992,11993,11991,3
2019-12-24,17:24:23.814000,11991,11992,11992,1
2019-12-24,17:24:30.203000,11991,11992,11991,1
2019-12-24,17:24:30.558000,11991,11992,11992,1
2019-12-24,17:24:33.886000,11991,11992,11992,3
2019-12-24,17:24:59.562000,11991,11992,11992,1
2019-12-24,17:25:12.147000,11991,11992,11992,1
2019-12-24,17:25:14.120000,11991,11992,11992,2
2019-12-24,17:25:14.316000,11991,11992,11992,1
2019-12-24,17:25:14.569000,11991,11992,11992,1
2019-12-24,17:25:14.828000,11991,11992,11992,1
2019-12-24,17:25:15.074000,11991,11992,11992,1
2019-12-24,17:25:16.150000,11991,11992,11991,3
2019-12-24,17:25:19.496000,11991,11992,11991,2
2019-12-24,17:25:32.377000,11991,11992,11991,2
2019-12-24,17:25:34.019000,11991,11992,11991,1
2019-12-24,17:25:44.008000,11991,11992,11991,1
2019-12-24,17:25:49.198000,11991,11992,11991,1
2019-12-24,17:26:10.771000,11991,11992,11991,1
2019-12-24,17:26:18.433000,11991,11992,11992,1
2019-12-24,17:26:26.684000,11991,11992,11992,1
2019-12-24,17:26:43.618000,11991,11992,11992,1
2019-12-24,17:27:05.092000,11991,11992,11991,1
2019-12-24,17:27:12.775000,11991,11992,11991,1
2019-12-24,17:27:16.583000,11991,11992,11991,1
2019-12-24,17:27:25.534000,11991,11992,11991,1
2019-12-24,17:27:35.488000,11991,11992,11992,3
2019-12-24,17:27:48.358000,11991,11992,11991,4
2019-12-24,17:28:01.182000,11991,11992,11991,3
2019-12-24,17:28:07.265000,11991,11992,11991,1
2019-12-24,17:28:11.944000,11991,11992,11991,1
2019-12-24,17:28:17.053000,11991,11992,11992,1
2019-12-24,17:28:41.577000,11991,11992,11992,1
2019-12-24,17:28:46.894000,11991,11992,11991,1
2019-12-24,17:28:49.849000,11991,11992,11992,1
2019-12-24,17:28:53.857000,11991,11992,11992,1
2019-12-24,17:29:10.847000,11991,11992,11992,2
2019-12-24,17:29:33.070000,11991,11992,11992,1
2019-12-24,17:29:35.364000,11991,11992,11991,1
2019-12-24,17:29:42.687000,11991,11992,11991,1
2019-12-24,17:29:43.759000,11991,11992,11991,1
2019-12-24,17:29:53.136000,11991,11992,11991,1
2019-12-24,17:29:55.460000,11991,11992,11991,1
2019-12-24,17:29:58.281000,11991,11992,11991,1
2019-12-24,17:30:10.041000,11991,11992,11991,4
2019-12-24,17:30:43.984000,11990,11991,11991,1
2019-12-24,17:30:55.596000,11990,11991,11990,10
2019-12-24,17:30:55.659000,11990,11991,11991,1
2019-12-24,17:30:55.659000,11990,11991,11991,3
2019-12-24,17:30:55.660000,11990,11991,11991,3
2019-12-24,17:30:55.660000,11990,11991,11991,1
2019-12-24,17:30:55.660000,11990,11991,11991,3
2019-12-24,17:30:55.660000,11990,11991,11991,3
2019-12-24,17:30:55.661000,11990,11991,11991,1
2019-12-24,17:30:55.661000,11990,11991,11991,2
2019-12-24,17:30:55.661000,11990,11991,11992,1
2019-12-24,17:30:55.662000,11990,11991,11992,5
2019-12-24,17:30:55.662000,11990,11991,11992,3
2019-12-24,17:30:55.662000,11990,11991,11992,3
2019-12-24,17:30:55.663000,11990,11991,11992,1
2019-12-24,17:30:55.670000,11990,11991,11991,1
2019-12-24,17:30:55.670000,11990,11991,11992,2
2019-12-24,17:30:55.670000,11990,11991,11992,1
2019-12-24,17:30:55.671000,11990,11991,11992,10
2019-12-24,17:30:55.672000,11990,11991,11991,3
2019-12-24,17:30:55.674000,11990,11991,11991,1
2019-12-24,17:30:55.674000,11990,11991,11992,2
2019-12-24,17:30:55.682000,11990,11991,11992,1
2019-12-24,17:31:00.223000,11991,11992,11991,1
2019-12-24,17:31:20.850000,11991,11992,11991,1
2019-12-24,17:31:35.943000,11991,11992,11991,1
2019-12-24,17:31:42.264000,11990,11991,11991,3
2019-12-24,17:31:42.264000,11990,11991,11992,64
2019-12-24,17:31:42.275000,11992,11993,11993,5
2019-12-24,17:31:42.501000,11992,11993,11993,1
2019-12-24,17:31:42.546000,11992,11993,11993,2
2019-12-24,17:31:44.534000,11992,11993,11993,1
2019-12-24,17:31:49.758000,11992,11993,11992,3
2019-12-24,17:31:49.884000,11992,11993,11993,1
2019-12-24,17:31:52.512000,11992,11993,11993,1
2019-12-24,17:31:55.004000,11992,11993,11993,1
2019-12-24,17:32:04.720000,11992,11993,11993,3
2019-12-24,17:32:04.908000,11992,11993,11993,2
2019-12-24,17:32:05.103000,11992,11993,11993,2
2019-12-24,17:32:08.839000,11992,11993,11993,2
2019-12-24,17:32:14.813000,11992,11993,11993,1
2019-12-24,17:32:24.857000,11992,11993,11992,23
2019-12-24,17:32:24.857000,11992,11993,11991,27
2019-12-24,17:32:24.858000,11992,11993,11992,1
2019-12-24,17:32:24.858000,11992,11993,11992,2
2019-12-24,17:32:25.025000,11991,11992,11991,3
2019-12-24,17:32:25.251000,11991,11992,11991,3
2019-12-24,17:32:49.699000,11991,11992,11991,1
2019-12-24,17:32:49.776000,11991,11992,11991,3
2019-12-24,17:32:55.975000,11991,11992,11991,2
2019-12-24,17:32:57.357000,11991,11992,11991,1
2019-12-24,17:33:40.764000,11990,11991,11991,1
2019-12-24,17:33:56.811000,11990,11991,11990,1
2019-12-24,17:34:13.281000,11990,11991,11990,1
2019-12-24,17:34:26.451000,11990,11991,11990,1
2019-12-24,17:34:28.623000,11990,11991,11990,1
2019-12-24,17:34:42.725000,11990,11991,11991,1
2019-12-24,17:35:07.482000,11990,11991,11991,1
2019-12-24,17:35:07.825000,11990,11991,11991,1
2019-12-24,17:35:58.467000,11990,11991,11991,1
2019-12-24,17:36:36.149000,11990,11991,11991,1
2019-12-24,17:36:49.652000,11990,11991,11991,1
2019-12-24,17:37:00.966000,11990,11991,11990,1
2019-12-24,17:37:23.787000,11990,11991,11990,1
2019-12-24,17:37:26.662000,11990,11991,11990,1
2019-12-24,17:37:44.535000,11990,11991,11990,1
2019-12-24,17:37:50.864000,11990,11991,11990,1
2019-12-24,17:37:54.611000,11990,11991,11990,1
2019-12-24,17:38:15.978000,11990,11991,11990,1
2019-12-24,17:38:31.832000,11990,11991,11990,2
2019-12-24,17:38:34.252000,11990,11991,11990,2
2019-12-24,17:39:00.079000,11990,11991,11991,12
2019-12-24,17:39:00.079000,11990,11991,11991,5
2019-12-24,17:39:00.079000,11990,11991,11991,1
2019-12-24,17:39:00.150000,11990,11991,11991,3
2019-12-24,17:39:00.150000,11990,11991,11991,6
2019-12-24,17:39:00.275000,11991,11992,11991,2
2019-12-24,17:39:01.970000,11991,11992,11991,1
2019-12-24,17:40:51.651000,11991,11992,11991,1
2019-12-24,17:41:16.361000,11991,11992,11991,1
2019-12-24,17:41:31.671000,11991,11992,11991,1
2019-12-24,17:41:38.108000,11991,11992,11991,1
2019-12-24,17:41:40.463000,11991,11992,11991,1
2019-12-24,17:42:11.776000,11990,11991,11990,11
2019-12-24,17:42:14.289000,11989,11990,11990,5
2019-12-24,17:43:44.730000,11990,11991,11990,1
2019-12-24,17:43:45.946000,11990,11991,11990,1
2019-12-24,17:43:48.662000,11990,11991,11990,1
2019-12-24,17:43:54.963000,11990,11991,11990,1
2019-12-24,17:43:57.120000,11990,11991,11990,1
2019-12-24,17:43:57.150000,11990,11991,11990,1
2019-12-24,17:44:11.797000,11990,11991,11990,1
2019-12-24,17:44:11.900000,11990,11991,11990,1
2019-12-24,17:44:12.025000,11990,11991,11990,2
2019-12-24,17:44:41.297000,11989,11990,11990,1
2019-12-24,17:45:00.465000,11989,11990,11989,2
2019-12-24,17:45:17.303000,11989,11990,11989,1
2019-12-24,17:45:58.769000,11989,11990,11990,4
2019-12-24,17:46:04.639000,11989,11990,11990,1
2019-12-24,17:46:05.349000,11989,11990,11990,1
2019-12-24,17:46:06.487000,11989,11990,11989,1
2019-12-24,17:46:11.294000,11989,11990,11990,1
2019-12-24,17:46:25.004000,11989,11990,11990,1
2019-12-24,17:46:27.646000,11989,11990,11990,2
2019-12-24,17:46:58.767000,11990,11991,11990,3
2019-12-24,17:47:08.847000,11990,11991,11990,1
2019-12-24,17:47:10.947000,11990,11991,11991,5
2019-12-24,17:47:12.460000,11990,11991,11990,2
2019-12-24,17:47:13.655000,11989,11990,11990,1
2019-12-24,17:47:34.294000,11989,11991,11989,1
2019-12-24,17:47:39.323000,11989,11990,11990,1
2019-12-24,17:47:53.281000,11990,11991,11990,4
2019-12-24,17:48:09.955000,11990,11991,11990,1
2019-12-24,17:48:16.881000,11990,11991,11990,1
2019-12-24,17:49:47.885000,11989,11990,11990,1
2019-12-24,17:50:31.324000,11989,11990,11990,1
2019-12-24,17:50:45.791000,11989,11990,11989,1
2019-12-24,17:50:48.026000,11989,11990,11990,1
2019-12-24,17:51:11.938000,11989,11990,11989,2
2019-12-24,17:51:20.696000,11989,11990,11989,1
2019-12-24,17:51:21.320000,11989,11990,11989,1
2019-12-24,17:51:25.079000,11989,11990,11989,1
2019-12-24,17:51:44.645000,11989,11990,11989,3
2019-12-24,17:51:51.021000,11988,11989,11989,1
2019-12-24,17:51:51.457000,11989,11990,11989,1
2019-12-24,17:52:11.381000,11988,11989,11989,1
2019-12-24,17:52:37.536000,11988,11989,11988,1
2019-12-24,17:52:43.626000,11988,11989,11988,1
2019-12-24,17:52:46.868000,11988,11989,11989,1
2019-12-24,17:52:53.089000,11988,11989,11989,1
2019-12-24,17:53:41.955000,11988,11989,11989,1
2019-12-24,17:53:51.980000,11988,11990,11988,2
2019-12-24,17:54:06.071000,11988,11989,11988,5
2019-12-24,17:54:30.803000,11988,11989,11988,1
2019-12-24,17:54:43.476000,11988,11989,11988,1
2019-12-24,17:55:16.226000,11988,11989,11989,1
2019-12-24,17:55:27.198000,11988,11989,11989,5
2019-12-24,17:55:27.408000,11988,11989,11989,1
2019-12-24,17:55:30.343000,11988,11989,11989,1
2019-12-24,17:55:34.515000,11988,11989,11989,2
2019-12-24,17:55:45.753000,11988,11990,11988,1
2019-12-24,17:57:15.925000,11988,11989,11988,1
2019-12-24,17:57:16.771000,11988,11989,11989,1
2019-12-24,17:57:16.776000,11988,11989,11989,1
2019-12-24,17:57:42.203000,11988,11989,11989,1
2019-12-24,17:59:14.663000,11989,11990,11989,1
2019-12-24,17:59:15.568000,11989,11990,11989,1
2019-12-24,17:59:31.784000,11988,11989,11989,1
2019-12-24,17:59:51.879000,11988,11989,11989,1
2019-12-24,17:59:57.071000,11988,11989,11989,1
2019-12-24,18:00:03.616000,11988,11990,11988,1
2019-12-24,18:00:04.081000,11988,11989,11989,2
2019-12-24,18:00:05.541000,11989,11990,11989,1
2019-12-24,18:00:05.658000,11988,11990,11990,3
2019-12-24,18:00:05.659000,11988,11990,11990,3
2019-12-24,18:00:05.659000,11988,11990,11990,3
2019-12-24,18:00:05.662000,11988,11990,11990,3
2019-12-24,18:00:05.663000,11988,11990,11990,3
2019-12-24,18:00:05.663000,11988,11990,11990,1
2019-12-24,18:00:05.664000,11988,11990,11990,3
2019-12-24,18:00:05.664000,11988,11990,11990,3
2019-12-24,18:00:05.664000,11988,11990,11990,5
2019-12-24,18:00:05.671000,11988,11990,11990,2
2019-12-24,18:00:05.671000,11988,11990,11990,3
2019-12-24,18:00:05.671000,11988,11990,11990,1
2019-12-24,18:00:05.672000,11988,11990,11991,3
2019-12-24,18:00:05.673000,11988,11990,11990,6
2019-12-24,18:00:05.673000,11988,11990,11991,4
2019-12-24,18:00:05.673000,11988,11990,11991,3
2019-12-24,18:02:09.412000,11990,11991,11990,1
2019-12-24,18:02:26.421000,11990,11991,11990,1
2019-12-24,18:03:10.252000,11990,11991,11990,1
2019-12-24,18:03:45.602000,11990,11991,11990,1
2019-12-24,18:04:42.093000,11990,11991,11990,1
2019-12-24,18:05:40.685000,11990,11991,11990,1
2019-12-24,18:06:26.190000,11990,11991,11990,2
2019-12-24,18:06:38.646000,11989,11990,11990,4
2019-12-24,18:07:26.025000,11989,11990,11990,1
2019-12-24,18:08:16.146000,11989,11990,11989,1
2019-12-24,18:08:41.120000,11989,11990,11989,1
2019-12-24,18:09:27.145000,11989,11990,11989,1
2019-12-24,18:09:56.898000,11989,11990,11989,1
2019-12-24,18:09:58.775000,11989,11990,11989,5
2019-12-24,18:10:11.612000,11989,11990,11989,1
2019-12-24,18:10:14.523000,11989,11990,11989,1
2019-12-24,18:10:14.548000,11989,11990,11989,1
2019-12-24,18:10:18.150000,11989,11990,11989,5
2019-12-24,18:10:49.320000,11989,11990,11989,1
2019-12-24,18:11:52.989000,11988,11989,11989,6
2019-12-24,18:12:43.818000,11989,11990,11989,2
2019-12-24,18:12:56.122000,11989,11990,11989,2
2019-12-24,18:13:15.814000,11989,11990,11989,1
2019-12-24,18:13:47.348000,11989,11990,11989,1
2019-12-24,18:14:58.057000,11989,11990,11989,1
2019-12-24,18:15:07.419000,11989,11990,11989,1
2019-12-24,18:15:10.996000,11989,11990,11989,1
2019-12-24,18:15:28.606000,11989,11990,11989,1
2019-12-24,18:16:22.671000,11988,11989,11989,1
2019-12-24,18:16:34.668000,11988,11989,11989,1
2019-12-24,18:16:52.203000,11988,11989,11989,1
2019-12-24,18:16:55.985000,11989,11990,11990,1
2019-12-24,18:17:01.628000,11989,11990,11990,14
2019-12-24,18:17:12.416000,11989,11990,11990,1
2019-12-24,18:17:25.686000,11990,11991,11991,1
2019-12-24,18:17:25.922000,11990,11991,11991,1
2019-12-24,18:17:31.684000,11990,11991,11991,1
2019-12-24,18:17:39.773000,11990,11991,11991,1
2019-12-24,18:19:28.610000,11990,11991,11991,5
2019-12-24,18:19:29.658000,11990,11991,11991,2
2019-12-24,18:19:29.766000,11990,11991,11991,2
2019-12-24,18:19:41.891000,11990,11991,11991,1
2019-12-24,18:20:51.136000,11990,11991,11991,1
2019-12-24,18:21:39.142000,11990,11991,11991,2
2019-12-24,18:23:37.788000,11990,11991,11991,1
2019-12-24,18:23:37.821000,11990,11991,11991,1
2019-12-24,18:23:37.858000,11990,11991,11991,2
2019-12-24,18:24:01.216000,11990,11991,11991,3
2019-12-24,18:24:01.217000,11990,11991,11991,4
2019-12-24,18:24:01.217000,11990,11991,11991,1
2019-12-24,18:24:02.845000,11990,11991,11991,1
2019-12-24,18:24:03.697000,11990,11991,11991,17
2019-12-24,18:24:15.321000,11991,11992,11991,2
2019-12-24,18:24:15.323000,11991,11992,11991,1
2019-12-24,18:24:29.104000,11991,11992,11991,2
2019-12-24,18:24:42.956000,11991,11992,11991,1
2019-12-24,18:26:03.449000,11990,11991,11990,1
2019-12-24,18:26:25.145000,11990,11991,11990,2
2019-12-24,18:26:41.810000,11990,11991,11990,3
2019-12-24,18:26:44.650000,11990,11991,11991,1
2019-12-24,18:27:14.536000,11990,11991,11991,1
2019-12-24,18:27:18.197000,11990,11991,11991,1
2019-12-24,18:27:30.878000,11990,11991,11991,1
2019-12-24,18:28:01.060000,11990,11991,11990,1
2019-12-24,18:28:01.061000,11990,11991,11990,3
2019-12-24,18:28:01.061000,11990,11991,11990,2
2019-12-24,18:28:01.062000,11990,11991,11990,1
2019-12-24,18:28:21.654000,11990,11991,11990,1
2019-12-24,18:28:34.942000,11989,11990,11990,1
2019-12-24,18:28:38.881000,11989,11990,11990,1
2019-12-24,18:28:41.930000,11989,11990,11990,1
2019-12-24,18:28:42.774000,11990,11991,11990,1
2019-12-24,18:30:49.703000,11989,11990,11990,1
2019-12-24,18:30:49.775000,11989,11990,11990,1
2019-12-24,18:30:50.775000,11989,11990,11990,1
2019-12-24,18:31:03.378000,11990,11991,11990,2
2019-12-24,18:32:37.266000,11990,11991,11991,1
2019-12-24,18:33:03.702000,11990,11991,11991,1
2019-12-24,18:33:59.173000,11990,11991,11991,1
2019-12-24,18:34:57.570000,11990,11991,11991,1
2019-12-24,18:35:09.828000,11990,11991,11991,1
2019-12-24,18:35:13.783000,11990,11991,11990,9
2019-12-24,18:35:13.901000,11990,11991,11990,2
2019-12-24,18:35:20.055000,11990,11991,11990,4
2019-12-24,18:35:26.965000,11990,11991,11990,2
2019-12-24,18:35:29.855000,11990,11991,11990,1
2019-12-24,18:35:29.973000,11990,11991,11990,1
2019-12-24,18:36:27.241000,11990,11991,11990,1
2019-12-24,18:36:42.074000,11990,11991,11991,1
2019-12-24,18:37:37.294000,11990,11991,11991,1
2019-12-24,18:38:05.570000,11990,11991,11991,1
2019-12-24,18:39:32.502000,11990,11991,11991,1
2019-12-24,18:39:50.630000,11990,11991,11991,1
2019-12-24,18:40:03.257000,11990,11991,11991,1
2019-12-24,18:40:15.934000,11990,11991,11991,10
2019-12-24,18:40:16.025000,11990,11991,11991,2
2019-12-24,18:40:21.300000,11991,11992,11992,1
2019-12-24,18:40:21.464000,11991,11992,11992,4
2019-12-24,18:40:38.369000,11991,11992,11991,3
2019-12-24,18:40:38.410000,11991,11992,11992,1
2019-12-24,18:40:38.412000,11991,11992,11992,1
2019-12-24,18:40:38.422000,11991,11992,11992,1
2019-12-24,18:40:54.848000,11990,11992,11992,1
2019-12-24,18:40:55.323000,11990,11992,11992,2
2019-12-24,18:41:10.402000,11991,11992,11992,1
2019-12-24,18:41:19.764000,11991,11992,11991,1
2019-12-24,18:42:07.121000,11990,11991,11990,1
2019-12-24,18:42:11.993000,11990,11991,11991,1
2019-12-24,18:43:21.200000,11990,11991,11990,1
2019-12-24,18:43:28.615000,11990,11991,11990,1
2019-12-24,18:43:52.323000,11990,11991,11990,1
2019-12-24,18:44:15.378000,11990,11991,11990,1
2019-12-24,18:44:49.271000,11990,11991,11990,1
2019-12-24,18:44:55.032000,11990,11991,11990,1
2019-12-24,18:45:11.782000,11990,11991,11990,1
2019-12-24,18:45:44.435000,11990,11991,11990,2
2019-12-24,18:45:44.435000,11990,11991,11990,1
2019-12-24,18:45:44.435000,11990,11991,11990,1
2019-12-24,18:45:44.435000,11990,11991,11990,2
2019-12-24,18:45:44.435000,11990,11991,11990,3
2019-12-24,18:46:02.445000,11989,11990,11989,1
2019-12-24,18:46:08.899000,11989,11990,11989,2
2019-12-24,18:46:09.392000,11989,11990,11989,1
2019-12-24,18:46:22.324000,11989,11990,11989,1
2019-12-24,18:46:22.400000,11989,11990,11989,5
2019-12-24,18:46:53.266000,11988,11989,11988,1
2019-12-24,18:46:53.802000,11988,11989,11988,1
2019-12-24,18:46:53.904000,11988,11989,11988,1
2019-12-24,18:46:54.580000,11988,11989,11988,1
2019-12-24,18:46:56.955000,11988,11989,11989,2
2019-12-24,18:46:57.054000,11988,11989,11988,5
2019-12-24,18:47:03.001000,11988,11989,11988,1
2019-12-24,18:47:10.196000,11988,11989,11988,1
2019-12-24,18:47:12.791000,11988,11989,11988,1
2019-12-24,18:47:33.766000,11988,11989,11988,3
2019-12-24,18:47:36.995000,11988,11989,11988,2
2019-12-24,18:47:39.467000,11988,11989,11988,1
2019-12-24,18:47:51.737000,11988,11989,11988,3
2019-12-24,18:48:00.722000,11988,11989,11988,1
2019-12-24,18:48:27.690000,11988,11989,11988,1
2019-12-24,18:48:34.989000,11988,11989,11988,1
2019-12-24,18:48:35.375000,11988,11989,11988,1
2019-12-24,18:48:41.058000,11988,11989,11988,2
2019-12-24,18:48:41.058000,11988,11989,11988,18
2019-12-24,18:48:41.059000,11988,11989,11988,1
2019-12-24,18:48:41.059000,11988,11989,11988,1
2019-12-24,18:49:00.542000,11987,11988,11988,2
2019-12-24,18:49:05.513000,11987,11988,11988,1
2019-12-24,18:49:11.277000,11987,11988,11987,1
2019-12-24,18:49:11.442000,11987,11988,11987,1
2019-12-24,18:49:25.121000,11987,11988,11987,2
2019-12-24,18:49:29.513000,11987,11988,11987,1
2019-12-24,18:49:54.232000,11987,11988,11987,1
2019-12-24,18:49:58.592000,11987,11988,11987,1
2019-12-24,18:50:01.899000,11987,11988,11987,2
2019-12-24,18:50:01.992000,11987,11988,11988,1
2019-12-24,18:51:32.813000,11987,11988,11988,1
2019-12-24,18:51:32.819000,11987,11988,11988,1
2019-12-24,18:51:32.849000,11987,11988,11988,4
2019-12-24,18:51:32.849000,11987,11988,11988,1
2019-12-24,18:51:32.850000,11987,11988,11988,1
2019-12-24,18:52:12.746000,11988,11989,11988,1
2019-12-24,18:52:14.939000,11988,11989,11988,3
2019-12-24,18:52:21.150000,11988,11989,11988,3
2019-12-24,18:52:42.011000,11988,11989,11988,1
2019-12-24,18:52:42.869000,11988,11989,11988,2
2019-12-24,18:52:55.593000,11988,11989,11988,3
2019-12-24,18:53:52.978000,11988,11989,11988,2
2019-12-24,18:53:53.978000,11988,11989,11988,2
2019-12-24,18:54:35.776000,11988,11989,11988,2
2019-12-24,18:55:51.024000,11988,11989,11989,5
2019-12-24,18:55:52.587000,11988,11989,11989,1
2019-12-24,18:55:54.656000,11988,11989,11989,2
2019-12-24,18:56:00.265000,11989,11990,11989,2
2019-12-24,18:56:03.686000,11988,11990,11990,1
2019-12-24,18:56:12.523000,11988,11990,11990,1
2019-12-24,18:58:46.040000,11989,11990,11989,1
2019-12-24,18:58:46.301000,11989,11990,11989,1
2019-12-24,18:58:46.646000,11989,11990,11989,1
2019-12-24,18:58:52.126000,11989,11990,11989,3
2019-12-24,18:59:05.362000,11989,11990,11989,1
2019-12-24,18:59:12.698000,11989,11990,11989,1
2019-12-24,18:59:57.500000,11989,11990,11989,5
2019-12-24,18:59:57.525000,11989,11990,11989,5
2019-12-24,19:00:02.729000,11988,11989,11988,1
2019-12-24,19:00:08.711000,11988,11989,11988,1
2019-12-24,19:00:13.067000,11988,11989,11988,1
2019-12-24,19:01:11.826000,11988,11989,11988,1
2019-12-24,19:01:48.787000,11988,11989,11988,1
2019-12-24,19:01:56.025000,11988,11989,11988,1
2019-12-24,19:01:56.158000,11987,11988,11987,1
2019-12-24,19:02:09.434000,11987,11988,11988,1
2019-12-24,19:02:10.639000,11988,11989,11988,3
2019-12-24,19:02:10.650000,11987,11988,11988,3
2019-12-24,19:02:20.859000,11987,11988,11987,4
2019-12-24,19:02:27.397000,11987,11988,11987,1
2019-12-24,19:02:29.785000,11987,11988,11987,8
2019-12-24,19:02:31.715000,11987,11988,11987,1
2019-12-24,19:02:37.571000,11987,11988,11987,3
2019-12-24,19:02:41.406000,11987,11988,11987,1
2019-12-24,19:02:44.615000,11987,11988,11987,2
2019-12-24,19:02:54.287000,11987,11988,11987,2
2019-12-24,19:02:54.909000,11987,11988,11987,5
2019-12-24,19:02:55.025000,11987,11988,11987,1
2019-12-24,19:02:55.025000,11987,11988,11987,2
2019-12-24,19:02:55.025000,11987,11988,11987,1
2019-12-24,19:02:55.026000,11987,11988,11987,1
2019-12-24,19:03:13.568000,11987,11988,11987,1
2019-12-24,19:03:24.720000,11987,11988,11987,1
2019-12-24,19:04:22.559000,11987,11988,11987,2
2019-12-24,19:04:27.364000,11987,11988,11988,1
2019-12-24,19:05:34.654000,11987,11988,11988,1
2019-12-24,19:05:56.664000,11987,11988,11988,2
2019-12-24,19:06:03.940000,11987,11988,11987,1
2019-12-24,19:06:11.737000,11987,11988,11987,2
2019-12-24,19:06:26.841000,11987,11988,11987,2
2019-12-24,19:06:28.103000,11987,11988,11987,1
2019-12-24,19:07:27.957000,11987,11988,11987,1
2019-12-24,19:07:43.587000,11987,11988,11987,4
2019-12-24,19:07:58.081000,11986,11987,11986,1
2019-12-24,19:07:58.181000,11986,11987,11986,1
2019-12-24,19:07:58.234000,11986,11987,11986,1
2019-12-24,19:08:13.840000,11986,11987,11987,1
2019-12-24,19:08:32.932000,11986,11987,11986,2
2019-12-24,19:08:32.932000,11986,11987,11986,3
2019-12-24,19:08:32.932000,11986,11987,11986,6
2019-12-24,19:08:32.932000,11986,11987,11986,1
2019-12-24,19:08:32.932000,11986,11987,11986,3
2019-12-24,19:08:32.932000,11986,11987,11986,5
2019-12-24,19:08:33.172000,11985,11986,11985,1
2019-12-24,19:08:33.172000,11985,11986,11985,2
2019-12-24,19:08:33.173000,11985,11986,11985,1
2019-12-24,19:08:33.173000,11985,11986,11985,2
2019-12-24,19:08:33.173000,11985,11986,11985,1
2019-12-24,19:08:33.173000,11985,11986,11985,1
2019-12-24,19:08:33.173000,11985,11986,11985,1
2019-12-24,19:08:33.275000,11985,11986,11985,2
2019-12-24,19:08:33.301000,11985,11986,11986,1
2019-12-24,19:08:33.322000,11985,11986,11985,1
2019-12-24,19:08:33.594000,11985,11986,11985,1
2019-12-24,19:08:33.667000,11985,11986,11985,2
2019-12-24,19:08:35.141000,11985,11986,11985,2
2019-12-24,19:08:38.186000,11985,11986,11985,2
2019-12-24,19:08:38.740000,11985,11986,11985,14
2019-12-24,19:08:38.775000,11985,11986,11985,1
2019-12-24,19:08:40.204000,11984,11985,11985,4
2019-12-24,19:08:47.710000,11984,11985,11985,1
2019-12-24,19:08:47.747000,11984,11985,11984,1
2019-12-24,19:08:47.812000,11984,11985,11985,1
2019-12-24,19:08:47.901000,11984,11985,11984,1
2019-12-24,19:08:51.270000,11984,11985,11984,14
2019-12-24,19:08:53.795000,11984,11985,11984,1
2019-12-24,19:09:04.062000,11984,11985,11985,1
2019-12-24,19:09:04.161000,11984,11985,11985,1
2019-12-24,19:09:04.385000,11984,11985,11984,1
2019-12-24,19:09:13.164000,11984,11985,11984,1
2019-12-24,19:09:19.256000,11984,11985,11984,1
2019-12-24,19:09:24.362000,11984,11985,11985,2
2019-12-24,19:09:39.229000,11984,11985,11985,1
2019-12-24,19:09:42.206000,11984,11985,11985,1
2019-12-24,19:09:53.956000,11984,11985,11985,1
2019-12-24,19:09:55.748000,11984,11985,11985,1
2019-12-24,19:10:00.789000,11984,11985,11985,1
2019-12-24,19:10:02.324000,11984,11985,11985,2
2019-12-24,19:10:02.651000,11984,11985,11985,1
2019-12-24,19:10:13.708000,11984,11986,11986,2
2019-12-24,19:10:44.547000,11985,11986,11985,1
2019-12-24,19:10:56.371000,11985,11986,11985,1
2019-12-24,19:10:59.085000,11985,11986,11985,3
2019-12-24,19:10:59.730000,11985,11986,11985,1
2019-12-24,19:11:08.492000,11984,11985,11984,1
2019-12-24,19:11:17.755000,11984,11985,11984,2
2019-12-24,19:11:26.528000,11984,11985,11984,1
2019-12-24,19:11:30.976000,11984,11985,11985,1
2019-12-24,19:12:34.508000,11984,11985,11984,2
2019-12-24,19:12:42.933000,11984,11985,11984,1
2019-12-24,19:12:48.621000,11984,11985,11984,1
2019-12-24,19:13:14.313000,11984,11985,11984,1
2019-12-24,19:13:14.581000,11984,11985,11984,1
2019-12-24,19:13:39.475000,11984,11985,11984,2
2019-12-24,19:14:05.692000,11984,11985,11984,2
2019-12-24,19:14:07.591000,11984,11985,11984,1
2019-12-24,19:14:11.035000,11984,11985,11984,1
2019-12-24,19:14:18.549000,11984,11985,11984,4
2019-12-24,19:14:23.231000,11984,11985,11984,1
2019-12-24,19:14:57.984000,11984,11985,11984,1
2019-12-24,19:15:09.708000,11984,11985,11984,4
2019-12-24,19:15:21.078000,11983,11984,11983,45
2019-12-24,19:15:21.078000,11983,11984,11982,27
2019-12-24,19:15:21.150000,11982,11983,11982,2
2019-12-24,19:15:21.235000,11982,11983,11982,1
2019-12-24,19:15:21.463000,11982,11983,11982,3
2019-12-24,19:15:22.211000,11982,11983,11983,1
2019-12-24,19:15:47.345000,11982,11983,11983,1
2019-12-24,19:15:52.593000,11982,11983,11983,1
2019-12-24,19:15:52.972000,11982,11983,11983,1
2019-12-24,19:15:56.827000,11982,11983,11983,1
2019-12-24,19:16:06.920000,11982,11983,11982,1
2019-12-24,19:16:16.385000,11982,11983,11983,1
2019-12-24,19:16:42.299000,11982,11983,11983,1
2019-12-24,19:16:51.229000,11982,11983,11983,1
2019-12-24,19:17:01.321000,11982,11983,11983,2
2019-12-24,19:17:20.297000,11982,11983,11983,1
2019-12-24,19:17:20.485000,11982,11983,11983,1
2019-12-24,19:17:20.525000,11982,11983,11983,1
2019-12-24,19:17:20.525000,11982,11983,11983,1
2019-12-24,19:17:20.650000,11982,11983,11983,2
2019-12-24,19:17:34.510000,11982,11983,11983,1
2019-12-24,19:17:44.748000,11982,11983,11983,1
2019-12-24,19:17:50.593000,11982,11983,11983,1
2019-12-24,19:17:52.096000,11982,11983,11983,1
2019-12-24,19:17:58.054000,11982,11983,11983,1
2019-12-24,19:18:01.133000,11982,11983,11983,1
2019-12-24,19:18:01.294000,11982,11983,11982,1
2019-12-24,19:18:01.786000,11982,11983,11982,1
2019-12-24,19:18:33.022000,11982,11983,11983,1
2019-12-24,19:18:38.230000,11982,11983,11983,1
2019-12-24,19:18:38.235000,11982,11983,11983,1
2019-12-24,19:18:48.482000,11982,11983,11983,1
2019-12-24,19:18:50.725000,11982,11983,11983,1
2019-12-24,19:18:59.661000,11982,11983,11983,1
2019-12-24,19:19:12.379000,11982,11983,11983,1
2019-12-24,19:19:14.230000,11982,11983,11982,1
2019-12-24,19:19:22.471000,11982,11983,11982,1
2019-12-24,19:19:26.503000,11982,11983,11982,31
2019-12-24,19:19:29.482000,11981,11982,11982,1
2019-12-24,19:19:35.911000,11981,11982,11981,4
2019-12-24,19:19:36.167000,11981,11982,11981,1
2019-12-24,19:19:36.215000,11981,11982,11981,1
2019-12-24,19:19:36.228000,11981,11982,11981,1
2019-12-24,19:19:36.727000,11981,11982,11981,1
2019-12-24,19:19:40.878000,11981,11982,11982,1
2019-12-24,19:19:42.739000,11981,11982,11982,1
2019-12-24,19:19:43.411000,11982,11983,11982,1
2019-12-24,19:19:43.411000,11982,11983,11981,2
2019-12-24,19:20:02.438000,11981,11982,11981,3
2019-12-24,19:20:03.021000,11981,11982,11981,1
2019-12-24,19:20:03.033000,11981,11982,11981,1
2019-12-24,19:20:04.231000,11981,11982,11981,1
2019-12-24,19:20:10.262000,11981,11982,11982,1
2019-12-24,19:20:11.914000,11981,11982,11982,1
2019-12-24,19:20:20.751000,11981,11982,11982,1
2019-12-24,19:20:25.879000,11981,11982,11981,2
2019-12-24,19:20:27.960000,11981,11982,11982,1
2019-12-24,19:20:28.025000,11981,11982,11982,1
2019-12-24,19:20:28.150000,11981,11982,11982,1
2019-12-24,19:20:34.611000,11982,11983,11982,1
2019-12-24,19:20:42.572000,11981,11982,11982,1
2019-12-24,19:20:43.207000,11981,11982,11982,1
2019-12-24,19:20:52.759000,11981,11982,11981,5
2019-12-24,19:20:53.179000,11981,11982,11982,1
2019-12-24,19:21:15.687000,11981,11982,11982,1
2019-12-24,19:21:20.710000,11981,11982,11982,1
2019-12-24,19:21:40.834000,11981,11982,11982,1
2019-12-24,19:21:45.646000,11981,11982,11981,5
2019-12-24,19:21:45.862000,11981,11982,11982,2
2019-12-24,19:21:56.714000,11981,11982,11982,4
2019-12-24,19:22:04.400000,11981,11982,11981,1
2019-12-24,19:22:18.064000,11981,11982,11981,1
2019-12-24,19:22:21.331000,11981,11982,11981,1
2019-12-24,19:22:23.885000,11981,11982,11981,2
2019-12-24,19:22:24.785000,11981,11982,11982,2
2019-12-24,19:22:29.191000,11981,11982,11982,1
2019-12-24,19:22:45.571000,11981,11982,11982,1
2019-12-24,19:23:00.600000,11981,11982,11982,3
2019-12-24,19:23:00.628000,11981,11982,11982,1
2019-12-24,19:23:02.420000,11981,11982,11982,1
2019-12-24,19:23:04.567000,11981,11982,11982,1
2019-12-24,19:23:06.864000,11981,11982,11982,1
2019-12-24,19:23:07.718000,11981,11982,11982,1
2019-12-24,19:23:08.148000,11981,11982,11982,5
2019-12-24,19:23:08.548000,11982,11983,11982,1
2019-12-24,19:23:20.515000,11982,11983,11982,3
2019-12-24,19:23:20.644000,11981,11982,11982,2
2019-12-24,19:23:21.060000,11982,11983,11982,1
2019-12-24,19:23:51.734000,11982,11983,11982,3
2019-12-24,19:24:26.518000,11982,11983,11982,3
2019-12-24,19:24:51.515000,11982,11983,11982,1
2019-12-24,19:24:51.924000,11982,11983,11982,5
2019-12-24,19:24:58.823000,11982,11983,11982,1
2019-12-24,19:25:08.626000,11982,11983,11982,1
2019-12-24,19:25:10.354000,11982,11983,11982,3
2019-12-24,19:25:10.423000,11982,11983,11982,3
2019-12-24,19:25:10.426000,11982,11983,11982,4
2019-12-24,19:25:23.625000,11982,11983,11983,4
2019-12-24,19:26:06.651000,11982,11983,11983,60
2019-12-24,19:26:06.757000,11982,11983,11983,5
2019-12-24,19:26:06.775000,11982,11983,11983,12
2019-12-24,19:26:06.775000,11982,11983,11983,3
2019-12-24,19:26:06.775000,11982,11983,11983,5
2019-12-24,19:26:06.775000,11982,11983,11983,3
2019-12-24,19:26:06.775000,11982,11983,11983,14
2019-12-24,19:26:06.801000,11982,11983,11983,2
2019-12-24,19:26:06.826000,11982,11983,11983,2
2019-12-24,19:26:06.851000,11982,11983,11983,2
2019-12-24,19:26:06.877000,11982,11983,11983,2
2019-12-24,19:26:17.405000,11983,11984,11983,1
2019-12-24,19:26:24.987000,11983,11984,11984,2
2019-12-24,19:26:25.059000,11983,11984,11984,5
2019-12-24,19:26:32.238000,11983,11984,11984,1
2019-12-24,19:26:32.749000,11983,11984,11984,2
2019-12-24,19:26:34.369000,11983,11984,11984,1
2019-12-24,19:26:36.900000,11984,11985,11984,6
2019-12-24,19:26:37.242000,11984,11985,11984,6
2019-12-24,19:26:45.226000,11983,11984,11984,6
2019-12-24,19:26:52.153000,11983,11984,11984,1
2019-12-24,19:27:11.376000,11983,11984,11984,1
2019-12-24,19:27:16.408000,11983,11984,11984,2
2019-12-24,19:27:18.856000,11983,11984,11984,1
2019-12-24,19:27:24.774000,11983,11984,11984,1
2019-12-24,19:27:25.684000,11983,11984,11984,1
2019-12-24,19:27:43.109000,11984,11985,11984,1
2019-12-24,19:27:46.633000,11984,11985,11984,1
2019-12-24,19:27:50.538000,11984,11985,11985,1
2019-12-24,19:28:31.088000,11984,11985,11985,1
2019-12-24,19:28:35.111000,11984,11985,11985,1
2019-12-24,19:28:38.197000,11984,11985,11985,1
2019-12-24,19:28:41.725000,11984,11985,11985,1
2019-12-24,19:28:44.836000,11984,11985,11985,1
2019-12-24,19:28:50.018000,11984,11985,11985,1
2019-12-24,19:28:52.578000,11984,11985,11985,1
2019-12-24,19:28:55.198000,11984,11985,11985,1
2019-12-24,19:28:58.086000,11984,11985,11985,1
2019-12-24,19:29:06.339000,11984,11985,11985,1
2019-12-24,19:29:26.122000,11984,11985,11984,5
2019-12-24,19:29:33.401000,11984,11985,11985,3
2019-12-24,19:29:37.734000,11984,11985,11984,3
2019-12-24,19:29:39.149000,11983,11984,11984,1
2019-12-24,19:29:50.120000,11984,11985,11985,1
2019-12-24,19:29:50.810000,11984,11985,11984,1
2019-12-24,19:29:55.702000,11983,11984,11984,1
2019-12-24,19:29:56.731000,11983,11985,11985,1
2019-12-24,19:30:00.629000,11984,11985,11984,1
2019-12-24,19:30:01.484000,11983,11985,11985,1
2019-12-24,19:30:01.485000,11983,11985,11985,1
2019-12-24,19:30:06.099000,11983,11984,11983,1
2019-12-24,19:30:06.317000,11983,11984,11983,1
2019-12-24,19:30:06.594000,11983,11984,11984,1
2019-12-24,19:30:20.324000,11983,11984,11984,1
2019-12-24,19:30:33.837000,11983,11984,11984,1
2019-12-24,19:30:37.971000,11983,11984,11984,1
2019-12-24,19:30:39.620000,11983,11984,11984,3
2019-12-24,19:30:40.691000,11983,11984,11984,1
2019-12-24,19:30:41.784000,11983,11984,11984,1
2019-12-24,19:30:47.692000,11983,11984,11984,1
2019-12-24,19:30:52.396000,11983,11984,11984,1
2019-12-24,19:30:52.770000,11983,11984,11984,2
2019-12-24,19:31:02.039000,11983,11984,11984,1
2019-12-24,19:31:05.583000,11983,11984,11984,5
2019-12-24,19:31:31.651000,11983,11984,11983,4
2019-12-24,19:31:31.879000,11983,11984,11984,2
2019-12-24,19:31:46.538000,11983,11984,11984,2
2019-12-24,19:32:00.647000,11983,11984,11984,1
2019-12-24,19:32:49.812000,11984,11985,11984,1
2019-12-24,19:34:14.608000,11984,11985,11985,2
2019-12-24,19:34:32.864000,11984,11985,11985,3
2019-12-24,19:35:10.932000,11984,11985,11985,5
2019-12-24,19:37:11.643000,11984,11985,11984,1
2019-12-24,19:38:10.559000,11984,11985,11984,1
2019-12-24,19:39:42.034000,11984,11985,11984,2
2019-12-24,19:39:52.599000,11984,11985,11984,1
2019-12-24,19:40:21.727000,11984,11985,11984,1
2019-12-24,19:40:55.390000,11984,11985,11984,5
2019-12-24,19:41:05.403000,11984,11985,11984,1
2019-12-24,19:43:46.776000,11984,11985,11985,10
2019-12-24,19:43:47.192000,11984,11985,11984,10
2019-12-24,19:45:06.273000,11984,11985,11985,1
2019-12-24,19:45:17.003000,11984,11985,11985,1
2019-12-24,19:45:31.741000,11984,11985,11985,2
2019-12-24,19:45:34.101000,11984,11985,11985,1
2019-12-24,19:45:39.903000,11984,11985,11984,1
2019-12-24,19:45:45.151000,11984,11985,11985,1
2019-12-24,19:46:06.123000,11984,11985,11985,1
2019-12-24,19:46:25.990000,11984,11985,11985,1
2019-12-24,19:46:26.378000,11984,11985,11985,1
2019-12-24,19:46:26.705000,11984,11985,11985,3
2019-12-24,19:46:26.733000,11984,11985,11985,2
2019-12-24,19:46:27.145000,11985,11986,11986,1
2019-12-24,19:46:37.468000,11985,11986,11986,2
2019-12-24,19:46:44.706000,11985,11986,11986,1
2019-12-24,19:47:01.701000,11985,11986,11986,1
2019-12-24,19:47:01.856000,11985,11986,11985,1
2019-12-24,19:47:53.951000,11985,11986,11985,2
2019-12-24,19:48:04.244000,11985,11986,11985,2
2019-12-24,19:48:04.509000,11984,11985,11985,1
2019-12-24,19:48:42.177000,11984,11985,11985,2
2019-12-24,19:49:34.581000,11984,11985,11984,5
2019-12-24,19:49:34.650000,11984,11985,11984,1
2019-12-24,19:49:58.620000,11983,11984,11984,2
2019-12-24,19:50:18.048000,11983,11984,11984,1
2019-12-24,19:51:27.300000,11983,11984,11984,1
2019-12-24,19:53:30.339000,11983,11984,11984,3
2019-12-24,19:53:33.085000,11983,11984,11984,1
2019-12-24,19:53:53.644000,11983,11984,11984,2
2019-12-24,19:54:56.616000,11983,11984,11984,1
2019-12-24,19:55:32.209000,11983,11984,11984,1
2019-12-24,19:55:56.091000,11984,11985,11985,10
2019-12-24,19:57:43.840000,11985,11986,11985,5
2019-12-24,19:57:59.223000,11984,11985,11985,1
2019-12-24,19:58:48.096000,11985,11986,11985,1
2019-12-24,19:59:36.668000,11985,11986,11985,2
2019-12-24,19:59:51.449000,11985,11986,11985,1
2019-12-24,20:00:59.026000,11984,11985,11984,1
2019-12-24,20:00:59.808000,11984,11985,11984,2
2019-12-24,20:01:12.225000,11984,11985,11985,1
2019-12-24,20:02:27.178000,11984,11985,11985,1
2019-12-24,20:02:34.025000,11984,11985,11985,1
2019-12-24,20:02:34.150000,11984,11985,11985,1
2019-12-24,20:02:46.382000,11984,11985,11985,1
2019-12-24,20:03:21.140000,11984,11985,11985,1
2019-12-24,20:03:57.614000,11984,11985,11984,1
2019-12-24,20:04:56.691000,11984,11985,11984,5
2019-12-24,20:05:07.455000,11984,11985,11984,5
2019-12-24,20:06:18.604000,11984,11985,11984,2
2019-12-24,20:06:40.545000,11984,11985,11984,2
2019-12-24,20:07:34.698000,11984,11985,11985,2
2019-12-24,20:07:34.808000,11984,11985,11985,1
2019-12-24,20:08:51.418000,11984,11985,11985,1
2019-12-24,20:09:43.483000,11984,11985,11985,1
2019-12-24,20:10:05.177000,11984,11985,11985,1
2019-12-24,20:10:06.627000,11984,11985,11985,2
2019-12-24,20:11:09.946000,11984,11985,11985,3
2019-12-24,20:12:34.597000,11985,11986,11986,5
2019-12-24,20:12:34.685000,11985,11986,11986,4
2019-12-24,20:12:41.499000,11985,11986,11986,1
2019-12-24,20:12:45.718000,11985,11986,11986,1
2019-12-24,20:13:01.311000,11985,11986,11986,1
2019-12-24,20:13:01.534000,11985,11986,11986,1
2019-12-24,20:13:13.190000,11985,11986,11986,2
2019-12-24,20:13:29.958000,11985,11986,11986,1
2019-12-24,20:15:29.996000,11985,11986,11986,1
2019-12-24,20:17:35.145000,11985,11986,11986,1
2019-12-24,20:18:21.667000,11985,11986,11986,3
2019-12-24,20:18:43.315000,11985,11986,11986,1
2019-12-24,20:18:44.366000,11985,11986,11986,1
2019-12-24,20:18:46.238000,11985,11986,11986,1
2019-12-24,20:18:48.550000,11986,11987,11986,1
2019-12-24,20:19:50.389000,11985,11986,11986,1
2019-12-24,20:19:56.152000,11985,11986,11986,1
2019-12-24,20:20:08.709000,11985,11986,11986,1
2019-12-24,20:20:42.688000,11985,11986,11986,2
2019-12-24,20:20:43.221000,11986,11987,11987,2
2019-12-24,20:20:43.517000,11985,11987,11987,1
2019-12-24,20:20:43.517000,11985,11987,11987,1
2019-12-24,20:21:11.394000,11986,11987,11987,2
2019-12-24,20:21:28.474000,11986,11987,11987,1
2019-12-24,20:21:36.581000,11986,11987,11987,1
2019-12-24,20:21:49.833000,11986,11987,11987,1
2019-12-24,20:22:04.194000,11986,11987,11986,1
2019-12-24,20:23:13.385000,11986,11987,11986,1
2019-12-24,20:23:26.410000,11986,11987,11986,4
2019-12-24,20:23:34.461000,11986,11987,11986,1
2019-12-24,20:24:07.286000,11985,11986,11986,1
2019-12-24,20:24:30.985000,11985,11986,11986,1
2019-12-24,20:24:41.242000,11986,11987,11986,1
2019-12-24,20:25:37.804000,11986,11987,11986,1
2019-12-24,20:29:34.917000,11986,11987,11987,1
2019-12-24,20:29:52.331000,11986,11987,11987,1
2019-12-24,20:30:01.864000,11986,11987,11987,2
2019-12-24,20:30:02.556000,11986,11987,11987,2
2019-12-24,20:30:03.491000,11986,11987,11987,1
2019-12-24,20:30:09.192000,11986,11987,11987,1
2019-12-24,20:30:27.544000,11986,11987,11987,2
2019-12-24,20:30:32.926000,11986,11987,11987,1
2019-12-24,20:31:27.134000,11986,11987,11987,1
2019-12-24,20:31:33.259000,11986,11987,11987,3
2019-12-24,20:31:34.666000,11986,11987,11987,1
2019-12-24,20:31:44.539000,11986,11987,11986,1
2019-12-24,20:31:57.980000,11986,11987,11986,1
2019-12-24,20:31:57.997000,11986,11987,11986,2
2019-12-24,20:32:02.262000,11986,11987,11986,1
2019-12-24,20:32:09.342000,11986,11987,11986,1
2019-12-24,20:32:41.878000,11986,11987,11986,1
2019-12-24,20:33:00.120000,11986,11987,11987,3
2019-12-24,20:33:17.550000,11986,11987,11986,1
2019-12-24,20:34:23.115000,11986,11987,11987,1
2019-12-24,20:34:23.776000,11986,11987,11987,2
2019-12-24,20:34:41.592000,11986,11987,11987,1
2019-12-24,20:34:56.931000,11986,11987,11987,1
2019-12-24,20:35:12.349000,11986,11987,11987,1
2019-12-24,20:35:26.401000,11986,11987,11987,1
2019-12-24,20:35:35.857000,11986,11987,11987,1
2019-12-24,20:35:51.587000,11986,11987,11987,1
2019-12-24,20:36:07.486000,11986,11987,11987,1
2019-12-24,20:36:08.530000,11986,11987,11987,2
2019-12-24,20:36:09.837000,11986,11987,11987,1
2019-12-24,20:36:10.868000,11986,11987,11987,1
2019-12-24,20:36:31.172000,11986,11987,11987,1
2019-12-24,20:38:24.012000,11986,11987,11986,4
2019-12-24,20:41:16.135000,11986,11987,11986,4
2019-12-24,20:42:35.381000,11986,11987,11986,1
2019-12-24,20:42:45.917000,11986,11987,11986,2
2019-12-24,20:43:02.025000,11986,11987,11986,1
2019-12-24,20:43:02.150000,11986,11987,11986,2
2019-12-24,20:43:02.249000,11986,11987,11986,1
2019-12-24,20:43:02.671000,11986,11987,11986,2
2019-12-24,20:43:07.201000,11986,11987,11986,1
2019-12-24,20:43:15.501000,11986,11987,11986,9
2019-12-24,20:43:15.502000,11986,11987,11986,5
2019-12-24,20:43:15.502000,11986,11987,11986,1
2019-12-24,20:46:28.018000,11985,11986,11985,1
2019-12-24,20:46:48.722000,11985,11986,11985,1
2019-12-24,20:47:35.834000,11985,11986,11985,4
2019-12-24,20:49:01.429000,11985,11986,11986,2
2019-12-24,20:49:23.810000,11985,11986,11986,1
2019-12-24,20:50:08.226000,11985,11986,11986,1
2019-12-24,20:50:26.261000,11985,11986,11986,1
2019-12-24,20:50:40.327000,11985,11986,11986,1
2019-12-24,20:50:40.328000,11985,11986,11986,4
2019-12-24,20:50:40.328000,11985,11986,11986,1
2019-12-24,20:50:40.400000,11985,11986,11986,3
2019-12-24,20:50:40.400000,11985,11986,11986,1
2019-12-24,20:50:40.400000,11985,11986,11986,3
2019-12-24,20:50:40.400000,11985,11986,11986,1
2019-12-24,20:51:57.814000,11986,11987,11986,1
2019-12-24,20:52:07.234000,11986,11987,11986,1
2019-12-24,20:52:36.626000,11986,11987,11986,1
2019-12-24,20:53:52.071000,11986,11987,11986,1
2019-12-24,20:54:06.899000,11986,11987,11986,1
2019-12-24,20:54:12.882000,11986,11987,11986,1
2019-12-24,20:54:35.710000,11986,11987,11987,1
2019-12-24,20:55:07.009000,11986,11987,11987,1
2019-12-24,20:55:37.646000,11986,11987,11986,2
2019-12-24,20:55:37.650000,11986,11987,11986,2
2019-12-24,20:55:37.650000,11986,11987,11986,1
2019-12-24,20:55:37.684000,11986,11987,11986,2
2019-12-24,20:56:00.981000,11985,11987,11987,1
2019-12-24,20:58:08.509000,11985,11986,11986,2
2019-12-24,20:59:09.175000,11985,11986,11986,1
2019-12-24,20:59:37.280000,11986,11987,11986,1
2019-12-24,20:59:55.825000,11986,11987,11986,1
2019-12-24,21:00:24.726000,11986,11987,11986,1
2019-12-24,21:00:25.168000,11986,11987,11986,2
2019-12-24,21:00:30.113000,11986,11987,11987,1
2019-12-24,21:00:30.329000,11986,11987,11987,1
2019-12-24,21:00:36.372000,11986,11987,11986,1
2019-12-24,21:01:02.890000,11986,11987,11986,2
2019-12-24,21:01:38.260000,11986,11987,11986,1
2019-12-24,21:01:50.775000,11986,11987,11986,3
2019-12-24,21:01:50.900000,11986,11987,11986,6
2019-12-24,21:03:22.486000,11985,11986,11985,1
2019-12-24,21:04:05.208000,11985,11986,11985,10
2019-12-24,21:04:17.665000,11985,11986,11985,1
2019-12-24,21:04:44.929000,11985,11986,11985,1
2019-12-24,21:05:07.595000,11985,11986,11985,9
2019-12-24,21:05:09.178000,11985,11986,11985,1
2019-12-24,21:05:16.619000,11985,11986,11985,1
2019-12-24,21:05:47.452000,11985,11986,11985,1
2019-12-24,21:05:47.526000,11985,11986,11985,2
2019-12-24,21:07:18.582000,11984,11985,11984,2
2019-12-24,21:07:19.789000,11984,11985,11984,18
2019-12-24,21:07:30.898000,11984,11985,11984,1
2019-12-24,21:08:43.170000,11983,11984,11983,1
2019-12-24,21:08:43.307000,11983,11984,11984,1
2019-12-24,21:08:43.309000,11983,11984,11984,1
2019-12-24,21:08:43.355000,11983,11984,11983,1
2019-12-24,21:08:44.254000,11983,11984,11983,1
2019-12-24,21:08:44.599000,11983,11984,11983,1
2019-12-24,21:08:44.800000,11983,11984,11983,1
2019-12-24,21:08:58.360000,11983,11984,11983,5
2019-12-24,21:09:03.775000,11983,11984,11983,1
2019-12-24,21:09:09.069000,11983,11984,11983,1
2019-12-24,21:09:17.681000,11983,11984,11983,3
2019-12-24,21:09:21.628000,11983,11984,11983,2
2019-12-24,21:09:32.472000,11983,11984,11983,1
2019-12-24,21:09:34.337000,11983,11984,11983,2
2019-12-24,21:09:39.155000,11983,11984,11983,1
2019-12-24,21:09:43.709000,11983,11984,11983,1
2019-12-24,21:09:59.481000,11983,11984,11983,5
2019-12-24,21:10:00.391000,11983,11984,11983,1
2019-12-24,21:10:01.277000,11983,11984,11983,2
2019-12-24,21:10:08.991000,11983,11984,11983,1
2019-12-24,21:10:09.403000,11983,11984,11983,1
2019-12-24,21:10:12.708000,11983,11984,11983,1
2019-12-24,21:10:19.111000,11983,11984,11983,1
2019-12-24,21:10:22.167000,11983,11984,11983,2
2019-12-24,21:10:23.428000,11983,11984,11983,1
2019-12-24,21:10:30.904000,11983,11984,11983,4
2019-12-24,21:10:31.942000,11983,11984,11983,1
2019-12-24,21:10:39.669000,11983,11984,11983,1
2019-12-24,21:10:39.775000,11982,11984,11983,1
2019-12-24,21:10:47.791000,11982,11983,11983,2
2019-12-24,21:10:57.127000,11983,11984,11983,1
2019-12-24,21:10:57.150000,11983,11984,11983,1
2019-12-24,21:11:05.977000,11983,11984,11983,1
2019-12-24,21:11:08.849000,11982,11983,11983,1
2019-12-24,21:11:14.035000,11982,11983,11983,1
2019-12-24,21:11:14.086000,11982,11983,11983,1
2019-12-24,21:11:28.390000,11982,11984,11982,1
2019-12-24,21:11:28.738000,11982,11984,11982,1
