2019-08-08 15:00:00.010,10437,10439,10439,35
2019-08-08 15:00:00.126,10438,10439,10439,4
2019-08-08 15:00:00.161,10438,10439,10439,1
2019-08-08 15:00:00.586,10438,10439,10439,1
2019-08-08 15:00:00.628,10438,10439,10439,1
2019-08-08 15:00:00.697,10438,10439,10438,2
2019-08-08 15:00:00.840,10437,10439,10439,3
2019-08-08 15:00:00.941,10437,10439,10439,10
2019-08-08 15:00:01.057,10438,10440,10438,2
2019-08-08 15:00:01.462,10437,10439,10439,2
2019-08-08 15:00:01.462,10437,10439,10437,2
2019-08-08 15:00:01.566,10437,10439,10437,1
2019-08-08 15:00:01.659,10437,10439,10437,1
2019-08-08 15:00:01.718,10437,10438,10438,1
2019-08-08 15:00:01.766,10437,10438,10437,1
2019-08-08 15:00:02.057,10436,10438,10437,1
2019-08-08 15:00:02.881,10437,10438,10437,1
2019-08-08 15:00:03.663,10436,10437,10437,4
2019-08-08 15:00:08.696,10436,10437,10437,1
2019-08-08 15:00:09.196,10436,10437,10436,1
2019-08-08 15:00:09.950,10436,10437,10437,1
2019-08-08 15:00:11.861,10436,10437,10436,1
2019-08-08 15:00:12.484,10436,10437,10436,14
2019-08-08 15:00:12.699,10435,10436,10435,1
2019-08-08 15:00:13.208,10435,10436,10435,1
2019-08-08 15:00:13.208,10435,10436,10434,2
2019-08-08 15:00:13.380,10434,10436,10436,1
2019-08-08 15:00:15.899,10435,10436,10435,1
2019-08-08 15:00:17.423,10435,10437,10435,1
2019-08-08 15:00:17.739,10435,10437,10435,1
2019-08-08 15:00:20.144,10435,10436,10436,4
2019-08-08 15:00:20.145,10435,10436,10436,1
2019-08-08 15:00:20.230,10436,10437,10436,5
2019-08-08 15:00:21.084,10435,10437,10435,1
2019-08-08 15:00:21.667,10435,10437,10435,1
2019-08-08 15:00:24.240,10435,10436,10436,1
2019-08-08 15:00:25.972,10436,10437,10436,1
2019-08-08 15:00:28.483,10435,10436,10436,1
2019-08-08 15:00:31.888,10435,10436,10436,1
2019-08-08 15:00:32.777,10435,10436,10435,4
2019-08-08 15:00:33.559,10434,10435,10435,1
2019-08-08 15:00:34.673,10434,10435,10435,2
2019-08-08 15:00:39.951,10434,10435,10435,1
2019-08-08 15:00:41.070,10435,10436,10435,2
2019-08-08 15:00:42.120,10435,10436,10436,1
2019-08-08 15:00:44.476,10435,10436,10435,1
2019-08-08 15:00:45.232,10435,10436,10435,1
2019-08-08 15:00:47.710,10435,10436,10435,1
2019-08-08 15:00:53.867,10435,10436,10435,5
2019-08-08 15:00:54.177,10435,10436,10435,1
2019-08-08 15:00:56.923,10435,10436,10436,1
2019-08-08 15:00:57.108,10435,10436,10436,3
2019-08-08 15:00:57.109,10435,10436,10436,2
2019-08-08 15:00:57.110,10435,10436,10436,2
2019-08-08 15:00:57.110,10435,10436,10436,2
2019-08-08 15:00:57.111,10435,10436,10436,2
2019-08-08 15:00:57.113,10435,10436,10436,1
2019-08-08 15:00:57.113,10435,10436,10436,5
2019-08-08 15:01:00.058,10436,10437,10437,1
2019-08-08 15:01:00.098,10436,10437,10437,1
2019-08-08 15:01:00.755,10436,10437,10437,1
2019-08-08 15:01:01.570,10436,10437,10437,1
2019-08-08 15:01:02.018,10436,10437,10436,1
2019-08-08 15:01:06.951,10436,10437,10437,5
2019-08-08 15:01:07.074,10436,10437,10437,15
2019-08-08 15:01:07.199,10436,10437,10437,1
2019-08-08 15:01:07.236,10436,10437,10437,3
2019-08-08 15:01:07.908,10437,10438,10437,5
2019-08-08 15:01:11.204,10437,10438,10437,1
2019-08-08 15:01:12.517,10437,10438,10438,1
2019-08-08 15:01:12.520,10437,10438,10438,1
2019-08-08 15:01:12.528,10437,10438,10438,4
2019-08-08 15:01:14.927,10437,10438,10438,2
2019-08-08 15:01:17.956,10437,10438,10437,1
2019-08-08 15:01:19.107,10437,10438,10438,1
2019-08-08 15:01:19.199,10437,10438,10438,5
2019-08-08 15:01:19.783,10437,10438,10438,2
2019-08-08 15:01:19.824,10437,10438,10438,1
2019-08-08 15:01:19.955,10437,10438,10438,1
2019-08-08 15:01:20.107,10437,10438,10438,1
2019-08-08 15:01:21.074,10438,10439,10439,1
2019-08-08 15:01:21.074,10438,10439,10439,1
2019-08-08 15:01:21.074,10438,10439,10439,3
2019-08-08 15:01:21.175,10438,10439,10439,3
2019-08-08 15:01:21.175,10438,10439,10440,1
2019-08-08 15:01:21.530,10438,10439,10439,1
2019-08-08 15:01:22.793,10438,10440,10440,1
2019-08-08 15:01:23.552,10438,10440,10440,2
2019-08-08 15:01:26.955,10438,10439,10439,1
2019-08-08 15:01:28.984,10439,10440,10439,2
2019-08-08 15:01:30.118,10439,10440,10440,1
2019-08-08 15:01:33.715,10439,10440,10439,1
2019-08-08 15:01:33.919,10439,10440,10439,1
2019-08-08 15:01:34.859,10439,10440,10439,4
2019-08-08 15:01:35.224,10439,10440,10440,3
2019-08-08 15:01:36.585,10439,10440,10439,5
2019-08-08 15:01:38.077,10439,10440,10439,1
2019-08-08 15:01:39.908,10439,10440,10439,6
2019-08-08 15:01:43.369,10438,10439,10439,1
2019-08-08 15:01:49.193,10438,10439,10439,1
2019-08-08 15:01:49.983,10438,10439,10438,1
2019-08-08 15:01:51.290,10438,10439,10439,1
2019-08-08 15:01:57.138,10438,10439,10439,1
2019-08-08 15:01:59.659,10438,10439,10439,3
2019-08-08 15:02:00.449,10439,10440,10439,1
2019-08-08 15:02:00.498,10439,10440,10439,3
2019-08-08 15:02:00.588,10438,10439,10439,2
2019-08-08 15:02:01.004,10438,10439,10439,1
2019-08-08 15:02:02.343,10438,10439,10438,2
2019-08-08 15:02:03.198,10437,10438,10437,2
2019-08-08 15:02:06.923,10437,10438,10438,9
2019-08-08 15:02:06.950,10438,10439,10438,1
2019-08-08 15:02:09.801,10438,10439,10438,2
2019-08-08 15:02:10.517,10438,10439,10438,1
2019-08-08 15:02:10.518,10438,10439,10438,1
2019-08-08 15:02:10.519,10438,10439,10438,1
2019-08-08 15:02:10.520,10438,10439,10438,1
2019-08-08 15:02:10.521,10438,10439,10438,2
2019-08-08 15:02:10.521,10438,10439,10438,1
2019-08-08 15:02:10.521,10438,10439,10438,1
2019-08-08 15:02:10.929,10437,10438,10437,8
2019-08-08 15:02:10.949,10437,10438,10437,6
2019-08-08 15:02:11.074,10437,10438,10437,1
2019-08-08 15:02:12.021,10436,10438,10438,4
2019-08-08 15:02:12.747,10436,10437,10436,10
2019-08-08 15:02:14.103,10436,10437,10436,1
2019-08-08 15:02:18.819,10436,10437,10437,1
2019-08-08 15:02:20.931,10436,10437,10436,3
2019-08-08 15:02:20.931,10436,10437,10435,14
2019-08-08 15:02:22.199,10435,10436,10435,4
2019-08-08 15:02:28.373,10435,10436,10435,5
2019-08-08 15:02:28.373,10435,10436,10434,25
2019-08-08 15:02:31.976,10434,10435,10435,1
2019-08-08 15:02:32.712,10435,10436,10435,2
2019-08-08 15:02:41.205,10435,10436,10435,1
2019-08-08 15:02:41.733,10435,10436,10436,3
2019-08-08 15:02:49.165,10435,10436,10436,1
2019-08-08 15:03:00.134,10435,10436,10436,1
2019-08-08 15:03:06.927,10436,10437,10436,1
2019-08-08 15:03:19.225,10435,10436,10436,1
2019-08-08 15:03:19.241,10435,10436,10436,2
2019-08-08 15:03:19.261,10435,10436,10436,1
2019-08-08 15:03:33.199,10435,10436,10435,11
2019-08-08 15:03:34.723,10434,10435,10434,1
2019-08-08 15:03:38.334,10434,10435,10434,6
2019-08-08 15:03:43.910,10433,10434,10433,1
2019-08-08 15:03:45.455,10433,10434,10433,1
2019-08-08 15:03:46.855,10433,10434,10433,1
2019-08-08 15:03:50.032,10433,10434,10433,1
2019-08-08 15:03:52.114,10433,10434,10433,7
2019-08-08 15:03:54.638,10432,10433,10433,1
2019-08-08 15:03:56.288,10432,10433,10433,2
2019-08-08 15:03:56.615,10432,10433,10432,1
2019-08-08 15:03:56.890,10432,10433,10432,1
2019-08-08 15:03:59.128,10432,10433,10432,1
2019-08-08 15:04:01.977,10432,10433,10432,3
2019-08-08 15:04:01.977,10432,10433,10432,1
2019-08-08 15:04:01.977,10432,10433,10432,1
2019-08-08 15:04:01.977,10432,10433,10432,1
2019-08-08 15:04:02.369,10432,10433,10432,7
2019-08-08 15:04:02.369,10432,10433,10431,18
2019-08-08 15:04:02.616,10431,10432,10431,1
2019-08-08 15:04:05.985,10430,10431,10431,1
2019-08-08 15:04:09.717,10430,10431,10430,1
2019-08-08 15:04:09.859,10430,10431,10430,2
2019-08-08 15:04:10.674,10430,10431,10430,1
2019-08-08 15:04:12.168,10430,10431,10430,6
2019-08-08 15:04:12.168,10430,10431,10430,3
2019-08-08 15:04:12.168,10430,10431,10430,1
2019-08-08 15:04:12.168,10430,10431,10430,1
2019-08-08 15:04:12.168,10430,10431,10430,1
2019-08-08 15:04:12.169,10430,10431,10430,2
2019-08-08 15:04:12.169,10430,10431,10430,15
2019-08-08 15:04:12.199,10430,10431,10430,1
2019-08-08 15:04:12.200,10430,10431,10430,1
2019-08-08 15:04:12.200,10430,10431,10430,2
2019-08-08 15:04:12.200,10430,10431,10430,2
2019-08-08 15:04:12.215,10430,10431,10430,2
2019-08-08 15:04:12.238,10430,10431,10430,1
2019-08-08 15:04:12.324,10430,10431,10430,10
2019-08-08 15:04:13.216,10429,10430,10430,5
2019-08-08 15:04:15.931,10429,10430,10429,1
2019-08-08 15:04:18.286,10429,10430,10430,5
2019-08-08 15:04:18.742,10429,10430,10429,1
2019-08-08 15:04:19.046,10429,10430,10430,8
2019-08-08 15:04:19.716,10429,10431,10429,2
2019-08-08 15:04:19.917,10429,10431,10429,10
2019-08-08 15:04:20.830,10429,10431,10429,1
2019-08-08 15:04:21.460,10429,10431,10429,4
2019-08-08 15:04:23.667,10429,10430,10429,1
2019-08-08 15:04:26.667,10429,10430,10430,1
2019-08-08 15:04:26.834,10429,10431,10431,1
2019-08-08 15:04:33.111,10429,10430,10429,1
2019-08-08 15:04:34.099,10429,10430,10429,1
2019-08-08 15:04:37.531,10429,10430,10429,2
2019-08-08 15:04:41.016,10429,10430,10429,18
2019-08-08 15:04:42.511,10429,10430,10430,3
2019-08-08 15:04:44.254,10429,10430,10430,1
2019-08-08 15:04:44.256,10429,10430,10430,1
2019-08-08 15:04:44.257,10429,10430,10430,1
2019-08-08 15:04:44.257,10429,10430,10430,1
2019-08-08 15:04:44.257,10429,10430,10430,1
2019-08-08 15:04:44.257,10429,10430,10430,1
2019-08-08 15:04:44.257,10429,10430,10430,1
2019-08-08 15:04:48.831,10429,10430,10429,1
2019-08-08 15:04:49.311,10429,10430,10429,2
2019-08-08 15:04:49.881,10429,10430,10430,1
2019-08-08 15:04:51.126,10429,10430,10430,8
2019-08-08 15:04:51.126,10429,10430,10430,5
2019-08-08 15:04:53.449,10429,10431,10431,1
2019-08-08 15:04:53.826,10429,10430,10430,1
2019-08-08 15:04:54.872,10429,10431,10429,1
2019-08-08 15:04:58.828,10429,10430,10430,3
2019-08-08 15:04:59.330,10430,10431,10430,1
2019-08-08 15:04:59.829,10429,10430,10429,1
2019-08-08 15:05:01.077,10429,10430,10429,1
2019-08-08 15:05:01.079,10429,10430,10429,2
2019-08-08 15:05:01.081,10429,10430,10429,2
2019-08-08 15:05:01.199,10429,10430,10429,1
2019-08-08 15:05:01.200,10429,10430,10429,3
2019-08-08 15:05:04.694,10428,10430,10430,2
2019-08-08 15:05:06.126,10429,10430,10429,2
2019-08-08 15:05:10.201,10429,10430,10430,2
2019-08-08 15:05:10.367,10429,10431,10429,1
2019-08-08 15:05:11.019,10430,10431,10430,1
2019-08-08 15:05:12.092,10429,10430,10430,3
2019-08-08 15:05:13.602,10429,10430,10429,5
2019-08-08 15:05:15.204,10429,10430,10430,2
2019-08-08 15:05:16.344,10430,10431,10430,1
2019-08-08 15:05:18.084,10430,10431,10430,1
2019-08-08 15:05:18.899,10430,10431,10430,4
2019-08-08 15:05:19.861,10430,10431,10430,1
2019-08-08 15:05:20.243,10430,10431,10430,1
2019-08-08 15:05:21.193,10430,10431,10430,3
2019-08-08 15:05:21.198,10430,10431,10430,7
2019-08-08 15:05:21.199,10429,10430,10430,3
2019-08-08 15:05:23.241,10430,10431,10430,4
2019-08-08 15:05:23.326,10429,10430,10430,6
2019-08-08 15:05:26.224,10430,10431,10430,1
2019-08-08 15:05:27.297,10430,10431,10431,1
2019-08-08 15:05:29.895,10430,10431,10430,1
2019-08-08 15:05:31.670,10430,10431,10430,3
2019-08-08 15:05:31.825,10429,10430,10430,7
2019-08-08 15:05:33.789,10430,10431,10430,4
2019-08-08 15:05:34.396,10429,10430,10430,1
2019-08-08 15:05:36.214,10429,10430,10430,5
2019-08-08 15:05:38.707,10430,10431,10430,4
2019-08-08 15:05:40.605,10430,10431,10431,2
2019-08-08 15:05:41.606,10430,10431,10430,1
2019-08-08 15:05:42.691,10430,10431,10431,17
2019-08-08 15:05:45.070,10431,10432,10431,1
2019-08-08 15:05:46.155,10431,10432,10431,2
2019-08-08 15:05:54.693,10431,10432,10431,2
2019-08-08 15:05:55.703,10431,10432,10431,1
2019-08-08 15:05:56.678,10431,10432,10431,1
2019-08-08 15:05:58.969,10431,10432,10431,2
2019-08-08 15:06:00.326,10431,10432,10431,1
2019-08-08 15:06:03.834,10430,10431,10431,8
2019-08-08 15:06:08.467,10430,10431,10431,1
2019-08-08 15:06:11.342,10430,10431,10431,1
2019-08-08 15:06:14.546,10430,10431,10430,8
2019-08-08 15:06:14.575,10430,10431,10430,1
2019-08-08 15:06:14.575,10430,10431,10430,1
2019-08-08 15:06:14.598,10430,10431,10430,2
2019-08-08 15:06:14.699,10430,10431,10430,10
2019-08-08 15:06:24.423,10429,10430,10429,11
2019-08-08 15:06:27.273,10429,10430,10430,1
2019-08-08 15:06:28.948,10429,10430,10429,1
2019-08-08 15:06:30.525,10429,10430,10430,2
2019-08-08 15:06:36.158,10429,10430,10429,1
2019-08-08 15:06:36.283,10428,10429,10428,1
2019-08-08 15:06:36.855,10428,10429,10428,1
2019-08-08 15:06:36.912,10428,10429,10428,2
2019-08-08 15:06:39.227,10428,10429,10429,1
2019-08-08 15:06:41.684,10429,10430,10429,1
2019-08-08 15:06:41.898,10428,10429,10428,4
2019-08-08 15:06:41.957,10428,10429,10428,2
2019-08-08 15:06:43.229,10428,10429,10429,1
2019-08-08 15:06:44.936,10428,10429,10428,18
2019-08-08 15:06:44.974,10428,10429,10428,1
2019-08-08 15:06:47.664,10427,10428,10427,1
2019-08-08 15:06:47.783,10427,10428,10427,1
2019-08-08 15:06:48.004,10427,10428,10427,3
2019-08-08 15:06:48.235,10427,10428,10427,1
2019-08-08 15:06:50.480,10427,10428,10427,5
2019-08-08 15:06:50.490,10427,10428,10427,3
2019-08-08 15:06:50.508,10427,10428,10427,6
2019-08-08 15:06:51.314,10427,10428,10427,15
2019-08-08 15:06:51.373,10427,10428,10427,8
2019-08-08 15:06:54.615,10426,10427,10427,3
2019-08-08 15:06:55.056,10427,10428,10427,2
2019-08-08 15:06:55.392,10426,10428,10427,3
2019-08-08 15:06:55.392,10426,10428,10426,27
2019-08-08 15:06:55.394,10426,10428,10427,1
2019-08-08 15:06:55.449,10427,10428,10427,2
2019-08-08 15:06:56.125,10426,10427,10427,1
2019-08-08 15:06:56.174,10426,10427,10427,2
2019-08-08 15:06:56.179,10426,10427,10427,2
2019-08-08 15:06:56.627,10426,10428,10428,5
2019-08-08 15:06:56.829,10427,10428,10428,2
2019-08-08 15:06:56.830,10427,10428,10428,2
2019-08-08 15:06:56.949,10428,10429,10428,2
2019-08-08 15:06:57.704,10428,10429,10429,2
2019-08-08 15:06:59.609,10428,10430,10428,1
2019-08-08 15:07:01.793,10428,10430,10428,1
2019-08-08 15:07:04.099,10429,10430,10429,1
2019-08-08 15:07:09.773,10429,10430,10429,1
2019-08-08 15:07:12.523,10428,10429,10429,1
2019-08-08 15:07:20.584,10428,10429,10428,2
2019-08-08 15:07:23.171,10428,10429,10428,1
2019-08-08 15:07:24.937,10428,10429,10428,13
2019-08-08 15:07:25.116,10427,10428,10428,2
2019-08-08 15:07:29.486,10428,10429,10428,1
2019-08-08 15:07:31.935,10428,10429,10429,1
2019-08-08 15:07:32.445,10428,10429,10428,1
2019-08-08 15:07:34.532,10428,10429,10428,1
2019-08-08 15:07:39.543,10428,10429,10428,2
2019-08-08 15:07:43.128,10428,10429,10429,1
2019-08-08 15:07:51.055,10428,10429,10429,1
2019-08-08 15:07:51.271,10428,10429,10429,24
2019-08-08 15:07:54.992,10429,10430,10429,1
2019-08-08 15:07:59.678,10429,10430,10429,3
2019-08-08 15:08:03.012,10429,10430,10429,3
2019-08-08 15:08:05.893,10428,10429,10429,3
2019-08-08 15:08:06.709,10429,10430,10430,1
2019-08-08 15:08:06.858,10429,10430,10430,1
2019-08-08 15:08:07.554,10429,10430,10429,10
2019-08-08 15:08:07.554,10429,10430,10428,4
2019-08-08 15:08:19.217,10429,10430,10429,1
2019-08-08 15:08:34.202,10429,10430,10430,1
2019-08-08 15:08:34.650,10429,10430,10430,1
2019-08-08 15:08:41.966,10429,10430,10429,1
2019-08-08 15:08:43.700,10429,10430,10429,1
2019-08-08 15:08:43.700,10429,10430,10429,18
2019-08-08 15:08:43.824,10429,10430,10429,2
2019-08-08 15:08:43.824,10429,10430,10429,2
2019-08-08 15:08:43.912,10429,10430,10429,2
2019-08-08 15:08:43.912,10429,10430,10429,1
2019-08-08 15:08:43.946,10429,10430,10429,1
2019-08-08 15:08:45.654,10428,10429,10428,1
2019-08-08 15:08:49.974,10428,10429,10429,1
2019-08-08 15:08:50.521,10428,10429,10429,1
2019-08-08 15:08:51.465,10428,10429,10428,30
2019-08-08 15:08:53.069,10428,10429,10428,2
2019-08-08 15:08:53.069,10428,10429,10428,3
2019-08-08 15:08:53.070,10428,10429,10428,1
2019-08-08 15:08:53.070,10428,10429,10428,2
2019-08-08 15:08:53.075,10427,10428,10427,4
2019-08-08 15:08:53.076,10427,10428,10427,1
2019-08-08 15:08:53.519,10427,10428,10428,1
2019-08-08 15:08:57.518,10427,10428,10427,1
2019-08-08 15:09:00.988,10427,10428,10428,1
2019-08-08 15:09:01.716,10428,10429,10427,1
2019-08-08 15:09:03.128,10427,10428,10427,4
2019-08-08 15:09:06.817,10427,10428,10427,2
2019-08-08 15:09:08.433,10427,10428,10428,7
2019-08-08 15:09:10.558,10428,10429,10428,2
2019-08-08 15:09:13.566,10427,10428,10428,1
2019-08-08 15:09:14.967,10428,10429,10428,1
2019-08-08 15:09:31.291,10427,10428,10427,1
2019-08-08 15:09:31.292,10427,10428,10427,2
2019-08-08 15:09:31.325,10427,10428,10427,4
2019-08-08 15:09:31.363,10427,10428,10427,4
2019-08-08 15:09:31.668,10427,10428,10427,1
2019-08-08 15:09:35.112,10427,10428,10427,2
2019-08-08 15:09:35.222,10427,10428,10427,5
2019-08-08 15:09:35.630,10426,10427,10426,2
2019-08-08 15:09:35.962,10426,10427,10426,2
2019-08-08 15:09:35.966,10426,10427,10426,1
2019-08-08 15:09:39.076,10426,10427,10426,2
2019-08-08 15:09:39.077,10426,10427,10426,4
2019-08-08 15:09:39.078,10426,10427,10426,1
2019-08-08 15:09:39.141,10426,10427,10426,3
2019-08-08 15:09:41.113,10425,10426,10425,1
2019-08-08 15:09:41.170,10425,10426,10426,1
2019-08-08 15:09:41.294,10425,10426,10425,1
2019-08-08 15:09:41.613,10425,10426,10426,2
2019-08-08 15:09:41.833,10425,10426,10425,1
2019-08-08 15:09:42.680,10425,10426,10425,1
2019-08-08 15:09:43.500,10425,10426,10425,2
2019-08-08 15:09:44.596,10425,10426,10425,1
2019-08-08 15:09:46.228,10425,10426,10425,1
2019-08-08 15:09:47.566,10425,10426,10425,1
2019-08-08 15:09:47.580,10425,10426,10426,1
2019-08-08 15:09:47.938,10425,10426,10425,1
2019-08-08 15:09:48.422,10425,10426,10425,1
2019-08-08 15:09:49.028,10425,10426,10426,5
2019-08-08 15:09:49.804,10425,10426,10426,1
2019-08-08 15:09:51.784,10425,10426,10426,1
2019-08-08 15:09:51.784,10425,10426,10426,1
2019-08-08 15:09:52.223,10425,10426,10426,2
2019-08-08 15:09:52.250,10425,10426,10425,2
2019-08-08 15:09:53.555,10425,10426,10425,2
2019-08-08 15:09:53.571,10425,10426,10425,1
2019-08-08 15:09:56.418,10425,10426,10426,1
2019-08-08 15:09:56.420,10425,10426,10426,4
2019-08-08 15:09:57.514,10426,10427,10426,1
2019-08-08 15:09:57.895,10426,10427,10427,1
2019-08-08 15:09:58.447,10426,10427,10426,1
2019-08-08 15:09:59.161,10426,10427,10426,1
2019-08-08 15:10:00.242,10426,10427,10426,1
2019-08-08 15:10:06.451,10426,10427,10426,3
2019-08-08 15:10:06.737,10426,10427,10426,3
2019-08-08 15:10:06.737,10426,10427,10425,4
2019-08-08 15:10:07.320,10426,10427,10426,1
2019-08-08 15:10:09.804,10425,10427,10425,2
2019-08-08 15:10:10.185,10426,10427,10426,1
2019-08-08 15:10:10.213,10426,10427,10426,1
2019-08-08 15:10:12.095,10426,10427,10426,2
2019-08-08 15:10:12.141,10426,10427,10427,8
2019-08-08 15:10:15.921,10427,10428,10427,1
2019-08-08 15:10:17.657,10427,10428,10428,1
2019-08-08 15:10:19.215,10427,10428,10428,1
2019-08-08 15:10:19.667,10427,10428,10427,1
2019-08-08 15:10:20.252,10427,10428,10427,1
2019-08-08 15:10:21.218,10427,10428,10428,1
2019-08-08 15:10:26.965,10427,10428,10428,3
2019-08-08 15:10:27.711,10427,10428,10427,2
2019-08-08 15:10:28.555,10427,10428,10427,14
2019-08-08 15:10:28.555,10427,10428,10426,1
2019-08-08 15:10:33.579,10427,10428,10427,1
2019-08-08 15:10:39.454,10427,10428,10428,2
2019-08-08 15:10:39.964,10427,10428,10428,1
2019-08-08 15:10:44.829,10427,10428,10428,16
2019-08-08 15:10:49.870,10428,10429,10428,1
2019-08-08 15:10:58.249,10427,10428,10428,1
2019-08-08 15:11:02.354,10427,10428,10427,4
2019-08-08 15:11:02.450,10427,10428,10427,5
2019-08-08 15:11:08.199,10426,10427,10427,6
2019-08-08 15:11:11.887,10427,10428,10427,1
2019-08-08 15:11:18.278,10427,10428,10428,1
2019-08-08 15:11:24.489,10427,10428,10428,10
2019-08-08 15:11:24.504,10427,10428,10427,1
2019-08-08 15:11:33.559,10427,10428,10427,1
2019-08-08 15:11:35.650,10427,10428,10428,1
2019-08-08 15:11:39.124,10427,10428,10427,2
2019-08-08 15:11:39.124,10427,10428,10427,3
2019-08-08 15:11:39.128,10427,10428,10427,1
2019-08-08 15:11:39.199,10427,10428,10427,9
2019-08-08 15:11:39.456,10426,10427,10426,1
2019-08-08 15:11:39.742,10426,10427,10426,7
2019-08-08 15:11:39.824,10426,10427,10426,2
2019-08-08 15:11:41.289,10425,10427,10427,1
2019-08-08 15:11:44.176,10426,10427,10426,1
2019-08-08 15:11:47.968,10425,10426,10426,1
2019-08-08 15:11:58.496,10425,10426,10426,1
2019-08-08 15:12:01.583,10425,10426,10426,1
2019-08-08 15:12:04.276,10425,10426,10426,2
2019-08-08 15:12:06.138,10425,10426,10425,1
2019-08-08 15:12:07.514,10425,10426,10426,1
2019-08-08 15:12:07.514,10425,10426,10426,1
2019-08-08 15:12:07.514,10425,10426,10426,1
2019-08-08 15:12:07.831,10425,10426,10426,9
2019-08-08 15:12:09.934,10426,10428,10427,1
2019-08-08 15:12:16.232,10427,10428,10428,14
2019-08-08 15:12:17.067,10428,10429,10428,1
2019-08-08 15:12:36.503,10428,10429,10428,1
2019-08-08 15:12:36.627,10428,10429,10429,1
2019-08-08 15:12:39.442,10428,10429,10429,5
2019-08-08 15:12:39.449,10428,10429,10429,2
2019-08-08 15:12:42.619,10429,10430,10430,15
2019-08-08 15:12:44.694,10429,10430,10430,1
2019-08-08 15:12:49.605,10429,10430,10430,5
2019-08-08 15:12:49.987,10429,10430,10429,2
2019-08-08 15:12:56.074,10429,10430,10430,9
2019-08-08 15:13:00.073,10429,10430,10430,3
2019-08-08 15:13:01.804,10429,10430,10430,2
2019-08-08 15:13:07.588,10429,10430,10430,1
2019-08-08 15:13:09.631,10430,10431,10430,1
2019-08-08 15:13:30.789,10429,10430,10430,1
2019-08-08 15:13:43.799,10429,10430,10430,1
2019-08-08 15:13:49.122,10429,10430,10429,3
2019-08-08 15:13:49.122,10429,10430,10429,3
2019-08-08 15:13:49.199,10429,10430,10429,2
2019-08-08 15:13:55.747,10428,10429,10429,1
2019-08-08 15:14:07.544,10429,10430,10429,1
2019-08-08 15:14:12.276,10429,10430,10429,1
2019-08-08 15:14:16.320,10428,10429,10429,1
2019-08-08 15:14:23.159,10429,10430,10429,1
2019-08-08 15:14:29.835,10428,10429,10429,1
2019-08-08 15:14:35.949,10428,10429,10428,5
2019-08-08 15:14:35.950,10428,10429,10428,2
2019-08-08 15:14:37.902,10427,10428,10428,2
2019-08-08 15:14:45.712,10427,10428,10427,1
2019-08-08 15:14:47.735,10427,10428,10428,1
2019-08-08 15:15:02.289,10427,10428,10427,1
2019-08-08 15:15:02.324,10427,10428,10427,7
2019-08-08 15:15:02.449,10427,10428,10427,1
2019-08-08 15:15:02.794,10426,10427,10426,3
2019-08-08 15:15:02.795,10426,10427,10426,1
2019-08-08 15:15:02.795,10426,10427,10426,2
2019-08-08 15:15:02.841,10426,10427,10426,1
2019-08-08 15:15:02.841,10426,10427,10426,3
2019-08-08 15:15:02.866,10426,10427,10426,1
2019-08-08 15:15:02.949,10426,10427,10426,3
2019-08-08 15:15:03.055,10426,10427,10426,1
2019-08-08 15:15:03.519,10425,10427,10427,1
2019-08-08 15:15:03.970,10425,10427,10427,1
2019-08-08 15:15:04.110,10425,10427,10427,1
2019-08-08 15:15:04.319,10425,10427,10425,1
2019-08-08 15:15:07.253,10426,10427,10426,1
2019-08-08 15:15:08.574,10426,10427,10427,1
2019-08-08 15:15:24.251,10426,10427,10427,1
2019-08-08 15:15:27.720,10426,10427,10426,10
2019-08-08 15:15:28.418,10426,10427,10426,4
2019-08-08 15:15:35.112,10425,10426,10426,7
2019-08-08 15:15:35.199,10425,10426,10426,1
2019-08-08 15:15:38.474,10426,10427,10426,1
2019-08-08 15:15:40.229,10426,10427,10427,4
2019-08-08 15:15:44.106,10427,10428,10427,1
2019-08-08 15:15:51.619,10426,10427,10427,5
2019-08-08 15:16:02.867,10427,10428,10427,1
2019-08-08 15:16:03.054,10427,10428,10427,1
2019-08-08 15:16:06.820,10426,10427,10427,1
2019-08-08 15:16:07.983,10426,10427,10427,4
2019-08-08 15:16:09.449,10427,10428,10428,8
2019-08-08 15:16:14.855,10428,10429,10428,1
2019-08-08 15:16:20.330,10427,10428,10427,1
2019-08-08 15:16:24.480,10427,10428,10427,1
2019-08-08 15:16:40.870,10427,10428,10428,1
2019-08-08 15:16:44.907,10427,10428,10427,1
2019-08-08 15:16:51.985,10427,10428,10427,5
2019-08-08 15:16:53.717,10427,10428,10427,1
2019-08-08 15:16:53.718,10427,10428,10427,5
2019-08-08 15:16:53.824,10427,10428,10427,2
2019-08-08 15:16:55.469,10426,10427,10427,1
2019-08-08 15:17:03.309,10426,10427,10427,2
2019-08-08 15:17:04.041,10426,10428,10426,2
2019-08-08 15:17:04.063,10426,10428,10426,1
2019-08-08 15:17:04.233,10426,10428,10426,1
2019-08-08 15:17:07.017,10426,10427,10427,2
2019-08-08 15:17:07.327,10427,10428,10427,1
2019-08-08 15:17:08.532,10426,10427,10427,1
2019-08-08 15:17:09.273,10427,10428,10428,4
2019-08-08 15:17:09.324,10427,10428,10428,19
2019-08-08 15:17:13.748,10428,10429,10428,1
2019-08-08 15:17:15.747,10427,10428,10428,1
2019-08-08 15:17:23.877,10428,10429,10429,1
2019-08-08 15:17:27.189,10428,10429,10429,1
2019-08-08 15:17:33.881,10428,10429,10428,5
2019-08-08 15:17:37.699,10427,10428,10427,2
2019-08-08 15:17:43.731,10427,10428,10427,1
2019-08-08 15:17:50.272,10427,10428,10427,1
2019-08-08 15:17:58.276,10427,10428,10427,5
2019-08-08 15:18:09.739,10427,10428,10427,1
2019-08-08 15:18:11.525,10427,10428,10428,3
2019-08-08 15:18:15.167,10427,10429,10428,1
2019-08-08 15:18:19.538,10428,10429,10428,1
2019-08-08 15:18:27.132,10427,10428,10428,1
2019-08-08 15:18:38.950,10428,10429,10428,1
2019-08-08 15:18:52.215,10427,10428,10427,7
2019-08-08 15:18:52.636,10426,10427,10426,11
2019-08-08 15:18:52.674,10426,10427,10426,1
2019-08-08 15:18:52.674,10426,10427,10426,3
2019-08-08 15:18:52.674,10426,10427,10426,3
2019-08-08 15:18:54.586,10425,10426,10425,2
2019-08-08 15:18:54.588,10425,10426,10425,1
2019-08-08 15:18:54.594,10425,10426,10425,3
2019-08-08 15:18:54.600,10425,10426,10425,1
2019-08-08 15:18:54.675,10425,10426,10425,6
2019-08-08 15:18:54.699,10425,10426,10425,5
2019-08-08 15:18:54.701,10425,10426,10425,10
2019-08-08 15:18:58.659,10424,10425,10424,2
2019-08-08 15:18:59.033,10424,10425,10424,1
2019-08-08 15:18:59.662,10424,10425,10424,1
2019-08-08 15:19:00.154,10424,10425,10425,3
2019-08-08 15:19:01.115,10425,10426,10425,1
2019-08-08 15:19:01.356,10424,10426,10426,1
2019-08-08 15:19:01.726,10425,10426,10425,1
2019-08-08 15:19:02.202,10425,10426,10425,1
2019-08-08 15:19:02.300,10425,10426,10425,1
2019-08-08 15:19:05.671,10424,10426,10424,2
2019-08-08 15:19:08.277,10424,10425,10425,1
2019-08-08 15:19:10.116,10424,10425,10425,4
2019-08-08 15:19:10.792,10424,10425,10424,1
2019-08-08 15:19:12.191,10424,10425,10424,1
2019-08-08 15:19:12.843,10424,10425,10425,3
2019-08-08 15:19:15.201,10424,10425,10424,1
2019-08-08 15:19:15.919,10424,10425,10425,1
2019-08-08 15:19:17.189,10424,10425,10424,2
2019-08-08 15:19:22.377,10424,10425,10425,1
2019-08-08 15:19:24.249,10424,10425,10425,5
2019-08-08 15:19:30.099,10424,10425,10424,3
2019-08-08 15:19:30.199,10424,10425,10424,1
2019-08-08 15:19:30.200,10424,10425,10424,16
2019-08-08 15:19:33.366,10423,10424,10423,2
2019-08-08 15:19:33.576,10423,10424,10423,1
2019-08-08 15:19:33.798,10423,10424,10423,2
2019-08-08 15:19:34.311,10423,10424,10423,1
2019-08-08 15:19:35.296,10423,10424,10424,1
2019-08-08 15:19:35.646,10423,10424,10424,5
2019-08-08 15:19:38.338,10423,10424,10424,3
2019-08-08 15:19:39.464,10423,10424,10423,1
2019-08-08 15:19:43.222,10423,10424,10423,3
2019-08-08 15:19:43.543,10423,10424,10424,1
2019-08-08 15:19:47.260,10423,10424,10424,1
2019-08-08 15:19:52.547,10423,10424,10424,1
2019-08-08 15:19:52.673,10423,10424,10424,2
2019-08-08 15:19:53.572,10423,10424,10423,1
2019-08-08 15:19:58.237,10423,10424,10423,1
2019-08-08 15:20:00.834,10423,10424,10423,1
2019-08-08 15:20:01.245,10423,10424,10423,2
2019-08-08 15:20:01.259,10423,10424,10423,1
2019-08-08 15:20:01.266,10423,10424,10423,1
2019-08-08 15:20:01.698,10423,10424,10423,1
2019-08-08 15:20:01.823,10423,10424,10423,1
2019-08-08 15:20:02.045,10423,10424,10423,1
2019-08-08 15:20:02.194,10422,10424,10422,1
2019-08-08 15:20:02.329,10423,10424,10423,1
2019-08-08 15:20:02.379,10423,10424,10422,1
2019-08-08 15:20:02.550,10422,10423,10422,1
2019-08-08 15:20:02.742,10422,10423,10422,1
2019-08-08 15:20:02.899,10422,10423,10422,1
2019-08-08 15:20:03.002,10422,10423,10422,1
2019-08-08 15:20:03.083,10422,10423,10422,1
2019-08-08 15:20:03.107,10422,10423,10423,1
2019-08-08 15:20:03.248,10422,10423,10422,1
2019-08-08 15:20:03.904,10422,10423,10422,1
2019-08-08 15:20:04.110,10422,10423,10422,1
2019-08-08 15:20:04.233,10422,10423,10423,1
2019-08-08 15:20:04.321,10422,10423,10422,1
2019-08-08 15:20:04.447,10422,10423,10422,1
2019-08-08 15:20:04.448,10422,10423,10422,3
2019-08-08 15:20:04.448,10422,10423,10422,5
2019-08-08 15:20:05.246,10421,10422,10422,2
2019-08-08 15:20:06.854,10421,10422,10422,4
2019-08-08 15:20:07.330,10421,10422,10422,1
2019-08-08 15:20:10.164,10422,10423,10422,1
2019-08-08 15:20:10.418,10422,10423,10422,1
2019-08-08 15:20:10.748,10422,10423,10422,1
2019-08-08 15:20:11.189,10422,10423,10423,1
2019-08-08 15:20:11.189,10422,10423,10423,2
2019-08-08 15:20:11.190,10422,10423,10423,1
2019-08-08 15:20:11.210,10422,10423,10423,2
2019-08-08 15:20:11.251,10422,10423,10423,8
2019-08-08 15:20:11.380,10422,10423,10423,2
2019-08-08 15:20:12.056,10422,10424,10422,4
2019-08-08 15:20:12.591,10422,10424,10422,1
2019-08-08 15:20:16.688,10422,10423,10423,1
2019-08-08 15:20:18.177,10422,10423,10422,10
2019-08-08 15:20:20.979,10422,10423,10422,3
2019-08-08 15:20:20.979,10422,10423,10421,2
2019-08-08 15:20:21.161,10422,10423,10421,1
2019-08-08 15:20:21.525,10421,10423,10421,2
2019-08-08 15:20:22.957,10421,10422,10422,2
2019-08-08 15:20:25.596,10421,10422,10421,4
2019-08-08 15:20:29.261,10421,10422,10421,1
2019-08-08 15:20:30.834,10421,10422,10421,1
2019-08-08 15:20:33.755,10421,10422,10421,1
2019-08-08 15:20:34.416,10421,10422,10421,4
2019-08-08 15:20:35.129,10421,10422,10421,1
2019-08-08 15:20:36.870,10421,10422,10421,3
2019-08-08 15:20:37.631,10421,10422,10421,5
2019-08-08 15:20:38.928,10421,10422,10421,6
2019-08-08 15:20:39.726,10421,10422,10421,9
2019-08-08 15:20:40.207,10420,10421,10421,1
2019-08-08 15:20:40.483,10420,10421,10421,3
2019-08-08 15:20:40.667,10420,10421,10420,2
2019-08-08 15:20:40.726,10420,10421,10420,3
2019-08-08 15:20:40.802,10420,10421,10420,1
2019-08-08 15:20:41.212,10420,10421,10420,1
2019-08-08 15:20:42.016,10420,10421,10420,1
2019-08-08 15:20:42.086,10420,10421,10421,1
2019-08-08 15:20:42.387,10420,10421,10421,1
2019-08-08 15:20:42.958,10420,10421,10420,3
2019-08-08 15:20:42.966,10420,10421,10420,1
2019-08-08 15:20:43.365,10420,10421,10421,8
2019-08-08 15:20:44.344,10421,10422,10421,7
2019-08-08 15:20:44.346,10421,10422,10421,3
2019-08-08 15:20:45.017,10420,10422,10421,1
2019-08-08 15:20:47.009,10420,10422,10420,1
2019-08-08 15:20:53.125,10421,10422,10421,1
2019-08-08 15:20:53.616,10421,10422,10421,1
2019-08-08 15:20:54.299,10421,10422,10421,4
2019-08-08 15:20:56.722,10421,10422,10421,2
2019-08-08 15:21:00.799,10421,10422,10422,12
2019-08-08 15:21:01.127,10422,10423,10422,1
2019-08-08 15:21:01.947,10422,10423,10422,1
2019-08-08 15:21:02.190,10422,10423,10423,1
2019-08-08 15:21:02.455,10422,10423,10422,9
2019-08-08 15:21:02.459,10422,10423,10422,1
2019-08-08 15:21:07.128,10422,10423,10422,1
2019-08-08 15:21:08.568,10422,10423,10422,10
2019-08-08 15:21:14.419,10422,10423,10423,1
2019-08-08 15:21:14.586,10422,10423,10423,1
2019-08-08 15:21:24.028,10422,10423,10422,1
2019-08-08 15:21:27.305,10422,10423,10423,1
2019-08-08 15:21:32.329,10422,10423,10422,2
2019-08-08 15:21:32.329,10422,10423,10422,1
2019-08-08 15:21:42.111,10422,10423,10422,2
2019-08-08 15:21:43.178,10422,10423,10423,1
2019-08-08 15:21:48.385,10422,10423,10423,1
2019-08-08 15:21:48.458,10422,10423,10423,5
2019-08-08 15:21:50.262,10423,10424,10423,1
2019-08-08 15:21:50.866,10423,10424,10423,8
2019-08-08 15:21:50.951,10422,10423,10423,1
2019-08-08 15:21:52.447,10423,10424,10424,1
2019-08-08 15:21:52.457,10423,10424,10424,1
2019-08-08 15:21:53.302,10423,10424,10423,1
2019-08-08 15:21:56.011,10423,10424,10424,1
2019-08-08 15:22:00.587,10423,10424,10424,1
2019-08-08 15:22:04.989,10423,10424,10423,3
2019-08-08 15:22:05.735,10422,10423,10423,1
2019-08-08 15:22:09.501,10422,10423,10423,1
2019-08-08 15:22:20.981,10422,10423,10423,2
2019-08-08 15:22:26.267,10422,10423,10422,2
2019-08-08 15:22:29.812,10422,10423,10423,1
2019-08-08 15:22:30.854,10422,10423,10423,2
2019-08-08 15:22:30.943,10422,10423,10423,1
2019-08-08 15:22:32.728,10422,10423,10422,1
2019-08-08 15:22:33.174,10422,10423,10422,1
2019-08-08 15:22:37.455,10422,10423,10423,1
2019-08-08 15:22:40.083,10422,10423,10422,4
2019-08-08 15:22:44.482,10422,10423,10422,1
2019-08-08 15:22:47.451,10422,10423,10422,2
2019-08-08 15:22:47.495,10422,10423,10422,1
2019-08-08 15:22:48.120,10422,10423,10422,1
2019-08-08 15:22:48.199,10422,10423,10422,2
2019-08-08 15:22:48.199,10422,10423,10422,4
2019-08-08 15:22:50.324,10421,10422,10421,6
2019-08-08 15:22:50.324,10421,10422,10421,3
2019-08-08 15:22:51.736,10421,10422,10421,2
2019-08-08 15:22:53.637,10421,10422,10421,3
2019-08-08 15:22:53.798,10421,10422,10421,1
2019-08-08 15:22:53.802,10421,10422,10422,1
2019-08-08 15:22:54.640,10421,10422,10421,3
2019-08-08 15:22:55.244,10420,10421,10420,7
2019-08-08 15:22:55.324,10420,10421,10420,5
2019-08-08 15:22:56.269,10420,10421,10420,2
2019-08-08 15:22:56.271,10420,10421,10420,3
2019-08-08 15:22:56.271,10420,10421,10420,5
2019-08-08 15:22:56.324,10420,10421,10420,4
2019-08-08 15:22:56.324,10420,10421,10420,2
2019-08-08 15:22:56.325,10420,10421,10420,5
2019-08-08 15:22:56.328,10420,10421,10420,2
2019-08-08 15:22:56.330,10420,10421,10420,2
2019-08-08 15:22:56.334,10420,10421,10420,2
2019-08-08 15:22:57.077,10420,10421,10421,1
2019-08-08 15:22:59.281,10420,10421,10420,2
2019-08-08 15:22:59.563,10420,10421,10421,1
2019-08-08 15:23:01.297,10421,10422,10421,2
2019-08-08 15:23:01.297,10421,10422,10420,8
2019-08-08 15:23:02.012,10420,10421,10420,1
2019-08-08 15:23:02.682,10420,10421,10420,2
2019-08-08 15:23:02.755,10420,10421,10420,1
2019-08-08 15:23:02.871,10419,10421,10420,2
2019-08-08 15:23:03.199,10419,10420,10420,3
2019-08-08 15:23:03.839,10419,10421,10419,1
2019-08-08 15:23:03.985,10419,10421,10419,2
2019-08-08 15:23:04.076,10419,10421,10419,1
2019-08-08 15:23:04.176,10419,10421,10419,1
2019-08-08 15:23:04.290,10419,10421,10419,1
2019-08-08 15:23:04.353,10419,10421,10419,1
2019-08-08 15:23:04.545,10419,10421,10420,1
2019-08-08 15:23:05.233,10419,10421,10419,2
2019-08-08 15:23:05.982,10419,10421,10419,1
2019-08-08 15:23:06.444,10419,10421,10420,1
2019-08-08 15:23:07.667,10420,10421,10420,1
2019-08-08 15:23:12.053,10420,10421,10420,2
2019-08-08 15:23:14.000,10420,10421,10420,4
2019-08-08 15:23:14.474,10420,10421,10420,1
2019-08-08 15:23:14.915,10420,10421,10421,8
2019-08-08 15:23:17.077,10421,10422,10421,2
2019-08-08 15:23:19.006,10420,10421,10421,1
2019-08-08 15:23:25.982,10420,10421,10421,1
2019-08-08 15:23:29.724,10420,10421,10420,1
2019-08-08 15:23:31.334,10420,10421,10420,1
2019-08-08 15:23:35.226,10420,10421,10421,2
2019-08-08 15:23:36.317,10420,10421,10420,1
2019-08-08 15:23:36.381,10420,10421,10420,1
2019-08-08 15:23:37.927,10420,10421,10420,1
2019-08-08 15:23:38.387,10420,10421,10420,1
2019-08-08 15:23:38.408,10420,10421,10420,1
2019-08-08 15:23:41.909,10420,10421,10420,1
2019-08-08 15:23:44.791,10420,10421,10421,1
2019-08-08 15:23:49.510,10420,10421,10420,1
2019-08-08 15:23:53.439,10420,10421,10420,2
2019-08-08 15:23:53.750,10420,10421,10421,1
2019-08-08 15:23:56.759,10420,10421,10421,1
2019-08-08 15:23:57.296,10420,10421,10421,6
2019-08-08 15:23:58.762,10421,10422,10421,1
2019-08-08 15:23:58.784,10421,10422,10421,1
2019-08-08 15:24:02.201,10420,10421,10421,1
2019-08-08 15:24:02.789,10420,10422,10421,1
2019-08-08 15:24:02.789,10420,10422,10420,1
2019-08-08 15:24:03.480,10420,10422,10420,1
2019-08-08 15:24:07.275,10420,10421,10421,2
2019-08-08 15:24:10.299,10420,10422,10420,1
2019-08-08 15:24:12.334,10420,10421,10420,1
2019-08-08 15:24:12.893,10420,10421,10420,3
2019-08-08 15:24:13.516,10420,10421,10421,1
2019-08-08 15:24:16.459,10421,10422,10421,1
2019-08-08 15:24:24.087,10421,10422,10422,1
2019-08-08 15:24:28.986,10421,10422,10421,5
2019-08-08 15:24:37.396,10421,10422,10421,1
2019-08-08 15:24:47.115,10421,10422,10421,2
2019-08-08 15:24:47.892,10421,10422,10421,1
2019-08-08 15:24:48.320,10421,10422,10421,1
2019-08-08 15:24:51.850,10421,10422,10421,1
2019-08-08 15:24:56.143,10421,10422,10421,1
2019-08-08 15:24:58.999,10421,10422,10421,2
2019-08-08 15:25:00.874,10421,10422,10421,1
2019-08-08 15:25:01.233,10420,10421,10421,1
2019-08-08 15:25:04.354,10420,10421,10420,4
2019-08-08 15:25:04.449,10420,10421,10420,2
2019-08-08 15:25:04.449,10420,10421,10420,4
2019-08-08 15:25:04.450,10420,10421,10420,1
2019-08-08 15:25:07.582,10419,10420,10420,1
2019-08-08 15:25:07.582,10419,10420,10421,4
2019-08-08 15:25:07.660,10419,10420,10419,1
2019-08-08 15:25:12.871,10419,10420,10419,4
2019-08-08 15:25:14.430,10419,10420,10419,1
2019-08-08 15:25:22.703,10419,10420,10419,12
2019-08-08 15:25:23.433,10418,10419,10419,1
2019-08-08 15:25:23.852,10418,10419,10418,1
2019-08-08 15:25:24.083,10418,10419,10418,1
2019-08-08 15:25:24.160,10418,10419,10418,1
2019-08-08 15:25:24.177,10418,10419,10418,1
2019-08-08 15:25:26.356,10418,10419,10418,2
2019-08-08 15:25:27.029,10418,10419,10419,1
2019-08-08 15:25:27.224,10418,10419,10418,2
2019-08-08 15:25:28.292,10418,10419,10418,1
2019-08-08 15:25:28.610,10418,10419,10418,1
2019-08-08 15:25:29.516,10418,10419,10419,1
2019-08-08 15:25:29.522,10418,10419,10418,1
2019-08-08 15:25:31.746,10418,10419,10418,2
2019-08-08 15:25:32.395,10418,10419,10418,1
2019-08-08 15:25:33.786,10418,10419,10419,10
2019-08-08 15:25:33.787,10418,10419,10419,1
2019-08-08 15:25:33.787,10418,10419,10419,1
2019-08-08 15:25:33.824,10418,10419,10419,3
2019-08-08 15:25:33.824,10418,10419,10419,15
2019-08-08 15:25:33.824,10418,10419,10419,2
2019-08-08 15:25:33.825,10418,10419,10419,1
2019-08-08 15:25:33.825,10418,10419,10419,1
2019-08-08 15:25:33.949,10418,10419,10419,2
2019-08-08 15:25:34.296,10419,10420,10419,1
2019-08-08 15:25:37.050,10419,10420,10420,1
2019-08-08 15:25:39.261,10419,10420,10419,2
2019-08-08 15:25:39.348,10418,10420,10420,2
2019-08-08 15:25:40.228,10419,10420,10419,1
2019-08-08 15:25:41.811,10418,10420,10418,1
2019-08-08 15:25:41.919,10418,10420,10418,3
2019-08-08 15:25:43.326,10418,10419,10419,1
2019-08-08 15:25:43.563,10418,10419,10419,1
2019-08-08 15:25:43.827,10418,10420,10418,2
2019-08-08 15:25:44.249,10418,10420,10418,1
2019-08-08 15:25:48.860,10419,10420,10420,1
2019-08-08 15:25:49.035,10419,10420,10419,1
2019-08-08 15:25:50.057,10419,10420,10419,1
2019-08-08 15:25:50.648,10419,10420,10419,1
2019-08-08 15:25:50.700,10419,10420,10420,5
2019-08-08 15:25:53.349,10419,10420,10420,1
2019-08-08 15:25:57.581,10420,10421,10420,1
2019-08-08 15:26:00.556,10420,10421,10420,1
2019-08-08 15:26:00.557,10420,10421,10420,1
2019-08-08 15:26:00.710,10420,10421,10420,1
2019-08-08 15:26:01.183,10420,10421,10420,1
2019-08-08 15:26:01.622,10420,10421,10420,1
2019-08-08 15:26:06.119,10419,10420,10420,2
2019-08-08 15:26:07.877,10419,10420,10420,1
2019-08-08 15:26:14.450,10420,10421,10421,1
2019-08-08 15:26:15.057,10420,10421,10420,1
2019-08-08 15:26:27.609,10420,10421,10420,1
2019-08-08 15:26:34.873,10420,10421,10420,1
2019-08-08 15:26:34.873,10420,10421,10420,2
2019-08-08 15:26:34.965,10419,10420,10420,4
2019-08-08 15:26:35.068,10419,10420,10420,1
2019-08-08 15:26:35.271,10419,10420,10420,1
2019-08-08 15:26:40.291,10420,10421,10420,1
2019-08-08 15:26:43.304,10419,10421,10419,2
2019-08-08 15:26:45.914,10419,10420,10420,1
2019-08-08 15:26:51.668,10419,10420,10420,1
2019-08-08 15:26:54.139,10419,10420,10420,1
2019-08-08 15:26:55.299,10419,10420,10420,1
2019-08-08 15:26:57.351,10419,10420,10419,1
2019-08-08 15:27:03.109,10419,10420,10419,1
2019-08-08 15:27:03.219,10419,10420,10419,10
2019-08-08 15:27:03.407,10419,10420,10419,4
2019-08-08 15:27:03.861,10419,10420,10420,1
2019-08-08 15:27:24.226,10419,10420,10419,1
2019-08-08 15:27:29.950,10419,10420,10420,26
2019-08-08 15:27:57.446,10419,10420,10420,4
2019-08-08 15:28:04.324,10420,10421,10420,1
2019-08-08 15:28:05.640,10419,10420,10420,1
2019-08-08 15:28:14.389,10419,10420,10420,1
2019-08-08 15:28:15.118,10419,10420,10419,20
2019-08-08 15:28:18.347,10419,10420,10419,1
2019-08-08 15:28:28.012,10419,10420,10419,1
2019-08-08 15:28:32.683,10419,10420,10419,1
2019-08-08 15:28:48.952,10419,10420,10420,3
2019-08-08 15:28:48.953,10419,10420,10420,20
2019-08-08 15:28:48.958,10419,10420,10420,1
2019-08-08 15:28:51.148,10420,10421,10420,1
2019-08-08 15:28:59.194,10420,10421,10421,2
2019-08-08 15:29:04.074,10420,10421,10421,1
2019-08-08 15:29:04.074,10420,10421,10421,1
2019-08-08 15:29:04.095,10420,10421,10421,2
2019-08-08 15:29:05.550,10420,10421,10420,1
2019-08-08 15:29:08.821,10420,10421,10420,1
2019-08-08 15:29:10.301,10420,10421,10421,5
2019-08-08 15:29:12.498,10420,10421,10421,1
2019-08-08 15:29:12.704,10420,10421,10421,17
2019-08-08 15:29:13.657,10421,10422,10422,5
2019-08-08 15:29:13.758,10421,10422,10422,1
2019-08-08 15:29:14.972,10421,10422,10422,1
2019-08-08 15:29:23.441,10421,10422,10422,3
2019-08-08 15:29:25.522,10421,10422,10422,1
2019-08-08 15:29:27.002,10421,10422,10422,1
2019-08-08 15:29:28.455,10421,10422,10422,1
2019-08-08 15:29:29.497,10421,10422,10422,1
2019-08-08 15:29:29.574,10421,10422,10422,1
2019-08-08 15:29:29.654,10421,10422,10422,2
2019-08-08 15:29:29.699,10421,10422,10422,4
2019-08-08 15:29:35.579,10422,10423,10423,1
2019-08-08 15:29:36.034,10422,10423,10423,1
2019-08-08 15:29:38.034,10422,10423,10422,3
2019-08-08 15:29:39.546,10422,10423,10422,10
2019-08-08 15:29:40.929,10422,10423,10423,1
2019-08-08 15:29:46.911,10422,10423,10423,1
2019-08-08 15:29:47.243,10422,10423,10423,1
2019-08-08 15:29:49.521,10422,10423,10423,2
2019-08-08 15:29:57.362,10422,10423,10422,1
2019-08-08 15:29:59.116,10422,10423,10423,1
2019-08-08 15:30:00.576,10422,10423,10422,3
2019-08-08 15:30:00.593,10422,10423,10422,3
2019-08-08 15:30:00.604,10422,10423,10422,1
2019-08-08 15:30:00.699,10422,10423,10422,4
2019-08-08 15:30:00.699,10422,10423,10422,1
2019-08-08 15:30:02.227,10421,10422,10421,2
2019-08-08 15:30:02.227,10421,10422,10421,1
2019-08-08 15:30:02.227,10421,10422,10421,1
2019-08-08 15:30:02.324,10421,10422,10421,13
2019-08-08 15:30:02.327,10421,10422,10421,1
2019-08-08 15:30:02.449,10421,10422,10421,1
2019-08-08 15:30:03.354,10420,10421,10420,3
2019-08-08 15:30:03.613,10420,10421,10422,1
2019-08-08 15:30:06.719,10420,10421,10420,1
2019-08-08 15:30:09.868,10420,10421,10420,1
2019-08-08 15:30:10.939,10420,10421,10420,8
2019-08-08 15:30:10.941,10420,10421,10420,2
2019-08-08 15:30:10.949,10420,10421,10420,2
2019-08-08 15:30:10.949,10420,10421,10420,1
2019-08-08 15:30:10.949,10420,10421,10420,1
2019-08-08 15:30:11.484,10420,10421,10420,1
2019-08-08 15:30:11.963,10420,10421,10421,1
2019-08-08 15:30:12.406,10420,10421,10421,1
2019-08-08 15:30:12.895,10420,10421,10420,1
2019-08-08 15:30:16.460,10420,10421,10421,1
2019-08-08 15:30:16.871,10420,10421,10421,2
2019-08-08 15:30:24.337,10420,10421,10421,1
2019-08-08 15:30:28.082,10420,10421,10421,1
2019-08-08 15:30:28.187,10420,10421,10420,20
2019-08-08 15:30:28.717,10420,10421,10421,1
2019-08-08 15:30:33.781,10420,10421,10421,1
2019-08-08 15:30:33.782,10420,10421,10421,4
2019-08-08 15:30:36.731,10420,10421,10420,6
2019-08-08 15:30:39.559,10420,10421,10420,1
2019-08-08 15:30:41.102,10420,10421,10420,1
2019-08-08 15:30:44.566,10420,10421,10421,4
2019-08-08 15:30:46.364,10420,10422,10420,1
2019-08-08 15:30:47.079,10420,10422,10420,1
2019-08-08 15:30:51.858,10420,10421,10420,1
2019-08-08 15:30:53.168,10420,10421,10420,1
2019-08-08 15:31:06.573,10420,10421,10421,1
2019-08-08 15:31:06.574,10420,10421,10421,4
2019-08-08 15:31:06.574,10420,10421,10421,2
2019-08-08 15:31:07.104,10421,10422,10421,1
2019-08-08 15:31:09.462,10421,10422,10421,1
2019-08-08 15:31:09.482,10421,10422,10420,1
2019-08-08 15:31:18.406,10421,10422,10421,1
2019-08-08 15:31:20.214,10421,10422,10421,1
2019-08-08 15:31:20.214,10421,10422,10421,1
2019-08-08 15:31:24.957,10420,10421,10421,1
2019-08-08 15:31:27.570,10420,10421,10420,20
2019-08-08 15:31:27.622,10420,10421,10420,8
2019-08-08 15:31:29.680,10420,10421,10420,1
2019-08-08 15:31:34.877,10419,10420,10419,1
2019-08-08 15:31:36.591,10419,10420,10420,6
2019-08-08 15:31:37.179,10420,10421,10420,8
2019-08-08 15:31:37.949,10419,10420,10420,1
2019-08-08 15:31:48.750,10420,10421,10420,1
2019-08-08 15:31:49.663,10420,10421,10420,1
2019-08-08 15:31:51.098,10420,10421,10420,20
2019-08-08 15:31:51.098,10420,10421,10419,61
2019-08-08 15:32:00.385,10419,10420,10419,1
2019-08-08 15:32:00.385,10419,10420,10419,2
2019-08-08 15:32:00.420,10419,10420,10418,6
2019-08-08 15:32:00.519,10418,10419,10418,5
2019-08-08 15:32:00.690,10418,10419,10418,2
2019-08-08 15:32:00.866,10418,10419,10418,3
2019-08-08 15:32:00.867,10418,10419,10418,2
2019-08-08 15:32:00.868,10418,10419,10418,1
2019-08-08 15:32:01.055,10418,10419,10419,1
2019-08-08 15:32:01.136,10418,10419,10418,1
2019-08-08 15:32:01.136,10418,10419,10417,3
2019-08-08 15:32:01.299,10417,10419,10417,10
2019-08-08 15:32:01.358,10417,10419,10418,1
2019-08-08 15:32:01.633,10417,10419,10417,1
2019-08-08 15:32:03.602,10417,10419,10417,1
2019-08-08 15:32:04.684,10417,10418,10417,1
2019-08-08 15:32:04.848,10417,10418,10418,1
2019-08-08 15:32:05.195,10417,10418,10418,2
2019-08-08 15:32:05.200,10417,10418,10418,2
2019-08-08 15:32:06.772,10418,10419,10418,1
2019-08-08 15:32:06.787,10418,10419,10418,2
2019-08-08 15:32:09.002,10418,10419,10418,1
2019-08-08 15:32:11.989,10418,10419,10418,1
2019-08-08 15:32:17.483,10418,10419,10418,1
2019-08-08 15:32:19.374,10419,10420,10419,1
2019-08-08 15:32:24.168,10419,10420,10419,1
2019-08-08 15:32:24.582,10419,10420,10419,2
2019-08-08 15:32:24.772,10418,10419,10419,1
2019-08-08 15:32:24.774,10418,10419,10419,1
2019-08-08 15:32:24.777,10418,10419,10419,1
2019-08-08 15:32:29.279,10419,10420,10419,1
2019-08-08 15:32:35.644,10419,10420,10419,1
2019-08-08 15:32:43.304,10419,10420,10419,1
2019-08-08 15:32:46.505,10419,10420,10420,1
2019-08-08 15:32:47.709,10419,10420,10420,9
2019-08-08 15:32:47.709,10419,10420,10421,1
2019-08-08 15:32:51.920,10420,10421,10420,2
2019-08-08 15:33:02.115,10420,10421,10420,1
2019-08-08 15:33:02.115,10420,10421,10420,3
2019-08-08 15:33:04.654,10419,10420,10420,2
2019-08-08 15:33:07.615,10419,10420,10420,1
2019-08-08 15:33:09.323,10419,10420,10420,4
2019-08-08 15:33:11.242,10419,10420,10419,2
2019-08-08 15:33:14.470,10419,10420,10420,8
2019-08-08 15:33:21.966,10419,10420,10420,6
2019-08-08 15:33:21.966,10419,10420,10421,7
2019-08-08 15:33:33.291,10420,10421,10420,3
2019-08-08 15:33:33.324,10420,10421,10420,1
2019-08-08 15:33:33.324,10420,10421,10420,4
2019-08-08 15:33:33.324,10420,10421,10420,4
2019-08-08 15:33:34.460,10419,10420,10420,1
2019-08-08 15:33:41.994,10419,10420,10420,1
2019-08-08 15:33:49.818,10420,10421,10420,3
2019-08-08 15:33:51.190,10420,10421,10420,1
2019-08-08 15:33:54.107,10419,10420,10420,1
2019-08-08 15:33:56.307,10419,10420,10419,3
2019-08-08 15:34:00.324,10419,10420,10420,2
2019-08-08 15:34:00.449,10419,10420,10420,5
2019-08-08 15:34:00.830,10420,10421,10420,5
2019-08-08 15:34:01.330,10420,10421,10420,1
2019-08-08 15:34:02.172,10419,10420,10420,1
2019-08-08 15:34:03.092,10419,10420,10419,1
2019-08-08 15:34:03.093,10419,10420,10419,2
2019-08-08 15:34:05.610,10419,10420,10420,3
2019-08-08 15:34:06.417,10419,10420,10419,2
2019-08-08 15:34:09.153,10419,10420,10419,1
2019-08-08 15:34:09.907,10419,10420,10419,4
2019-08-08 15:34:22.412,10418,10419,10419,3
2019-08-08 15:34:48.575,10419,10420,10420,8
2019-08-08 15:34:54.891,10420,10421,10420,1
2019-08-08 15:34:56.540,10420,10421,10420,1
2019-08-08 15:34:58.473,10420,10421,10420,1
2019-08-08 15:35:00.756,10420,10421,10420,1
2019-08-08 15:35:15.190,10420,10421,10421,5
2019-08-08 15:35:15.199,10420,10421,10421,1
2019-08-08 15:35:15.208,10420,10421,10421,1
2019-08-08 15:35:15.447,10421,10422,10421,1
2019-08-08 15:35:17.519,10421,10422,10421,1
2019-08-08 15:35:19.348,10421,10422,10421,1
2019-08-08 15:35:25.756,10420,10421,10421,1
2019-08-08 15:35:27.503,10420,10422,10422,2
2019-08-08 15:35:27.608,10420,10422,10422,1
2019-08-08 15:35:27.842,10421,10422,10422,5
2019-08-08 15:35:29.403,10420,10422,10422,2
2019-08-08 15:35:33.170,10421,10422,10421,3
2019-08-08 15:35:38.931,10420,10421,10421,1
2019-08-08 15:35:40.762,10420,10421,10421,1
2019-08-08 15:35:41.973,10420,10421,10421,5
2019-08-08 15:36:06.210,10421,10422,10422,1
2019-08-08 15:36:06.249,10421,10422,10422,3
2019-08-08 15:36:06.249,10421,10422,10422,5
2019-08-08 15:36:06.250,10421,10422,10422,5
2019-08-08 15:36:15.547,10422,10423,10422,1
2019-08-08 15:36:15.788,10422,10423,10422,1
2019-08-08 15:36:16.228,10422,10423,10423,1
2019-08-08 15:36:18.248,10422,10423,10423,1
2019-08-08 15:36:18.305,10422,10423,10423,1
2019-08-08 15:36:18.307,10422,10423,10423,1
2019-08-08 15:36:18.309,10422,10423,10423,2
2019-08-08 15:36:18.316,10422,10423,10423,1
2019-08-08 15:36:18.329,10422,10423,10423,1
2019-08-08 15:36:18.332,10422,10423,10423,1
2019-08-08 15:36:18.334,10422,10423,10423,1
2019-08-08 15:36:18.350,10422,10423,10423,1
2019-08-08 15:36:18.361,10422,10423,10423,1
2019-08-08 15:36:18.380,10422,10423,10423,1
2019-08-08 15:36:18.387,10422,10423,10424,1
2019-08-08 15:36:18.422,10422,10423,10424,1
2019-08-08 15:36:30.995,10423,10424,10424,1
2019-08-08 15:36:34.625,10423,10424,10424,2
2019-08-08 15:36:39.160,10423,10424,10424,5
2019-08-08 15:36:40.619,10423,10424,10424,1
2019-08-08 15:36:41.232,10423,10424,10424,1
2019-08-08 15:36:45.676,10424,10425,10425,1
2019-08-08 15:36:45.733,10424,10425,10425,1
2019-08-08 15:36:48.103,10424,10425,10424,3
2019-08-08 15:36:50.205,10424,10425,10425,1
2019-08-08 15:36:51.274,10424,10425,10424,1
2019-08-08 15:36:56.715,10424,10425,10424,10
2019-08-08 15:36:57.467,10424,10425,10425,1
2019-08-08 15:36:57.929,10424,10425,10425,1
2019-08-08 15:37:04.949,10424,10425,10425,3
2019-08-08 15:37:04.998,10424,10425,10425,2
2019-08-08 15:37:05.681,10424,10425,10424,3
2019-08-08 15:37:05.693,10424,10425,10424,3
2019-08-08 15:37:05.694,10424,10425,10424,3
2019-08-08 15:37:05.949,10424,10425,10424,2
2019-08-08 15:37:05.975,10424,10425,10424,14
2019-08-08 15:37:05.975,10424,10425,10424,2
2019-08-08 15:37:05.975,10424,10425,10424,3
2019-08-08 15:37:06.744,10423,10424,10423,1
2019-08-08 15:37:13.417,10423,10424,10424,1
2019-08-08 15:37:14.592,10423,10424,10423,1
2019-08-08 15:37:18.535,10423,10424,10424,2
2019-08-08 15:37:18.915,10423,10424,10423,1
2019-08-08 15:37:23.540,10423,10424,10423,10
2019-08-08 15:37:26.394,10423,10424,10423,1
2019-08-08 15:37:26.640,10423,10424,10424,2
2019-08-08 15:37:26.682,10423,10424,10423,3
2019-08-08 15:37:28.751,10423,10424,10423,5
2019-08-08 15:37:28.824,10423,10424,10423,2
2019-08-08 15:37:31.606,10422,10423,10423,1
2019-08-08 15:37:32.562,10422,10423,10423,1
2019-08-08 15:37:37.584,10422,10423,10423,1
2019-08-08 15:37:39.437,10422,10423,10423,5
2019-08-08 15:37:45.062,10422,10423,10423,1
2019-08-08 15:37:54.143,10422,10423,10423,1
2019-08-08 15:38:01.463,10422,10423,10423,1
2019-08-08 15:38:07.153,10422,10423,10423,6
2019-08-08 15:38:07.153,10422,10423,10423,3
2019-08-08 15:38:07.199,10422,10423,10423,2
2019-08-08 15:38:18.332,10423,10424,10423,2
2019-08-08 15:38:33.449,10423,10424,10424,4
2019-08-08 15:38:33.574,10423,10424,10424,7
2019-08-08 15:38:37.474,10424,10425,10425,1
2019-08-08 15:38:41.061,10424,10425,10425,2
2019-08-08 15:38:41.294,10424,10425,10424,1
2019-08-08 15:38:42.332,10424,10425,10424,1
2019-08-08 15:38:43.141,10424,10425,10425,2
2019-08-08 15:38:48.777,10424,10425,10424,1
2019-08-08 15:38:51.057,10424,10425,10424,1
2019-08-08 15:38:54.547,10424,10425,10424,1
2019-08-08 15:38:58.394,10424,10425,10425,3
2019-08-08 15:38:59.829,10424,10425,10425,1
2019-08-08 15:39:00.253,10424,10425,10425,1
2019-08-08 15:39:04.080,10424,10425,10425,10
2019-08-08 15:39:05.432,10424,10425,10424,2
2019-08-08 15:39:10.698,10424,10425,10424,1
2019-08-08 15:39:17.199,10424,10425,10425,1
2019-08-08 15:39:17.324,10424,10425,10425,5
2019-08-08 15:39:20.701,10424,10425,10424,1
2019-08-08 15:39:22.847,10424,10425,10425,15
2019-08-08 15:39:23.282,10424,10425,10424,2
2019-08-08 15:39:27.298,10424,10425,10424,1
2019-08-08 15:39:27.961,10424,10425,10425,1
2019-08-08 15:39:35.721,10424,10425,10425,4
2019-08-08 15:39:37.058,10425,10426,10425,1
2019-08-08 15:39:37.967,10425,10426,10425,1
2019-08-08 15:39:41.824,10424,10425,10425,1
2019-08-08 15:39:42.185,10424,10425,10425,1
2019-08-08 15:39:46.112,10424,10425,10425,1
2019-08-08 15:39:47.360,10424,10425,10425,1
2019-08-08 15:40:01.711,10424,10425,10425,4
2019-08-08 15:40:03.654,10424,10425,10425,1
2019-08-08 15:40:06.413,10424,10425,10425,3
2019-08-08 15:40:08.277,10424,10425,10425,2
2019-08-08 15:40:08.278,10424,10425,10425,1
2019-08-08 15:40:12.075,10425,10426,10425,1
2019-08-08 15:40:15.762,10425,10426,10425,1
2019-08-08 15:40:16.593,10425,10426,10426,2
2019-08-08 15:40:21.991,10425,10426,10426,10
2019-08-08 15:40:22.382,10425,10426,10426,1
2019-08-08 15:40:25.838,10425,10426,10426,1
2019-08-08 15:40:29.014,10425,10426,10426,1
2019-08-08 15:40:33.359,10425,10426,10426,1
2019-08-08 15:40:33.801,10425,10426,10426,5
2019-08-08 15:40:37.423,10425,10426,10426,2
2019-08-08 15:40:37.496,10425,10426,10426,10
2019-08-08 15:40:41.008,10425,10426,10426,1
2019-08-08 15:40:41.380,10425,10426,10426,2
2019-08-08 15:40:53.925,10425,10426,10426,1
2019-08-08 15:41:02.709,10425,10426,10426,1
2019-08-08 15:41:03.623,10425,10426,10425,2
2019-08-08 15:41:04.247,10425,10426,10426,3
2019-08-08 15:41:05.994,10425,10426,10426,1
2019-08-08 15:41:06.909,10425,10426,10426,1
2019-08-08 15:41:06.909,10425,10426,10426,3
2019-08-08 15:41:06.909,10425,10426,10426,14
2019-08-08 15:41:11.488,10426,10427,10427,4
2019-08-08 15:41:11.582,10426,10427,10427,1
2019-08-08 15:41:12.631,10426,10427,10426,2
2019-08-08 15:41:18.084,10426,10427,10426,1
2019-08-08 15:41:28.046,10426,10427,10427,1
2019-08-08 15:41:28.990,10426,10427,10427,1
2019-08-08 15:41:28.992,10426,10427,10427,9
2019-08-08 15:41:33.799,10427,10428,10428,2
2019-08-08 15:41:33.845,10427,10428,10428,1
2019-08-08 15:41:33.867,10427,10428,10428,1
2019-08-08 15:41:33.923,10427,10428,10428,1
2019-08-08 15:41:36.234,10427,10428,10428,1
2019-08-08 15:41:36.961,10427,10428,10428,1
2019-08-08 15:41:39.081,10427,10428,10428,1
2019-08-08 15:41:40.410,10427,10428,10427,1
2019-08-08 15:41:41.827,10427,10428,10428,1
2019-08-08 15:41:45.274,10427,10428,10428,1
2019-08-08 15:41:50.357,10427,10428,10427,1
2019-08-08 15:41:50.891,10427,10428,10428,2
2019-08-08 15:41:51.645,10427,10428,10428,1
2019-08-08 15:41:52.636,10427,10428,10428,1
2019-08-08 15:41:54.231,10427,10428,10428,1
2019-08-08 15:41:56.746,10427,10428,10428,2
2019-08-08 15:42:01.365,10427,10428,10428,5
2019-08-08 15:42:07.143,10427,10428,10428,1
2019-08-08 15:42:08.284,10427,10428,10428,1
2019-08-08 15:42:08.528,10427,10428,10428,1
2019-08-08 15:42:15.549,10427,10428,10428,1
2019-08-08 15:42:23.195,10427,10428,10428,1
2019-08-08 15:42:23.196,10427,10428,10428,1
2019-08-08 15:42:23.196,10427,10428,10428,9
2019-08-08 15:42:33.285,10428,10429,10428,1
2019-08-08 15:42:37.550,10428,10429,10429,1
2019-08-08 15:42:39.392,10428,10429,10428,1
2019-08-08 15:42:40.188,10428,10429,10428,3
2019-08-08 15:42:46.172,10428,10429,10428,1
2019-08-08 15:42:48.819,10428,10429,10429,1
2019-08-08 15:42:52.206,10428,10429,10428,1
2019-08-08 15:42:58.538,10428,10429,10429,1
2019-08-08 15:42:58.903,10428,10429,10428,2
2019-08-08 15:43:02.601,10428,10429,10428,1
2019-08-08 15:43:04.790,10428,10429,10429,2
2019-08-08 15:43:05.854,10428,10429,10428,2
2019-08-08 15:43:06.713,10428,10429,10428,1
2019-08-08 15:43:13.897,10428,10429,10428,2
2019-08-08 15:43:18.184,10428,10429,10428,1
2019-08-08 15:43:20.747,10428,10429,10428,1
2019-08-08 15:43:22.634,10428,10429,10429,9
2019-08-08 15:43:22.699,10428,10429,10429,1
2019-08-08 15:43:22.699,10428,10429,10429,1
2019-08-08 15:43:22.699,10428,10429,10429,2
2019-08-08 15:43:22.714,10428,10429,10429,2
2019-08-08 15:43:22.714,10428,10429,10429,2
2019-08-08 15:43:22.714,10428,10429,10429,5
2019-08-08 15:43:22.714,10428,10429,10429,1
2019-08-08 15:43:25.086,10429,10430,10429,1
2019-08-08 15:43:27.988,10429,10430,10429,1
2019-08-08 15:43:28.743,10429,10430,10429,1
2019-08-08 15:43:31.012,10429,10430,10429,3
2019-08-08 15:43:32.049,10428,10429,10429,1
2019-08-08 15:43:32.978,10428,10429,10429,1
2019-08-08 15:43:34.519,10428,10429,10429,2
2019-08-08 15:43:34.943,10428,10429,10429,1
2019-08-08 15:43:38.031,10429,10430,10429,1
2019-08-08 15:43:39.460,10428,10429,10429,1
2019-08-08 15:43:41.040,10428,10429,10429,1
2019-08-08 15:43:41.751,10428,10429,10429,1
2019-08-08 15:43:47.587,10428,10429,10429,2
2019-08-08 15:43:48.091,10428,10429,10429,1
2019-08-08 15:43:49.787,10428,10429,10429,2
2019-08-08 15:44:02.143,10428,10429,10428,23
2019-08-08 15:44:02.199,10428,10429,10428,8
2019-08-08 15:44:05.358,10427,10428,10428,1
2019-08-08 15:44:06.295,10427,10428,10428,1
2019-08-08 15:44:06.618,10427,10428,10428,1
2019-08-08 15:44:20.565,10427,10428,10428,1
2019-08-08 15:44:23.422,10427,10428,10428,4
2019-08-08 15:44:39.493,10427,10428,10428,1
2019-08-08 15:44:44.758,10427,10428,10428,1
2019-08-08 15:44:45.156,10427,10428,10428,3
2019-08-08 15:44:48.729,10427,10428,10428,1
2019-08-08 15:45:00.699,10427,10428,10427,1
2019-08-08 15:45:00.824,10427,10428,10427,12
2019-08-08 15:45:00.866,10427,10428,10427,1
2019-08-08 15:45:00.991,10427,10428,10427,2
2019-08-08 15:45:01.212,10426,10427,10427,1
2019-08-08 15:45:01.647,10426,10427,10427,1
2019-08-08 15:45:23.210,10426,10427,10426,4
2019-08-08 15:45:23.803,10426,10427,10427,3
2019-08-08 15:45:28.794,10426,10427,10426,3
2019-08-08 15:45:33.218,10426,10427,10426,2
2019-08-08 15:45:34.087,10426,10427,10427,1
2019-08-08 15:45:34.744,10426,10427,10427,1
2019-08-08 15:45:37.616,10426,10427,10427,1
2019-08-08 15:45:46.237,10426,10427,10426,2
2019-08-08 15:45:49.129,10426,10427,10426,1
2019-08-08 15:45:50.876,10426,10427,10426,1
2019-08-08 15:45:52.332,10426,10427,10426,1
2019-08-08 15:45:59.912,10426,10427,10426,1
2019-08-08 15:46:01.856,10426,10427,10426,1
2019-08-08 15:46:10.074,10426,10427,10426,3
2019-08-08 15:46:10.248,10426,10427,10427,1
2019-08-08 15:46:11.102,10426,10427,10426,1
2019-08-08 15:46:14.024,10426,10427,10426,1
2019-08-08 15:46:31.206,10426,10427,10426,4
2019-08-08 15:46:46.471,10426,10427,10426,1
2019-08-08 15:46:49.619,10426,10427,10426,1
2019-08-08 15:46:50.349,10426,10427,10427,1
2019-08-08 15:47:10.190,10426,10427,10426,1
2019-08-08 15:47:11.969,10426,10427,10427,1
2019-08-08 15:47:18.246,10426,10427,10427,1
2019-08-08 15:47:26.406,10426,10427,10427,30
2019-08-08 15:47:29.819,10427,10428,10428,1
2019-08-08 15:47:30.941,10427,10428,10428,1
2019-08-08 15:47:32.851,10427,10428,10427,2
2019-08-08 15:47:34.449,10427,10428,10428,1
2019-08-08 15:47:35.231,10427,10428,10428,1
2019-08-08 15:47:35.896,10427,10428,10428,1
2019-08-08 15:47:39.155,10427,10428,10428,1
2019-08-08 15:47:41.190,10427,10428,10428,1
2019-08-08 15:47:41.467,10427,10428,10428,1
2019-08-08 15:47:46.103,10428,10429,10428,10
2019-08-08 15:47:51.854,10427,10428,10428,1
2019-08-08 15:47:52.184,10427,10428,10428,1
2019-08-08 15:47:55.747,10427,10428,10428,1
2019-08-08 15:48:10.450,10428,10429,10429,1
2019-08-08 15:48:10.996,10428,10429,10429,1
2019-08-08 15:48:21.252,10428,10429,10428,1
2019-08-08 15:48:24.815,10428,10429,10428,1
2019-08-08 15:48:25.613,10428,10429,10428,3
2019-08-08 15:48:26.549,10427,10428,10428,2
2019-08-08 15:48:34.730,10428,10429,10428,2
2019-08-08 15:48:36.314,10427,10428,10428,1
2019-08-08 15:48:39.539,10427,10428,10428,1
2019-08-08 15:48:45.473,10428,10429,10429,1
2019-08-08 15:48:53.400,10428,10429,10428,1
2019-08-08 15:48:58.615,10428,10429,10428,1
2019-08-08 15:49:10.863,10428,10429,10428,5
2019-08-08 15:49:46.368,10427,10428,10428,1
2019-08-08 15:50:01.963,10427,10428,10428,1
2019-08-08 15:50:04.826,10427,10428,10428,10
2019-08-08 15:50:04.949,10427,10428,10428,7
2019-08-08 15:50:20.016,10428,10429,10429,1
2019-08-08 15:50:20.968,10428,10429,10429,1
2019-08-08 15:50:22.442,10428,10429,10428,1
2019-08-08 15:50:40.059,10428,10429,10428,1
2019-08-08 15:50:48.300,10428,10429,10428,1
2019-08-08 15:50:50.977,10428,10429,10428,1
2019-08-08 15:50:55.506,10428,10429,10428,2
2019-08-08 15:50:59.814,10428,10429,10428,1
2019-08-08 15:51:18.206,10427,10429,10427,1
2019-08-08 15:51:38.540,10427,10428,10428,1
2019-08-08 15:52:00.126,10427,10428,10428,1
2019-08-08 15:52:15.049,10427,10428,10428,1
2019-08-08 15:52:21.699,10427,10428,10428,7
2019-08-08 15:52:30.084,10428,10429,10429,7
2019-08-08 15:52:51.929,10428,10429,10429,1
2019-08-08 15:53:05.288,10428,10429,10428,1
2019-08-08 15:53:07.523,10428,10429,10428,1
2019-08-08 15:53:23.097,10428,10429,10428,1
2019-08-08 15:53:24.283,10428,10429,10429,1
2019-08-08 15:53:24.475,10428,10429,10429,1
2019-08-08 15:53:26.225,10428,10429,10429,1
2019-08-08 15:53:26.810,10428,10429,10428,1
2019-08-08 15:53:52.184,10428,10429,10428,2
2019-08-08 15:53:52.184,10428,10429,10428,8
2019-08-08 15:54:00.210,10427,10428,10428,1
2019-08-08 15:54:05.391,10427,10428,10428,1
2019-08-08 15:54:05.604,10427,10428,10428,1
2019-08-08 15:54:25.392,10427,10428,10427,2
2019-08-08 15:54:25.393,10427,10428,10427,2
2019-08-08 15:54:25.449,10427,10428,10427,12
2019-08-08 15:54:25.699,10426,10427,10426,13
2019-08-08 15:54:26.978,10426,10427,10426,1
2019-08-08 15:54:31.943,10425,10426,10425,1
2019-08-08 15:54:34.941,10425,10426,10425,1
2019-08-08 15:54:36.071,10425,10426,10425,2
2019-08-08 15:54:42.589,10425,10426,10425,6
2019-08-08 15:54:42.664,10425,10426,10425,2
2019-08-08 15:54:42.669,10425,10426,10425,2
2019-08-08 15:54:43.902,10424,10425,10425,4
2019-08-08 15:54:48.413,10425,10426,10425,2
2019-08-08 15:54:50.240,10425,10426,10426,1
2019-08-08 15:54:51.175,10425,10426,10426,1
2019-08-08 15:54:51.687,10425,10426,10426,1
2019-08-08 15:54:54.632,10426,10427,10427,1
2019-08-08 15:55:05.825,10426,10427,10427,5
2019-08-08 15:55:05.949,10426,10427,10427,1
2019-08-08 15:55:07.859,10426,10427,10427,1
2019-08-08 15:55:07.949,10427,10428,10427,1
2019-08-08 15:55:08.188,10426,10428,10427,2
2019-08-08 15:55:09.244,10426,10427,10427,1
2019-08-08 15:55:09.750,10426,10427,10427,2
2019-08-08 15:55:09.824,10427,10428,10427,1
2019-08-08 15:55:16.122,10427,10428,10428,1
2019-08-08 15:55:50.313,10428,10429,10429,1
2019-08-08 15:55:53.584,10428,10429,10428,2
2019-08-08 15:55:54.289,10428,10429,10428,1
2019-08-08 15:55:54.289,10428,10429,10427,1
2019-08-08 15:56:14.785,10427,10428,10427,1
2019-08-08 15:56:15.200,10427,10428,10427,6
2019-08-08 15:56:16.962,10426,10427,10427,1
2019-08-08 15:56:25.698,10426,10427,10427,2
2019-08-08 15:56:28.190,10426,10427,10426,1
2019-08-08 15:56:30.983,10426,10427,10426,3
2019-08-08 15:56:36.304,10425,10426,10426,1
2019-08-08 15:56:37.094,10426,10427,10426,1
2019-08-08 15:56:42.541,10425,10427,10425,1
2019-08-08 15:56:45.545,10425,10426,10425,3
2019-08-08 15:56:46.365,10425,10426,10425,2
2019-08-08 15:56:46.574,10424,10426,10426,1
2019-08-08 15:56:59.639,10424,10425,10425,1
2019-08-08 15:57:03.141,10424,10425,10425,1
2019-08-08 15:57:11.731,10424,10425,10424,1
2019-08-08 15:57:11.731,10424,10425,10424,2
2019-08-08 15:57:11.731,10424,10425,10424,1
2019-08-08 15:57:11.732,10424,10425,10424,1
2019-08-08 15:57:11.732,10424,10425,10424,8
2019-08-08 15:57:15.230,10423,10424,10423,1
2019-08-08 15:57:15.545,10423,10424,10423,1
2019-08-08 15:57:20.480,10423,10424,10423,5
2019-08-08 15:57:21.836,10423,10424,10423,2
2019-08-08 15:57:24.527,10423,10424,10423,1
2019-08-08 15:57:26.204,10423,10424,10423,1
2019-08-08 15:57:27.078,10422,10423,10422,1
2019-08-08 15:57:27.272,10422,10423,10422,1
2019-08-08 15:57:30.371,10422,10423,10423,1
2019-08-08 15:57:31.602,10422,10423,10423,4
2019-08-08 15:57:38.838,10423,10424,10423,2
2019-08-08 15:57:39.227,10423,10424,10423,1
2019-08-08 15:57:39.709,10423,10424,10423,1
2019-08-08 15:57:40.567,10423,10424,10424,1
2019-08-08 15:57:40.965,10423,10424,10424,1
2019-08-08 15:57:47.248,10424,10425,10424,14
2019-08-08 15:57:47.313,10424,10425,10424,2
2019-08-08 15:57:47.326,10423,10424,10424,4
2019-08-08 15:57:50.224,10423,10424,10424,1
2019-08-08 15:57:52.943,10423,10424,10424,1
2019-08-08 15:58:00.765,10423,10424,10423,1
2019-08-08 15:58:00.871,10423,10424,10424,1
2019-08-08 15:58:05.999,10423,10424,10424,1
2019-08-08 15:58:08.140,10423,10424,10424,1
2019-08-08 15:58:09.438,10423,10424,10424,2
2019-08-08 15:58:43.431,10423,10424,10424,1
2019-08-08 15:58:46.504,10423,10424,10423,1
2019-08-08 15:58:47.869,10423,10424,10423,1
2019-08-08 15:58:50.568,10423,10424,10424,1
2019-08-08 15:58:55.178,10423,10424,10423,4
2019-08-08 15:58:58.562,10423,10424,10423,3
2019-08-08 15:58:58.912,10423,10424,10424,1
2019-08-08 15:58:59.591,10423,10424,10424,1
2019-08-08 15:59:00.559,10423,10424,10424,1
2019-08-08 15:59:02.310,10423,10424,10424,1
2019-08-08 15:59:30.798,10423,10424,10423,1
2019-08-08 15:59:32.690,10423,10424,10423,1
2019-08-08 15:59:32.881,10423,10424,10423,1
2019-08-08 15:59:42.473,10423,10424,10423,1
2019-08-08 15:59:49.031,10423,10424,10424,1
2019-08-08 15:59:56.848,10423,10424,10424,1
2019-08-08 16:00:08.814,10423,10424,10423,6
2019-08-08 16:00:08.824,10423,10424,10423,6
2019-08-08 16:00:09.341,10422,10423,10422,2
2019-08-08 16:00:09.360,10422,10423,10422,2
2019-08-08 16:00:09.364,10422,10423,10422,2
2019-08-08 16:00:10.449,10422,10423,10422,13
2019-08-08 16:00:10.574,10422,10423,10422,1
2019-08-08 16:00:10.616,10422,10423,10422,1
2019-08-08 16:00:13.920,10422,10423,10423,1
2019-08-08 16:00:16.592,10422,10423,10422,1
2019-08-08 16:00:16.593,10422,10423,10422,1
2019-08-08 16:00:17.155,10422,10423,10422,1
2019-08-08 16:00:19.857,10422,10423,10422,1
2019-08-08 16:00:20.078,10422,10423,10422,1
2019-08-08 16:00:20.918,10422,10423,10422,2
2019-08-08 16:00:22.432,10421,10422,10422,1
2019-08-08 16:00:22.748,10421,10422,10422,2
2019-08-08 16:00:31.304,10421,10422,10422,1
2019-08-08 16:00:33.641,10421,10422,10422,1
2019-08-08 16:00:33.642,10421,10422,10422,1
2019-08-08 16:00:33.642,10421,10422,10422,2
2019-08-08 16:00:34.273,10422,10423,10422,1
2019-08-08 16:00:35.242,10422,10423,10422,1
2019-08-08 16:00:37.377,10422,10423,10423,1
2019-08-08 16:00:37.793,10422,10423,10422,1
2019-08-08 16:00:38.085,10422,10423,10422,1
2019-08-08 16:00:38.957,10422,10423,10422,3
2019-08-08 16:00:41.342,10421,10422,10422,2
2019-08-08 16:00:46.097,10422,10423,10422,4
2019-08-08 16:00:47.990,10421,10422,10422,2
2019-08-08 16:00:53.664,10421,10422,10422,1
2019-08-08 16:00:54.119,10421,10422,10422,1
2019-08-08 16:00:55.391,10421,10422,10421,1
2019-08-08 16:01:02.323,10421,10422,10421,1
2019-08-08 16:01:02.908,10421,10422,10421,3
2019-08-08 16:01:12.814,10421,10422,10421,2
2019-08-08 16:01:15.290,10421,10422,10422,19
2019-08-08 16:01:16.426,10422,10423,10423,1
2019-08-08 16:01:22.222,10423,10424,10423,1
2019-08-08 16:01:22.358,10423,10424,10423,1
2019-08-08 16:01:22.848,10423,10424,10423,3
2019-08-08 16:01:27.984,10422,10423,10423,1
2019-08-08 16:01:28.067,10422,10423,10422,2
2019-08-08 16:01:28.637,10422,10423,10422,5
2019-08-08 16:01:28.991,10422,10423,10423,1
2019-08-08 16:01:29.377,10422,10423,10423,4
2019-08-08 16:01:29.378,10422,10423,10423,5
2019-08-08 16:01:29.378,10422,10423,10423,1
2019-08-08 16:01:35.119,10423,10424,10423,1
2019-08-08 16:01:36.872,10423,10424,10424,1
2019-08-08 16:01:38.766,10423,10424,10424,1
2019-08-08 16:01:51.324,10423,10424,10424,11
2019-08-08 16:01:57.128,10424,10425,10424,1
2019-08-08 16:01:59.880,10424,10425,10425,1
2019-08-08 16:02:00.326,10424,10425,10424,1
2019-08-08 16:02:01.728,10424,10425,10425,2
2019-08-08 16:02:01.986,10424,10425,10425,1
2019-08-08 16:02:02.655,10424,10425,10425,1
2019-08-08 16:02:03.590,10424,10425,10425,1
2019-08-08 16:02:05.127,10424,10425,10425,1
2019-08-08 16:02:08.618,10424,10425,10424,2
2019-08-08 16:02:08.618,10424,10425,10424,2
2019-08-08 16:02:08.636,10424,10425,10424,2
2019-08-08 16:02:08.764,10424,10425,10425,1
2019-08-08 16:02:20.565,10424,10425,10424,1
2019-08-08 16:02:25.158,10424,10425,10424,1
2019-08-08 16:02:26.177,10424,10425,10424,1
2019-08-08 16:02:26.177,10424,10425,10423,1
2019-08-08 16:02:43.348,10423,10425,10423,1
2019-08-08 16:03:03.133,10423,10424,10423,8
2019-08-08 16:03:21.011,10423,10424,10424,1
2019-08-08 16:03:25.498,10423,10424,10423,11
2019-08-08 16:03:27.219,10422,10423,10422,6
2019-08-08 16:03:27.916,10421,10422,10422,2
2019-08-08 16:03:35.252,10421,10422,10421,1
2019-08-08 16:03:36.703,10421,10422,10422,3
2019-08-08 16:04:00.594,10422,10423,10423,1
2019-08-08 16:04:00.780,10423,10424,10423,2
2019-08-08 16:04:02.755,10423,10424,10423,1
2019-08-08 16:04:02.941,10423,10424,10423,2
2019-08-08 16:04:06.762,10423,10424,10423,1
2019-08-08 16:04:07.703,10423,10424,10423,2
2019-08-08 16:04:13.457,10423,10424,10423,2
2019-08-08 16:04:17.838,10423,10424,10423,1
2019-08-08 16:04:28.772,10423,10424,10423,1
2019-08-08 16:04:33.448,10423,10424,10424,1
2019-08-08 16:04:56.859,10423,10424,10424,2
2019-08-08 16:05:02.352,10423,10424,10423,3
2019-08-08 16:05:02.907,10423,10424,10424,2
2019-08-08 16:05:03.051,10423,10424,10423,1
2019-08-08 16:05:03.310,10423,10424,10423,1
2019-08-08 16:05:11.361,10423,10424,10423,1
2019-08-08 16:05:21.699,10422,10423,10423,3
2019-08-08 16:05:21.699,10422,10423,10423,2
2019-08-08 16:05:30.220,10423,10424,10423,1
2019-08-08 16:05:46.695,10423,10424,10423,2
2019-08-08 16:05:47.529,10422,10423,10423,1
2019-08-08 16:05:52.005,10422,10424,10422,3
2019-08-08 16:05:56.079,10422,10423,10423,1
2019-08-08 16:05:56.854,10422,10423,10422,1
2019-08-08 16:06:02.485,10422,10423,10422,1
2019-08-08 16:06:37.425,10422,10423,10422,5
2019-08-08 16:06:38.900,10422,10423,10422,2
2019-08-08 16:06:39.794,10422,10423,10422,2
2019-08-08 16:06:39.824,10422,10423,10422,10
2019-08-08 16:06:42.347,10421,10422,10421,2
2019-08-08 16:06:48.704,10421,10422,10422,1
2019-08-08 16:06:51.030,10421,10422,10422,1
2019-08-08 16:07:08.015,10421,10422,10422,1
2019-08-08 16:07:11.212,10421,10422,10422,2
2019-08-08 16:07:11.314,10421,10422,10421,1
2019-08-08 16:07:16.796,10421,10422,10422,2
2019-08-08 16:07:23.447,10421,10422,10422,7
2019-08-08 16:07:23.449,10421,10422,10422,1
2019-08-08 16:07:31.098,10422,10423,10422,1
2019-08-08 16:07:35.241,10421,10422,10422,1
2019-08-08 16:07:44.582,10421,10422,10422,1
2019-08-08 16:08:05.923,10421,10422,10422,5
2019-08-08 16:08:08.245,10422,10423,10422,1
2019-08-08 16:08:21.501,10422,10423,10422,2
2019-08-08 16:08:21.744,10421,10422,10422,1
2019-08-08 16:08:35.340,10421,10422,10422,1
2019-08-08 16:08:40.000,10421,10422,10422,1
2019-08-08 16:08:42.365,10421,10422,10422,1
2019-08-08 16:08:48.078,10421,10422,10422,1
2019-08-08 16:08:53.027,10422,10423,10422,1
2019-08-08 16:09:35.734,10422,10423,10423,1
2019-08-08 16:09:36.241,10422,10423,10422,7
2019-08-08 16:09:36.324,10422,10423,10422,1
2019-08-08 16:09:39.960,10421,10422,10422,1
2019-08-08 16:09:40.277,10421,10422,10422,1
2019-08-08 16:10:04.252,10422,10423,10422,1
2019-08-08 16:10:10.487,10422,10423,10422,5
2019-08-08 16:10:25.774,10421,10422,10421,1
2019-08-08 16:10:26.490,10421,10422,10422,2
2019-08-08 16:10:32.199,10421,10422,10421,1
2019-08-08 16:10:32.199,10421,10422,10421,5
2019-08-08 16:10:32.200,10421,10422,10421,34
2019-08-08 16:10:34.956,10420,10421,10421,1
2019-08-08 16:10:39.049,10420,10421,10420,30
2019-08-08 16:10:39.074,10420,10421,10420,2
2019-08-08 16:10:39.424,10419,10420,10419,1
2019-08-08 16:10:39.522,10419,10420,10419,2
2019-08-08 16:10:39.674,10419,10420,10419,1
2019-08-08 16:10:41.071,10419,10420,10420,1
2019-08-08 16:10:41.614,10419,10420,10420,1
2019-08-08 16:10:42.262,10419,10420,10420,1
2019-08-08 16:10:44.142,10419,10420,10420,1
2019-08-08 16:10:44.605,10419,10420,10420,1
2019-08-08 16:10:45.126,10419,10420,10420,1
2019-08-08 16:10:45.824,10420,10421,10420,1
2019-08-08 16:10:48.951,10419,10420,10420,2
2019-08-08 16:11:06.188,10419,10420,10420,1
2019-08-08 16:11:10.694,10419,10420,10420,2
2019-08-08 16:11:21.617,10419,10420,10420,1
2019-08-08 16:11:22.197,10419,10420,10419,23
2019-08-08 16:11:22.199,10419,10420,10419,1
2019-08-08 16:11:22.199,10419,10420,10419,3
2019-08-08 16:11:26.909,10418,10419,10419,1
2019-08-08 16:11:31.183,10418,10419,10419,2
2019-08-08 16:11:31.184,10418,10419,10419,1
2019-08-08 16:11:31.185,10418,10419,10419,2
2019-08-08 16:11:31.185,10418,10419,10419,4
2019-08-08 16:11:31.185,10418,10419,10419,1
2019-08-08 16:11:31.186,10418,10419,10419,2
2019-08-08 16:11:31.186,10418,10419,10419,1
2019-08-08 16:11:34.091,10419,10420,10419,1
2019-08-08 16:11:37.479,10419,10420,10419,1
2019-08-08 16:11:39.214,10419,10420,10419,2
2019-08-08 16:11:41.538,10418,10419,10419,1
2019-08-08 16:11:42.425,10418,10419,10418,8
2019-08-08 16:11:42.425,10418,10419,10418,8
2019-08-08 16:11:42.425,10418,10419,10418,2
2019-08-08 16:11:42.425,10418,10419,10418,1
2019-08-08 16:11:42.425,10418,10419,10418,14
2019-08-08 16:11:42.476,10417,10418,10417,7
2019-08-08 16:11:42.553,10417,10418,10417,2
2019-08-08 16:11:42.556,10417,10418,10417,5
2019-08-08 16:11:42.574,10417,10418,10417,2
2019-08-08 16:11:42.574,10417,10418,10417,4
2019-08-08 16:11:42.611,10417,10418,10417,1
2019-08-08 16:11:42.614,10417,10418,10417,1
2019-08-08 16:11:42.625,10417,10418,10417,1
2019-08-08 16:11:42.639,10417,10418,10417,2
2019-08-08 16:11:42.685,10417,10418,10417,1
2019-08-08 16:11:42.700,10417,10418,10417,37
2019-08-08 16:11:42.799,10417,10418,10416,1
2019-08-08 16:11:42.850,10416,10418,10417,5
2019-08-08 16:11:42.901,10416,10418,10416,1
2019-08-08 16:11:42.976,10416,10417,10416,1
2019-08-08 16:11:42.977,10416,10417,10416,1
2019-08-08 16:11:43.031,10416,10417,10416,1
2019-08-08 16:11:43.032,10416,10417,10416,1
2019-08-08 16:11:43.048,10416,10417,10416,1
2019-08-08 16:11:43.075,10416,10417,10416,1
2019-08-08 16:11:43.077,10416,10417,10416,1
2019-08-08 16:11:43.199,10416,10417,10416,1
2019-08-08 16:11:43.202,10416,10417,10416,1
2019-08-08 16:11:43.276,10416,10417,10416,1
2019-08-08 16:11:43.315,10416,10417,10417,2
2019-08-08 16:11:43.482,10416,10417,10416,2
2019-08-08 16:11:43.582,10416,10417,10416,1
2019-08-08 16:11:43.618,10416,10417,10416,1
2019-08-08 16:11:43.700,10416,10417,10416,4
2019-08-08 16:11:44.491,10415,10417,10415,1
2019-08-08 16:11:44.790,10415,10417,10415,3
2019-08-08 16:11:44.823,10415,10417,10417,2
2019-08-08 16:11:44.890,10415,10417,10416,1
2019-08-08 16:11:45.218,10416,10417,10416,1
2019-08-08 16:11:46.122,10416,10417,10417,1
2019-08-08 16:11:46.124,10416,10417,10416,2
2019-08-08 16:11:46.490,10415,10417,10417,1
2019-08-08 16:11:47.519,10416,10417,10416,4
2019-08-08 16:11:48.628,10416,10417,10416,1
2019-08-08 16:11:48.812,10416,10417,10416,1
2019-08-08 16:11:48.880,10416,10417,10416,1
2019-08-08 16:11:50.226,10416,10417,10416,1
2019-08-08 16:11:50.520,10415,10416,10416,1
2019-08-08 16:11:52.371,10415,10416,10415,1
2019-08-08 16:11:52.755,10415,10416,10416,1
2019-08-08 16:11:52.934,10415,10417,10416,1
2019-08-08 16:11:53.231,10415,10416,10416,1
2019-08-08 16:11:54.812,10415,10416,10416,1
2019-08-08 16:11:55.641,10415,10417,10415,1
2019-08-08 16:11:56.731,10415,10417,10415,1
2019-08-08 16:11:58.178,10416,10417,10416,1
2019-08-08 16:12:00.191,10415,10416,10416,1
2019-08-08 16:12:01.174,10415,10416,10416,15
2019-08-08 16:12:01.827,10415,10416,10415,1
2019-08-08 16:12:03.178,10415,10416,10415,4
2019-08-08 16:12:03.711,10415,10416,10416,1
2019-08-08 16:12:04.141,10415,10416,10415,10
2019-08-08 16:12:05.507,10415,10416,10416,1
2019-08-08 16:12:07.018,10415,10416,10415,1
2019-08-08 16:12:07.478,10415,10416,10415,1
2019-08-08 16:12:07.899,10415,10416,10416,1
2019-08-08 16:12:10.450,10415,10416,10415,21
2019-08-08 16:12:11.307,10414,10415,10415,3
2019-08-08 16:12:15.545,10414,10415,10415,1
2019-08-08 16:12:15.903,10414,10415,10414,1
2019-08-08 16:12:15.972,10414,10415,10414,1
2019-08-08 16:12:16.018,10414,10415,10414,2
2019-08-08 16:12:16.293,10414,10415,10414,2
2019-08-08 16:12:17.263,10414,10415,10414,4
2019-08-08 16:12:17.472,10414,10415,10414,1
2019-08-08 16:12:20.634,10413,10415,10413,2
2019-08-08 16:12:20.897,10414,10415,10414,1
2019-08-08 16:12:21.120,10413,10415,10414,1
2019-08-08 16:12:21.300,10413,10415,10414,1
2019-08-08 16:12:21.387,10414,10415,10414,1
2019-08-08 16:12:21.439,10414,10415,10414,1
2019-08-08 16:12:21.884,10414,10415,10414,1
2019-08-08 16:12:22.271,10414,10415,10415,1
2019-08-08 16:12:22.573,10414,10415,10415,1
2019-08-08 16:12:22.870,10414,10415,10415,1
2019-08-08 16:12:23.454,10414,10415,10415,1
2019-08-08 16:12:23.613,10414,10415,10415,1
2019-08-08 16:12:25.071,10415,10416,10416,1
2019-08-08 16:12:25.742,10415,10416,10416,1
2019-08-08 16:12:26.127,10415,10416,10416,1
2019-08-08 16:12:26.130,10415,10416,10416,1
2019-08-08 16:12:26.132,10415,10416,10416,1
2019-08-08 16:12:26.132,10415,10416,10416,1
2019-08-08 16:12:27.336,10415,10416,10415,8
2019-08-08 16:12:28.689,10415,10416,10415,1
2019-08-08 16:12:28.689,10415,10416,10415,1
2019-08-08 16:12:30.371,10415,10416,10416,1
2019-08-08 16:12:31.111,10415,10416,10416,1
2019-08-08 16:12:31.958,10415,10416,10416,1
2019-08-08 16:12:32.382,10415,10416,10416,1
2019-08-08 16:12:32.576,10415,10416,10415,1
2019-08-08 16:12:32.653,10415,10416,10416,1
2019-08-08 16:12:32.798,10415,10416,10416,1
2019-08-08 16:12:32.965,10415,10416,10416,1
2019-08-08 16:12:33.614,10415,10416,10416,1
2019-08-08 16:12:33.870,10415,10416,10416,1
2019-08-08 16:12:34.037,10415,10416,10416,1
2019-08-08 16:12:34.782,10416,10417,10416,1
2019-08-08 16:12:35.285,10415,10416,10415,5
2019-08-08 16:12:35.525,10415,10416,10416,1
2019-08-08 16:12:35.678,10415,10416,10416,1
2019-08-08 16:12:36.470,10415,10416,10416,1
2019-08-08 16:12:37.624,10415,10416,10416,1
2019-08-08 16:12:37.723,10415,10417,10415,15
2019-08-08 16:12:39.980,10415,10416,10415,3
2019-08-08 16:12:40.056,10415,10416,10415,1
2019-08-08 16:12:43.367,10415,10416,10416,1
2019-08-08 16:12:44.014,10415,10416,10416,1
2019-08-08 16:12:44.710,10415,10416,10416,1
2019-08-08 16:12:44.842,10415,10416,10416,1
2019-08-08 16:12:45.342,10415,10416,10416,1
2019-08-08 16:12:45.676,10415,10416,10415,1
2019-08-08 16:12:47.194,10415,10416,10415,1
2019-08-08 16:12:47.680,10415,10416,10416,1
2019-08-08 16:12:52.911,10415,10416,10415,4
2019-08-08 16:12:53.715,10415,10416,10415,3
2019-08-08 16:12:53.719,10415,10416,10415,1
2019-08-08 16:13:04.440,10415,10416,10415,1
2019-08-08 16:13:04.440,10415,10416,10414,2
2019-08-08 16:13:08.119,10414,10416,10414,2
2019-08-08 16:13:09.815,10414,10415,10415,1
2019-08-08 16:13:12.712,10414,10415,10414,2
2019-08-08 16:13:15.284,10414,10415,10414,1
2019-08-08 16:13:16.720,10414,10415,10414,2
2019-08-08 16:13:17.035,10414,10415,10414,1
2019-08-08 16:13:17.149,10414,10415,10415,1
2019-08-08 16:13:18.386,10414,10415,10415,2
2019-08-08 16:13:18.622,10414,10415,10415,2
2019-08-08 16:13:18.858,10414,10415,10415,2
2019-08-08 16:13:27.655,10414,10415,10415,1
2019-08-08 16:13:29.094,10414,10415,10415,1
2019-08-08 16:13:30.712,10414,10415,10415,1
2019-08-08 16:13:33.578,10414,10415,10415,1
2019-08-08 16:13:33.613,10414,10415,10415,1
2019-08-08 16:13:33.615,10414,10415,10415,1
2019-08-08 16:13:35.228,10414,10415,10415,1
2019-08-08 16:13:36.508,10414,10415,10415,1
2019-08-08 16:13:36.935,10414,10415,10415,2
2019-08-08 16:13:36.937,10414,10415,10415,2
2019-08-08 16:13:36.942,10414,10415,10415,2
2019-08-08 16:13:36.942,10414,10415,10415,5
2019-08-08 16:13:37.394,10415,10416,10416,18
2019-08-08 16:13:37.449,10415,10416,10416,9
2019-08-08 16:13:39.041,10416,10417,10416,2
2019-08-08 16:13:41.320,10416,10417,10416,1
2019-08-08 16:13:43.026,10416,10417,10416,1
2019-08-08 16:13:43.235,10415,10417,10415,2
2019-08-08 16:13:43.267,10415,10417,10416,2
2019-08-08 16:13:43.964,10415,10416,10416,1
2019-08-08 16:13:45.261,10415,10416,10417,1
2019-08-08 16:13:48.699,10415,10416,10416,1
2019-08-08 16:13:58.074,10416,10417,10416,2
2019-08-08 16:13:59.108,10415,10416,10416,2
2019-08-08 16:14:00.244,10415,10417,10416,1
2019-08-08 16:14:00.539,10415,10416,10416,1
2019-08-08 16:14:00.618,10415,10416,10416,3
2019-08-08 16:14:00.699,10416,10417,10416,1
2019-08-08 16:14:00.706,10416,10417,10416,1
2019-08-08 16:14:10.045,10416,10417,10416,3
2019-08-08 16:14:13.340,10416,10417,10416,1
2019-08-08 16:14:13.340,10416,10417,10416,1
2019-08-08 16:14:14.563,10416,10417,10416,5
2019-08-08 16:14:14.606,10415,10417,10416,1
2019-08-08 16:14:15.622,10415,10416,10416,1
2019-08-08 16:14:16.871,10415,10416,10416,1
2019-08-08 16:14:17.381,10415,10416,10416,1
2019-08-08 16:14:19.296,10416,10417,10416,5
2019-08-08 16:14:20.663,10416,10417,10416,3
2019-08-08 16:14:21.287,10416,10417,10416,2
2019-08-08 16:14:21.625,10416,10417,10417,1
2019-08-08 16:14:23.038,10416,10417,10417,1
2019-08-08 16:14:23.694,10416,10417,10417,1
2019-08-08 16:14:26.620,10416,10417,10416,4
2019-08-08 16:14:26.877,10416,10417,10416,12
2019-08-08 16:14:29.759,10415,10416,10416,1
2019-08-08 16:14:32.738,10415,10416,10416,2
2019-08-08 16:14:34.041,10415,10416,10415,2
2019-08-08 16:14:34.202,10415,10416,10415,2
2019-08-08 16:14:34.460,10415,10416,10415,1
2019-08-08 16:14:34.732,10415,10416,10415,10
2019-08-08 16:14:34.824,10415,10416,10415,3
2019-08-08 16:14:34.857,10415,10416,10415,1
2019-08-08 16:14:35.545,10414,10415,10414,5
2019-08-08 16:14:36.761,10414,10415,10414,1
2019-08-08 16:14:36.885,10414,10415,10415,1
2019-08-08 16:14:38.311,10414,10415,10414,1
2019-08-08 16:14:38.927,10414,10415,10414,6
2019-08-08 16:14:38.936,10414,10415,10414,4
2019-08-08 16:14:38.966,10413,10414,10413,1
2019-08-08 16:14:38.966,10413,10414,10413,1
2019-08-08 16:14:38.966,10413,10414,10413,4
2019-08-08 16:14:39.058,10413,10414,10413,1
2019-08-08 16:14:39.074,10413,10414,10413,1
2019-08-08 16:14:39.074,10413,10414,10413,6
2019-08-08 16:14:39.075,10413,10414,10413,1
2019-08-08 16:14:39.189,10413,10414,10414,1
2019-08-08 16:14:39.631,10413,10414,10413,1
2019-08-08 16:14:43.780,10413,10414,10414,1
2019-08-08 16:14:44.348,10413,10414,10413,5
2019-08-08 16:14:44.348,10413,10414,10413,7
2019-08-08 16:14:45.677,10412,10413,10413,1
2019-08-08 16:14:45.677,10412,10413,10413,1
2019-08-08 16:14:45.679,10412,10413,10413,1
2019-08-08 16:14:47.636,10413,10414,10414,1
2019-08-08 16:14:48.546,10413,10414,10414,2
2019-08-08 16:14:48.546,10413,10414,10414,3
2019-08-08 16:14:48.574,10413,10414,10414,3
2019-08-08 16:14:48.575,10413,10414,10414,2
2019-08-08 16:14:48.661,10413,10414,10414,1
2019-08-08 16:14:48.761,10413,10414,10414,3
2019-08-08 16:14:48.761,10413,10414,10415,12
2019-08-08 16:14:49.993,10414,10415,10414,1
2019-08-08 16:14:50.590,10414,10415,10414,1
2019-08-08 16:14:50.779,10414,10415,10414,3
2019-08-08 16:14:51.642,10414,10415,10415,1
2019-08-08 16:14:55.096,10414,10415,10414,1
2019-08-08 16:14:57.673,10414,10415,10414,1
2019-08-08 16:14:57.673,10414,10415,10413,4
2019-08-08 16:14:57.793,10413,10415,10414,1
2019-08-08 16:14:58.956,10413,10415,10413,18
2019-08-08 16:14:59.284,10413,10414,10413,1
2019-08-08 16:14:59.500,10413,10414,10413,1
2019-08-08 16:15:02.008,10413,10414,10413,1
2019-08-08 16:15:02.009,10413,10414,10413,2
2019-08-08 16:15:02.010,10413,10414,10413,2
2019-08-08 16:15:02.050,10413,10414,10413,2
2019-08-08 16:15:02.052,10413,10414,10413,2
2019-08-08 16:15:02.096,10412,10413,10413,1
2019-08-08 16:15:02.562,10412,10413,10412,5
2019-08-08 16:15:02.588,10412,10413,10413,2
2019-08-08 16:15:02.626,10412,10413,10412,5
2019-08-08 16:15:02.629,10412,10413,10412,1
2019-08-08 16:15:03.165,10412,10413,10412,25
2019-08-08 16:15:03.199,10412,10413,10412,1
2019-08-08 16:15:03.293,10412,10413,10411,1
2019-08-08 16:15:03.357,10411,10412,10411,1
2019-08-08 16:15:03.402,10411,10412,10411,5
2019-08-08 16:15:03.415,10411,10412,10411,10
2019-08-08 16:15:04.734,10411,10412,10412,1
2019-08-08 16:15:04.805,10411,10412,10411,2
2019-08-08 16:15:05.231,10411,10412,10412,1
2019-08-08 16:15:06.855,10412,10413,10413,1
2019-08-08 16:15:07.590,10412,10413,10413,1
2019-08-08 16:15:08.022,10412,10413,10413,1
2019-08-08 16:15:09.005,10412,10413,10413,1
2019-08-08 16:15:09.329,10412,10413,10412,1
2019-08-08 16:15:09.551,10412,10413,10412,2
2019-08-08 16:15:10.366,10411,10412,10412,1
2019-08-08 16:15:10.556,10411,10412,10411,4
2019-08-08 16:15:11.023,10411,10412,10412,1
2019-08-08 16:15:11.628,10411,10412,10411,1
2019-08-08 16:15:11.998,10411,10412,10412,1
2019-08-08 16:15:12.502,10411,10412,10412,2
2019-08-08 16:15:12.518,10411,10412,10412,1
2019-08-08 16:15:13.222,10411,10412,10412,2
2019-08-08 16:15:13.408,10411,10413,10412,1
2019-08-08 16:15:13.703,10412,10413,10412,1
2019-08-08 16:15:15.484,10412,10413,10412,1
2019-08-08 16:15:15.638,10412,10413,10412,1
2019-08-08 16:15:15.852,10412,10413,10412,1
2019-08-08 16:15:15.855,10412,10413,10413,2
2019-08-08 16:15:15.855,10412,10413,10413,1
2019-08-08 16:15:15.856,10412,10413,10413,2
2019-08-08 16:15:15.856,10412,10413,10413,3
2019-08-08 16:15:17.097,10413,10414,10413,1
2019-08-08 16:15:17.297,10413,10414,10413,1
2019-08-08 16:15:21.856,10413,10414,10413,1
2019-08-08 16:15:22.437,10413,10414,10414,1
2019-08-08 16:15:24.151,10413,10414,10413,3
2019-08-08 16:15:24.868,10413,10414,10414,1
2019-08-08 16:15:25.255,10413,10414,10414,1
2019-08-08 16:15:30.737,10413,10414,10413,1
2019-08-08 16:15:30.961,10413,10414,10413,1
2019-08-08 16:15:31.689,10413,10414,10414,1
2019-08-08 16:15:31.910,10413,10414,10413,1
2019-08-08 16:15:32.387,10413,10414,10414,2
2019-08-08 16:15:32.486,10413,10414,10414,1
2019-08-08 16:15:32.507,10413,10414,10414,4
2019-08-08 16:15:32.507,10413,10414,10414,4
2019-08-08 16:15:34.440,10414,10415,10414,1
2019-08-08 16:15:36.660,10414,10415,10414,15
2019-08-08 16:15:40.831,10414,10415,10415,1
2019-08-08 16:15:41.718,10414,10415,10415,1
2019-08-08 16:15:42.074,10414,10415,10415,11
2019-08-08 16:15:43.206,10414,10415,10415,1
2019-08-08 16:15:43.260,10414,10415,10415,1
2019-08-08 16:15:46.107,10415,10416,10415,2
2019-08-08 16:15:46.402,10415,10416,10416,1
2019-08-08 16:15:46.881,10415,10416,10415,4
2019-08-08 16:15:46.881,10415,10416,10415,1
2019-08-08 16:15:46.959,10414,10415,10415,2
2019-08-08 16:15:47.119,10414,10415,10415,2
2019-08-08 16:15:47.189,10414,10415,10415,1
2019-08-08 16:15:47.428,10414,10416,10415,1
2019-08-08 16:15:49.831,10415,10416,10416,1
2019-08-08 16:15:53.013,10415,10416,10416,1
2019-08-08 16:15:54.119,10415,10416,10415,1
2019-08-08 16:16:02.829,10415,10416,10415,5
2019-08-08 16:16:07.699,10415,10416,10416,9
2019-08-08 16:16:07.824,10415,10416,10416,9
2019-08-08 16:16:10.019,10416,10417,10416,1
2019-08-08 16:16:14.549,10416,10417,10417,1
2019-08-08 16:16:18.644,10416,10417,10416,3
2019-08-08 16:16:18.645,10416,10417,10416,2
2019-08-08 16:16:18.645,10416,10417,10416,2
2019-08-08 16:16:18.882,10415,10416,10416,2
2019-08-08 16:16:20.098,10415,10416,10416,1
2019-08-08 16:16:28.564,10415,10416,10416,2
2019-08-08 16:16:30.419,10415,10416,10415,13
2019-08-08 16:16:30.582,10414,10415,10415,1
2019-08-08 16:16:30.679,10414,10415,10415,1
2019-08-08 16:16:39.170,10414,10415,10415,2
2019-08-08 16:16:39.838,10414,10415,10415,1
2019-08-08 16:16:43.204,10414,10415,10414,1
2019-08-08 16:17:00.806,10414,10415,10414,1
2019-08-08 16:17:08.028,10414,10415,10414,8
2019-08-08 16:17:08.074,10414,10415,10414,14
2019-08-08 16:17:08.199,10414,10415,10414,2
2019-08-08 16:17:08.200,10414,10415,10414,3
2019-08-08 16:17:09.316,10413,10414,10413,1
2019-08-08 16:17:12.760,10413,10414,10414,1
2019-08-08 16:17:16.576,10413,10414,10413,1
2019-08-08 16:17:17.356,10413,10414,10414,1
2019-08-08 16:17:18.287,10413,10414,10414,1
2019-08-08 16:17:25.161,10413,10414,10414,1
2019-08-08 16:17:25.464,10413,10414,10414,1
2019-08-08 16:17:34.080,10413,10414,10414,1
2019-08-08 16:17:35.923,10413,10414,10414,1
2019-08-08 16:17:44.872,10413,10414,10414,2
2019-08-08 16:17:45.956,10413,10414,10413,1
2019-08-08 16:17:53.305,10413,10414,10413,1
2019-08-08 16:17:54.484,10413,10414,10413,1
2019-08-08 16:17:55.078,10413,10414,10414,1
2019-08-08 16:17:56.504,10413,10414,10413,3
2019-08-08 16:17:59.242,10413,10414,10413,6
2019-08-08 16:17:59.600,10413,10414,10413,3
2019-08-08 16:18:00.223,10413,10414,10413,3
2019-08-08 16:18:01.649,10413,10414,10413,4
2019-08-08 16:18:02.167,10413,10414,10413,2
2019-08-08 16:18:02.168,10413,10414,10413,1
2019-08-08 16:18:03.755,10413,10414,10413,15
2019-08-08 16:18:08.381,10413,10414,10413,2
2019-08-08 16:18:10.625,10412,10413,10413,2
2019-08-08 16:18:12.009,10413,10414,10413,4
2019-08-08 16:18:13.097,10412,10413,10413,1
2019-08-08 16:18:13.828,10413,10414,10413,2
2019-08-08 16:18:17.493,10413,10414,10413,2
2019-08-08 16:18:19.012,10413,10414,10414,1
2019-08-08 16:18:20.447,10413,10414,10413,3
2019-08-08 16:18:24.320,10413,10414,10414,21
2019-08-08 16:18:24.951,10414,10415,10415,5
2019-08-08 16:18:24.952,10414,10415,10415,17
2019-08-08 16:18:24.952,10414,10415,10415,2
2019-08-08 16:18:26.880,10415,10416,10416,1
2019-08-08 16:18:27.079,10415,10416,10416,1
2019-08-08 16:18:28.704,10415,10416,10416,1
2019-08-08 16:18:29.679,10415,10416,10416,1
2019-08-08 16:18:29.989,10415,10416,10416,1
2019-08-08 16:18:30.373,10415,10416,10416,1
2019-08-08 16:18:30.973,10415,10416,10416,1
2019-08-08 16:18:31.391,10415,10416,10416,2
2019-08-08 16:18:32.451,10415,10416,10416,2
2019-08-08 16:18:32.452,10415,10416,10416,3
2019-08-08 16:18:32.453,10415,10416,10416,2
2019-08-08 16:18:32.567,10415,10416,10416,2
2019-08-08 16:18:34.020,10415,10416,10416,1
2019-08-08 16:18:35.089,10416,10417,10416,1
2019-08-08 16:18:35.412,10415,10416,10416,1
2019-08-08 16:18:37.031,10415,10416,10416,1
2019-08-08 16:18:37.879,10415,10416,10415,3
2019-08-08 16:18:40.279,10415,10416,10415,1
2019-08-08 16:18:43.894,10415,10416,10416,2
2019-08-08 16:18:48.024,10415,10416,10416,1
2019-08-08 16:18:53.787,10415,10416,10416,2
2019-08-08 16:18:59.106,10415,10417,10417,1
2019-08-08 16:19:09.620,10415,10416,10416,1
2019-08-08 16:19:11.560,10416,10417,10417,1
2019-08-08 16:19:12.753,10416,10417,10416,6
2019-08-08 16:19:14.156,10415,10416,10416,1
2019-08-08 16:19:16.092,10415,10416,10416,1
2019-08-08 16:19:21.987,10415,10416,10416,1
2019-08-08 16:19:26.551,10415,10416,10416,1
2019-08-08 16:19:26.717,10415,10416,10416,1
2019-08-08 16:19:30.266,10415,10416,10416,1
2019-08-08 16:19:38.533,10415,10416,10416,6
2019-08-08 16:19:45.877,10416,10417,10417,1
2019-08-08 16:19:47.357,10416,10417,10417,1
2019-08-08 16:19:48.155,10416,10417,10417,1
2019-08-08 16:19:49.378,10416,10417,10417,17
2019-08-08 16:19:55.827,10417,10418,10417,1
2019-08-08 16:19:57.925,10417,10418,10418,3
2019-08-08 16:20:01.614,10417,10418,10418,1
2019-08-08 16:20:03.037,10417,10418,10417,5
2019-08-08 16:20:05.532,10417,10418,10417,1
2019-08-08 16:20:08.443,10417,10418,10417,1
2019-08-08 16:20:08.501,10417,10418,10418,1
2019-08-08 16:20:12.311,10417,10418,10418,15
2019-08-08 16:20:14.207,10417,10418,10417,1
2019-08-08 16:20:15.509,10417,10418,10418,1
2019-08-08 16:20:15.831,10417,10418,10418,1
2019-08-08 16:20:16.484,10417,10418,10418,1
2019-08-08 16:20:16.550,10417,10418,10418,3
2019-08-08 16:20:16.574,10417,10418,10418,1
2019-08-08 16:20:17.449,10417,10418,10418,1
2019-08-08 16:20:18.059,10418,10419,10418,1
2019-08-08 16:20:18.573,10417,10418,10418,1
2019-08-08 16:20:20.593,10417,10418,10418,1
2019-08-08 16:20:21.209,10417,10418,10418,1
2019-08-08 16:20:21.209,10417,10418,10418,1
2019-08-08 16:20:22.010,10418,10419,10418,1
2019-08-08 16:20:22.224,10418,10419,10418,1
2019-08-08 16:20:23.035,10417,10418,10418,1
2019-08-08 16:20:23.035,10417,10418,10419,14
2019-08-08 16:20:26.950,10418,10419,10419,1
2019-08-08 16:20:27.317,10418,10419,10419,1
2019-08-08 16:20:27.793,10418,10419,10419,1
2019-08-08 16:20:28.156,10418,10419,10419,1
2019-08-08 16:20:28.764,10418,10419,10419,1
2019-08-08 16:20:29.231,10418,10419,10419,1
2019-08-08 16:20:32.558,10418,10419,10419,1
2019-08-08 16:20:34.627,10418,10419,10419,4
2019-08-08 16:20:35.498,10418,10419,10419,1
2019-08-08 16:20:36.365,10418,10419,10419,1
2019-08-08 16:20:36.624,10418,10419,10419,1
2019-08-08 16:20:36.797,10418,10419,10419,1
2019-08-08 16:20:37.512,10418,10419,10419,4
2019-08-08 16:20:37.512,10418,10419,10419,1
2019-08-08 16:20:37.512,10418,10419,10419,2
2019-08-08 16:20:37.512,10418,10419,10419,3
2019-08-08 16:20:42.835,10419,10420,10420,2
2019-08-08 16:20:42.835,10419,10420,10420,2
2019-08-08 16:20:42.844,10419,10420,10420,2
2019-08-08 16:20:42.844,10419,10420,10420,3
2019-08-08 16:20:42.844,10419,10420,10420,2
2019-08-08 16:20:42.844,10419,10420,10420,2
2019-08-08 16:20:42.844,10419,10420,10420,4
2019-08-08 16:20:42.844,10419,10420,10420,3
2019-08-08 16:20:42.844,10419,10420,10420,7
2019-08-08 16:20:42.973,10419,10421,10421,1
2019-08-08 16:20:43.025,10419,10421,10421,1
2019-08-08 16:20:43.039,10419,10421,10421,1
2019-08-08 16:20:43.150,10420,10421,10421,2
2019-08-08 16:20:43.354,10420,10421,10421,4
2019-08-08 16:20:44.866,10421,10422,10422,2
2019-08-08 16:20:45.022,10421,10422,10422,1
2019-08-08 16:20:45.178,10421,10422,10422,1
2019-08-08 16:20:46.387,10421,10422,10422,2
2019-08-08 16:20:47.462,10421,10422,10422,1
2019-08-08 16:20:47.651,10421,10422,10422,1
2019-08-08 16:20:47.749,10421,10422,10422,1
2019-08-08 16:20:48.125,10421,10422,10422,1
2019-08-08 16:20:48.533,10421,10422,10422,1
2019-08-08 16:20:49.158,10421,10422,10421,5
2019-08-08 16:20:49.158,10421,10422,10421,1
2019-08-08 16:20:49.645,10421,10422,10422,1
2019-08-08 16:20:50.973,10421,10422,10422,1
2019-08-08 16:20:51.250,10421,10422,10422,1
2019-08-08 16:20:52.545,10421,10422,10422,2
2019-08-08 16:20:54.720,10421,10422,10421,1
2019-08-08 16:20:56.805,10421,10422,10422,1
2019-08-08 16:20:58.219,10421,10422,10422,1
2019-08-08 16:21:09.209,10421,10422,10421,10
2019-08-08 16:21:09.371,10421,10422,10422,1
2019-08-08 16:21:09.468,10421,10422,10421,5
2019-08-08 16:21:09.574,10421,10422,10421,2
2019-08-08 16:21:09.820,10420,10422,10421,1
2019-08-08 16:21:09.820,10420,10422,10421,1
2019-08-08 16:21:10.131,10420,10422,10422,1
2019-08-08 16:21:11.678,10420,10421,10421,1
2019-08-08 16:21:16.931,10420,10421,10421,1
2019-08-08 16:21:20.655,10421,10422,10421,1
2019-08-08 16:21:20.700,10421,10422,10421,4
2019-08-08 16:21:21.068,10421,10422,10421,2
2019-08-08 16:21:21.068,10421,10422,10421,1
2019-08-08 16:21:21.573,10420,10421,10421,1
2019-08-08 16:21:24.629,10420,10421,10421,1
2019-08-08 16:21:24.653,10420,10421,10421,1
2019-08-08 16:21:24.944,10420,10421,10421,1
2019-08-08 16:21:30.113,10420,10421,10421,1
2019-08-08 16:21:38.228,10421,10422,10421,1
2019-08-08 16:21:41.585,10420,10421,10421,1
2019-08-08 16:21:42.898,10421,10422,10421,1
2019-08-08 16:21:46.866,10420,10421,10421,3
2019-08-08 16:21:53.454,10420,10421,10421,2
2019-08-08 16:21:57.495,10420,10421,10421,4
2019-08-08 16:21:57.576,10421,10422,10421,1
2019-08-08 16:21:59.581,10421,10422,10421,1
2019-08-08 16:22:03.594,10420,10421,10421,1
2019-08-08 16:22:07.934,10421,10422,10422,1
2019-08-08 16:22:09.597,10421,10422,10422,1
2019-08-08 16:22:12.004,10421,10422,10422,15
2019-08-08 16:22:14.982,10421,10422,10421,1
2019-08-08 16:22:16.143,10421,10422,10422,1
2019-08-08 16:22:18.890,10421,10422,10422,4
2019-08-08 16:22:21.733,10421,10422,10422,1
2019-08-08 16:22:22.221,10421,10422,10422,1
2019-08-08 16:22:31.344,10421,10422,10421,1
2019-08-08 16:22:40.745,10421,10422,10421,1
2019-08-08 16:22:45.240,10421,10422,10421,1
2019-08-08 16:22:46.892,10421,10422,10421,1
2019-08-08 16:22:48.658,10421,10422,10422,1
2019-08-08 16:22:52.155,10421,10422,10422,1
2019-08-08 16:22:58.461,10421,10422,10422,1
2019-08-08 16:23:05.495,10421,10422,10421,15
2019-08-08 16:23:13.162,10421,10422,10421,9
2019-08-08 16:23:15.875,10420,10421,10420,7
2019-08-08 16:23:21.355,10420,10421,10421,5
2019-08-08 16:23:22.420,10421,10422,10421,1
2019-08-08 16:23:34.057,10421,10422,10421,1
2019-08-08 16:23:45.199,10421,10422,10421,2
2019-08-08 16:23:46.996,10421,10422,10421,2
2019-08-08 16:23:55.651,10420,10421,10421,1
2019-08-08 16:23:56.937,10421,10422,10421,1
2019-08-08 16:23:57.697,10420,10422,10420,5
2019-08-08 16:24:00.476,10420,10421,10420,1
2019-08-08 16:24:14.414,10420,10421,10420,2
2019-08-08 16:24:15.074,10420,10421,10420,4
2019-08-08 16:24:25.017,10419,10421,10419,10
2019-08-08 16:24:25.195,10419,10421,10419,1
2019-08-08 16:24:29.058,10419,10420,10420,6
2019-08-08 16:24:40.971,10420,10421,10420,1
2019-08-08 16:24:44.371,10420,10421,10421,1
2019-08-08 16:24:47.202,10420,10421,10421,1
2019-08-08 16:24:47.589,10420,10421,10421,1
2019-08-08 16:24:47.699,10420,10421,10421,1
2019-08-08 16:24:49.500,10420,10421,10421,1
2019-08-08 16:24:49.517,10420,10421,10421,1
2019-08-08 16:24:52.904,10420,10421,10421,2
2019-08-08 16:25:02.685,10420,10421,10420,1
2019-08-08 16:25:06.350,10420,10421,10420,1
2019-08-08 16:25:14.972,10420,10421,10420,2
2019-08-08 16:25:17.246,10420,10421,10420,13
2019-08-08 16:25:17.246,10420,10421,10420,2
2019-08-08 16:25:17.324,10420,10421,10420,2
2019-08-08 16:25:17.324,10420,10421,10420,16
2019-08-08 16:25:17.324,10420,10421,10420,1
2019-08-08 16:25:17.325,10420,10421,10420,2
2019-08-08 16:25:17.325,10420,10421,10420,1
2019-08-08 16:25:17.325,10420,10421,10420,1
2019-08-08 16:25:18.592,10419,10420,10420,1
2019-08-08 16:25:33.534,10419,10420,10419,1
2019-08-08 16:25:33.729,10419,10420,10419,1
2019-08-08 16:25:36.018,10419,10420,10419,1
2019-08-08 16:25:37.294,10419,10420,10420,1
2019-08-08 16:25:40.549,10419,10420,10419,1
2019-08-08 16:25:41.577,10419,10420,10419,1
2019-08-08 16:25:41.699,10419,10420,10419,1
2019-08-08 16:25:45.404,10419,10420,10419,1
2019-08-08 16:25:46.590,10419,10420,10419,1
2019-08-08 16:25:48.895,10419,10420,10419,1
2019-08-08 16:25:51.581,10418,10419,10419,1
2019-08-08 16:25:53.069,10419,10420,10419,1
2019-08-08 16:25:55.793,10419,10420,10419,1
2019-08-08 16:25:55.793,10419,10420,10418,1
2019-08-08 16:26:04.535,10419,10420,10419,1
2019-08-08 16:26:10.129,10419,10420,10419,1
2019-08-08 16:26:14.847,10419,10420,10419,1
2019-08-08 16:26:20.631,10419,10420,10419,15
2019-08-08 16:26:20.888,10419,10420,10419,1
2019-08-08 16:26:21.908,10419,10420,10419,1
2019-08-08 16:26:23.274,10419,10420,10420,1
2019-08-08 16:26:31.833,10419,10420,10420,1
2019-08-08 16:26:39.482,10419,10420,10419,1
2019-08-08 16:26:43.180,10419,10420,10420,17
2019-08-08 16:26:47.388,10420,10421,10421,1
2019-08-08 16:26:47.692,10420,10421,10421,3
2019-08-08 16:26:49.596,10420,10421,10420,1
2019-08-08 16:26:50.983,10420,10421,10421,1
2019-08-08 16:26:52.542,10420,10421,10421,2
2019-08-08 16:27:00.606,10420,10421,10421,1
2019-08-08 16:27:08.783,10420,10421,10421,4
2019-08-08 16:27:11.244,10421,10422,10422,1
2019-08-08 16:27:11.244,10421,10422,10422,4
2019-08-08 16:27:11.282,10421,10422,10422,4
2019-08-08 16:27:11.283,10421,10422,10422,1
2019-08-08 16:27:11.283,10421,10422,10422,1
2019-08-08 16:27:11.283,10421,10422,10422,2
2019-08-08 16:27:11.324,10421,10422,10422,6
2019-08-08 16:27:34.460,10422,10423,10423,1
2019-08-08 16:27:34.776,10422,10423,10423,1
2019-08-08 16:27:40.023,10422,10423,10422,2
2019-08-08 16:27:40.023,10422,10423,10422,2
2019-08-08 16:27:45.908,10422,10423,10422,1
2019-08-08 16:27:46.182,10422,10423,10423,1
2019-08-08 16:27:46.477,10422,10423,10423,1
2019-08-08 16:27:46.892,10422,10423,10423,1
2019-08-08 16:27:53.969,10422,10423,10422,1
2019-08-08 16:28:00.912,10422,10423,10422,12
2019-08-08 16:28:02.671,10421,10422,10422,2
2019-08-08 16:28:03.286,10421,10422,10422,1
2019-08-08 16:28:13.599,10422,10423,10423,4
2019-08-08 16:28:13.699,10422,10423,10423,10
2019-08-08 16:28:13.887,10422,10423,10423,1
2019-08-08 16:28:14.420,10422,10423,10423,2
2019-08-08 16:28:14.420,10422,10423,10423,1
2019-08-08 16:28:14.442,10422,10423,10423,1
2019-08-08 16:28:14.442,10422,10423,10423,1
2019-08-08 16:28:14.443,10422,10423,10423,4
2019-08-08 16:28:14.443,10422,10423,10423,2
2019-08-08 16:28:14.443,10422,10423,10423,4
2019-08-08 16:28:14.449,10422,10423,10423,4
2019-08-08 16:28:14.450,10422,10423,10423,3
2019-08-08 16:28:14.450,10422,10423,10423,2
2019-08-08 16:28:14.450,10422,10423,10423,2
2019-08-08 16:28:14.450,10422,10423,10423,2
2019-08-08 16:28:37.165,10423,10424,10423,1
2019-08-08 16:28:40.894,10423,10424,10423,1
2019-08-08 16:28:43.647,10423,10424,10423,1
2019-08-08 16:28:43.647,10423,10424,10423,5
2019-08-08 16:28:43.647,10423,10424,10423,4
2019-08-08 16:28:45.047,10422,10423,10423,1
2019-08-08 16:28:45.540,10422,10423,10423,1
2019-08-08 16:28:48.344,10422,10423,10423,2
2019-08-08 16:28:50.952,10423,10424,10423,1
2019-08-08 16:28:53.173,10423,10424,10424,1
2019-08-08 16:28:53.260,10423,10424,10424,2
2019-08-08 16:28:53.559,10423,10424,10424,1
2019-08-08 16:28:53.933,10423,10424,10424,1
2019-08-08 16:28:54.375,10423,10424,10424,1
2019-08-08 16:28:54.987,10423,10424,10424,1
2019-08-08 16:28:55.453,10423,10424,10424,1
2019-08-08 16:28:55.892,10423,10424,10424,1
2019-08-08 16:28:56.485,10423,10424,10424,1
2019-08-08 16:28:57.332,10423,10424,10424,1
2019-08-08 16:28:57.826,10423,10424,10423,1
2019-08-08 16:29:08.183,10423,10424,10423,1
2019-08-08 16:29:09.741,10423,10424,10424,1
2019-08-08 16:29:10.207,10423,10424,10423,2
2019-08-08 16:29:10.401,10423,10424,10423,9
2019-08-08 16:29:14.742,10422,10423,10422,1
2019-08-08 16:29:15.804,10422,10423,10423,1
2019-08-08 16:29:16.560,10422,10423,10423,4
2019-08-08 16:29:16.562,10422,10423,10423,1
2019-08-08 16:29:19.288,10423,10424,10423,1
2019-08-08 16:29:20.261,10423,10424,10423,1
2019-08-08 16:29:32.514,10423,10424,10423,1
2019-08-08 16:29:34.702,10423,10424,10424,1
2019-08-08 16:29:36.270,10423,10424,10424,1
