2019-05-20,15:00:00.031000,10434,10435,10434,52
2019-05-20,15:00:00.298000,10434,10435,10434,1
2019-05-20,15:00:00.311000,10434,10435,10434,1
2019-05-20,15:00:00.347000,10434,10435,10434,1
2019-05-20,15:00:00.362000,10434,10435,10434,1
2019-05-20,15:00:00.369000,10434,10435,10434,1
2019-05-20,15:00:00.376000,10434,10435,10434,1
2019-05-20,15:00:00.411000,10434,10435,10433,4
2019-05-20,15:00:00.416000,10434,10435,10433,3
2019-05-20,15:00:00.477000,10433,10434,10433,8
2019-05-20,15:00:00.688000,10433,10434,10434,5
2019-05-20,15:00:01.129000,10433,10434,10434,1
2019-05-20,15:00:01.133000,10433,10434,10433,4
2019-05-20,15:00:01.206000,10433,10434,10434,4
2019-05-20,15:00:01.206000,10433,10434,10435,11
2019-05-20,15:00:01.328000,10433,10434,10434,1
2019-05-20,15:00:01.637000,10434,10435,10435,1
2019-05-20,15:00:06.437000,10434,10435,10434,3
2019-05-20,15:00:06.437000,10434,10435,10433,1
2019-05-20,15:00:06.651000,10433,10434,10434,2
2019-05-20,15:00:06.848000,10433,10434,10434,1
2019-05-20,15:00:07.366000,10433,10434,10433,1
2019-05-20,15:00:08.150000,10433,10434,10433,3
2019-05-20,15:00:08.868000,10432,10433,10433,3
2019-05-20,15:00:09.475000,10432,10433,10433,1
2019-05-20,15:00:09.720000,10432,10434,10434,3
2019-05-20,15:00:10.427000,10432,10433,10432,1
2019-05-20,15:00:12.472000,10432,10433,10432,5
2019-05-20,15:00:13.955000,10433,10434,10433,1
2019-05-20,15:00:21.119000,10433,10434,10433,3
2019-05-20,15:00:22.238000,10433,10434,10433,1
2019-05-20,15:00:24.427000,10433,10434,10433,1
2019-05-20,15:00:25.348000,10433,10434,10434,1
2019-05-20,15:00:27.544000,10433,10434,10433,1
2019-05-20,15:00:29.058000,10433,10434,10433,1
2019-05-20,15:00:29.528000,10433,10434,10433,1
2019-05-20,15:00:30.456000,10433,10434,10433,1
2019-05-20,15:00:30.623000,10433,10434,10433,1
2019-05-20,15:00:30.766000,10433,10434,10433,1
2019-05-20,15:00:35.410000,10432,10433,10433,1
2019-05-20,15:00:35.453000,10432,10433,10433,4
2019-05-20,15:00:35.453000,10432,10433,10433,1
2019-05-20,15:00:38.593000,10433,10434,10433,1
2019-05-20,15:00:38.944000,10433,10434,10433,10
2019-05-20,15:00:39.818000,10433,10434,10433,1
2019-05-20,15:00:48.757000,10433,10434,10434,1
2019-05-20,15:00:50.828000,10433,10434,10434,2
2019-05-20,15:00:50.843000,10433,10434,10434,1
2019-05-20,15:00:50.932000,10433,10434,10434,1
2019-05-20,15:00:50.953000,10433,10434,10434,4
2019-05-20,15:00:51.203000,10434,10435,10435,2
2019-05-20,15:00:51.222000,10434,10435,10435,1
2019-05-20,15:00:51.328000,10434,10435,10435,4
2019-05-20,15:00:56.696000,10435,10436,10435,1
2019-05-20,15:00:57.890000,10435,10436,10435,1
2019-05-20,15:00:59.856000,10435,10436,10435,3
2019-05-20,15:00:59.858000,10435,10436,10435,3
2019-05-20,15:00:59.870000,10435,10436,10435,3
2019-05-20,15:01:00.056000,10435,10436,10435,1
2019-05-20,15:01:00.081000,10434,10436,10436,1
2019-05-20,15:01:00.936000,10434,10436,10436,1
2019-05-20,15:01:01.339000,10435,10436,10436,1
2019-05-20,15:01:07.532000,10435,10436,10435,1
2019-05-20,15:01:08.247000,10435,10436,10435,2
2019-05-20,15:01:12.046000,10435,10436,10436,3
2019-05-20,15:01:12.078000,10435,10436,10436,5
2019-05-20,15:01:12.078000,10435,10436,10436,3
2019-05-20,15:01:12.078000,10435,10436,10436,4
2019-05-20,15:01:12.079000,10435,10436,10436,2
2019-05-20,15:01:12.234000,10436,10437,10437,35
2019-05-20,15:01:12.234000,10436,10437,10437,1
2019-05-20,15:01:12.329000,10437,10438,10438,21
2019-05-20,15:01:12.329000,10437,10438,10438,1
2019-05-20,15:01:12.329000,10437,10438,10438,1
2019-05-20,15:01:12.387000,10437,10438,10438,1
2019-05-20,15:01:12.411000,10437,10438,10438,1
2019-05-20,15:01:12.453000,10438,10439,10439,3
2019-05-20,15:01:12.474000,10438,10439,10439,3
2019-05-20,15:01:12.474000,10438,10439,10439,1
2019-05-20,15:01:12.475000,10438,10439,10439,2
2019-05-20,15:01:12.579000,10439,10440,10440,11
2019-05-20,15:01:12.579000,10439,10440,10440,1
2019-05-20,15:01:12.609000,10439,10440,10441,1
2019-05-20,15:01:12.610000,10439,10440,10440,1
2019-05-20,15:01:12.759000,10440,10441,10440,4
2019-05-20,15:01:12.842000,10440,10441,10441,1
2019-05-20,15:01:12.953000,10440,10441,10441,2
2019-05-20,15:01:12.978000,10440,10441,10440,1
2019-05-20,15:01:13.001000,10440,10441,10441,1
2019-05-20,15:01:13.001000,10440,10441,10442,4
2019-05-20,15:01:13.629000,10441,10442,10441,1
2019-05-20,15:01:13.793000,10441,10442,10441,1
2019-05-20,15:01:14.265000,10441,10442,10442,9
2019-05-20,15:01:14.312000,10441,10442,10443,1
2019-05-20,15:01:14.445000,10441,10443,10443,1
2019-05-20,15:01:14.488000,10442,10443,10442,1
2019-05-20,15:01:14.582000,10442,10443,10442,1
2019-05-20,15:01:15.303000,10442,10443,10443,1
2019-05-20,15:01:15.576000,10442,10443,10441,1
2019-05-20,15:01:15.828000,10441,10442,10441,1
2019-05-20,15:01:16.078000,10440,10441,10441,1
2019-05-20,15:01:16.126000,10440,10441,10441,1
2019-05-20,15:01:16.393000,10440,10441,10440,1
2019-05-20,15:01:16.453000,10440,10441,10440,1
2019-05-20,15:01:16.453000,10440,10441,10440,1
2019-05-20,15:01:16.664000,10439,10440,10439,1
2019-05-20,15:01:16.665000,10439,10440,10439,2
2019-05-20,15:01:16.703000,10439,10440,10439,5
2019-05-20,15:01:16.704000,10439,10440,10439,1
2019-05-20,15:01:17.092000,10438,10439,10438,1
2019-05-20,15:01:17.203000,10438,10439,10438,3
2019-05-20,15:01:17.328000,10438,10439,10438,2
2019-05-20,15:01:17.513000,10437,10438,10438,3
2019-05-20,15:01:17.578000,10437,10438,10438,1
2019-05-20,15:01:17.704000,10437,10438,10438,1
2019-05-20,15:01:17.734000,10437,10438,10438,1
2019-05-20,15:01:19.411000,10437,10438,10438,1
2019-05-20,15:01:22.170000,10437,10438,10438,1
2019-05-20,15:01:22.203000,10438,10439,10438,1
2019-05-20,15:01:22.826000,10438,10439,10439,2
2019-05-20,15:01:23.824000,10438,10439,10439,1
2019-05-20,15:01:24.118000,10438,10439,10439,1
2019-05-20,15:01:24.758000,10439,10440,10439,1
2019-05-20,15:01:25.852000,10439,10440,10439,1
2019-05-20,15:01:25.931000,10439,10440,10440,2
2019-05-20,15:01:25.931000,10439,10440,10440,1
2019-05-20,15:01:25.999000,10439,10440,10440,4
2019-05-20,15:01:26.617000,10440,10441,10441,2
2019-05-20,15:01:27.558000,10440,10441,10441,1
2019-05-20,15:01:30.204000,10440,10441,10440,2
2019-05-20,15:01:33.710000,10439,10440,10439,1
2019-05-20,15:01:33.793000,10439,10440,10440,1
2019-05-20,15:01:35.310000,10439,10440,10439,1
2019-05-20,15:01:35.318000,10439,10440,10439,1
2019-05-20,15:01:35.321000,10439,10440,10439,1
2019-05-20,15:01:35.322000,10439,10440,10439,1
2019-05-20,15:01:35.324000,10439,10440,10439,1
2019-05-20,15:01:35.328000,10439,10440,10439,7
2019-05-20,15:01:35.434000,10439,10440,10439,2
2019-05-20,15:01:35.703000,10438,10439,10438,2
2019-05-20,15:01:35.706000,10438,10439,10438,4
2019-05-20,15:01:36.298000,10437,10439,10439,1
2019-05-20,15:01:37.086000,10437,10439,10437,1
2019-05-20,15:01:44.264000,10438,10439,10438,3
2019-05-20,15:01:44.942000,10437,10439,10439,2
2019-05-20,15:01:45.322000,10437,10439,10438,1
2019-05-20,15:01:47.118000,10438,10439,10439,19
2019-05-20,15:01:47.527000,10438,10439,10438,1
2019-05-20,15:01:47.728000,10438,10439,10438,1
2019-05-20,15:01:49.032000,10438,10439,10439,1
2019-05-20,15:01:50.112000,10438,10439,10438,1
2019-05-20,15:01:53.099000,10437,10439,10439,1
2019-05-20,15:01:58.304000,10438,10439,10438,2
2019-05-20,15:01:59.387000,10438,10439,10438,2
2019-05-20,15:02:01.285000,10438,10439,10439,8
2019-05-20,15:02:02.840000,10439,10440,10440,2
2019-05-20,15:02:03.712000,10439,10440,10439,1
2019-05-20,15:02:04.040000,10438,10440,10440,1
2019-05-20,15:02:05.398000,10438,10439,10439,1
2019-05-20,15:02:07.560000,10438,10439,10439,3
2019-05-20,15:02:08,10439,10440,10439,1
2019-05-20,15:02:08.031000,10439,10440,10439,1
2019-05-20,15:02:08.522000,10438,10439,10439,1
2019-05-20,15:02:09.109000,10438,10439,10439,1
2019-05-20,15:02:12.238000,10438,10439,10439,2
2019-05-20,15:02:17.803000,10438,10439,10438,6
2019-05-20,15:02:18.855000,10438,10439,10438,2
2019-05-20,15:02:18.934000,10438,10439,10439,1
2019-05-20,15:02:20.252000,10438,10439,10438,2
2019-05-20,15:02:20.491000,10438,10439,10438,2
2019-05-20,15:02:20.730000,10438,10439,10438,1
2019-05-20,15:02:21.953000,10437,10438,10438,1
2019-05-20,15:02:25.763000,10438,10439,10438,1
2019-05-20,15:02:25.867000,10438,10439,10439,2
2019-05-20,15:02:28.295000,10438,10439,10438,2
2019-05-20,15:02:29.967000,10438,10439,10439,1
2019-05-20,15:02:31.901000,10438,10439,10438,3
2019-05-20,15:02:33.793000,10438,10439,10439,3
2019-05-20,15:02:35.238000,10438,10439,10439,1
2019-05-20,15:02:37.938000,10438,10439,10438,1
2019-05-20,15:02:43.578000,10438,10439,10438,2
2019-05-20,15:02:44.829000,10438,10439,10438,2
2019-05-20,15:02:47.042000,10437,10438,10438,3
2019-05-20,15:02:50.243000,10437,10438,10438,1
2019-05-20,15:02:50.244000,10437,10438,10438,1
2019-05-20,15:02:50.482000,10438,10439,10438,2
2019-05-20,15:03:00.269000,10438,10439,10438,1
2019-05-20,15:03:00.328000,10438,10439,10438,1
2019-05-20,15:03:00.329000,10438,10439,10438,1
2019-05-20,15:03:02.222000,10438,10439,10438,2
2019-05-20,15:03:02.464000,10438,10439,10438,1
2019-05-20,15:03:13.114000,10437,10438,10437,4
2019-05-20,15:03:15.235000,10437,10438,10437,3
2019-05-20,15:03:15.328000,10437,10438,10437,7
2019-05-20,15:03:15.863000,10436,10437,10437,1
2019-05-20,15:03:16.002000,10436,10437,10437,1
2019-05-20,15:03:18.255000,10436,10438,10436,6
2019-05-20,15:03:18.781000,10436,10437,10436,1
2019-05-20,15:03:35.993000,10436,10437,10436,1
2019-05-20,15:03:39.340000,10436,10437,10437,1
2019-05-20,15:03:42.023000,10436,10437,10436,4
2019-05-20,15:03:47.011000,10436,10437,10436,7
2019-05-20,15:03:47.078000,10436,10437,10436,1
2019-05-20,15:03:47.078000,10436,10437,10436,4
2019-05-20,15:03:47.078000,10436,10437,10436,9
2019-05-20,15:03:47.078000,10436,10437,10436,2
2019-05-20,15:03:47.078000,10436,10437,10436,22
2019-05-20,15:03:47.078000,10436,10437,10436,4
2019-05-20,15:03:47.078000,10436,10437,10436,2
2019-05-20,15:03:47.078000,10436,10437,10436,1
2019-05-20,15:03:47.078000,10436,10437,10436,5
2019-05-20,15:03:47.079000,10436,10437,10436,1
2019-05-20,15:03:47.328000,10435,10436,10435,2
2019-05-20,15:03:47.345000,10435,10436,10435,2
2019-05-20,15:03:47.453000,10435,10436,10435,1
2019-05-20,15:03:47.453000,10435,10436,10435,1
2019-05-20,15:03:49.527000,10434,10435,10434,1
2019-05-20,15:03:51.129000,10434,10435,10435,1
2019-05-20,15:03:51.130000,10434,10435,10435,1
2019-05-20,15:03:51.130000,10434,10435,10435,1
2019-05-20,15:03:51.130000,10434,10435,10435,1
2019-05-20,15:03:51.130000,10434,10435,10435,1
2019-05-20,15:03:51.130000,10434,10435,10435,1
2019-05-20,15:03:51.372000,10435,10436,10435,2
2019-05-20,15:03:53.593000,10434,10435,10434,2
2019-05-20,15:03:56.237000,10434,10435,10435,1
2019-05-20,15:03:58.193000,10434,10435,10434,6
2019-05-20,15:03:58.203000,10434,10435,10434,3
2019-05-20,15:03:59.186000,10433,10434,10433,1
2019-05-20,15:03:59.487000,10433,10434,10434,1
2019-05-20,15:04:00.703000,10433,10434,10433,2
2019-05-20,15:04:00.704000,10433,10434,10433,1
2019-05-20,15:04:00.704000,10433,10434,10433,1
2019-05-20,15:04:00.704000,10433,10434,10433,1
2019-05-20,15:04:00.704000,10433,10434,10433,1
2019-05-20,15:04:00.709000,10433,10434,10433,1
2019-05-20,15:04:00.828000,10433,10434,10433,3
2019-05-20,15:04:00.828000,10433,10434,10433,3
2019-05-20,15:04:00.829000,10433,10434,10433,2
2019-05-20,15:04:03.304000,10433,10434,10433,2
2019-05-20,15:04:05.183000,10433,10434,10433,1
2019-05-20,15:04:05.580000,10433,10434,10433,1
2019-05-20,15:04:10.858000,10433,10434,10433,5
2019-05-20,15:04:12.312000,10433,10434,10433,1
2019-05-20,15:04:14.722000,10433,10434,10434,3
2019-05-20,15:04:17.613000,10433,10434,10433,1
2019-05-20,15:04:22.528000,10433,10434,10433,2
2019-05-20,15:04:23.862000,10433,10434,10434,1
2019-05-20,15:04:26.163000,10433,10434,10433,4
2019-05-20,15:04:30.021000,10433,10434,10433,1
2019-05-20,15:04:31.203000,10433,10434,10434,19
2019-05-20,15:04:31.447000,10433,10435,10434,2
2019-05-20,15:04:31.454000,10434,10435,10434,2
2019-05-20,15:04:31.456000,10434,10435,10434,2
2019-05-20,15:04:31.471000,10434,10435,10434,2
2019-05-20,15:04:34.128000,10434,10435,10434,1
2019-05-20,15:04:36.133000,10434,10435,10435,1
2019-05-20,15:04:38.867000,10434,10435,10434,1
2019-05-20,15:04:39.177000,10434,10435,10435,1
2019-05-20,15:04:45.230000,10434,10435,10435,1
2019-05-20,15:04:48.330000,10434,10435,10434,1
2019-05-20,15:04:48.476000,10434,10435,10435,1
2019-05-20,15:04:52.379000,10434,10435,10435,1
2019-05-20,15:04:52.391000,10434,10435,10435,3
2019-05-20,15:04:52.392000,10434,10435,10435,1
2019-05-20,15:04:52.629000,10435,10436,10435,1
2019-05-20,15:04:53.531000,10435,10436,10436,1
2019-05-20,15:05:03.540000,10435,10436,10436,2
2019-05-20,15:05:06.772000,10435,10436,10435,5
2019-05-20,15:05:11.847000,10435,10436,10436,1
2019-05-20,15:05:12.559000,10435,10436,10435,1
2019-05-20,15:05:19.551000,10435,10436,10435,1
2019-05-20,15:05:25.143000,10435,10436,10435,1
2019-05-20,15:05:25.724000,10435,10436,10435,1
2019-05-20,15:05:25.978000,10435,10436,10435,1
2019-05-20,15:05:32.814000,10435,10436,10435,2
2019-05-20,15:05:46.842000,10434,10435,10435,1
2019-05-20,15:05:47.761000,10434,10435,10435,2
2019-05-20,15:05:48.293000,10435,10436,10435,1
2019-05-20,15:05:52.223000,10435,10436,10435,1
2019-05-20,15:06:01.362000,10435,10436,10435,5
2019-05-20,15:06:08.264000,10435,10436,10435,1
2019-05-20,15:06:08.470000,10435,10436,10435,1
2019-05-20,15:06:17.913000,10435,10436,10435,1
2019-05-20,15:06:26.514000,10435,10436,10435,1
2019-05-20,15:06:27.618000,10435,10436,10435,1
2019-05-20,15:06:38.664000,10435,10436,10435,2
2019-05-20,15:06:43.543000,10435,10436,10436,1
2019-05-20,15:06:43.928000,10435,10436,10436,1
2019-05-20,15:06:47.330000,10435,10436,10435,1
2019-05-20,15:06:53.442000,10435,10436,10435,1
2019-05-20,15:07:02.844000,10434,10435,10435,1
2019-05-20,15:07:02.964000,10434,10435,10435,1
2019-05-20,15:07:08.482000,10434,10435,10434,2
2019-05-20,15:07:09.177000,10434,10435,10435,1
2019-05-20,15:07:12.384000,10434,10435,10434,1
2019-05-20,15:07:21.232000,10434,10435,10435,1
2019-05-20,15:07:24.703000,10434,10435,10434,18
2019-05-20,15:07:24.703000,10434,10435,10434,1
2019-05-20,15:07:31.758000,10433,10434,10433,1
2019-05-20,15:07:36.003000,10433,10434,10434,1
2019-05-20,15:07:39.648000,10433,10434,10434,1
2019-05-20,15:07:42.201000,10433,10434,10433,1
2019-05-20,15:07:46.280000,10433,10434,10433,1
2019-05-20,15:07:47.460000,10433,10434,10434,1
2019-05-20,15:07:47.962000,10433,10434,10433,1
2019-05-20,15:07:51.677000,10433,10434,10433,1
2019-05-20,15:07:58.881000,10433,10434,10433,1
2019-05-20,15:07:59.251000,10433,10434,10433,1
2019-05-20,15:08:14.544000,10433,10434,10433,1
2019-05-20,15:08:27.663000,10433,10434,10434,2
2019-05-20,15:08:32.397000,10433,10434,10434,2
2019-05-20,15:08:39.690000,10433,10434,10434,1
2019-05-20,15:08:50.590000,10433,10434,10434,1
2019-05-20,15:08:54.406000,10433,10434,10434,1
2019-05-20,15:08:58.686000,10433,10434,10433,1
2019-05-20,15:08:59.887000,10433,10434,10433,1
2019-05-20,15:08:59.887000,10433,10434,10433,1
2019-05-20,15:08:59.887000,10433,10434,10433,1
2019-05-20,15:08:59.888000,10433,10434,10433,1
2019-05-20,15:08:59.888000,10433,10434,10433,1
2019-05-20,15:09:02.413000,10433,10434,10433,11
2019-05-20,15:09:02.413000,10433,10434,10433,2
2019-05-20,15:09:02.830000,10433,10434,10434,2
2019-05-20,15:09:03.030000,10432,10434,10432,2
2019-05-20,15:09:05.782000,10433,10434,10434,3
2019-05-20,15:09:08.143000,10433,10434,10433,1
2019-05-20,15:09:15.032000,10432,10433,10432,1
2019-05-20,15:09:22.604000,10432,10433,10432,1
2019-05-20,15:09:26.606000,10432,10433,10432,3
2019-05-20,15:09:29.641000,10432,10433,10432,1
2019-05-20,15:09:30.729000,10432,10433,10432,2
2019-05-20,15:09:32.669000,10432,10433,10432,8
2019-05-20,15:09:42.173000,10431,10432,10432,3
2019-05-20,15:09:42.232000,10431,10432,10432,1
2019-05-20,15:09:42.674000,10431,10432,10432,1
2019-05-20,15:09:44.930000,10431,10432,10432,1
2019-05-20,15:09:45.811000,10431,10432,10432,1
2019-05-20,15:09:46.850000,10431,10432,10432,3
2019-05-20,15:10:04.532000,10431,10432,10432,1
2019-05-20,15:10:04.852000,10431,10432,10431,1
2019-05-20,15:10:05.362000,10431,10432,10431,2
2019-05-20,15:10:06.117000,10431,10432,10431,1
2019-05-20,15:10:06.587000,10431,10432,10431,1
2019-05-20,15:10:14.143000,10431,10432,10431,1
2019-05-20,15:10:14.557000,10431,10432,10431,2
2019-05-20,15:10:17.829000,10431,10432,10431,1
2019-05-20,15:10:23.608000,10431,10432,10431,2
2019-05-20,15:10:25.609000,10431,10432,10431,1
2019-05-20,15:10:28.403000,10431,10432,10431,2
2019-05-20,15:10:28.782000,10431,10432,10431,1
2019-05-20,15:10:31.458000,10431,10432,10431,2
2019-05-20,15:10:36.717000,10431,10432,10431,1
2019-05-20,15:10:39.696000,10431,10432,10431,3
2019-05-20,15:10:39.703000,10431,10432,10431,9
2019-05-20,15:10:43.287000,10430,10431,10431,1
2019-05-20,15:10:44.975000,10430,10431,10431,1
2019-05-20,15:10:49.198000,10430,10431,10430,1
2019-05-20,15:10:50.061000,10430,10431,10430,1
2019-05-20,15:10:50.528000,10430,10431,10430,1
2019-05-20,15:10:51.491000,10430,10431,10431,1
2019-05-20,15:10:53.118000,10430,10431,10430,1
2019-05-20,15:10:54.973000,10430,10431,10431,2
2019-05-20,15:10:55.309000,10430,10431,10430,1
2019-05-20,15:10:56.052000,10430,10431,10430,1
2019-05-20,15:10:56.333000,10430,10431,10430,1
2019-05-20,15:10:56.548000,10430,10431,10430,1
2019-05-20,15:10:56.749000,10430,10431,10430,1
2019-05-20,15:10:56.918000,10430,10431,10430,1
2019-05-20,15:10:57.095000,10430,10431,10430,1
2019-05-20,15:10:57.297000,10430,10431,10430,1
2019-05-20,15:10:57.474000,10430,10431,10430,1
2019-05-20,15:10:57.630000,10430,10431,10430,1
2019-05-20,15:10:58.007000,10430,10431,10430,1
2019-05-20,15:10:59.357000,10430,10431,10430,1
2019-05-20,15:11:00.013000,10430,10431,10431,1
2019-05-20,15:11:02.833000,10430,10431,10430,1
2019-05-20,15:11:03.512000,10430,10431,10431,1
2019-05-20,15:11:05.548000,10430,10431,10430,3
2019-05-20,15:11:05.685000,10430,10431,10431,1
2019-05-20,15:11:07.268000,10430,10431,10430,3
2019-05-20,15:11:08.766000,10430,10431,10431,2
2019-05-20,15:11:12.151000,10430,10431,10430,2
2019-05-20,15:11:13.988000,10430,10431,10430,1
2019-05-20,15:11:19.223000,10430,10431,10430,1
2019-05-20,15:11:30.476000,10430,10431,10431,2
2019-05-20,15:11:30.688000,10430,10431,10430,1
2019-05-20,15:11:32.785000,10430,10431,10431,2
2019-05-20,15:11:39.831000,10430,10431,10430,1
2019-05-20,15:11:45.996000,10430,10431,10430,1
2019-05-20,15:11:46.291000,10430,10431,10430,1
2019-05-20,15:11:51.697000,10430,10431,10430,1
2019-05-20,15:11:58.362000,10430,10431,10430,1
2019-05-20,15:12:01.597000,10430,10431,10430,2
2019-05-20,15:12:05.341000,10430,10431,10431,2
2019-05-20,15:12:05.341000,10430,10431,10431,9
2019-05-20,15:12:05.528000,10431,10432,10431,3
2019-05-20,15:12:05.586000,10431,10432,10431,2
2019-05-20,15:12:11.360000,10431,10432,10431,2
2019-05-20,15:12:16.156000,10431,10432,10432,1
2019-05-20,15:12:17.265000,10431,10432,10432,7
2019-05-20,15:12:17.505000,10432,10433,10432,1
2019-05-20,15:12:32.764000,10432,10433,10433,1
2019-05-20,15:12:33.063000,10432,10433,10433,2
2019-05-20,15:12:33.069000,10432,10433,10433,8
2019-05-20,15:12:33.078000,10432,10433,10433,13
2019-05-20,15:12:33.203000,10433,10434,10434,4
2019-05-20,15:12:33.203000,10433,10434,10434,1
2019-05-20,15:12:33.204000,10433,10434,10434,1
2019-05-20,15:12:33.204000,10433,10434,10434,2
2019-05-20,15:12:33.204000,10433,10434,10434,1
2019-05-20,15:12:33.204000,10433,10434,10434,1
2019-05-20,15:12:33.328000,10433,10434,10434,3
2019-05-20,15:12:43.256000,10433,10434,10434,1
2019-05-20,15:12:43.758000,10433,10434,10434,1
2019-05-20,15:12:46.154000,10433,10434,10434,1
2019-05-20,15:12:47.245000,10433,10434,10434,1
2019-05-20,15:12:47.397000,10433,10434,10434,2
2019-05-20,15:12:53.494000,10433,10434,10434,1
2019-05-20,15:12:53.893000,10433,10434,10433,11
2019-05-20,15:12:55.004000,10432,10433,10433,1
2019-05-20,15:13:03.672000,10432,10433,10432,1
2019-05-20,15:13:14.813000,10432,10433,10432,1
2019-05-20,15:13:18.707000,10432,10433,10432,12
2019-05-20,15:13:26.462000,10431,10432,10432,1
2019-05-20,15:13:36.384000,10431,10432,10432,1
2019-05-20,15:13:38.015000,10432,10433,10432,1
2019-05-20,15:13:56.129000,10432,10433,10432,12
2019-05-20,15:14:16.639000,10432,10433,10432,1
2019-05-20,15:14:16.699000,10432,10433,10432,1
2019-05-20,15:14:28.642000,10432,10433,10432,1
2019-05-20,15:14:44.339000,10432,10433,10432,2
2019-05-20,15:14:46.311000,10431,10432,10431,1
2019-05-20,15:14:53.026000,10431,10432,10432,1
2019-05-20,15:15:02.739000,10431,10432,10431,4
2019-05-20,15:15:09.235000,10431,10432,10431,3
2019-05-20,15:15:10.675000,10431,10432,10431,2
2019-05-20,15:15:10.675000,10431,10432,10431,2
2019-05-20,15:15:12.352000,10430,10431,10431,2
2019-05-20,15:15:14.371000,10430,10431,10430,2
2019-05-20,15:15:14.372000,10430,10431,10430,3
2019-05-20,15:15:14.372000,10430,10431,10430,4
2019-05-20,15:15:14.374000,10430,10431,10430,1
2019-05-20,15:15:14.453000,10430,10431,10430,10
2019-05-20,15:15:14.453000,10430,10431,10430,6
2019-05-20,15:15:15.678000,10429,10430,10429,1
2019-05-20,15:15:15.678000,10429,10430,10429,1
2019-05-20,15:15:15.872000,10429,10430,10429,1
2019-05-20,15:15:15.953000,10429,10430,10429,1
2019-05-20,15:15:16.058000,10429,10430,10429,1
2019-05-20,15:15:31.215000,10428,10429,10428,1
2019-05-20,15:15:35.984000,10428,10429,10429,1
2019-05-20,15:15:44.001000,10428,10429,10429,9
2019-05-20,15:15:45.324000,10429,10430,10430,3
2019-05-20,15:15:45.924000,10430,10431,10430,1
2019-05-20,15:15:50.670000,10430,10431,10430,1
2019-05-20,15:15:50.670000,10430,10431,10429,11
2019-05-20,15:15:51.738000,10429,10430,10430,1
2019-05-20,15:15:59.396000,10429,10430,10430,1
2019-05-20,15:16:00.249000,10429,10430,10430,1
2019-05-20,15:16:21.955000,10429,10430,10430,6
2019-05-20,15:16:23.078000,10430,10431,10430,2
2019-05-20,15:16:29.159000,10429,10430,10429,1
2019-05-20,15:16:31.312000,10429,10430,10430,1
2019-05-20,15:16:34.615000,10429,10430,10429,3
2019-05-20,15:16:40.696000,10429,10430,10429,1
2019-05-20,15:16:44.214000,10429,10430,10429,1
2019-05-20,15:16:44.857000,10429,10430,10429,11
2019-05-20,15:16:44.909000,10429,10430,10428,1
2019-05-20,15:16:52.734000,10428,10429,10428,1
2019-05-20,15:16:52.985000,10428,10429,10428,1
2019-05-20,15:16:53.360000,10428,10429,10428,1
2019-05-20,15:17:06.321000,10428,10429,10428,1
2019-05-20,15:17:11.567000,10428,10429,10429,5
2019-05-20,15:17:13.580000,10428,10429,10429,5
2019-05-20,15:17:20.687000,10429,10430,10429,2
2019-05-20,15:17:25.314000,10429,10430,10430,1
2019-05-20,15:17:28.785000,10429,10430,10430,1
2019-05-20,15:17:30.902000,10429,10430,10430,1
2019-05-20,15:17:32.944000,10429,10430,10429,12
2019-05-20,15:17:33.130000,10428,10430,10430,2
2019-05-20,15:17:45.242000,10428,10429,10429,1
2019-05-20,15:17:45.242000,10428,10429,10430,1
2019-05-20,15:17:45.573000,10428,10429,10429,2
2019-05-20,15:17:55.001000,10428,10429,10429,1
2019-05-20,15:17:55.905000,10428,10430,10429,1
2019-05-20,15:18:00.544000,10428,10429,10429,1
2019-05-20,15:18:02.567000,10429,10430,10429,1
2019-05-20,15:18:02.752000,10429,10430,10430,2
2019-05-20,15:18:03.059000,10429,10430,10430,1
2019-05-20,15:18:03.264000,10429,10430,10430,2
2019-05-20,15:18:03.880000,10429,10430,10429,1
2019-05-20,15:18:03.882000,10429,10430,10429,1
2019-05-20,15:18:03.889000,10429,10430,10429,1
2019-05-20,15:18:03.923000,10429,10430,10429,1
2019-05-20,15:18:06.857000,10428,10430,10430,2
2019-05-20,15:18:07.185000,10429,10430,10430,2
2019-05-20,15:18:12.440000,10428,10429,10429,3
2019-05-20,15:18:13.036000,10428,10429,10429,1
2019-05-20,15:18:30.016000,10429,10430,10430,2
2019-05-20,15:18:31.222000,10429,10430,10430,2
2019-05-20,15:18:37.685000,10429,10430,10429,1
2019-05-20,15:18:47.687000,10429,10430,10429,1
2019-05-20,15:18:53.353000,10428,10429,10429,2
2019-05-20,15:18:56.892000,10429,10430,10430,1
2019-05-20,15:19:00.863000,10429,10430,10429,1
2019-05-20,15:19:05.210000,10429,10430,10430,2
2019-05-20,15:19:05.375000,10429,10430,10429,10
2019-05-20,15:19:05.386000,10429,10430,10429,1
2019-05-20,15:19:05.386000,10429,10430,10429,1
2019-05-20,15:19:24.548000,10429,10430,10429,1
2019-05-20,15:19:24.579000,10429,10430,10429,1
2019-05-20,15:19:25.818000,10429,10430,10429,1
2019-05-20,15:19:27.498000,10429,10430,10429,1
2019-05-20,15:19:33.545000,10428,10429,10429,1
2019-05-20,15:19:46.677000,10428,10429,10428,1
2019-05-20,15:19:46.677000,10428,10429,10428,1
2019-05-20,15:19:49.704000,10428,10429,10428,2
2019-05-20,15:19:49.707000,10428,10429,10428,6
2019-05-20,15:19:49.828000,10428,10429,10428,5
2019-05-20,15:19:49.828000,10428,10429,10428,4
2019-05-20,15:19:49.828000,10428,10429,10428,1
2019-05-20,15:19:49.828000,10428,10429,10428,22
2019-05-20,15:19:55.209000,10427,10428,10428,1
2019-05-20,15:19:55.328000,10427,10428,10428,1
2019-05-20,15:20:02.306000,10428,10429,10428,1
2019-05-20,15:20:05.696000,10427,10428,10427,1
2019-05-20,15:20:07.252000,10427,10428,10427,1
2019-05-20,15:20:09.169000,10427,10428,10428,2
2019-05-20,15:20:11.482000,10427,10428,10428,2
2019-05-20,15:20:13.638000,10427,10428,10427,6
2019-05-20,15:20:21.751000,10427,10428,10427,1
2019-05-20,15:20:23.149000,10427,10428,10427,1
2019-05-20,15:20:31.553000,10427,10428,10427,1
2019-05-20,15:20:48.944000,10427,10428,10428,2
2019-05-20,15:20:52.328000,10427,10428,10428,3
2019-05-20,15:21:04.130000,10428,10429,10428,1
2019-05-20,15:21:04.203000,10428,10429,10428,1
2019-05-20,15:21:04.203000,10428,10429,10428,1
2019-05-20,15:21:09.427000,10427,10428,10428,1
2019-05-20,15:21:32.237000,10427,10428,10427,2
2019-05-20,15:21:33.578000,10427,10428,10427,1
2019-05-20,15:21:33.672000,10427,10428,10427,1
2019-05-20,15:21:33.703000,10427,10428,10427,2
2019-05-20,15:21:33.703000,10427,10428,10427,1
2019-05-20,15:21:33.703000,10427,10428,10427,1
2019-05-20,15:21:36.418000,10426,10427,10427,1
2019-05-20,15:21:40.736000,10426,10427,10427,1
2019-05-20,15:21:45.640000,10426,10427,10426,3
2019-05-20,15:21:47.721000,10426,10427,10427,3
2019-05-20,15:21:57.444000,10426,10427,10426,1
2019-05-20,15:22:01.337000,10426,10427,10427,2
2019-05-20,15:22:02.552000,10426,10427,10426,5
2019-05-20,15:22:04.998000,10426,10427,10426,2
2019-05-20,15:22:25.854000,10426,10427,10427,5
2019-05-20,15:22:25.920000,10426,10427,10426,1
2019-05-20,15:22:28.182000,10426,10427,10426,1
2019-05-20,15:22:31.487000,10426,10427,10427,1
2019-05-20,15:22:32.994000,10426,10427,10427,1
2019-05-20,15:22:33.035000,10426,10427,10426,1
2019-05-20,15:22:34.182000,10426,10427,10427,1
2019-05-20,15:22:34.235000,10426,10427,10427,1
2019-05-20,15:22:43.112000,10427,10428,10428,1
2019-05-20,15:22:43.674000,10427,10428,10427,5
2019-05-20,15:22:46.026000,10427,10428,10428,2
2019-05-20,15:22:54.143000,10427,10428,10428,1
2019-05-20,15:22:54.203000,10427,10428,10428,3
2019-05-20,15:22:59.607000,10428,10429,10428,1
2019-05-20,15:23:04.524000,10427,10428,10427,2
2019-05-20,15:23:04.646000,10427,10428,10427,1
2019-05-20,15:23:05.743000,10426,10427,10426,5
2019-05-20,15:23:07.345000,10426,10428,10428,1
2019-05-20,15:23:12.123000,10426,10428,10426,5
2019-05-20,15:23:19.215000,10426,10427,10426,2
2019-05-20,15:23:19.218000,10426,10427,10426,2
2019-05-20,15:23:19.222000,10426,10427,10426,1
2019-05-20,15:23:19.246000,10426,10427,10426,2
2019-05-20,15:23:19.262000,10426,10427,10426,1
2019-05-20,15:23:19.262000,10426,10427,10426,1
2019-05-20,15:23:19.262000,10426,10427,10426,1
2019-05-20,15:23:19.262000,10426,10427,10426,1
2019-05-20,15:23:19.266000,10426,10427,10426,1
2019-05-20,15:23:19.295000,10426,10427,10426,1
2019-05-20,15:23:19.318000,10426,10427,10426,1
2019-05-20,15:23:20.602000,10425,10426,10426,1
2019-05-20,15:23:28.280000,10425,10426,10425,5
2019-05-20,15:23:29.192000,10425,10426,10426,1
2019-05-20,15:23:30.620000,10425,10426,10425,1
2019-05-20,15:23:33.415000,10425,10426,10426,1
2019-05-20,15:23:34.091000,10425,10426,10425,1
2019-05-20,15:23:37.101000,10425,10426,10425,1
2019-05-20,15:23:38.938000,10425,10426,10425,4
2019-05-20,15:24:05.048000,10425,10426,10426,1
2019-05-20,15:24:08.687000,10425,10426,10426,1
2019-05-20,15:24:08.688000,10425,10426,10426,1
2019-05-20,15:24:08.688000,10425,10426,10426,1
2019-05-20,15:24:08.688000,10425,10426,10426,1
2019-05-20,15:24:08.688000,10425,10426,10426,1
2019-05-20,15:24:08.703000,10425,10426,10426,11
2019-05-20,15:24:08.943000,10426,10427,10426,2
2019-05-20,15:24:09.181000,10426,10427,10426,1
2019-05-20,15:24:13.327000,10426,10427,10427,1
2019-05-20,15:24:17.330000,10427,10428,10428,2
2019-05-20,15:24:17.489000,10427,10428,10428,1
2019-05-20,15:24:25.425000,10427,10428,10428,1
2019-05-20,15:24:49.416000,10428,10429,10429,2
2019-05-20,15:24:49.849000,10428,10429,10429,1
2019-05-20,15:24:50.007000,10428,10429,10429,1
2019-05-20,15:24:50.113000,10428,10429,10429,1
2019-05-20,15:24:54.212000,10428,10429,10429,2
2019-05-20,15:24:54.535000,10428,10429,10429,3
2019-05-20,15:24:54.728000,10428,10429,10429,1
2019-05-20,15:24:54.874000,10428,10429,10429,1
2019-05-20,15:24:55.027000,10428,10429,10429,1
2019-05-20,15:24:58.200000,10428,10429,10429,1
2019-05-20,15:26:00.065000,10428,10429,10429,1
2019-05-20,15:26:09.227000,10428,10429,10429,1
2019-05-20,15:26:10.127000,10428,10429,10429,1
2019-05-20,15:26:14.203000,10428,10429,10429,8
2019-05-20,15:26:14.328000,10428,10429,10429,5
2019-05-20,15:26:16.460000,10429,10430,10430,1
2019-05-20,15:26:21.952000,10429,10430,10430,1
2019-05-20,15:26:29.335000,10429,10430,10430,1
2019-05-20,15:26:37.885000,10429,10430,10430,1
2019-05-20,15:26:38.241000,10429,10430,10430,4
2019-05-20,15:26:44.878000,10429,10430,10429,10
2019-05-20,15:26:48.668000,10429,10430,10430,1
2019-05-20,15:27:12.080000,10429,10430,10430,1
2019-05-20,15:27:14.309000,10429,10430,10430,2
2019-05-20,15:27:15.786000,10429,10430,10429,1
2019-05-20,15:27:25.591000,10429,10430,10429,1
2019-05-20,15:27:26.085000,10429,10430,10430,1
2019-05-20,15:27:26.729000,10429,10430,10429,1
2019-05-20,15:27:28.804000,10429,10430,10429,2
2019-05-20,15:27:31.825000,10429,10430,10429,1
2019-05-20,15:27:38.186000,10429,10430,10429,1
2019-05-20,15:27:52.314000,10429,10430,10429,1
2019-05-20,15:28:05.871000,10429,10430,10429,1
2019-05-20,15:28:07.668000,10429,10430,10430,8
2019-05-20,15:28:07.703000,10429,10430,10430,8
2019-05-20,15:28:08.194000,10429,10430,10430,6
2019-05-20,15:28:08.194000,10429,10430,10431,2
2019-05-20,15:28:09.641000,10430,10431,10431,1
2019-05-20,15:28:20.801000,10430,10431,10431,1
2019-05-20,15:28:26.286000,10430,10431,10430,1
2019-05-20,15:28:36.733000,10430,10431,10431,2
2019-05-20,15:28:37.685000,10430,10431,10431,2
2019-05-20,15:28:38.492000,10430,10431,10431,1
2019-05-20,15:28:38.492000,10430,10431,10431,1
2019-05-20,15:28:38.492000,10430,10431,10431,3
2019-05-20,15:28:39.638000,10431,10432,10431,3
2019-05-20,15:28:56.948000,10431,10432,10432,1
2019-05-20,15:28:56.954000,10431,10432,10432,1
2019-05-20,15:28:58.288000,10431,10432,10432,1
2019-05-20,15:29:04.336000,10431,10432,10432,1
2019-05-20,15:29:05.683000,10431,10432,10432,5
2019-05-20,15:29:06.737000,10431,10432,10432,1
2019-05-20,15:29:34.078000,10431,10432,10431,1
2019-05-20,15:29:34.078000,10431,10432,10431,1
2019-05-20,15:29:34.079000,10431,10432,10431,1
2019-05-20,15:29:35.114000,10430,10431,10431,1
2019-05-20,15:29:50.541000,10430,10431,10431,1
2019-05-20,15:30:17.635000,10431,10432,10432,1
2019-05-20,15:30:17.636000,10431,10432,10432,1
2019-05-20,15:30:17.636000,10431,10432,10432,1
2019-05-20,15:30:18.443000,10432,10433,10432,1
2019-05-20,15:30:18.481000,10432,10433,10433,4
2019-05-20,15:30:19.066000,10432,10433,10433,1
2019-05-20,15:30:19.199000,10432,10433,10433,1
2019-05-20,15:30:19.342000,10432,10433,10432,1
2019-05-20,15:30:23.811000,10432,10433,10433,2
2019-05-20,15:30:23.828000,10432,10433,10433,4
2019-05-20,15:30:23.828000,10432,10433,10433,3
2019-05-20,15:30:23.828000,10432,10433,10433,1
2019-05-20,15:30:33.201000,10433,10434,10434,1
2019-05-20,15:30:33.262000,10433,10434,10434,1
2019-05-20,15:30:34.537000,10433,10434,10434,1
2019-05-20,15:30:34.708000,10433,10434,10434,1
2019-05-20,15:30:34.863000,10433,10434,10434,1
2019-05-20,15:30:38.822000,10433,10434,10433,1
2019-05-20,15:30:41.815000,10433,10434,10434,1
2019-05-20,15:30:42.089000,10433,10434,10434,2
2019-05-20,15:30:43.197000,10433,10434,10434,1
2019-05-20,15:30:47.972000,10433,10434,10434,1
2019-05-20,15:30:48.953000,10433,10434,10434,1
2019-05-20,15:30:50.701000,10433,10434,10434,2
2019-05-20,15:30:53.283000,10433,10434,10434,5
2019-05-20,15:30:54.478000,10433,10434,10434,1
2019-05-20,15:30:54.816000,10433,10434,10433,1
2019-05-20,15:31:00.493000,10433,10434,10433,1
2019-05-20,15:31:00.494000,10433,10434,10433,1
2019-05-20,15:31:00.494000,10433,10434,10433,1
2019-05-20,15:31:00.494000,10433,10434,10433,1
2019-05-20,15:31:00.494000,10433,10434,10433,1
2019-05-20,15:31:00.578000,10433,10434,10433,9
2019-05-20,15:31:08.569000,10432,10433,10432,2
2019-05-20,15:31:10.335000,10432,10433,10433,5
2019-05-20,15:31:10.378000,10432,10433,10432,2
2019-05-20,15:31:14.346000,10432,10433,10432,1
2019-05-20,15:31:19.719000,10432,10433,10432,1
2019-05-20,15:31:19.956000,10431,10432,10432,1
2019-05-20,15:31:20.103000,10431,10432,10432,1
2019-05-20,15:31:32.075000,10431,10432,10432,3
2019-05-20,15:31:45.933000,10431,10432,10432,3
2019-05-20,15:31:50.221000,10431,10432,10431,4
2019-05-20,15:31:50.328000,10431,10432,10431,10
2019-05-20,15:32:16.182000,10430,10431,10430,1
2019-05-20,15:32:23.839000,10430,10431,10430,7
2019-05-20,15:32:37.008000,10430,10431,10430,5
2019-05-20,15:32:38.586000,10430,10431,10430,1
2019-05-20,15:32:38.639000,10430,10431,10430,2
2019-05-20,15:32:40.509000,10430,10431,10430,1
2019-05-20,15:32:47.939000,10430,10431,10430,1
2019-05-20,15:32:49.039000,10430,10431,10430,2
2019-05-20,15:32:55.928000,10430,10431,10430,3
2019-05-20,15:32:58.731000,10430,10431,10430,1
2019-05-20,15:33:03.578000,10430,10431,10431,13
2019-05-20,15:33:03.657000,10430,10431,10431,1
2019-05-20,15:33:03.658000,10430,10431,10431,4
2019-05-20,15:33:03.658000,10430,10431,10431,2
2019-05-20,15:33:03.690000,10430,10431,10431,2
2019-05-20,15:33:03.696000,10430,10431,10431,3
2019-05-20,15:33:03.700000,10430,10431,10431,4
2019-05-20,15:33:03.700000,10430,10431,10431,2
2019-05-20,15:33:03.703000,10430,10431,10431,8
2019-05-20,15:33:03.703000,10430,10431,10431,10
2019-05-20,15:33:03.829000,10431,10432,10432,2
2019-05-20,15:33:08.427000,10432,10433,10433,1
2019-05-20,15:33:22.125000,10432,10433,10433,1
2019-05-20,15:33:27.136000,10432,10433,10433,1
2019-05-20,15:33:31.358000,10432,10433,10432,1
2019-05-20,15:33:31.359000,10432,10433,10432,1
2019-05-20,15:33:31.361000,10432,10433,10432,1
2019-05-20,15:33:31.361000,10432,10433,10432,6
2019-05-20,15:33:34.521000,10432,10433,10432,1
2019-05-20,15:33:37.869000,10431,10432,10432,1
2019-05-20,15:33:45.843000,10431,10432,10432,1
2019-05-20,15:33:58.053000,10431,10432,10432,1
2019-05-20,15:34:02.697000,10431,10432,10432,1
2019-05-20,15:34:02.844000,10431,10432,10431,9
2019-05-20,15:34:03.415000,10431,10432,10432,1
2019-05-20,15:34:42.682000,10431,10432,10432,1
2019-05-20,15:34:42.682000,10431,10432,10432,1
2019-05-20,15:34:42.683000,10431,10432,10432,1
2019-05-20,15:35:01.358000,10432,10433,10433,1
2019-05-20,15:35:01.358000,10432,10433,10433,15
2019-05-20,15:35:01.382000,10432,10433,10433,1
2019-05-20,15:35:01.775000,10433,10434,10434,1
2019-05-20,15:35:11.006000,10432,10433,10433,1
2019-05-20,15:35:15.541000,10432,10433,10433,3
2019-05-20,15:36:04.712000,10433,10434,10433,1
2019-05-20,15:36:04.712000,10433,10434,10433,18
2019-05-20,15:36:04.712000,10433,10434,10433,5
2019-05-20,15:36:04.714000,10433,10434,10433,2
2019-05-20,15:36:04.942000,10432,10433,10432,1
2019-05-20,15:36:08.131000,10432,10433,10432,1
2019-05-20,15:36:31.740000,10431,10432,10432,2
2019-05-20,15:36:41.104000,10432,10433,10432,4
2019-05-20,15:36:41.104000,10432,10433,10431,8
2019-05-20,15:36:52.350000,10431,10432,10432,1
2019-05-20,15:37:44.282000,10431,10432,10432,1
2019-05-20,15:37:57.654000,10431,10432,10432,1
2019-05-20,15:38:08.246000,10431,10432,10431,14
2019-05-20,15:38:10.109000,10430,10431,10430,4
2019-05-20,15:38:10.109000,10430,10431,10430,1
2019-05-20,15:38:10.147000,10430,10431,10430,2
2019-05-20,15:38:10.147000,10430,10431,10430,10
2019-05-20,15:38:14.274000,10429,10430,10429,1
2019-05-20,15:38:22.556000,10429,10430,10430,1
2019-05-20,15:38:37.400000,10429,10430,10430,2
2019-05-20,15:38:40.268000,10430,10431,10430,1
2019-05-20,15:39:02.137000,10429,10430,10430,1
2019-05-20,15:39:32.256000,10430,10431,10431,1
2019-05-20,15:39:44.774000,10431,10432,10432,2
2019-05-20,15:39:56.504000,10432,10433,10432,2
2019-05-20,15:40:00.150000,10432,10433,10432,1
2019-05-20,15:40:16.468000,10432,10433,10432,1
2019-05-20,15:40:16.919000,10432,10433,10432,1
2019-05-20,15:40:21.993000,10432,10433,10432,12
2019-05-20,15:40:29.975000,10432,10433,10432,1
2019-05-20,15:40:36.062000,10432,10433,10433,3
2019-05-20,15:40:44.291000,10432,10433,10433,1
2019-05-20,15:40:44.980000,10432,10433,10433,2
2019-05-20,15:41:10.310000,10433,10434,10433,1
2019-05-20,15:41:10.310000,10433,10434,10433,1
2019-05-20,15:41:11.865000,10432,10433,10433,2
2019-05-20,15:41:11.913000,10432,10433,10433,1
2019-05-20,15:41:37.157000,10433,10434,10433,1
2019-05-20,15:41:39.840000,10433,10434,10433,2
2019-05-20,15:41:40.590000,10432,10433,10433,2
2019-05-20,15:41:50.063000,10432,10433,10432,2
2019-05-20,15:41:50.063000,10432,10433,10432,1
2019-05-20,15:42:00.815000,10431,10432,10432,1
2019-05-20,15:42:07.237000,10431,10432,10431,1
2019-05-20,15:42:33.636000,10431,10432,10431,8
2019-05-20,15:42:35.954000,10430,10431,10431,2
2019-05-20,15:42:39.797000,10430,10431,10431,1
2019-05-20,15:42:39.828000,10430,10431,10431,1
2019-05-20,15:42:48.828000,10430,10431,10431,10
2019-05-20,15:42:53.837000,10430,10432,10430,1
2019-05-20,15:43:01.470000,10430,10431,10431,2
2019-05-20,15:43:48.386000,10430,10431,10430,1
2019-05-20,15:44:00.711000,10430,10431,10431,1
2019-05-20,15:44:06.806000,10430,10431,10430,1
2019-05-20,15:44:14.370000,10430,10431,10430,1
2019-05-20,15:44:22.166000,10430,10431,10430,2
2019-05-20,15:44:22.166000,10430,10431,10430,1
2019-05-20,15:44:34.574000,10429,10430,10430,1
2019-05-20,15:45:09.953000,10429,10430,10430,1
2019-05-20,15:45:10.078000,10429,10430,10430,1
2019-05-20,15:45:10.078000,10429,10430,10430,2
2019-05-20,15:45:10.078000,10429,10430,10430,3
2019-05-20,15:45:11.067000,10430,10431,10430,2
2019-05-20,15:45:38.527000,10430,10431,10430,1
2019-05-20,15:45:53.259000,10429,10430,10429,1
2019-05-20,15:45:55.745000,10429,10430,10429,1
2019-05-20,15:46:03.187000,10429,10430,10429,7
2019-05-20,15:46:04.587000,10429,10430,10429,1
2019-05-20,15:46:13.333000,10429,10430,10429,1
2019-05-20,15:46:13.333000,10429,10430,10429,1
2019-05-20,15:46:13.333000,10429,10430,10429,1
2019-05-20,15:46:13.334000,10429,10430,10429,2
2019-05-20,15:46:13.334000,10429,10430,10429,4
2019-05-20,15:46:31.281000,10429,10430,10429,1
2019-05-20,15:46:52.333000,10428,10429,10429,1
2019-05-20,15:47:06.581000,10428,10429,10428,2
2019-05-20,15:47:08.952000,10428,10429,10428,5
2019-05-20,15:47:16.400000,10428,10429,10428,1
2019-05-20,15:47:22.475000,10428,10429,10429,1
2019-05-20,15:48:23.569000,10428,10429,10429,2
2019-05-20,15:48:28.240000,10428,10429,10429,1
2019-05-20,15:48:35.521000,10428,10429,10428,7
2019-05-20,15:48:42.722000,10428,10429,10429,1
2019-05-20,15:48:43.711000,10428,10429,10429,10
2019-05-20,15:49:00.968000,10429,10430,10430,1
2019-05-20,15:49:56.147000,10429,10430,10430,1
2019-05-20,15:49:56.153000,10429,10430,10430,2
2019-05-20,15:49:56.154000,10429,10430,10430,3
2019-05-20,15:49:56.154000,10429,10430,10430,1
2019-05-20,15:50:09.619000,10430,10431,10431,1
2019-05-20,15:50:42.257000,10430,10431,10431,1
2019-05-20,15:50:52.787000,10430,10431,10431,1
2019-05-20,15:50:54.873000,10430,10432,10432,1
2019-05-20,15:51:15.674000,10431,10432,10432,2
2019-05-20,15:51:15.696000,10431,10432,10432,1
2019-05-20,15:51:15.854000,10432,10433,10432,1
2019-05-20,15:51:19.587000,10432,10433,10433,1
2019-05-20,15:51:25.471000,10432,10433,10433,5
2019-05-20,15:51:32.200000,10432,10433,10433,3
2019-05-20,15:51:36.422000,10432,10433,10433,1
2019-05-20,15:51:37.608000,10432,10433,10432,1
2019-05-20,15:51:43.686000,10432,10433,10432,1
2019-05-20,15:51:54.055000,10432,10433,10433,1
2019-05-20,15:51:59.448000,10432,10433,10432,6
2019-05-20,15:52:02.542000,10431,10433,10432,1
2019-05-20,15:52:07.922000,10432,10433,10432,1
2019-05-20,15:52:46.814000,10432,10433,10432,1
2019-05-20,15:53:48.119000,10432,10433,10433,2
2019-05-20,15:53:55.699000,10432,10433,10433,1
2019-05-20,15:53:58.978000,10432,10433,10433,2
2019-05-20,15:53:59.287000,10433,10434,10433,1
2019-05-20,15:54:06.626000,10433,10434,10434,2
2019-05-20,15:54:06.656000,10433,10434,10434,2
2019-05-20,15:54:06.666000,10433,10434,10434,2
2019-05-20,15:54:11.008000,10433,10434,10434,3
2019-05-20,15:54:14.332000,10433,10434,10434,1
2019-05-20,15:54:16.877000,10433,10434,10434,3
2019-05-20,15:54:22.177000,10433,10434,10434,1
2019-05-20,15:54:22.288000,10433,10434,10434,1
2019-05-20,15:54:22.445000,10433,10434,10434,1
2019-05-20,15:54:28.097000,10433,10434,10434,1
2019-05-20,15:54:48.215000,10433,10434,10434,1
2019-05-20,15:54:55.007000,10433,10434,10434,1
2019-05-20,15:54:56.145000,10433,10434,10434,1
2019-05-20,15:55:02.144000,10433,10434,10434,1
2019-05-20,15:55:04.034000,10433,10435,10433,6
2019-05-20,15:55:12.684000,10433,10434,10433,1
2019-05-20,15:55:21.197000,10433,10434,10433,2
2019-05-20,15:55:26.912000,10433,10434,10433,1
2019-05-20,15:55:28.332000,10433,10434,10433,2
2019-05-20,15:55:30.035000,10432,10433,10433,1
2019-05-20,15:55:41.632000,10432,10433,10433,1
2019-05-20,15:56:02.250000,10433,10434,10434,8
2019-05-20,15:56:03.392000,10433,10434,10433,1
2019-05-20,15:56:20.828000,10433,10434,10434,1
2019-05-20,15:56:20.828000,10433,10434,10434,2
2019-05-20,15:56:21.528000,10434,10435,10434,1
2019-05-20,15:56:27.641000,10434,10435,10435,1
2019-05-20,15:56:27.844000,10434,10435,10435,1
2019-05-20,15:56:32.531000,10434,10435,10435,2
2019-05-20,15:56:47.921000,10434,10435,10434,4
2019-05-20,15:56:47.921000,10434,10435,10433,1
2019-05-20,15:57:01.813000,10434,10435,10434,1
2019-05-20,15:57:02.366000,10433,10434,10434,1
2019-05-20,15:57:21.115000,10434,10435,10434,12
2019-05-20,15:57:21.306000,10434,10435,10435,7
2019-05-20,15:57:57.311000,10434,10435,10435,1
2019-05-20,15:58:02.514000,10434,10435,10434,2
2019-05-20,15:58:12.234000,10434,10435,10434,1
2019-05-20,15:58:15.589000,10434,10435,10435,2
2019-05-20,15:58:17.176000,10434,10435,10434,3
2019-05-20,15:58:23.003000,10434,10435,10434,5
2019-05-20,15:59:18.588000,10434,10435,10434,2
2019-05-20,15:59:39.647000,10434,10435,10434,2
2019-05-20,15:59:39.647000,10434,10435,10434,1
2019-05-20,15:59:39.703000,10434,10435,10434,1
2019-05-20,15:59:50.640000,10433,10434,10433,1
2019-05-20,15:59:52.881000,10433,10434,10433,5
2019-05-20,15:59:55.627000,10432,10433,10433,3
2019-05-20,15:59:56.091000,10432,10434,10432,2
2019-05-20,15:59:58.424000,10432,10433,10433,1
2019-05-20,16:00:00.056000,10432,10434,10434,4
2019-05-20,16:00:31.712000,10433,10434,10433,1
2019-05-20,16:00:32.591000,10433,10434,10433,1
2019-05-20,16:00:34.116000,10432,10433,10433,1
2019-05-20,16:00:42.740000,10432,10433,10433,1
2019-05-20,16:00:53.849000,10432,10433,10432,4
2019-05-20,16:01:02.800000,10432,10433,10433,6
2019-05-20,16:01:12.794000,10433,10434,10433,1
2019-05-20,16:01:33.676000,10433,10434,10433,1
2019-05-20,16:01:40.371000,10433,10434,10433,1
2019-05-20,16:01:44.453000,10433,10434,10434,1
2019-05-20,16:01:44.453000,10433,10434,10434,3
2019-05-20,16:01:44.454000,10433,10434,10434,1
2019-05-20,16:01:44.454000,10433,10434,10434,1
2019-05-20,16:02:01.945000,10433,10435,10435,4
2019-05-20,16:02:06.200000,10433,10435,10435,1
2019-05-20,16:02:13.167000,10434,10435,10434,1
2019-05-20,16:02:15.284000,10433,10434,10434,1
2019-05-20,16:02:23.353000,10433,10435,10435,1
2019-05-20,16:02:44.837000,10433,10434,10434,1
2019-05-20,16:02:50.202000,10433,10434,10433,5
2019-05-20,16:02:50.203000,10433,10434,10433,2
2019-05-20,16:02:53.432000,10432,10433,10433,2
2019-05-20,16:02:56.001000,10432,10433,10433,1
2019-05-20,16:03:03.268000,10433,10434,10434,1
2019-05-20,16:03:05.732000,10433,10435,10433,1
2019-05-20,16:03:38.257000,10434,10435,10434,2
2019-05-20,16:03:47.791000,10434,10435,10434,4
2019-05-20,16:03:56.216000,10434,10435,10434,1
2019-05-20,16:04:03.126000,10434,10435,10435,10
2019-05-20,16:04:03.318000,10434,10435,10435,2
2019-05-20,16:04:07.610000,10434,10435,10435,6
2019-05-20,16:04:35.252000,10435,10436,10435,1
2019-05-20,16:04:46.790000,10435,10436,10435,2
2019-05-20,16:04:49.800000,10434,10435,10435,1
2019-05-20,16:04:57.476000,10434,10435,10435,2
2019-05-20,16:04:58.104000,10434,10435,10435,1
2019-05-20,16:05:02.234000,10434,10435,10435,3
2019-05-20,16:05:11.488000,10434,10435,10435,2
2019-05-20,16:05:22.978000,10434,10435,10435,3
2019-05-20,16:05:23.217000,10435,10436,10435,1
2019-05-20,16:05:38.646000,10435,10436,10435,1
2019-05-20,16:05:39.377000,10435,10436,10435,1
2019-05-20,16:05:49.851000,10434,10435,10435,1
2019-05-20,16:06:02.377000,10434,10435,10434,5
2019-05-20,16:06:20.745000,10434,10435,10435,1
2019-05-20,16:06:22.707000,10434,10435,10435,1
2019-05-20,16:06:22.707000,10434,10435,10435,1
2019-05-20,16:06:22.708000,10434,10435,10435,1
2019-05-20,16:06:22.708000,10434,10435,10435,1
2019-05-20,16:06:22.714000,10434,10435,10435,1
2019-05-20,16:06:30.237000,10435,10436,10435,1
2019-05-20,16:06:51.151000,10435,10436,10435,1
2019-05-20,16:06:54.282000,10435,10436,10435,1
2019-05-20,16:07:02.453000,10435,10436,10436,6
2019-05-20,16:07:03.329000,10435,10436,10436,1
2019-05-20,16:07:10.203000,10435,10436,10436,6
2019-05-20,16:07:10.573000,10436,10437,10436,1
2019-05-20,16:07:15.660000,10436,10437,10436,1
2019-05-20,16:07:22.834000,10436,10437,10437,10
2019-05-20,16:07:22.978000,10436,10437,10437,1
2019-05-20,16:07:22.980000,10436,10437,10437,1
2019-05-20,16:07:24.644000,10436,10437,10437,2
2019-05-20,16:07:24.884000,10437,10438,10437,1
2019-05-20,16:07:25.978000,10437,10438,10438,2
2019-05-20,16:07:26.124000,10437,10438,10438,5
2019-05-20,16:07:27.854000,10437,10438,10438,10
2019-05-20,16:07:27.953000,10437,10438,10438,1
2019-05-20,16:07:29.038000,10437,10438,10438,1
2019-05-20,16:07:31.757000,10437,10438,10438,1
2019-05-20,16:07:36.373000,10437,10438,10438,2
2019-05-20,16:07:39.784000,10437,10438,10438,1
2019-05-20,16:07:42.907000,10437,10438,10438,1
2019-05-20,16:07:43.015000,10437,10438,10438,1
2019-05-20,16:07:48.898000,10437,10438,10438,1
2019-05-20,16:07:53.629000,10437,10438,10438,2
2019-05-20,16:07:54.290000,10437,10438,10438,5
2019-05-20,16:08:01.954000,10438,10439,10439,3
2019-05-20,16:08:04.926000,10438,10439,10439,1
2019-05-20,16:08:06.860000,10438,10439,10439,5
2019-05-20,16:08:09.655000,10438,10439,10439,1
2019-05-20,16:08:11.831000,10438,10439,10438,1
2019-05-20,16:08:20.018000,10438,10439,10438,1
2019-05-20,16:08:28.534000,10438,10439,10439,1
2019-05-20,16:08:31.068000,10438,10439,10438,1
2019-05-20,16:08:34.978000,10438,10439,10439,1
2019-05-20,16:08:35.810000,10438,10439,10439,4
2019-05-20,16:08:41.311000,10438,10439,10439,1
2019-05-20,16:08:45.805000,10438,10439,10439,12
2019-05-20,16:08:45.828000,10438,10439,10439,3
2019-05-20,16:08:45.828000,10438,10439,10439,1
2019-05-20,16:08:50.049000,10439,10440,10439,1
2019-05-20,16:09:02.963000,10439,10440,10440,1
2019-05-20,16:09:03.111000,10439,10440,10440,10
2019-05-20,16:09:03.112000,10439,10440,10440,2
2019-05-20,16:09:03.177000,10439,10440,10440,1
2019-05-20,16:09:09.818000,10439,10440,10439,1
2019-05-20,16:09:18.928000,10439,10440,10439,1
2019-05-20,16:09:20.171000,10439,10440,10439,1
2019-05-20,16:09:25.991000,10439,10440,10439,1
2019-05-20,16:09:27.176000,10439,10440,10440,1
2019-05-20,16:09:32.153000,10439,10440,10439,1
2019-05-20,16:09:32.221000,10439,10440,10440,1
2019-05-20,16:09:32.813000,10439,10440,10440,1
2019-05-20,16:09:35.199000,10439,10440,10439,1
2019-05-20,16:09:35.560000,10439,10440,10440,1
2019-05-20,16:09:36.088000,10439,10440,10440,1
2019-05-20,16:09:40.953000,10439,10440,10440,1
2019-05-20,16:09:41.531000,10439,10440,10440,1
2019-05-20,16:09:42.401000,10439,10440,10440,14
2019-05-20,16:09:42.523000,10439,10441,10441,1
2019-05-20,16:09:43.574000,10440,10441,10440,1
2019-05-20,16:09:46.422000,10440,10441,10441,1
2019-05-20,16:09:46.422000,10440,10441,10441,4
2019-05-20,16:09:46.422000,10440,10441,10441,1
2019-05-20,16:09:46.422000,10440,10441,10441,1
2019-05-20,16:09:46.422000,10440,10441,10441,1
2019-05-20,16:09:46.422000,10440,10441,10441,10
2019-05-20,16:09:47.598000,10441,10442,10441,1
2019-05-20,16:09:50.264000,10441,10442,10442,2
2019-05-20,16:09:50.307000,10441,10442,10442,2
2019-05-20,16:09:50.328000,10441,10442,10442,3
2019-05-20,16:09:50.328000,10441,10442,10442,6
2019-05-20,16:09:50.378000,10441,10442,10443,2
2019-05-20,16:09:50.479000,10442,10443,10443,1
2019-05-20,16:09:51.009000,10442,10443,10443,1
2019-05-20,16:09:51.623000,10442,10443,10443,1
2019-05-20,16:09:52.674000,10442,10443,10443,1
2019-05-20,16:09:52.975000,10442,10443,10443,2
2019-05-20,16:09:53.842000,10442,10443,10443,1
2019-05-20,16:09:54.007000,10442,10443,10442,2
2019-05-20,16:09:55.679000,10442,10443,10442,1
2019-05-20,16:09:56.103000,10442,10443,10443,5
2019-05-20,16:09:57.873000,10442,10443,10443,1
2019-05-20,16:09:57.988000,10442,10443,10443,1
2019-05-20,16:09:59.458000,10442,10443,10443,1
2019-05-20,16:10:01.210000,10442,10443,10443,3
2019-05-20,16:10:01.622000,10442,10443,10443,1
2019-05-20,16:10:01.628000,10442,10443,10443,2
2019-05-20,16:10:02.290000,10442,10443,10443,1
2019-05-20,16:10:02.825000,10442,10443,10443,2
2019-05-20,16:10:03.878000,10442,10443,10443,2
2019-05-20,16:10:04.740000,10442,10443,10443,1
2019-05-20,16:10:04.849000,10442,10443,10443,1
2019-05-20,16:10:11.837000,10442,10443,10443,2
2019-05-20,16:10:13.773000,10442,10443,10443,1
2019-05-20,16:10:14.032000,10442,10443,10443,1
2019-05-20,16:10:15.122000,10442,10443,10442,1
2019-05-20,16:10:19.172000,10442,10443,10443,7
2019-05-20,16:10:20.404000,10442,10443,10443,3
2019-05-20,16:10:21.273000,10442,10443,10443,1
2019-05-20,16:10:22.831000,10442,10443,10442,11
2019-05-20,16:10:23.075000,10441,10443,10442,10
2019-05-20,16:10:23.162000,10441,10442,10442,1
2019-05-20,16:10:23.476000,10441,10442,10442,1
2019-05-20,16:10:27.237000,10441,10442,10442,1
2019-05-20,16:10:27.238000,10441,10442,10442,1
2019-05-20,16:10:32.363000,10441,10442,10442,1
2019-05-20,16:10:34.232000,10441,10442,10442,1
2019-05-20,16:10:36.887000,10441,10442,10442,1
2019-05-20,16:10:42.798000,10441,10442,10442,1
2019-05-20,16:10:44.954000,10441,10442,10442,1
2019-05-20,16:10:46.129000,10441,10442,10442,1
2019-05-20,16:10:58.578000,10441,10442,10441,23
2019-05-20,16:11:06.913000,10440,10441,10440,7
2019-05-20,16:11:06.953000,10440,10441,10440,6
2019-05-20,16:11:11.371000,10439,10440,10440,1
2019-05-20,16:11:16.367000,10439,10440,10439,2
2019-05-20,16:11:18.474000,10439,10440,10440,1
2019-05-20,16:11:20.754000,10439,10440,10439,5
2019-05-20,16:11:23.666000,10439,10440,10439,1
2019-05-20,16:11:23.667000,10439,10440,10439,4
2019-05-20,16:11:23.667000,10439,10440,10439,4
2019-05-20,16:11:23.667000,10439,10440,10439,2
2019-05-20,16:11:31.203000,10438,10439,10439,2
2019-05-20,16:11:31.203000,10438,10439,10440,1
2019-05-20,16:11:32.091000,10439,10440,10439,1
2019-05-20,16:11:32.091000,10439,10440,10438,1
2019-05-20,16:11:32.118000,10439,10440,10440,1
2019-05-20,16:11:32.421000,10438,10440,10439,1
2019-05-20,16:11:32.733000,10439,10440,10439,1
2019-05-20,16:11:42.114000,10439,10440,10439,1
2019-05-20,16:11:42.640000,10439,10440,10439,1
2019-05-20,16:11:43.979000,10439,10440,10439,1
2019-05-20,16:11:46.040000,10439,10440,10439,1
2019-05-20,16:11:56.328000,10439,10440,10440,7
2019-05-20,16:12:12.354000,10440,10441,10441,1
2019-05-20,16:12:16.806000,10440,10441,10441,4
2019-05-20,16:12:16.828000,10440,10441,10441,1
2019-05-20,16:12:19.920000,10441,10442,10441,1
2019-05-20,16:12:31.667000,10441,10442,10441,1
2019-05-20,16:12:32.424000,10441,10442,10442,1
2019-05-20,16:12:33.131000,10441,10442,10441,1
2019-05-20,16:12:33.369000,10441,10442,10442,1
2019-05-20,16:12:44.616000,10441,10442,10441,1
2019-05-20,16:12:51.633000,10441,10442,10441,1
2019-05-20,16:12:54.703000,10441,10442,10441,7
2019-05-20,16:12:54.828000,10441,10442,10441,4
2019-05-20,16:12:54.828000,10441,10442,10441,4
2019-05-20,16:12:54.828000,10441,10442,10441,1
2019-05-20,16:13:00.328000,10440,10441,10440,1
2019-05-20,16:13:39.298000,10440,10441,10440,1
2019-05-20,16:13:50.890000,10440,10441,10441,1
2019-05-20,16:14:01.411000,10440,10441,10440,2
2019-05-20,16:14:39.569000,10440,10441,10441,1
2019-05-20,16:14:43.014000,10440,10441,10441,4
2019-05-20,16:14:46.512000,10440,10441,10441,7
2019-05-20,16:15:00.020000,10441,10442,10441,2
2019-05-20,16:15:01.954000,10441,10442,10441,1
2019-05-20,16:15:04.671000,10441,10442,10442,6
2019-05-20,16:15:04.868000,10441,10442,10442,2
2019-05-20,16:15:06.911000,10441,10442,10442,2
2019-05-20,16:15:12.043000,10441,10442,10442,1
2019-05-20,16:15:12.126000,10441,10442,10442,6
2019-05-20,16:15:12.228000,10441,10442,10442,1
2019-05-20,16:15:18.522000,10441,10442,10442,3
2019-05-20,16:15:24.648000,10441,10442,10442,1
2019-05-20,16:15:24.972000,10441,10442,10442,1
2019-05-20,16:15:25.513000,10441,10442,10442,1
2019-05-20,16:15:26.726000,10441,10442,10442,6
2019-05-20,16:15:26.726000,10441,10442,10442,2
2019-05-20,16:15:26.726000,10441,10442,10442,2
2019-05-20,16:15:27.937000,10442,10443,10443,1
2019-05-20,16:15:28.596000,10442,10443,10443,1
2019-05-20,16:15:36.078000,10442,10443,10443,6
2019-05-20,16:15:36.078000,10442,10443,10443,2
2019-05-20,16:15:39.873000,10443,10444,10443,1
2019-05-20,16:15:42.418000,10443,10444,10444,1
2019-05-20,16:15:42.497000,10443,10444,10444,5
2019-05-20,16:15:42.497000,10443,10444,10444,5
2019-05-20,16:15:42.500000,10443,10444,10444,2
2019-05-20,16:15:42.524000,10443,10444,10444,1
2019-05-20,16:15:42.726000,10443,10444,10444,2
2019-05-20,16:15:45.196000,10443,10444,10444,1
2019-05-20,16:15:55.210000,10443,10444,10444,1
2019-05-20,16:15:56.862000,10443,10444,10444,1
2019-05-20,16:15:59.090000,10443,10444,10444,1
2019-05-20,16:16:02.823000,10443,10444,10444,1
2019-05-20,16:16:08.827000,10443,10444,10444,6
2019-05-20,16:16:08.890000,10443,10444,10444,1
2019-05-20,16:16:08.979000,10443,10444,10443,5
2019-05-20,16:16:12.786000,10443,10444,10443,1
2019-05-20,16:16:16.032000,10443,10444,10443,2
2019-05-20,16:16:18.233000,10443,10444,10444,1
2019-05-20,16:16:18.891000,10443,10444,10444,10
2019-05-20,16:16:20.201000,10443,10444,10444,3
2019-05-20,16:16:21.833000,10443,10444,10444,2
2019-05-20,16:16:21.840000,10443,10444,10444,3
2019-05-20,16:16:25.203000,10444,10445,10444,1
2019-05-20,16:16:25.996000,10444,10445,10445,1
2019-05-20,16:16:26.029000,10444,10445,10445,1
2019-05-20,16:16:26.104000,10444,10445,10445,12
2019-05-20,16:16:26.135000,10444,10445,10445,5
2019-05-20,16:16:26.253000,10444,10445,10445,1
2019-05-20,16:16:26.405000,10444,10445,10445,1
2019-05-20,16:16:26.555000,10444,10445,10445,1
2019-05-20,16:16:31.222000,10444,10445,10445,1
2019-05-20,16:16:31.338000,10444,10445,10444,1
2019-05-20,16:16:32.205000,10444,10445,10444,1
2019-05-20,16:16:33.909000,10444,10445,10445,1
2019-05-20,16:16:36.282000,10444,10445,10445,1
2019-05-20,16:16:37.065000,10444,10445,10445,1
2019-05-20,16:16:38.416000,10444,10445,10445,1
2019-05-20,16:16:38.549000,10444,10445,10444,1
2019-05-20,16:16:39.007000,10444,10445,10444,1
2019-05-20,16:16:44.535000,10444,10445,10444,1
2019-05-20,16:16:48.054000,10444,10445,10445,2
2019-05-20,16:16:50.059000,10444,10445,10444,1
2019-05-20,16:16:54.163000,10444,10445,10444,1
2019-05-20,16:16:58.938000,10444,10445,10444,1
2019-05-20,16:17:01.117000,10444,10445,10444,2
2019-05-20,16:17:01.297000,10443,10444,10444,1
2019-05-20,16:17:03.958000,10443,10444,10444,1
2019-05-20,16:17:05.249000,10443,10444,10444,1
2019-05-20,16:17:10.203000,10443,10444,10444,1
2019-05-20,16:17:11.601000,10444,10445,10444,1
2019-05-20,16:17:13.571000,10444,10445,10444,5
2019-05-20,16:17:14.479000,10443,10444,10444,1
2019-05-20,16:17:18.538000,10443,10444,10444,1
2019-05-20,16:17:20.613000,10443,10444,10444,1
2019-05-20,16:17:27.909000,10443,10444,10443,1
2019-05-20,16:17:27.953000,10443,10444,10443,5
2019-05-20,16:17:30.976000,10443,10444,10444,1
2019-05-20,16:17:39.812000,10443,10444,10444,1
2019-05-20,16:17:49.545000,10443,10444,10443,1
2019-05-20,16:17:51.148000,10443,10444,10444,1
2019-05-20,16:17:56.950000,10443,10444,10444,1
2019-05-20,16:17:58.168000,10443,10444,10444,1
2019-05-20,16:18:02.642000,10443,10444,10443,5
2019-05-20,16:18:11.473000,10443,10444,10444,2
2019-05-20,16:18:14.897000,10443,10444,10444,1
2019-05-20,16:18:15.251000,10443,10444,10444,1
2019-05-20,16:18:15.695000,10443,10444,10444,1
2019-05-20,16:18:31.904000,10443,10444,10443,1
2019-05-20,16:18:40.112000,10443,10444,10443,1
2019-05-20,16:18:46.659000,10443,10444,10443,4
2019-05-20,16:18:46.660000,10443,10444,10443,2
2019-05-20,16:18:51.010000,10442,10443,10443,1
2019-05-20,16:18:53.982000,10442,10443,10443,3
2019-05-20,16:19:07.217000,10442,10443,10442,12
2019-05-20,16:19:07.596000,10442,10443,10442,2
2019-05-20,16:19:10.436000,10442,10443,10442,1
2019-05-20,16:19:13.021000,10442,10443,10442,12
2019-05-20,16:19:13.398000,10442,10443,10442,1
2019-05-20,16:19:13.630000,10442,10443,10442,1
2019-05-20,16:19:15.439000,10442,10443,10442,1
2019-05-20,16:19:19.792000,10442,10443,10442,4
2019-05-20,16:19:20.147000,10441,10442,10442,1
2019-05-20,16:19:24.339000,10441,10442,10442,1
2019-05-20,16:19:24.339000,10441,10442,10442,1
2019-05-20,16:19:24.340000,10441,10442,10442,3
2019-05-20,16:19:24.340000,10441,10442,10442,1
2019-05-20,16:19:24.340000,10441,10442,10442,1
2019-05-20,16:19:24.340000,10441,10442,10442,2
2019-05-20,16:19:28.360000,10442,10443,10442,12
2019-05-20,16:19:38.494000,10442,10443,10442,1
2019-05-20,16:20:02.256000,10442,10443,10443,2
2019-05-20,16:20:02.328000,10442,10443,10443,2
2019-05-20,16:20:02.851000,10443,10444,10444,5
2019-05-20,16:20:02.909000,10443,10444,10444,4
2019-05-20,16:20:02.937000,10443,10444,10444,4
2019-05-20,16:20:18.015000,10443,10444,10443,10
2019-05-20,16:20:27.913000,10442,10443,10442,2
2019-05-20,16:20:27.913000,10442,10443,10442,7
2019-05-20,16:20:27.950000,10442,10443,10442,2
2019-05-20,16:20:27.950000,10442,10443,10442,3
2019-05-20,16:20:27.950000,10442,10443,10442,2
2019-05-20,16:20:27.950000,10442,10443,10442,1
2019-05-20,16:20:27.950000,10442,10443,10442,1
2019-05-20,16:20:28.424000,10441,10442,10442,2
2019-05-20,16:20:34.949000,10441,10442,10442,1
2019-05-20,16:20:45.335000,10442,10443,10442,1
2019-05-20,16:20:54.075000,10441,10443,10441,1
2019-05-20,16:20:58.111000,10441,10442,10441,2
2019-05-20,16:21:02.965000,10441,10442,10442,3
2019-05-20,16:21:26.530000,10441,10442,10441,4
2019-05-20,16:21:31.425000,10441,10442,10441,10
2019-05-20,16:21:53.227000,10441,10442,10441,1
2019-05-20,16:21:53.590000,10441,10442,10441,1
2019-05-20,16:21:53.590000,10441,10442,10441,5
2019-05-20,16:21:53.590000,10441,10442,10441,1
2019-05-20,16:21:53.590000,10441,10442,10441,1
2019-05-20,16:21:53.590000,10441,10442,10441,1
2019-05-20,16:21:53.590000,10441,10442,10441,2
2019-05-20,16:21:53.590000,10441,10442,10441,2
2019-05-20,16:21:53.590000,10441,10442,10441,2
2019-05-20,16:22:12.837000,10441,10442,10441,1
2019-05-20,16:22:38.053000,10440,10441,10440,5
2019-05-20,16:22:52.725000,10440,10441,10440,1
2019-05-20,16:22:52.757000,10440,10441,10441,1
2019-05-20,16:22:54.251000,10440,10441,10441,1
2019-05-20,16:23:06.749000,10440,10441,10440,4
2019-05-20,16:23:08.717000,10440,10441,10441,4
2019-05-20,16:23:08.793000,10440,10441,10441,1
2019-05-20,16:23:11.585000,10440,10442,10440,1
2019-05-20,16:23:12.384000,10440,10441,10441,3
2019-05-20,16:23:30.782000,10440,10441,10441,1
2019-05-20,16:23:31.574000,10440,10441,10440,1
2019-05-20,16:23:33.489000,10440,10441,10440,1
2019-05-20,16:23:37.492000,10440,10441,10440,30
2019-05-20,16:23:45.074000,10440,10441,10441,1
2019-05-20,16:23:45.076000,10440,10441,10441,1
2019-05-20,16:23:45.076000,10440,10441,10441,1
2019-05-20,16:23:45.588000,10441,10442,10441,1
2019-05-20,16:23:55.987000,10441,10442,10441,2
2019-05-20,16:23:55.988000,10441,10442,10441,1
2019-05-20,16:24:13.842000,10440,10441,10440,1
2019-05-20,16:24:31.223000,10440,10441,10441,1
2019-05-20,16:24:43.978000,10440,10441,10440,1
2019-05-20,16:24:59.167000,10439,10440,10439,16
2019-05-20,16:25:01.314000,10439,10440,10440,1
2019-05-20,16:25:12.448000,10439,10440,10440,1
2019-05-20,16:25:47.078000,10439,10440,10439,20
2019-05-20,16:25:47.140000,10439,10440,10439,1
2019-05-20,16:25:47.140000,10439,10440,10439,1
2019-05-20,16:25:47.140000,10439,10440,10439,1
2019-05-20,16:26:03.933000,10438,10439,10439,1
2019-05-20,16:26:06.274000,10438,10439,10438,4
2019-05-20,16:26:06.457000,10438,10439,10438,1
2019-05-20,16:26:06.481000,10438,10439,10438,1
2019-05-20,16:26:09.031000,10438,10439,10438,1
2019-05-20,16:26:10.930000,10438,10439,10439,1
2019-05-20,16:26:18.203000,10438,10439,10439,1
2019-05-20,16:26:58.974000,10438,10439,10439,1
2019-05-20,16:27:02.566000,10438,10439,10439,1
2019-05-20,16:27:02.755000,10438,10439,10439,1
2019-05-20,16:27:18.662000,10438,10439,10439,1
2019-05-20,16:27:35.387000,10438,10439,10439,1
2019-05-20,16:27:43.513000,10438,10439,10438,1
2019-05-20,16:27:49.151000,10438,10439,10438,1
2019-05-20,16:27:54.268000,10438,10439,10439,1
2019-05-20,16:28:00.303000,10438,10439,10439,1
2019-05-20,16:28:02.321000,10438,10439,10438,1
2019-05-20,16:28:02.717000,10438,10439,10439,1
2019-05-20,16:28:08.663000,10438,10439,10439,1
2019-05-20,16:28:09.519000,10438,10439,10439,4
2019-05-20,16:28:09.578000,10438,10439,10439,19
2019-05-20,16:28:28.404000,10439,10440,10440,1
2019-05-20,16:29:00.508000,10439,10440,10440,2
2019-05-20,16:29:24.584000,10439,10440,10440,1
2019-05-20,16:29:24.985000,10439,10440,10439,10
2019-05-20,16:29:28.381000,10439,10440,10439,2
2019-05-20,16:29:30.227000,10438,10439,10439,4
2019-05-20,16:29:34.334000,10439,10440,10439,4
2019-05-20,16:29:36.282000,10438,10439,10438,5
2019-05-20,16:29:37.923000,10438,10439,10439,2
2019-05-20,16:29:44.171000,10438,10439,10439,2
2019-05-20,16:29:45.071000,10438,10439,10438,2
2019-05-20,16:29:45.072000,10438,10439,10438,5
2019-05-20,16:29:45.074000,10438,10439,10438,8
2019-05-20,16:29:45.078000,10438,10439,10438,11
2019-05-20,16:29:50.416000,10437,10438,10437,1
2019-05-20,16:29:50.706000,10437,10438,10437,1
2019-05-20,16:29:50.719000,10437,10438,10438,1
2019-05-20,16:29:50.987000,10437,10438,10438,1
2019-05-20,16:29:56.537000,10437,10438,10437,1
2019-05-20,16:29:56.865000,10437,10438,10437,1
2019-05-20,16:30:00.145000,10437,10438,10438,1
2019-05-20,16:30:00.145000,10437,10438,10437,1
2019-05-20,16:30:03.026000,10437,10438,10437,1
2019-05-20,16:30:06.741000,10437,10438,10437,1
2019-05-20,16:30:08.397000,10437,10438,10438,1
2019-05-20,16:30:09.297000,10437,10438,10437,1
2019-05-20,16:30:14.228000,10437,10438,10438,2
2019-05-20,16:30:14.228000,10437,10438,10438,3
2019-05-20,16:30:17.152000,10438,10439,10438,1
2019-05-20,16:30:17.581000,10438,10439,10439,1
2019-05-20,16:31:03.794000,10439,10440,10439,1
2019-05-20,16:31:09.601000,10439,10440,10439,1
2019-05-20,16:31:11.031000,10439,10440,10440,1
2019-05-20,16:31:42.680000,10439,10440,10440,1
2019-05-20,16:31:42.895000,10439,10440,10440,1
2019-05-20,16:31:46.745000,10439,10440,10439,5
2019-05-20,16:31:46.745000,10439,10440,10439,1
2019-05-20,16:31:59.586000,10438,10439,10438,1
2019-05-20,16:31:59.603000,10438,10439,10439,1
2019-05-20,16:32:33.495000,10438,10439,10438,1
2019-05-20,16:32:36.486000,10438,10439,10439,3
2019-05-20,16:32:54.704000,10438,10439,10438,10
2019-05-20,16:33:07.547000,10438,10439,10438,10
2019-05-20,16:33:14.892000,10438,10439,10438,1
2019-05-20,16:33:22.273000,10438,10439,10438,1
2019-05-20,16:33:40.691000,10438,10439,10438,1
2019-05-20,16:33:41.330000,10437,10438,10438,2
2019-05-20,16:33:56.881000,10437,10438,10437,2
2019-05-20,16:33:56.883000,10437,10438,10437,7
2019-05-20,16:33:56.953000,10437,10438,10437,1
2019-05-20,16:33:56.953000,10437,10438,10437,1
2019-05-20,16:33:56.954000,10437,10438,10437,1
2019-05-20,16:33:56.954000,10437,10438,10437,2
2019-05-20,16:34:02.386000,10436,10437,10436,10
2019-05-20,16:34:02.574000,10436,10437,10436,8
2019-05-20,16:34:15.506000,10436,10437,10436,2
2019-05-20,16:34:15.871000,10436,10437,10436,6
2019-05-20,16:34:16.024000,10435,10436,10435,6
2019-05-20,16:34:16.128000,10435,10436,10435,1
2019-05-20,16:34:20.158000,10435,10436,10435,3
2019-05-20,16:34:20.470000,10435,10436,10435,7
2019-05-20,16:34:24.014000,10435,10436,10435,1
2019-05-20,16:34:25.418000,10435,10436,10435,1
2019-05-20,16:34:28.643000,10435,10436,10435,1
2019-05-20,16:34:30.084000,10435,10436,10435,2
2019-05-20,16:34:38.343000,10435,10436,10435,1
2019-05-20,16:34:40.079000,10435,10436,10435,2
2019-05-20,16:34:40.836000,10435,10436,10435,3
2019-05-20,16:34:48.414000,10435,10436,10435,1
2019-05-20,16:34:55.361000,10435,10436,10435,2
2019-05-20,16:34:58.550000,10435,10436,10436,1
2019-05-20,16:35:04.954000,10435,10436,10435,1
2019-05-20,16:35:06.615000,10435,10436,10435,2
2019-05-20,16:35:13.402000,10435,10436,10435,1
2019-05-20,16:35:37.785000,10435,10436,10436,2
2019-05-20,16:35:37.788000,10435,10436,10436,2
2019-05-20,16:35:37.788000,10435,10436,10436,3
2019-05-20,16:35:37.788000,10435,10436,10436,3
2019-05-20,16:35:43.813000,10436,10437,10437,3
2019-05-20,16:35:45.035000,10436,10437,10437,2
2019-05-20,16:35:45.785000,10436,10437,10436,2
2019-05-20,16:35:46.075000,10436,10437,10437,2
2019-05-20,16:35:46.527000,10436,10437,10437,1
2019-05-20,16:36:01.059000,10436,10437,10436,1
2019-05-20,16:36:01.199000,10436,10437,10437,1
2019-05-20,16:36:02.909000,10436,10437,10436,1
2019-05-20,16:36:04.061000,10435,10437,10437,1
2019-05-20,16:36:04.486000,10436,10437,10436,1
2019-05-20,16:36:10.544000,10435,10436,10436,2
2019-05-20,16:36:13.909000,10436,10437,10436,2
2019-05-20,16:36:18.756000,10436,10437,10436,1
2019-05-20,16:36:28.366000,10436,10437,10437,1
2019-05-20,16:36:41.847000,10436,10437,10437,1
2019-05-20,16:36:51.061000,10436,10437,10436,1
2019-05-20,16:36:51.535000,10436,10437,10436,1
2019-05-20,16:36:51.578000,10436,10437,10436,1
2019-05-20,16:36:52.724000,10436,10437,10436,1
2019-05-20,16:37:02.784000,10436,10437,10436,6
2019-05-20,16:37:03.108000,10435,10436,10436,1
2019-05-20,16:37:08.696000,10435,10436,10435,5
2019-05-20,16:37:13.167000,10435,10436,10435,1
2019-05-20,16:37:13.431000,10435,10436,10435,3
2019-05-20,16:37:17.132000,10435,10436,10435,1
2019-05-20,16:37:18.264000,10435,10436,10435,2
2019-05-20,16:37:19.304000,10435,10436,10435,5
2019-05-20,16:37:20.301000,10435,10436,10435,5
2019-05-20,16:37:20.301000,10435,10436,10435,2
2019-05-20,16:37:26.769000,10434,10435,10435,1
2019-05-20,16:37:31.770000,10435,10436,10435,2
2019-05-20,16:37:36.036000,10434,10435,10435,1
2019-05-20,16:37:36.239000,10434,10435,10434,2
2019-05-20,16:37:37.698000,10434,10435,10435,1
2019-05-20,16:37:39.374000,10435,10436,10435,2
2019-05-20,16:38:02.858000,10434,10435,10435,3
2019-05-20,16:38:09.037000,10434,10435,10434,1
2019-05-20,16:38:11.551000,10434,10435,10434,1
2019-05-20,16:38:13.786000,10434,10435,10434,1
2019-05-20,16:38:51.574000,10434,10435,10434,1
2019-05-20,16:39:07.126000,10434,10435,10434,1
2019-05-20,16:39:07.420000,10434,10435,10434,1
2019-05-20,16:39:10.437000,10434,10435,10435,1
2019-05-20,16:39:10.453000,10434,10435,10435,2
2019-05-20,16:39:10.638000,10434,10435,10435,1
2019-05-20,16:39:10.643000,10434,10435,10435,2
2019-05-20,16:39:11.271000,10435,10436,10435,1
2019-05-20,16:39:17.340000,10434,10435,10435,1
2019-05-20,16:39:19.694000,10434,10435,10435,1
2019-05-20,16:39:47.853000,10434,10435,10434,1
2019-05-20,16:39:48.490000,10434,10435,10435,1
2019-05-20,16:39:50.959000,10434,10435,10434,4
2019-05-20,16:39:54.760000,10434,10435,10434,1
2019-05-20,16:39:54.760000,10434,10435,10434,2
2019-05-20,16:39:54.772000,10434,10435,10434,2
2019-05-20,16:39:54.787000,10434,10435,10434,2
2019-05-20,16:39:54.794000,10434,10435,10434,3
2019-05-20,16:39:54.828000,10434,10435,10434,5
2019-05-20,16:39:56.046000,10433,10434,10433,6
2019-05-20,16:39:56.265000,10433,10434,10433,1
2019-05-20,16:40:02.811000,10433,10435,10433,2
2019-05-20,16:40:03.103000,10433,10435,10433,12
2019-05-20,16:40:05.449000,10433,10434,10433,9
2019-05-20,16:40:15.873000,10433,10434,10433,1
2019-05-20,16:40:17.709000,10433,10434,10433,1
2019-05-20,16:40:19.120000,10433,10434,10433,1
2019-05-20,16:40:27.445000,10433,10434,10433,6
2019-05-20,16:40:29.557000,10433,10434,10434,3
2019-05-20,16:40:30.197000,10434,10435,10434,1
2019-05-20,16:40:30.197000,10434,10435,10433,1
2019-05-20,16:40:30.758000,10433,10435,10433,1
2019-05-20,16:40:38.105000,10433,10434,10433,1
2019-05-20,16:41:01.222000,10433,10434,10433,1
2019-05-20,16:41:06.699000,10433,10434,10433,5
2019-05-20,16:41:39.522000,10433,10434,10433,3
2019-05-20,16:41:39.522000,10433,10434,10433,11
2019-05-20,16:41:39.820000,10432,10433,10432,1
2019-05-20,16:41:39.820000,10432,10433,10432,5
2019-05-20,16:41:39.820000,10432,10433,10432,3
2019-05-20,16:41:39.820000,10432,10433,10432,1
2019-05-20,16:41:39.820000,10432,10433,10432,2
2019-05-20,16:41:39.820000,10432,10433,10432,1
2019-05-20,16:41:39.921000,10431,10432,10432,1
2019-05-20,16:41:39.962000,10431,10432,10431,1
2019-05-20,16:41:39.963000,10431,10432,10431,1
2019-05-20,16:41:39.963000,10431,10432,10431,1
2019-05-20,16:41:46.846000,10431,10432,10431,1
2019-05-20,16:41:46.979000,10431,10432,10431,1
2019-05-20,16:42:00.363000,10431,10432,10431,1
2019-05-20,16:42:00.514000,10431,10432,10431,1
2019-05-20,16:42:00.696000,10431,10432,10431,2
2019-05-20,16:42:01.891000,10431,10432,10431,1
2019-05-20,16:42:04.110000,10431,10432,10431,1
2019-05-20,16:42:06.885000,10431,10432,10431,1
2019-05-20,16:42:07.424000,10431,10432,10431,1
2019-05-20,16:42:07.844000,10431,10432,10431,16
2019-05-20,16:42:07.946000,10431,10432,10432,2
2019-05-20,16:42:10.021000,10430,10431,10431,5
2019-05-20,16:42:15.165000,10430,10431,10431,2
2019-05-20,16:42:24.077000,10430,10431,10431,1
2019-05-20,16:42:24.513000,10430,10431,10431,1
2019-05-20,16:42:25.177000,10430,10431,10431,2
2019-05-20,16:42:25.203000,10430,10431,10431,2
2019-05-20,16:42:25.476000,10431,10432,10431,3
2019-05-20,16:42:33.372000,10430,10432,10430,1
2019-05-20,16:42:33.475000,10430,10432,10430,1
2019-05-20,16:42:40.131000,10431,10432,10431,2
2019-05-20,16:42:41.788000,10430,10431,10430,1
2019-05-20,16:42:43.438000,10430,10431,10430,1
2019-05-20,16:42:43.478000,10430,10431,10430,1
2019-05-20,16:42:48.362000,10430,10431,10430,1
2019-05-20,16:43:01.601000,10430,10431,10431,1
2019-05-20,16:43:02.348000,10430,10431,10431,1
2019-05-20,16:43:03.063000,10430,10431,10431,3
2019-05-20,16:43:03.063000,10430,10431,10431,3
2019-05-20,16:43:07.080000,10431,10432,10431,5
2019-05-20,16:43:07.117000,10431,10432,10431,1
2019-05-20,16:43:07.767000,10431,10432,10431,1
2019-05-20,16:43:08.241000,10431,10432,10431,1
2019-05-20,16:43:10.149000,10431,10432,10431,6
2019-05-20,16:43:10.149000,10431,10432,10430,14
2019-05-20,16:43:10.259000,10430,10432,10431,1
2019-05-20,16:43:10.328000,10431,10432,10431,3
2019-05-20,16:43:11.450000,10431,10432,10431,1
2019-05-20,16:43:12.445000,10430,10432,10432,1
2019-05-20,16:43:37.267000,10431,10432,10432,2
2019-05-20,16:43:38.112000,10431,10432,10431,1
2019-05-20,16:43:46.014000,10431,10432,10431,1
2019-05-20,16:43:49.167000,10431,10432,10432,1
2019-05-20,16:43:49.908000,10431,10432,10431,2
2019-05-20,16:43:50.585000,10431,10432,10431,2
2019-05-20,16:43:52.370000,10431,10432,10431,3
2019-05-20,16:43:53.371000,10431,10432,10431,1
2019-05-20,16:43:54.217000,10431,10432,10431,2
2019-05-20,16:43:54.330000,10430,10431,10430,1
2019-05-20,16:43:54.737000,10430,10431,10430,1
2019-05-20,16:43:54.838000,10430,10431,10430,1
2019-05-20,16:43:55.244000,10430,10431,10430,1
2019-05-20,16:43:58.713000,10430,10431,10431,5
2019-05-20,16:43:58.772000,10430,10431,10431,1
2019-05-20,16:44:02.584000,10431,10432,10431,1
2019-05-20,16:44:09.914000,10430,10431,10431,1
2019-05-20,16:44:19.432000,10430,10431,10431,1
2019-05-20,16:44:32.551000,10430,10431,10431,1
2019-05-20,16:44:38.184000,10430,10431,10431,1
2019-05-20,16:44:40.870000,10430,10431,10430,3
2019-05-20,16:44:48.240000,10430,10431,10430,2
2019-05-20,16:44:56.192000,10430,10431,10430,1
2019-05-20,16:44:56.612000,10430,10431,10430,1
2019-05-20,16:44:57.908000,10430,10431,10430,1
2019-05-20,16:45:01.117000,10430,10431,10430,2
2019-05-20,16:45:01.417000,10430,10431,10430,1
2019-05-20,16:45:01.562000,10430,10431,10430,2
2019-05-20,16:45:02.232000,10430,10431,10430,1
2019-05-20,16:45:02.328000,10430,10431,10430,1
2019-05-20,16:45:02.333000,10430,10431,10430,1
2019-05-20,16:45:03.197000,10430,10431,10430,4
2019-05-20,16:45:03.203000,10430,10431,10430,9
2019-05-20,16:45:03.203000,10430,10431,10430,1
2019-05-20,16:45:03.738000,10429,10430,10429,2
2019-05-20,16:45:03.865000,10429,10430,10429,4
2019-05-20,16:45:03.867000,10429,10430,10429,2
2019-05-20,16:45:03.885000,10429,10430,10429,2
2019-05-20,16:45:04.491000,10429,10430,10429,5
2019-05-20,16:45:04.579000,10429,10430,10429,1
2019-05-20,16:45:04.760000,10429,10430,10429,2
2019-05-20,16:45:04.760000,10429,10430,10429,6
2019-05-20,16:45:04.916000,10428,10429,10428,2
2019-05-20,16:45:05.025000,10428,10429,10428,4
2019-05-20,16:45:05.074000,10428,10429,10428,1
2019-05-20,16:45:08.980000,10428,10429,10428,1
2019-05-20,16:45:11.181000,10428,10429,10428,2
2019-05-20,16:45:12.158000,10428,10429,10428,1
2019-05-20,16:45:12.272000,10428,10429,10428,1
2019-05-20,16:45:12.423000,10428,10429,10428,1
2019-05-20,16:45:13.694000,10428,10429,10428,3
2019-05-20,16:45:13.700000,10428,10429,10428,1
2019-05-20,16:45:13.823000,10428,10429,10428,1
2019-05-20,16:45:13.948000,10428,10429,10428,1
2019-05-20,16:45:19.658000,10428,10429,10428,1
2019-05-20,16:45:20.554000,10428,10429,10428,2
2019-05-20,16:45:25.812000,10428,10429,10429,7
2019-05-20,16:45:26.539000,10428,10429,10428,3
2019-05-20,16:45:26.603000,10428,10429,10428,2
2019-05-20,16:45:26.828000,10428,10429,10428,1
2019-05-20,16:45:27.303000,10428,10429,10428,1
2019-05-20,16:45:27.440000,10428,10429,10428,3
2019-05-20,16:45:28.632000,10428,10429,10428,2
2019-05-20,16:45:28.803000,10428,10429,10428,1
2019-05-20,16:45:28.828000,10428,10429,10428,1
2019-05-20,16:45:34.037000,10427,10428,10428,2
2019-05-20,16:45:34.101000,10427,10428,10428,1
2019-05-20,16:45:35.255000,10427,10428,10427,3
2019-05-20,16:45:36.260000,10427,10428,10427,1
2019-05-20,16:45:39.686000,10427,10428,10428,8
2019-05-20,16:45:40.004000,10428,10429,10428,1
2019-05-20,16:45:44.522000,10427,10428,10428,2
2019-05-20,16:45:47.299000,10427,10428,10428,2
2019-05-20,16:45:47.299000,10427,10428,10428,1
2019-05-20,16:45:48.200000,10427,10429,10428,1
2019-05-20,16:45:52.711000,10428,10429,10429,1
2019-05-20,16:45:53.674000,10428,10429,10428,1
2019-05-20,16:45:53.693000,10428,10429,10428,1
2019-05-20,16:45:54.114000,10428,10429,10428,1
2019-05-20,16:45:54.524000,10428,10429,10428,10
2019-05-20,16:46:03.203000,10428,10429,10429,3
2019-05-20,16:46:03.953000,10428,10429,10429,1
2019-05-20,16:46:12.638000,10429,10430,10430,1
2019-05-20,16:46:13.578000,10429,10430,10430,4
2019-05-20,16:46:13.578000,10429,10430,10430,2
2019-05-20,16:46:13.578000,10429,10430,10430,4
2019-05-20,16:46:16.114000,10430,10431,10430,5
2019-05-20,16:46:16.586000,10430,10431,10430,3
2019-05-20,16:46:19.618000,10430,10431,10431,1
2019-05-20,16:46:20.509000,10430,10431,10431,1
2019-05-20,16:46:20.524000,10430,10431,10430,2
2019-05-20,16:46:22.472000,10430,10431,10431,1
2019-05-20,16:46:26.656000,10430,10431,10431,1
2019-05-20,16:46:27.941000,10430,10431,10431,1
2019-05-20,16:46:31.803000,10430,10431,10430,2
2019-05-20,16:46:43.827000,10430,10431,10430,1
2019-05-20,16:46:43.953000,10430,10431,10431,8
2019-05-20,16:46:48.145000,10430,10432,10430,1
2019-05-20,16:46:51.463000,10431,10432,10431,1
2019-05-20,16:46:52.366000,10431,10432,10431,3
2019-05-20,16:46:57.303000,10430,10431,10431,1
2019-05-20,16:46:57.678000,10430,10431,10431,1
2019-05-20,16:46:58.009000,10430,10431,10430,1
2019-05-20,16:47:03.848000,10430,10431,10431,4
2019-05-20,16:47:08.661000,10430,10431,10430,1
2019-05-20,16:47:09.784000,10430,10431,10431,1
2019-05-20,16:47:21.029000,10430,10431,10431,1
2019-05-20,16:47:26.651000,10430,10431,10431,1
2019-05-20,16:47:30.307000,10430,10431,10431,1
2019-05-20,16:47:31.589000,10430,10431,10431,1
2019-05-20,16:47:31.728000,10430,10431,10431,2
2019-05-20,16:47:53.763000,10430,10431,10431,1
2019-05-20,16:48:13.023000,10430,10431,10431,1
2019-05-20,16:48:17.244000,10430,10431,10431,1
2019-05-20,16:48:26.052000,10430,10431,10430,2
2019-05-20,16:48:26.054000,10430,10431,10430,1
2019-05-20,16:48:26.054000,10430,10431,10430,7
2019-05-20,16:48:26.054000,10430,10431,10430,2
2019-05-20,16:48:26.054000,10430,10431,10430,2
2019-05-20,16:48:26.054000,10430,10431,10430,4
2019-05-20,16:48:26.054000,10430,10431,10430,2
2019-05-20,16:48:26.078000,10430,10431,10430,2
2019-05-20,16:48:27.802000,10429,10430,10430,1
2019-05-20,16:48:28.909000,10429,10430,10429,1
2019-05-20,16:48:38.743000,10429,10430,10429,7
2019-05-20,16:48:38.943000,10429,10430,10429,7
2019-05-20,16:48:39.119000,10429,10430,10429,5
2019-05-20,16:48:41.871000,10428,10429,10429,1
2019-05-20,16:48:52.585000,10428,10429,10429,1
2019-05-20,16:49:04.663000,10428,10429,10429,1
2019-05-20,16:49:17.298000,10428,10429,10429,2
2019-05-20,16:49:18.216000,10428,10429,10429,1
2019-05-20,16:49:28.484000,10428,10429,10429,2
2019-05-20,16:49:32.678000,10428,10429,10429,4
2019-05-20,16:49:33.550000,10428,10429,10428,1
2019-05-20,16:49:44.738000,10428,10429,10428,1
2019-05-20,16:49:49.300000,10428,10429,10428,1
2019-05-20,16:49:51.107000,10428,10429,10428,1
2019-05-20,16:49:51.203000,10428,10429,10428,12
2019-05-20,16:49:51.207000,10428,10429,10428,4
2019-05-20,16:49:51.259000,10428,10429,10427,4
2019-05-20,16:49:56.188000,10427,10428,10427,1
2019-05-20,16:49:59.662000,10427,10428,10427,4
2019-05-20,16:50:01.471000,10427,10428,10427,3
2019-05-20,16:50:01.471000,10427,10428,10427,4
2019-05-20,16:50:01.471000,10427,10428,10427,5
2019-05-20,16:50:02.611000,10426,10427,10427,1
2019-05-20,16:50:03.251000,10426,10427,10426,4
2019-05-20,16:50:03.362000,10426,10427,10426,1
2019-05-20,16:50:03.554000,10426,10427,10426,1
2019-05-20,16:50:05.215000,10426,10427,10426,1
2019-05-20,16:50:09.423000,10426,10427,10426,1
2019-05-20,16:50:09.997000,10426,10427,10426,1
2019-05-20,16:50:16.497000,10426,10427,10426,1
2019-05-20,16:50:20.440000,10426,10427,10426,1
2019-05-20,16:50:23.736000,10426,10427,10427,1
2019-05-20,16:50:24.722000,10426,10427,10427,2
2019-05-20,16:50:24.828000,10426,10427,10427,6
2019-05-20,16:50:24.961000,10427,10428,10427,1
2019-05-20,16:50:25.064000,10427,10428,10427,2
2019-05-20,16:50:25.305000,10426,10428,10427,2
2019-05-20,16:50:34.078000,10427,10428,10427,1
2019-05-20,16:50:38.236000,10427,10428,10427,1
2019-05-20,16:50:42.594000,10427,10428,10427,1
2019-05-20,16:50:45.049000,10427,10428,10428,1
2019-05-20,16:50:45.105000,10427,10428,10428,1
2019-05-20,16:50:47.330000,10427,10428,10427,2
2019-05-20,16:50:48.328000,10427,10428,10427,1
2019-05-20,16:50:48.970000,10427,10428,10427,1
2019-05-20,16:50:49.730000,10427,10428,10428,1
2019-05-20,16:50:55.330000,10427,10428,10427,1
2019-05-20,16:50:57.446000,10427,10428,10427,1
2019-05-20,16:51:00.417000,10427,10428,10427,8
2019-05-20,16:51:00.758000,10426,10427,10427,1
2019-05-20,16:51:02.828000,10426,10427,10427,1
2019-05-20,16:51:04.426000,10426,10427,10427,1
2019-05-20,16:51:08.620000,10426,10427,10427,1
2019-05-20,16:51:12.066000,10426,10427,10427,1
2019-05-20,16:51:16.168000,10426,10427,10427,2
2019-05-20,16:51:16.203000,10426,10427,10427,1
2019-05-20,16:51:16.247000,10426,10427,10427,1
2019-05-20,16:51:16.290000,10426,10427,10427,1
2019-05-20,16:51:16.328000,10426,10427,10427,2
2019-05-20,16:51:18.214000,10427,10428,10427,1
2019-05-20,16:51:18.528000,10426,10427,10427,1
2019-05-20,16:51:19.453000,10427,10428,10427,2
2019-05-20,16:51:21.036000,10427,10428,10427,1
2019-05-20,16:51:25.078000,10427,10428,10427,1
2019-05-20,16:51:26.896000,10427,10428,10427,1
2019-05-20,16:51:26.934000,10427,10428,10427,1
2019-05-20,16:51:28.854000,10426,10427,10427,1
2019-05-20,16:51:29.289000,10426,10427,10426,8
2019-05-20,16:51:29.289000,10426,10427,10426,1
2019-05-20,16:51:29.289000,10426,10427,10426,1
2019-05-20,16:51:29.290000,10426,10427,10426,1
2019-05-20,16:51:29.314000,10426,10427,10426,2
2019-05-20,16:51:29.315000,10426,10427,10426,3
2019-05-20,16:51:29.328000,10426,10427,10426,8
2019-05-20,16:51:29.328000,10426,10427,10426,7
2019-05-20,16:51:29.329000,10426,10427,10426,1
2019-05-20,16:51:29.329000,10426,10427,10426,9
2019-05-20,16:51:29.329000,10426,10427,10426,4
2019-05-20,16:51:29.391000,10426,10427,10426,10
2019-05-20,16:51:29.453000,10426,10427,10426,1
2019-05-20,16:51:29.453000,10426,10427,10426,1
2019-05-20,16:51:35.816000,10425,10426,10426,2
2019-05-20,16:51:35.913000,10425,10426,10426,1
2019-05-20,16:51:37.012000,10425,10426,10425,5
2019-05-20,16:51:37.095000,10425,10426,10425,4
2019-05-20,16:51:37.103000,10425,10426,10425,1
2019-05-20,16:51:37.478000,10425,10426,10425,2
2019-05-20,16:51:41.917000,10425,10426,10426,1
2019-05-20,16:51:42.517000,10425,10426,10426,1
2019-05-20,16:51:44.508000,10425,10426,10425,1
2019-05-20,16:51:47.041000,10425,10426,10425,10
2019-05-20,16:51:47.080000,10425,10426,10425,53
2019-05-20,16:51:48.393000,10424,10425,10424,1
2019-05-20,16:51:48.486000,10424,10425,10424,1
2019-05-20,16:51:48.491000,10424,10425,10424,1
2019-05-20,16:51:48.507000,10424,10425,10425,3
2019-05-20,16:51:48.580000,10424,10425,10424,4
2019-05-20,16:51:48.758000,10424,10425,10424,1
2019-05-20,16:51:48.758000,10424,10425,10423,3
2019-05-20,16:51:48.868000,10423,10425,10423,1
2019-05-20,16:51:48.886000,10423,10425,10423,5
2019-05-20,16:51:48.886000,10423,10425,10423,5
2019-05-20,16:51:49.025000,10423,10425,10423,1
2019-05-20,16:51:49.033000,10423,10425,10423,1
2019-05-20,16:51:49.051000,10423,10425,10423,2
2019-05-20,16:51:49.075000,10423,10425,10423,1
2019-05-20,16:51:49.300000,10423,10424,10423,1
2019-05-20,16:51:49.313000,10423,10424,10423,1
2019-05-20,16:51:50.421000,10423,10424,10423,19
2019-05-20,16:51:50.421000,10423,10424,10422,1
2019-05-20,16:51:50.495000,10422,10424,10422,1
2019-05-20,16:51:50.599000,10422,10424,10422,2
2019-05-20,16:51:50.613000,10422,10424,10422,2
2019-05-20,16:51:50.647000,10422,10424,10422,2
2019-05-20,16:51:50.678000,10422,10424,10422,1
2019-05-20,16:51:50.727000,10422,10424,10422,2
2019-05-20,16:51:50.753000,10422,10424,10422,2
2019-05-20,16:51:50.786000,10422,10424,10422,2
2019-05-20,16:51:50.834000,10422,10424,10422,2
2019-05-20,16:51:50.861000,10422,10424,10422,2
2019-05-20,16:51:50.897000,10422,10424,10422,2
2019-05-20,16:51:50.915000,10422,10424,10422,1
2019-05-20,16:51:50.938000,10422,10424,10422,4
2019-05-20,16:51:50.965000,10422,10423,10422,2
2019-05-20,16:51:50.978000,10422,10423,10422,2
2019-05-20,16:51:51.024000,10422,10423,10422,2
2019-05-20,16:51:51.074000,10422,10423,10422,2
2019-05-20,16:51:51.134000,10422,10423,10422,2
2019-05-20,16:51:51.197000,10422,10423,10422,2
2019-05-20,16:51:51.231000,10421,10423,10421,2
2019-05-20,16:51:51.280000,10421,10423,10422,2
2019-05-20,16:51:51.383000,10421,10423,10421,1
2019-05-20,16:51:51.552000,10421,10423,10421,1
2019-05-20,16:51:51.559000,10421,10423,10421,1
2019-05-20,16:51:51.657000,10421,10423,10421,2
2019-05-20,16:51:51.723000,10421,10423,10421,2
2019-05-20,16:51:51.856000,10421,10423,10421,1
2019-05-20,16:51:52.137000,10421,10423,10421,6
2019-05-20,16:51:52.412000,10421,10423,10421,5
2019-05-20,16:51:53.820000,10421,10422,10421,1
2019-05-20,16:51:53.906000,10421,10422,10421,1
2019-05-20,16:51:53.918000,10421,10422,10421,1
2019-05-20,16:51:53.938000,10421,10422,10421,1
2019-05-20,16:51:55.074000,10421,10422,10421,1
2019-05-20,16:51:56.639000,10421,10422,10421,1
2019-05-20,16:51:56.896000,10421,10422,10421,2
2019-05-20,16:51:57.041000,10421,10422,10421,1
2019-05-20,16:51:57.372000,10421,10422,10422,1
2019-05-20,16:51:57.932000,10421,10422,10421,1
2019-05-20,16:52:02.746000,10421,10422,10421,1
2019-05-20,16:52:05.601000,10421,10422,10422,16
2019-05-20,16:52:07.209000,10422,10424,10422,1
2019-05-20,16:52:08.926000,10422,10424,10422,1
2019-05-20,16:52:09.610000,10422,10424,10422,1
2019-05-20,16:52:12.871000,10422,10423,10422,1
2019-05-20,16:52:14.475000,10422,10423,10422,1
2019-05-20,16:52:15.975000,10422,10423,10422,1
2019-05-20,16:52:18.228000,10422,10423,10422,2
2019-05-20,16:52:19.613000,10422,10423,10423,1
2019-05-20,16:52:20.833000,10422,10423,10422,1
2019-05-20,16:52:22.265000,10422,10423,10422,2
2019-05-20,16:52:22.482000,10422,10423,10422,2
2019-05-20,16:52:22.630000,10422,10423,10422,5
2019-05-20,16:52:24.905000,10421,10423,10423,1
2019-05-20,16:52:25.713000,10421,10423,10423,1
2019-05-20,16:52:27.789000,10422,10423,10422,1
2019-05-20,16:52:31.013000,10422,10423,10422,1
2019-05-20,16:52:32.002000,10422,10423,10422,3
2019-05-20,16:52:32.041000,10422,10423,10422,1
2019-05-20,16:52:34.698000,10421,10422,10422,1
2019-05-20,16:52:36.935000,10421,10422,10422,1
2019-05-20,16:52:39.900000,10421,10422,10421,1
2019-05-20,16:52:44.068000,10421,10422,10421,1
2019-05-20,16:52:44.382000,10421,10422,10421,1
2019-05-20,16:52:44.582000,10421,10422,10421,1
2019-05-20,16:52:44.773000,10421,10422,10421,1
2019-05-20,16:52:44.914000,10421,10422,10421,1
2019-05-20,16:52:45.073000,10421,10422,10421,1
2019-05-20,16:52:45.255000,10421,10422,10421,1
2019-05-20,16:52:45.393000,10421,10422,10421,1
2019-05-20,16:52:45.516000,10421,10422,10422,1
2019-05-20,16:52:45.841000,10421,10422,10421,2
2019-05-20,16:52:46.032000,10421,10422,10422,1
2019-05-20,16:52:46.078000,10421,10422,10421,1
2019-05-20,16:52:46.262000,10421,10422,10421,1
2019-05-20,16:52:46.438000,10421,10422,10421,1
2019-05-20,16:52:46.604000,10421,10422,10421,1
2019-05-20,16:52:46.765000,10421,10422,10421,1
2019-05-20,16:52:47.272000,10421,10422,10421,1
2019-05-20,16:52:47.688000,10421,10422,10421,1
2019-05-20,16:52:47.738000,10421,10422,10422,1
2019-05-20,16:52:47.872000,10421,10422,10421,1
2019-05-20,16:52:48.046000,10421,10422,10421,1
2019-05-20,16:52:48.185000,10421,10422,10421,1
2019-05-20,16:52:48.345000,10421,10422,10421,1
2019-05-20,16:52:48.422000,10421,10422,10422,1
2019-05-20,16:52:48.492000,10421,10422,10421,1
2019-05-20,16:52:50.256000,10421,10422,10421,1
2019-05-20,16:52:51.710000,10421,10422,10421,1
2019-05-20,16:52:54.490000,10421,10422,10421,1
2019-05-20,16:52:56.090000,10421,10422,10421,1
2019-05-20,16:52:56.468000,10421,10422,10421,1
2019-05-20,16:53:02.273000,10421,10422,10421,2
2019-05-20,16:53:02.425000,10421,10422,10421,2
2019-05-20,16:53:02.453000,10421,10422,10421,11
2019-05-20,16:53:02.453000,10421,10422,10421,4
2019-05-20,16:53:02.453000,10421,10422,10421,2
2019-05-20,16:53:02.564000,10421,10422,10421,1
2019-05-20,16:53:02.578000,10421,10422,10421,8
2019-05-20,16:53:02.578000,10421,10422,10421,4
2019-05-20,16:53:02.578000,10421,10422,10421,1
2019-05-20,16:53:02.578000,10421,10422,10421,2
2019-05-20,16:53:02.703000,10421,10422,10421,29
2019-05-20,16:53:02.828000,10421,10422,10421,5
2019-05-20,16:53:02.828000,10421,10422,10421,6
2019-05-20,16:53:03.961000,10420,10421,10421,1
2019-05-20,16:53:04.683000,10420,10421,10421,1
2019-05-20,16:53:05.692000,10420,10421,10421,3
2019-05-20,16:53:05.703000,10420,10421,10421,1
2019-05-20,16:53:07.792000,10421,10422,10421,1
2019-05-20,16:53:08.205000,10421,10422,10421,1
2019-05-20,16:53:09.870000,10420,10422,10422,1
2019-05-20,16:53:10.914000,10420,10421,10421,1
2019-05-20,16:53:14.763000,10420,10421,10421,2
2019-05-20,16:53:17.395000,10420,10421,10421,1
2019-05-20,16:53:17.501000,10420,10421,10421,1
2019-05-20,16:53:22.409000,10421,10422,10422,1
2019-05-20,16:53:23.339000,10421,10422,10421,10
2019-05-20,16:53:23.817000,10421,10422,10422,1
2019-05-20,16:53:23.934000,10421,10422,10421,2
2019-05-20,16:53:23.938000,10421,10422,10422,1
2019-05-20,16:53:24.429000,10421,10422,10421,1
2019-05-20,16:53:25.536000,10421,10422,10421,1
2019-05-20,16:53:28.817000,10420,10421,10421,2
2019-05-20,16:53:28.817000,10420,10421,10421,1
2019-05-20,16:53:34.515000,10421,10422,10421,1
2019-05-20,16:53:36.078000,10421,10422,10422,26
2019-05-20,16:53:36.370000,10422,10423,10423,1
2019-05-20,16:53:36.371000,10422,10423,10423,18
2019-05-20,16:53:36.371000,10422,10423,10423,2
2019-05-20,16:53:36.453000,10423,10424,10423,2
2019-05-20,16:53:36.802000,10423,10424,10423,10
2019-05-20,16:53:37.301000,10422,10424,10422,1
2019-05-20,16:53:37.500000,10422,10423,10422,2
2019-05-20,16:53:37.828000,10422,10423,10422,8
2019-05-20,16:53:38.254000,10422,10423,10422,17
2019-05-20,16:53:38.254000,10422,10423,10422,1
2019-05-20,16:53:38.254000,10422,10423,10422,1
2019-05-20,16:53:38.255000,10422,10423,10422,2
2019-05-20,16:53:38.255000,10422,10423,10422,1
2019-05-20,16:53:38.255000,10422,10423,10422,2
2019-05-20,16:53:38.255000,10422,10423,10422,1
2019-05-20,16:53:38.322000,10422,10423,10422,3
2019-05-20,16:53:38.328000,10421,10422,10422,4
2019-05-20,16:53:38.328000,10421,10422,10422,4
2019-05-20,16:53:47.590000,10422,10423,10422,1
2019-05-20,16:53:49.342000,10422,10423,10423,5
2019-05-20,16:53:49.926000,10422,10424,10424,5
2019-05-20,16:53:50.412000,10423,10424,10423,1
2019-05-20,16:53:55.658000,10422,10423,10423,5
2019-05-20,16:53:56.051000,10422,10423,10423,5
2019-05-20,16:53:56.815000,10422,10423,10422,8
2019-05-20,16:53:58.574000,10421,10422,10421,1
2019-05-20,16:53:58.795000,10421,10422,10422,1
2019-05-20,16:53:59.111000,10421,10422,10421,2
2019-05-20,16:53:59.203000,10421,10422,10421,12
2019-05-20,16:54:01.795000,10420,10422,10422,1
2019-05-20,16:54:02.167000,10420,10421,10421,1
2019-05-20,16:54:03.134000,10421,10422,10421,1
2019-05-20,16:54:05.715000,10421,10422,10422,4
2019-05-20,16:54:08.025000,10421,10422,10421,1
2019-05-20,16:54:11.431000,10421,10422,10421,2
2019-05-20,16:54:17.115000,10421,10422,10421,1
2019-05-20,16:54:18.013000,10421,10422,10421,2
2019-05-20,16:54:18.241000,10421,10422,10421,12
2019-05-20,16:54:21.466000,10421,10422,10421,1
2019-05-20,16:54:23.356000,10421,10422,10421,4
2019-05-20,16:54:23.737000,10421,10422,10421,1
2019-05-20,16:54:26.803000,10421,10422,10421,5
2019-05-20,16:54:29.958000,10421,10422,10421,7
2019-05-20,16:54:30.139000,10420,10421,10420,1
2019-05-20,16:54:30.257000,10420,10421,10420,1
2019-05-20,16:54:30.328000,10420,10421,10420,1
2019-05-20,16:54:30.380000,10420,10421,10420,2
2019-05-20,16:54:30.438000,10420,10421,10420,2
2019-05-20,16:54:30.495000,10420,10421,10420,2
2019-05-20,16:54:30.697000,10420,10421,10420,2
2019-05-20,16:54:30.701000,10420,10421,10420,2
2019-05-20,16:54:30.705000,10420,10421,10420,2
2019-05-20,16:54:30.845000,10420,10421,10420,1
2019-05-20,16:54:30.845000,10420,10421,10420,1
2019-05-20,16:54:31.079000,10420,10421,10420,2
2019-05-20,16:54:31.203000,10420,10421,10420,4
2019-05-20,16:54:31.203000,10420,10421,10420,4
2019-05-20,16:54:31.328000,10420,10421,10420,18
2019-05-20,16:54:31.453000,10420,10421,10420,1
2019-05-20,16:54:31.453000,10420,10421,10420,4
2019-05-20,16:54:31.453000,10420,10421,10420,2
2019-05-20,16:54:31.453000,10420,10421,10420,5
2019-05-20,16:54:31.453000,10420,10421,10420,1
2019-05-20,16:54:31.514000,10420,10421,10420,1
2019-05-20,16:54:31.514000,10420,10421,10421,1
2019-05-20,16:54:31.578000,10420,10421,10420,1
2019-05-20,16:54:32.056000,10419,10420,10420,1
2019-05-20,16:54:32.177000,10419,10420,10419,1
2019-05-20,16:54:32.324000,10419,10420,10419,2
2019-05-20,16:54:32.345000,10419,10420,10419,2
2019-05-20,16:54:32.407000,10419,10420,10419,2
2019-05-20,16:54:32.438000,10419,10420,10419,4
2019-05-20,16:54:32.439000,10419,10420,10419,2
2019-05-20,16:54:32.446000,10419,10420,10419,2
2019-05-20,16:54:32.465000,10419,10420,10419,2
2019-05-20,16:54:32.495000,10419,10420,10419,2
2019-05-20,16:54:32.504000,10419,10420,10418,2
2019-05-20,16:54:32.565000,10419,10420,10418,2
2019-05-20,16:54:32.582000,10418,10420,10419,1
2019-05-20,16:54:32.582000,10418,10420,10418,1
2019-05-20,16:54:32.633000,10418,10420,10418,1
2019-05-20,16:54:32.634000,10418,10420,10418,2
2019-05-20,16:54:32.636000,10418,10420,10418,4
2019-05-20,16:54:32.671000,10418,10420,10418,2
2019-05-20,16:54:32.720000,10418,10420,10418,2
2019-05-20,16:54:32.739000,10418,10420,10418,2
2019-05-20,16:54:32.812000,10418,10420,10418,6
2019-05-20,16:54:32.812000,10418,10420,10418,1
2019-05-20,16:54:32.827000,10418,10420,10418,2
2019-05-20,16:54:32.838000,10418,10420,10418,2
2019-05-20,16:54:32.838000,10418,10420,10418,1
2019-05-20,16:54:32.868000,10418,10420,10418,2
2019-05-20,16:54:32.899000,10418,10420,10418,1
2019-05-20,16:54:33.070000,10418,10419,10419,1
2019-05-20,16:54:33.267000,10418,10419,10418,2
2019-05-20,16:54:33.462000,10418,10419,10418,1
2019-05-20,16:54:33.783000,10418,10419,10418,1
2019-05-20,16:54:34.048000,10418,10420,10418,1
2019-05-20,16:54:35.249000,10418,10419,10418,7
2019-05-20,16:54:35.953000,10418,10419,10418,1
2019-05-20,16:54:35.953000,10418,10419,10418,1
2019-05-20,16:54:37.555000,10418,10419,10418,2
2019-05-20,16:54:37.953000,10418,10419,10418,4
2019-05-20,16:54:38.625000,10418,10419,10419,2
2019-05-20,16:54:39.055000,10419,10420,10420,1
2019-05-20,16:54:42.509000,10419,10420,10420,2
2019-05-20,16:54:43,10419,10421,10421,1
2019-05-20,16:54:44.329000,10419,10420,10420,1
2019-05-20,16:54:46.929000,10419,10420,10420,1
2019-05-20,16:54:47.767000,10419,10420,10419,1
2019-05-20,16:54:47.969000,10419,10420,10420,1
2019-05-20,16:54:48.969000,10419,10420,10419,5
2019-05-20,16:54:52.321000,10418,10419,10419,1
2019-05-20,16:54:52.914000,10418,10420,10418,2
2019-05-20,16:54:55.839000,10418,10420,10418,6
2019-05-20,16:54:57.861000,10418,10420,10418,4
2019-05-20,16:54:59.119000,10418,10420,10418,1
2019-05-20,16:55:03.755000,10418,10419,10418,1
2019-05-20,16:55:04.333000,10418,10419,10418,7
2019-05-20,16:55:04.333000,10418,10419,10417,6
2019-05-20,16:55:04.703000,10417,10418,10417,2
2019-05-20,16:55:06.442000,10417,10418,10417,1
2019-05-20,16:55:06.801000,10417,10418,10417,4
2019-05-20,16:55:06.802000,10417,10418,10417,2
2019-05-20,16:55:06.802000,10417,10418,10417,5
2019-05-20,16:55:06.802000,10417,10418,10417,3
2019-05-20,16:55:06.803000,10417,10418,10417,8
2019-05-20,16:55:07.582000,10416,10417,10416,1
2019-05-20,16:55:07.703000,10416,10417,10417,1
2019-05-20,16:55:07.739000,10416,10417,10416,34
2019-05-20,16:55:07.739000,10416,10417,10415,6
2019-05-20,16:55:07.762000,10416,10417,10415,50
2019-05-20,16:55:07.913000,10414,10416,10415,1
2019-05-20,16:55:07.942000,10414,10416,10414,1
2019-05-20,16:55:07.953000,10414,10415,10414,5
2019-05-20,16:55:07.999000,10414,10415,10414,1
2019-05-20,16:55:08.067000,10414,10415,10414,1
2019-05-20,16:55:08.316000,10414,10415,10415,1
2019-05-20,16:55:08.374000,10414,10415,10414,1
2019-05-20,16:55:08.383000,10414,10415,10414,2
2019-05-20,16:55:08.705000,10414,10415,10415,2
2019-05-20,16:55:08.980000,10414,10416,10415,2
2019-05-20,16:55:09.018000,10414,10416,10415,1
2019-05-20,16:55:09.487000,10415,10416,10415,1
2019-05-20,16:55:09.534000,10415,10416,10416,1
2019-05-20,16:55:09.558000,10415,10416,10415,1
2019-05-20,16:55:09.703000,10415,10416,10416,2
2019-05-20,16:55:10.264000,10416,10417,10416,2
2019-05-20,16:55:11.197000,10416,10417,10416,2
2019-05-20,16:55:11.889000,10416,10417,10417,1
2019-05-20,16:55:11.889000,10416,10417,10417,1
2019-05-20,16:55:11.953000,10416,10417,10417,3
2019-05-20,16:55:11.953000,10416,10417,10417,1
2019-05-20,16:55:11.954000,10416,10417,10417,2
2019-05-20,16:55:11.954000,10416,10417,10417,1
2019-05-20,16:55:11.954000,10416,10417,10417,1
2019-05-20,16:55:11.958000,10416,10417,10417,2
2019-05-20,16:55:11.959000,10416,10417,10417,1
2019-05-20,16:55:12.666000,10416,10418,10416,1
2019-05-20,16:55:13.182000,10416,10418,10416,4
2019-05-20,16:55:16.005000,10417,10418,10418,6
2019-05-20,16:55:17.428000,10417,10418,10418,1
2019-05-20,16:55:17.453000,10417,10418,10418,1
2019-05-20,16:55:17.553000,10417,10418,10418,1
2019-05-20,16:55:17.578000,10417,10418,10418,1
2019-05-20,16:55:17.689000,10417,10418,10417,1
2019-05-20,16:55:20.864000,10417,10418,10417,1
2019-05-20,16:55:22.316000,10417,10418,10417,1
2019-05-20,16:55:22.690000,10417,10418,10417,1
2019-05-20,16:55:23.971000,10417,10418,10417,1
2019-05-20,16:55:24.227000,10417,10418,10417,1
2019-05-20,16:55:25.247000,10417,10418,10417,1
2019-05-20,16:55:27.028000,10416,10417,10416,2
2019-05-20,16:55:27.028000,10416,10417,10416,1
2019-05-20,16:55:27.028000,10416,10417,10416,2
2019-05-20,16:55:27.030000,10416,10417,10416,2
2019-05-20,16:55:27.412000,10415,10416,10416,5
2019-05-20,16:55:27.412000,10415,10416,10417,15
2019-05-20,16:55:30.886000,10416,10417,10416,12
2019-05-20,16:55:31.954000,10416,10417,10417,1
2019-05-20,16:55:31.954000,10416,10417,10417,1
2019-05-20,16:55:34.917000,10416,10417,10417,1
2019-05-20,16:55:34.917000,10416,10417,10417,1
2019-05-20,16:55:34.917000,10416,10417,10417,1
2019-05-20,16:55:34.923000,10416,10417,10417,1
2019-05-20,16:55:36.175000,10416,10418,10416,1
2019-05-20,16:55:38.551000,10416,10417,10416,1
2019-05-20,16:55:42.326000,10416,10417,10417,1
2019-05-20,16:55:44.871000,10416,10417,10416,1
2019-05-20,16:55:45.469000,10416,10417,10416,1
2019-05-20,16:55:45.935000,10416,10417,10416,1
2019-05-20,16:55:48.679000,10416,10417,10416,2
2019-05-20,16:55:49.334000,10416,10417,10416,12
2019-05-20,16:55:51.877000,10416,10417,10417,3
2019-05-20,16:55:52.391000,10416,10417,10416,4
2019-05-20,16:55:56.636000,10416,10417,10416,6
2019-05-20,16:55:56.636000,10416,10417,10415,26
2019-05-20,16:55:56.828000,10415,10416,10415,2
2019-05-20,16:55:57.212000,10415,10416,10416,1
2019-05-20,16:55:57.911000,10415,10416,10416,1
2019-05-20,16:55:57.982000,10415,10416,10416,3
2019-05-20,16:55:58.638000,10416,10417,10416,1
2019-05-20,16:56:02.854000,10416,10417,10416,4
2019-05-20,16:56:06.401000,10415,10416,10416,1
2019-05-20,16:56:06.401000,10415,10416,10416,1
2019-05-20,16:56:07.182000,10415,10416,10415,1
2019-05-20,16:56:08.766000,10415,10416,10415,1
2019-05-20,16:56:09.108000,10415,10416,10416,1
2019-05-20,16:56:10.775000,10415,10416,10416,1
2019-05-20,16:56:11.125000,10415,10416,10415,1
2019-05-20,16:56:11.207000,10415,10416,10415,4
2019-05-20,16:56:11.959000,10414,10415,10415,1
2019-05-20,16:56:13.780000,10414,10415,10414,1
2019-05-20,16:56:14.045000,10414,10415,10414,1
2019-05-20,16:56:14.530000,10414,10415,10414,1
2019-05-20,16:56:15.085000,10414,10415,10414,1
2019-05-20,16:56:15.085000,10414,10415,10413,3
2019-05-20,16:56:15.534000,10413,10414,10413,1
2019-05-20,16:56:15.683000,10413,10414,10414,2
2019-05-20,16:56:15.708000,10413,10415,10413,8
2019-05-20,16:56:15.807000,10413,10415,10415,1
2019-05-20,16:56:17.197000,10413,10415,10414,1
2019-05-20,16:56:17.702000,10413,10415,10413,10
2019-05-20,16:56:18.192000,10413,10415,10413,4
2019-05-20,16:56:20.953000,10413,10414,10414,2
2019-05-20,16:56:20.958000,10413,10414,10413,5
2019-05-20,16:56:23.507000,10414,10415,10414,1
2019-05-20,16:56:24.205000,10414,10415,10414,5
2019-05-20,16:56:24.617000,10413,10415,10413,1
2019-05-20,16:56:25.849000,10413,10414,10414,2
2019-05-20,16:56:26.078000,10413,10414,10414,4
2019-05-20,16:56:26.078000,10413,10414,10414,1
2019-05-20,16:56:26.128000,10413,10414,10414,1
2019-05-20,16:56:26.128000,10413,10414,10414,1
2019-05-20,16:56:26.128000,10413,10414,10414,2
2019-05-20,16:56:28.806000,10414,10415,10414,1
2019-05-20,16:56:29.953000,10414,10415,10415,13
2019-05-20,16:56:30.075000,10414,10415,10415,1
2019-05-20,16:56:30.860000,10415,10416,10415,2
2019-05-20,16:56:32.259000,10415,10416,10416,1
2019-05-20,16:56:33.448000,10415,10416,10416,1
2019-05-20,16:56:34.232000,10415,10416,10416,1
2019-05-20,16:56:35.082000,10415,10416,10415,1
2019-05-20,16:56:41.520000,10415,10416,10415,20
2019-05-20,16:56:42.277000,10415,10416,10415,6
2019-05-20,16:56:42.337000,10414,10415,10415,14
2019-05-20,16:56:42.508000,10415,10416,10415,1
2019-05-20,16:56:44.721000,10414,10416,10414,1
2019-05-20,16:56:45.296000,10415,10416,10415,1
2019-05-20,16:56:45.448000,10415,10416,10415,1
2019-05-20,16:56:46.277000,10414,10415,10414,10
2019-05-20,16:56:46.767000,10413,10414,10414,2
2019-05-20,16:56:47.364000,10413,10414,10414,1
2019-05-20,16:56:50.519000,10413,10414,10413,1
