2019-09-27,15:00:00,10823,10825,10836,142
2019-09-27,15:00:00,10836,10837,10836,2
2019-09-27,15:00:00,10836,10837,10836,5
2019-09-27,15:00:00,10836,10837,10837,1
2019-09-27,15:00:00,10836,10837,10837,2
2019-09-27,15:00:00,10836,10837,10837,2
2019-09-27,15:00:00,10836,10837,10837,1
2019-09-27,15:00:00,10836,10837,10837,1
2019-09-27,15:00:00,10835,10837,10837,6
2019-09-27,15:00:00,10835,10837,10837,6
2019-09-27,15:00:00,10835,10837,10837,1
2019-09-27,15:00:00,10835,10837,10837,6
2019-09-27,15:00:00,10835,10837,10837,2
2019-09-27,15:00:00,10835,10837,10838,4
2019-09-27,15:00:00,10835,10836,10836,6
2019-09-27,15:00:01,10835,10837,10837,1
2019-09-27,15:00:01,10835,10837,10837,2
2019-09-27,15:00:01,10835,10837,10837,1
2019-09-27,15:00:01,10835,10837,10835,2
2019-09-27,15:00:01,10835,10837,10835,1
2019-09-27,15:00:01,10835,10837,10836,6
2019-09-27,15:00:01,10835,10837,10836,5
2019-09-27,15:00:01,10835,10837,10835,1
2019-09-27,15:00:01,10835,10837,10835,2
2019-09-27,15:00:01,10835,10837,10837,5
2019-09-27,15:00:01,10836,10837,10835,1
2019-09-27,15:00:01,10836,10837,10837,5
2019-09-27,15:00:01,10836,10837,10836,1
2019-09-27,15:00:01,10836,10837,10837,3
2019-09-27,15:00:01,10836,10837,10838,2
2019-09-27,15:00:02,10836,10837,10837,3
2019-09-27,15:00:02,10836,10837,10838,2
2019-09-27,15:00:02,10836,10837,10838,7
2019-09-27,15:00:02,10836,10838,10837,1
2019-09-27,15:00:02,10836,10838,10838,4
2019-09-27,15:00:02,10836,10838,10838,5
2019-09-27,15:00:02,10836,10838,10837,2
2019-09-27,15:00:02,10837,10838,10838,5
2019-09-27,15:00:03,10837,10838,10837,1
2019-09-27,15:00:03,10837,10838,10838,1
2019-09-27,15:00:03,10837,10838,10838,2
2019-09-27,15:00:03,10837,10838,10838,1
2019-09-27,15:00:03,10837,10838,10838,1
2019-09-27,15:00:03,10837,10838,10838,1
2019-09-27,15:00:04,10837,10838,10837,2
2019-09-27,15:00:04,10837,10838,10837,1
2019-09-27,15:00:04,10837,10838,10838,5
2019-09-27,15:00:05,10837,10838,10837,4
2019-09-27,15:00:05,10837,10838,10838,5
2019-09-27,15:00:06,10837,10838,10837,1
2019-09-27,15:00:06,10836,10837,10836,3
2019-09-27,15:00:06,10835,10836,10835,1
2019-09-27,15:00:07,10835,10836,10836,1
2019-09-27,15:00:07,10835,10836,10835,8
2019-09-27,15:00:08,10834,10835,10835,1
2019-09-27,15:00:08,10834,10835,10835,5
2019-09-27,15:00:09,10834,10835,10835,1
2019-09-27,15:00:10,10834,10835,10834,4
2019-09-27,15:00:10,10834,10835,10834,3
2019-09-27,15:00:10,10834,10835,10834,14
2019-09-27,15:00:10,10834,10835,10835,5
2019-09-27,15:00:11,10833,10835,10835,2
2019-09-27,15:00:11,10833,10835,10833,1
2019-09-27,15:00:11,10833,10834,10834,1
2019-09-27,15:00:12,10834,10835,10834,1
2019-09-27,15:00:12,10833,10835,10835,10
2019-09-27,15:00:12,10834,10835,10834,1
2019-09-27,15:00:13,10834,10835,10835,1
2019-09-27,15:00:13,10834,10835,10835,1
2019-09-27,15:00:14,10834,10835,10835,3
2019-09-27,15:00:15,10835,10836,10835,2
2019-09-27,15:00:15,10834,10835,10834,1
2019-09-27,15:00:16,10834,10835,10835,1
2019-09-27,15:00:16,10834,10835,10834,1
2019-09-27,15:00:16,10834,10835,10835,2
2019-09-27,15:00:16,10835,10836,10835,1
2019-09-27,15:00:16,10835,10836,10835,2
2019-09-27,15:00:18,10834,10835,10834,1
2019-09-27,15:00:18,10834,10835,10835,5
2019-09-27,15:00:18,10834,10835,10834,1
2019-09-27,15:00:19,10834,10835,10835,1
2019-09-27,15:00:19,10834,10835,10835,1
2019-09-27,15:00:20,10834,10835,10834,7
2019-09-27,15:00:20,10833,10835,10833,1
2019-09-27,15:00:20,10834,10835,10834,1
2019-09-27,15:00:20,10833,10835,10835,4
2019-09-27,15:00:21,10833,10835,10835,3
2019-09-27,15:00:21,10833,10835,10833,4
2019-09-27,15:00:21,10833,10834,10833,4
2019-09-27,15:00:21,10833,10834,10833,7
2019-09-27,15:00:21,10833,10834,10833,1
2019-09-27,15:00:22,10833,10834,10833,4
2019-09-27,15:00:22,10833,10834,10833,1
2019-09-27,15:00:22,10833,10834,10833,2
2019-09-27,15:00:22,10833,10834,10834,1
2019-09-27,15:00:23,10833,10834,10833,1
2019-09-27,15:00:25,10833,10834,10833,6
2019-09-27,15:00:25,10833,10834,10833,1
2019-09-27,15:00:25,10832,10834,10832,5
2019-09-27,15:00:26,10832,10833,10833,1
2019-09-27,15:00:27,10832,10833,10833,1
2019-09-27,15:00:28,10832,10833,10833,1
2019-09-27,15:00:29,10833,10834,10833,1
2019-09-27,15:00:29,10833,10834,10833,1
2019-09-27,15:00:29,10833,10834,10833,1
2019-09-27,15:00:29,10833,10834,10833,1
2019-09-27,15:00:30,10833,10834,10833,2
2019-09-27,15:00:31,10833,10834,10834,1
2019-09-27,15:00:34,10833,10834,10834,1
2019-09-27,15:00:34,10833,10834,10834,5
2019-09-27,15:00:34,10833,10834,10833,1
2019-09-27,15:00:35,10833,10834,10834,5
2019-09-27,15:00:36,10833,10834,10833,1
2019-09-27,15:00:36,10833,10834,10834,1
2019-09-27,15:00:36,10833,10834,10833,1
2019-09-27,15:00:36,10833,10834,10834,17
2019-09-27,15:00:38,10834,10835,10834,1
2019-09-27,15:00:40,10834,10835,10835,1
2019-09-27,15:00:40,10834,10835,10834,1
2019-09-27,15:00:40,10834,10835,10835,1
2019-09-27,15:00:41,10834,10835,10834,1
2019-09-27,15:00:42,10834,10835,10834,1
2019-09-27,15:00:45,10834,10835,10834,1
2019-09-27,15:00:45,10834,10835,10834,3
2019-09-27,15:00:46,10834,10835,10834,1
2019-09-27,15:00:46,10834,10835,10834,3
2019-09-27,15:00:48,10834,10835,10835,1
2019-09-27,15:00:48,10834,10835,10834,1
2019-09-27,15:00:48,10834,10835,10835,5
2019-09-27,15:00:49,10834,10835,10835,2
2019-09-27,15:00:49,10834,10835,10835,4
2019-09-27,15:00:49,10834,10835,10835,3
2019-09-27,15:00:51,10834,10836,10834,1
2019-09-27,15:00:52,10835,10836,10835,1
2019-09-27,15:00:54,10834,10835,10834,9
2019-09-27,15:00:55,10834,10835,10835,1
2019-09-27,15:00:59,10834,10835,10835,1
2019-09-27,15:01:01,10834,10835,10835,1
2019-09-27,15:01:01,10834,10835,10835,2
2019-09-27,15:01:02,10834,10835,10834,1
2019-09-27,15:01:02,10834,10835,10835,3
2019-09-27,15:01:02,10834,10835,10835,3
2019-09-27,15:01:02,10834,10835,10835,1
2019-09-27,15:01:02,10834,10835,10836,2
2019-09-27,15:01:02,10834,10835,10836,3
2019-09-27,15:01:03,10834,10835,10835,1
2019-09-27,15:01:04,10834,10835,10835,7
2019-09-27,15:01:04,10835,10836,10836,2
2019-09-27,15:01:07,10835,10836,10835,1
2019-09-27,15:01:09,10835,10836,10834,1
2019-09-27,15:01:09,10835,10836,10835,4
2019-09-27,15:01:10,10835,10836,10835,1
2019-09-27,15:01:10,10835,10836,10836,6
2019-09-27,15:01:12,10835,10836,10835,1
2019-09-27,15:01:13,10835,10836,10835,1
2019-09-27,15:01:14,10834,10835,10835,1
2019-09-27,15:01:14,10834,10835,10835,1
2019-09-27,15:01:15,10834,10835,10835,1
2019-09-27,15:01:15,10834,10835,10834,2
2019-09-27,15:01:17,10834,10835,10835,4
2019-09-27,15:01:17,10834,10835,10835,3
2019-09-27,15:01:20,10835,10836,10835,1
2019-09-27,15:01:21,10835,10836,10835,5
2019-09-27,15:01:21,10835,10836,10835,1
2019-09-27,15:01:23,10835,10836,10835,1
2019-09-27,15:01:23,10835,10836,10835,1
2019-09-27,15:01:23,10835,10836,10835,1
2019-09-27,15:01:25,10835,10836,10835,5
2019-09-27,15:01:25,10835,10836,10835,6
2019-09-27,15:01:25,10834,10836,10835,2
2019-09-27,15:01:25,10835,10836,10835,1
2019-09-27,15:01:28,10834,10835,10835,1
2019-09-27,15:01:29,10834,10835,10835,1
2019-09-27,15:01:32,10834,10835,10835,1
2019-09-27,15:01:34,10834,10835,10835,1
2019-09-27,15:01:35,10834,10835,10835,2
2019-09-27,15:01:35,10834,10835,10835,2
2019-09-27,15:01:35,10834,10835,10835,2
2019-09-27,15:01:36,10834,10835,10835,1
2019-09-27,15:01:38,10834,10835,10834,1
2019-09-27,15:01:40,10834,10835,10834,1
2019-09-27,15:01:40,10834,10835,10834,1
2019-09-27,15:01:42,10834,10835,10834,2
2019-09-27,15:01:42,10834,10835,10834,1
2019-09-27,15:01:45,10834,10835,10834,12
2019-09-27,15:01:45,10834,10835,10834,4
2019-09-27,15:01:45,10834,10835,10834,2
2019-09-27,15:01:45,10834,10835,10834,18
2019-09-27,15:01:45,10834,10835,10834,4
2019-09-27,15:01:45,10834,10835,10834,1
2019-09-27,15:01:45,10834,10835,10834,2
2019-09-27,15:01:45,10834,10835,10834,1
2019-09-27,15:01:45,10834,10835,10834,2
2019-09-27,15:01:45,10834,10835,10834,2
2019-09-27,15:01:45,10834,10835,10834,2
2019-09-27,15:01:45,10834,10835,10834,1
2019-09-27,15:01:45,10834,10835,10834,1
2019-09-27,15:01:45,10834,10835,10834,5
2019-09-27,15:01:45,10834,10835,10834,2
2019-09-27,15:01:45,10834,10835,10834,1
2019-09-27,15:01:45,10834,10835,10834,3
2019-09-27,15:01:45,10834,10835,10834,4
2019-09-27,15:01:45,10834,10835,10834,1
2019-09-27,15:01:45,10834,10835,10834,6
2019-09-27,15:01:45,10834,10835,10834,16
2019-09-27,15:01:46,10833,10834,10834,1
2019-09-27,15:01:49,10833,10834,10834,1
2019-09-27,15:01:50,10833,10834,10834,1
2019-09-27,15:01:51,10833,10834,10834,2
2019-09-27,15:01:52,10833,10834,10834,1
2019-09-27,15:01:52,10833,10834,10834,1
2019-09-27,15:01:52,10833,10834,10834,1
2019-09-27,15:01:52,10833,10834,10834,3
2019-09-27,15:01:52,10834,10835,10834,1
2019-09-27,15:01:52,10834,10835,10834,1
2019-09-27,15:01:53,10834,10835,10835,1
2019-09-27,15:01:54,10834,10835,10834,1
2019-09-27,15:01:54,10834,10835,10834,2
2019-09-27,15:01:57,10834,10835,10834,1
2019-09-27,15:01:57,10834,10835,10834,3
2019-09-27,15:02:00,10834,10835,10834,1
2019-09-27,15:02:01,10834,10835,10834,1
2019-09-27,15:02:02,10834,10835,10834,2
2019-09-27,15:02:03,10834,10835,10834,1
2019-09-27,15:02:06,10834,10835,10834,1
2019-09-27,15:02:07,10834,10835,10834,1
2019-09-27,15:02:08,10834,10835,10834,1
2019-09-27,15:02:14,10834,10835,10834,1
2019-09-27,15:02:16,10834,10835,10835,1
2019-09-27,15:02:19,10834,10835,10835,5
2019-09-27,15:02:31,10834,10835,10835,6
2019-09-27,15:02:34,10834,10835,10834,1
2019-09-27,15:02:37,10834,10835,10834,3
2019-09-27,15:02:37,10834,10835,10834,1
2019-09-27,15:02:39,10834,10835,10834,5
2019-09-27,15:02:39,10834,10835,10834,3
2019-09-27,15:02:40,10834,10835,10834,3
2019-09-27,15:02:40,10834,10835,10834,58
2019-09-27,15:02:40,10833,10834,10833,1
2019-09-27,15:02:40,10833,10834,10834,2
2019-09-27,15:02:41,10833,10834,10834,5
2019-09-27,15:02:42,10833,10834,10833,1
2019-09-27,15:02:43,10833,10834,10834,1
2019-09-27,15:02:44,10833,10834,10833,1
2019-09-27,15:02:48,10833,10834,10833,3
2019-09-27,15:02:51,10833,10834,10833,1
2019-09-27,15:02:52,10833,10834,10833,1
2019-09-27,15:02:52,10833,10834,10833,1
2019-09-27,15:02:54,10833,10834,10834,10
2019-09-27,15:02:56,10833,10834,10834,10
2019-09-27,15:02:56,10833,10834,10834,3
2019-09-27,15:02:56,10833,10834,10834,4
2019-09-27,15:02:57,10834,10835,10834,1
2019-09-27,15:02:59,10834,10835,10834,5
2019-09-27,15:02:59,10833,10834,10833,6
2019-09-27,15:03:00,10833,10834,10833,5
2019-09-27,15:03:02,10833,10834,10833,1
2019-09-27,15:03:03,10833,10834,10834,1
2019-09-27,15:03:03,10833,10834,10834,1
2019-09-27,15:03:08,10833,10834,10833,1
2019-09-27,15:03:09,10833,10834,10834,1
2019-09-27,15:03:09,10833,10834,10834,1
2019-09-27,15:03:09,10833,10834,10834,3
2019-09-27,15:03:10,10833,10834,10833,1
2019-09-27,15:03:12,10833,10834,10833,1
2019-09-27,15:03:15,10833,10834,10833,1
2019-09-27,15:03:16,10833,10834,10833,1
2019-09-27,15:03:19,10833,10834,10834,2
2019-09-27,15:03:27,10833,10834,10834,4
2019-09-27,15:03:29,10833,10834,10834,1
2019-09-27,15:03:36,10833,10834,10834,3
2019-09-27,15:03:39,10833,10834,10833,2
2019-09-27,15:03:45,10833,10834,10833,1
2019-09-27,15:03:45,10833,10834,10833,1
2019-09-27,15:03:51,10833,10834,10833,3
2019-09-27,15:03:51,10833,10834,10833,1
2019-09-27,15:03:52,10833,10834,10833,1
2019-09-27,15:03:53,10833,10834,10833,1
2019-09-27,15:03:53,10833,10834,10833,1
2019-09-27,15:03:54,10833,10834,10833,1
2019-09-27,15:03:55,10833,10834,10833,1
2019-09-27,15:03:56,10833,10834,10833,1
2019-09-27,15:03:56,10833,10834,10834,1
2019-09-27,15:03:56,10833,10834,10833,1
2019-09-27,15:03:57,10833,10834,10833,1
2019-09-27,15:04:03,10833,10834,10833,2
2019-09-27,15:04:04,10833,10834,10833,1
2019-09-27,15:04:04,10833,10834,10833,1
2019-09-27,15:04:05,10833,10834,10833,1
2019-09-27,15:04:09,10833,10834,10833,2
2019-09-27,15:04:10,10833,10834,10833,1
2019-09-27,15:04:13,10833,10834,10833,1
2019-09-27,15:04:14,10833,10834,10833,3
2019-09-27,15:04:15,10833,10834,10833,18
2019-09-27,15:04:15,10833,10834,10833,1
2019-09-27,15:04:15,10833,10834,10833,1
2019-09-27,15:04:18,10833,10834,10833,1
2019-09-27,15:04:18,10832,10834,10833,1
2019-09-27,15:04:18,10833,10834,10833,1
2019-09-27,15:04:22,10833,10834,10833,1
2019-09-27,15:04:30,10833,10834,10833,3
2019-09-27,15:04:34,10832,10833,10832,1
2019-09-27,15:04:37,10832,10833,10833,10
2019-09-27,15:04:40,10832,10833,10833,1
2019-09-27,15:04:43,10832,10833,10832,1
2019-09-27,15:04:47,10832,10833,10832,1
2019-09-27,15:04:49,10832,10833,10832,1
2019-09-27,15:04:50,10832,10833,10832,2
2019-09-27,15:04:51,10832,10833,10832,1
2019-09-27,15:04:57,10832,10833,10832,1
2019-09-27,15:04:58,10832,10833,10832,23
2019-09-27,15:04:58,10832,10833,10832,2
2019-09-27,15:04:58,10832,10833,10832,1
2019-09-27,15:04:58,10832,10833,10832,2
2019-09-27,15:04:58,10832,10833,10832,1
2019-09-27,15:04:58,10832,10833,10832,2
2019-09-27,15:04:58,10832,10833,10831,1
2019-09-27,15:04:58,10831,10832,10831,1
2019-09-27,15:04:58,10831,10832,10832,1
2019-09-27,15:04:59,10831,10832,10832,10
2019-09-27,15:05:05,10832,10833,10833,1
2019-09-27,15:05:09,10832,10833,10833,1
2019-09-27,15:05:14,10832,10833,10832,1
2019-09-27,15:05:15,10832,10833,10833,1
2019-09-27,15:05:18,10832,10833,10832,3
2019-09-27,15:05:20,10831,10832,10832,1
2019-09-27,15:05:23,10831,10832,10832,2
2019-09-27,15:05:31,10831,10832,10831,1
2019-09-27,15:05:38,10831,10832,10831,1
2019-09-27,15:05:38,10831,10832,10831,1
2019-09-27,15:05:39,10831,10832,10831,1
2019-09-27,15:05:47,10831,10832,10831,1
2019-09-27,15:05:48,10831,10832,10831,1
2019-09-27,15:05:51,10831,10832,10831,3
2019-09-27,15:05:54,10831,10832,10832,21
2019-09-27,15:06:00,10832,10833,10832,2
2019-09-27,15:06:01,10832,10833,10832,1
2019-09-27,15:06:03,10832,10833,10832,20
2019-09-27,15:06:10,10832,10833,10832,1
2019-09-27,15:06:12,10832,10833,10832,1
2019-09-27,15:06:14,10832,10833,10832,2
2019-09-27,15:06:14,10832,10833,10832,1
2019-09-27,15:06:14,10832,10833,10832,6
2019-09-27,15:06:14,10832,10833,10832,1
2019-09-27,15:06:14,10832,10833,10832,4
2019-09-27,15:06:14,10832,10833,10832,1
2019-09-27,15:06:14,10832,10833,10832,1
2019-09-27,15:06:15,10831,10832,10832,3
2019-09-27,15:06:18,10831,10832,10832,6
2019-09-27,15:06:18,10832,10833,10832,1
2019-09-27,15:06:25,10832,10833,10832,1
2019-09-27,15:06:25,10832,10833,10832,2
2019-09-27,15:06:33,10832,10833,10832,1
2019-09-27,15:06:49,10832,10833,10832,1
2019-09-27,15:06:56,10832,10833,10833,23
2019-09-27,15:06:56,10832,10833,10833,2
2019-09-27,15:06:56,10832,10833,10833,6
2019-09-27,15:06:56,10832,10833,10833,6
2019-09-27,15:06:56,10832,10833,10833,9
2019-09-27,15:06:56,10833,10834,10833,2
2019-09-27,15:06:56,10833,10834,10833,1
2019-09-27,15:07:11,10833,10834,10833,1
2019-09-27,15:07:12,10833,10834,10834,1
2019-09-27,15:07:35,10833,10834,10834,10
2019-09-27,15:07:36,10833,10834,10834,10
2019-09-27,15:07:38,10833,10834,10834,1
2019-09-27,15:07:39,10833,10834,10834,1
2019-09-27,15:07:42,10833,10834,10834,5
2019-09-27,15:07:42,10833,10834,10834,5
2019-09-27,15:07:43,10833,10834,10834,2
2019-09-27,15:07:48,10833,10834,10834,1
2019-09-27,15:07:56,10833,10834,10833,11
2019-09-27,15:07:58,10833,10834,10834,1
2019-09-27,15:08:00,10833,10834,10834,1
2019-09-27,15:08:00,10833,10834,10833,1
2019-09-27,15:08:05,10833,10834,10834,18
2019-09-27,15:08:09,10834,10835,10835,2
2019-09-27,15:08:11,10834,10835,10834,3
2019-09-27,15:08:11,10834,10835,10834,3
2019-09-27,15:08:12,10834,10835,10834,2
2019-09-27,15:08:18,10834,10835,10834,1
2019-09-27,15:08:24,10834,10835,10835,6
2019-09-27,15:08:33,10834,10835,10835,3
2019-09-27,15:08:39,10834,10835,10835,1
2019-09-27,15:08:51,10834,10835,10834,5
2019-09-27,15:08:51,10834,10835,10834,20
2019-09-27,15:08:51,10834,10835,10834,1
2019-09-27,15:08:51,10834,10835,10834,6
2019-09-27,15:08:51,10834,10835,10834,18
2019-09-27,15:08:51,10834,10835,10834,4
2019-09-27,15:08:51,10834,10835,10834,1
2019-09-27,15:08:51,10834,10835,10834,1
2019-09-27,15:08:51,10834,10835,10834,2
2019-09-27,15:08:51,10834,10835,10834,1
2019-09-27,15:08:51,10834,10835,10834,1
2019-09-27,15:08:51,10834,10835,10834,2
2019-09-27,15:09:42,10833,10834,10833,1
2019-09-27,15:09:42,10833,10834,10834,2
2019-09-27,15:09:52,10833,10834,10834,1
2019-09-27,15:09:55,10833,10834,10833,1
2019-09-27,15:10:07,10833,10834,10833,1
2019-09-27,15:10:52,10833,10834,10833,1
2019-09-27,15:10:56,10833,10834,10833,1
2019-09-27,15:10:56,10833,10834,10834,1
2019-09-27,15:11:22,10833,10834,10833,1
2019-09-27,15:11:24,10833,10834,10834,7
2019-09-27,15:11:38,10833,10834,10834,8
2019-09-27,15:11:38,10833,10834,10834,6
2019-09-27,15:11:38,10833,10834,10834,11
2019-09-27,15:11:38,10834,10835,10834,1
2019-09-27,15:11:41,10834,10835,10834,1
2019-09-27,15:11:44,10834,10835,10834,1
2019-09-27,15:11:45,10834,10835,10834,1
2019-09-27,15:11:48,10834,10835,10834,2
2019-09-27,15:11:54,10834,10835,10834,1
2019-09-27,15:11:55,10834,10835,10834,1
2019-09-27,15:11:56,10834,10835,10834,1
2019-09-27,15:12:01,10834,10835,10834,1
2019-09-27,15:12:10,10834,10835,10834,3
2019-09-27,15:12:11,10834,10835,10835,2
2019-09-27,15:12:21,10834,10835,10835,1
2019-09-27,15:12:24,10834,10835,10835,1
2019-09-27,15:12:29,10834,10835,10835,1
2019-09-27,15:12:29,10834,10835,10835,19
2019-09-27,15:12:29,10834,10835,10835,7
2019-09-27,15:12:29,10834,10835,10835,5
2019-09-27,15:12:29,10834,10835,10835,2
2019-09-27,15:12:29,10834,10835,10835,2
2019-09-27,15:12:29,10834,10835,10835,5
2019-09-27,15:12:30,10834,10835,10835,5
2019-09-27,15:12:33,10834,10835,10835,3
2019-09-27,15:12:33,10834,10835,10835,2
2019-09-27,15:12:34,10834,10835,10835,8
2019-09-27,15:12:34,10835,10836,10836,1
2019-09-27,15:12:42,10835,10836,10836,1
2019-09-27,15:12:51,10835,10836,10836,2
2019-09-27,15:12:52,10835,10836,10835,1
2019-09-27,15:13:00,10835,10836,10835,1
2019-09-27,15:13:00,10835,10836,10835,1
2019-09-27,15:13:13,10835,10836,10835,1
2019-09-27,15:13:28,10835,10836,10835,1
2019-09-27,15:13:29,10835,10836,10835,1
2019-09-27,15:13:34,10835,10836,10836,5
2019-09-27,15:13:37,10835,10836,10835,5
2019-09-27,15:13:43,10835,10836,10836,1
2019-09-27,15:13:45,10835,10836,10836,2
2019-09-27,15:13:48,10835,10836,10836,1
2019-09-27,15:13:51,10835,10836,10836,1
2019-09-27,15:14:08,10835,10836,10836,5
2019-09-27,15:14:08,10835,10836,10836,10
2019-09-27,15:14:08,10835,10836,10836,1
2019-09-27,15:14:15,10835,10836,10835,1
2019-09-27,15:14:17,10835,10836,10835,1
2019-09-27,15:14:28,10835,10836,10835,1
2019-09-27,15:14:37,10835,10836,10835,1
2019-09-27,15:14:38,10835,10836,10835,1
2019-09-27,15:14:55,10835,10836,10836,10
2019-09-27,15:15:00,10835,10836,10836,12
2019-09-27,15:15:00,10835,10836,10836,15
2019-09-27,15:15:00,10835,10836,10836,2
2019-09-27,15:15:00,10835,10836,10836,4
2019-09-27,15:15:01,10835,10836,10836,25
2019-09-27,15:15:01,10836,10837,10836,1
2019-09-27,15:15:01,10836,10837,10837,4
2019-09-27,15:15:01,10836,10837,10837,4
2019-09-27,15:15:01,10836,10837,10837,4
2019-09-27,15:15:01,10836,10837,10837,4
2019-09-27,15:15:01,10836,10837,10837,9
2019-09-27,15:15:01,10836,10837,10837,6
2019-09-27,15:15:02,10836,10837,10837,1
2019-09-27,15:15:04,10836,10837,10836,5
2019-09-27,15:15:06,10836,10837,10836,1
2019-09-27,15:15:10,10836,10837,10837,1
2019-09-27,15:15:16,10836,10837,10837,1
2019-09-27,15:15:18,10836,10837,10837,3
2019-09-27,15:15:18,10836,10837,10837,1
2019-09-27,15:15:19,10836,10837,10837,1
2019-09-27,15:15:21,10836,10837,10837,3
2019-09-27,15:15:22,10836,10837,10837,1
2019-09-27,15:15:23,10836,10837,10836,9
2019-09-27,15:15:23,10836,10837,10837,4
2019-09-27,15:15:31,10836,10837,10837,1
2019-09-27,15:15:32,10836,10837,10837,1
2019-09-27,15:15:33,10836,10837,10837,1
2019-09-27,15:15:33,10836,10837,10837,3
2019-09-27,15:15:35,10836,10837,10837,1
2019-09-27,15:15:36,10836,10837,10837,1
2019-09-27,15:15:38,10836,10837,10837,3
2019-09-27,15:15:42,10836,10837,10837,1
2019-09-27,15:15:47,10836,10837,10837,1
2019-09-27,15:15:49,10836,10837,10836,1
2019-09-27,15:15:52,10836,10837,10837,1
2019-09-27,15:15:58,10836,10837,10836,1
2019-09-27,15:15:58,10836,10837,10837,1
2019-09-27,15:15:59,10836,10837,10837,2
2019-09-27,15:16:00,10836,10837,10837,1
2019-09-27,15:16:03,10836,10837,10837,1
2019-09-27,15:16:06,10836,10837,10837,2
2019-09-27,15:16:07,10836,10837,10837,5
2019-09-27,15:16:10,10836,10837,10837,1
2019-09-27,15:16:10,10836,10837,10837,1
2019-09-27,15:16:10,10836,10837,10837,1
2019-09-27,15:16:11,10836,10837,10837,4
2019-09-27,15:16:13,10836,10837,10837,3
2019-09-27,15:16:14,10837,10838,10837,1
2019-09-27,15:16:14,10837,10838,10837,1
2019-09-27,15:16:21,10836,10837,10837,2
2019-09-27,15:16:24,10836,10837,10837,1
2019-09-27,15:16:27,10836,10837,10837,2
2019-09-27,15:16:27,10836,10837,10837,1
2019-09-27,15:16:28,10836,10837,10837,1
2019-09-27,15:16:32,10836,10837,10836,25
2019-09-27,15:16:32,10836,10837,10836,6
2019-09-27,15:16:32,10836,10837,10836,1
2019-09-27,15:16:32,10836,10837,10836,1
2019-09-27,15:16:32,10836,10837,10836,1
2019-09-27,15:16:32,10835,10836,10836,1
2019-09-27,15:16:33,10835,10836,10836,4
2019-09-27,15:16:39,10835,10836,10836,1
2019-09-27,15:16:40,10835,10836,10836,2
2019-09-27,15:16:46,10835,10836,10836,4
2019-09-27,15:16:49,10835,10836,10836,1
2019-09-27,15:16:51,10835,10836,10836,1
2019-09-27,15:16:54,10835,10836,10836,1
2019-09-27,15:16:56,10835,10836,10836,1
2019-09-27,15:16:58,10835,10836,10836,2
2019-09-27,15:17:05,10835,10836,10836,1
2019-09-27,15:17:15,10835,10836,10836,1
2019-09-27,15:17:29,10835,10836,10836,2
2019-09-27,15:17:38,10835,10836,10836,1
2019-09-27,15:17:40,10835,10836,10836,6
2019-09-27,15:17:43,10836,10837,10836,4
2019-09-27,15:17:43,10835,10836,10836,2
2019-09-27,15:17:53,10835,10836,10835,1
2019-09-27,15:17:54,10835,10836,10835,1
2019-09-27,15:17:57,10835,10836,10836,2
2019-09-27,15:18:09,10835,10836,10836,2
2019-09-27,15:18:12,10835,10836,10836,1
2019-09-27,15:18:17,10835,10836,10836,4
2019-09-27,15:18:18,10835,10836,10835,1
2019-09-27,15:18:18,10835,10836,10836,1
2019-09-27,15:18:19,10835,10836,10836,1
2019-09-27,15:18:20,10835,10836,10836,2
2019-09-27,15:18:36,10835,10836,10836,1
2019-09-27,15:18:43,10835,10836,10835,3
2019-09-27,15:18:50,10835,10836,10835,1
2019-09-27,15:18:52,10835,10836,10835,1
2019-09-27,15:18:59,10835,10836,10835,1
2019-09-27,15:19:00,10835,10836,10836,2
2019-09-27,15:19:00,10835,10836,10835,1
2019-09-27,15:19:02,10835,10836,10835,1
2019-09-27,15:19:03,10835,10836,10836,1
2019-09-27,15:19:23,10835,10836,10835,1
2019-09-27,15:19:25,10835,10836,10835,2
2019-09-27,15:19:25,10835,10836,10835,33
2019-09-27,15:19:25,10834,10835,10835,2
2019-09-27,15:19:30,10834,10835,10835,2
2019-09-27,15:19:44,10834,10835,10835,1
2019-09-27,15:19:50,10834,10835,10835,2
2019-09-27,15:19:58,10834,10835,10834,1
2019-09-27,15:19:59,10834,10835,10835,8
2019-09-27,15:20:02,10834,10835,10834,1
2019-09-27,15:20:03,10834,10835,10835,1
2019-09-27,15:20:06,10834,10835,10835,1
2019-09-27,15:20:11,10834,10835,10835,3
2019-09-27,15:20:21,10834,10835,10834,1
2019-09-27,15:20:26,10834,10835,10834,1
2019-09-27,15:20:26,10834,10835,10834,5
2019-09-27,15:20:29,10834,10835,10834,1
2019-09-27,15:20:29,10834,10835,10834,2
2019-09-27,15:20:37,10834,10835,10834,1
2019-09-27,15:20:58,10834,10835,10834,1
2019-09-27,15:21:01,10834,10835,10834,1
2019-09-27,15:21:02,10834,10835,10834,10
2019-09-27,15:21:03,10834,10835,10834,3
2019-09-27,15:21:03,10833,10834,10834,1
2019-09-27,15:21:03,10833,10834,10835,2
2019-09-27,15:21:37,10834,10835,10835,4
2019-09-27,15:21:40,10834,10835,10835,1
2019-09-27,15:22:08,10833,10834,10834,1
2019-09-27,15:22:08,10833,10834,10834,1
2019-09-27,15:22:08,10833,10834,10834,1
2019-09-27,15:22:09,10833,10834,10834,4
2019-09-27,15:22:16,10833,10834,10834,1
2019-09-27,15:22:25,10833,10834,10834,2
2019-09-27,15:22:28,10834,10835,10834,1
2019-09-27,15:22:35,10834,10835,10834,5
2019-09-27,15:23:07,10834,10835,10834,1
2019-09-27,15:23:15,10834,10835,10834,1
2019-09-27,15:23:30,10834,10835,10834,1
2019-09-27,15:23:47,10834,10835,10834,1
2019-09-27,15:24:07,10834,10835,10834,5
2019-09-27,15:24:07,10834,10835,10834,2
2019-09-27,15:24:07,10834,10835,10834,1
2019-09-27,15:24:29,10833,10834,10834,1
2019-09-27,15:24:46,10833,10834,10834,1
2019-09-27,15:25:08,10833,10834,10834,1
2019-09-27,15:25:12,10834,10835,10834,1
2019-09-27,15:25:46,10833,10834,10834,3
2019-09-27,15:25:49,10833,10834,10833,5
2019-09-27,15:25:57,10833,10834,10834,1
2019-09-27,15:26:07,10833,10834,10834,2
2019-09-27,15:26:14,10833,10834,10834,1
2019-09-27,15:26:16,10833,10834,10834,4
2019-09-27,15:26:39,10833,10834,10833,1
2019-09-27,15:26:41,10833,10834,10833,12
2019-09-27,15:26:41,10833,10834,10833,11
2019-09-27,15:26:41,10833,10834,10833,2
2019-09-27,15:26:41,10833,10834,10833,3
2019-09-27,15:26:41,10833,10834,10833,2
2019-09-27,15:26:41,10833,10834,10833,1
2019-09-27,15:26:41,10833,10834,10833,1
2019-09-27,15:26:41,10833,10834,10833,2
2019-09-27,15:26:41,10833,10834,10833,1
2019-09-27,15:26:41,10833,10834,10833,2
2019-09-27,15:26:42,10833,10834,10833,2
2019-09-27,15:26:45,10833,10834,10833,1
2019-09-27,15:26:46,10833,10834,10833,11
2019-09-27,15:27:06,10832,10833,10832,2
2019-09-27,15:27:06,10832,10833,10832,1
2019-09-27,15:27:06,10832,10833,10832,1
2019-09-27,15:27:06,10832,10833,10832,2
2019-09-27,15:27:06,10832,10833,10832,7
2019-09-27,15:27:06,10832,10833,10832,1
2019-09-27,15:27:06,10832,10833,10832,4
2019-09-27,15:27:06,10832,10833,10832,13
2019-09-27,15:27:06,10831,10832,10831,1
2019-09-27,15:27:06,10831,10832,10831,1
2019-09-27,15:27:06,10831,10832,10831,1
2019-09-27,15:27:08,10831,10832,10832,1
2019-09-27,15:27:09,10831,10832,10831,3
2019-09-27,15:27:10,10831,10832,10831,1
2019-09-27,15:27:11,10831,10832,10831,27
2019-09-27,15:27:11,10831,10832,10831,1
2019-09-27,15:27:11,10831,10832,10831,2
2019-09-27,15:27:12,10830,10832,10830,1
2019-09-27,15:27:13,10830,10832,10831,1
2019-09-27,15:27:18,10830,10831,10830,1
2019-09-27,15:27:23,10830,10831,10830,2
2019-09-27,15:27:26,10830,10831,10830,1
2019-09-27,15:27:30,10830,10831,10830,1
2019-09-27,15:27:31,10830,10831,10830,1
2019-09-27,15:27:31,10830,10831,10830,3
2019-09-27,15:27:34,10830,10831,10830,1
2019-09-27,15:27:34,10830,10831,10830,1
2019-09-27,15:27:34,10830,10831,10830,1
2019-09-27,15:27:35,10830,10831,10830,1
2019-09-27,15:27:36,10830,10831,10830,1
2019-09-27,15:27:39,10830,10831,10830,2
2019-09-27,15:27:39,10830,10831,10830,1
2019-09-27,15:27:39,10830,10831,10830,1
2019-09-27,15:27:40,10830,10831,10830,4
2019-09-27,15:27:40,10830,10831,10831,12
2019-09-27,15:27:41,10831,10832,10831,1
2019-09-27,15:27:41,10831,10832,10831,1
2019-09-27,15:27:46,10831,10832,10831,1
2019-09-27,15:27:48,10831,10832,10831,2
2019-09-27,15:27:49,10831,10832,10831,1
2019-09-27,15:27:56,10831,10832,10831,1
2019-09-27,15:28:06,10831,10832,10831,1
2019-09-27,15:28:07,10831,10832,10831,1
2019-09-27,15:28:08,10831,10832,10831,1
2019-09-27,15:28:12,10831,10832,10831,1
2019-09-27,15:28:18,10831,10832,10831,1
2019-09-27,15:28:33,10831,10832,10831,1
2019-09-27,15:28:37,10831,10832,10831,1
2019-09-27,15:28:40,10831,10832,10831,1
2019-09-27,15:28:42,10831,10832,10831,1
2019-09-27,15:28:43,10831,10832,10831,4
2019-09-27,15:28:44,10831,10832,10831,1
2019-09-27,15:28:47,10831,10832,10831,2
2019-09-27,15:28:51,10831,10832,10831,1
2019-09-27,15:29:13,10831,10832,10831,1
2019-09-27,15:29:23,10831,10832,10832,2
2019-09-27,15:29:38,10831,10832,10832,1
2019-09-27,15:29:41,10831,10832,10832,8
2019-09-27,15:29:58,10831,10832,10832,1
2019-09-27,15:30:02,10831,10832,10832,2
2019-09-27,15:30:03,10831,10832,10832,1
2019-09-27,15:30:07,10831,10832,10831,6
2019-09-27,15:30:13,10831,10832,10831,1
2019-09-27,15:30:26,10831,10832,10831,1
2019-09-27,15:30:46,10831,10832,10831,1
2019-09-27,15:31:08,10831,10832,10831,1
2019-09-27,15:31:14,10831,10832,10831,1
2019-09-27,15:31:17,10831,10832,10831,1
2019-09-27,15:31:31,10831,10832,10832,1
2019-09-27,15:31:40,10831,10832,10831,1
2019-09-27,15:31:59,10831,10832,10831,3
2019-09-27,15:32:14,10831,10832,10831,12
2019-09-27,15:32:19,10831,10832,10831,2
2019-09-27,15:32:23,10831,10832,10832,1
2019-09-27,15:32:29,10831,10832,10832,1
2019-09-27,15:32:29,10831,10832,10831,5
2019-09-27,15:32:30,10831,10832,10832,4
2019-09-27,15:32:35,10831,10832,10831,1
2019-09-27,15:32:37,10831,10832,10831,3
2019-09-27,15:32:49,10831,10832,10831,5
2019-09-27,15:32:55,10831,10832,10832,8
2019-09-27,15:33:02,10832,10833,10832,2
2019-09-27,15:33:11,10832,10833,10832,1
2019-09-27,15:33:13,10832,10833,10832,1
2019-09-27,15:33:26,10832,10833,10832,1
2019-09-27,15:33:48,10832,10833,10832,1
2019-09-27,15:33:57,10832,10833,10832,1
2019-09-27,15:33:57,10832,10833,10832,3
2019-09-27,15:34:02,10831,10832,10832,2
2019-09-27,15:34:02,10831,10832,10833,46
2019-09-27,15:34:02,10831,10832,10834,7
2019-09-27,15:34:02,10832,10834,10834,26
2019-09-27,15:34:02,10834,10835,10834,4
2019-09-27,15:34:02,10834,10835,10834,26
2019-09-27,15:34:05,10833,10834,10834,11
2019-09-27,15:34:06,10833,10834,10834,3
2019-09-27,15:34:07,10833,10834,10834,4
2019-09-27,15:34:07,10833,10834,10835,4
2019-09-27,15:34:10,10833,10834,10834,7
2019-09-27,15:34:12,10833,10835,10835,1
2019-09-27,15:34:16,10833,10834,10834,1
2019-09-27,15:34:20,10833,10835,10835,1
2019-09-27,15:34:22,10833,10834,10834,1
2019-09-27,15:34:24,10834,10835,10834,3
2019-09-27,15:34:24,10833,10835,10835,1
2019-09-27,15:34:38,10833,10834,10834,2
2019-09-27,15:34:57,10834,10835,10834,1
2019-09-27,15:35:09,10834,10835,10835,1
2019-09-27,15:35:33,10834,10835,10835,1
2019-09-27,15:35:35,10834,10835,10835,1
2019-09-27,15:35:39,10834,10835,10834,1
2019-09-27,15:35:47,10834,10835,10834,2
2019-09-27,15:35:47,10834,10835,10834,4
2019-09-27,15:35:47,10834,10835,10834,3
2019-09-27,15:35:48,10833,10834,10833,1
2019-09-27,15:35:49,10833,10834,10834,1
2019-09-27,15:35:52,10833,10834,10834,1
2019-09-27,15:36:14,10833,10834,10833,1
2019-09-27,15:36:16,10833,10834,10834,5
2019-09-27,15:36:22,10834,10835,10834,1
2019-09-27,15:36:25,10834,10835,10834,1
2019-09-27,15:36:30,10834,10835,10834,1
2019-09-27,15:36:31,10834,10835,10834,1
2019-09-27,15:36:49,10834,10835,10834,1
2019-09-27,15:37:02,10834,10835,10834,4
2019-09-27,15:37:07,10834,10835,10834,1
2019-09-27,15:37:08,10833,10834,10834,1
2019-09-27,15:37:14,10834,10835,10834,2
2019-09-27,15:37:35,10833,10834,10834,2
2019-09-27,15:37:42,10833,10834,10834,1
2019-09-27,15:37:44,10833,10834,10833,30
2019-09-27,15:38:06,10833,10834,10834,1
2019-09-27,15:38:08,10833,10835,10835,2
2019-09-27,15:38:17,10833,10835,10835,5
2019-09-27,15:38:25,10833,10835,10833,4
2019-09-27,15:38:28,10833,10834,10834,1
2019-09-27,15:38:42,10833,10834,10833,1
2019-09-27,15:38:57,10834,10835,10834,1
2019-09-27,15:39:08,10833,10834,10833,1
2019-09-27,15:39:19,10833,10834,10833,1
2019-09-27,15:39:55,10833,10834,10834,2
2019-09-27,15:40:01,10834,10835,10834,2
2019-09-27,15:40:01,10834,10835,10834,1
2019-09-27,15:40:13,10834,10835,10834,1
2019-09-27,15:40:13,10834,10835,10834,3
2019-09-27,15:40:18,10833,10834,10834,1
2019-09-27,15:40:18,10833,10834,10834,2
2019-09-27,15:40:34,10833,10834,10834,2
2019-09-27,15:41:03,10833,10834,10834,5
2019-09-27,15:41:15,10833,10834,10834,1
2019-09-27,15:41:22,10833,10834,10834,2
2019-09-27,15:41:26,10833,10834,10834,1
2019-09-27,15:42:02,10833,10834,10834,1
2019-09-27,15:42:34,10833,10834,10834,10
2019-09-27,15:42:34,10833,10834,10834,10
2019-09-27,15:42:37,10833,10834,10834,1
2019-09-27,15:42:37,10833,10834,10834,1
2019-09-27,15:42:46,10834,10835,10834,1
2019-09-27,15:42:53,10834,10835,10834,1
2019-09-27,15:43:39,10834,10835,10835,10
2019-09-27,15:43:40,10834,10835,10834,1
2019-09-27,15:43:45,10834,10835,10835,1
2019-09-27,15:43:45,10834,10835,10834,1
2019-09-27,15:43:46,10834,10835,10835,1
2019-09-27,15:43:48,10834,10835,10835,1
2019-09-27,15:44:21,10834,10835,10835,10
2019-09-27,15:44:21,10834,10835,10835,1
2019-09-27,15:44:21,10834,10835,10835,1
2019-09-27,15:44:34,10834,10835,10835,1
2019-09-27,15:44:41,10834,10835,10835,1
2019-09-27,15:45:43,10834,10835,10835,1
2019-09-27,15:45:44,10834,10835,10835,1
2019-09-27,15:45:45,10834,10835,10834,1
2019-09-27,15:45:45,10834,10835,10835,2
2019-09-27,15:45:47,10834,10835,10835,1
2019-09-27,15:46:26,10834,10835,10834,2
2019-09-27,15:46:26,10834,10835,10834,5
2019-09-27,15:46:28,10833,10834,10834,1
2019-09-27,15:46:33,10833,10834,10834,1
2019-09-27,15:46:38,10833,10834,10834,6
2019-09-27,15:46:41,10834,10835,10834,1
2019-09-27,15:46:51,10834,10835,10834,5
2019-09-27,15:47:07,10834,10835,10834,1
2019-09-27,15:47:12,10834,10835,10835,1
2019-09-27,15:47:13,10834,10835,10835,1
2019-09-27,15:47:15,10834,10835,10835,1
2019-09-27,15:47:20,10834,10835,10834,1
2019-09-27,15:47:42,10834,10835,10834,1
2019-09-27,15:48:14,10834,10835,10835,5
2019-09-27,15:48:14,10834,10835,10835,2
2019-09-27,15:48:15,10834,10835,10835,2
2019-09-27,15:49:16,10834,10835,10835,2
2019-09-27,15:49:18,10834,10835,10834,1
2019-09-27,15:49:28,10834,10835,10835,1
2019-09-27,15:49:51,10834,10835,10834,8
2019-09-27,15:49:51,10833,10834,10834,2
2019-09-27,15:50:07,10833,10834,10834,3
2019-09-27,15:50:20,10833,10834,10833,1
2019-09-27,15:50:21,10833,10834,10834,1
2019-09-27,15:50:22,10833,10834,10834,1
2019-09-27,15:50:25,10833,10834,10834,1
2019-09-27,15:50:26,10833,10834,10834,1
2019-09-27,15:51:06,10833,10834,10833,1
2019-09-27,15:52:23,10833,10834,10833,1
2019-09-27,15:52:27,10833,10834,10833,1
2019-09-27,15:52:32,10833,10834,10834,1
2019-09-27,15:52:37,10833,10834,10834,4
2019-09-27,15:52:37,10833,10834,10834,2
2019-09-27,15:52:37,10833,10834,10834,1
2019-09-27,15:52:37,10833,10834,10834,1
2019-09-27,15:53:29,10834,10835,10834,1
2019-09-27,15:53:29,10834,10835,10834,2
2019-09-27,15:53:29,10834,10835,10834,1
2019-09-27,15:53:29,10834,10835,10834,6
2019-09-27,15:53:29,10834,10835,10834,4
2019-09-27,15:53:30,10833,10834,10834,1
2019-09-27,15:53:49,10834,10835,10834,1
2019-09-27,15:54:02,10834,10835,10834,1
2019-09-27,15:54:10,10834,10835,10834,1
2019-09-27,15:54:31,10834,10835,10834,1
2019-09-27,15:54:37,10834,10835,10834,1
2019-09-27,15:54:53,10834,10835,10834,1
2019-09-27,15:55:03,10834,10835,10834,1
2019-09-27,15:55:22,10834,10835,10834,2
2019-09-27,15:55:48,10834,10835,10834,1
2019-09-27,15:55:48,10833,10834,10834,1
2019-09-27,15:56:10,10834,10835,10834,1
2019-09-27,15:56:26,10834,10835,10834,1
2019-09-27,15:56:35,10834,10835,10835,1
2019-09-27,15:56:57,10834,10835,10834,2
2019-09-27,15:57:12,10834,10835,10835,1
2019-09-27,15:57:18,10834,10835,10834,4
2019-09-27,15:57:56,10834,10835,10835,21
2019-09-27,15:57:56,10834,10835,10835,17
2019-09-27,15:57:56,10834,10835,10835,3
2019-09-27,15:58:14,10835,10836,10835,6
2019-09-27,15:58:20,10835,10836,10835,1
2019-09-27,15:58:21,10835,10836,10835,1
2019-09-27,15:58:26,10835,10836,10835,1
2019-09-27,15:58:31,10835,10836,10835,2
2019-09-27,15:58:37,10834,10835,10834,10
2019-09-27,15:59:41,10834,10835,10834,7
2019-09-27,16:00:12,10833,10834,10834,1
2019-09-27,16:01:10,10833,10834,10833,10
2019-09-27,16:01:10,10833,10834,10833,2
2019-09-27,16:01:10,10833,10834,10833,8
2019-09-27,16:01:10,10833,10834,10833,3
2019-09-27,16:01:10,10833,10834,10833,1
2019-09-27,16:01:10,10833,10834,10833,4
2019-09-27,16:01:10,10833,10834,10833,2
2019-09-27,16:01:10,10833,10834,10833,2
2019-09-27,16:01:10,10833,10834,10833,2
2019-09-27,16:01:10,10833,10834,10833,4
2019-09-27,16:01:10,10833,10834,10834,1
2019-09-27,16:02:45,10832,10833,10833,9
2019-09-27,16:02:53,10833,10834,10833,1
2019-09-27,16:02:59,10833,10834,10833,1
2019-09-27,16:03:02,10833,10834,10833,2
2019-09-27,16:03:36,10833,10834,10834,4
2019-09-27,16:03:54,10833,10834,10834,1
2019-09-27,16:04:24,10833,10834,10833,10
2019-09-27,16:04:25,10833,10834,10834,2
2019-09-27,16:04:32,10833,10834,10834,4
2019-09-27,16:04:37,10833,10834,10834,2
2019-09-27,16:04:39,10834,10835,10835,1
2019-09-27,16:04:39,10834,10835,10835,1
2019-09-27,16:04:46,10834,10835,10835,12
2019-09-27,16:04:46,10834,10835,10835,2
2019-09-27,16:04:46,10834,10835,10835,6
2019-09-27,16:04:52,10835,10836,10836,1
2019-09-27,16:04:52,10835,10836,10835,1
2019-09-27,16:04:52,10835,10836,10836,10
2019-09-27,16:04:52,10835,10836,10836,1
2019-09-27,16:04:52,10835,10836,10836,3
2019-09-27,16:04:53,10835,10836,10836,1
2019-09-27,16:04:53,10835,10836,10836,2
2019-09-27,16:04:53,10835,10836,10836,1
2019-09-27,16:04:54,10835,10836,10836,2
2019-09-27,16:05:15,10835,10836,10835,1
2019-09-27,16:05:18,10835,10836,10836,1
2019-09-27,16:05:32,10835,10836,10836,2
2019-09-27,16:05:32,10835,10836,10836,2
2019-09-27,16:05:32,10835,10836,10836,1
2019-09-27,16:05:32,10835,10836,10836,14
2019-09-27,16:05:32,10835,10836,10836,1
2019-09-27,16:05:32,10835,10836,10836,2
2019-09-27,16:05:32,10835,10836,10836,1
2019-09-27,16:05:32,10835,10836,10836,7
2019-09-27,16:05:32,10835,10836,10836,1
2019-09-27,16:05:59,10836,10837,10836,10
2019-09-27,16:06:07,10836,10837,10836,1
2019-09-27,16:06:10,10836,10837,10836,1
2019-09-27,16:06:13,10836,10837,10836,1
2019-09-27,16:06:34,10836,10837,10837,40
2019-09-27,16:06:34,10836,10837,10837,1
2019-09-27,16:06:34,10836,10837,10837,2
2019-09-27,16:06:34,10836,10837,10837,1
2019-09-27,16:06:34,10836,10837,10837,4
2019-09-27,16:06:34,10836,10837,10837,4
2019-09-27,16:06:34,10836,10837,10837,2
2019-09-27,16:06:34,10836,10837,10837,2
2019-09-27,16:06:34,10836,10837,10837,2
2019-09-27,16:06:34,10836,10837,10837,2
2019-09-27,16:06:34,10837,10838,10838,1
2019-09-27,16:06:35,10837,10838,10838,1
2019-09-27,16:06:35,10837,10838,10838,2
2019-09-27,16:06:35,10837,10838,10838,2
2019-09-27,16:06:35,10837,10838,10838,2
2019-09-27,16:06:35,10837,10838,10838,1
2019-09-27,16:06:39,10837,10838,10838,2
2019-09-27,16:06:49,10837,10838,10838,1
2019-09-27,16:06:56,10837,10838,10838,2
2019-09-27,16:06:59,10837,10838,10837,1
2019-09-27,16:07:03,10837,10838,10837,1
2019-09-27,16:07:09,10837,10838,10837,2
2019-09-27,16:07:09,10837,10838,10837,1
2019-09-27,16:07:09,10837,10838,10837,4
2019-09-27,16:07:09,10837,10838,10837,1
2019-09-27,16:07:09,10837,10838,10837,1
2019-09-27,16:07:10,10836,10837,10837,10
2019-09-27,16:07:13,10836,10837,10837,2
2019-09-27,16:07:29,10836,10837,10837,1
2019-09-27,16:07:29,10836,10837,10837,4
2019-09-27,16:07:29,10836,10837,10837,3
2019-09-27,16:07:29,10836,10837,10837,2
2019-09-27,16:07:29,10836,10837,10837,1
2019-09-27,16:07:35,10837,10838,10837,1
2019-09-27,16:07:44,10837,10838,10837,3
2019-09-27,16:07:47,10837,10838,10837,1
2019-09-27,16:07:48,10837,10838,10838,1
2019-09-27,16:07:55,10837,10838,10837,5
2019-09-27,16:08:00,10837,10838,10838,10
2019-09-27,16:08:02,10837,10838,10838,1
2019-09-27,16:08:09,10837,10838,10837,10
2019-09-27,16:08:11,10836,10837,10837,2
2019-09-27,16:08:17,10836,10837,10837,2
2019-09-27,16:08:22,10836,10837,10837,2
2019-09-27,16:08:23,10836,10837,10837,1
2019-09-27,16:08:25,10836,10837,10837,2
2019-09-27,16:08:28,10836,10837,10837,1
2019-09-27,16:08:31,10836,10837,10837,21
2019-09-27,16:08:37,10837,10838,10837,1
2019-09-27,16:09:07,10837,10838,10837,1
2019-09-27,16:09:14,10837,10838,10837,1
2019-09-27,16:09:26,10837,10838,10837,1
2019-09-27,16:09:27,10837,10838,10838,1
2019-09-27,16:09:34,10837,10838,10837,19
2019-09-27,16:09:34,10836,10837,10837,1
2019-09-27,16:09:44,10836,10837,10837,1
2019-09-27,16:10:05,10836,10837,10837,5
2019-09-27,16:10:08,10836,10837,10837,1
2019-09-27,16:10:09,10836,10837,10837,2
2019-09-27,16:10:10,10836,10837,10837,2
2019-09-27,16:10:19,10837,10838,10837,8
2019-09-27,16:10:19,10837,10838,10837,1
2019-09-27,16:10:24,10836,10837,10837,1
2019-09-27,16:10:45,10836,10837,10837,2
2019-09-27,16:10:53,10836,10837,10837,1
2019-09-27,16:10:59,10836,10837,10837,1
2019-09-27,16:11:06,10836,10837,10836,2
2019-09-27,16:11:12,10836,10837,10836,3
2019-09-27,16:12:11,10836,10837,10836,1
2019-09-27,16:12:33,10836,10837,10836,5
2019-09-27,16:12:46,10836,10837,10836,5
2019-09-27,16:13:57,10836,10837,10836,2
2019-09-27,16:13:58,10836,10837,10837,4
2019-09-27,16:14:21,10836,10837,10836,1
2019-09-27,16:14:59,10836,10837,10836,1
2019-09-27,16:15:07,10836,10837,10837,1
2019-09-27,16:15:15,10836,10837,10837,1
2019-09-27,16:15:15,10836,10837,10837,1
2019-09-27,16:15:21,10836,10837,10837,1
2019-09-27,16:15:42,10836,10837,10837,1
2019-09-27,16:16:01,10836,10837,10837,5
2019-09-27,16:16:02,10836,10837,10837,1
2019-09-27,16:16:03,10836,10837,10836,1
2019-09-27,16:16:10,10836,10837,10837,2
2019-09-27,16:16:37,10836,10837,10837,1
2019-09-27,16:16:44,10836,10837,10837,5
2019-09-27,16:16:47,10836,10837,10837,5
2019-09-27,16:16:54,10836,10837,10837,1
2019-09-27,16:16:58,10836,10837,10837,3
2019-09-27,16:17:02,10836,10837,10837,1
2019-09-27,16:17:35,10836,10837,10837,1
2019-09-27,16:17:35,10836,10837,10837,3
2019-09-27,16:17:42,10836,10837,10837,1
2019-09-27,16:18:04,10837,10838,10837,1
2019-09-27,16:18:04,10837,10838,10837,2
2019-09-27,16:18:04,10837,10838,10838,2
2019-09-27,16:18:13,10837,10838,10837,1
2019-09-27,16:18:13,10837,10838,10837,1
2019-09-27,16:18:30,10837,10838,10838,3
2019-09-27,16:18:31,10837,10838,10838,1
2019-09-27,16:18:37,10837,10838,10837,2
2019-09-27,16:18:41,10837,10838,10837,3
2019-09-27,16:18:52,10837,10838,10837,1
2019-09-27,16:19:18,10837,10838,10837,2
2019-09-27,16:19:23,10836,10837,10836,1
2019-09-27,16:19:26,10836,10837,10837,2
2019-09-27,16:19:26,10836,10837,10837,1
2019-09-27,16:19:26,10836,10837,10837,1
2019-09-27,16:19:36,10837,10838,10838,2
2019-09-27,16:19:36,10837,10838,10838,10
2019-09-27,16:19:36,10837,10838,10838,1
2019-09-27,16:19:36,10837,10838,10838,1
2019-09-27,16:19:37,10837,10838,10838,5
2019-09-27,16:19:37,10837,10838,10838,1
2019-09-27,16:19:37,10837,10838,10838,4
2019-09-27,16:19:37,10837,10838,10838,2
2019-09-27,16:19:37,10837,10838,10838,1
2019-09-27,16:19:37,10837,10838,10838,4
2019-09-27,16:19:37,10837,10838,10838,16
2019-09-27,16:19:44,10838,10839,10839,1
2019-09-27,16:19:44,10838,10839,10839,1
2019-09-27,16:19:44,10838,10839,10839,20
2019-09-27,16:19:44,10838,10839,10839,10
2019-09-27,16:19:44,10838,10839,10839,4
2019-09-27,16:19:44,10838,10839,10839,1
2019-09-27,16:19:44,10838,10839,10839,5
2019-09-27,16:19:44,10838,10839,10839,2
2019-09-27,16:19:44,10838,10839,10839,2
2019-09-27,16:19:45,10838,10839,10839,1
2019-09-27,16:19:45,10838,10839,10839,1
2019-09-27,16:19:45,10838,10839,10839,5
2019-09-27,16:19:46,10838,10839,10838,37
2019-09-27,16:19:46,10838,10839,10838,1
2019-09-27,16:19:46,10838,10839,10838,3
2019-09-27,16:19:46,10837,10838,10838,5
2019-09-27,16:19:46,10837,10838,10838,1
2019-09-27,16:19:46,10837,10838,10839,2
2019-09-27,16:19:49,10838,10839,10839,1
2019-09-27,16:19:55,10838,10839,10838,1
2019-09-27,16:19:55,10838,10839,10838,2
2019-09-27,16:19:56,10838,10839,10839,1
2019-09-27,16:19:57,10838,10839,10839,1
2019-09-27,16:19:59,10838,10839,10839,1
2019-09-27,16:20:00,10838,10839,10839,1
2019-09-27,16:20:01,10838,10839,10839,1
2019-09-27,16:20:01,10838,10839,10839,1
2019-09-27,16:20:01,10838,10839,10839,1
2019-09-27,16:20:01,10838,10839,10839,12
2019-09-27,16:20:02,10838,10839,10839,1
2019-09-27,16:20:02,10838,10839,10839,1
2019-09-27,16:20:02,10838,10839,10839,1
2019-09-27,16:20:02,10838,10839,10839,1
2019-09-27,16:20:03,10838,10839,10839,1
2019-09-27,16:20:03,10838,10839,10839,1
2019-09-27,16:20:03,10838,10839,10839,1
2019-09-27,16:20:04,10838,10839,10839,1
2019-09-27,16:20:04,10838,10839,10839,1
2019-09-27,16:20:04,10838,10839,10839,1
2019-09-27,16:20:05,10838,10839,10839,1
2019-09-27,16:20:05,10838,10839,10839,1
2019-09-27,16:20:05,10838,10839,10839,1
2019-09-27,16:20:06,10838,10839,10839,1
2019-09-27,16:20:06,10838,10839,10839,5
2019-09-27,16:20:11,10838,10839,10839,5
2019-09-27,16:20:12,10838,10839,10839,1
2019-09-27,16:20:12,10838,10839,10839,10
2019-09-27,16:20:12,10838,10839,10839,33
2019-09-27,16:20:14,10839,10840,10840,1
2019-09-27,16:20:14,10839,10840,10840,4
2019-09-27,16:20:15,10839,10840,10840,2
2019-09-27,16:20:15,10839,10840,10840,1
2019-09-27,16:20:15,10839,10840,10840,1
2019-09-27,16:20:15,10839,10840,10840,1
2019-09-27,16:20:15,10839,10840,10840,2
2019-09-27,16:20:15,10839,10840,10840,1
2019-09-27,16:20:15,10839,10840,10840,1
2019-09-27,16:20:15,10839,10840,10840,1
2019-09-27,16:20:15,10839,10840,10840,1
2019-09-27,16:20:15,10839,10840,10840,1
2019-09-27,16:20:16,10839,10840,10840,1
2019-09-27,16:20:16,10839,10840,10840,1
2019-09-27,16:20:16,10839,10840,10840,3
2019-09-27,16:20:18,10839,10840,10840,2
2019-09-27,16:20:18,10839,10840,10840,4
2019-09-27,16:20:19,10839,10840,10840,1
2019-09-27,16:20:19,10839,10840,10840,1
2019-09-27,16:20:19,10839,10840,10840,1
2019-09-27,16:20:19,10839,10840,10840,6
2019-09-27,16:20:19,10839,10840,10840,2
2019-09-27,16:20:19,10839,10840,10840,4
2019-09-27,16:20:19,10839,10840,10840,1
2019-09-27,16:20:19,10839,10840,10840,1
2019-09-27,16:20:19,10839,10840,10840,3
2019-09-27,16:20:19,10839,10840,10840,1
2019-09-27,16:20:19,10839,10840,10840,2
2019-09-27,16:20:19,10839,10840,10840,3
2019-09-27,16:20:19,10839,10840,10840,3
2019-09-27,16:20:21,10840,10841,10841,1
2019-09-27,16:20:21,10840,10841,10841,9
2019-09-27,16:20:21,10840,10841,10841,1
2019-09-27,16:20:24,10840,10841,10840,1
2019-09-27,16:20:26,10840,10841,10840,1
2019-09-27,16:20:27,10840,10841,10840,1
2019-09-27,16:20:29,10840,10841,10840,1
2019-09-27,16:20:33,10840,10841,10841,1
2019-09-27,16:20:34,10840,10841,10841,1
2019-09-27,16:20:35,10840,10841,10840,1
2019-09-27,16:20:36,10840,10841,10840,1
2019-09-27,16:20:37,10840,10841,10840,1
2019-09-27,16:20:40,10840,10841,10840,1
2019-09-27,16:20:43,10840,10841,10840,1
2019-09-27,16:20:45,10840,10841,10840,10
2019-09-27,16:20:45,10840,10841,10841,40
2019-09-27,16:20:46,10841,10842,10841,1
2019-09-27,16:20:52,10841,10842,10841,1
2019-09-27,16:20:52,10841,10842,10841,10
2019-09-27,16:20:55,10841,10842,10841,2
2019-09-27,16:20:56,10841,10842,10842,16
2019-09-27,16:20:56,10841,10842,10842,4
2019-09-27,16:20:56,10841,10842,10842,1
2019-09-27,16:20:56,10841,10842,10842,3
2019-09-27,16:20:56,10841,10842,10842,2
2019-09-27,16:20:56,10841,10842,10842,2
2019-09-27,16:20:56,10841,10842,10842,1
2019-09-27,16:20:56,10841,10842,10841,2
2019-09-27,16:20:56,10841,10842,10842,2
2019-09-27,16:20:57,10841,10842,10842,2
2019-09-27,16:20:57,10841,10842,10842,1
2019-09-27,16:20:57,10841,10842,10841,1
2019-09-27,16:20:58,10841,10842,10842,4
2019-09-27,16:20:59,10841,10842,10842,5
2019-09-27,16:21:01,10841,10842,10842,1
2019-09-27,16:21:01,10841,10842,10842,1
2019-09-27,16:21:02,10841,10842,10842,1
2019-09-27,16:21:02,10841,10842,10842,1
2019-09-27,16:21:03,10841,10842,10842,6
2019-09-27,16:21:05,10842,10843,10842,5
2019-09-27,16:21:05,10841,10842,10842,1
2019-09-27,16:21:10,10842,10843,10842,1
2019-09-27,16:21:10,10842,10843,10843,1
2019-09-27,16:21:11,10842,10843,10843,4
2019-09-27,16:21:11,10842,10843,10843,1
2019-09-27,16:21:11,10842,10843,10843,1
2019-09-27,16:21:11,10842,10843,10843,1
2019-09-27,16:21:11,10842,10843,10843,2
2019-09-27,16:21:11,10842,10843,10843,2
2019-09-27,16:21:11,10842,10843,10843,1
2019-09-27,16:21:13,10842,10843,10843,1
2019-09-27,16:21:14,10842,10843,10842,1
2019-09-27,16:21:14,10842,10843,10843,1
2019-09-27,16:21:16,10842,10843,10843,2
2019-09-27,16:21:18,10842,10843,10843,1
2019-09-27,16:21:20,10842,10843,10842,1
2019-09-27,16:21:22,10842,10843,10843,2
2019-09-27,16:21:26,10842,10843,10843,1
2019-09-27,16:21:28,10842,10843,10843,1
2019-09-27,16:21:30,10842,10843,10842,1
2019-09-27,16:21:33,10842,10843,10843,3
2019-09-27,16:21:33,10842,10843,10842,1
2019-09-27,16:21:36,10842,10843,10843,2
2019-09-27,16:21:43,10842,10843,10842,1
2019-09-27,16:21:43,10842,10843,10843,4
2019-09-27,16:21:43,10842,10843,10843,1
2019-09-27,16:21:43,10842,10843,10843,1
2019-09-27,16:21:44,10842,10843,10843,1
2019-09-27,16:21:44,10842,10843,10843,1
2019-09-27,16:21:44,10842,10843,10843,1
2019-09-27,16:21:45,10842,10843,10843,1
2019-09-27,16:21:45,10842,10843,10842,1
2019-09-27,16:21:45,10842,10843,10843,1
2019-09-27,16:21:45,10842,10843,10843,1
2019-09-27,16:21:46,10842,10843,10843,1
2019-09-27,16:21:46,10842,10843,10843,1
2019-09-27,16:21:46,10842,10843,10843,1
2019-09-27,16:21:46,10842,10843,10843,1
2019-09-27,16:21:47,10842,10843,10843,1
2019-09-27,16:21:47,10842,10843,10842,1
2019-09-27,16:21:48,10842,10843,10843,3
2019-09-27,16:21:49,10842,10843,10843,3
2019-09-27,16:21:49,10842,10843,10844,4
2019-09-27,16:21:49,10842,10844,10844,3
2019-09-27,16:21:49,10842,10844,10844,2
2019-09-27,16:21:49,10842,10844,10844,2
2019-09-27,16:21:49,10843,10844,10843,1
2019-09-27,16:21:49,10843,10844,10842,1
2019-09-27,16:21:49,10843,10844,10842,1
2019-09-27,16:21:49,10843,10844,10842,1
2019-09-27,16:21:49,10842,10844,10843,1
2019-09-27,16:21:49,10843,10844,10844,3
2019-09-27,16:21:51,10843,10844,10844,6
2019-09-27,16:21:51,10843,10844,10843,1
2019-09-27,16:21:52,10843,10844,10844,7
2019-09-27,16:21:54,10843,10844,10844,5
2019-09-27,16:21:54,10843,10844,10843,1
2019-09-27,16:21:54,10843,10844,10844,5
2019-09-27,16:21:55,10843,10844,10844,1
2019-09-27,16:21:55,10843,10845,10845,5
2019-09-27,16:21:55,10843,10845,10845,2
2019-09-27,16:21:55,10843,10845,10845,1
2019-09-27,16:21:55,10843,10845,10845,1
2019-09-27,16:21:55,10843,10845,10845,1
2019-09-27,16:21:55,10843,10845,10845,1
2019-09-27,16:21:56,10843,10845,10845,1
2019-09-27,16:21:56,10843,10845,10845,4
2019-09-27,16:21:56,10843,10845,10843,1
2019-09-27,16:21:56,10843,10845,10843,1
2019-09-27,16:21:56,10843,10845,10845,3
2019-09-27,16:21:56,10843,10845,10845,1
2019-09-27,16:22:00,10844,10845,10845,1
2019-09-27,16:22:01,10844,10845,10845,1
2019-09-27,16:22:02,10844,10845,10845,4
2019-09-27,16:22:02,10844,10845,10845,1
2019-09-27,16:22:03,10844,10845,10844,1
2019-09-27,16:22:05,10844,10845,10845,1
2019-09-27,16:22:05,10844,10845,10844,1
2019-09-27,16:22:05,10844,10845,10844,1
2019-09-27,16:22:07,10844,10845,10844,1
2019-09-27,16:22:08,10844,10845,10844,5
2019-09-27,16:22:10,10844,10845,10844,1
2019-09-27,16:22:13,10844,10845,10844,5
2019-09-27,16:22:14,10844,10845,10844,1
2019-09-27,16:22:15,10844,10845,10845,2
2019-09-27,16:22:15,10844,10845,10844,2
2019-09-27,16:22:17,10843,10844,10843,16
2019-09-27,16:22:17,10843,10844,10844,1
2019-09-27,16:22:17,10843,10844,10844,1
2019-09-27,16:22:17,10843,10844,10844,2
2019-09-27,16:22:17,10843,10844,10844,1
2019-09-27,16:22:18,10843,10844,10844,1
2019-09-27,16:22:18,10843,10844,10843,1
2019-09-27,16:22:18,10843,10844,10844,1
2019-09-27,16:22:18,10843,10844,10844,1
2019-09-27,16:22:18,10843,10844,10844,1
2019-09-27,16:22:18,10843,10844,10844,1
2019-09-27,16:22:18,10843,10844,10844,1
2019-09-27,16:22:20,10843,10844,10844,1
2019-09-27,16:22:25,10843,10844,10843,1
2019-09-27,16:22:26,10843,10844,10843,16
2019-09-27,16:22:27,10842,10844,10844,1
2019-09-27,16:22:28,10843,10844,10844,5
2019-09-27,16:22:29,10843,10844,10844,1
2019-09-27,16:22:30,10843,10844,10844,1
2019-09-27,16:22:30,10843,10844,10844,1
2019-09-27,16:22:30,10843,10844,10844,1
2019-09-27,16:22:31,10843,10844,10844,1
2019-09-27,16:22:32,10843,10844,10844,1
2019-09-27,16:22:32,10843,10844,10843,1
2019-09-27,16:22:33,10843,10844,10844,1
2019-09-27,16:22:33,10843,10844,10844,1
2019-09-27,16:22:34,10843,10844,10844,1
2019-09-27,16:22:34,10843,10844,10844,1
2019-09-27,16:22:39,10843,10844,10844,1
2019-09-27,16:22:39,10843,10844,10844,1
2019-09-27,16:22:40,10843,10844,10844,1
2019-09-27,16:22:47,10843,10844,10844,1
2019-09-27,16:22:50,10843,10844,10843,1
2019-09-27,16:22:50,10843,10844,10843,1
2019-09-27,16:22:52,10843,10844,10844,1
2019-09-27,16:22:53,10843,10844,10843,6
2019-09-27,16:22:53,10842,10843,10843,3
2019-09-27,16:22:56,10842,10843,10842,1
2019-09-27,16:22:56,10842,10843,10843,1
2019-09-27,16:22:56,10842,10843,10843,1
2019-09-27,16:23:03,10842,10843,10843,1
2019-09-27,16:23:03,10842,10843,10843,1
2019-09-27,16:23:05,10842,10843,10843,1
2019-09-27,16:23:07,10842,10843,10843,5
2019-09-27,16:23:07,10842,10843,10843,1
2019-09-27,16:23:09,10842,10843,10843,1
2019-09-27,16:23:12,10843,10844,10843,2
2019-09-27,16:23:14,10843,10844,10842,2
2019-09-27,16:23:14,10843,10844,10843,1
2019-09-27,16:23:14,10842,10844,10842,2
2019-09-27,16:23:15,10842,10843,10843,1
2019-09-27,16:23:21,10843,10844,10843,1
2019-09-27,16:23:23,10843,10844,10843,4
2019-09-27,16:23:24,10843,10844,10844,1
2019-09-27,16:23:25,10843,10844,10844,12
2019-09-27,16:23:28,10843,10844,10844,20
2019-09-27,16:23:28,10843,10844,10844,2
2019-09-27,16:23:29,10843,10844,10844,1
2019-09-27,16:23:29,10843,10844,10844,1
2019-09-27,16:23:30,10843,10844,10844,1
2019-09-27,16:23:32,10843,10844,10844,1
2019-09-27,16:23:34,10843,10844,10844,1
2019-09-27,16:23:35,10843,10844,10844,5
2019-09-27,16:23:37,10843,10844,10844,1
2019-09-27,16:23:37,10843,10844,10844,1
2019-09-27,16:23:38,10843,10844,10844,2
2019-09-27,16:23:40,10843,10844,10844,1
2019-09-27,16:23:40,10843,10844,10844,2
2019-09-27,16:23:41,10843,10844,10844,3
2019-09-27,16:23:43,10844,10845,10845,6
2019-09-27,16:23:46,10844,10845,10845,2
2019-09-27,16:23:48,10844,10845,10845,1
2019-09-27,16:23:49,10844,10845,10845,1
2019-09-27,16:23:50,10844,10845,10845,2
2019-09-27,16:23:56,10844,10845,10845,6
2019-09-27,16:24:01,10844,10845,10845,4
2019-09-27,16:24:01,10844,10845,10845,1
2019-09-27,16:24:04,10844,10845,10845,2
2019-09-27,16:24:04,10844,10845,10845,5
2019-09-27,16:24:07,10844,10845,10844,1
2019-09-27,16:24:10,10844,10845,10844,1
2019-09-27,16:24:12,10844,10845,10844,1
2019-09-27,16:24:13,10844,10845,10845,1
2019-09-27,16:24:16,10844,10845,10845,1
2019-09-27,16:24:18,10844,10845,10845,1
2019-09-27,16:24:22,10844,10845,10845,1
2019-09-27,16:24:24,10844,10845,10844,1
2019-09-27,16:24:28,10844,10845,10845,1
2019-09-27,16:24:28,10844,10845,10845,1
2019-09-27,16:24:40,10844,10845,10845,1
2019-09-27,16:24:45,10844,10845,10845,3
2019-09-27,16:24:46,10844,10845,10844,1
2019-09-27,16:24:47,10844,10845,10844,1
2019-09-27,16:24:52,10844,10845,10844,1
2019-09-27,16:24:56,10844,10845,10845,2
2019-09-27,16:25:10,10844,10845,10845,6
2019-09-27,16:25:10,10844,10845,10845,1
2019-09-27,16:25:15,10844,10845,10845,1
2019-09-27,16:25:18,10844,10845,10845,3
2019-09-27,16:25:18,10844,10845,10845,2
2019-09-27,16:25:18,10844,10845,10845,2
2019-09-27,16:25:18,10844,10845,10845,2
2019-09-27,16:25:18,10844,10845,10845,1
2019-09-27,16:25:18,10844,10845,10845,1
2019-09-27,16:25:18,10844,10845,10845,1
2019-09-27,16:25:18,10844,10845,10845,2
2019-09-27,16:25:18,10844,10845,10845,2
2019-09-27,16:25:18,10844,10845,10845,9
2019-09-27,16:25:18,10844,10845,10845,2
2019-09-27,16:25:22,10845,10846,10845,1
2019-09-27,16:25:23,10845,10846,10846,1
2019-09-27,16:25:23,10845,10846,10846,2
2019-09-27,16:25:23,10845,10846,10846,2
2019-09-27,16:25:23,10845,10846,10846,1
2019-09-27,16:25:23,10845,10846,10845,1
2019-09-27,16:25:29,10845,10846,10846,20
2019-09-27,16:25:29,10845,10846,10846,2
2019-09-27,16:25:29,10845,10846,10846,2
2019-09-27,16:25:29,10845,10846,10846,1
2019-09-27,16:25:29,10845,10846,10847,3
2019-09-27,16:25:29,10845,10846,10847,7
2019-09-27,16:25:29,10846,10847,10847,1
2019-09-27,16:25:30,10846,10847,10846,1
2019-09-27,16:25:34,10846,10847,10847,2
2019-09-27,16:25:40,10846,10847,10847,2
2019-09-27,16:25:43,10846,10847,10847,20
2019-09-27,16:25:45,10846,10847,10847,2
2019-09-27,16:25:47,10846,10847,10847,1
2019-09-27,16:25:47,10846,10847,10847,12
2019-09-27,16:25:47,10846,10847,10847,2
2019-09-27,16:25:47,10846,10847,10847,1
2019-09-27,16:25:47,10846,10847,10847,3
2019-09-27,16:25:47,10847,10848,10847,1
2019-09-27,16:25:47,10847,10848,10847,1
2019-09-27,16:25:47,10846,10847,10847,1
2019-09-27,16:25:49,10846,10847,10846,2
2019-09-27,16:25:50,10846,10847,10847,4
2019-09-27,16:25:50,10846,10847,10847,2
2019-09-27,16:25:52,10846,10847,10847,5
2019-09-27,16:25:52,10846,10847,10846,1
2019-09-27,16:25:54,10846,10847,10847,2
2019-09-27,16:25:55,10846,10847,10846,5
2019-09-27,16:25:55,10846,10847,10847,1
2019-09-27,16:25:59,10846,10847,10846,1
2019-09-27,16:26:00,10846,10847,10846,7
2019-09-27,16:26:01,10845,10846,10846,1
2019-09-27,16:26:02,10845,10846,10846,3
2019-09-27,16:26:03,10845,10846,10846,1
2019-09-27,16:26:03,10845,10846,10846,2
2019-09-27,16:26:03,10845,10847,10845,1
2019-09-27,16:26:04,10845,10846,10846,1
2019-09-27,16:26:05,10845,10847,10846,1
2019-09-27,16:26:05,10845,10847,10847,1
2019-09-27,16:26:06,10845,10846,10846,1
2019-09-27,16:26:06,10845,10847,10847,2
2019-09-27,16:26:08,10846,10847,10847,2
2019-09-27,16:26:08,10846,10847,10846,1
2019-09-27,16:26:10,10846,10847,10847,1
2019-09-27,16:26:11,10846,10847,10847,1
2019-09-27,16:26:15,10846,10847,10847,1
2019-09-27,16:26:18,10846,10847,10847,1
2019-09-27,16:26:20,10846,10847,10847,2
2019-09-27,16:26:20,10846,10847,10846,5
2019-09-27,16:26:20,10846,10847,10846,5
2019-09-27,16:26:29,10846,10847,10847,1
2019-09-27,16:26:30,10846,10847,10847,1
2019-09-27,16:26:31,10846,10847,10847,3
2019-09-27,16:26:34,10846,10847,10847,2
2019-09-27,16:26:34,10846,10847,10847,1
2019-09-27,16:26:36,10846,10847,10847,1
2019-09-27,16:26:37,10846,10847,10847,3
2019-09-27,16:26:37,10846,10847,10847,5
2019-09-27,16:26:37,10846,10847,10847,1
2019-09-27,16:26:37,10847,10848,10848,1
2019-09-27,16:26:37,10847,10848,10848,3
2019-09-27,16:26:37,10847,10848,10848,1
2019-09-27,16:26:38,10847,10848,10848,1
2019-09-27,16:26:40,10847,10848,10848,1
2019-09-27,16:26:40,10847,10848,10848,1
2019-09-27,16:26:41,10847,10848,10847,1
2019-09-27,16:26:43,10847,10848,10848,1
2019-09-27,16:26:45,10847,10848,10848,1
2019-09-27,16:26:46,10847,10848,10848,1
2019-09-27,16:26:47,10847,10848,10848,3
2019-09-27,16:26:48,10847,10848,10847,1
2019-09-27,16:26:48,10847,10848,10847,1
2019-09-27,16:26:49,10847,10848,10847,1
2019-09-27,16:26:50,10847,10848,10847,1
2019-09-27,16:26:50,10847,10848,10847,2
2019-09-27,16:26:50,10847,10848,10847,1
2019-09-27,16:26:52,10847,10848,10847,1
2019-09-27,16:26:58,10847,10848,10847,1
2019-09-27,16:27:01,10847,10848,10847,3
2019-09-27,16:27:02,10847,10848,10848,5
2019-09-27,16:27:02,10847,10848,10847,1
2019-09-27,16:27:03,10847,10848,10847,1
2019-09-27,16:27:04,10847,10848,10847,1
2019-09-27,16:27:08,10847,10848,10847,1
2019-09-27,16:27:10,10847,10848,10847,1
2019-09-27,16:27:11,10847,10848,10847,1
2019-09-27,16:27:12,10847,10848,10847,1
2019-09-27,16:27:15,10847,10848,10847,1
2019-09-27,16:27:16,10847,10848,10847,1
2019-09-27,16:27:16,10847,10848,10847,1
2019-09-27,16:27:22,10847,10848,10847,1
2019-09-27,16:27:22,10847,10848,10847,1
2019-09-27,16:27:28,10847,10848,10847,1
2019-09-27,16:27:28,10847,10848,10848,1
2019-09-27,16:27:37,10847,10848,10847,2
2019-09-27,16:27:38,10847,10848,10847,2
2019-09-27,16:27:38,10847,10848,10848,1
2019-09-27,16:27:40,10847,10848,10847,1
2019-09-27,16:27:46,10847,10848,10847,1
2019-09-27,16:27:48,10847,10848,10847,1
2019-09-27,16:27:50,10847,10848,10848,1
2019-09-27,16:27:50,10847,10848,10847,1
2019-09-27,16:27:54,10847,10848,10847,5
2019-09-27,16:27:55,10847,10848,10847,25
2019-09-27,16:27:55,10846,10847,10847,2
2019-09-27,16:27:58,10846,10847,10847,1
2019-09-27,16:27:59,10846,10847,10847,1
2019-09-27,16:28:00,10846,10847,10847,1
2019-09-27,16:28:05,10846,10847,10847,2
2019-09-27,16:28:07,10846,10847,10846,4
2019-09-27,16:28:12,10846,10847,10847,3
2019-09-27,16:28:14,10846,10847,10846,2
2019-09-27,16:28:16,10846,10847,10847,1
2019-09-27,16:28:16,10846,10847,10846,1
2019-09-27,16:28:17,10846,10847,10847,1
2019-09-27,16:28:19,10846,10847,10847,5
2019-09-27,16:28:23,10846,10847,10847,1
2019-09-27,16:28:25,10846,10847,10847,2
2019-09-27,16:28:26,10846,10847,10847,1
2019-09-27,16:28:29,10846,10847,10847,1
2019-09-27,16:28:31,10846,10847,10847,1
2019-09-27,16:28:34,10846,10847,10847,1
2019-09-27,16:28:36,10846,10847,10846,4
2019-09-27,16:28:37,10846,10847,10847,1
2019-09-27,16:28:37,10846,10847,10846,1
2019-09-27,16:28:39,10846,10847,10846,1
2019-09-27,16:28:40,10846,10847,10846,1
2019-09-27,16:28:40,10846,10847,10847,4
2019-09-27,16:28:40,10846,10847,10847,4
2019-09-27,16:28:40,10846,10847,10847,5
2019-09-27,16:28:46,10846,10847,10847,1
2019-09-27,16:28:49,10846,10847,10847,1
2019-09-27,16:28:56,10846,10847,10846,1
2019-09-27,16:28:57,10846,10847,10847,1
2019-09-27,16:28:57,10846,10848,10846,1
2019-09-27,16:29:07,10846,10847,10846,1
2019-09-27,16:29:11,10846,10847,10847,1
2019-09-27,16:29:11,10846,10847,10847,2
2019-09-27,16:29:11,10846,10847,10847,2
2019-09-27,16:29:16,10846,10847,10846,1
2019-09-27,16:29:20,10846,10847,10847,1
2019-09-27,16:29:34,10846,10847,10846,1
2019-09-27,16:29:41,10846,10847,10847,20
2019-09-27,16:29:41,10846,10847,10847,2
2019-09-27,16:29:43,10846,10847,10847,1
2019-09-27,16:29:51,10847,10848,10848,3
2019-09-27,16:29:51,10847,10848,10847,2
2019-09-27,16:30:00,10847,10848,10847,1
2019-09-27,16:30:00,10847,10848,10847,2
2019-09-27,16:30:00,10847,10848,10848,5
2019-09-27,16:30:00,10846,10848,10847,4
2019-09-27,16:30:00,10846,10848,10848,2
2019-09-27,16:30:00,10846,10848,10848,5
2019-09-27,16:30:00,10846,10848,10848,4
2019-09-27,16:30:00,10847,10848,10848,1
2019-09-27,16:30:01,10847,10848,10848,5
2019-09-27,16:30:01,10847,10848,10848,5
2019-09-27,16:30:01,10847,10848,10848,1
2019-09-27,16:30:01,10847,10848,10848,5
2019-09-27,16:30:01,10847,10848,10848,3
2019-09-27,16:30:01,10847,10848,10848,5
2019-09-27,16:30:01,10847,10848,10848,5
2019-09-27,16:30:01,10847,10848,10848,5
2019-09-27,16:30:01,10847,10848,10848,1
2019-09-27,16:30:01,10847,10848,10848,5
2019-09-27,16:30:01,10847,10848,10848,4
2019-09-27,16:30:01,10847,10848,10848,5
2019-09-27,16:30:01,10847,10848,10848,2
2019-09-27,16:30:02,10847,10848,10848,3
2019-09-27,16:30:02,10847,10848,10848,4
2019-09-27,16:30:02,10847,10848,10849,5
2019-09-27,16:30:02,10847,10849,10848,5
2019-09-27,16:30:02,10847,10849,10848,2
2019-09-27,16:30:02,10847,10849,10848,3
2019-09-27,16:30:02,10847,10849,10849,2
2019-09-27,16:30:02,10847,10849,10848,2
2019-09-27,16:30:02,10847,10849,10848,2
2019-09-27,16:30:02,10847,10849,10847,10
2019-09-27,16:30:02,10847,10849,10847,1
2019-09-27,16:30:02,10847,10848,10848,1
2019-09-27,16:30:02,10847,10848,10848,4
2019-09-27,16:30:02,10847,10848,10848,1
2019-09-27,16:30:03,10847,10849,10849,3
2019-09-27,16:30:05,10847,10849,10849,2
2019-09-27,16:30:06,10848,10849,10849,3
2019-09-27,16:30:06,10848,10849,10849,1
2019-09-27,16:30:06,10848,10849,10849,1
2019-09-27,16:30:08,10848,10849,10849,1
2019-09-27,16:30:09,10848,10849,10849,1
2019-09-27,16:30:10,10848,10849,10849,1
2019-09-27,16:30:10,10848,10849,10849,1
2019-09-27,16:30:12,10848,10849,10848,2
2019-09-27,16:30:12,10848,10849,10848,1
2019-09-27,16:30:15,10848,10849,10848,1
2019-09-27,16:30:17,10848,10849,10849,1
2019-09-27,16:30:17,10848,10849,10848,3
2019-09-27,16:30:20,10848,10849,10849,1
2019-09-27,16:30:20,10848,10849,10849,1
2019-09-27,16:30:20,10848,10849,10849,1
2019-09-27,16:30:20,10848,10849,10849,1
2019-09-27,16:30:20,10848,10849,10849,1
2019-09-27,16:30:21,10848,10849,10849,1
2019-09-27,16:30:21,10848,10849,10849,1
2019-09-27,16:30:21,10848,10849,10849,1
2019-09-27,16:30:21,10848,10849,10849,1
2019-09-27,16:30:21,10848,10849,10849,5
2019-09-27,16:30:21,10848,10849,10849,5
2019-09-27,16:30:21,10848,10849,10849,1
2019-09-27,16:30:21,10848,10849,10849,5
2019-09-27,16:30:21,10848,10849,10849,5
2019-09-27,16:30:21,10848,10849,10849,1
2019-09-27,16:30:21,10848,10849,10849,5
2019-09-27,16:30:23,10848,10849,10849,2
2019-09-27,16:30:23,10848,10849,10849,5
2019-09-27,16:30:25,10848,10849,10849,3
2019-09-27,16:30:28,10849,10850,10850,5
2019-09-27,16:30:28,10849,10850,10850,1
2019-09-27,16:30:28,10849,10850,10850,1
2019-09-27,16:30:28,10849,10850,10849,1
2019-09-27,16:30:28,10849,10850,10850,30
2019-09-27,16:30:29,10849,10850,10850,1
2019-09-27,16:30:29,10849,10850,10849,1
2019-09-27,16:30:30,10849,10850,10850,1
2019-09-27,16:30:31,10849,10850,10850,1
2019-09-27,16:30:31,10849,10850,10850,1
2019-09-27,16:30:36,10849,10850,10850,1
2019-09-27,16:30:36,10849,10850,10849,1
2019-09-27,16:30:37,10849,10850,10849,1
2019-09-27,16:30:37,10849,10850,10850,1
2019-09-27,16:30:38,10849,10850,10850,1
2019-09-27,16:30:38,10849,10850,10850,1
2019-09-27,16:30:39,10849,10850,10849,1
2019-09-27,16:30:39,10849,10850,10849,1
2019-09-27,16:30:40,10849,10850,10849,1
2019-09-27,16:30:40,10849,10850,10849,5
2019-09-27,16:30:40,10848,10849,10849,1
2019-09-27,16:30:41,10848,10849,10849,1
2019-09-27,16:30:41,10848,10849,10849,1
2019-09-27,16:30:41,10848,10849,10849,2
2019-09-27,16:30:43,10848,10849,10849,1
2019-09-27,16:30:43,10848,10849,10849,1
2019-09-27,16:30:43,10848,10849,10849,1
2019-09-27,16:30:45,10848,10849,10849,1
2019-09-27,16:30:45,10848,10849,10849,4
2019-09-27,16:30:45,10848,10849,10850,2
2019-09-27,16:30:45,10848,10850,10850,2
2019-09-27,16:30:45,10848,10849,10849,1
2019-09-27,16:30:46,10848,10850,10850,2
2019-09-27,16:30:48,10849,10850,10850,4
2019-09-27,16:30:50,10849,10850,10850,1
2019-09-27,16:30:50,10849,10850,10850,1
2019-09-27,16:30:51,10849,10850,10850,1
2019-09-27,16:30:51,10849,10850,10850,1
2019-09-27,16:30:51,10849,10850,10850,5
2019-09-27,16:30:51,10849,10850,10850,5
2019-09-27,16:30:51,10849,10850,10850,5
2019-09-27,16:30:51,10849,10850,10850,5
2019-09-27,16:30:51,10849,10850,10850,1
2019-09-27,16:30:51,10849,10850,10850,5
2019-09-27,16:30:52,10849,10850,10849,5
2019-09-27,16:30:52,10849,10850,10849,5
2019-09-27,16:30:52,10849,10850,10850,1
2019-09-27,16:30:52,10848,10850,10850,2
2019-09-27,16:30:53,10848,10850,10850,5
2019-09-27,16:30:56,10849,10850,10849,1
2019-09-27,16:30:56,10849,10850,10850,1
2019-09-27,16:31:00,10848,10850,10850,1
2019-09-27,16:31:01,10849,10850,10849,1
2019-09-27,16:31:01,10848,10850,10849,1
2019-09-27,16:31:01,10848,10850,10849,1
2019-09-27,16:31:01,10848,10850,10849,1
2019-09-27,16:31:01,10848,10850,10849,1
2019-09-27,16:31:04,10849,10850,10849,6
2019-09-27,16:31:04,10849,10850,10849,2
2019-09-27,16:31:04,10849,10850,10849,2
2019-09-27,16:31:04,10849,10850,10849,1
2019-09-27,16:31:04,10849,10850,10849,5
2019-09-27,16:31:04,10849,10850,10849,3
2019-09-27,16:31:04,10849,10850,10849,1
2019-09-27,16:31:04,10849,10850,10849,1
2019-09-27,16:31:04,10849,10850,10849,5
2019-09-27,16:31:06,10848,10849,10849,1
2019-09-27,16:31:08,10848,10849,10849,2
2019-09-27,16:31:09,10848,10849,10849,8
2019-09-27,16:31:09,10848,10849,10849,1
2019-09-27,16:31:10,10849,10850,10849,1
2019-09-27,16:31:12,10848,10849,10849,1
2019-09-27,16:31:12,10848,10849,10849,1
2019-09-27,16:31:14,10848,10849,10848,1
2019-09-27,16:31:14,10848,10849,10849,1
2019-09-27,16:31:15,10848,10850,10848,1
2019-09-27,16:31:17,10848,10849,10848,1
2019-09-27,16:31:17,10848,10849,10848,1
2019-09-27,16:31:18,10848,10849,10849,3
2019-09-27,16:31:26,10848,10849,10848,1
2019-09-27,16:31:26,10848,10849,10848,2
2019-09-27,16:31:26,10848,10849,10848,2
2019-09-27,16:31:26,10848,10849,10848,2
2019-09-27,16:31:26,10848,10849,10849,2
2019-09-27,16:31:32,10848,10849,10849,5
2019-09-27,16:31:34,10848,10849,10848,1
2019-09-27,16:31:34,10848,10849,10848,1
2019-09-27,16:31:41,10848,10849,10848,5
2019-09-27,16:31:41,10848,10849,10848,4
2019-09-27,16:31:41,10848,10849,10848,16
2019-09-27,16:31:41,10847,10848,10848,2
2019-09-27,16:31:41,10847,10848,10848,1
2019-09-27,16:31:41,10847,10848,10849,39
2019-09-27,16:31:42,10848,10849,10848,1
2019-09-27,16:31:42,10848,10849,10848,1
2019-09-27,16:31:43,10848,10849,10849,1
2019-09-27,16:31:43,10848,10849,10848,1
2019-09-27,16:31:43,10848,10849,10848,1
2019-09-27,16:31:45,10848,10849,10849,1
2019-09-27,16:31:45,10848,10849,10850,1
2019-09-27,16:31:49,10848,10849,10848,1
2019-09-27,16:32:01,10848,10849,10849,10
2019-09-27,16:32:02,10848,10849,10849,2
2019-09-27,16:32:06,10848,10849,10848,2
2019-09-27,16:32:07,10848,10849,10849,3
2019-09-27,16:32:07,10848,10849,10849,3
2019-09-27,16:32:07,10848,10849,10849,1
2019-09-27,16:32:22,10848,10849,10848,2
2019-09-27,16:32:38,10848,10849,10848,1
2019-09-27,16:32:42,10848,10849,10848,22
2019-09-27,16:32:55,10848,10849,10848,1
2019-09-27,16:32:55,10848,10849,10848,1
2019-09-27,16:32:56,10848,10849,10848,10
2019-09-27,16:33:00,10848,10849,10848,1
2019-09-27,16:33:00,10848,10849,10848,1
2019-09-27,16:33:03,10848,10849,10848,1
2019-09-27,16:33:20,10847,10848,10848,4
2019-09-27,16:33:24,10847,10848,10848,1
2019-09-27,16:33:30,10847,10848,10848,1
2019-09-27,16:33:39,10847,10848,10848,4
2019-09-27,16:33:49,10847,10848,10848,1
2019-09-27,16:33:51,10847,10848,10848,1
2019-09-27,16:33:55,10847,10848,10847,1
2019-09-27,16:34:02,10847,10848,10848,5
2019-09-27,16:34:04,10847,10848,10848,5
2019-09-27,16:34:06,10848,10849,10848,1
2019-09-27,16:34:08,10848,10849,10849,1
2019-09-27,16:34:14,10848,10849,10849,2
2019-09-27,16:34:14,10848,10849,10849,10
2019-09-27,16:34:27,10848,10849,10849,1
2019-09-27,16:34:39,10848,10849,10849,1
2019-09-27,16:34:46,10848,10849,10849,10
2019-09-27,16:34:46,10848,10849,10849,1
2019-09-27,16:34:46,10848,10849,10849,6
2019-09-27,16:34:48,10849,10850,10849,1
2019-09-27,16:35:00,10849,10850,10850,1
2019-09-27,16:35:01,10849,10850,10850,1
2019-09-27,16:35:01,10849,10850,10850,1
2019-09-27,16:35:01,10849,10850,10850,1
2019-09-27,16:35:01,10849,10850,10850,1
2019-09-27,16:35:01,10849,10850,10850,1
2019-09-27,16:35:02,10849,10850,10850,2
2019-09-27,16:35:02,10849,10850,10850,6
2019-09-27,16:35:02,10849,10850,10850,3
2019-09-27,16:35:02,10849,10850,10850,6
2019-09-27,16:35:02,10849,10850,10850,5
2019-09-27,16:35:02,10849,10850,10850,3
2019-09-27,16:35:02,10849,10850,10850,7
2019-09-27,16:35:02,10849,10850,10850,2
2019-09-27,16:35:02,10849,10850,10850,3
2019-09-27,16:35:02,10849,10850,10850,1
2019-09-27,16:35:02,10850,10851,10850,10
2019-09-27,16:35:03,10850,10851,10851,1
2019-09-27,16:35:03,10850,10851,10851,20
2019-09-27,16:35:03,10850,10851,10850,1
2019-09-27,16:35:07,10850,10851,10850,1
2019-09-27,16:35:07,10850,10851,10851,1
2019-09-27,16:35:08,10850,10851,10851,2
2019-09-27,16:35:14,10850,10851,10851,2
2019-09-27,16:35:14,10850,10851,10850,2
2019-09-27,16:35:14,10850,10851,10850,3
2019-09-27,16:35:15,10849,10850,10850,4
2019-09-27,16:35:22,10849,10850,10850,1
2019-09-27,16:35:22,10849,10850,10850,4
2019-09-27,16:35:23,10850,10851,10850,1
2019-09-27,16:35:25,10850,10851,10851,2
2019-09-27,16:35:25,10850,10851,10850,5
2019-09-27,16:35:27,10849,10850,10850,1
2019-09-27,16:35:27,10849,10850,10850,1
2019-09-27,16:35:34,10849,10850,10850,1
2019-09-27,16:35:36,10849,10850,10849,4
2019-09-27,16:35:36,10849,10850,10850,1
2019-09-27,16:35:38,10849,10850,10849,1
2019-09-27,16:35:38,10849,10850,10850,1
2019-09-27,16:35:42,10849,10850,10849,1
2019-09-27,16:35:43,10849,10850,10850,2
2019-09-27,16:35:46,10849,10850,10850,3
2019-09-27,16:35:48,10849,10850,10850,2
2019-09-27,16:35:48,10849,10850,10850,1
2019-09-27,16:35:49,10849,10850,10850,2
2019-09-27,16:35:50,10849,10850,10849,1
2019-09-27,16:35:52,10849,10850,10850,1
2019-09-27,16:35:54,10849,10850,10850,1
2019-09-27,16:35:55,10849,10850,10850,2
2019-09-27,16:36:05,10849,10850,10850,1
2019-09-27,16:36:06,10849,10850,10850,2
2019-09-27,16:36:06,10849,10850,10850,3
2019-09-27,16:36:06,10849,10850,10850,1
2019-09-27,16:36:08,10849,10850,10850,4
2019-09-27,16:36:08,10849,10850,10850,1
2019-09-27,16:36:09,10849,10850,10849,1
2019-09-27,16:36:09,10849,10850,10850,2
2019-09-27,16:36:09,10849,10850,10850,2
2019-09-27,16:36:10,10849,10850,10849,1
2019-09-27,16:36:11,10849,10850,10849,1
2019-09-27,16:36:18,10849,10850,10849,1
2019-09-27,16:36:26,10849,10850,10849,1
2019-09-27,16:36:30,10849,10850,10849,2
2019-09-27,16:36:31,10849,10850,10849,1
2019-09-27,16:36:32,10849,10850,10849,1
2019-09-27,16:36:35,10849,10850,10850,3
2019-09-27,16:36:36,10849,10850,10850,5
2019-09-27,16:36:49,10849,10850,10850,1
2019-09-27,16:36:52,10849,10850,10849,1
2019-09-27,16:36:59,10849,10850,10850,1
2019-09-27,16:37:13,10849,10850,10850,1
2019-09-27,16:37:13,10849,10850,10850,1
2019-09-27,16:37:17,10849,10850,10849,1
2019-09-27,16:37:17,10849,10850,10849,1
2019-09-27,16:37:30,10849,10850,10850,1
2019-09-27,16:37:31,10849,10850,10850,1
2019-09-27,16:37:43,10849,10850,10850,1
2019-09-27,16:37:52,10849,10850,10850,1
2019-09-27,16:37:55,10849,10850,10850,1
2019-09-27,16:38:01,10849,10850,10850,3
2019-09-27,16:38:02,10849,10850,10850,1
2019-09-27,16:38:02,10849,10850,10850,2
2019-09-27,16:38:03,10849,10850,10850,2
2019-09-27,16:38:05,10849,10850,10850,1
2019-09-27,16:38:14,10849,10850,10850,1
2019-09-27,16:38:20,10849,10850,10850,5
2019-09-27,16:38:23,10849,10850,10850,1
2019-09-27,16:38:28,10849,10850,10850,1
2019-09-27,16:38:32,10849,10850,10850,1
2019-09-27,16:38:46,10849,10850,10850,1
2019-09-27,16:38:57,10849,10850,10850,7
2019-09-27,16:39:02,10849,10850,10849,1
2019-09-27,16:39:11,10849,10850,10849,4
2019-09-27,16:39:11,10849,10850,10849,31
2019-09-27,16:39:11,10849,10850,10850,1
2019-09-27,16:39:11,10848,10849,10849,1
2019-09-27,16:39:17,10848,10849,10849,1
2019-09-27,16:39:18,10848,10849,10848,1
2019-09-27,16:39:19,10848,10849,10848,1
2019-09-27,16:39:19,10848,10849,10848,3
2019-09-27,16:39:20,10848,10849,10848,1
2019-09-27,16:39:21,10848,10849,10848,5
2019-09-27,16:39:22,10847,10848,10848,1
2019-09-27,16:39:36,10847,10848,10848,1
2019-09-27,16:39:38,10847,10848,10847,1
2019-09-27,16:39:38,10847,10848,10847,1
2019-09-27,16:39:38,10847,10848,10847,1
2019-09-27,16:39:39,10847,10848,10847,1
2019-09-27,16:39:39,10847,10848,10847,1
2019-09-27,16:39:40,10847,10848,10847,1
2019-09-27,16:39:42,10847,10848,10847,3
2019-09-27,16:39:45,10847,10848,10847,2
2019-09-27,16:39:48,10847,10848,10847,1
2019-09-27,16:39:48,10847,10848,10847,1
2019-09-27,16:39:49,10847,10848,10847,1
2019-09-27,16:39:50,10847,10848,10847,1
2019-09-27,16:39:50,10847,10848,10847,1
2019-09-27,16:39:52,10847,10848,10847,1
2019-09-27,16:39:53,10847,10848,10847,1
2019-09-27,16:39:54,10847,10848,10847,1
2019-09-27,16:39:55,10847,10848,10847,1
2019-09-27,16:39:55,10847,10848,10847,1
2019-09-27,16:40:00,10846,10847,10847,2
2019-09-27,16:40:00,10847,10848,10848,1
2019-09-27,16:40:07,10847,10848,10847,1
2019-09-27,16:40:21,10847,10848,10847,2
2019-09-27,16:40:32,10847,10848,10847,1
2019-09-27,16:40:48,10847,10848,10848,1
2019-09-27,16:40:50,10847,10848,10848,6
2019-09-27,16:40:50,10847,10848,10848,4
2019-09-27,16:40:50,10848,10849,10848,1
2019-09-27,16:41:25,10848,10849,10848,1
2019-09-27,16:41:29,10848,10849,10848,1
2019-09-27,16:41:29,10848,10849,10848,1
2019-09-27,16:41:38,10848,10849,10849,2
2019-09-27,16:41:40,10848,10849,10848,1
2019-09-27,16:41:54,10848,10849,10848,1
2019-09-27,16:42:00,10848,10849,10848,3
2019-09-27,16:42:12,10848,10849,10848,1
2019-09-27,16:42:24,10848,10849,10848,18
2019-09-27,16:42:24,10848,10849,10848,1
2019-09-27,16:42:24,10848,10849,10848,1
2019-09-27,16:42:31,10848,10849,10848,1
2019-09-27,16:42:32,10848,10849,10848,1
2019-09-27,16:42:32,10848,10849,10848,1
2019-09-27,16:42:39,10848,10849,10848,1
2019-09-27,16:42:39,10848,10849,10848,1
2019-09-27,16:42:51,10848,10849,10848,2
2019-09-27,16:43:27,10848,10849,10848,1
2019-09-27,16:43:34,10848,10849,10848,1
2019-09-27,16:43:39,10848,10849,10848,1
2019-09-27,16:43:41,10848,10849,10849,1
2019-09-27,16:43:41,10848,10849,10848,1
2019-09-27,16:43:42,10848,10849,10848,1
2019-09-27,16:43:50,10848,10849,10848,1
2019-09-27,16:44:04,10848,10849,10849,1
2019-09-27,16:44:24,10848,10849,10848,1
2019-09-27,16:44:25,10848,10849,10848,1
2019-09-27,16:44:46,10848,10849,10848,1
2019-09-27,16:44:57,10848,10849,10848,1
2019-09-27,16:44:57,10848,10849,10848,1
2019-09-27,16:45:01,10848,10849,10848,4
2019-09-27,16:45:01,10848,10849,10849,1
2019-09-27,16:45:06,10848,10849,10848,1
2019-09-27,16:45:10,10848,10849,10848,1
2019-09-27,16:45:20,10848,10849,10848,1
2019-09-27,16:45:25,10848,10849,10848,1
2019-09-27,16:45:28,10848,10849,10848,1
2019-09-27,16:45:47,10847,10848,10848,1
2019-09-27,16:45:49,10847,10849,10849,1
2019-09-27,16:46:28,10848,10849,10848,1
2019-09-27,16:46:28,10848,10849,10848,1
2019-09-27,16:46:37,10848,10849,10848,1
2019-09-27,16:46:40,10848,10849,10848,1
2019-09-27,16:46:47,10848,10849,10848,1
2019-09-27,16:46:48,10848,10849,10848,1
2019-09-27,16:46:50,10848,10849,10848,1
2019-09-27,16:47:01,10848,10849,10848,5
2019-09-27,16:47:01,10848,10849,10848,4
2019-09-27,16:47:06,10848,10849,10848,2
2019-09-27,16:47:13,10848,10849,10848,1
2019-09-27,16:47:24,10848,10849,10848,1
2019-09-27,16:47:32,10848,10849,10849,3
2019-09-27,16:47:34,10848,10849,10849,2
2019-09-27,16:47:35,10848,10849,10849,2
2019-09-27,16:47:37,10848,10849,10849,6
2019-09-27,16:47:41,10848,10849,10849,1
2019-09-27,16:47:41,10848,10849,10849,5
2019-09-27,16:47:41,10848,10849,10849,3
2019-09-27,16:47:41,10848,10849,10849,6
2019-09-27,16:47:41,10848,10849,10849,6
2019-09-27,16:47:41,10848,10849,10849,1
2019-09-27,16:47:43,10849,10850,10849,1
2019-09-27,16:47:50,10849,10850,10849,1
2019-09-27,16:48:17,10849,10850,10849,1
2019-09-27,16:48:21,10849,10850,10850,1
2019-09-27,16:48:22,10849,10850,10850,5
2019-09-27,16:48:27,10849,10850,10850,1
2019-09-27,16:48:27,10849,10850,10850,1
2019-09-27,16:48:28,10849,10850,10850,13
2019-09-27,16:48:32,10849,10850,10850,1
2019-09-27,16:48:49,10849,10850,10850,1
2019-09-27,16:48:50,10849,10850,10850,1
2019-09-27,16:48:52,10849,10850,10850,1
2019-09-27,16:48:52,10849,10850,10850,1
2019-09-27,16:49:10,10849,10850,10850,1
2019-09-27,16:49:15,10849,10850,10850,1
2019-09-27,16:49:21,10849,10850,10849,1
2019-09-27,16:49:25,10849,10850,10849,2
2019-09-27,16:49:34,10849,10850,10849,1
2019-09-27,16:49:39,10849,10850,10849,1
2019-09-27,16:49:39,10849,10850,10849,1
2019-09-27,16:49:40,10849,10850,10849,2
2019-09-27,16:49:40,10849,10850,10849,1
2019-09-27,16:49:40,10848,10849,10849,4
2019-09-27,16:50:17,10848,10849,10849,2
2019-09-27,16:50:18,10848,10849,10849,3
2019-09-27,16:50:28,10849,10850,10849,1
2019-09-27,16:50:50,10848,10849,10848,1
2019-09-27,16:51:27,10848,10849,10849,1
2019-09-27,16:51:46,10848,10849,10849,5
2019-09-27,16:51:48,10848,10849,10849,2
2019-09-27,16:52:20,10848,10849,10849,2
2019-09-27,16:52:25,10848,10849,10849,1
2019-09-27,16:52:48,10848,10849,10849,1
2019-09-27,16:52:54,10848,10849,10849,1
2019-09-27,16:52:56,10849,10850,10849,1
2019-09-27,16:52:59,10848,10849,10849,1
2019-09-27,16:53:00,10848,10850,10850,1
2019-09-27,16:53:10,10849,10850,10850,1
2019-09-27,16:53:10,10849,10850,10850,4
2019-09-27,16:53:10,10849,10850,10850,4
2019-09-27,16:53:16,10849,10850,10850,1
2019-09-27,16:53:16,10849,10850,10850,3
2019-09-27,16:53:28,10849,10850,10850,1
2019-09-27,16:53:48,10849,10850,10850,1
2019-09-27,16:53:56,10849,10850,10850,1
2019-09-27,16:53:57,10849,10850,10850,1
2019-09-27,16:54:07,10849,10850,10850,1
2019-09-27,16:54:19,10849,10850,10850,5
2019-09-27,16:54:23,10849,10850,10850,1
2019-09-27,16:54:23,10849,10850,10850,1
2019-09-27,16:54:23,10849,10850,10850,3
2019-09-27,16:54:23,10849,10850,10850,1
2019-09-27,16:54:23,10849,10850,10850,21
2019-09-27,16:54:30,10850,10851,10851,1
2019-09-27,16:54:30,10850,10851,10851,1
2019-09-27,16:54:35,10850,10851,10851,6
2019-09-27,16:54:39,10850,10851,10851,1
2019-09-27,16:54:40,10850,10851,10851,1
2019-09-27,16:54:43,10850,10851,10851,9
2019-09-27,16:54:44,10850,10851,10851,5
2019-09-27,16:54:45,10851,10852,10851,2
2019-09-27,16:54:49,10850,10851,10851,1
2019-09-27,16:54:50,10850,10851,10851,6
2019-09-27,16:54:51,10850,10851,10851,1
2019-09-27,16:54:55,10850,10851,10850,2
2019-09-27,16:55:17,10850,10851,10850,12
2019-09-27,16:55:20,10849,10850,10850,1
2019-09-27,16:55:20,10849,10850,10850,1
2019-09-27,16:55:21,10849,10850,10849,1
2019-09-27,16:55:22,10849,10850,10849,1
2019-09-27,16:55:23,10849,10850,10850,2
2019-09-27,16:55:24,10849,10850,10849,1
2019-09-27,16:55:25,10849,10850,10850,2
2019-09-27,16:55:26,10849,10850,10850,1
2019-09-27,16:55:28,10849,10850,10850,5
2019-09-27,16:55:40,10849,10850,10849,1
2019-09-27,16:56:10,10849,10850,10849,1
2019-09-27,16:56:16,10849,10850,10849,1
2019-09-27,16:56:16,10849,10850,10850,1
2019-09-27,16:56:22,10849,10850,10850,4
2019-09-27,16:56:25,10850,10851,10850,2
2019-09-27,16:56:25,10850,10851,10850,1
2019-09-27,16:56:25,10849,10850,10850,2
2019-09-27,16:56:33,10849,10850,10850,1
2019-09-27,16:56:39,10849,10850,10849,1
2019-09-27,16:56:45,10849,10850,10849,3
2019-09-27,16:56:50,10849,10850,10849,1
2019-09-27,16:56:52,10849,10850,10849,5
2019-09-27,16:57:09,10849,10850,10849,1
2019-09-27,16:57:14,10849,10850,10850,1
2019-09-27,16:57:23,10848,10850,10850,2
2019-09-27,16:57:26,10848,10849,10849,2
2019-09-27,16:57:34,10849,10850,10849,2
2019-09-27,16:57:38,10849,10850,10850,10
2019-09-27,16:57:44,10849,10850,10850,5
2019-09-27,16:57:50,10849,10850,10850,3
2019-09-27,16:57:59,10849,10850,10849,2
2019-09-27,16:58:10,10848,10849,10849,1
2019-09-27,16:58:29,10849,10850,10849,2
2019-09-27,16:58:34,10849,10850,10850,1
2019-09-27,16:59:24,10849,10850,10849,1
2019-09-27,16:59:35,10849,10850,10849,1
2019-09-27,16:59:38,10849,10850,10849,1
2019-09-27,16:59:45,10849,10850,10849,2
2019-09-27,16:59:59,10849,10850,10849,4
2019-09-27,16:59:59,10849,10850,10849,2
2019-09-27,16:59:59,10849,10850,10849,1
2019-09-27,17:00:00,10848,10849,10849,1
2019-09-27,17:00:13,10848,10849,10849,1
2019-09-27,17:00:14,10848,10849,10849,4
2019-09-27,17:00:14,10848,10849,10850,1
2019-09-27,17:00:14,10848,10850,10850,1
2019-09-27,17:00:16,10849,10850,10849,1
2019-09-27,17:00:57,10848,10849,10848,16
2019-09-27,17:00:57,10848,10849,10848,8
2019-09-27,17:01:27,10847,10848,10848,1
2019-09-27,17:01:28,10847,10848,10847,1
2019-09-27,17:01:28,10847,10848,10847,1
2019-09-27,17:01:34,10847,10848,10848,2
2019-09-27,17:01:34,10847,10848,10848,1
2019-09-27,17:01:38,10847,10848,10847,1
2019-09-27,17:01:44,10847,10848,10847,1
2019-09-27,17:01:45,10847,10848,10847,1
2019-09-27,17:01:48,10847,10848,10847,3
2019-09-27,17:01:57,10847,10848,10847,1
2019-09-27,17:02:02,10847,10848,10847,2
2019-09-27,17:02:08,10847,10848,10847,2
2019-09-27,17:02:11,10847,10848,10847,1
2019-09-27,17:02:13,10847,10848,10847,1
2019-09-27,17:02:14,10847,10848,10847,1
2019-09-27,17:02:16,10847,10848,10847,4
2019-09-27,17:02:23,10847,10848,10847,10
2019-09-27,17:02:23,10846,10847,10847,1
2019-09-27,17:02:24,10846,10847,10847,1
2019-09-27,17:02:25,10846,10847,10847,6
2019-09-27,17:02:28,10846,10847,10847,1
2019-09-27,17:02:30,10846,10847,10846,1
2019-09-27,17:02:31,10846,10847,10846,5
2019-09-27,17:02:31,10846,10847,10846,1
2019-09-27,17:02:46,10846,10847,10846,2
2019-09-27,17:02:53,10846,10847,10846,2
2019-09-27,17:02:58,10846,10847,10846,10
2019-09-27,17:02:58,10846,10847,10846,2
2019-09-27,17:02:58,10846,10847,10846,2
2019-09-27,17:02:59,10846,10847,10846,1
2019-09-27,17:03:00,10846,10847,10846,4
2019-09-27,17:03:00,10846,10847,10846,2
2019-09-27,17:03:00,10846,10847,10846,5
2019-09-27,17:03:00,10846,10847,10846,3
2019-09-27,17:03:00,10846,10847,10846,3
2019-09-27,17:03:00,10846,10847,10846,1
2019-09-27,17:03:01,10846,10847,10846,1
2019-09-27,17:03:10,10845,10846,10846,2
2019-09-27,17:03:11,10845,10846,10846,1
2019-09-27,17:03:11,10845,10846,10846,1
2019-09-27,17:03:11,10845,10846,10846,1
2019-09-27,17:03:11,10845,10846,10846,1
2019-09-27,17:03:11,10845,10846,10846,2
2019-09-27,17:03:11,10845,10846,10847,1
2019-09-27,17:03:11,10845,10846,10847,1
2019-09-27,17:03:11,10846,10847,10846,1
2019-09-27,17:03:19,10846,10847,10846,1
2019-09-27,17:03:25,10846,10847,10846,1
2019-09-27,17:03:26,10846,10847,10846,1
2019-09-27,17:03:28,10846,10847,10846,1
2019-09-27,17:03:43,10846,10847,10846,1
2019-09-27,17:03:55,10846,10847,10846,1
2019-09-27,17:04:14,10846,10847,10846,1
2019-09-27,17:04:15,10846,10847,10846,1
2019-09-27,17:04:23,10846,10847,10847,24
2019-09-27,17:04:23,10846,10848,10847,1
2019-09-27,17:04:23,10847,10848,10847,1
2019-09-27,17:04:41,10847,10848,10848,1
2019-09-27,17:04:41,10847,10848,10848,1
2019-09-27,17:04:44,10847,10848,10848,1
2019-09-27,17:04:50,10847,10848,10847,1
2019-09-27,17:05:11,10847,10848,10848,1
2019-09-27,17:05:23,10847,10848,10847,3
2019-09-27,17:05:23,10847,10848,10847,3
2019-09-27,17:05:23,10847,10848,10847,3
2019-09-27,17:05:23,10847,10848,10847,3
2019-09-27,17:05:33,10847,10848,10848,3
2019-09-27,17:05:33,10847,10848,10848,3
2019-09-27,17:05:33,10847,10848,10848,3
2019-09-27,17:05:33,10847,10848,10848,3
2019-09-27,17:05:42,10847,10848,10848,1
2019-09-27,17:05:43,10847,10848,10848,1
2019-09-27,17:05:47,10848,10849,10849,1
2019-09-27,17:05:53,10848,10849,10849,1
2019-09-27,17:05:53,10848,10849,10848,2
2019-09-27,17:06:11,10848,10849,10849,1
2019-09-27,17:06:19,10848,10849,10849,1
2019-09-27,17:06:20,10848,10849,10849,1
2019-09-27,17:06:22,10848,10849,10849,1
2019-09-27,17:06:40,10848,10849,10849,1
2019-09-27,17:07:09,10848,10849,10849,1
2019-09-27,17:07:25,10848,10849,10849,1
2019-09-27,17:08:13,10848,10849,10849,1
2019-09-27,17:08:38,10848,10849,10849,1
2019-09-27,17:08:38,10848,10849,10849,1
2019-09-27,17:08:38,10848,10849,10849,1
2019-09-27,17:08:38,10848,10849,10849,1
2019-09-27,17:08:38,10848,10849,10849,1
2019-09-27,17:08:39,10848,10849,10849,1
2019-09-27,17:08:39,10848,10849,10849,1
2019-09-27,17:08:40,10848,10849,10849,1
2019-09-27,17:08:40,10848,10849,10849,1
2019-09-27,17:08:40,10848,10849,10849,1
2019-09-27,17:08:42,10848,10849,10849,1
2019-09-27,17:09:50,10848,10849,10849,1
2019-09-27,17:10:07,10848,10849,10849,1
2019-09-27,17:10:09,10848,10849,10848,1
2019-09-27,17:10:09,10848,10849,10848,1
2019-09-27,17:10:09,10848,10849,10848,1
2019-09-27,17:10:09,10848,10849,10848,1
2019-09-27,17:10:09,10848,10849,10848,1
2019-09-27,17:10:13,10848,10849,10848,1
2019-09-27,17:10:14,10848,10849,10848,1
2019-09-27,17:10:17,10848,10849,10848,2
2019-09-27,17:10:17,10848,10849,10848,2
2019-09-27,17:10:17,10848,10849,10848,8
2019-09-27,17:10:30,10847,10848,10847,1
2019-09-27,17:10:33,10847,10848,10847,1
2019-09-27,17:10:35,10847,10848,10847,1
2019-09-27,17:10:44,10847,10848,10847,1
2019-09-27,17:10:49,10847,10848,10847,1
2019-09-27,17:10:54,10847,10848,10847,16
2019-09-27,17:10:59,10846,10847,10847,2
2019-09-27,17:11:08,10846,10847,10846,3
2019-09-27,17:11:20,10846,10847,10847,14
2019-09-27,17:11:23,10847,10848,10847,1
2019-09-27,17:11:23,10847,10848,10847,2
2019-09-27,17:11:26,10847,10848,10848,1
2019-09-27,17:11:26,10847,10848,10847,7
2019-09-27,17:11:26,10847,10848,10847,1
2019-09-27,17:11:58,10846,10847,10847,1
2019-09-27,17:12:41,10846,10847,10847,1
2019-09-27,17:12:42,10846,10847,10847,2
2019-09-27,17:12:46,10846,10847,10847,1
2019-09-27,17:12:47,10846,10847,10847,1
2019-09-27,17:13:00,10846,10847,10846,5
2019-09-27,17:13:11,10846,10847,10846,10
2019-09-27,17:13:49,10846,10847,10846,1
2019-09-27,17:14:00,10846,10847,10846,1
2019-09-27,17:14:02,10846,10847,10847,1
2019-09-27,17:14:06,10846,10847,10846,1
2019-09-27,17:14:29,10846,10847,10846,2
2019-09-27,17:14:51,10846,10847,10846,1
2019-09-27,17:15:04,10846,10847,10847,1
2019-09-27,17:15:06,10846,10847,10846,3
2019-09-27,17:15:12,10846,10847,10846,1
2019-09-27,17:15:41,10846,10847,10846,1
2019-09-27,17:15:52,10846,10847,10846,9
2019-09-27,17:15:52,10846,10847,10846,2
2019-09-27,17:15:52,10846,10847,10846,6
2019-09-27,17:15:52,10845,10847,10846,1
2019-09-27,17:16:00,10845,10846,10845,1
2019-09-27,17:16:00,10845,10846,10845,2
2019-09-27,17:16:38,10845,10846,10845,1
2019-09-27,17:16:48,10845,10846,10845,1
2019-09-27,17:16:51,10845,10846,10845,10
2019-09-27,17:16:51,10845,10846,10845,22
2019-09-27,17:16:51,10845,10846,10845,9
2019-09-27,17:17:03,10844,10845,10844,1
2019-09-27,17:17:03,10844,10845,10844,1
2019-09-27,17:17:03,10844,10845,10844,1
2019-09-27,17:17:04,10844,10845,10845,1
2019-09-27,17:17:04,10844,10845,10845,1
2019-09-27,17:17:11,10844,10845,10845,3
2019-09-27,17:17:14,10845,10846,10846,5
2019-09-27,17:17:15,10845,10846,10845,1
2019-09-27,17:17:22,10845,10846,10845,1
2019-09-27,17:17:23,10845,10846,10845,1
2019-09-27,17:17:34,10845,10846,10846,1
2019-09-27,17:17:59,10845,10846,10845,1
2019-09-27,17:18:02,10845,10846,10846,1
2019-09-27,17:18:02,10845,10846,10846,1
2019-09-27,17:18:02,10845,10846,10846,9
2019-09-27,17:18:07,10846,10847,10847,1
2019-09-27,17:18:07,10846,10847,10847,1
2019-09-27,17:18:08,10846,10847,10847,1
2019-09-27,17:18:10,10846,10847,10847,1
2019-09-27,17:18:11,10846,10847,10846,6
2019-09-27,17:18:11,10846,10847,10847,2
2019-09-27,17:18:12,10846,10847,10847,1
2019-09-27,17:18:27,10846,10847,10847,24
2019-09-27,17:18:27,10846,10847,10847,1
2019-09-27,17:18:31,10846,10847,10846,14
2019-09-27,17:18:34,10845,10846,10846,1
2019-09-27,17:18:34,10845,10846,10846,1
2019-09-27,17:18:37,10845,10846,10846,2
2019-09-27,17:18:38,10845,10846,10846,2
2019-09-27,17:18:40,10845,10846,10846,1
2019-09-27,17:18:42,10845,10846,10846,1
2019-09-27,17:18:46,10845,10846,10846,1
2019-09-27,17:18:57,10845,10846,10846,1
2019-09-27,17:18:58,10845,10846,10846,1
2019-09-27,17:19:06,10845,10846,10846,1
2019-09-27,17:19:20,10845,10846,10845,2
2019-09-27,17:19:21,10845,10846,10846,2
2019-09-27,17:19:22,10845,10846,10846,2
2019-09-27,17:19:25,10845,10846,10846,2
2019-09-27,17:19:27,10845,10846,10846,2
2019-09-27,17:19:29,10846,10847,10846,1
2019-09-27,17:19:34,10846,10847,10846,2
2019-09-27,17:19:35,10846,10847,10846,2
2019-09-27,17:19:37,10846,10847,10846,2
2019-09-27,17:19:37,10845,10847,10847,1
2019-09-27,17:20:06,10846,10847,10847,1
2019-09-27,17:20:08,10846,10847,10847,1
2019-09-27,17:20:08,10846,10847,10847,1
2019-09-27,17:20:13,10846,10847,10847,1
2019-09-27,17:21:01,10846,10847,10847,2
2019-09-27,17:21:08,10846,10847,10846,1
2019-09-27,17:21:18,10846,10847,10846,1
2019-09-27,17:21:21,10846,10847,10846,1
2019-09-27,17:21:21,10846,10847,10846,2
2019-09-27,17:21:28,10846,10847,10846,1
2019-09-27,17:21:33,10846,10847,10847,2
2019-09-27,17:22:06,10846,10847,10847,2
2019-09-27,17:22:27,10846,10847,10847,3
2019-09-27,17:22:27,10846,10847,10847,8
2019-09-27,17:22:38,10847,10848,10847,1
2019-09-27,17:23:02,10847,10848,10847,1
2019-09-27,17:23:13,10847,10848,10847,1
2019-09-27,17:23:15,10847,10848,10847,1
2019-09-27,17:23:23,10847,10848,10847,1
2019-09-27,17:23:36,10847,10848,10848,21
2019-09-27,17:23:39,10848,10849,10848,2
2019-09-27,17:23:44,10848,10849,10848,2
2019-09-27,17:23:44,10848,10849,10848,1
2019-09-27,17:23:45,10848,10849,10849,2
2019-09-27,17:23:45,10848,10849,10849,6
2019-09-27,17:23:52,10848,10849,10849,1
2019-09-27,17:23:52,10848,10849,10849,1
2019-09-27,17:24:10,10848,10849,10849,1
2019-09-27,17:24:14,10848,10849,10848,1
2019-09-27,17:24:20,10848,10849,10849,1
2019-09-27,17:24:23,10848,10849,10849,1
2019-09-27,17:24:25,10848,10849,10849,10
2019-09-27,17:24:40,10848,10849,10849,3
2019-09-27,17:24:52,10848,10849,10848,1
2019-09-27,17:25:07,10848,10849,10848,1
2019-09-27,17:25:07,10848,10849,10848,6
2019-09-27,17:25:08,10848,10849,10848,2
2019-09-27,17:25:08,10848,10849,10848,2
2019-09-27,17:25:08,10848,10849,10848,4
2019-09-27,17:25:08,10848,10849,10848,2
2019-09-27,17:25:08,10848,10849,10848,1
2019-09-27,17:25:08,10848,10849,10848,1
2019-09-27,17:25:08,10848,10849,10848,4
2019-09-27,17:25:09,10847,10848,10848,2
2019-09-27,17:25:11,10847,10848,10848,5
2019-09-27,17:25:13,10847,10848,10848,5
2019-09-27,17:25:20,10847,10848,10848,1
2019-09-27,17:25:39,10847,10848,10848,1
2019-09-27,17:25:50,10847,10848,10847,1
2019-09-27,17:26:08,10847,10848,10848,1
2019-09-27,17:26:15,10847,10848,10848,1
2019-09-27,17:26:17,10847,10848,10848,1
2019-09-27,17:26:18,10847,10848,10848,1
2019-09-27,17:26:19,10847,10848,10848,1
2019-09-27,17:26:33,10847,10848,10847,1
2019-09-27,17:27:14,10847,10848,10847,1
2019-09-27,17:27:27,10847,10848,10848,1
2019-09-27,17:27:27,10847,10848,10848,1
2019-09-27,17:27:28,10847,10848,10848,1
2019-09-27,17:27:30,10847,10848,10847,1
2019-09-27,17:27:41,10847,10848,10848,1
2019-09-27,17:27:43,10847,10848,10847,1
2019-09-27,17:27:53,10847,10848,10847,1
2019-09-27,17:28:13,10847,10848,10847,1
2019-09-27,17:28:41,10847,10848,10848,1
2019-09-27,17:28:42,10847,10848,10848,1
2019-09-27,17:28:45,10847,10848,10848,1
2019-09-27,17:28:52,10847,10848,10848,1
2019-09-27,17:28:52,10847,10848,10848,3
2019-09-27,17:29:12,10848,10849,10849,1
2019-09-27,17:29:43,10848,10849,10848,1
2019-09-27,17:29:45,10848,10849,10848,1
2019-09-27,17:30:26,10848,10849,10849,3
2019-09-27,17:30:50,10848,10849,10848,1
2019-09-27,17:31:12,10848,10849,10849,1
2019-09-27,17:31:37,10848,10849,10849,1
2019-09-27,17:31:40,10848,10849,10849,24
2019-09-27,17:31:40,10848,10849,10850,76
2019-09-27,17:31:40,10849,10850,10850,14
2019-09-27,17:31:40,10849,10850,10850,3
2019-09-27,17:31:40,10850,10851,10851,5
2019-09-27,17:31:40,10850,10851,10851,20
2019-09-27,17:31:40,10850,10851,10851,1
2019-09-27,17:31:40,10850,10851,10852,1
2019-09-27,17:31:40,10850,10851,10852,4
2019-09-27,17:31:40,10850,10851,10852,4
2019-09-27,17:31:40,10850,10851,10852,4
2019-09-27,17:31:41,10850,10852,10852,4
2019-09-27,17:31:41,10850,10852,10852,4
2019-09-27,17:31:41,10850,10852,10852,4
2019-09-27,17:31:41,10850,10852,10852,4
2019-09-27,17:31:41,10851,10852,10852,1
2019-09-27,17:31:41,10851,10852,10852,4
2019-09-27,17:31:41,10851,10852,10852,4
2019-09-27,17:31:41,10851,10852,10852,4
2019-09-27,17:31:41,10851,10852,10852,1
2019-09-27,17:31:41,10851,10852,10853,3
2019-09-27,17:31:41,10851,10852,10852,3
2019-09-27,17:31:41,10851,10852,10853,1
2019-09-27,17:31:41,10851,10852,10853,1
2019-09-27,17:31:41,10851,10852,10853,4
2019-09-27,17:31:41,10851,10853,10853,4
2019-09-27,17:31:41,10851,10853,10852,1
2019-09-27,17:31:41,10851,10853,10853,3
2019-09-27,17:31:41,10851,10853,10853,2
2019-09-27,17:31:41,10851,10853,10852,1
2019-09-27,17:31:41,10851,10853,10853,3
2019-09-27,17:31:41,10851,10853,10853,1
2019-09-27,17:31:41,10851,10853,10853,1
2019-09-27,17:31:41,10851,10853,10853,4
2019-09-27,17:31:41,10851,10853,10853,3
2019-09-27,17:31:41,10851,10853,10853,2
2019-09-27,17:31:41,10851,10853,10853,2
2019-09-27,17:31:41,10851,10853,10853,2
2019-09-27,17:31:41,10851,10853,10853,2
2019-09-27,17:31:41,10851,10853,10853,2
2019-09-27,17:31:41,10851,10853,10852,1
2019-09-27,17:31:41,10851,10853,10852,4
2019-09-27,17:31:41,10851,10853,10853,2
2019-09-27,17:31:41,10851,10853,10853,6
2019-09-27,17:31:42,10852,10853,10853,1
2019-09-27,17:31:42,10852,10853,10852,1
2019-09-27,17:31:42,10852,10853,10852,1
2019-09-27,17:31:42,10852,10853,10853,2
2019-09-27,17:31:42,10852,10853,10853,1
2019-09-27,17:31:42,10852,10853,10852,2
2019-09-27,17:31:42,10851,10853,10853,1
2019-09-27,17:31:42,10851,10853,10853,1
2019-09-27,17:31:42,10852,10853,10852,1
2019-09-27,17:31:43,10852,10853,10852,1
2019-09-27,17:31:43,10852,10853,10852,1
2019-09-27,17:31:45,10851,10853,10853,1
2019-09-27,17:31:49,10851,10852,10851,2
2019-09-27,17:31:49,10851,10852,10852,1
2019-09-27,17:31:50,10851,10852,10851,2
2019-09-27,17:31:51,10851,10852,10852,2
2019-09-27,17:31:56,10851,10852,10852,2
2019-09-27,17:31:57,10851,10852,10852,1
2019-09-27,17:31:59,10851,10852,10851,1
2019-09-27,17:32:00,10851,10852,10852,1
2019-09-27,17:32:00,10852,10853,10852,1
2019-09-27,17:32:01,10852,10853,10853,3
2019-09-27,17:32:01,10852,10853,10852,1
2019-09-27,17:32:02,10852,10853,10852,1
2019-09-27,17:32:02,10852,10853,10852,1
2019-09-27,17:32:05,10852,10853,10852,1
2019-09-27,17:32:07,10852,10853,10852,1
2019-09-27,17:32:07,10852,10853,10853,2
2019-09-27,17:32:09,10852,10853,10852,1
2019-09-27,17:32:15,10852,10853,10853,3
2019-09-27,17:32:15,10852,10853,10853,1
2019-09-27,17:32:16,10852,10853,10853,3
2019-09-27,17:32:18,10852,10853,10853,3
2019-09-27,17:32:20,10852,10853,10853,2
2019-09-27,17:32:24,10852,10853,10853,1
2019-09-27,17:32:25,10852,10853,10852,1
2019-09-27,17:32:26,10852,10853,10853,1
2019-09-27,17:32:31,10852,10853,10853,1
2019-09-27,17:32:37,10852,10853,10853,1
2019-09-27,17:32:38,10852,10853,10853,2
2019-09-27,17:32:42,10852,10853,10852,1
2019-09-27,17:32:42,10852,10853,10853,6
2019-09-27,17:32:42,10852,10853,10853,5
2019-09-27,17:32:42,10852,10853,10853,4
2019-09-27,17:32:42,10852,10853,10853,2
2019-09-27,17:32:42,10852,10853,10853,1
2019-09-27,17:32:42,10852,10853,10853,2
2019-09-27,17:32:42,10852,10853,10853,1
2019-09-27,17:32:42,10852,10853,10853,2
2019-09-27,17:32:44,10852,10853,10853,2
2019-09-27,17:32:44,10852,10853,10852,1
2019-09-27,17:32:44,10852,10853,10853,2
2019-09-27,17:32:49,10852,10853,10853,7
2019-09-27,17:32:49,10852,10853,10854,71
2019-09-27,17:32:49,10853,10854,10854,1
2019-09-27,17:32:49,10853,10854,10854,2
2019-09-27,17:32:49,10853,10854,10855,2
2019-09-27,17:32:49,10854,10855,10855,5
2019-09-27,17:32:49,10854,10855,10854,1
2019-09-27,17:32:49,10854,10855,10855,4
2019-09-27,17:32:49,10854,10855,10853,1
2019-09-27,17:32:49,10854,10855,10855,1
2019-09-27,17:32:49,10854,10855,10855,1
2019-09-27,17:32:49,10854,10855,10855,1
2019-09-27,17:32:50,10853,10855,10855,12
2019-09-27,17:32:50,10854,10855,10855,1
2019-09-27,17:32:50,10854,10855,10854,1
2019-09-27,17:32:50,10854,10855,10855,6
2019-09-27,17:32:50,10854,10855,10855,1
2019-09-27,17:32:50,10854,10855,10854,1
2019-09-27,17:32:50,10854,10855,10855,1
2019-09-27,17:32:50,10854,10855,10855,1
2019-09-27,17:32:50,10854,10855,10855,1
2019-09-27,17:32:50,10854,10855,10855,2
2019-09-27,17:32:51,10854,10855,10855,1
2019-09-27,17:32:51,10854,10855,10855,1
2019-09-27,17:32:53,10854,10855,10855,1
2019-09-27,17:32:54,10854,10855,10855,1
2019-09-27,17:32:54,10854,10855,10855,1
2019-09-27,17:32:56,10854,10855,10855,4
2019-09-27,17:33:03,10854,10855,10855,1
2019-09-27,17:33:03,10854,10855,10854,1
2019-09-27,17:33:03,10854,10855,10855,1
2019-09-27,17:33:05,10854,10855,10854,1
2019-09-27,17:33:07,10854,10855,10855,1
2019-09-27,17:33:09,10854,10855,10855,1
2019-09-27,17:33:09,10854,10855,10855,1
2019-09-27,17:33:14,10854,10855,10855,1
2019-09-27,17:33:17,10854,10855,10855,1
2019-09-27,17:33:18,10854,10855,10855,1
2019-09-27,17:33:18,10854,10855,10855,10
2019-09-27,17:33:19,10854,10855,10854,1
2019-09-27,17:33:19,10854,10855,10854,1
2019-09-27,17:33:20,10854,10855,10855,1
2019-09-27,17:33:23,10854,10855,10855,1
2019-09-27,17:33:25,10854,10855,10855,4
2019-09-27,17:33:26,10854,10855,10855,1
2019-09-27,17:33:26,10854,10855,10854,1
2019-09-27,17:33:26,10854,10855,10855,4
2019-09-27,17:33:29,10854,10855,10855,2
2019-09-27,17:33:30,10854,10855,10855,1
2019-09-27,17:33:31,10854,10855,10855,2
2019-09-27,17:33:34,10854,10855,10855,1
2019-09-27,17:33:34,10854,10855,10854,1
2019-09-27,17:33:46,10854,10855,10855,2
2019-09-27,17:33:48,10854,10855,10855,1
2019-09-27,17:33:49,10854,10855,10855,2
2019-09-27,17:33:49,10854,10855,10855,1
2019-09-27,17:33:51,10854,10855,10855,1
2019-09-27,17:33:51,10854,10855,10855,3
2019-09-27,17:33:53,10854,10855,10855,1
2019-09-27,17:33:54,10854,10855,10854,1
2019-09-27,17:33:54,10854,10855,10855,1
2019-09-27,17:34:00,10854,10855,10854,3
2019-09-27,17:34:00,10854,10855,10854,7
2019-09-27,17:34:01,10854,10855,10854,5
2019-09-27,17:34:04,10853,10854,10853,1
2019-09-27,17:34:07,10853,10854,10854,1
2019-09-27,17:34:07,10853,10854,10853,1
2019-09-27,17:34:09,10853,10854,10853,1
2019-09-27,17:34:15,10853,10854,10854,1
2019-09-27,17:34:16,10853,10854,10854,4
2019-09-27,17:34:23,10854,10855,10854,2
2019-09-27,17:34:25,10853,10854,10854,2
2019-09-27,17:34:36,10854,10855,10854,13
2019-09-27,17:34:55,10854,10855,10853,4
2019-09-27,17:34:55,10854,10855,10854,1
2019-09-27,17:35:00,10853,10854,10854,1
2019-09-27,17:35:01,10853,10854,10854,1
2019-09-27,17:35:07,10853,10854,10854,1
2019-09-27,17:35:13,10854,10855,10854,1
2019-09-27,17:35:17,10854,10855,10854,2
2019-09-27,17:35:27,10853,10854,10854,3
2019-09-27,17:35:27,10853,10854,10854,1
2019-09-27,17:35:31,10853,10854,10854,1
2019-09-27,17:35:38,10853,10854,10853,1
2019-09-27,17:35:50,10853,10854,10853,10
2019-09-27,17:36:10,10852,10853,10853,1
2019-09-27,17:36:17,10852,10853,10852,1
2019-09-27,17:36:19,10852,10853,10852,3
2019-09-27,17:36:23,10852,10853,10852,1
2019-09-27,17:36:27,10852,10853,10852,1
2019-09-27,17:36:28,10852,10853,10852,1
2019-09-27,17:36:28,10852,10853,10852,1
2019-09-27,17:36:33,10852,10853,10852,1
2019-09-27,17:36:48,10851,10852,10852,1
2019-09-27,17:36:50,10851,10852,10851,2
2019-09-27,17:36:52,10851,10852,10852,1
2019-09-27,17:36:59,10851,10852,10852,1
2019-09-27,17:36:59,10851,10853,10852,1
2019-09-27,17:37:09,10851,10852,10852,2
2019-09-27,17:37:20,10851,10852,10851,1
2019-09-27,17:37:23,10851,10852,10852,8
2019-09-27,17:37:27,10852,10853,10852,1
2019-09-27,17:37:28,10852,10853,10851,2
2019-09-27,17:37:28,10852,10853,10852,1
2019-09-27,17:37:50,10851,10853,10853,1
2019-09-27,17:38:01,10852,10853,10853,1
2019-09-27,17:38:21,10852,10853,10852,1
2019-09-27,17:38:27,10852,10853,10853,2
2019-09-27,17:38:33,10852,10853,10853,1
2019-09-27,17:38:48,10852,10853,10853,1
2019-09-27,17:38:48,10852,10853,10853,1
2019-09-27,17:38:49,10852,10853,10853,19
2019-09-27,17:39:03,10852,10853,10853,1
2019-09-27,17:39:03,10852,10853,10853,1
2019-09-27,17:39:03,10852,10853,10854,1
2019-09-27,17:39:16,10853,10854,10854,2
2019-09-27,17:39:20,10853,10854,10854,1
2019-09-27,17:39:23,10853,10854,10854,8
2019-09-27,17:39:33,10853,10854,10854,2
2019-09-27,17:39:37,10853,10854,10854,1
2019-09-27,17:39:37,10853,10854,10853,2
2019-09-27,17:39:45,10853,10854,10853,1
2019-09-27,17:39:50,10853,10854,10854,2
2019-09-27,17:39:51,10853,10854,10853,5
2019-09-27,17:40:02,10853,10854,10853,1
2019-09-27,17:40:10,10853,10854,10854,1
