2020-02-07 15:00:00,11592,11593,11614,160,160
2020-02-07 15:00:00,11614,11615,11614,1,-1
2020-02-07 15:00:00,11614,11615,11614,3,-3
2020-02-07 15:00:00,11614,11615,11615,4,4
2020-02-07 15:00:00,11614,11615,11614,5,-5
2020-02-07 15:00:00,11614,11615,11615,2,2
2020-02-07 15:00:00,11614,11615,11615,1,1
2020-02-07 15:00:00,11613,11615,11613,1,-1
2020-02-07 15:00:00,11613,11615,11615,2,2
2020-02-07 15:00:00,11613,11615,11615,1,1
2020-02-07 15:00:00,11613,11615,11615,1,1
2020-02-07 15:00:00,11613,11615,11616,4,4
2020-02-07 15:00:00,11615,11616,11617,3,3
2020-02-07 15:00:00,11615,11617,11615,2,-2
2020-02-07 15:00:00,11615,11617,11614,1,-1
2020-02-07 15:00:00,11615,11617,11613,2,-2
2020-02-07 15:00:01,11613,11617,11617,2,2
2020-02-07 15:00:01,11613,11617,11618,1,1
2020-02-07 15:00:01,11613,11617,11617,2,2
2020-02-07 15:00:01,11614,11618,11617,2,-2
2020-02-07 15:00:01,11617,11618,11617,1,-1
2020-02-07 15:00:01,11617,11618,11618,1,1
2020-02-07 15:00:01,11616,11618,11617,2,-2
2020-02-07 15:00:01,11616,11618,11616,3,-3
2020-02-07 15:00:01,11616,11617,11617,2,2
2020-02-07 15:00:01,11616,11617,11617,2,2
2020-02-07 15:00:01,11615,11618,11618,4,4
2020-02-07 15:00:01,11616,11618,11618,4,4
2020-02-07 15:00:01,11616,11618,11617,1,-1
2020-02-07 15:00:02,11616,11618,11618,3,3
2020-02-07 15:00:02,11616,11618,11618,1,1
2020-02-07 15:00:02,11616,11618,11618,2,2
2020-02-07 15:00:02,11616,11618,11618,2,2
2020-02-07 15:00:02,11616,11618,11618,2,2
2020-02-07 15:00:02,11617,11618,11618,1,1
2020-02-07 15:00:02,11617,11618,11618,1,1
2020-02-07 15:00:02,11617,11618,11617,1,-1
2020-02-07 15:00:02,11617,11618,11618,4,4
2020-02-07 15:00:02,11617,11618,11618,2,2
2020-02-07 15:00:02,11617,11618,11618,2,2
2020-02-07 15:00:02,11617,11618,11618,1,1
2020-02-07 15:00:02,11617,11618,11618,1,1
2020-02-07 15:00:02,11617,11618,11618,1,1
2020-02-07 15:00:02,11617,11618,11618,1,1
2020-02-07 15:00:02,11617,11618,11618,1,1
2020-02-07 15:00:02,11617,11618,11618,7,7
2020-02-07 15:00:02,11617,11618,11617,1,-1
2020-02-07 15:00:02,11617,11618,11616,2,-2
2020-02-07 15:00:02,11616,11618,11618,2,2
2020-02-07 15:00:02,11616,11618,11618,7,7
2020-02-07 15:00:02,11616,11618,11618,1,1
2020-02-07 15:00:02,11616,11618,11618,1,1
2020-02-07 15:00:02,11617,11618,11618,1,1
2020-02-07 15:00:02,11617,11618,11618,1,1
2020-02-07 15:00:02,11617,11618,11617,1,-1
2020-02-07 15:00:02,11617,11618,11618,6,6
2020-02-07 15:00:03,11617,11618,11617,1,-1
2020-02-07 15:00:03,11617,11618,11616,1,-1
2020-02-07 15:00:03,11617,11618,11616,1,-1
2020-02-07 15:00:03,11617,11618,11617,1,1
2020-02-07 15:00:03,11617,11618,11617,1,-1
2020-02-07 15:00:04,11616,11617,11617,1,1
2020-02-07 15:00:04,11616,11617,11616,3,-3
2020-02-07 15:00:04,11616,11618,11617,1,1
2020-02-07 15:00:04,11617,11618,11617,1,-1
2020-02-07 15:00:04,11616,11618,11616,3,-3
2020-02-07 15:00:05,11615,11617,11616,1,-1
2020-02-07 15:00:05,11616,11617,11616,2,-2
2020-02-07 15:00:06,11615,11617,11617,2,2
2020-02-07 15:00:06,11615,11616,11615,1,-1
2020-02-07 15:00:07,11615,11616,11616,2,2
2020-02-07 15:00:07,11615,11616,11616,1,1
2020-02-07 15:00:07,11615,11616,11616,3,3
2020-02-07 15:00:07,11615,11616,11615,2,-2
2020-02-07 15:00:08,11615,11616,11615,1,-1
2020-02-07 15:00:08,11615,11616,11616,2,2
2020-02-07 15:00:09,11615,11616,11615,3,-3
2020-02-07 15:00:09,11615,11616,11615,1,-1
2020-02-07 15:00:09,11614,11616,11616,4,4
2020-02-07 15:00:09,11614,11616,11616,1,1
2020-02-07 15:00:10,11614,11616,11614,2,-2
2020-02-07 15:00:10,11614,11616,11615,1,1
2020-02-07 15:00:10,11614,11616,11615,2,-2
2020-02-07 15:00:10,11615,11616,11615,2,-2
2020-02-07 15:00:10,11614,11615,11615,7,7
2020-02-07 15:00:11,11614,11616,11614,1,-1
2020-02-07 15:00:11,11614,11615,11615,1,1
2020-02-07 15:00:11,11614,11615,11615,1,1
2020-02-07 15:00:11,11614,11615,11614,1,-1
2020-02-07 15:00:11,11614,11615,11615,5,5
2020-02-07 15:00:11,11614,11615,11614,1,-1
2020-02-07 15:00:12,11614,11616,11616,1,1
2020-02-07 15:00:12,11614,11616,11616,1,1
2020-02-07 15:00:12,11614,11616,11616,10,10
2020-02-07 15:00:12,11614,11616,11617,12,12
2020-02-07 15:00:12,11615,11616,11615,1,-1
2020-02-07 15:00:12,11615,11616,11616,1,1
2020-02-07 15:00:13,11614,11616,11616,2,2
2020-02-07 15:00:14,11615,11616,11616,1,1
2020-02-07 15:00:16,11615,11616,11616,1,1
2020-02-07 15:00:16,11615,11616,11616,11,11
2020-02-07 15:00:16,11616,11617,11617,1,1
2020-02-07 15:00:16,11616,11617,11617,19,19
2020-02-07 15:00:16,11616,11617,11618,4,4
2020-02-07 15:00:17,11616,11618,11617,2,-2
2020-02-07 15:00:17,11616,11618,11617,2,-2
2020-02-07 15:00:17,11616,11617,11617,1,1
2020-02-07 15:00:18,11616,11618,11618,1,1
2020-02-07 15:00:18,11617,11618,11618,2,2
2020-02-07 15:00:19,11617,11618,11617,1,-1
2020-02-07 15:00:20,11617,11618,11617,1,-1
2020-02-07 15:00:20,11617,11618,11617,1,-1
2020-02-07 15:00:20,11617,11618,11617,1,-1
2020-02-07 15:00:20,11617,11618,11616,3,-3
2020-02-07 15:00:20,11616,11618,11617,1,1
2020-02-07 15:00:20,11616,11618,11617,1,-1
2020-02-07 15:00:20,11616,11618,11617,1,-1
2020-02-07 15:00:20,11616,11618,11617,1,-1
2020-02-07 15:00:21,11617,11618,11617,1,-1
2020-02-07 15:00:21,11617,11618,11618,2,2
2020-02-07 15:00:21,11617,11618,11617,2,-2
2020-02-07 15:00:22,11617,11618,11617,3,-3
2020-02-07 15:00:22,11616,11618,11618,5,5
2020-02-07 15:00:23,11616,11618,11616,2,-2
2020-02-07 15:00:23,11617,11618,11617,5,5
2020-02-07 15:00:23,11617,11618,11617,1,-1
2020-02-07 15:00:23,11616,11617,11616,1,-1
2020-02-07 15:00:23,11616,11617,11617,1,1
2020-02-07 15:00:23,11616,11617,11618,2,2
2020-02-07 15:00:24,11617,11618,11617,1,-1
2020-02-07 15:00:25,11617,11618,11617,1,-1
2020-02-07 15:00:25,11617,11618,11617,1,-1
2020-02-07 15:00:25,11617,11618,11617,1,-1
2020-02-07 15:00:25,11616,11618,11618,1,1
2020-02-07 15:00:25,11616,11617,11617,1,1
2020-02-07 15:00:27,11616,11617,11617,1,1
2020-02-07 15:00:28,11616,11617,11617,1,1
2020-02-07 15:00:29,11616,11617,11617,3,3
2020-02-07 15:00:29,11616,11617,11616,1,-1
2020-02-07 15:00:29,11616,11617,11617,3,3
2020-02-07 15:00:29,11617,11618,11617,1,-1
2020-02-07 15:00:30,11617,11618,11618,4,4
2020-02-07 15:00:30,11617,11618,11618,1,1
2020-02-07 15:00:31,11617,11618,11618,5,5
2020-02-07 15:00:31,11617,11618,11617,1,-1
2020-02-07 15:00:32,11617,11618,11617,1,-1
2020-02-07 15:00:32,11617,11618,11618,5,5
2020-02-07 15:00:33,11617,11618,11618,2,2
2020-02-07 15:00:33,11617,11618,11616,31,-31
2020-02-07 15:00:33,11617,11618,11617,14,14
2020-02-07 15:00:33,11616,11618,11616,7,-7
2020-02-07 15:00:33,11616,11618,11616,2,-2
2020-02-07 15:00:33,11615,11617,11615,5,-5
2020-02-07 15:00:33,11615,11617,11616,1,1
2020-02-07 15:00:33,11615,11617,11617,1,1
2020-02-07 15:00:35,11616,11617,11616,1,-1
2020-02-07 15:00:35,11616,11617,11616,1,-1
2020-02-07 15:00:35,11615,11617,11617,8,8
2020-02-07 15:00:35,11617,11618,11617,4,-4
2020-02-07 15:00:37,11616,11617,11617,1,1
2020-02-07 15:00:39,11616,11617,11616,4,-4
2020-02-07 15:00:40,11616,11617,11617,1,1
2020-02-07 15:00:40,11616,11617,11617,1,1
2020-02-07 15:00:42,11617,11618,11617,1,-1
2020-02-07 15:00:42,11617,11618,11618,2,2
2020-02-07 15:00:43,11617,11618,11618,1,1
2020-02-07 15:00:44,11617,11618,11617,2,-2
2020-02-07 15:00:46,11617,11618,11618,1,1
2020-02-07 15:00:48,11617,11618,11618,2,2
2020-02-07 15:00:49,11617,11618,11617,3,-3
2020-02-07 15:00:49,11617,11618,11618,4,4
2020-02-07 15:00:49,11617,11618,11617,1,-1
2020-02-07 15:00:52,11617,11618,11617,1,-1
2020-02-07 15:00:52,11617,11618,11618,2,2
2020-02-07 15:00:52,11617,11618,11617,1,-1
2020-02-07 15:00:52,11617,11618,11618,1,1
2020-02-07 15:00:52,11617,11618,11618,1,1
2020-02-07 15:00:53,11617,11618,11618,1,1
2020-02-07 15:00:54,11617,11618,11617,1,-1
2020-02-07 15:00:54,11617,11618,11617,1,-1
2020-02-07 15:00:55,11617,11618,11618,2,2
2020-02-07 15:00:58,11617,11618,11618,1,1
2020-02-07 15:00:59,11617,11618,11618,1,1
2020-02-07 15:00:59,11617,11618,11618,5,5
2020-02-07 15:01:00,11617,11618,11618,1,1
2020-02-07 15:01:00,11617,11618,11618,2,2
2020-02-07 15:01:00,11617,11618,11618,1,1
2020-02-07 15:01:00,11617,11618,11618,2,2
2020-02-07 15:01:00,11617,11618,11618,2,2
2020-02-07 15:01:00,11617,11618,11618,1,1
2020-02-07 15:01:00,11617,11618,11618,2,2
2020-02-07 15:01:00,11617,11618,11618,2,2
2020-02-07 15:01:00,11617,11618,11618,7,7
2020-02-07 15:01:00,11617,11618,11618,7,7
2020-02-07 15:01:00,11617,11618,11618,12,12
2020-02-07 15:01:00,11617,11618,11618,1,1
2020-02-07 15:01:00,11617,11618,11618,2,2
2020-02-07 15:01:00,11617,11618,11618,2,2
2020-02-07 15:01:01,11618,11619,11619,1,1
2020-02-07 15:01:01,11618,11619,11619,11,11
2020-02-07 15:01:01,11618,11620,11620,3,3
2020-02-07 15:01:01,11618,11620,11620,1,1
2020-02-07 15:01:01,11618,11620,11620,1,1
2020-02-07 15:01:01,11618,11620,11620,1,1
2020-02-07 15:01:01,11618,11620,11620,1,1
2020-02-07 15:01:01,11618,11620,11620,3,3
2020-02-07 15:01:01,11618,11620,11620,1,1
2020-02-07 15:01:01,11618,11620,11620,1,1
2020-02-07 15:01:01,11618,11620,11620,1,1
2020-02-07 15:01:01,11618,11620,11620,1,1
2020-02-07 15:01:01,11618,11620,11620,1,1
2020-02-07 15:01:01,11618,11620,11620,1,1
2020-02-07 15:01:01,11618,11620,11620,3,3
2020-02-07 15:01:01,11618,11620,11620,7,7
2020-02-07 15:01:01,11618,11620,11620,1,1
2020-02-07 15:01:01,11618,11620,11620,3,3
2020-02-07 15:01:01,11619,11620,11620,1,1
2020-02-07 15:01:01,11619,11620,11620,2,2
2020-02-07 15:01:01,11619,11620,11620,1,1
2020-02-07 15:01:01,11619,11620,11620,1,1
2020-02-07 15:01:01,11619,11620,11620,6,6
2020-02-07 15:01:01,11619,11620,11620,1,1
2020-02-07 15:01:01,11619,11620,11621,1,1
2020-02-07 15:01:01,11619,11620,11620,3,3
2020-02-07 15:01:01,11619,11621,11621,1,1
2020-02-07 15:01:01,11619,11621,11620,1,-1
2020-02-07 15:01:01,11620,11621,11621,1,1
2020-02-07 15:01:01,11620,11621,11622,3,3
2020-02-07 15:01:01,11620,11621,11622,1,1
2020-02-07 15:01:02,11620,11622,11621,1,-1
2020-02-07 15:01:02,11620,11621,11621,3,3
2020-02-07 15:01:02,11620,11621,11622,1,1
2020-02-07 15:01:02,11620,11621,11622,2,2
2020-02-07 15:01:02,11620,11621,11622,2,2
2020-02-07 15:01:02,11620,11621,11622,2,2
2020-02-07 15:01:02,11620,11622,11622,1,1
2020-02-07 15:01:02,11621,11623,11623,1,1
2020-02-07 15:01:02,11621,11623,11623,4,4
2020-02-07 15:01:02,11621,11623,11623,1,1
2020-02-07 15:01:02,11621,11623,11624,3,3
2020-02-07 15:01:02,11621,11623,11624,4,4
2020-02-07 15:01:02,11621,11623,11624,4,4
2020-02-07 15:01:02,11621,11623,11624,4,4
2020-02-07 15:01:02,11621,11623,11624,4,4
2020-02-07 15:01:02,11621,11623,11621,1,-1
2020-02-07 15:01:03,11621,11625,11625,3,3
2020-02-07 15:01:03,11621,11625,11624,1,-1
2020-02-07 15:01:03,11621,11625,11625,1,1
2020-02-07 15:01:03,11621,11625,11625,2,2
2020-02-07 15:01:03,11621,11625,11625,3,3
2020-02-07 15:01:03,11622,11626,11625,1,-1
2020-02-07 15:01:03,11623,11626,11626,4,4
2020-02-07 15:01:03,11623,11626,11626,1,1
2020-02-07 15:01:03,11625,11626,11625,1,-1
2020-02-07 15:01:03,11625,11626,11624,2,-2
2020-02-07 15:01:03,11625,11626,11624,2,-2
2020-02-07 15:01:03,11625,11626,11624,1,-1
2020-02-07 15:01:03,11625,11626,11625,2,2
2020-02-07 15:01:03,11625,11626,11623,1,-1
2020-02-07 15:01:03,11623,11625,11625,1,1
2020-02-07 15:01:03,11624,11625,11624,1,-1
2020-02-07 15:01:03,11623,11625,11625,1,1
2020-02-07 15:01:03,11623,11625,11623,1,-1
2020-02-07 15:01:03,11623,11625,11625,1,1
2020-02-07 15:01:03,11623,11625,11625,1,1
2020-02-07 15:01:03,11623,11625,11623,1,-1
2020-02-07 15:01:04,11623,11625,11625,1,1
2020-02-07 15:01:04,11623,11625,11625,2,2
2020-02-07 15:01:04,11623,11625,11625,1,1
2020-02-07 15:01:04,11623,11625,11625,1,1
2020-02-07 15:01:04,11623,11625,11625,1,1
2020-02-07 15:01:05,11622,11624,11624,1,1
2020-02-07 15:01:05,11623,11624,11623,1,-1
2020-02-07 15:01:05,11623,11624,11623,1,-1
2020-02-07 15:01:06,11622,11623,11623,1,1
2020-02-07 15:01:06,11622,11623,11623,1,1
2020-02-07 15:01:06,11622,11623,11623,1,1
2020-02-07 15:01:06,11622,11623,11622,1,-1
2020-02-07 15:01:06,11621,11623,11621,2,-2
2020-02-07 15:01:06,11621,11623,11620,1,-1
2020-02-07 15:01:06,11621,11623,11622,1,1
2020-02-07 15:01:06,11620,11622,11622,1,1
2020-02-07 15:01:06,11620,11622,11621,1,-1
2020-02-07 15:01:06,11620,11622,11622,1,1
2020-02-07 15:01:06,11620,11622,11622,1,1
2020-02-07 15:01:07,11620,11622,11622,3,3
2020-02-07 15:01:07,11620,11621,11621,1,1
2020-02-07 15:01:07,11620,11621,11621,1,1
2020-02-07 15:01:07,11620,11621,11622,3,3
2020-02-07 15:01:08,11620,11623,11620,1,-1
2020-02-07 15:01:08,11620,11623,11623,1,1
2020-02-07 15:01:08,11621,11623,11623,4,4
2020-02-07 15:01:08,11621,11623,11623,1,1
2020-02-07 15:01:08,11623,11624,11623,5,-5
2020-02-07 15:01:09,11622,11623,11622,1,-1
2020-02-07 15:01:09,11621,11623,11623,8,8
2020-02-07 15:01:09,11623,11624,11623,2,-2
2020-02-07 15:01:09,11622,11623,11622,1,-1
2020-02-07 15:01:09,11622,11623,11623,1,1
2020-02-07 15:01:10,11621,11623,11623,9,9
2020-02-07 15:01:10,11623,11624,11623,1,-1
2020-02-07 15:01:10,11622,11623,11623,1,1
2020-02-07 15:01:11,11621,11622,11624,6,6
2020-02-07 15:01:11,11621,11622,11623,8,8
2020-02-07 15:01:11,11621,11622,11622,1,1
2020-02-07 15:01:11,11621,11624,11622,1,-1
2020-02-07 15:01:11,11621,11624,11624,1,1
2020-02-07 15:01:12,11622,11624,11622,6,-6
2020-02-07 15:01:12,11622,11624,11622,1,-1
2020-02-07 15:01:12,11621,11622,11622,3,3
2020-02-07 15:01:12,11621,11622,11621,6,-6
2020-02-07 15:01:12,11621,11622,11622,1,1
2020-02-07 15:01:12,11620,11622,11622,10,10
2020-02-07 15:01:12,11620,11622,11622,1,1
2020-02-07 15:01:12,11620,11622,11622,1,1
2020-02-07 15:01:12,11620,11622,11622,1,1
2020-02-07 15:01:12,11620,11622,11622,1,1
2020-02-07 15:01:14,11621,11622,11621,4,-4
2020-02-07 15:01:14,11621,11622,11621,1,-1
2020-02-07 15:01:14,11620,11622,11622,2,2
2020-02-07 15:01:15,11620,11621,11621,2,2
2020-02-07 15:01:15,11621,11622,11621,8,-8
2020-02-07 15:01:15,11620,11622,11621,1,-1
2020-02-07 15:01:15,11620,11622,11622,1,1
2020-02-07 15:01:15,11620,11622,11622,1,1
2020-02-07 15:01:15,11620,11622,11620,1,-1
2020-02-07 15:01:16,11620,11622,11620,1,-1
2020-02-07 15:01:16,11621,11622,11621,10,10
2020-02-07 15:01:18,11620,11622,11622,1,1
2020-02-07 15:01:19,11621,11622,11622,1,1
2020-02-07 15:01:19,11621,11622,11621,2,-2
2020-02-07 15:01:19,11621,11622,11622,1,1
2020-02-07 15:01:20,11621,11622,11622,1,1
2020-02-07 15:01:20,11621,11622,11622,1,1
2020-02-07 15:01:21,11621,11622,11622,1,1
2020-02-07 15:01:21,11621,11622,11622,1,1
2020-02-07 15:01:21,11621,11622,11622,2,2
2020-02-07 15:01:22,11622,11623,11622,1,-1
2020-02-07 15:01:23,11622,11623,11622,1,-1
2020-02-07 15:01:23,11622,11623,11623,1,1
2020-02-07 15:01:23,11622,11623,11624,1,1
2020-02-07 15:01:23,11622,11623,11623,2,2
2020-02-07 15:01:23,11622,11623,11623,2,2
2020-02-07 15:01:23,11622,11623,11624,1,1
2020-02-07 15:01:23,11622,11624,11622,1,-1
2020-02-07 15:01:24,11622,11624,11624,3,3
2020-02-07 15:01:24,11622,11624,11624,1,1
2020-02-07 15:01:24,11622,11624,11622,1,-1
2020-02-07 15:01:24,11623,11624,11623,1,1
2020-02-07 15:01:25,11623,11624,11623,1,-1
2020-02-07 15:01:26,11623,11624,11623,2,-2
2020-02-07 15:01:26,11622,11623,11623,1,1
2020-02-07 15:01:27,11622,11624,11624,1,1
2020-02-07 15:01:28,11622,11624,11625,1,1
2020-02-07 15:01:28,11622,11624,11624,9,9
2020-02-07 15:01:28,11622,11625,11623,1,-1
2020-02-07 15:01:28,11623,11625,11625,10,10
2020-02-07 15:01:28,11624,11625,11624,1,-1
2020-02-07 15:01:28,11624,11625,11624,1,-1
2020-02-07 15:01:28,11624,11625,11624,1,-1
2020-02-07 15:01:29,11624,11625,11624,1,-1
2020-02-07 15:01:30,11623,11624,11624,1,1
2020-02-07 15:01:31,11623,11624,11623,2,-2
2020-02-07 15:01:31,11622,11624,11623,1,-1
2020-02-07 15:01:32,11622,11624,11624,2,2
2020-02-07 15:01:32,11622,11624,11624,1,1
2020-02-07 15:01:34,11622,11624,11622,2,-2
2020-02-07 15:01:34,11622,11623,11623,1,1
2020-02-07 15:01:35,11622,11623,11623,5,5
2020-02-07 15:01:35,11622,11624,11624,1,1
2020-02-07 15:01:35,11622,11624,11622,1,-1
2020-02-07 15:01:35,11622,11624,11622,6,-6
2020-02-07 15:01:35,11622,11623,11623,1,1
2020-02-07 15:01:36,11622,11623,11623,1,1
2020-02-07 15:01:36,11622,11623,11622,3,-3
2020-02-07 15:01:36,11622,11623,11623,4,4
2020-02-07 15:01:38,11622,11623,11622,1,-1
2020-02-07 15:01:38,11622,11623,11623,1,1
2020-02-07 15:01:38,11621,11623,11623,2,2
2020-02-07 15:01:39,11621,11623,11622,1,-1
2020-02-07 15:01:39,11622,11623,11623,1,1
2020-02-07 15:01:40,11622,11623,11621,2,-2
2020-02-07 15:01:40,11622,11623,11622,3,3
2020-02-07 15:01:40,11621,11623,11623,2,2
2020-02-07 15:01:40,11621,11623,11623,1,1
2020-02-07 15:01:41,11622,11623,11623,4,4
2020-02-07 15:01:41,11622,11623,11623,1,1
2020-02-07 15:01:41,11622,11623,11622,3,-3
2020-02-07 15:01:42,11621,11623,11621,4,-4
2020-02-07 15:01:42,11621,11623,11623,1,1
2020-02-07 15:01:46,11621,11622,11622,4,4
2020-02-07 15:01:46,11621,11623,11621,2,-2
2020-02-07 15:01:46,11622,11623,11622,3,3
2020-02-07 15:01:48,11621,11622,11622,1,1
2020-02-07 15:01:49,11621,11622,11621,16,-16
2020-02-07 15:01:49,11621,11622,11620,24,-24
2020-02-07 15:01:49,11620,11621,11621,2,2
2020-02-07 15:01:50,11620,11621,11620,1,-1
2020-02-07 15:01:51,11620,11621,11621,1,1
2020-02-07 15:01:52,11620,11621,11620,2,-2
2020-02-07 15:01:53,11620,11621,11620,3,-3
2020-02-07 15:01:54,11620,11621,11620,4,-4
2020-02-07 15:01:54,11620,11621,11620,4,-4
2020-02-07 15:01:55,11619,11621,11621,1,1
2020-02-07 15:01:56,11619,11621,11619,5,-5
2020-02-07 15:01:56,11619,11621,11620,1,1
2020-02-07 15:02:00,11619,11621,11621,3,3
2020-02-07 15:02:00,11619,11621,11621,10,10
2020-02-07 15:02:00,11619,11621,11621,1,1
2020-02-07 15:02:00,11619,11621,11621,1,1
2020-02-07 15:02:00,11620,11621,11619,18,-18
2020-02-07 15:02:00,11620,11621,11620,2,2
2020-02-07 15:02:00,11618,11620,11620,1,1
2020-02-07 15:02:04,11619,11620,11619,1,-1
2020-02-07 15:02:05,11619,11620,11620,1,1
2020-02-07 15:02:05,11619,11620,11620,1,1
2020-02-07 15:02:06,11619,11620,11620,1,1
2020-02-07 15:02:06,11619,11620,11619,1,-1
2020-02-07 15:02:06,11618,11620,11620,2,2
2020-02-07 15:02:07,11618,11620,11619,1,-1
2020-02-07 15:02:07,11618,11620,11618,1,-1
2020-02-07 15:02:07,11618,11620,11618,1,-1
2020-02-07 15:02:07,11618,11620,11618,1,-1
2020-02-07 15:02:08,11618,11619,11619,1,1
2020-02-07 15:02:08,11618,11619,11619,1,1
2020-02-07 15:02:08,11618,11620,11618,1,-1
2020-02-07 15:02:08,11618,11619,11619,2,2
2020-02-07 15:02:11,11619,11620,11619,1,-1
2020-02-07 15:02:12,11619,11620,11619,2,-2
2020-02-07 15:02:12,11618,11620,11618,1,-1
2020-02-07 15:02:13,11619,11620,11619,1,1
2020-02-07 15:02:13,11619,11620,11620,1,1
2020-02-07 15:02:14,11619,11620,11620,1,1
2020-02-07 15:02:16,11619,11620,11619,1,-1
2020-02-07 15:02:17,11619,11620,11619,2,-2
2020-02-07 15:02:18,11619,11620,11620,1,1
2020-02-07 15:02:18,11619,11620,11620,1,1
2020-02-07 15:02:19,11619,11620,11620,1,1
2020-02-07 15:02:20,11619,11620,11620,1,1
2020-02-07 15:02:22,11619,11620,11619,1,-1
2020-02-07 15:02:23,11619,11620,11620,1,1
2020-02-07 15:02:23,11619,11620,11620,5,5
2020-02-07 15:02:23,11619,11620,11620,5,5
2020-02-07 15:02:25,11619,11620,11620,5,5
2020-02-07 15:02:25,11619,11620,11620,1,1
2020-02-07 15:02:27,11619,11620,11620,5,5
2020-02-07 15:02:28,11619,11620,11620,5,5
2020-02-07 15:02:30,11619,11620,11620,1,1
2020-02-07 15:02:30,11619,11620,11620,1,1
2020-02-07 15:02:34,11619,11620,11620,3,3
2020-02-07 15:02:35,11619,11620,11620,2,2
2020-02-07 15:02:35,11619,11620,11620,1,1
2020-02-07 15:02:40,11619,11620,11619,9,-9
2020-02-07 15:02:40,11618,11619,11619,1,1
2020-02-07 15:02:41,11618,11619,11618,1,-1
2020-02-07 15:02:43,11618,11619,11619,2,2
2020-02-07 15:02:45,11618,11619,11618,1,-1
2020-02-07 15:02:48,11618,11619,11618,1,-1
2020-02-07 15:02:49,11618,11619,11618,10,-10
2020-02-07 15:02:49,11618,11619,11618,2,-2
2020-02-07 15:02:49,11618,11619,11619,1,1
2020-02-07 15:02:49,11618,11619,11618,4,-4
2020-02-07 15:02:49,11617,11618,11618,1,1
2020-02-07 15:02:49,11617,11618,11618,2,2
2020-02-07 15:02:49,11617,11618,11618,1,1
2020-02-07 15:02:49,11617,11618,11618,1,1
2020-02-07 15:02:51,11617,11618,11618,1,1
2020-02-07 15:02:53,11617,11618,11617,1,-1
2020-02-07 15:02:53,11617,11618,11618,1,1
2020-02-07 15:02:54,11618,11619,11618,1,-1
2020-02-07 15:02:54,11617,11619,11617,1,-1
2020-02-07 15:02:55,11618,11619,11619,1,1
2020-02-07 15:02:55,11618,11619,11618,2,-2
2020-02-07 15:02:55,11617,11618,11617,1,-1
2020-02-07 15:02:56,11617,11619,11617,1,-1
2020-02-07 15:02:56,11617,11619,11617,1,-1
2020-02-07 15:02:59,11617,11618,11617,1,-1
2020-02-07 15:03:00,11617,11618,11619,13,13
2020-02-07 15:03:00,11617,11618,11618,6,6
2020-02-07 15:03:00,11618,11619,11618,3,-3
2020-02-07 15:03:02,11618,11619,11618,2,-2
2020-02-07 15:03:04,11617,11618,11619,25,25
2020-02-07 15:03:04,11617,11618,11618,2,2
2020-02-07 15:03:07,11618,11620,11620,2,2
2020-02-07 15:03:08,11619,11620,11620,10,10
2020-02-07 15:03:08,11619,11620,11619,1,-1
2020-02-07 15:03:09,11619,11620,11619,7,-7
2020-02-07 15:03:10,11618,11619,11620,5,5
2020-02-07 15:03:10,11618,11619,11619,5,5
2020-02-07 15:03:12,11618,11619,11619,1,1
2020-02-07 15:03:16,11618,11619,11619,4,4
2020-02-07 15:03:19,11618,11619,11619,1,1
2020-02-07 15:03:19,11618,11619,11620,3,3
2020-02-07 15:03:20,11618,11619,11619,1,1
2020-02-07 15:03:20,11619,11620,11619,1,-1
2020-02-07 15:03:21,11619,11620,11620,10,10
2020-02-07 15:03:22,11619,11620,11619,4,-4
2020-02-07 15:03:23,11619,11620,11619,3,-3
2020-02-07 15:03:24,11618,11619,11619,1,1
2020-02-07 15:03:25,11618,11619,11619,2,2
2020-02-07 15:03:27,11618,11619,11619,1,1
2020-02-07 15:03:29,11618,11619,11619,1,1
2020-02-07 15:03:30,11618,11619,11619,9,9
2020-02-07 15:03:30,11619,11620,11619,1,-1
2020-02-07 15:03:30,11618,11619,11619,1,1
2020-02-07 15:03:31,11618,11619,11619,1,1
2020-02-07 15:03:32,11618,11619,11618,1,-1
2020-02-07 15:03:33,11618,11619,11619,3,3
2020-02-07 15:03:36,11618,11619,11619,2,2
2020-02-07 15:03:37,11619,11620,11619,3,-3
2020-02-07 15:03:39,11619,11620,11619,1,-1
2020-02-07 15:03:43,11618,11619,11618,1,-1
2020-02-07 15:03:43,11618,11619,11619,1,1
2020-02-07 15:03:47,11618,11619,11618,1,-1
2020-02-07 15:03:47,11618,11619,11618,4,-4
2020-02-07 15:03:50,11618,11619,11618,3,-3
2020-02-07 15:03:50,11618,11619,11618,2,-2
2020-02-07 15:03:50,11618,11619,11618,8,-8
2020-02-07 15:03:50,11617,11618,11618,1,1
2020-02-07 15:03:51,11617,11618,11617,2,-2
2020-02-07 15:03:52,11617,11618,11617,2,-2
2020-02-07 15:03:53,11617,11618,11617,1,-1
2020-02-07 15:03:54,11617,11618,11618,2,2
2020-02-07 15:03:54,11617,11618,11618,2,2
2020-02-07 15:04:01,11617,11618,11618,1,1
2020-02-07 15:04:12,11617,11618,11617,2,-2
2020-02-07 15:04:14,11617,11618,11617,12,-12
2020-02-07 15:04:14,11617,11618,11617,1,-1
2020-02-07 15:04:14,11617,11618,11617,2,-2
2020-02-07 15:04:14,11616,11617,11616,3,-3
2020-02-07 15:04:14,11617,11618,11617,1,1
2020-02-07 15:04:18,11616,11617,11616,5,-5
2020-02-07 15:04:18,11616,11617,11617,1,1
2020-02-07 15:04:20,11616,11617,11617,1,1
2020-02-07 15:04:20,11616,11617,11617,1,1
2020-02-07 15:04:21,11616,11618,11616,3,-3
2020-02-07 15:04:22,11616,11618,11616,1,-1
2020-02-07 15:04:22,11616,11618,11616,1,-1
2020-02-07 15:04:25,11617,11618,11617,1,1
2020-02-07 15:04:25,11616,11618,11616,4,-4
2020-02-07 15:04:29,11616,11617,11617,1,1
2020-02-07 15:04:32,11617,11618,11618,5,5
2020-02-07 15:04:33,11617,11618,11618,2,2
2020-02-07 15:04:33,11617,11618,11617,1,-1
2020-02-07 15:04:33,11617,11618,11618,1,1
2020-02-07 15:04:36,11618,11619,11619,1,1
2020-02-07 15:04:36,11618,11619,11618,2,-2
2020-02-07 15:04:37,11618,11619,11618,1,-1
2020-02-07 15:04:38,11617,11619,11617,1,-1
2020-02-07 15:04:39,11617,11618,11618,2,2
2020-02-07 15:04:42,11617,11618,11618,6,6
2020-02-07 15:04:50,11617,11618,11618,1,1
2020-02-07 15:04:51,11617,11618,11618,2,2
2020-02-07 15:04:52,11618,11619,11618,1,-1
2020-02-07 15:05:00,11618,11619,11619,2,2
2020-02-07 15:05:05,11618,11619,11619,1,1
2020-02-07 15:05:06,11618,11619,11618,1,-1
2020-02-07 15:05:06,11618,11619,11619,1,1
2020-02-07 15:05:07,11618,11619,11618,5,-5
2020-02-07 15:05:07,11618,11619,11618,4,-4
2020-02-07 15:05:09,11617,11618,11618,1,1
2020-02-07 15:05:16,11618,11619,11619,18,18
2020-02-07 15:05:20,11619,11620,11620,1,1
2020-02-07 15:05:21,11619,11620,11619,2,-2
2020-02-07 15:05:23,11619,11620,11619,1,-1
2020-02-07 15:05:26,11619,11620,11619,1,-1
2020-02-07 15:05:27,11619,11620,11619,5,-5
2020-02-07 15:05:30,11619,11620,11619,1,-1
2020-02-07 15:05:30,11619,11620,11619,1,-1
2020-02-07 15:05:30,11619,11620,11619,1,-1
2020-02-07 15:05:30,11619,11620,11619,1,-1
2020-02-07 15:05:31,11618,11619,11619,2,2
2020-02-07 15:05:32,11618,11619,11619,1,1
2020-02-07 15:05:33,11619,11620,11619,1,-1
2020-02-07 15:05:36,11619,11620,11619,2,-2
2020-02-07 15:05:40,11619,11620,11619,1,-1
2020-02-07 15:05:40,11619,11620,11618,1,-1
2020-02-07 15:05:41,11618,11620,11618,1,-1
2020-02-07 15:05:42,11618,11619,11619,1,1
2020-02-07 15:05:42,11618,11619,11618,5,-5
2020-02-07 15:05:46,11618,11620,11618,2,-2
2020-02-07 15:05:49,11618,11620,11618,1,-1
2020-02-07 15:05:52,11618,11620,11620,1,1
2020-02-07 15:05:58,11619,11620,11619,1,-1
2020-02-07 15:06:00,11619,11620,11620,1,1
2020-02-07 15:06:00,11619,11620,11620,1,1
2020-02-07 15:06:00,11619,11620,11619,5,-5
2020-02-07 15:06:01,11619,11620,11620,1,1
2020-02-07 15:06:06,11619,11620,11619,1,-1
2020-02-07 15:06:06,11619,11620,11619,6,-6
2020-02-07 15:06:06,11619,11620,11619,2,-2
2020-02-07 15:06:06,11618,11619,11619,2,2
2020-02-07 15:06:10,11618,11619,11619,1,1
2020-02-07 15:06:10,11618,11619,11619,1,1
2020-02-07 15:06:10,11618,11619,11619,1,1
2020-02-07 15:06:12,11618,11619,11619,1,1
2020-02-07 15:06:12,11618,11619,11619,1,1
2020-02-07 15:06:15,11618,11619,11619,1,1
2020-02-07 15:06:17,11618,11619,11619,1,1
2020-02-07 15:06:20,11618,11619,11618,1,-1
2020-02-07 15:06:20,11618,11619,11619,1,1
2020-02-07 15:06:22,11618,11619,11618,1,-1
2020-02-07 15:06:23,11618,11619,11618,1,-1
2020-02-07 15:06:23,11618,11619,11619,1,1
2020-02-07 15:06:24,11618,11619,11618,25,-25
2020-02-07 15:06:25,11617,11619,11619,1,1
2020-02-07 15:06:28,11617,11619,11617,15,-15
2020-02-07 15:06:29,11617,11618,11618,1,1
2020-02-07 15:06:29,11617,11618,11618,1,1
2020-02-07 15:06:33,11618,11619,11618,1,-1
2020-02-07 15:06:44,11618,11619,11618,1,-1
2020-02-07 15:06:47,11618,11619,11618,2,-2
2020-02-07 15:06:50,11618,11619,11618,1,-1
2020-02-07 15:06:54,11618,11619,11618,2,-2
2020-02-07 15:06:55,11617,11618,11617,1,-1
2020-02-07 15:06:58,11617,11618,11617,1,-1
2020-02-07 15:06:59,11617,11618,11617,1,-1
2020-02-07 15:06:59,11617,11618,11618,1,1
2020-02-07 15:07:00,11617,11618,11617,1,-1
2020-02-07 15:07:01,11617,11618,11618,1,1
2020-02-07 15:07:03,11617,11618,11618,4,4
2020-02-07 15:07:09,11617,11618,11618,2,2
2020-02-07 15:07:09,11617,11618,11617,1,-1
2020-02-07 15:07:09,11617,11618,11618,2,2
2020-02-07 15:07:10,11617,11618,11618,2,2
2020-02-07 15:07:11,11617,11618,11618,1,1
2020-02-07 15:07:11,11617,11619,11618,2,-2
2020-02-07 15:07:11,11617,11618,11618,2,2
2020-02-07 15:07:11,11617,11618,11618,1,1
2020-02-07 15:07:13,11618,11619,11618,1,-1
2020-02-07 15:07:13,11618,11619,11618,1,-1
2020-02-07 15:07:16,11617,11619,11617,15,-15
2020-02-07 15:07:21,11617,11618,11618,1,1
2020-02-07 15:07:21,11618,11619,11618,1,-1
2020-02-07 15:07:21,11618,11619,11617,1,-1
2020-02-07 15:07:24,11617,11619,11617,1,-1
2020-02-07 15:07:25,11617,11619,11619,1,1
2020-02-07 15:07:36,11617,11618,11618,2,2
2020-02-07 15:07:40,11617,11618,11617,3,-3
2020-02-07 15:07:40,11617,11618,11617,2,-2
2020-02-07 15:07:40,11617,11618,11617,2,-2
2020-02-07 15:07:40,11616,11617,11617,2,2
2020-02-07 15:07:48,11616,11618,11616,1,-1
2020-02-07 15:08:00,11616,11617,11616,1,-1
2020-02-07 15:08:00,11616,11617,11616,1,-1
2020-02-07 15:08:01,11616,11617,11616,1,-1
2020-02-07 15:08:04,11616,11617,11617,3,3
2020-02-07 15:08:04,11616,11617,11617,1,1
2020-02-07 15:08:23,11616,11617,11617,2,2
2020-02-07 15:08:29,11616,11617,11616,3,-3
2020-02-07 15:08:31,11616,11617,11616,1,-1
2020-02-07 15:08:32,11616,11617,11617,1,1
2020-02-07 15:08:33,11616,11617,11616,1,-1
2020-02-07 15:08:34,11616,11617,11616,1,-1
2020-02-07 15:08:36,11616,11617,11617,4,4
2020-02-07 15:08:42,11616,11617,11616,5,-5
2020-02-07 15:08:43,11616,11617,11616,5,-5
2020-02-07 15:08:44,11616,11617,11616,5,-5
2020-02-07 15:08:49,11615,11616,11616,2,2
2020-02-07 15:08:51,11615,11616,11616,1,1
2020-02-07 15:08:51,11615,11616,11615,1,-1
2020-02-07 15:08:53,11615,11616,11615,1,-1
2020-02-07 15:08:56,11615,11616,11615,1,-1
2020-02-07 15:08:58,11615,11616,11616,1,1
2020-02-07 15:08:58,11615,11616,11615,10,-10
2020-02-07 15:09:00,11615,11616,11615,7,-7
2020-02-07 15:09:00,11615,11616,11615,5,-5
2020-02-07 15:09:00,11615,11616,11615,11,-11
2020-02-07 15:09:00,11615,11616,11615,4,-4
2020-02-07 15:09:01,11614,11615,11615,1,1
2020-02-07 15:09:04,11614,11615,11614,1,-1
2020-02-07 15:09:04,11614,11615,11614,2,-2
2020-02-07 15:09:04,11614,11615,11615,1,1
2020-02-07 15:09:05,11614,11615,11614,1,-1
2020-02-07 15:09:07,11614,11615,11614,2,-2
2020-02-07 15:09:08,11614,11615,11614,2,-2
2020-02-07 15:09:08,11614,11615,11614,7,-7
2020-02-07 15:09:09,11613,11615,11613,5,-5
2020-02-07 15:09:10,11613,11614,11613,5,-5
2020-02-07 15:09:12,11613,11614,11613,2,-2
2020-02-07 15:09:13,11612,11613,11612,1,-1
2020-02-07 15:09:13,11612,11613,11612,1,-1
2020-02-07 15:09:13,11612,11613,11613,1,1
2020-02-07 15:09:13,11612,11613,11613,2,2
2020-02-07 15:09:14,11613,11614,11613,1,-1
2020-02-07 15:09:22,11613,11615,11613,3,-3
2020-02-07 15:09:23,11613,11615,11613,2,-2
2020-02-07 15:09:34,11613,11614,11614,4,4
2020-02-07 15:09:34,11614,11615,11614,2,-2
2020-02-07 15:09:35,11614,11615,11614,1,-1
2020-02-07 15:09:36,11614,11615,11614,1,-1
2020-02-07 15:09:38,11614,11615,11615,1,1
2020-02-07 15:09:39,11614,11615,11615,2,2
2020-02-07 15:09:39,11614,11615,11615,1,1
2020-02-07 15:09:42,11614,11616,11614,1,-1
2020-02-07 15:09:43,11614,11616,11615,1,1
2020-02-07 15:09:47,11615,11616,11616,1,1
2020-02-07 15:09:47,11615,11616,11615,1,-1
2020-02-07 15:09:48,11615,11616,11615,1,-1
2020-02-07 15:09:53,11614,11615,11614,1,-1
2020-02-07 15:09:53,11614,11615,11615,1,1
2020-02-07 15:09:56,11615,11616,11615,1,-1
2020-02-07 15:10:00,11614,11615,11614,1,-1
2020-02-07 15:10:01,11614,11615,11614,3,-3
2020-02-07 15:10:01,11614,11615,11614,3,-3
2020-02-07 15:10:01,11614,11615,11614,4,-4
2020-02-07 15:10:02,11613,11614,11613,1,-1
2020-02-07 15:10:06,11613,11614,11613,1,-1
2020-02-07 15:10:07,11613,11614,11614,5,5
2020-02-07 15:10:08,11613,11615,11613,1,-1
2020-02-07 15:10:09,11613,11615,11613,1,-1
2020-02-07 15:10:12,11614,11615,11615,4,4
2020-02-07 15:10:12,11614,11616,11615,1,-1
2020-02-07 15:10:13,11615,11616,11616,1,1
2020-02-07 15:10:13,11615,11616,11616,2,2
2020-02-07 15:10:18,11615,11616,11616,1,1
2020-02-07 15:10:20,11616,11617,11617,25,25
2020-02-07 15:10:20,11616,11617,11616,1,-1
2020-02-07 15:10:20,11616,11617,11616,1,-1
2020-02-07 15:10:21,11616,11617,11616,2,-2
2020-02-07 15:10:22,11616,11617,11617,1,1
2020-02-07 15:10:24,11616,11618,11616,1,-1
2020-02-07 15:10:29,11616,11617,11617,1,1
2020-02-07 15:10:30,11616,11617,11617,2,2
2020-02-07 15:10:31,11617,11618,11618,14,14
2020-02-07 15:10:33,11618,11619,11618,1,-1
2020-02-07 15:10:35,11618,11619,11618,1,-1
2020-02-07 15:10:37,11618,11619,11618,1,-1
2020-02-07 15:10:39,11618,11619,11619,1,1
2020-02-07 15:10:44,11618,11619,11619,2,2
2020-02-07 15:10:46,11618,11619,11618,1,-1
2020-02-07 15:10:51,11618,11619,11618,1,-1
2020-02-07 15:10:55,11618,11619,11619,1,1
2020-02-07 15:10:56,11618,11619,11618,1,-1
2020-02-07 15:10:57,11618,11619,11618,1,-1
2020-02-07 15:11:03,11618,11619,11619,20,20
2020-02-07 15:11:03,11618,11619,11619,2,2
2020-02-07 15:11:03,11618,11619,11619,2,2
2020-02-07 15:11:03,11618,11619,11619,7,7
2020-02-07 15:11:06,11619,11620,11620,25,25
2020-02-07 15:11:06,11619,11620,11620,9,9
2020-02-07 15:11:06,11619,11620,11620,3,3
2020-02-07 15:11:06,11619,11620,11620,2,2
2020-02-07 15:11:06,11619,11620,11620,2,2
2020-02-07 15:11:06,11619,11620,11620,16,16
2020-02-07 15:11:06,11619,11620,11620,2,2
2020-02-07 15:11:06,11619,11620,11620,1,1
2020-02-07 15:11:06,11619,11620,11620,2,2
2020-02-07 15:11:06,11619,11620,11620,5,5
2020-02-07 15:11:09,11620,11621,11621,1,1
2020-02-07 15:11:09,11620,11621,11621,8,8
2020-02-07 15:11:10,11620,11621,11621,1,1
2020-02-07 15:11:11,11620,11621,11621,1,1
2020-02-07 15:11:11,11620,11621,11621,1,1
2020-02-07 15:11:11,11620,11621,11621,1,1
2020-02-07 15:11:11,11620,11621,11621,1,1
2020-02-07 15:11:11,11620,11621,11621,1,1
2020-02-07 15:11:11,11620,11621,11621,3,3
2020-02-07 15:11:11,11620,11621,11621,1,1
2020-02-07 15:11:11,11620,11621,11621,1,1
2020-02-07 15:11:11,11620,11621,11621,1,1
2020-02-07 15:11:11,11620,11621,11621,2,2
2020-02-07 15:11:11,11620,11621,11621,1,1
2020-02-07 15:11:11,11620,11621,11621,5,5
2020-02-07 15:11:12,11621,11622,11622,1,1
2020-02-07 15:11:15,11621,11622,11622,2,2
2020-02-07 15:11:16,11621,11622,11621,2,-2
2020-02-07 15:11:16,11621,11622,11621,1,-1
2020-02-07 15:11:16,11621,11622,11621,5,-5
2020-02-07 15:11:16,11621,11622,11622,1,1
2020-02-07 15:11:17,11621,11622,11622,1,1
2020-02-07 15:11:18,11621,11622,11621,4,-4
2020-02-07 15:11:19,11621,11622,11621,1,-1
2020-02-07 15:11:19,11621,11622,11621,5,-5
2020-02-07 15:11:19,11621,11622,11621,1,-1
2020-02-07 15:11:19,11621,11622,11621,2,-2
2020-02-07 15:11:19,11621,11622,11621,2,-2
2020-02-07 15:11:19,11620,11621,11621,2,2
2020-02-07 15:11:21,11620,11621,11621,1,1
2020-02-07 15:11:21,11620,11621,11621,1,1
2020-02-07 15:11:22,11620,11621,11621,1,1
2020-02-07 15:11:24,11620,11621,11620,1,-1
2020-02-07 15:11:24,11620,11621,11621,4,4
2020-02-07 15:11:27,11620,11621,11621,4,4
2020-02-07 15:11:27,11620,11621,11621,1,1
2020-02-07 15:11:28,11620,11621,11621,1,1
2020-02-07 15:11:28,11620,11621,11621,1,1
2020-02-07 15:11:28,11620,11621,11620,1,-1
2020-02-07 15:11:29,11620,11621,11620,1,-1
2020-02-07 15:11:30,11620,11621,11620,5,-5
2020-02-07 15:11:30,11620,11621,11620,5,-5
2020-02-07 15:11:30,11620,11621,11620,1,-1
2020-02-07 15:11:30,11619,11620,11620,2,2
2020-02-07 15:11:32,11619,11620,11620,1,1
2020-02-07 15:11:34,11619,11620,11620,1,1
2020-02-07 15:11:37,11619,11620,11620,2,2
2020-02-07 15:11:37,11619,11620,11620,1,1
2020-02-07 15:11:37,11619,11620,11620,1,1
2020-02-07 15:11:37,11619,11620,11620,1,1
2020-02-07 15:11:37,11619,11620,11620,2,2
2020-02-07 15:11:49,11619,11620,11619,5,-5
2020-02-07 15:12:00,11618,11619,11618,1,-1
2020-02-07 15:12:00,11618,11619,11619,1,1
2020-02-07 15:12:01,11618,11619,11618,1,-1
2020-02-07 15:12:08,11618,11619,11618,10,-10
2020-02-07 15:12:10,11618,11619,11619,1,1
2020-02-07 15:12:12,11618,11619,11619,1,1
2020-02-07 15:12:12,11618,11619,11619,4,4
2020-02-07 15:12:12,11618,11619,11619,1,1
2020-02-07 15:12:12,11618,11620,11618,2,-2
2020-02-07 15:12:12,11619,11620,11619,1,1
2020-02-07 15:12:14,11618,11619,11618,10,-10
2020-02-07 15:12:17,11617,11619,11619,10,10
2020-02-07 15:12:23,11618,11619,11618,1,-1
2020-02-07 15:12:25,11618,11619,11619,4,4
2020-02-07 15:12:25,11618,11619,11620,1,1
2020-02-07 15:12:26,11618,11620,11620,1,1
2020-02-07 15:12:40,11618,11619,11619,1,1
2020-02-07 15:12:41,11618,11619,11619,1,1
2020-02-07 15:12:52,11618,11619,11619,1,1
2020-02-07 15:12:57,11618,11619,11619,1,1
2020-02-07 15:13:00,11618,11619,11619,1,1
2020-02-07 15:13:04,11618,11619,11619,1,1
2020-02-07 15:13:05,11618,11619,11619,5,5
2020-02-07 15:13:10,11619,11620,11619,2,-2
2020-02-07 15:13:12,11619,11620,11619,1,-1
2020-02-07 15:13:12,11619,11620,11620,1,1
2020-02-07 15:13:14,11619,11620,11619,1,-1
2020-02-07 15:13:25,11619,11620,11619,1,-1
2020-02-07 15:13:27,11619,11620,11619,2,-2
2020-02-07 15:13:27,11619,11620,11618,1,-1
2020-02-07 15:13:28,11618,11619,11619,2,2
2020-02-07 15:13:29,11618,11619,11619,2,2
2020-02-07 15:13:31,11618,11619,11619,2,2
2020-02-07 15:13:39,11618,11619,11619,1,1
2020-02-07 15:13:40,11618,11619,11618,27,-27
2020-02-07 15:13:44,11617,11618,11617,5,-5
2020-02-07 15:13:44,11617,11618,11617,1,-1
2020-02-07 15:13:47,11617,11618,11617,1,-1
2020-02-07 15:13:49,11617,11618,11617,1,-1
2020-02-07 15:13:50,11617,11618,11617,1,-1
2020-02-07 15:13:52,11617,11618,11618,1,1
2020-02-07 15:13:53,11617,11618,11617,1,-1
2020-02-07 15:13:56,11617,11618,11618,1,1
2020-02-07 15:13:59,11618,11619,11618,2,-2
2020-02-07 15:14:10,11618,11619,11618,1,-1
2020-02-07 15:14:11,11618,11619,11618,1,-1
2020-02-07 15:14:13,11618,11619,11618,1,-1
2020-02-07 15:14:15,11617,11619,11619,1,1
2020-02-07 15:14:18,11618,11619,11618,1,-1
2020-02-07 15:14:19,11618,11619,11618,1,-1
2020-02-07 15:14:19,11617,11618,11618,1,1
2020-02-07 15:14:43,11618,11619,11619,3,3
2020-02-07 15:14:44,11618,11619,11618,1,-1
2020-02-07 15:14:47,11618,11619,11618,1,-1
2020-02-07 15:15:01,11618,11619,11619,11,11
2020-02-07 15:15:01,11618,11619,11619,3,3
2020-02-07 15:15:01,11619,11620,11619,20,-20
2020-02-07 15:15:01,11619,11620,11619,2,-2
2020-02-07 15:15:01,11619,11620,11619,4,-4
2020-02-07 15:15:01,11619,11620,11619,2,-2
2020-02-07 15:15:01,11619,11620,11619,1,-1
2020-02-07 15:15:01,11619,11620,11619,1,-1
2020-02-07 15:15:01,11619,11620,11620,4,4
2020-02-07 15:15:01,11619,11620,11619,2,-2
2020-02-07 15:15:02,11619,11620,11620,1,1
2020-02-07 15:15:04,11618,11620,11618,1,-1
2020-02-07 15:15:05,11618,11620,11620,3,3
2020-02-07 15:15:05,11618,11620,11620,1,1
2020-02-07 15:15:05,11618,11620,11620,3,3
2020-02-07 15:15:05,11618,11620,11620,1,1
2020-02-07 15:15:05,11618,11620,11620,3,3
2020-02-07 15:15:05,11618,11620,11620,3,3
2020-02-07 15:15:05,11618,11620,11620,3,3
2020-02-07 15:15:05,11618,11620,11620,2,2
2020-02-07 15:15:05,11618,11620,11620,4,4
2020-02-07 15:15:05,11618,11620,11620,1,1
2020-02-07 15:15:05,11618,11620,11620,1,1
2020-02-07 15:15:05,11618,11620,11620,3,3
2020-02-07 15:15:05,11618,11620,11620,3,3
2020-02-07 15:15:05,11618,11620,11620,8,8
2020-02-07 15:15:05,11618,11620,11620,3,3
2020-02-07 15:15:07,11619,11620,11620,1,1
2020-02-07 15:15:09,11619,11620,11620,2,2
2020-02-07 15:15:10,11619,11620,11620,1,1
2020-02-07 15:15:10,11619,11620,11620,1,1
2020-02-07 15:15:13,11619,11620,11620,2,2
2020-02-07 15:15:21,11619,11620,11620,4,4
2020-02-07 15:15:24,11619,11620,11620,1,1
2020-02-07 15:15:24,11619,11620,11620,1,1
2020-02-07 15:15:24,11619,11620,11620,2,2
2020-02-07 15:15:25,11619,11620,11620,3,3
2020-02-07 15:15:26,11619,11621,11621,5,5
2020-02-07 15:15:28,11620,11621,11620,1,-1
2020-02-07 15:15:29,11620,11621,11621,5,5
2020-02-07 15:15:29,11621,11622,11621,1,-1
2020-02-07 15:15:29,11621,11622,11620,5,-5
2020-02-07 15:15:29,11620,11622,11620,4,-4
2020-02-07 15:15:29,11621,11622,11621,1,1
2020-02-07 15:15:31,11621,11622,11621,1,-1
2020-02-07 15:15:33,11621,11622,11621,1,-1
2020-02-07 15:15:33,11620,11621,11621,6,6
2020-02-07 15:15:33,11620,11621,11622,1,1
2020-02-07 15:15:33,11620,11621,11621,1,1
2020-02-07 15:15:33,11620,11621,11621,1,1
2020-02-07 15:15:37,11621,11622,11622,3,3
2020-02-07 15:15:38,11621,11622,11621,2,-2
2020-02-07 15:15:40,11621,11622,11621,1,-1
2020-02-07 15:15:40,11621,11622,11621,5,-5
2020-02-07 15:15:41,11620,11621,11621,1,1
2020-02-07 15:15:42,11620,11621,11621,1,1
2020-02-07 15:15:48,11620,11621,11620,1,-1
2020-02-07 15:15:49,11620,11621,11621,1,1
2020-02-07 15:15:49,11620,11621,11621,2,2
2020-02-07 15:15:50,11620,11621,11621,1,1
2020-02-07 15:16:00,11621,11622,11622,1,1
2020-02-07 15:16:00,11621,11622,11622,1,1
2020-02-07 15:16:09,11621,11622,11622,2,2
2020-02-07 15:16:10,11621,11622,11621,1,-1
2020-02-07 15:16:10,11621,11622,11622,1,1
2020-02-07 15:16:10,11621,11622,11622,2,2
2020-02-07 15:16:10,11621,11622,11622,2,2
2020-02-07 15:16:10,11621,11622,11622,2,2
2020-02-07 15:16:10,11621,11622,11622,1,1
2020-02-07 15:16:10,11621,11622,11622,2,2
2020-02-07 15:16:10,11621,11622,11622,2,2
2020-02-07 15:16:10,11621,11622,11622,2,2
2020-02-07 15:16:10,11621,11622,11622,3,3
2020-02-07 15:16:10,11621,11622,11622,2,2
2020-02-07 15:16:10,11621,11622,11622,2,2
2020-02-07 15:16:10,11621,11622,11622,1,1
2020-02-07 15:16:10,11621,11622,11623,1,1
2020-02-07 15:16:10,11621,11622,11623,1,1
2020-02-07 15:16:10,11621,11622,11623,6,6
2020-02-07 15:16:10,11621,11622,11623,2,2
2020-02-07 15:16:10,11621,11622,11623,1,1
2020-02-07 15:16:11,11622,11623,11622,1,-1
2020-02-07 15:16:15,11622,11623,11623,1,1
2020-02-07 15:16:15,11622,11623,11623,1,1
2020-02-07 15:16:16,11622,11623,11623,14,14
2020-02-07 15:16:16,11622,11623,11624,6,6
2020-02-07 15:16:16,11622,11623,11623,1,1
2020-02-07 15:16:16,11623,11624,11623,1,-1
2020-02-07 15:16:16,11623,11624,11624,1,1
2020-02-07 15:16:16,11623,11624,11623,1,-1
2020-02-07 15:16:17,11623,11624,11624,1,1
2020-02-07 15:16:18,11623,11624,11623,1,-1
2020-02-07 15:16:19,11623,11624,11623,7,-7
2020-02-07 15:16:20,11622,11623,11623,1,1
2020-02-07 15:16:20,11622,11623,11624,4,4
2020-02-07 15:16:21,11623,11624,11624,13,13
2020-02-07 15:16:21,11623,11624,11625,2,2
2020-02-07 15:16:21,11623,11625,11625,1,1
2020-02-07 15:16:22,11624,11625,11624,5,-5
2020-02-07 15:16:22,11624,11625,11624,1,-1
2020-02-07 15:16:22,11624,11625,11624,4,-4
2020-02-07 15:16:23,11623,11624,11624,1,1
2020-02-07 15:16:23,11623,11624,11623,1,-1
2020-02-07 15:16:25,11623,11624,11624,10,10
2020-02-07 15:16:25,11623,11624,11623,1,-1
2020-02-07 15:16:26,11623,11624,11624,1,1
2020-02-07 15:16:26,11623,11624,11624,1,1
2020-02-07 15:16:27,11624,11625,11625,2,2
2020-02-07 15:16:27,11624,11625,11625,20,20
2020-02-07 15:16:28,11624,11625,11624,4,-4
2020-02-07 15:16:29,11624,11625,11625,1,1
2020-02-07 15:16:29,11624,11625,11625,10,10
2020-02-07 15:16:31,11624,11625,11625,1,1
2020-02-07 15:16:31,11624,11625,11625,2,2
2020-02-07 15:16:34,11624,11625,11624,5,-5
2020-02-07 15:16:34,11623,11625,11625,1,1
2020-02-07 15:16:37,11623,11624,11623,1,-1
2020-02-07 15:16:38,11623,11624,11624,1,1
2020-02-07 15:16:39,11623,11625,11623,1,-1
2020-02-07 15:16:39,11623,11624,11624,1,1
2020-02-07 15:16:41,11623,11624,11624,2,2
2020-02-07 15:16:42,11623,11624,11624,1,1
2020-02-07 15:16:44,11623,11624,11624,1,1
2020-02-07 15:16:48,11623,11624,11623,1,-1
2020-02-07 15:16:51,11623,11624,11623,8,-8
2020-02-07 15:16:55,11623,11624,11624,1,1
2020-02-07 15:16:55,11623,11624,11624,2,2
2020-02-07 15:16:56,11623,11624,11624,1,1
2020-02-07 15:16:58,11623,11624,11623,6,-6
2020-02-07 15:16:58,11623,11624,11623,1,-1
2020-02-07 15:16:58,11623,11624,11623,1,-1
2020-02-07 15:16:58,11623,11624,11623,3,-3
2020-02-07 15:16:58,11623,11624,11623,1,-1
2020-02-07 15:16:59,11622,11623,11622,2,-2
2020-02-07 15:17:02,11622,11623,11623,1,1
2020-02-07 15:17:03,11622,11623,11623,2,2
2020-02-07 15:17:04,11622,11623,11622,2,-2
2020-02-07 15:17:04,11622,11623,11622,1,-1
2020-02-07 15:17:06,11622,11623,11622,1,-1
2020-02-07 15:17:07,11622,11623,11622,3,-3
2020-02-07 15:17:09,11622,11623,11623,1,1
2020-02-07 15:17:10,11622,11623,11623,1,1
2020-02-07 15:17:11,11622,11623,11623,5,5
2020-02-07 15:17:11,11622,11623,11623,2,2
2020-02-07 15:17:11,11622,11623,11622,1,-1
2020-02-07 15:17:17,11622,11623,11622,1,-1
2020-02-07 15:17:20,11622,11623,11622,1,-1
2020-02-07 15:17:22,11622,11623,11623,2,2
2020-02-07 15:17:34,11622,11623,11623,1,1
2020-02-07 15:17:37,11622,11623,11623,1,1
2020-02-07 15:17:37,11622,11623,11622,1,-1
2020-02-07 15:17:46,11622,11623,11622,1,-1
2020-02-07 15:17:46,11622,11623,11622,4,-4
2020-02-07 15:17:47,11622,11623,11623,1,1
2020-02-07 15:17:47,11622,11623,11622,1,-1
2020-02-07 15:17:52,11621,11622,11622,1,1
2020-02-07 15:17:52,11621,11622,11622,1,1
2020-02-07 15:17:54,11621,11622,11622,1,1
2020-02-07 15:17:57,11621,11622,11621,6,-6
2020-02-07 15:17:57,11621,11622,11622,5,5
2020-02-07 15:17:57,11622,11623,11622,3,-3
2020-02-07 15:18:00,11622,11623,11622,2,-2
2020-02-07 15:18:03,11622,11623,11622,2,-2
2020-02-07 15:18:04,11622,11623,11622,1,-1
2020-02-07 15:18:06,11622,11623,11623,1,1
2020-02-07 15:18:06,11622,11623,11623,1,1
2020-02-07 15:18:06,11622,11623,11622,2,-2
2020-02-07 15:18:07,11622,11623,11622,4,-4
2020-02-07 15:18:07,11621,11622,11622,2,2
2020-02-07 15:18:09,11621,11622,11622,1,1
2020-02-07 15:18:14,11621,11622,11622,2,2
2020-02-07 15:18:25,11621,11622,11622,2,2
2020-02-07 15:18:26,11621,11622,11622,1,1
2020-02-07 15:18:35,11621,11622,11621,5,-5
2020-02-07 15:18:36,11621,11622,11621,5,-5
2020-02-07 15:18:40,11621,11622,11621,1,-1
2020-02-07 15:18:46,11621,11622,11621,10,-10
2020-02-07 15:18:48,11621,11622,11621,1,-1
2020-02-07 15:18:52,11620,11621,11621,1,1
2020-02-07 15:18:52,11620,11621,11621,2,2
2020-02-07 15:18:52,11621,11622,11621,1,-1
2020-02-07 15:18:55,11621,11622,11621,2,-2
2020-02-07 15:18:57,11621,11622,11621,5,-5
2020-02-07 15:18:57,11621,11622,11621,1,-1
2020-02-07 15:18:57,11621,11622,11621,1,-1
2020-02-07 15:19:08,11620,11622,11622,1,1
2020-02-07 15:19:21,11620,11621,11621,1,1
2020-02-07 15:19:22,11620,11621,11621,3,3
2020-02-07 15:19:22,11620,11621,11621,1,1
2020-02-07 15:19:34,11621,11622,11622,9,9
2020-02-07 15:19:34,11621,11622,11622,5,5
2020-02-07 15:19:35,11622,11623,11622,1,-1
2020-02-07 15:19:49,11622,11623,11623,1,1
2020-02-07 15:19:49,11622,11623,11622,2,-2
2020-02-07 15:19:53,11622,11623,11622,1,-1
2020-02-07 15:19:53,11621,11623,11621,1,-1
2020-02-07 15:19:54,11621,11622,11622,1,1
2020-02-07 15:19:56,11621,11622,11622,1,1
2020-02-07 15:19:59,11621,11622,11622,1,1
2020-02-07 15:20:04,11621,11622,11622,1,1
2020-02-07 15:20:15,11621,11622,11621,5,-5
2020-02-07 15:20:16,11621,11622,11622,1,1
2020-02-07 15:20:16,11621,11622,11622,1,1
2020-02-07 15:20:35,11621,11622,11621,1,-1
2020-02-07 15:20:37,11621,11622,11621,2,-2
2020-02-07 15:20:46,11621,11622,11622,2,2
2020-02-07 15:20:47,11621,11622,11621,1,-1
2020-02-07 15:20:48,11621,11622,11621,1,-1
2020-02-07 15:21:01,11621,11622,11621,1,-1
2020-02-07 15:21:09,11621,11622,11622,1,1
2020-02-07 15:21:10,11621,11622,11622,1,1
2020-02-07 15:21:17,11621,11622,11621,22,-22
2020-02-07 15:21:18,11620,11621,11621,2,2
2020-02-07 15:21:20,11621,11622,11621,1,-1
2020-02-07 15:21:22,11620,11621,11621,1,1
2020-02-07 15:21:26,11621,11622,11621,1,-1
2020-02-07 15:21:27,11621,11622,11621,1,-1
2020-02-07 15:21:29,11621,11622,11621,1,-1
2020-02-07 15:21:30,11621,11622,11621,1,-1
2020-02-07 15:21:30,11620,11621,11621,2,2
2020-02-07 15:21:30,11620,11621,11620,4,-4
2020-02-07 15:21:31,11620,11621,11621,1,1
2020-02-07 15:21:35,11620,11621,11621,1,1
2020-02-07 15:21:44,11620,11621,11621,2,2
2020-02-07 15:21:53,11620,11621,11621,1,1
2020-02-07 15:22:14,11620,11621,11621,2,2
2020-02-07 15:22:14,11620,11621,11621,4,4
2020-02-07 15:22:14,11620,11621,11621,2,2
2020-02-07 15:22:17,11621,11622,11622,1,1
2020-02-07 15:22:17,11621,11622,11622,1,1
2020-02-07 15:22:17,11621,11622,11622,2,2
2020-02-07 15:22:18,11621,11622,11621,1,-1
2020-02-07 15:22:25,11621,11622,11621,1,-1
2020-02-07 15:22:40,11621,11622,11621,5,-5
2020-02-07 15:22:41,11621,11622,11621,4,-4
2020-02-07 15:22:41,11621,11622,11622,21,21
2020-02-07 15:22:41,11621,11622,11622,1,1
2020-02-07 15:22:43,11622,11623,11622,1,-1
2020-02-07 15:22:45,11622,11623,11622,4,-4
2020-02-07 15:22:45,11622,11623,11622,4,-4
2020-02-07 15:22:46,11621,11622,11622,2,2
2020-02-07 15:22:50,11621,11622,11622,1,1
2020-02-07 15:22:53,11621,11622,11622,1,1
2020-02-07 15:22:57,11621,11622,11622,2,2
2020-02-07 15:22:59,11622,11623,11622,1,-1
2020-02-07 15:23:03,11622,11623,11622,4,-4
2020-02-07 15:23:04,11621,11623,11622,2,-2
2020-02-07 15:23:05,11621,11622,11622,1,1
2020-02-07 15:23:24,11621,11622,11622,1,1
2020-02-07 15:23:32,11621,11622,11621,10,-10
2020-02-07 15:23:32,11621,11622,11621,2,-2
2020-02-07 15:23:33,11620,11621,11621,1,1
2020-02-07 15:23:37,11620,11621,11621,1,1
2020-02-07 15:23:51,11620,11621,11621,1,1
2020-02-07 15:24:02,11620,11621,11620,11,-11
2020-02-07 15:24:03,11620,11621,11620,10,-10
2020-02-07 15:24:03,11620,11621,11620,2,-2
2020-02-07 15:24:03,11620,11621,11620,1,-1
2020-02-07 15:24:03,11620,11621,11620,2,-2
2020-02-07 15:24:03,11620,11621,11620,1,-1
2020-02-07 15:24:03,11620,11621,11620,1,-1
2020-02-07 15:24:03,11620,11621,11620,2,-2
2020-02-07 15:24:03,11620,11621,11620,2,-2
2020-02-07 15:24:03,11620,11621,11620,2,-2
2020-02-07 15:24:03,11619,11620,11620,1,1
2020-02-07 15:24:06,11619,11620,11619,3,-3
2020-02-07 15:24:06,11619,11620,11619,1,-1
2020-02-07 15:24:07,11619,11620,11619,1,-1
2020-02-07 15:24:07,11619,11620,11620,1,1
2020-02-07 15:24:14,11619,11620,11619,1,-1
2020-02-07 15:24:15,11619,11620,11619,1,-1
2020-02-07 15:24:16,11619,11620,11619,1,-1
2020-02-07 15:24:17,11619,11620,11619,1,-1
2020-02-07 15:24:17,11619,11620,11619,1,-1
2020-02-07 15:24:18,11619,11620,11619,1,-1
2020-02-07 15:24:21,11619,11620,11619,1,-1
2020-02-07 15:24:21,11619,11620,11619,1,-1
2020-02-07 15:24:22,11619,11620,11618,16,-16
2020-02-07 15:24:22,11619,11620,11619,4,4
2020-02-07 15:24:25,11618,11619,11618,1,-1
2020-02-07 15:24:30,11618,11619,11618,5,-5
2020-02-07 15:24:30,11618,11619,11618,1,-1
2020-02-07 15:24:30,11618,11619,11618,5,-5
2020-02-07 15:24:31,11618,11619,11618,1,-1
2020-02-07 15:24:33,11617,11619,11619,1,1
2020-02-07 15:24:40,11618,11619,11618,1,-1
2020-02-07 15:24:41,11618,11619,11618,1,-1
2020-02-07 15:24:42,11617,11618,11617,2,-2
2020-02-07 15:24:43,11617,11618,11617,1,-1
2020-02-07 15:24:43,11617,11618,11617,1,-1
2020-02-07 15:24:43,11617,11618,11617,1,-1
2020-02-07 15:24:45,11617,11618,11618,1,1
2020-02-07 15:24:50,11617,11618,11617,3,-3
2020-02-07 15:24:55,11617,11618,11617,1,-1
2020-02-07 15:24:58,11617,11618,11618,1,1
2020-02-07 15:24:59,11617,11618,11617,3,-3
2020-02-07 15:24:59,11617,11618,11617,1,-1
2020-02-07 15:24:59,11617,11618,11617,5,-5
2020-02-07 15:24:59,11617,11618,11617,4,-4
2020-02-07 15:25:01,11616,11617,11616,2,-2
2020-02-07 15:25:05,11616,11617,11616,1,-1
2020-02-07 15:25:06,11616,11617,11616,1,-1
2020-02-07 15:25:07,11616,11617,11616,2,-2
2020-02-07 15:25:08,11616,11617,11616,1,-1
2020-02-07 15:25:08,11616,11617,11616,5,-5
2020-02-07 15:25:09,11616,11617,11616,4,-4
2020-02-07 15:25:10,11615,11616,11615,1,-1
2020-02-07 15:25:11,11615,11616,11615,5,-5
2020-02-07 15:25:11,11615,11616,11616,5,5
2020-02-07 15:25:12,11615,11616,11615,10,-10
2020-02-07 15:25:13,11615,11616,11615,1,-1
2020-02-07 15:25:15,11615,11616,11615,1,-1
2020-02-07 15:25:15,11615,11616,11615,1,-1
2020-02-07 15:25:15,11615,11616,11615,1,-1
2020-02-07 15:25:16,11615,11616,11615,1,-1
2020-02-07 15:25:19,11615,11616,11615,1,-1
2020-02-07 15:25:21,11615,11616,11615,1,-1
2020-02-07 15:25:21,11615,11616,11615,1,-1
2020-02-07 15:25:22,11615,11616,11615,1,-1
2020-02-07 15:25:22,11615,11616,11616,10,10
2020-02-07 15:25:22,11615,11616,11616,1,1
2020-02-07 15:25:22,11615,11616,11616,1,1
2020-02-07 15:25:22,11615,11616,11616,2,2
2020-02-07 15:25:22,11616,11617,11616,1,-1
2020-02-07 15:25:22,11616,11617,11616,1,-1
2020-02-07 15:25:25,11616,11617,11616,3,-3
2020-02-07 15:25:25,11616,11617,11617,2,2
2020-02-07 15:25:26,11616,11617,11616,1,-1
2020-02-07 15:25:32,11616,11617,11616,1,-1
2020-02-07 15:25:34,11615,11617,11615,2,-2
2020-02-07 15:25:34,11615,11617,11616,2,2
2020-02-07 15:25:34,11615,11616,11616,1,1
2020-02-07 15:25:34,11615,11616,11616,1,1
2020-02-07 15:25:39,11615,11616,11616,2,2
2020-02-07 15:25:42,11615,11616,11616,1,1
2020-02-07 15:25:42,11615,11616,11616,1,1
2020-02-07 15:25:45,11615,11616,11616,2,2
2020-02-07 15:25:46,11615,11616,11616,1,1
2020-02-07 15:25:48,11615,11617,11615,1,-1
2020-02-07 15:25:49,11616,11617,11616,1,1
2020-02-07 15:25:49,11616,11617,11616,3,-3
2020-02-07 15:25:50,11616,11617,11616,2,-2
2020-02-07 15:25:53,11616,11617,11616,1,-1
2020-02-07 15:25:56,11616,11617,11616,1,-1
2020-02-07 15:25:56,11616,11617,11616,1,-1
2020-02-07 15:25:58,11615,11616,11615,1,-1
2020-02-07 15:26:01,11615,11616,11615,2,-2
2020-02-07 15:26:01,11615,11616,11615,1,-1
2020-02-07 15:26:01,11615,11616,11615,1,-1
2020-02-07 15:26:02,11615,11616,11615,1,-1
2020-02-07 15:26:04,11615,11616,11615,1,-1
2020-02-07 15:26:05,11615,11616,11615,1,-1
2020-02-07 15:26:07,11615,11616,11616,1,1
2020-02-07 15:26:07,11615,11616,11616,1,1
2020-02-07 15:26:10,11615,11616,11615,4,-4
2020-02-07 15:26:10,11615,11616,11615,1,-1
2020-02-07 15:26:10,11615,11616,11615,1,-1
2020-02-07 15:26:13,11615,11616,11616,1,1
2020-02-07 15:26:14,11615,11616,11616,1,1
2020-02-07 15:26:16,11615,11616,11616,1,1
2020-02-07 15:26:16,11615,11616,11615,1,-1
2020-02-07 15:26:18,11615,11616,11616,1,1
2020-02-07 15:26:18,11615,11616,11616,1,1
2020-02-07 15:26:18,11615,11616,11616,1,1
2020-02-07 15:26:18,11615,11616,11615,1,-1
2020-02-07 15:26:20,11615,11616,11615,1,-1
2020-02-07 15:26:21,11615,11616,11616,1,1
2020-02-07 15:26:23,11615,11616,11616,1,1
2020-02-07 15:26:26,11615,11616,11616,1,1
2020-02-07 15:26:29,11615,11616,11616,1,1
2020-02-07 15:26:30,11615,11616,11616,1,1
2020-02-07 15:26:30,11615,11616,11615,3,-3
2020-02-07 15:26:31,11614,11615,11615,1,1
2020-02-07 15:26:32,11614,11615,11615,1,1
2020-02-07 15:26:33,11614,11615,11614,1,-1
2020-02-07 15:26:36,11614,11615,11614,1,-1
2020-02-07 15:26:39,11614,11615,11615,1,1
2020-02-07 15:26:41,11614,11615,11614,1,-1
2020-02-07 15:26:41,11614,11615,11614,1,-1
2020-02-07 15:26:42,11614,11615,11614,1,-1
2020-02-07 15:26:44,11614,11615,11614,1,-1
2020-02-07 15:26:48,11614,11615,11614,1,-1
2020-02-07 15:26:48,11614,11615,11614,1,-1
2020-02-07 15:26:49,11614,11615,11614,1,-1
2020-02-07 15:26:49,11614,11615,11614,1,-1
2020-02-07 15:26:49,11614,11615,11614,1,-1
2020-02-07 15:26:51,11614,11615,11614,1,-1
2020-02-07 15:26:53,11614,11615,11614,1,-1
2020-02-07 15:26:54,11614,11615,11614,1,-1
2020-02-07 15:26:56,11614,11615,11615,1,1
2020-02-07 15:26:57,11614,11615,11614,1,-1
2020-02-07 15:26:57,11614,11615,11614,3,-3
2020-02-07 15:26:58,11613,11614,11614,1,1
2020-02-07 15:27:02,11613,11614,11613,1,-1
2020-02-07 15:27:04,11613,11614,11614,1,1
2020-02-07 15:27:04,11613,11614,11614,1,1
2020-02-07 15:27:05,11613,11614,11613,1,-1
2020-02-07 15:27:08,11613,11614,11614,1,1
2020-02-07 15:27:09,11613,11614,11613,1,-1
2020-02-07 15:27:09,11613,11614,11613,1,-1
2020-02-07 15:27:10,11613,11614,11613,5,-5
2020-02-07 15:27:12,11613,11614,11613,4,-4
2020-02-07 15:27:12,11613,11614,11613,2,-2
2020-02-07 15:27:13,11612,11613,11612,1,-1
2020-02-07 15:27:13,11612,11613,11612,1,-1
2020-02-07 15:27:13,11612,11613,11612,1,-1
2020-02-07 15:27:14,11612,11613,11612,1,-1
2020-02-07 15:27:15,11612,11613,11612,1,-1
2020-02-07 15:27:15,11612,11613,11612,6,-6
2020-02-07 15:27:15,11612,11613,11612,1,-1
2020-02-07 15:27:15,11611,11612,11612,2,2
2020-02-07 15:27:17,11611,11612,11611,3,-3
2020-02-07 15:27:17,11611,11612,11611,4,-4
2020-02-07 15:27:17,11611,11612,11611,5,-5
2020-02-07 15:27:17,11611,11612,11611,3,-3
2020-02-07 15:27:18,11610,11612,11610,1,-1
2020-02-07 15:27:18,11610,11612,11610,1,-1
2020-02-07 15:27:18,11610,11612,11610,1,-1
2020-02-07 15:27:18,11610,11612,11610,1,-1
2020-02-07 15:27:18,11610,11611,11610,10,-10
2020-02-07 15:27:18,11610,11611,11610,1,-1
2020-02-07 15:27:18,11610,11611,11610,1,-1
2020-02-07 15:27:18,11610,11611,11610,1,-1
2020-02-07 15:27:18,11610,11611,11611,1,1
2020-02-07 15:27:20,11610,11611,11611,1,1
2020-02-07 15:27:20,11610,11611,11610,1,-1
2020-02-07 15:27:21,11610,11611,11610,1,-1
2020-02-07 15:27:22,11610,11611,11611,1,1
2020-02-07 15:27:22,11610,11612,11610,1,-1
2020-02-07 15:27:24,11611,11612,11611,1,1
2020-02-07 15:27:24,11610,11611,11611,1,1
2020-02-07 15:27:25,11610,11611,11611,2,2
2020-02-07 15:27:27,11610,11611,11610,4,-4
2020-02-07 15:27:27,11610,11611,11610,3,-3
2020-02-07 15:27:27,11610,11611,11610,1,-1
2020-02-07 15:27:27,11610,11611,11609,4,-4
2020-02-07 15:27:27,11609,11611,11609,1,-1
2020-02-07 15:27:28,11609,11610,11610,1,1
2020-02-07 15:27:28,11609,11610,11609,1,-1
2020-02-07 15:27:30,11609,11610,11610,1,1
2020-02-07 15:27:30,11609,11610,11610,1,1
2020-02-07 15:27:30,11610,11611,11610,1,-1
2020-02-07 15:27:31,11610,11611,11610,1,-1
2020-02-07 15:27:33,11610,11611,11610,1,-1
2020-02-07 15:27:33,11610,11611,11610,1,-1
2020-02-07 15:27:34,11610,11611,11610,5,-5
2020-02-07 15:27:34,11610,11611,11610,1,-1
2020-02-07 15:27:34,11610,11611,11610,1,-1
2020-02-07 15:27:35,11610,11611,11610,1,-1
2020-02-07 15:27:35,11610,11611,11609,1,-1
2020-02-07 15:27:37,11610,11611,11610,2,2
2020-02-07 15:27:39,11610,11611,11610,2,-2
2020-02-07 15:27:40,11610,11611,11610,1,-1
2020-02-07 15:27:40,11610,11611,11610,1,-1
2020-02-07 15:27:41,11610,11611,11610,1,-1
2020-02-07 15:27:43,11610,11611,11611,5,5
2020-02-07 15:27:43,11610,11611,11610,3,-3
2020-02-07 15:27:43,11610,11611,11611,1,1
2020-02-07 15:27:44,11610,11611,11610,1,-1
2020-02-07 15:27:44,11610,11611,11610,1,-1
2020-02-07 15:27:44,11610,11611,11610,1,-1
2020-02-07 15:27:45,11610,11611,11610,2,-2
2020-02-07 15:27:45,11610,11611,11610,1,-1
2020-02-07 15:27:46,11610,11611,11610,3,-3
2020-02-07 15:27:47,11609,11611,11609,1,-1
2020-02-07 15:27:48,11610,11611,11610,1,1
2020-02-07 15:27:48,11610,11611,11611,5,5
2020-02-07 15:27:49,11610,11611,11610,1,-1
2020-02-07 15:27:50,11610,11611,11610,5,-5
2020-02-07 15:27:50,11609,11610,11610,2,2
2020-02-07 15:27:53,11609,11610,11609,1,-1
2020-02-07 15:27:57,11609,11610,11610,1,1
2020-02-07 15:27:57,11609,11610,11609,1,-1
2020-02-07 15:27:57,11609,11610,11610,2,2
2020-02-07 15:27:58,11609,11610,11609,1,-1
2020-02-07 15:27:58,11609,11610,11609,10,-10
2020-02-07 15:27:59,11609,11610,11609,1,-1
2020-02-07 15:27:59,11609,11610,11609,1,-1
2020-02-07 15:27:59,11609,11610,11608,2,-2
2020-02-07 15:27:59,11608,11609,11608,10,-10
2020-02-07 15:27:59,11608,11609,11608,1,-1
2020-02-07 15:28:00,11608,11609,11609,4,4
2020-02-07 15:28:00,11608,11609,11608,1,-1
2020-02-07 15:28:01,11608,11609,11608,2,-2
2020-02-07 15:28:02,11608,11609,11608,3,-3
2020-02-07 15:28:02,11608,11609,11609,1,1
2020-02-07 15:28:03,11608,11609,11609,1,1
2020-02-07 15:28:03,11608,11609,11609,1,1
2020-02-07 15:28:03,11608,11609,11609,1,1
2020-02-07 15:28:04,11609,11610,11609,1,-1
2020-02-07 15:28:05,11609,11610,11610,3,3
2020-02-07 15:28:06,11609,11610,11610,1,1
2020-02-07 15:28:06,11609,11610,11610,2,2
2020-02-07 15:28:06,11609,11610,11610,5,5
2020-02-07 15:28:07,11610,11611,11610,1,-1
2020-02-07 15:28:07,11610,11611,11609,1,-1
2020-02-07 15:28:10,11610,11611,11611,1,1
2020-02-07 15:28:10,11610,11611,11610,1,-1
2020-02-07 15:28:10,11610,11611,11609,1,-1
2020-02-07 15:28:10,11609,11610,11610,1,1
2020-02-07 15:28:11,11609,11611,11611,1,1
2020-02-07 15:28:12,11609,11611,11609,2,-2
2020-02-07 15:28:13,11609,11611,11609,8,-8
2020-02-07 15:28:15,11609,11610,11609,5,-5
2020-02-07 15:28:15,11609,11610,11610,1,1
2020-02-07 15:28:15,11609,11610,11609,3,-3
2020-02-07 15:28:16,11609,11610,11609,5,-5
2020-02-07 15:28:17,11609,11610,11609,5,-5
2020-02-07 15:28:17,11609,11610,11609,1,-1
2020-02-07 15:28:17,11608,11609,11609,1,1
2020-02-07 15:28:18,11608,11609,11609,1,1
2020-02-07 15:28:18,11608,11609,11608,20,-20
2020-02-07 15:28:19,11607,11608,11608,4,4
2020-02-07 15:28:19,11607,11608,11608,1,1
2020-02-07 15:28:20,11608,11609,11609,1,1
2020-02-07 15:28:22,11608,11609,11609,1,1
2020-02-07 15:28:23,11608,11609,11608,1,-1
2020-02-07 15:28:25,11608,11609,11609,1,1
2020-02-07 15:28:28,11608,11609,11608,1,-1
2020-02-07 15:28:30,11608,11609,11608,5,-5
2020-02-07 15:28:32,11608,11609,11608,1,-1
2020-02-07 15:28:33,11608,11609,11608,2,-2
2020-02-07 15:28:35,11608,11609,11608,2,-2
2020-02-07 15:28:35,11607,11608,11608,1,1
2020-02-07 15:28:36,11608,11609,11608,2,-2
2020-02-07 15:28:37,11608,11609,11608,1,-1
2020-02-07 15:28:43,11608,11609,11608,1,-1
2020-02-07 15:28:49,11608,11609,11608,3,-3
2020-02-07 15:28:50,11608,11609,11608,11,-11
2020-02-07 15:28:51,11607,11608,11608,2,2
2020-02-07 15:28:53,11607,11608,11607,2,-2
2020-02-07 15:28:53,11607,11608,11607,1,-1
2020-02-07 15:28:53,11607,11608,11607,2,-2
2020-02-07 15:28:53,11607,11608,11608,1,1
2020-02-07 15:28:54,11607,11608,11607,1,-1
2020-02-07 15:28:55,11607,11608,11607,1,-1
2020-02-07 15:28:57,11607,11608,11607,1,-1
2020-02-07 15:29:01,11607,11608,11607,1,-1
2020-02-07 15:29:01,11607,11608,11607,1,-1
2020-02-07 15:29:01,11607,11608,11607,1,-1
2020-02-07 15:29:03,11606,11607,11607,1,1
2020-02-07 15:29:04,11606,11607,11606,5,-5
2020-02-07 15:29:04,11606,11607,11606,5,-5
2020-02-07 15:29:05,11606,11607,11607,5,5
2020-02-07 15:29:07,11606,11607,11606,1,-1
2020-02-07 15:29:09,11606,11607,11606,11,-11
2020-02-07 15:29:09,11606,11607,11607,1,1
2020-02-07 15:29:09,11606,11607,11607,3,3
2020-02-07 15:29:09,11606,11607,11606,2,-2
2020-02-07 15:29:09,11606,11607,11606,1,-1
2020-02-07 15:29:11,11606,11607,11606,7,-7
2020-02-07 15:29:12,11606,11607,11606,1,-1
2020-02-07 15:29:15,11606,11607,11605,1,-1
2020-02-07 15:29:15,11606,11607,11606,3,3
2020-02-07 15:29:19,11606,11607,11607,1,1
2020-02-07 15:29:20,11606,11607,11607,14,14
2020-02-07 15:29:22,11606,11608,11606,1,-1
2020-02-07 15:29:22,11606,11607,11607,3,3
2020-02-07 15:29:22,11606,11607,11608,2,2
2020-02-07 15:29:22,11606,11607,11606,1,-1
2020-02-07 15:29:23,11606,11607,11607,5,5
2020-02-07 15:29:23,11606,11607,11607,3,3
2020-02-07 15:29:24,11606,11608,11607,1,-1
2020-02-07 15:29:24,11606,11608,11606,4,-4
2020-02-07 15:29:24,11606,11608,11608,2,2
2020-02-07 15:29:24,11606,11608,11607,1,-1
2020-02-07 15:29:25,11606,11608,11606,2,-2
2020-02-07 15:29:28,11606,11607,11607,4,4
2020-02-07 15:29:29,11606,11607,11606,1,-1
2020-02-07 15:29:29,11606,11607,11606,3,-3
2020-02-07 15:29:30,11605,11607,11605,2,-2
2020-02-07 15:29:32,11605,11607,11605,1,-1
2020-02-07 15:29:32,11605,11606,11605,4,-4
2020-02-07 15:29:33,11605,11606,11605,4,-4
2020-02-07 15:29:33,11605,11606,11605,3,-3
2020-02-07 15:29:33,11605,11606,11605,5,-5
2020-02-07 15:29:33,11605,11606,11605,2,-2
2020-02-07 15:29:33,11605,11606,11605,2,-2
2020-02-07 15:29:33,11605,11606,11605,1,-1
2020-02-07 15:29:33,11605,11606,11605,4,-4
2020-02-07 15:29:33,11605,11606,11605,2,-2
2020-02-07 15:29:33,11605,11606,11605,10,-10
2020-02-07 15:29:33,11605,11606,11605,1,-1
2020-02-07 15:29:33,11605,11606,11605,1,-1
2020-02-07 15:29:33,11605,11606,11605,1,-1
2020-02-07 15:29:33,11605,11606,11605,2,-2
2020-02-07 15:29:33,11605,11606,11605,1,-1
2020-02-07 15:29:33,11605,11606,11605,3,-3
2020-02-07 15:29:33,11605,11606,11605,1,-1
2020-02-07 15:29:33,11604,11605,11604,5,-5
2020-02-07 15:29:33,11604,11605,11604,1,-1
2020-02-07 15:29:33,11604,11605,11603,1,-1
2020-02-07 15:29:33,11604,11605,11603,1,-1
2020-02-07 15:29:33,11603,11605,11603,1,-1
2020-02-07 15:29:33,11603,11605,11603,2,-2
2020-02-07 15:29:33,11603,11605,11603,1,-1
2020-02-07 15:29:34,11603,11605,11603,2,-2
2020-02-07 15:29:36,11603,11605,11603,1,-1
2020-02-07 15:29:37,11603,11605,11603,1,-1
2020-02-07 15:29:37,11603,11605,11605,1,1
2020-02-07 15:29:38,11603,11604,11603,1,-1
2020-02-07 15:29:38,11603,11604,11603,1,-1
2020-02-07 15:29:39,11603,11604,11602,6,-6
2020-02-07 15:29:39,11603,11604,11603,16,16
2020-02-07 15:29:39,11603,11604,11604,1,1
2020-02-07 15:29:39,11603,11604,11603,2,-2
2020-02-07 15:29:39,11603,11604,11603,5,-5
2020-02-07 15:29:40,11603,11604,11603,1,-1
2020-02-07 15:29:40,11603,11604,11604,1,1
2020-02-07 15:29:40,11603,11604,11604,1,1
2020-02-07 15:29:41,11603,11604,11604,1,1
2020-02-07 15:29:41,11603,11604,11603,1,-1
2020-02-07 15:29:42,11603,11604,11603,1,-1
2020-02-07 15:29:44,11603,11604,11603,1,-1
2020-02-07 15:29:47,11603,11604,11603,1,-1
2020-02-07 15:29:47,11603,11604,11603,1,-1
2020-02-07 15:29:47,11603,11604,11604,1,1
2020-02-07 15:29:47,11603,11604,11604,1,1
2020-02-07 15:29:49,11603,11604,11603,4,-4
2020-02-07 15:29:49,11602,11603,11603,9,9
2020-02-07 15:29:51,11602,11603,11602,15,-15
2020-02-07 15:29:52,11602,11603,11602,1,-1
2020-02-07 15:29:52,11602,11603,11602,1,-1
2020-02-07 15:29:53,11602,11603,11603,1,1
2020-02-07 15:29:53,11602,11603,11602,1,-1
2020-02-07 15:29:53,11602,11603,11603,4,4
2020-02-07 15:29:54,11602,11603,11603,2,2
2020-02-07 15:29:54,11602,11603,11603,1,1
2020-02-07 15:29:54,11602,11603,11603,5,5
2020-02-07 15:29:54,11602,11604,11604,4,4
2020-02-07 15:29:55,11602,11603,11603,1,1
2020-02-07 15:29:55,11602,11603,11603,1,1
2020-02-07 15:29:55,11602,11603,11603,1,1
2020-02-07 15:29:56,11602,11603,11602,1,-1
2020-02-07 15:29:57,11602,11603,11603,2,2
2020-02-07 15:29:57,11603,11604,11603,2,-2
2020-02-07 15:29:58,11603,11604,11604,3,3
2020-02-07 15:29:58,11603,11604,11604,2,2
2020-02-07 15:29:59,11604,11605,11604,3,-3
2020-02-07 15:29:59,11604,11605,11603,1,-1
2020-02-07 15:30:01,11603,11604,11603,1,-1
2020-02-07 15:30:01,11603,11604,11604,2,2
2020-02-07 15:30:02,11603,11604,11604,2,2
2020-02-07 15:30:02,11603,11604,11604,3,3
2020-02-07 15:30:03,11603,11604,11604,1,1
2020-02-07 15:30:05,11603,11604,11604,1,1
2020-02-07 15:30:07,11603,11604,11603,3,-3
2020-02-07 15:30:07,11603,11604,11604,1,1
2020-02-07 15:30:10,11603,11604,11603,6,-6
2020-02-07 15:30:10,11602,11603,11603,1,1
2020-02-07 15:30:10,11602,11603,11602,1,-1
2020-02-07 15:30:12,11602,11603,11602,15,-15
2020-02-07 15:30:12,11601,11602,11601,5,-5
2020-02-07 15:30:12,11601,11602,11601,9,-9
2020-02-07 15:30:12,11601,11602,11601,4,-4
2020-02-07 15:30:12,11601,11602,11601,1,-1
2020-02-07 15:30:12,11601,11602,11601,7,-7
2020-02-07 15:30:12,11601,11602,11600,1,-1
2020-02-07 15:30:12,11601,11602,11600,1,-1
2020-02-07 15:30:12,11600,11602,11600,1,-1
2020-02-07 15:30:12,11600,11601,11601,1,1
2020-02-07 15:30:13,11600,11601,11601,2,2
2020-02-07 15:30:13,11600,11601,11601,1,1
2020-02-07 15:30:14,11600,11602,11600,10,-10
2020-02-07 15:30:14,11600,11602,11600,3,-3
2020-02-07 15:30:14,11600,11602,11600,1,-1
2020-02-07 15:30:14,11600,11602,11600,10,-10
2020-02-07 15:30:14,11600,11602,11600,1,-1
2020-02-07 15:30:14,11600,11602,11600,2,-2
2020-02-07 15:30:14,11599,11601,11599,3,-3
2020-02-07 15:30:14,11599,11601,11600,1,1
2020-02-07 15:30:14,11599,11600,11599,5,-5
2020-02-07 15:30:15,11599,11600,11600,1,1
2020-02-07 15:30:15,11599,11600,11599,1,-1
2020-02-07 15:30:16,11599,11600,11599,1,-1
2020-02-07 15:30:17,11599,11600,11599,2,-2
2020-02-07 15:30:17,11599,11600,11599,2,-2
2020-02-07 15:30:17,11599,11600,11599,3,-3
2020-02-07 15:30:17,11599,11600,11599,2,-2
2020-02-07 15:30:17,11599,11600,11599,4,-4
2020-02-07 15:30:17,11599,11600,11599,1,-1
2020-02-07 15:30:17,11598,11599,11599,1,1
2020-02-07 15:30:17,11598,11599,11598,1,-1
2020-02-07 15:30:17,11598,11599,11598,1,-1
2020-02-07 15:30:18,11598,11599,11598,1,-1
2020-02-07 15:30:18,11598,11599,11598,1,-1
2020-02-07 15:30:18,11598,11599,11598,2,-2
2020-02-07 15:30:18,11598,11599,11598,2,-2
2020-02-07 15:30:18,11598,11599,11598,1,-1
2020-02-07 15:30:19,11598,11599,11598,1,-1
2020-02-07 15:30:19,11598,11599,11598,1,-1
2020-02-07 15:30:20,11598,11599,11598,2,-2
2020-02-07 15:30:21,11598,11599,11598,1,-1
2020-02-07 15:30:21,11598,11599,11598,1,-1
2020-02-07 15:30:21,11598,11599,11598,1,-1
2020-02-07 15:30:22,11598,11599,11599,10,10
2020-02-07 15:30:22,11598,11599,11598,2,-2
2020-02-07 15:30:24,11598,11599,11598,1,-1
2020-02-07 15:30:24,11598,11599,11599,1,1
2020-02-07 15:30:24,11597,11598,11598,1,1
2020-02-07 15:30:25,11597,11599,11598,1,-1
2020-02-07 15:30:25,11598,11599,11598,1,-1
2020-02-07 15:30:25,11598,11599,11599,1,1
2020-02-07 15:30:26,11598,11599,11598,1,-1
2020-02-07 15:30:26,11598,11599,11598,2,-2
2020-02-07 15:30:26,11598,11599,11598,1,-1
2020-02-07 15:30:27,11598,11600,11599,1,1
2020-02-07 15:30:28,11599,11600,11599,5,-5
2020-02-07 15:30:28,11598,11600,11598,5,-5
2020-02-07 15:30:29,11599,11600,11599,1,1
2020-02-07 15:30:32,11599,11600,11599,1,-1
2020-02-07 15:30:34,11599,11600,11600,1,1
2020-02-07 15:30:34,11599,11600,11599,1,-1
2020-02-07 15:30:34,11599,11600,11600,4,4
2020-02-07 15:30:34,11599,11600,11600,4,4
2020-02-07 15:30:34,11599,11600,11600,7,7
2020-02-07 15:30:34,11599,11600,11600,1,1
2020-02-07 15:30:34,11599,11600,11601,1,1
2020-02-07 15:30:35,11599,11601,11599,1,-1
2020-02-07 15:30:36,11600,11601,11600,1,1
2020-02-07 15:30:37,11600,11601,11601,1,1
2020-02-07 15:30:38,11600,11602,11600,4,-4
2020-02-07 15:30:39,11600,11601,11601,1,1
2020-02-07 15:30:39,11601,11602,11601,1,-1
2020-02-07 15:30:41,11601,11602,11602,3,3
2020-02-07 15:30:41,11601,11602,11602,1,1
2020-02-07 15:30:41,11601,11602,11602,13,13
2020-02-07 15:30:41,11602,11603,11603,2,2
2020-02-07 15:30:41,11602,11603,11604,9,9
2020-02-07 15:30:41,11602,11603,11603,1,1
2020-02-07 15:30:42,11603,11604,11604,2,2
2020-02-07 15:30:42,11603,11604,11604,2,2
2020-02-07 15:30:42,11603,11604,11604,1,1
2020-02-07 15:30:42,11603,11604,11603,1,-1
2020-02-07 15:30:43,11603,11604,11604,2,2
2020-02-07 15:30:43,11603,11604,11604,1,1
2020-02-07 15:30:44,11603,11604,11604,1,1
2020-02-07 15:30:44,11603,11604,11604,1,1
2020-02-07 15:30:44,11603,11604,11604,1,1
2020-02-07 15:30:44,11603,11604,11604,2,2
2020-02-07 15:30:44,11603,11605,11603,1,-1
2020-02-07 15:30:45,11603,11604,11604,1,1
2020-02-07 15:30:50,11603,11604,11603,4,-4
2020-02-07 15:30:50,11602,11603,11603,1,1
2020-02-07 15:30:52,11602,11603,11602,1,-1
2020-02-07 15:30:52,11602,11603,11602,2,-2
2020-02-07 15:30:53,11602,11603,11603,2,2
2020-02-07 15:30:55,11602,11603,11602,1,-1
2020-02-07 15:30:55,11602,11603,11602,2,-2
2020-02-07 15:30:55,11602,11603,11602,1,-1
2020-02-07 15:30:58,11602,11603,11602,3,-3
2020-02-07 15:30:59,11602,11603,11602,1,-1
2020-02-07 15:30:59,11602,11603,11603,1,1
2020-02-07 15:31:02,11602,11603,11602,1,-1
2020-02-07 15:31:02,11602,11603,11603,1,1
2020-02-07 15:31:03,11602,11603,11602,1,-1
2020-02-07 15:31:03,11602,11603,11603,5,5
2020-02-07 15:31:03,11602,11603,11603,1,1
2020-02-07 15:31:03,11602,11603,11603,1,1
2020-02-07 15:31:03,11602,11603,11603,1,1
2020-02-07 15:31:03,11602,11603,11603,1,1
2020-02-07 15:31:03,11602,11603,11603,1,1
2020-02-07 15:31:03,11602,11603,11603,1,1
2020-02-07 15:31:03,11602,11603,11604,1,1
2020-02-07 15:31:03,11602,11603,11604,2,2
2020-02-07 15:31:03,11602,11603,11604,1,1
2020-02-07 15:31:03,11602,11603,11604,1,1
2020-02-07 15:31:03,11602,11603,11604,1,1
2020-02-07 15:31:03,11602,11603,11604,4,4
2020-02-07 15:31:03,11602,11603,11604,1,1
2020-02-07 15:31:04,11603,11604,11603,1,-1
2020-02-07 15:31:05,11603,11604,11604,2,2
2020-02-07 15:31:06,11604,11605,11604,2,-2
2020-02-07 15:31:07,11604,11605,11605,2,2
2020-02-07 15:31:07,11604,11605,11605,1,1
2020-02-07 15:31:07,11604,11605,11605,4,4
2020-02-07 15:31:07,11604,11605,11605,4,4
2020-02-07 15:31:07,11604,11605,11605,1,1
2020-02-07 15:31:07,11604,11605,11605,2,2
2020-02-07 15:31:07,11604,11605,11605,5,5
2020-02-07 15:31:07,11604,11605,11605,1,1
2020-02-07 15:31:07,11605,11606,11606,1,1
2020-02-07 15:31:09,11605,11606,11606,2,2
2020-02-07 15:31:09,11605,11606,11606,2,2
2020-02-07 15:31:09,11605,11606,11606,1,1
2020-02-07 15:31:09,11605,11606,11606,2,2
2020-02-07 15:31:09,11605,11606,11606,1,1
2020-02-07 15:31:09,11606,11607,11606,1,-1
2020-02-07 15:31:10,11606,11607,11607,1,1
2020-02-07 15:31:10,11606,11607,11606,1,-1
2020-02-07 15:31:12,11606,11607,11606,1,-1
2020-02-07 15:31:12,11606,11607,11606,3,-3
2020-02-07 15:31:12,11606,11607,11606,1,-1
2020-02-07 15:31:13,11606,11607,11606,3,-3
2020-02-07 15:31:13,11605,11606,11606,2,2
2020-02-07 15:31:14,11605,11606,11606,1,1
2020-02-07 15:31:15,11605,11607,11607,1,1
2020-02-07 15:31:16,11606,11607,11607,5,5
2020-02-07 15:31:16,11606,11607,11607,2,2
2020-02-07 15:31:17,11607,11608,11607,7,-7
2020-02-07 15:31:17,11607,11608,11607,2,-2
2020-02-07 15:31:18,11606,11607,11607,1,1
2020-02-07 15:31:21,11607,11608,11608,1,1
2020-02-07 15:31:22,11607,11608,11608,6,6
2020-02-07 15:31:22,11607,11608,11608,6,6
2020-02-07 15:31:22,11607,11608,11608,1,1
2020-02-07 15:31:22,11607,11608,11608,1,1
2020-02-07 15:31:23,11607,11608,11608,1,1
2020-02-07 15:31:23,11607,11608,11607,1,-1
2020-02-07 15:31:25,11607,11608,11607,8,-8
2020-02-07 15:31:26,11607,11608,11607,2,-2
2020-02-07 15:31:27,11606,11607,11606,1,-1
2020-02-07 15:31:27,11605,11607,11607,1,1
2020-02-07 15:31:28,11606,11607,11607,1,1
2020-02-07 15:31:28,11606,11607,11606,1,-1
2020-02-07 15:31:29,11606,11607,11606,1,-1
2020-02-07 15:31:29,11605,11607,11607,2,2
2020-02-07 15:31:29,11606,11607,11606,1,-1
2020-02-07 15:31:30,11606,11607,11607,1,1
2020-02-07 15:31:31,11606,11607,11607,7,7
2020-02-07 15:31:31,11606,11607,11607,1,1
2020-02-07 15:31:32,11607,11608,11607,1,-1
2020-02-07 15:31:34,11607,11608,11608,1,1
2020-02-07 15:31:36,11607,11608,11608,2,2
2020-02-07 15:31:36,11607,11608,11608,1,1
2020-02-07 15:31:36,11607,11608,11608,3,3
2020-02-07 15:31:37,11608,11609,11609,1,1
2020-02-07 15:31:38,11608,11609,11608,2,-2
2020-02-07 15:31:42,11608,11609,11608,1,-1
2020-02-07 15:31:44,11608,11609,11609,1,1
2020-02-07 15:31:48,11608,11609,11609,1,1
2020-02-07 15:31:50,11608,11609,11609,1,1
2020-02-07 15:31:50,11608,11609,11609,1,1
2020-02-07 15:31:51,11608,11609,11608,1,-1
2020-02-07 15:31:51,11608,11609,11608,1,-1
2020-02-07 15:31:54,11608,11609,11608,1,-1
2020-02-07 15:31:54,11608,11609,11608,1,-1
2020-02-07 15:31:57,11608,11609,11608,5,-5
2020-02-07 15:31:58,11607,11608,11607,1,-1
2020-02-07 15:31:59,11606,11607,11607,1,1
2020-02-07 15:31:59,11606,11608,11608,1,1
2020-02-07 15:32:00,11606,11608,11608,2,2
2020-02-07 15:32:00,11606,11607,11607,1,1
2020-02-07 15:32:02,11607,11608,11607,1,-1
2020-02-07 15:32:03,11607,11608,11608,2,2
2020-02-07 15:32:04,11608,11609,11609,1,1
2020-02-07 15:32:04,11608,11609,11609,1,1
2020-02-07 15:32:04,11608,11609,11609,1,1
2020-02-07 15:32:04,11608,11609,11609,1,1
2020-02-07 15:32:05,11608,11609,11609,1,1
2020-02-07 15:32:06,11607,11609,11607,2,-2
2020-02-07 15:32:08,11607,11608,11607,1,-1
2020-02-07 15:32:11,11607,11608,11607,1,-1
2020-02-07 15:32:13,11606,11607,11606,4,-4
2020-02-07 15:32:14,11605,11606,11606,2,2
2020-02-07 15:32:15,11605,11607,11605,1,-1
2020-02-07 15:32:19,11605,11606,11606,1,1
2020-02-07 15:32:19,11606,11607,11606,1,-1
2020-02-07 15:32:19,11605,11606,11606,2,2
2020-02-07 15:32:22,11606,11607,11607,1,1
2020-02-07 15:32:22,11606,11607,11606,10,-10
2020-02-07 15:32:25,11606,11607,11606,9,-9
2020-02-07 15:32:25,11606,11607,11606,1,-1
2020-02-07 15:32:29,11606,11607,11606,1,-1
2020-02-07 15:32:29,11606,11607,11607,19,19
2020-02-07 15:32:31,11607,11608,11607,1,-1
2020-02-07 15:32:32,11607,11608,11608,4,4
2020-02-07 15:32:32,11607,11608,11608,1,1
2020-02-07 15:32:32,11607,11608,11608,2,2
2020-02-07 15:32:32,11607,11608,11608,4,4
2020-02-07 15:32:32,11607,11608,11608,1,1
2020-02-07 15:32:32,11608,11609,11607,2,-2
2020-02-07 15:32:32,11608,11609,11608,8,8
2020-02-07 15:32:34,11607,11609,11607,10,-10
2020-02-07 15:32:35,11607,11608,11608,2,2
2020-02-07 15:32:37,11607,11609,11607,10,-10
2020-02-07 15:32:42,11607,11608,11608,4,4
2020-02-07 15:32:51,11608,11609,11608,1,-1
2020-02-07 15:32:53,11607,11608,11608,1,1
2020-02-07 15:32:56,11608,11609,11609,16,16
2020-02-07 15:33:00,11608,11609,11608,1,-1
2020-02-07 15:33:01,11608,11609,11608,1,-1
2020-02-07 15:33:02,11607,11608,11607,1,-1
2020-02-07 15:33:04,11607,11608,11608,6,6
2020-02-07 15:33:04,11608,11609,11608,1,-1
2020-02-07 15:33:04,11608,11609,11608,1,-1
2020-02-07 15:33:06,11608,11609,11608,2,-2
2020-02-07 15:33:08,11607,11608,11608,1,1
2020-02-07 15:33:17,11608,11609,11608,2,-2
2020-02-07 15:33:18,11608,11609,11608,1,-1
2020-02-07 15:33:20,11608,11609,11608,1,-1
2020-02-07 15:33:26,11608,11609,11608,1,-1
2020-02-07 15:33:30,11608,11609,11608,4,-4
2020-02-07 15:33:30,11608,11609,11608,4,-4
2020-02-07 15:33:30,11608,11609,11608,3,-3
2020-02-07 15:33:30,11607,11608,11608,5,5
2020-02-07 15:33:31,11607,11608,11608,2,2
2020-02-07 15:33:34,11607,11609,11609,1,1
2020-02-07 15:33:39,11608,11609,11608,2,-2
2020-02-07 15:33:40,11608,11609,11609,1,1
2020-02-07 15:33:52,11608,11609,11609,2,2
2020-02-07 15:33:52,11608,11609,11609,6,6
2020-02-07 15:33:52,11608,11609,11609,9,9
2020-02-07 15:34:10,11608,11609,11609,5,5
2020-02-07 15:34:14,11608,11609,11608,2,-2
2020-02-07 15:34:15,11608,11609,11609,2,2
2020-02-07 15:34:19,11608,11609,11608,1,-1
2020-02-07 15:34:19,11607,11608,11607,1,-1
2020-02-07 15:34:19,11607,11608,11608,1,1
2020-02-07 15:34:22,11607,11609,11609,1,1
2020-02-07 15:34:22,11607,11609,11607,1,-1
2020-02-07 15:34:29,11607,11608,11608,1,1
2020-02-07 15:34:30,11607,11608,11608,1,1
2020-02-07 15:34:37,11607,11609,11608,1,-1
2020-02-07 15:34:38,11608,11609,11608,2,-2
2020-02-07 15:34:47,11608,11609,11608,1,-1
2020-02-07 15:34:48,11608,11609,11608,1,-1
2020-02-07 15:34:58,11607,11608,11608,1,1
2020-02-07 15:35:00,11607,11608,11607,1,-1
2020-02-07 15:35:02,11607,11608,11608,5,5
2020-02-07 15:35:02,11608,11609,11608,1,-1
2020-02-07 15:35:08,11607,11608,11608,1,1
2020-02-07 15:35:09,11608,11609,11609,5,5
2020-02-07 15:35:25,11609,11610,11609,1,-1
2020-02-07 15:35:28,11608,11609,11609,1,1
2020-02-07 15:35:28,11608,11609,11609,1,1
2020-02-07 15:35:29,11609,11610,11610,24,24
2020-02-07 15:35:29,11609,11610,11610,2,2
2020-02-07 15:35:30,11610,11611,11610,1,-1
2020-02-07 15:35:30,11610,11611,11610,1,-1
2020-02-07 15:35:31,11610,11611,11611,7,7
2020-02-07 15:35:31,11610,11611,11611,5,5
2020-02-07 15:35:35,11610,11612,11612,1,1
2020-02-07 15:35:37,11610,11611,11611,1,1
2020-02-07 15:35:42,11611,11612,11612,1,1
2020-02-07 15:35:44,11611,11612,11611,1,-1
2020-02-07 15:35:47,11611,11612,11612,1,1
2020-02-07 15:35:51,11611,11612,11612,1,1
2020-02-07 15:35:51,11611,11612,11611,1,-1
2020-02-07 15:35:56,11611,11612,11611,1,-1
2020-02-07 15:36:05,11611,11612,11611,1,-1
2020-02-07 15:36:06,11611,11612,11611,1,-1
2020-02-07 15:36:06,11611,11612,11612,5,5
2020-02-07 15:36:10,11611,11612,11611,1,-1
2020-02-07 15:36:11,11611,11612,11611,10,-10
2020-02-07 15:36:11,11611,11612,11611,1,-1
2020-02-07 15:36:11,11610,11611,11611,1,1
2020-02-07 15:36:11,11610,11611,11611,1,1
2020-02-07 15:36:15,11610,11611,11610,6,-6
2020-02-07 15:36:17,11609,11610,11609,8,-8
2020-02-07 15:36:20,11608,11609,11609,1,1
2020-02-07 15:36:25,11608,11609,11609,1,1
2020-02-07 15:36:27,11608,11609,11609,2,2
2020-02-07 15:36:39,11608,11610,11608,1,-1
2020-02-07 15:36:49,11609,11610,11608,1,-1
2020-02-07 15:36:56,11609,11610,11609,1,1
2020-02-07 15:36:57,11609,11610,11609,1,-1
2020-02-07 15:37:00,11609,11610,11610,1,1
2020-02-07 15:37:05,11609,11610,11610,1,1
2020-02-07 15:37:05,11609,11610,11610,2,2
2020-02-07 15:37:05,11609,11610,11610,7,7
2020-02-07 15:37:05,11609,11610,11610,1,1
2020-02-07 15:37:15,11609,11610,11610,1,1
2020-02-07 15:37:22,11609,11611,11611,1,1
2020-02-07 15:37:24,11609,11610,11610,1,1
2020-02-07 15:37:33,11609,11610,11610,2,2
2020-02-07 15:37:37,11609,11610,11609,4,-4
2020-02-07 15:37:37,11609,11610,11610,1,1
2020-02-07 15:37:55,11609,11610,11609,1,-1
2020-02-07 15:37:55,11609,11610,11609,1,-1
2020-02-07 15:38:02,11608,11609,11608,5,-5
2020-02-07 15:38:02,11608,11609,11608,2,-2
2020-02-07 15:38:02,11608,11609,11608,3,-3
2020-02-07 15:38:04,11607,11608,11607,1,-1
2020-02-07 15:38:12,11607,11609,11607,1,-1
2020-02-07 15:38:20,11607,11608,11607,1,-1
2020-02-07 15:38:23,11607,11608,11608,1,1
2020-02-07 15:38:24,11608,11609,11608,1,-1
2020-02-07 15:38:31,11608,11609,11607,1,-1
2020-02-07 15:38:31,11608,11609,11608,9,9
2020-02-07 15:38:36,11607,11608,11607,1,-1
2020-02-07 15:38:39,11607,11608,11607,1,-1
2020-02-07 15:38:41,11607,11608,11607,1,-1
2020-02-07 15:38:41,11607,11608,11607,6,-6
2020-02-07 15:38:47,11606,11607,11606,1,-1
2020-02-07 15:38:48,11606,11607,11607,1,1
2020-02-07 15:38:50,11606,11607,11606,4,-4
2020-02-07 15:38:50,11606,11607,11606,2,-2
2020-02-07 15:38:52,11605,11606,11605,2,-2
2020-02-07 15:38:52,11605,11606,11605,5,-5
2020-02-07 15:38:53,11604,11605,11604,5,-5
2020-02-07 15:38:54,11603,11605,11603,1,-1
2020-02-07 15:38:55,11603,11604,11603,2,-2
2020-02-07 15:38:55,11603,11604,11604,1,1
2020-02-07 15:38:56,11603,11604,11603,1,-1
2020-02-07 15:38:57,11603,11604,11603,5,-5
2020-02-07 15:38:57,11603,11604,11603,1,-1
2020-02-07 15:38:58,11602,11603,11602,1,-1
2020-02-07 15:38:58,11602,11603,11603,5,5
2020-02-07 15:38:59,11602,11603,11603,1,1
2020-02-07 15:39:02,11603,11604,11603,2,-2
2020-02-07 15:39:02,11603,11604,11603,1,-1
2020-02-07 15:39:04,11603,11604,11604,2,2
2020-02-07 15:39:04,11603,11605,11604,1,-1
2020-02-07 15:39:04,11603,11605,11603,1,-1
2020-02-07 15:39:04,11603,11605,11604,1,1
2020-02-07 15:39:05,11603,11605,11605,1,1
2020-02-07 15:39:05,11604,11605,11604,2,-2
2020-02-07 15:39:05,11604,11605,11604,1,-1
2020-02-07 15:39:06,11603,11604,11604,1,1
2020-02-07 15:39:09,11604,11605,11604,1,-1
2020-02-07 15:39:09,11604,11605,11604,1,-1
2020-02-07 15:39:10,11603,11605,11605,5,5
2020-02-07 15:39:14,11604,11605,11605,1,1
2020-02-07 15:39:15,11604,11605,11604,1,-1
2020-02-07 15:39:15,11604,11605,11604,1,-1
2020-02-07 15:39:15,11603,11604,11604,2,2
2020-02-07 15:39:25,11603,11604,11603,2,-2
2020-02-07 15:39:27,11603,11604,11604,1,1
2020-02-07 15:39:27,11603,11604,11604,1,1
2020-02-07 15:39:29,11603,11604,11603,1,-1
2020-02-07 15:39:30,11603,11604,11604,2,2
2020-02-07 15:39:30,11603,11604,11604,1,1
2020-02-07 15:39:32,11604,11605,11605,1,1
2020-02-07 15:39:33,11604,11605,11604,2,-2
2020-02-07 15:39:33,11603,11604,11604,1,1
2020-02-07 15:39:42,11604,11605,11604,1,-1
2020-02-07 15:39:42,11604,11605,11605,1,1
2020-02-07 15:39:45,11604,11605,11604,1,-1
2020-02-07 15:39:50,11604,11605,11604,1,-1
2020-02-07 15:39:57,11603,11604,11604,5,5
2020-02-07 15:39:58,11603,11604,11603,2,-2
2020-02-07 15:40:00,11604,11605,11605,1,1
2020-02-07 15:40:16,11604,11605,11604,3,-3
2020-02-07 15:40:17,11603,11604,11605,3,3
2020-02-07 15:40:17,11603,11604,11604,4,4
2020-02-07 15:40:18,11604,11605,11605,2,2
2020-02-07 15:40:19,11604,11605,11604,1,-1
2020-02-07 15:40:22,11604,11605,11605,1,1
2020-02-07 15:40:23,11604,11605,11605,1,1
2020-02-07 15:40:25,11604,11605,11605,5,5
2020-02-07 15:40:25,11604,11605,11605,3,3
2020-02-07 15:40:26,11605,11606,11605,1,-1
2020-02-07 15:40:27,11605,11606,11606,5,5
2020-02-07 15:40:28,11605,11607,11607,1,1
2020-02-07 15:40:31,11605,11607,11607,12,12
2020-02-07 15:40:38,11606,11607,11607,1,1
2020-02-07 15:40:44,11606,11607,11606,5,-5
2020-02-07 15:40:49,11606,11607,11606,1,-1
2020-02-07 15:40:57,11605,11606,11606,1,1
2020-02-07 15:40:58,11605,11606,11606,3,3
2020-02-07 15:40:59,11605,11606,11606,3,3
2020-02-07 15:40:59,11605,11606,11606,2,2
2020-02-07 15:41:05,11606,11607,11606,1,-1
2020-02-07 15:41:06,11605,11606,11606,1,1
2020-02-07 15:41:18,11605,11606,11606,1,1
2020-02-07 15:41:19,11605,11607,11607,1,1
2020-02-07 15:41:20,11605,11607,11605,1,-1
2020-02-07 15:41:26,11605,11607,11605,1,-1
2020-02-07 15:41:32,11605,11606,11606,1,1
2020-02-07 15:41:37,11605,11606,11605,1,-1
2020-02-07 15:41:41,11605,11606,11605,5,-5
2020-02-07 15:41:50,11605,11606,11605,3,-3
2020-02-07 15:41:56,11605,11606,11605,1,-1
2020-02-07 15:41:59,11605,11606,11606,1,1
2020-02-07 15:42:06,11605,11606,11605,2,-2
2020-02-07 15:42:10,11605,11606,11605,1,-1
2020-02-07 15:42:13,11605,11606,11605,1,-1
2020-02-07 15:42:15,11604,11605,11605,1,1
2020-02-07 15:42:30,11605,11606,11605,5,-5
2020-02-07 15:42:35,11605,11606,11605,1,-1
2020-02-07 15:42:41,11605,11606,11606,1,1
2020-02-07 15:42:46,11605,11606,11606,2,2
2020-02-07 15:42:46,11605,11606,11606,8,8
2020-02-07 15:42:46,11605,11606,11606,3,3
2020-02-07 15:42:46,11605,11606,11606,1,1
2020-02-07 15:42:52,11605,11607,11607,1,1
2020-02-07 15:43:00,11606,11607,11606,1,-1
2020-02-07 15:43:03,11606,11607,11607,1,1
2020-02-07 15:43:03,11606,11607,11607,7,7
2020-02-07 15:43:13,11607,11608,11608,1,1
2020-02-07 15:43:13,11607,11608,11608,1,1
2020-02-07 15:43:20,11608,11609,11608,1,-1
2020-02-07 15:43:22,11608,11609,11608,1,-1
2020-02-07 15:43:26,11608,11609,11608,2,-2
2020-02-07 15:43:30,11608,11609,11608,1,-1
2020-02-07 15:43:32,11608,11609,11609,2,2
2020-02-07 15:43:35,11609,11610,11609,1,-1
2020-02-07 15:43:40,11609,11610,11609,1,-1
2020-02-07 15:43:48,11609,11610,11609,1,-1
2020-02-07 15:43:49,11609,11610,11609,1,-1
2020-02-07 15:43:50,11609,11610,11610,1,1
2020-02-07 15:43:59,11609,11610,11610,1,1
2020-02-07 15:44:00,11609,11610,11610,1,1
2020-02-07 15:44:00,11609,11610,11610,1,1
2020-02-07 15:44:04,11609,11610,11610,1,1
2020-02-07 15:44:05,11609,11610,11610,1,1
2020-02-07 15:44:06,11609,11610,11610,1,1
2020-02-07 15:44:07,11609,11610,11610,1,1
2020-02-07 15:44:08,11609,11610,11610,1,1
2020-02-07 15:44:09,11609,11610,11610,2,2
2020-02-07 15:44:10,11609,11610,11610,1,1
2020-02-07 15:44:11,11609,11610,11610,1,1
2020-02-07 15:44:12,11610,11611,11610,1,-1
2020-02-07 15:44:23,11609,11610,11609,1,-1
2020-02-07 15:44:26,11609,11610,11609,1,-1
2020-02-07 15:44:34,11609,11610,11610,4,4
2020-02-07 15:44:36,11609,11610,11610,1,1
2020-02-07 15:44:36,11609,11610,11610,1,1
2020-02-07 15:44:39,11610,11611,11610,1,-1
2020-02-07 15:44:39,11610,11611,11611,2,2
2020-02-07 15:44:40,11610,11611,11611,1,1
2020-02-07 15:44:40,11610,11611,11611,1,1
2020-02-07 15:44:40,11610,11611,11610,1,-1
2020-02-07 15:44:41,11610,11611,11610,1,-1
2020-02-07 15:44:42,11610,11611,11610,1,-1
2020-02-07 15:44:49,11609,11610,11610,1,1
2020-02-07 15:45:03,11609,11610,11610,3,3
2020-02-07 15:45:04,11609,11610,11610,2,2
2020-02-07 15:45:06,11609,11610,11609,9,-9
2020-02-07 15:45:06,11608,11609,11609,1,1
2020-02-07 15:45:12,11608,11609,11608,1,-1
2020-02-07 15:45:13,11608,11609,11608,1,-1
2020-02-07 15:45:13,11608,11609,11608,1,-1
2020-02-07 15:45:21,11607,11608,11608,1,1
2020-02-07 15:45:21,11607,11608,11608,1,1
2020-02-07 15:45:21,11608,11609,11609,1,1
2020-02-07 15:45:28,11608,11609,11609,2,2
2020-02-07 15:45:38,11608,11609,11608,1,-1
2020-02-07 15:45:42,11608,11609,11609,1,1
2020-02-07 15:45:43,11608,11609,11609,1,1
2020-02-07 15:45:44,11608,11609,11608,1,-1
2020-02-07 15:45:47,11608,11609,11609,4,4
2020-02-07 15:45:49,11608,11609,11608,1,-1
2020-02-07 15:45:52,11608,11609,11609,2,2
2020-02-07 15:45:58,11608,11609,11609,1,1
2020-02-07 15:45:59,11608,11609,11608,1,-1
2020-02-07 15:46:02,11608,11609,11608,1,-1
2020-02-07 15:46:03,11608,11609,11609,1,1
2020-02-07 15:46:03,11608,11609,11609,1,1
2020-02-07 15:46:03,11608,11609,11609,1,1
2020-02-07 15:46:07,11609,11610,11609,1,-1
2020-02-07 15:46:07,11609,11610,11610,1,1
2020-02-07 15:46:07,11609,11610,11610,1,1
2020-02-07 15:46:07,11609,11610,11610,1,1
2020-02-07 15:46:07,11609,11610,11610,1,1
2020-02-07 15:46:07,11609,11610,11611,2,2
2020-02-07 15:46:07,11609,11610,11610,1,1
2020-02-07 15:46:07,11609,11610,11611,1,1
2020-02-07 15:46:07,11609,11610,11611,1,1
2020-02-07 15:46:07,11609,11610,11611,1,1
2020-02-07 15:46:07,11609,11610,11611,1,1
2020-02-07 15:46:07,11609,11610,11611,1,1
2020-02-07 15:46:07,11609,11610,11611,2,2
2020-02-07 15:46:22,11610,11611,11611,1,1
2020-02-07 15:46:26,11610,11611,11611,2,2
2020-02-07 15:46:30,11610,11611,11610,1,-1
2020-02-07 15:46:34,11610,11611,11610,1,-1
2020-02-07 15:46:35,11610,11611,11610,2,-2
2020-02-07 15:46:41,11610,11611,11610,1,-1
2020-02-07 15:46:46,11610,11611,11610,1,-1
2020-02-07 15:47:02,11609,11610,11609,2,-2
2020-02-07 15:47:03,11608,11609,11608,1,-1
2020-02-07 15:47:03,11608,11609,11608,1,-1
2020-02-07 15:47:11,11607,11608,11608,3,3
2020-02-07 15:47:11,11607,11608,11609,1,1
2020-02-07 15:47:18,11607,11608,11608,1,1
2020-02-07 15:47:19,11608,11609,11608,1,-1
2020-02-07 15:47:22,11609,11610,11609,1,1
2020-02-07 15:47:36,11609,11610,11610,1,1
2020-02-07 15:47:43,11609,11610,11609,1,-1
2020-02-07 15:47:44,11609,11610,11609,1,-1
2020-02-07 15:47:54,11609,11610,11609,1,-1
2020-02-07 15:48:02,11609,11610,11609,2,-2
2020-02-07 15:48:04,11609,11610,11609,1,-1
2020-02-07 15:48:11,11609,11610,11609,1,-1
2020-02-07 15:48:20,11609,11610,11610,2,2
2020-02-07 15:48:20,11609,11610,11610,3,3
2020-02-07 15:48:20,11609,11610,11610,6,6
2020-02-07 15:48:49,11610,11611,11610,6,-6
2020-02-07 15:48:49,11610,11611,11610,1,-1
2020-02-07 15:48:50,11609,11610,11609,1,-1
2020-02-07 15:48:50,11609,11610,11609,3,-3
2020-02-07 15:48:59,11609,11610,11610,4,4
2020-02-07 15:50:01,11609,11610,11609,3,-3
2020-02-07 15:50:01,11608,11609,11610,12,12
2020-02-07 15:50:01,11608,11609,11609,3,3
2020-02-07 15:50:09,11608,11609,11609,1,1
2020-02-07 15:50:16,11609,11610,11609,5,-5
2020-02-07 15:50:21,11609,11610,11609,4,-4
2020-02-07 15:50:23,11608,11609,11609,1,1
2020-02-07 15:50:28,11609,11610,11609,2,-2
2020-02-07 15:50:52,11609,11610,11609,1,-1
2020-02-07 15:51:02,11609,11610,11609,4,-4
2020-02-07 15:51:24,11609,11610,11610,10,10
2020-02-07 15:51:24,11609,11610,11610,1,1
2020-02-07 15:51:24,11609,11610,11610,5,5
2020-02-07 15:51:24,11609,11610,11610,1,1
2020-02-07 15:51:24,11609,11611,11610,1,-1
2020-02-07 15:51:24,11609,11611,11610,1,-1
2020-02-07 15:51:24,11610,11611,11611,3,3
2020-02-07 15:51:24,11610,11611,11611,3,3
2020-02-07 15:51:25,11610,11611,11611,1,1
2020-02-07 15:51:25,11610,11611,11611,7,7
2020-02-07 15:51:25,11610,11611,11611,4,4
2020-02-07 15:51:25,11610,11611,11611,1,1
2020-02-07 15:51:25,11610,11611,11611,10,10
2020-02-07 15:51:35,11611,11612,11612,5,5
2020-02-07 15:51:35,11611,11612,11611,1,-1
2020-02-07 15:51:35,11611,11612,11612,1,1
2020-02-07 15:51:38,11611,11612,11612,1,1
2020-02-07 15:51:39,11611,11612,11611,2,-2
2020-02-07 15:51:42,11611,11612,11611,1,-1
2020-02-07 15:51:45,11611,11612,11611,1,-1
2020-02-07 15:51:48,11611,11612,11611,1,-1
2020-02-07 15:51:54,11610,11611,11610,1,-1
2020-02-07 15:51:55,11610,11611,11611,1,1
2020-02-07 15:52:00,11610,11611,11611,4,4
2020-02-07 15:52:01,11610,11611,11611,1,1
2020-02-07 15:52:03,11610,11611,11611,1,1
2020-02-07 15:52:09,11610,11611,11610,1,-1
2020-02-07 15:52:11,11610,11611,11611,1,1
2020-02-07 15:52:17,11610,11611,11611,3,3
2020-02-07 15:52:23,11610,11611,11611,1,1
2020-02-07 15:52:29,11610,11611,11610,1,-1
2020-02-07 15:52:42,11610,11611,11611,1,1
2020-02-07 15:52:50,11611,11612,11611,1,-1
2020-02-07 15:52:50,11611,11612,11611,1,-1
2020-02-07 15:53:02,11611,11612,11611,3,-3
2020-02-07 15:53:07,11611,11612,11611,1,-1
2020-02-07 15:53:36,11611,11612,11612,1,1
2020-02-07 15:53:49,11611,11612,11611,1,-1
2020-02-07 15:54:02,11611,11612,11611,10,-10
2020-02-07 15:54:04,11611,11612,11611,1,-1
2020-02-07 15:54:04,11611,11612,11612,1,1
2020-02-07 15:54:08,11611,11612,11611,4,-4
2020-02-07 15:54:49,11610,11611,11611,1,1
2020-02-07 15:54:57,11610,11611,11610,8,-8
2020-02-07 15:54:57,11609,11610,11610,1,1
2020-02-07 15:55:01,11609,11610,11610,4,4
2020-02-07 15:55:11,11609,11610,11610,1,1
2020-02-07 15:55:12,11609,11610,11610,4,4
2020-02-07 15:55:12,11610,11611,11611,1,1
2020-02-07 15:55:28,11610,11611,11610,1,-1
2020-02-07 15:55:52,11610,11611,11610,1,-1
2020-02-07 15:55:56,11610,11611,11611,6,6
2020-02-07 15:56:02,11610,11611,11611,6,6
2020-02-07 15:56:05,11610,11611,11611,1,1
2020-02-07 15:56:08,11610,11611,11611,1,1
2020-02-07 15:56:08,11610,11611,11611,2,2
2020-02-07 15:56:08,11610,11611,11611,5,5
2020-02-07 15:56:08,11610,11611,11611,2,2
2020-02-07 15:56:08,11610,11611,11612,2,2
2020-02-07 15:56:08,11611,11612,11612,1,1
2020-02-07 15:56:08,11611,11612,11612,16,16
2020-02-07 15:56:08,11611,11612,11612,1,1
2020-02-07 15:56:13,11612,11613,11613,7,7
2020-02-07 15:56:13,11612,11614,11614,5,5
2020-02-07 15:56:13,11612,11614,11614,5,5
2020-02-07 15:56:13,11612,11614,11614,5,5
2020-02-07 15:56:13,11613,11614,11614,1,1
2020-02-07 15:56:13,11613,11614,11614,1,1
2020-02-07 15:56:13,11613,11614,11614,1,1
2020-02-07 15:56:17,11613,11614,11614,1,1
2020-02-07 15:56:18,11613,11614,11613,1,-1
2020-02-07 15:56:20,11612,11613,11613,2,2
2020-02-07 15:56:43,11612,11613,11612,2,-2
2020-02-07 15:56:44,11612,11613,11613,5,5
2020-02-07 15:56:48,11612,11613,11613,1,1
2020-02-07 15:57:05,11612,11613,11612,1,-1
2020-02-07 15:57:13,11612,11613,11612,1,-1
2020-02-07 15:57:26,11612,11613,11613,1,1
2020-02-07 15:57:26,11612,11613,11612,3,-3
2020-02-07 15:57:26,11612,11613,11612,2,-2
2020-02-07 15:57:26,11612,11613,11612,1,-1
2020-02-07 15:57:26,11612,11613,11612,2,-2
2020-02-07 15:57:26,11612,11613,11612,1,-1
2020-02-07 15:57:26,11612,11613,11612,1,-1
2020-02-07 15:57:26,11612,11613,11611,2,-2
2020-02-07 15:57:26,11612,11613,11611,2,-2
2020-02-07 15:57:26,11612,11613,11611,3,-3
2020-02-07 15:57:26,11612,11613,11611,2,-2
2020-02-07 15:57:26,11612,11613,11611,1,-1
2020-02-07 15:57:26,11612,11613,11611,1,-1
2020-02-07 15:57:26,11612,11613,11611,1,-1
2020-02-07 15:57:26,11612,11613,11611,2,-2
2020-02-07 15:57:26,11612,11613,11611,2,-2
2020-02-07 15:57:26,11612,11613,11611,7,-7
2020-02-07 15:57:26,11612,11613,11611,2,-2
2020-02-07 15:57:26,11612,11613,11611,1,-1
2020-02-07 15:57:34,11611,11612,11612,2,2
2020-02-07 15:57:44,11611,11612,11611,4,-4
2020-02-07 15:57:45,11610,11611,11611,1,1
2020-02-07 15:57:46,11610,11611,11610,4,-4
2020-02-07 15:57:46,11610,11611,11610,4,-4
2020-02-07 15:57:46,11610,11611,11610,3,-3
2020-02-07 15:57:49,11609,11610,11609,2,-2
2020-02-07 15:57:50,11609,11610,11609,1,-1
2020-02-07 15:57:58,11609,11610,11610,7,7
2020-02-07 15:57:59,11610,11611,11611,10,10
2020-02-07 15:58:18,11610,11611,11611,1,1
2020-02-07 15:58:38,11610,11611,11610,3,-3
2020-02-07 15:58:46,11609,11610,11610,1,1
2020-02-07 15:58:48,11609,11610,11610,1,1
2020-02-07 15:58:49,11609,11610,11609,1,-1
2020-02-07 15:58:50,11609,11610,11609,1,-1
2020-02-07 15:58:52,11609,11610,11610,1,1
2020-02-07 15:58:52,11609,11610,11610,2,2
2020-02-07 15:58:53,11609,11610,11610,1,1
2020-02-07 15:58:53,11609,11610,11610,2,2
2020-02-07 15:58:58,11609,11610,11610,1,1
2020-02-07 15:59:05,11609,11611,11609,1,-1
2020-02-07 15:59:07,11609,11611,11610,1,1
2020-02-07 15:59:29,11609,11610,11611,1,1
2020-02-07 15:59:29,11609,11610,11610,4,4
2020-02-07 15:59:30,11609,11610,11610,1,1
2020-02-07 15:59:39,11609,11610,11609,40,-40
2020-02-07 15:59:40,11608,11609,11608,1,-1
2020-02-07 15:59:40,11608,11609,11608,4,-4
2020-02-07 15:59:40,11608,11609,11608,9,-9
2020-02-07 15:59:40,11608,11609,11608,1,-1
2020-02-07 15:59:40,11608,11609,11608,1,-1
2020-02-07 15:59:40,11608,11609,11608,1,-1
2020-02-07 15:59:41,11607,11608,11608,1,1
2020-02-07 15:59:45,11607,11609,11609,1,1
2020-02-07 15:59:48,11607,11609,11609,1,1
2020-02-07 15:59:51,11608,11609,11608,1,-1
2020-02-07 16:00:00,11608,11610,11610,6,6
2020-02-07 16:00:00,11608,11610,11610,1,1
2020-02-07 16:00:00,11608,11610,11610,1,1
2020-02-07 16:00:00,11610,11611,11610,1,-1
2020-02-07 16:00:00,11610,11611,11610,2,-2
2020-02-07 16:00:00,11610,11611,11611,3,3
2020-02-07 16:00:00,11610,11611,11611,2,2
2020-02-07 16:00:00,11610,11611,11611,3,3
2020-02-07 16:00:00,11610,11611,11611,3,3
2020-02-07 16:00:00,11610,11611,11611,2,2
2020-02-07 16:00:00,11610,11611,11611,1,1
2020-02-07 16:00:00,11610,11611,11610,4,-4
2020-02-07 16:00:02,11609,11610,11609,3,-3
2020-02-07 16:00:02,11609,11610,11609,9,-9
2020-02-07 16:00:02,11608,11609,11609,3,3
2020-02-07 16:00:02,11608,11609,11609,1,1
2020-02-07 16:00:02,11608,11609,11609,2,2
2020-02-07 16:00:02,11608,11609,11609,2,2
2020-02-07 16:00:02,11608,11609,11609,1,1
2020-02-07 16:00:02,11608,11609,11609,2,2
2020-02-07 16:00:02,11608,11609,11609,1,1
2020-02-07 16:00:02,11608,11609,11609,2,2
2020-02-07 16:00:02,11608,11609,11609,2,2
2020-02-07 16:00:02,11608,11609,11609,1,1
2020-02-07 16:00:02,11608,11609,11609,7,7
2020-02-07 16:00:02,11608,11609,11609,1,1
2020-02-07 16:00:02,11608,11609,11609,2,2
2020-02-07 16:00:02,11608,11609,11609,2,2
2020-02-07 16:00:02,11608,11609,11609,1,1
2020-02-07 16:00:02,11608,11609,11610,2,2
2020-02-07 16:00:02,11608,11609,11610,3,3
2020-02-07 16:00:02,11608,11609,11610,1,1
2020-02-07 16:00:04,11608,11610,11610,1,1
2020-02-07 16:00:06,11609,11610,11609,1,-1
2020-02-07 16:00:12,11608,11609,11608,8,-8
2020-02-07 16:00:16,11607,11608,11607,1,-1
2020-02-07 16:00:16,11607,11608,11608,1,1
2020-02-07 16:00:17,11607,11608,11608,1,1
2020-02-07 16:00:19,11607,11608,11607,1,-1
2020-02-07 16:00:19,11607,11608,11607,2,-2
2020-02-07 16:00:21,11607,11608,11607,1,-1
2020-02-07 16:00:24,11607,11609,11607,1,-1
2020-02-07 16:00:28,11607,11608,11607,1,-1
2020-02-07 16:00:31,11607,11608,11607,3,-3
2020-02-07 16:00:33,11606,11607,11607,1,1
2020-02-07 16:00:34,11607,11608,11607,1,-1
2020-02-07 16:00:36,11607,11608,11608,3,3
2020-02-07 16:00:36,11607,11609,11608,1,-1
2020-02-07 16:00:39,11608,11609,11608,12,-12
2020-02-07 16:00:45,11607,11608,11608,1,1
2020-02-07 16:00:48,11607,11608,11607,1,-1
2020-02-07 16:01:01,11607,11608,11608,1,1
2020-02-07 16:01:01,11607,11608,11608,4,4
2020-02-07 16:01:02,11608,11609,11609,1,1
2020-02-07 16:01:02,11608,11610,11610,3,3
2020-02-07 16:01:03,11608,11610,11610,1,1
2020-02-07 16:01:03,11608,11610,11610,1,1
2020-02-07 16:01:03,11608,11610,11610,1,1
2020-02-07 16:01:03,11608,11610,11610,1,1
2020-02-07 16:01:03,11608,11610,11610,1,1
2020-02-07 16:01:03,11608,11610,11610,1,1
2020-02-07 16:01:03,11608,11610,11610,1,1
2020-02-07 16:01:03,11608,11610,11610,2,2
2020-02-07 16:01:03,11608,11610,11610,1,1
2020-02-07 16:01:03,11608,11610,11610,1,1
2020-02-07 16:01:03,11608,11610,11611,1,1
2020-02-07 16:01:03,11608,11610,11611,1,1
2020-02-07 16:01:03,11608,11610,11611,3,3
2020-02-07 16:01:03,11608,11610,11611,1,1
2020-02-07 16:01:03,11610,11611,11610,1,-1
2020-02-07 16:01:04,11609,11610,11610,3,3
2020-02-07 16:01:04,11609,11611,11609,2,-2
2020-02-07 16:01:07,11610,11611,11610,1,1
2020-02-07 16:01:07,11610,11611,11611,5,5
2020-02-07 16:01:08,11610,11611,11610,1,-1
2020-02-07 16:01:11,11609,11610,11610,1,1
2020-02-07 16:01:14,11609,11610,11610,4,4
2020-02-07 16:01:16,11609,11610,11610,1,1
2020-02-07 16:01:18,11609,11610,11609,1,-1
2020-02-07 16:01:19,11608,11609,11608,1,-1
2020-02-07 16:01:21,11608,11609,11608,1,-1
2020-02-07 16:01:21,11607,11608,11607,1,-1
2020-02-07 16:01:21,11607,11608,11607,5,-5
2020-02-07 16:01:21,11607,11608,11607,2,-2
2020-02-07 16:01:21,11607,11608,11607,1,-1
2020-02-07 16:01:23,11606,11607,11606,2,-2
2020-02-07 16:01:23,11606,11607,11607,4,4
2020-02-07 16:01:23,11606,11607,11608,2,2
2020-02-07 16:01:23,11606,11607,11608,6,6
2020-02-07 16:01:25,11607,11608,11608,2,2
2020-02-07 16:01:30,11607,11608,11608,1,1
2020-02-07 16:01:30,11608,11609,11608,3,-3
2020-02-07 16:01:35,11608,11609,11608,1,-1
2020-02-07 16:01:39,11607,11608,11608,3,3
2020-02-07 16:01:49,11608,11609,11608,9,-9
2020-02-07 16:01:57,11607,11608,11607,3,-3
2020-02-07 16:01:57,11607,11608,11607,2,-2
2020-02-07 16:02:02,11606,11607,11606,10,-10
2020-02-07 16:02:02,11606,11607,11606,5,-5
2020-02-07 16:02:03,11605,11606,11607,5,5
2020-02-07 16:02:03,11605,11606,11606,2,2
2020-02-07 16:02:06,11605,11606,11605,11,-11
2020-02-07 16:02:06,11605,11606,11605,3,-3
2020-02-07 16:02:06,11605,11606,11605,1,-1
2020-02-07 16:02:06,11605,11606,11605,2,-2
2020-02-07 16:02:06,11605,11606,11605,1,-1
2020-02-07 16:02:06,11605,11606,11605,2,-2
2020-02-07 16:02:06,11605,11606,11605,2,-2
2020-02-07 16:02:06,11604,11605,11604,13,-13
2020-02-07 16:02:06,11604,11605,11604,9,-9
2020-02-07 16:02:07,11603,11604,11603,1,-1
2020-02-07 16:02:07,11603,11604,11603,3,-3
2020-02-07 16:02:07,11603,11604,11603,1,-1
2020-02-07 16:02:07,11603,11604,11603,7,-7
2020-02-07 16:02:07,11603,11604,11603,1,-1
2020-02-07 16:02:07,11603,11604,11603,1,-1
2020-02-07 16:02:07,11602,11603,11603,1,1
2020-02-07 16:02:07,11602,11603,11603,1,1
2020-02-07 16:02:08,11602,11603,11603,1,1
2020-02-07 16:02:09,11602,11603,11603,2,2
2020-02-07 16:02:09,11602,11603,11603,1,1
2020-02-07 16:02:10,11602,11603,11602,20,-20
2020-02-07 16:02:10,11601,11602,11602,1,1
2020-02-07 16:02:12,11601,11602,11601,1,-1
2020-02-07 16:02:12,11601,11602,11602,2,2
2020-02-07 16:02:12,11601,11602,11601,1,-1
2020-02-07 16:02:13,11601,11602,11602,1,1
2020-02-07 16:02:13,11601,11602,11602,1,1
2020-02-07 16:02:13,11601,11602,11602,2,2
2020-02-07 16:02:13,11601,11602,11602,1,1
2020-02-07 16:02:15,11601,11603,11601,1,-1
2020-02-07 16:02:15,11601,11603,11601,1,-1
2020-02-07 16:02:16,11602,11603,11602,5,5
2020-02-07 16:02:16,11602,11603,11602,1,-1
2020-02-07 16:02:16,11602,11603,11602,1,-1
2020-02-07 16:02:16,11602,11603,11602,1,-1
2020-02-07 16:02:16,11602,11603,11601,2,-2
2020-02-07 16:02:16,11602,11603,11602,2,2
2020-02-07 16:02:17,11602,11603,11602,1,-1
2020-02-07 16:02:18,11602,11603,11602,1,-1
2020-02-07 16:02:18,11601,11603,11602,1,-1
2020-02-07 16:02:19,11602,11603,11602,1,-1
2020-02-07 16:02:20,11602,11603,11602,4,-4
2020-02-07 16:02:20,11602,11603,11602,1,-1
2020-02-07 16:02:22,11602,11603,11602,1,-1
2020-02-07 16:02:23,11602,11603,11603,1,1
2020-02-07 16:02:23,11603,11604,11604,1,1
2020-02-07 16:02:25,11604,11605,11604,2,-2
2020-02-07 16:02:27,11604,11605,11605,2,2
2020-02-07 16:02:30,11604,11605,11605,1,1
2020-02-07 16:02:35,11605,11606,11605,1,-1
2020-02-07 16:02:36,11604,11606,11604,1,-1
2020-02-07 16:02:36,11604,11606,11604,1,-1
2020-02-07 16:02:37,11604,11606,11606,1,1
2020-02-07 16:02:37,11604,11606,11606,1,1
2020-02-07 16:02:43,11605,11606,11606,6,6
2020-02-07 16:02:57,11605,11606,11605,2,-2
2020-02-07 16:02:57,11605,11606,11605,1,-1
2020-02-07 16:02:58,11604,11605,11604,1,-1
2020-02-07 16:03:02,11603,11604,11603,2,-2
2020-02-07 16:03:02,11603,11604,11604,2,2
2020-02-07 16:03:02,11603,11604,11604,1,1
2020-02-07 16:03:03,11603,11605,11603,1,-1
2020-02-07 16:03:07,11604,11605,11604,1,1
2020-02-07 16:03:13,11603,11604,11604,1,1
2020-02-07 16:03:15,11603,11604,11604,2,2
2020-02-07 16:03:16,11604,11605,11604,1,-1
