2024-01-17 15:00:00.001,17204,17204,17204,362,0
2024-01-17 15:00:00.001,17205,17205,17205,8,8
2024-01-17 15:00:00.001,17204,17204,17204,2,-2
2024-01-17 15:00:00.001,17204,17204,17204,2,0
2024-01-17 15:00:00.001,17204,17204,17204,4,0
2024-01-17 15:00:00.001,17203,17203,17203,2,-2
2024-01-17 15:00:00.001,17203,17203,17203,4,0
2024-01-17 15:00:00.001,17203,17203,17203,2,0
2024-01-17 15:00:00.001,17203,17203,17203,2,0
2024-01-17 15:00:00.001,17203,17203,17203,2,0
2024-01-17 15:00:00.001,17203,17203,17203,2,0
2024-01-17 15:00:00.001,17202,17202,17202,2,-2
2024-01-17 15:00:00.001,17202,17202,17202,4,0
2024-01-17 15:00:00.001,17205,17205,17205,4,4
2024-01-17 15:00:00.001,17205,17205,17205,2,0
2024-01-17 15:00:00.001,17202,17202,17202,2,-2
2024-01-17 15:00:00.001,17205,17205,17205,4,4
2024-01-17 15:00:00.001,17202,17202,17202,2,-2
2024-01-17 15:00:00.001,17205,17205,17205,2,2
2024-01-17 15:00:00.001,17203,17203,17203,2,-2
2024-01-17 15:00:00.001,17202,17202,17202,2,-2
2024-01-17 15:00:00.001,17205,17205,17205,2,2
2024-01-17 15:00:00.001,17205,17205,17205,2,0
2024-01-17 15:00:00.001,17202,17202,17202,2,-2
2024-01-17 15:00:00.001,17202,17202,17202,2,0
2024-01-17 15:00:00.001,17205,17205,17205,2,2
2024-01-17 15:00:00.001,17202,17202,17202,2,-2
2024-01-17 15:00:00.001,17202,17202,17202,2,0
2024-01-17 15:00:00.001,17202,17202,17202,2,0
2024-01-17 15:00:00.001,17201,17201,17201,2,-2
2024-01-17 15:00:00.001,17201,17201,17201,2,0
2024-01-17 15:00:00.001,17201,17201,17201,2,0
2024-01-17 15:00:00.001,17201,17201,17201,4,0
2024-01-17 15:00:00.001,17201,17201,17201,2,0
2024-01-17 15:00:00.001,17205,17205,17205,4,4
2024-01-17 15:00:00.001,17201,17201,17201,2,-2
2024-01-17 15:00:00.001,17201,17201,17201,2,0
2024-01-17 15:00:00.001,17202,17202,17202,2,2
2024-01-17 15:00:00.001,17202,17202,17202,4,0
2024-01-17 15:00:00.001,17201,17201,17201,2,-2
2024-01-17 15:00:00.001,17203,17203,17203,4,4
2024-01-17 15:00:00.001,17202,17202,17202,2,-2
2024-01-17 15:00:00.001,17202,17202,17202,2,0
2024-01-17 15:00:00.001,17202,17202,17202,2,0
2024-01-17 15:00:00.001,17204,17204,17204,4,4
2024-01-17 15:00:00.001,17204,17204,17204,2,0
2024-01-17 15:00:00.001,17202,17202,17202,2,-2
2024-01-17 15:00:00.001,17204,17204,17204,10,10
2024-01-17 15:00:00.001,17205,17205,17205,4,4
2024-01-17 15:00:00.001,17205,17205,17205,4,0
2024-01-17 15:00:00.001,17203,17203,17203,2,-2
2024-01-17 15:00:00.001,17203,17203,17203,2,0
2024-01-17 15:00:00.001,17205,17205,17205,2,2
2024-01-17 15:00:00.001,17205,17205,17205,2,0
2024-01-17 15:00:00.001,17205,17205,17205,2,0
2024-01-17 15:00:00.001,17203,17203,17203,2,-2
2024-01-17 15:00:00.001,17203,17203,17203,2,0
2024-01-17 15:00:00.001,17202,17202,17202,2,-2
2024-01-17 15:00:00.001,17202,17202,17202,2,0
2024-01-17 15:00:00.001,17202,17202,17202,2,0
2024-01-17 15:00:00.001,17202,17202,17202,2,0
2024-01-17 15:00:00.001,17204,17204,17204,2,2
2024-01-17 15:00:00.001,17203,17203,17203,2,-2
2024-01-17 15:00:00.001,17202,17202,17202,2,-2
2024-01-17 15:00:00.001,17202,17202,17202,2,0
2024-01-17 15:00:00.001,17202,17202,17202,2,0
2024-01-17 15:00:00.001,17202,17202,17202,2,0
2024-01-17 15:00:00.001,17203,17203,17203,2,2
2024-01-17 15:00:00.001,17204,17204,17204,2,2
2024-01-17 15:00:00.001,17203,17203,17203,2,-2
2024-01-17 15:00:00.001,17203,17203,17203,2,0
2024-01-17 15:00:00.001,17203,17203,17203,2,0
2024-01-17 15:00:00.001,17203,17203,17203,2,0
2024-01-17 15:00:00.001,17203,17203,17203,2,0
2024-01-17 15:00:00.001,17203,17203,17203,2,0
2024-01-17 15:00:00.001,17202,17202,17202,2,-2
2024-01-17 15:00:00.001,17202,17202,17202,2,0
2024-01-17 15:00:00.001,17202,17202,17202,2,0
2024-01-17 15:00:00.001,17202,17202,17202,2,0
2024-01-17 15:00:00.001,17201,17201,17201,10,-10
2024-01-17 15:00:00.001,17202,17202,17202,2,2
2024-01-17 15:00:00.001,17202,17202,17202,2,0
2024-01-17 15:00:01.001,17201,17201,17201,6,-6
2024-01-17 15:00:01.001,17201,17201,17201,2,0
2024-01-17 15:00:01.001,17203,17203,17203,2,2
2024-01-17 15:00:01.001,17203,17203,17203,2,0
2024-01-17 15:00:01.001,17201,17201,17201,2,-2
2024-01-17 15:00:01.001,17201,17201,17201,2,0
2024-01-17 15:00:01.001,17201,17201,17201,2,0
2024-01-17 15:00:01.001,17201,17201,17201,2,0
2024-01-17 15:00:01.001,17201,17201,17201,6,0
2024-01-17 15:00:01.001,17201,17201,17201,2,0
2024-01-17 15:00:01.001,17201,17201,17201,20,0
2024-01-17 15:00:01.001,17201,17201,17201,2,0
2024-01-17 15:00:01.001,17203,17203,17203,2,2
2024-01-17 15:00:01.001,17203,17203,17203,4,0
2024-01-17 15:00:01.001,17204,17204,17204,4,4
2024-01-17 15:00:01.001,17204,17204,17204,2,0
2024-01-17 15:00:01.001,17204,17204,17204,2,0
2024-01-17 15:00:01.001,17205,17205,17205,2,2
2024-01-17 15:00:01.001,17205,17205,17205,2,0
2024-01-17 15:00:01.001,17205,17205,17205,2,0
2024-01-17 15:00:01.001,17205,17205,17205,2,0
2024-01-17 15:00:01.001,17205,17205,17205,2,0
2024-01-17 15:00:01.001,17204,17204,17204,2,-2
2024-01-17 15:00:01.001,17204,17204,17204,2,0
2024-01-17 15:00:01.001,17204,17204,17204,2,0
2024-01-17 15:00:01.001,17204,17204,17204,2,0
2024-01-17 15:00:02.001,17205,17205,17205,2,2
2024-01-17 15:00:02.001,17205,17205,17205,2,0
2024-01-17 15:00:02.001,17204,17204,17204,2,-2
2024-01-17 15:00:02.001,17204,17204,17204,2,0
2024-01-17 15:00:02.001,17204,17204,17204,2,0
2024-01-17 15:00:02.001,17203,17203,17203,2,-2
2024-01-17 15:00:02.001,17203,17203,17203,2,0
2024-01-17 15:00:02.001,17203,17203,17203,2,0
2024-01-17 15:00:02.001,17202,17202,17202,2,-2
2024-01-17 15:00:02.001,17202,17202,17202,2,0
2024-01-17 15:00:02.001,17202,17202,17202,2,0
2024-01-17 15:00:02.001,17202,17202,17202,2,0
2024-01-17 15:00:02.001,17202,17202,17202,2,0
2024-01-17 15:00:02.001,17202,17202,17202,2,0
2024-01-17 15:00:02.001,17202,17202,17202,2,0
2024-01-17 15:00:02.001,17201,17201,17201,10,-10
2024-01-17 15:00:02.001,17202,17202,17202,20,20
2024-01-17 15:00:02.001,17202,17202,17202,2,0
2024-01-17 15:00:02.001,17202,17202,17202,2,0
2024-01-17 15:00:02.001,17203,17203,17203,2,2
2024-01-17 15:00:02.001,17202,17202,17202,2,-2
2024-01-17 15:00:02.001,17202,17202,17202,2,0
2024-01-17 15:00:03.001,17204,17204,17204,4,4
2024-01-17 15:00:03.001,17204,17204,17204,2,0
2024-01-17 15:00:03.001,17203,17203,17203,2,-2
2024-01-17 15:00:03.001,17203,17203,17203,6,0
2024-01-17 15:00:03.001,17203,17203,17203,2,0
2024-01-17 15:00:03.001,17203,17203,17203,2,0
2024-01-17 15:00:03.001,17203,17203,17203,2,0
2024-01-17 15:00:03.001,17203,17203,17203,4,0
2024-01-17 15:00:03.001,17203,17203,17203,2,0
2024-01-17 15:00:03.001,17203,17203,17203,2,0
2024-01-17 15:00:03.001,17202,17202,17202,2,-2
2024-01-17 15:00:03.001,17202,17202,17202,2,0
2024-01-17 15:00:03.001,17203,17203,17203,2,2
2024-01-17 15:00:03.001,17203,17203,17203,2,0
2024-01-17 15:00:03.001,17203,17203,17203,2,0
2024-01-17 15:00:03.001,17204,17204,17204,2,2
2024-01-17 15:00:03.001,17204,17204,17204,2,0
2024-01-17 15:00:03.001,17202,17202,17202,2,-2
2024-01-17 15:00:03.001,17202,17202,17202,6,0
2024-01-17 15:00:03.001,17202,17202,17202,14,0
2024-01-17 15:00:04.001,17202,17202,17202,2,0
2024-01-17 15:00:04.001,17203,17203,17203,2,2
2024-01-17 15:00:04.001,17202,17202,17202,4,-4
2024-01-17 15:00:04.001,17202,17202,17202,2,0
2024-01-17 15:00:04.001,17202,17202,17202,2,0
2024-01-17 15:00:04.001,17202,17202,17202,2,0
2024-01-17 15:00:04.001,17204,17204,17204,4,4
2024-01-17 15:00:04.001,17204,17204,17204,10,0
2024-01-17 15:00:05.001,17204,17204,17204,2,0
2024-01-17 15:00:05.001,17205,17205,17205,2,2
2024-01-17 15:00:05.001,17205,17205,17205,4,0
2024-01-17 15:00:05.001,17206,17206,17206,26,26
2024-01-17 15:00:05.001,17207,17207,17207,4,4
2024-01-17 15:00:05.001,17208,17208,17208,2,2
2024-01-17 15:00:05.001,17207,17207,17207,2,-2
2024-01-17 15:00:06.001,17209,17209,17209,2,2
2024-01-17 15:00:06.001,17209,17209,17209,2,0
2024-01-17 15:00:06.001,17210,17210,17210,2,2
2024-01-17 15:00:06.001,17209,17209,17209,2,-2
2024-01-17 15:00:06.001,17209,17209,17209,8,0
2024-01-17 15:00:06.001,17209,17209,17209,2,0
2024-01-17 15:00:06.001,17208,17208,17208,2,-2
2024-01-17 15:00:06.001,17208,17208,17208,2,0
2024-01-17 15:00:06.001,17209,17209,17209,8,8
2024-01-17 15:00:06.001,17209,17209,17209,2,0
2024-01-17 15:00:06.001,17210,17210,17210,10,10
2024-01-17 15:00:06.001,17210,17210,17210,10,0
2024-01-17 15:00:06.001,17211,17211,17211,6,6
2024-01-17 15:00:06.001,17211,17211,17211,4,0
2024-01-17 15:00:07.001,17212,17212,17212,10,10
2024-01-17 15:00:07.001,17211,17211,17211,2,-2
2024-01-17 15:00:07.001,17211,17211,17211,2,0
2024-01-17 15:00:07.001,17211,17211,17211,2,0
2024-01-17 15:00:07.001,17211,17211,17211,2,0
2024-01-17 15:00:07.001,17210,17210,17210,2,-2
2024-01-17 15:00:07.001,17212,17212,17212,10,10
2024-01-17 15:00:07.001,17209,17209,17209,2,-2
2024-01-17 15:00:07.001,17211,17211,17211,6,6
2024-01-17 15:00:07.001,17212,17212,17212,4,4
2024-01-17 15:00:07.001,17212,17212,17212,2,0
2024-01-17 15:00:07.001,17210,17210,17210,2,-2
2024-01-17 15:00:08.001,17210,17210,17210,2,0
2024-01-17 15:00:08.001,17210,17210,17210,2,0
2024-01-17 15:00:08.001,17209,17209,17209,2,-2
2024-01-17 15:00:08.001,17211,17211,17211,4,4
2024-01-17 15:00:08.001,17209,17209,17209,2,-2
2024-01-17 15:00:08.001,17211,17211,17211,10,10
2024-01-17 15:00:09.001,17210,17210,17210,2,-2
2024-01-17 15:00:09.001,17212,17212,17212,2,2
2024-01-17 15:00:09.001,17212,17212,17212,2,0
2024-01-17 15:00:09.001,17212,17212,17212,2,0
2024-01-17 15:00:09.001,17211,17211,17211,2,-2
2024-01-17 15:00:10.001,17210,17210,17210,2,-2
2024-01-17 15:00:11.001,17210,17210,17210,2,0
2024-01-17 15:00:12.001,17208,17208,17208,2,-2
2024-01-17 15:00:12.001,17208,17208,17208,2,0
2024-01-17 15:00:12.001,17209,17209,17209,2,2
2024-01-17 15:00:13.001,17209,17209,17209,2,0
2024-01-17 15:00:13.001,17208,17208,17208,2,-2
2024-01-17 15:00:13.001,17208,17208,17208,2,0
2024-01-17 15:00:13.001,17207,17207,17207,2,-2
2024-01-17 15:00:13.001,17207,17207,17207,2,0
2024-01-17 15:00:13.001,17207,17207,17207,2,0
2024-01-17 15:00:13.001,17207,17207,17207,2,0
2024-01-17 15:00:14.001,17206,17206,17206,2,-2
2024-01-17 15:00:14.001,17206,17206,17206,2,0
2024-01-17 15:00:14.001,17207,17207,17207,2,2
2024-01-17 15:00:14.001,17207,17207,17207,4,0
2024-01-17 15:00:14.001,17207,17207,17207,2,0
2024-01-17 15:00:14.001,17208,17208,17208,2,2
2024-01-17 15:00:14.001,17207,17207,17207,2,-2
2024-01-17 15:00:14.001,17207,17207,17207,2,0
2024-01-17 15:00:14.001,17207,17207,17207,2,0
2024-01-17 15:00:14.001,17207,17207,17207,2,0
2024-01-17 15:00:14.001,17207,17207,17207,2,0
2024-01-17 15:00:14.001,17207,17207,17207,2,0
2024-01-17 15:00:14.001,17207,17207,17207,2,0
2024-01-17 15:00:14.001,17206,17206,17206,4,-4
2024-01-17 15:00:14.001,17206,17206,17206,2,0
2024-01-17 15:00:14.001,17206,17206,17206,2,0
2024-01-17 15:00:14.001,17206,17206,17206,4,0
2024-01-17 15:00:15.001,17208,17208,17208,2,2
2024-01-17 15:00:15.001,17208,17208,17208,2,0
2024-01-17 15:00:15.001,17206,17206,17206,6,-6
2024-01-17 15:00:15.001,17206,17206,17206,2,0
2024-01-17 15:00:15.001,17206,17206,17206,2,0
2024-01-17 15:00:15.001,17207,17207,17207,2,2
2024-01-17 15:00:15.001,17207,17207,17207,2,0
2024-01-17 15:00:15.001,17206,17206,17206,2,-2
2024-01-17 15:00:15.001,17208,17208,17208,2,2
2024-01-17 15:00:16.001,17207,17207,17207,2,-2
2024-01-17 15:00:16.001,17208,17208,17208,2,2
2024-01-17 15:00:16.001,17207,17207,17207,2,-2
2024-01-17 15:00:16.001,17207,17207,17207,2,0
2024-01-17 15:00:16.001,17206,17206,17206,2,-2
2024-01-17 15:00:16.001,17206,17206,17206,2,0
2024-01-17 15:00:16.001,17206,17206,17206,2,0
2024-01-17 15:00:16.001,17206,17206,17206,4,0
2024-01-17 15:00:16.001,17206,17206,17206,2,0
2024-01-17 15:00:16.001,17205,17205,17205,2,-2
2024-01-17 15:00:16.001,17205,17205,17205,2,0
2024-01-17 15:00:16.001,17207,17207,17207,2,2
2024-01-17 15:00:16.001,17206,17206,17206,2,-2
2024-01-17 15:00:17.001,17207,17207,17207,2,2
2024-01-17 15:00:17.001,17207,17207,17207,2,0
2024-01-17 15:00:17.001,17207,17207,17207,6,0
2024-01-17 15:00:17.001,17208,17208,17208,2,2
2024-01-17 15:00:17.001,17209,17209,17209,2,2
2024-01-17 15:00:17.001,17209,17209,17209,2,0
2024-01-17 15:00:17.001,17209,17209,17209,20,0
2024-01-17 15:00:17.001,17208,17208,17208,2,-2
2024-01-17 15:00:18.001,17209,17209,17209,2,2
2024-01-17 15:00:19.001,17210,17210,17210,12,12
2024-01-17 15:00:19.001,17211,17211,17211,2,2
2024-01-17 15:00:20.001,17211,17211,17211,2,0
2024-01-17 15:00:20.001,17211,17211,17211,8,0
2024-01-17 15:00:20.001,17212,17212,17212,2,2
2024-01-17 15:00:21.001,17210,17210,17210,2,-2
2024-01-17 15:00:21.001,17211,17211,17211,2,2
2024-01-17 15:00:23.001,17210,17210,17210,2,-2
2024-01-17 15:00:23.001,17210,17210,17210,2,0
2024-01-17 15:00:23.001,17210,17210,17210,2,0
2024-01-17 15:00:24.001,17209,17209,17209,2,-2
2024-01-17 15:00:24.001,17209,17209,17209,2,0
2024-01-17 15:00:24.001,17209,17209,17209,2,0
2024-01-17 15:00:24.001,17209,17209,17209,2,0
2024-01-17 15:00:24.001,17208,17208,17208,2,-2
2024-01-17 15:00:24.001,17210,17210,17210,2,2
2024-01-17 15:00:24.001,17209,17209,17209,2,-2
2024-01-17 15:00:24.001,17209,17209,17209,2,0
2024-01-17 15:00:25.001,17209,17209,17209,2,0
2024-01-17 15:00:26.001,17210,17210,17210,6,6
2024-01-17 15:00:27.001,17209,17209,17209,2,-2
2024-01-17 15:00:27.001,17209,17209,17209,2,0
2024-01-17 15:00:27.001,17209,17209,17209,2,0
2024-01-17 15:00:27.001,17209,17209,17209,2,0
2024-01-17 15:00:27.001,17210,17210,17210,4,4
2024-01-17 15:00:27.001,17209,17209,17209,4,-4
2024-01-17 15:00:28.001,17210,17210,17210,4,4
2024-01-17 15:00:29.001,17210,17210,17210,6,0
2024-01-17 15:00:29.001,17209,17209,17209,2,-2
2024-01-17 15:00:30.001,17211,17211,17211,2,2
2024-01-17 15:00:31.001,17210,17210,17210,2,-2
2024-01-17 15:00:31.001,17211,17211,17211,4,4
2024-01-17 15:00:32.001,17211,17211,17211,2,0
2024-01-17 15:00:33.001,17210,17210,17210,6,-6
2024-01-17 15:00:33.001,17212,17212,17212,6,6
2024-01-17 15:00:34.001,17212,17212,17212,2,0
2024-01-17 15:00:34.001,17211,17211,17211,2,-2
2024-01-17 15:00:34.001,17211,17211,17211,2,0
2024-01-17 15:00:35.001,17212,17212,17212,4,4
2024-01-17 15:00:36.001,17210,17210,17210,2,-2
2024-01-17 15:00:36.001,17210,17210,17210,2,0
2024-01-17 15:00:37.001,17210,17210,17210,2,0
2024-01-17 15:00:37.001,17211,17211,17211,2,2
2024-01-17 15:00:39.001,17211,17211,17211,6,0
2024-01-17 15:00:39.001,17212,17212,17212,10,10
2024-01-17 15:00:39.001,17212,17212,17212,2,0
2024-01-17 15:00:40.001,17212,17212,17212,2,0
2024-01-17 15:00:41.001,17211,17211,17211,2,-2
2024-01-17 15:00:41.001,17211,17211,17211,4,0
2024-01-17 15:00:41.001,17211,17211,17211,2,0
2024-01-17 15:00:41.001,17211,17211,17211,4,0
2024-01-17 15:00:41.001,17210,17210,17210,2,-2
2024-01-17 15:00:41.001,17211,17211,17211,2,2
2024-01-17 15:00:41.001,17210,17210,17210,2,-2
2024-01-17 15:00:41.001,17210,17210,17210,2,0
2024-01-17 15:00:41.001,17210,17210,17210,2,0
2024-01-17 15:00:42.001,17211,17211,17211,8,8
2024-01-17 15:00:44.001,17211,17211,17211,2,0
2024-01-17 15:00:44.001,17212,17212,17212,4,4
2024-01-17 15:00:44.001,17212,17212,17212,14,0
2024-01-17 15:00:46.001,17212,17212,17212,2,0
2024-01-17 15:00:46.001,17212,17212,17212,2,0
2024-01-17 15:00:46.001,17213,17213,17213,4,4
2024-01-17 15:00:46.001,17214,17214,17214,2,2
2024-01-17 15:00:46.001,17214,17214,17214,2,0
2024-01-17 15:00:47.001,17213,17213,17213,2,-2
2024-01-17 15:00:48.001,17214,17214,17214,2,2
2024-01-17 15:00:48.001,17214,17214,17214,2,0
2024-01-17 15:00:49.001,17214,17214,17214,2,0
2024-01-17 15:00:50.001,17215,17215,17215,2,2
2024-01-17 15:00:51.001,17214,17214,17214,2,-2
2024-01-17 15:00:52.001,17214,17214,17214,2,0
2024-01-17 15:00:52.001,17214,17214,17214,2,0
2024-01-17 15:00:52.001,17214,17214,17214,2,0
2024-01-17 15:00:52.001,17214,17214,17214,2,0
2024-01-17 15:00:52.001,17214,17214,17214,2,0
2024-01-17 15:00:52.001,17214,17214,17214,4,0
2024-01-17 15:00:52.001,17214,17214,17214,2,0
2024-01-17 15:00:53.001,17214,17214,17214,2,0
2024-01-17 15:00:53.001,17213,17213,17213,2,-2
2024-01-17 15:00:54.001,17213,17213,17213,2,0
2024-01-17 15:00:54.001,17213,17213,17213,2,0
2024-01-17 15:00:54.001,17214,17214,17214,4,4
2024-01-17 15:00:54.001,17212,17212,17212,2,-2
2024-01-17 15:00:54.001,17212,17212,17212,2,0
2024-01-17 15:00:54.001,17212,17212,17212,2,0
2024-01-17 15:00:54.001,17212,17212,17212,2,0
2024-01-17 15:00:54.001,17212,17212,17212,2,0
2024-01-17 15:00:54.001,17212,17212,17212,2,0
2024-01-17 15:00:54.001,17211,17211,17211,2,-2
2024-01-17 15:00:54.001,17211,17211,17211,2,0
2024-01-17 15:00:54.001,17211,17211,17211,2,0
2024-01-17 15:00:54.001,17211,17211,17211,2,0
2024-01-17 15:00:55.001,17213,17213,17213,4,4
2024-01-17 15:00:55.001,17211,17211,17211,2,-2
2024-01-17 15:00:55.001,17211,17211,17211,2,0
2024-01-17 15:00:55.001,17211,17211,17211,2,0
2024-01-17 15:00:55.001,17213,17213,17213,10,10
2024-01-17 15:00:56.001,17212,17212,17212,2,-2
2024-01-17 15:00:56.001,17212,17212,17212,2,0
2024-01-17 15:00:56.001,17211,17211,17211,6,-6
2024-01-17 15:00:58.001,17213,17213,17213,2,2
2024-01-17 15:00:58.001,17213,17213,17213,2,0
2024-01-17 15:00:59.001,17213,17213,17213,2,0
2024-01-17 15:00:59.001,17213,17213,17213,2,0
2024-01-17 15:01:00.001,17213,17213,17213,2,0
2024-01-17 15:01:00.001,17214,17214,17214,14,14
2024-01-17 15:01:00.001,17215,17215,17215,20,20
2024-01-17 15:01:00.001,17215,17215,17215,8,0
2024-01-17 15:01:00.001,17215,17215,17215,2,0
2024-01-17 15:01:00.001,17215,17215,17215,2,0
2024-01-17 15:01:00.001,17215,17215,17215,4,0
2024-01-17 15:01:00.001,17216,17216,17216,2,2
2024-01-17 15:01:00.001,17215,17215,17215,4,-4
2024-01-17 15:01:00.001,17215,17215,17215,2,0
2024-01-17 15:01:00.001,17215,17215,17215,2,0
2024-01-17 15:01:00.001,17215,17215,17215,2,0
2024-01-17 15:01:00.001,17216,17216,17216,2,2
2024-01-17 15:01:00.001,17216,17216,17216,2,0
2024-01-17 15:01:00.001,17215,17215,17215,2,-2
2024-01-17 15:01:00.001,17214,17214,17214,4,-4
2024-01-17 15:01:00.001,17214,17214,17214,2,0
2024-01-17 15:01:00.001,17214,17214,17214,2,0
2024-01-17 15:01:00.001,17214,17214,17214,2,0
2024-01-17 15:01:00.001,17214,17214,17214,2,0
2024-01-17 15:01:00.001,17214,17214,17214,2,0
2024-01-17 15:01:00.001,17214,17214,17214,2,0
2024-01-17 15:01:00.001,17214,17214,17214,2,0
2024-01-17 15:01:00.001,17214,17214,17214,2,0
2024-01-17 15:01:00.001,17213,17213,17213,2,-2
2024-01-17 15:01:00.001,17213,17213,17213,2,0
2024-01-17 15:01:00.001,17215,17215,17215,4,4
2024-01-17 15:01:01.001,17213,17213,17213,2,-2
2024-01-17 15:01:02.001,17212,17212,17212,2,-2
2024-01-17 15:01:02.001,17212,17212,17212,2,0
2024-01-17 15:01:02.001,17212,17212,17212,2,0
2024-01-17 15:01:02.001,17211,17211,17211,2,-2
2024-01-17 15:01:02.001,17211,17211,17211,2,0
2024-01-17 15:01:02.001,17212,17212,17212,2,2
2024-01-17 15:01:02.001,17211,17211,17211,2,-2
2024-01-17 15:01:03.001,17210,17210,17210,4,-4
2024-01-17 15:01:03.001,17210,17210,17210,6,0
2024-01-17 15:01:03.001,17210,17210,17210,2,0
2024-01-17 15:01:03.001,17210,17210,17210,2,0
2024-01-17 15:01:03.001,17210,17210,17210,14,0
2024-01-17 15:01:03.001,17210,17210,17210,2,0
2024-01-17 15:01:03.001,17210,17210,17210,2,0
2024-01-17 15:01:03.001,17210,17210,17210,2,0
2024-01-17 15:01:03.001,17210,17210,17210,2,0
2024-01-17 15:01:03.001,17209,17209,17209,2,-2
2024-01-17 15:01:03.001,17209,17209,17209,2,0
2024-01-17 15:01:03.001,17209,17209,17209,2,0
2024-01-17 15:01:03.001,17209,17209,17209,2,0
2024-01-17 15:01:03.001,17209,17209,17209,2,0
2024-01-17 15:01:03.001,17209,17209,17209,2,0
2024-01-17 15:01:03.001,17210,17210,17210,4,4
2024-01-17 15:01:03.001,17208,17208,17208,2,-2
2024-01-17 15:01:03.001,17208,17208,17208,2,0
2024-01-17 15:01:04.001,17210,17210,17210,2,2
2024-01-17 15:01:04.001,17210,17210,17210,4,0
2024-01-17 15:01:04.001,17208,17208,17208,2,-2
2024-01-17 15:01:04.001,17208,17208,17208,20,0
2024-01-17 15:01:04.001,17208,17208,17208,2,0
2024-01-17 15:01:04.001,17208,17208,17208,2,0
2024-01-17 15:01:04.001,17208,17208,17208,2,0
2024-01-17 15:01:04.001,17208,17208,17208,2,0
2024-01-17 15:01:04.001,17208,17208,17208,2,0
2024-01-17 15:01:04.001,17208,17208,17208,2,0
2024-01-17 15:01:04.001,17208,17208,17208,2,0
2024-01-17 15:01:06.001,17207,17207,17207,2,-2
2024-01-17 15:01:06.001,17207,17207,17207,2,0
2024-01-17 15:01:06.001,17207,17207,17207,2,0
2024-01-17 15:01:06.001,17207,17207,17207,2,0
2024-01-17 15:01:06.001,17207,17207,17207,2,0
2024-01-17 15:01:06.001,17207,17207,17207,2,0
2024-01-17 15:01:06.001,17207,17207,17207,2,0
2024-01-17 15:01:06.001,17207,17207,17207,2,0
2024-01-17 15:01:07.001,17207,17207,17207,2,0
2024-01-17 15:01:07.001,17207,17207,17207,2,0
2024-01-17 15:01:09.001,17206,17206,17206,2,-2
2024-01-17 15:01:09.001,17206,17206,17206,2,0
2024-01-17 15:01:09.001,17206,17206,17206,2,0
2024-01-17 15:01:09.001,17206,17206,17206,2,0
2024-01-17 15:01:09.001,17206,17206,17206,2,0
2024-01-17 15:01:09.001,17205,17205,17205,2,-2
2024-01-17 15:01:09.001,17207,17207,17207,4,4
2024-01-17 15:01:10.001,17206,17206,17206,2,-2
2024-01-17 15:01:10.001,17206,17206,17206,2,0
2024-01-17 15:01:10.001,17206,17206,17206,2,0
2024-01-17 15:01:10.001,17206,17206,17206,2,0
2024-01-17 15:01:11.001,17206,17206,17206,2,0
2024-01-17 15:01:12.001,17205,17205,17205,4,-4
2024-01-17 15:01:12.001,17205,17205,17205,6,0
2024-01-17 15:01:12.001,17205,17205,17205,6,0
2024-01-17 15:01:13.001,17205,17205,17205,4,0
2024-01-17 15:01:13.001,17205,17205,17205,2,0
2024-01-17 15:01:13.001,17205,17205,17205,8,0
2024-01-17 15:01:13.001,17205,17205,17205,2,0
2024-01-17 15:01:13.001,17205,17205,17205,2,0
2024-01-17 15:01:13.001,17205,17205,17205,2,0
2024-01-17 15:01:13.001,17205,17205,17205,2,0
2024-01-17 15:01:13.001,17205,17205,17205,20,0
2024-01-17 15:01:13.001,17205,17205,17205,2,0
2024-01-17 15:01:13.001,17204,17204,17204,8,-8
2024-01-17 15:01:13.001,17204,17204,17204,2,0
2024-01-17 15:01:13.001,17204,17204,17204,2,0
2024-01-17 15:01:13.001,17204,17204,17204,2,0
2024-01-17 15:01:13.001,17204,17204,17204,2,0
2024-01-17 15:01:13.001,17204,17204,17204,2,0
2024-01-17 15:01:13.001,17204,17204,17204,2,0
2024-01-17 15:01:13.001,17204,17204,17204,4,0
2024-01-17 15:01:13.001,17204,17204,17204,10,0
2024-01-17 15:01:13.001,17204,17204,17204,2,0
2024-01-17 15:01:13.001,17203,17203,17203,4,-4
2024-01-17 15:01:13.001,17203,17203,17203,2,0
2024-01-17 15:01:13.001,17203,17203,17203,2,0
2024-01-17 15:01:13.001,17203,17203,17203,2,0
2024-01-17 15:01:13.001,17203,17203,17203,2,0
2024-01-17 15:01:13.001,17202,17202,17202,2,-2
2024-01-17 15:01:14.001,17202,17202,17202,2,0
2024-01-17 15:01:14.001,17202,17202,17202,2,0
2024-01-17 15:01:14.001,17202,17202,17202,2,0
2024-01-17 15:01:14.001,17202,17202,17202,2,0
2024-01-17 15:01:14.001,17202,17202,17202,2,0
2024-01-17 15:01:14.001,17201,17201,17201,2,-2
2024-01-17 15:01:14.001,17201,17201,17201,2,0
2024-01-17 15:01:14.001,17201,17201,17201,2,0
2024-01-17 15:01:14.001,17201,17201,17201,2,0
2024-01-17 15:01:14.001,17201,17201,17201,2,0
2024-01-17 15:01:14.001,17201,17201,17201,2,0
2024-01-17 15:01:14.001,17201,17201,17201,2,0
2024-01-17 15:01:14.001,17201,17201,17201,2,0
2024-01-17 15:01:14.001,17201,17201,17201,2,0
2024-01-17 15:01:14.001,17201,17201,17201,2,0
2024-01-17 15:01:14.001,17201,17201,17201,10,0
2024-01-17 15:01:14.001,17201,17201,17201,6,0
2024-01-17 15:01:14.001,17202,17202,17202,2,2
2024-01-17 15:01:15.001,17201,17201,17201,2,-2
2024-01-17 15:01:15.001,17201,17201,17201,2,0
2024-01-17 15:01:17.001,17201,17201,17201,2,0
2024-01-17 15:01:17.001,17201,17201,17201,2,0
2024-01-17 15:01:17.001,17201,17201,17201,2,0
2024-01-17 15:01:17.001,17201,17201,17201,2,0
2024-01-17 15:01:17.001,17201,17201,17201,2,0
2024-01-17 15:01:17.001,17201,17201,17201,2,0
2024-01-17 15:01:17.001,17202,17202,17202,2,2
2024-01-17 15:01:18.001,17201,17201,17201,2,-2
2024-01-17 15:01:18.001,17201,17201,17201,2,0
2024-01-17 15:01:18.001,17202,17202,17202,2,2
2024-01-17 15:01:18.001,17203,17203,17203,4,4
2024-01-17 15:01:18.001,17203,17203,17203,4,0
2024-01-17 15:01:18.001,17201,17201,17201,2,-2
2024-01-17 15:01:18.001,17201,17201,17201,10,0
2024-01-17 15:01:19.001,17201,17201,17201,2,0
2024-01-17 15:01:19.001,17202,17202,17202,2,2
2024-01-17 15:01:19.001,17202,17202,17202,2,0
2024-01-17 15:01:19.001,17203,17203,17203,2,2
2024-01-17 15:01:20.001,17202,17202,17202,2,-2
2024-01-17 15:01:20.001,17202,17202,17202,2,0
2024-01-17 15:01:20.001,17202,17202,17202,6,0
2024-01-17 15:01:20.001,17202,17202,17202,2,0
2024-01-17 15:01:20.001,17202,17202,17202,2,0
2024-01-17 15:01:20.001,17204,17204,17204,2,2
2024-01-17 15:01:20.001,17202,17202,17202,6,-6
2024-01-17 15:01:21.001,17202,17202,17202,2,0
2024-01-17 15:01:21.001,17202,17202,17202,4,0
2024-01-17 15:01:21.001,17202,17202,17202,2,0
2024-01-17 15:01:21.001,17202,17202,17202,2,0
2024-01-17 15:01:22.001,17202,17202,17202,2,0
2024-01-17 15:01:22.001,17202,17202,17202,2,0
2024-01-17 15:01:22.001,17202,17202,17202,2,0
2024-01-17 15:01:22.001,17202,17202,17202,2,0
2024-01-17 15:01:22.001,17204,17204,17204,2,2
2024-01-17 15:01:23.001,17202,17202,17202,6,-6
2024-01-17 15:01:23.001,17202,17202,17202,2,0
2024-01-17 15:01:23.001,17202,17202,17202,4,0
2024-01-17 15:01:23.001,17202,17202,17202,2,0
2024-01-17 15:01:23.001,17202,17202,17202,2,0
2024-01-17 15:01:23.001,17202,17202,17202,2,0
2024-01-17 15:01:23.001,17202,17202,17202,2,0
2024-01-17 15:01:23.001,17202,17202,17202,2,0
2024-01-17 15:01:23.001,17202,17202,17202,2,0
2024-01-17 15:01:23.001,17202,17202,17202,4,0
2024-01-17 15:01:23.001,17201,17201,17201,2,-2
2024-01-17 15:01:23.001,17202,17202,17202,4,4
2024-01-17 15:01:23.001,17201,17201,17201,2,-2
2024-01-17 15:01:23.001,17202,17202,17202,2,2
2024-01-17 15:01:24.001,17201,17201,17201,6,-6
2024-01-17 15:01:24.001,17202,17202,17202,2,2
2024-01-17 15:01:24.001,17203,17203,17203,2,2
2024-01-17 15:01:24.001,17201,17201,17201,2,-2
2024-01-17 15:01:24.001,17201,17201,17201,2,0
2024-01-17 15:01:24.001,17201,17201,17201,2,0
2024-01-17 15:01:24.001,17201,17201,17201,4,0
2024-01-17 15:01:25.001,17201,17201,17201,2,0
2024-01-17 15:01:25.001,17201,17201,17201,4,0
2024-01-17 15:01:25.001,17201,17201,17201,2,0
2024-01-17 15:01:25.001,17201,17201,17201,2,0
2024-01-17 15:01:25.001,17201,17201,17201,4,0
2024-01-17 15:01:25.001,17201,17201,17201,2,0
2024-01-17 15:01:25.001,17200,17200,17200,2,-2
2024-01-17 15:01:25.001,17200,17200,17200,2,0
2024-01-17 15:01:25.001,17200,17200,17200,2,0
2024-01-17 15:01:25.001,17200,17200,17200,2,0
2024-01-17 15:01:26.001,17200,17200,17200,2,0
2024-01-17 15:01:26.001,17200,17200,17200,2,0
2024-01-17 15:01:26.001,17200,17200,17200,2,0
2024-01-17 15:01:26.001,17200,17200,17200,2,0
2024-01-17 15:01:26.001,17200,17200,17200,2,0
2024-01-17 15:01:26.001,17200,17200,17200,2,0
2024-01-17 15:01:26.001,17200,17200,17200,2,0
2024-01-17 15:01:26.001,17200,17200,17200,2,0
2024-01-17 15:01:26.001,17200,17200,17200,4,0
2024-01-17 15:01:26.001,17200,17200,17200,2,0
2024-01-17 15:01:26.001,17200,17200,17200,2,0
2024-01-17 15:01:26.001,17200,17200,17200,2,0
2024-01-17 15:01:26.001,17200,17200,17200,6,0
2024-01-17 15:01:26.001,17200,17200,17200,2,0
2024-01-17 15:01:26.001,17200,17200,17200,10,0
2024-01-17 15:01:26.001,17200,17200,17200,2,0
2024-01-17 15:01:26.001,17200,17200,17200,2,0
2024-01-17 15:01:26.001,17200,17200,17200,2,0
2024-01-17 15:01:26.001,17200,17200,17200,2,0
2024-01-17 15:01:26.001,17200,17200,17200,2,0
2024-01-17 15:01:26.001,17200,17200,17200,2,0
2024-01-17 15:01:26.001,17200,17200,17200,4,0
2024-01-17 15:01:26.001,17200,17200,17200,2,0
2024-01-17 15:01:26.001,17200,17200,17200,2,0
2024-01-17 15:01:26.001,17200,17200,17200,12,0
2024-01-17 15:01:26.001,17200,17200,17200,2,0
2024-01-17 15:01:26.001,17200,17200,17200,8,0
2024-01-17 15:01:26.001,17200,17200,17200,2,0
2024-01-17 15:01:26.001,17200,17200,17200,2,0
2024-01-17 15:01:27.001,17199,17199,17199,2,-2
2024-01-17 15:01:27.001,17198,17198,17198,2,-2
2024-01-17 15:01:27.001,17198,17198,17198,2,0
2024-01-17 15:01:27.001,17198,17198,17198,2,0
2024-01-17 15:01:27.001,17198,17198,17198,2,0
2024-01-17 15:01:27.001,17198,17198,17198,2,0
2024-01-17 15:01:28.001,17198,17198,17198,4,0
2024-01-17 15:01:28.001,17198,17198,17198,2,0
2024-01-17 15:01:28.001,17198,17198,17198,4,0
2024-01-17 15:01:28.001,17198,17198,17198,2,0
2024-01-17 15:01:28.001,17198,17198,17198,2,0
2024-01-17 15:01:28.001,17198,17198,17198,2,0
2024-01-17 15:01:28.001,17197,17197,17197,2,-2
2024-01-17 15:01:28.001,17198,17198,17198,2,2
2024-01-17 15:01:29.001,17198,17198,17198,6,0
2024-01-17 15:01:29.001,17198,17198,17198,2,0
2024-01-17 15:01:29.001,17198,17198,17198,10,0
2024-01-17 15:01:30.001,17198,17198,17198,2,0
2024-01-17 15:01:31.001,17198,17198,17198,2,0
2024-01-17 15:01:31.001,17199,17199,17199,4,4
2024-01-17 15:01:31.001,17198,17198,17198,2,-2
2024-01-17 15:01:31.001,17197,17197,17197,2,-2
2024-01-17 15:01:32.001,17197,17197,17197,2,0
2024-01-17 15:01:32.001,17197,17197,17197,2,0
2024-01-17 15:01:32.001,17197,17197,17197,2,0
2024-01-17 15:01:32.001,17197,17197,17197,4,0
2024-01-17 15:01:32.001,17197,17197,17197,4,0
2024-01-17 15:01:32.001,17197,17197,17197,2,0
2024-01-17 15:01:32.001,17197,17197,17197,2,0
2024-01-17 15:01:33.001,17198,17198,17198,10,10
2024-01-17 15:01:33.001,17198,17198,17198,2,0
2024-01-17 15:01:33.001,17198,17198,17198,4,0
2024-01-17 15:01:33.001,17198,17198,17198,2,0
2024-01-17 15:01:34.001,17198,17198,17198,2,0
2024-01-17 15:01:34.001,17197,17197,17197,2,-2
2024-01-17 15:01:34.001,17196,17196,17196,8,-8
2024-01-17 15:01:34.001,17198,17198,17198,4,4
2024-01-17 15:01:34.001,17197,17197,17197,2,-2
2024-01-17 15:01:34.001,17197,17197,17197,2,0
2024-01-17 15:01:34.001,17198,17198,17198,2,2
2024-01-17 15:01:34.001,17198,17198,17198,4,0
2024-01-17 15:01:34.001,17199,17199,17199,6,6
2024-01-17 15:01:34.001,17199,17199,17199,8,0
2024-01-17 15:01:34.001,17200,17200,17200,16,16
2024-01-17 15:01:34.001,17201,17201,17201,4,4
2024-01-17 15:01:35.001,17201,17201,17201,4,0
2024-01-17 15:01:35.001,17201,17201,17201,2,0
2024-01-17 15:01:36.001,17200,17200,17200,4,-4
2024-01-17 15:01:36.001,17202,17202,17202,2,2
2024-01-17 15:01:36.001,17200,17200,17200,2,-2
2024-01-17 15:01:37.001,17201,17201,17201,2,2
2024-01-17 15:01:37.001,17201,17201,17201,2,0
2024-01-17 15:01:37.001,17201,17201,17201,6,0
2024-01-17 15:01:37.001,17201,17201,17201,2,0
2024-01-17 15:01:39.001,17200,17200,17200,2,-2
2024-01-17 15:01:39.001,17200,17200,17200,2,0
2024-01-17 15:01:39.001,17200,17200,17200,4,0
2024-01-17 15:01:39.001,17200,17200,17200,2,0
2024-01-17 15:01:39.001,17201,17201,17201,2,2
2024-01-17 15:01:40.001,17200,17200,17200,2,-2
2024-01-17 15:01:40.001,17200,17200,17200,6,0
2024-01-17 15:01:40.001,17200,17200,17200,2,0
2024-01-17 15:01:41.001,17200,17200,17200,2,0
2024-01-17 15:01:41.001,17201,17201,17201,2,2
2024-01-17 15:01:41.001,17200,17200,17200,2,-2
2024-01-17 15:01:42.001,17200,17200,17200,2,0
2024-01-17 15:01:42.001,17201,17201,17201,2,2
2024-01-17 15:01:42.001,17201,17201,17201,2,0
2024-01-17 15:01:42.001,17200,17200,17200,2,-2
2024-01-17 15:01:42.001,17200,17200,17200,2,0
2024-01-17 15:01:44.001,17200,17200,17200,2,0
2024-01-17 15:01:44.001,17201,17201,17201,4,4
2024-01-17 15:01:44.001,17200,17200,17200,2,-2
2024-01-17 15:01:44.001,17201,17201,17201,2,2
2024-01-17 15:01:44.001,17201,17201,17201,2,0
2024-01-17 15:01:45.001,17200,17200,17200,2,-2
2024-01-17 15:01:45.001,17200,17200,17200,2,0
2024-01-17 15:01:45.001,17200,17200,17200,2,0
2024-01-17 15:01:46.001,17200,17200,17200,2,0
2024-01-17 15:01:46.001,17200,17200,17200,2,0
2024-01-17 15:01:47.001,17200,17200,17200,2,0
2024-01-17 15:01:47.001,17200,17200,17200,2,0
2024-01-17 15:01:47.001,17200,17200,17200,2,0
2024-01-17 15:01:47.001,17200,17200,17200,4,0
2024-01-17 15:01:47.001,17200,17200,17200,2,0
2024-01-17 15:01:47.001,17200,17200,17200,2,0
2024-01-17 15:01:47.001,17200,17200,17200,4,0
2024-01-17 15:01:47.001,17200,17200,17200,4,0
2024-01-17 15:01:48.001,17200,17200,17200,2,0
2024-01-17 15:01:48.001,17200,17200,17200,2,0
2024-01-17 15:01:48.001,17200,17200,17200,2,0
2024-01-17 15:01:49.001,17200,17200,17200,6,0
2024-01-17 15:01:49.001,17200,17200,17200,2,0
2024-01-17 15:01:50.001,17199,17199,17199,2,-2
2024-01-17 15:01:50.001,17199,17199,17199,2,0
2024-01-17 15:01:50.001,17200,17200,17200,2,2
2024-01-17 15:01:50.001,17200,17200,17200,2,0
2024-01-17 15:01:51.001,17199,17199,17199,2,-2
2024-01-17 15:01:51.001,17199,17199,17199,2,0
2024-01-17 15:01:51.001,17199,17199,17199,2,0
2024-01-17 15:01:52.001,17199,17199,17199,2,0
2024-01-17 15:01:52.001,17200,17200,17200,4,4
2024-01-17 15:01:52.001,17200,17200,17200,2,0
2024-01-17 15:01:53.001,17199,17199,17199,2,-2
2024-01-17 15:01:55.001,17199,17199,17199,2,0
2024-01-17 15:01:55.001,17199,17199,17199,6,0
2024-01-17 15:01:55.001,17199,17199,17199,2,0
2024-01-17 15:01:55.001,17199,17199,17199,2,0
2024-01-17 15:01:55.001,17198,17198,17198,2,-2
2024-01-17 15:01:56.001,17200,17200,17200,2,2
2024-01-17 15:01:56.001,17200,17200,17200,6,0
2024-01-17 15:01:56.001,17200,17200,17200,2,0
2024-01-17 15:01:57.001,17199,17199,17199,2,-2
2024-01-17 15:01:57.001,17199,17199,17199,2,0
2024-01-17 15:01:57.001,17198,17198,17198,6,-6
2024-01-17 15:01:57.001,17200,17200,17200,2,2
2024-01-17 15:01:58.001,17198,17198,17198,6,-6
2024-01-17 15:01:58.001,17199,17199,17199,2,2
2024-01-17 15:01:59.001,17199,17199,17199,2,0
2024-01-17 15:02:00.001,17198,17198,17198,4,-4
2024-01-17 15:02:00.001,17198,17198,17198,12,0
2024-01-17 15:02:00.001,17199,17199,17199,2,2
2024-01-17 15:02:01.001,17198,17198,17198,2,-2
2024-01-17 15:02:01.001,17198,17198,17198,6,0
2024-01-17 15:02:01.001,17198,17198,17198,158,0
2024-01-17 15:02:01.001,17198,17198,17198,4,0
2024-01-17 15:02:01.001,17198,17198,17198,2,0
2024-01-17 15:02:01.001,17198,17198,17198,4,0
2024-01-17 15:02:01.001,17198,17198,17198,2,0
2024-01-17 15:02:01.001,17198,17198,17198,2,0
2024-01-17 15:02:01.001,17198,17198,17198,2,0
2024-01-17 15:02:01.001,17198,17198,17198,4,0
2024-01-17 15:02:01.001,17198,17198,17198,2,0
2024-01-17 15:02:01.001,17198,17198,17198,4,0
2024-01-17 15:02:01.001,17198,17198,17198,2,0
2024-01-17 15:02:01.001,17198,17198,17198,4,0
2024-01-17 15:02:01.001,17198,17198,17198,2,0
2024-01-17 15:02:01.001,17197,17197,17197,2,-2
2024-01-17 15:02:01.001,17197,17197,17197,2,0
2024-01-17 15:02:01.001,17197,17197,17197,2,0
2024-01-17 15:02:01.001,17197,17197,17197,2,0
2024-01-17 15:02:01.001,17197,17197,17197,2,0
2024-01-17 15:02:01.001,17197,17197,17197,2,0
2024-01-17 15:02:01.001,17197,17197,17197,2,0
2024-01-17 15:02:01.001,17197,17197,17197,4,0
2024-01-17 15:02:01.001,17197,17197,17197,2,0
2024-01-17 15:02:01.001,17197,17197,17197,10,0
2024-01-17 15:02:01.001,17197,17197,17197,4,0
2024-01-17 15:02:01.001,17197,17197,17197,6,0
2024-01-17 15:02:01.001,17197,17197,17197,2,0
2024-01-17 15:02:01.001,17196,17196,17196,2,-2
2024-01-17 15:02:01.001,17196,17196,17196,2,0
2024-01-17 15:02:02.001,17196,17196,17196,2,0
2024-01-17 15:02:02.001,17196,17196,17196,4,0
2024-01-17 15:02:02.001,17197,17197,17197,2,2
2024-01-17 15:02:03.001,17196,17196,17196,6,-6
2024-01-17 15:02:03.001,17196,17196,17196,4,0
2024-01-17 15:02:04.001,17196,17196,17196,2,0
2024-01-17 15:02:04.001,17197,17197,17197,2,2
2024-01-17 15:02:04.001,17196,17196,17196,2,-2
2024-01-17 15:02:04.001,17196,17196,17196,2,0
2024-01-17 15:02:04.001,17197,17197,17197,2,2
2024-01-17 15:02:05.001,17197,17197,17197,2,0
2024-01-17 15:02:05.001,17196,17196,17196,2,-2
2024-01-17 15:02:05.001,17197,17197,17197,2,2
2024-01-17 15:02:06.001,17196,17196,17196,2,-2
2024-01-17 15:02:06.001,17196,17196,17196,2,0
2024-01-17 15:02:08.001,17196,17196,17196,4,0
2024-01-17 15:02:08.001,17196,17196,17196,2,0
2024-01-17 15:02:08.001,17197,17197,17197,2,2
2024-01-17 15:02:08.001,17196,17196,17196,2,-2
2024-01-17 15:02:09.001,17195,17195,17195,6,-6
2024-01-17 15:02:09.001,17196,17196,17196,2,2
2024-01-17 15:02:10.001,17196,17196,17196,2,0
2024-01-17 15:02:10.001,17195,17195,17195,2,-2
2024-01-17 15:02:11.001,17195,17195,17195,2,0
2024-01-17 15:02:11.001,17195,17195,17195,2,0
2024-01-17 15:02:11.001,17195,17195,17195,2,0
2024-01-17 15:02:11.001,17195,17195,17195,12,0
2024-01-17 15:02:11.001,17195,17195,17195,2,0
2024-01-17 15:02:11.001,17195,17195,17195,2,0
2024-01-17 15:02:11.001,17195,17195,17195,2,0
2024-01-17 15:02:11.001,17195,17195,17195,2,0
2024-01-17 15:02:11.001,17195,17195,17195,2,0
2024-01-17 15:02:11.001,17195,17195,17195,2,0
2024-01-17 15:02:11.001,17195,17195,17195,2,0
2024-01-17 15:02:11.001,17195,17195,17195,14,0
2024-01-17 15:02:11.001,17195,17195,17195,6,0
2024-01-17 15:02:11.001,17195,17195,17195,2,0
2024-01-17 15:02:12.001,17196,17196,17196,4,4
2024-01-17 15:02:13.001,17195,17195,17195,2,-2
2024-01-17 15:02:13.001,17195,17195,17195,2,0
2024-01-17 15:02:14.001,17194,17194,17194,2,-2
2024-01-17 15:02:14.001,17195,17195,17195,2,2
2024-01-17 15:02:15.001,17195,17195,17195,2,0
2024-01-17 15:02:15.001,17195,17195,17195,4,0
2024-01-17 15:02:15.001,17194,17194,17194,2,-2
2024-01-17 15:02:15.001,17195,17195,17195,2,2
2024-01-17 15:02:15.001,17194,17194,17194,2,-2
2024-01-17 15:02:16.001,17195,17195,17195,2,2
2024-01-17 15:02:16.001,17194,17194,17194,2,-2
2024-01-17 15:02:16.001,17195,17195,17195,2,2
2024-01-17 15:02:17.001,17194,17194,17194,2,-2
2024-01-17 15:02:17.001,17196,17196,17196,2,2
2024-01-17 15:02:18.001,17194,17194,17194,2,-2
2024-01-17 15:02:18.001,17194,17194,17194,2,0
2024-01-17 15:02:18.001,17194,17194,17194,4,0
2024-01-17 15:02:18.001,17194,17194,17194,4,0
2024-01-17 15:02:18.001,17193,17193,17193,2,-2
2024-01-17 15:02:18.001,17194,17194,17194,2,2
2024-01-17 15:02:20.001,17193,17193,17193,4,-4
2024-01-17 15:02:20.001,17193,17193,17193,2,0
2024-01-17 15:02:20.001,17193,17193,17193,2,0
2024-01-17 15:02:20.001,17193,17193,17193,2,0
2024-01-17 15:02:21.001,17193,17193,17193,2,0
2024-01-17 15:02:21.001,17193,17193,17193,2,0
2024-01-17 15:02:21.001,17193,17193,17193,2,0
2024-01-17 15:02:22.001,17193,17193,17193,2,0
2024-01-17 15:02:23.001,17194,17194,17194,12,12
2024-01-17 15:02:23.001,17194,17194,17194,2,0
2024-01-17 15:02:23.001,17194,17194,17194,2,0
2024-01-17 15:02:23.001,17194,17194,17194,6,0
2024-01-17 15:02:24.001,17194,17194,17194,4,0
2024-01-17 15:02:25.001,17194,17194,17194,2,0
2024-01-17 15:02:26.001,17194,17194,17194,2,0
2024-01-17 15:02:26.001,17195,17195,17195,2,2
2024-01-17 15:02:26.001,17195,17195,17195,6,0
2024-01-17 15:02:27.001,17195,17195,17195,2,0
2024-01-17 15:02:27.001,17195,17195,17195,4,0
2024-01-17 15:02:27.001,17195,17195,17195,2,0
2024-01-17 15:02:27.001,17194,17194,17194,2,-2
2024-01-17 15:02:27.001,17194,17194,17194,2,0
2024-01-17 15:02:27.001,17194,17194,17194,2,0
2024-01-17 15:02:27.001,17194,17194,17194,2,0
2024-01-17 15:02:29.001,17195,17195,17195,2,2
2024-01-17 15:02:29.001,17195,17195,17195,2,0
2024-01-17 15:02:29.001,17195,17195,17195,2,0
2024-01-17 15:02:29.001,17195,17195,17195,2,0
2024-01-17 15:02:29.001,17194,17194,17194,2,-2
2024-01-17 15:02:31.001,17195,17195,17195,2,2
2024-01-17 15:02:32.001,17195,17195,17195,2,0
2024-01-17 15:02:32.001,17196,17196,17196,18,18
2024-01-17 15:02:32.001,17197,17197,17197,4,4
2024-01-17 15:02:35.001,17196,17196,17196,4,-4
2024-01-17 15:02:35.001,17198,17198,17198,2,2
2024-01-17 15:02:36.001,17196,17196,17196,2,-2
2024-01-17 15:02:36.001,17196,17196,17196,2,0
2024-01-17 15:02:37.001,17196,17196,17196,2,0
2024-01-17 15:02:37.001,17196,17196,17196,2,0
2024-01-17 15:02:37.001,17198,17198,17198,8,8
2024-01-17 15:02:39.001,17197,17197,17197,2,-2
2024-01-17 15:02:39.001,17197,17197,17197,2,0
2024-01-17 15:02:39.001,17197,17197,17197,2,0
2024-01-17 15:02:40.001,17197,17197,17197,2,0
2024-01-17 15:02:40.001,17198,17198,17198,2,2
2024-01-17 15:02:40.001,17198,17198,17198,2,0
2024-01-17 15:02:40.001,17198,17198,17198,2,0
2024-01-17 15:02:40.001,17198,17198,17198,4,0
2024-01-17 15:02:40.001,17199,17199,17199,2,2
2024-01-17 15:02:40.001,17199,17199,17199,2,0
2024-01-17 15:02:40.001,17199,17199,17199,2,0
2024-01-17 15:02:41.001,17199,17199,17199,2,0
2024-01-17 15:02:42.001,17199,17199,17199,8,0
2024-01-17 15:02:42.001,17199,17199,17199,2,0
2024-01-17 15:02:42.001,17198,17198,17198,2,-2
2024-01-17 15:02:42.001,17198,17198,17198,2,0
2024-01-17 15:02:42.001,17198,17198,17198,2,0
2024-01-17 15:02:46.001,17200,17200,17200,2,2
2024-01-17 15:02:46.001,17199,17199,17199,2,-2
2024-01-17 15:02:47.001,17200,17200,17200,2,2
2024-01-17 15:02:47.001,17200,17200,17200,38,0
2024-01-17 15:02:47.001,17201,17201,17201,18,18
2024-01-17 15:02:47.001,17201,17201,17201,2,0
2024-01-17 15:02:48.001,17201,17201,17201,2,0
2024-01-17 15:02:50.001,17201,17201,17201,2,0
2024-01-17 15:02:50.001,17200,17200,17200,2,-2
2024-01-17 15:02:51.001,17202,17202,17202,2,2
2024-01-17 15:02:52.001,17201,17201,17201,2,-2
2024-01-17 15:02:52.001,17202,17202,17202,6,6
2024-01-17 15:02:53.001,17201,17201,17201,2,-2
2024-01-17 15:02:53.001,17201,17201,17201,2,0
2024-01-17 15:02:53.001,17201,17201,17201,2,0
2024-01-17 15:02:53.001,17200,17200,17200,2,-2
2024-01-17 15:02:53.001,17200,17200,17200,2,0
2024-01-17 15:02:53.001,17200,17200,17200,2,0
2024-01-17 15:02:53.001,17200,17200,17200,2,0
2024-01-17 15:02:53.001,17200,17200,17200,2,0
2024-01-17 15:02:54.001,17202,17202,17202,2,2
2024-01-17 15:02:54.001,17202,17202,17202,2,0
2024-01-17 15:02:54.001,17202,17202,17202,2,0
2024-01-17 15:02:55.001,17202,17202,17202,2,0
2024-01-17 15:02:55.001,17202,17202,17202,2,0
2024-01-17 15:02:55.001,17202,17202,17202,2,0
2024-01-17 15:02:56.001,17202,17202,17202,2,0
2024-01-17 15:02:56.001,17202,17202,17202,2,0
2024-01-17 15:02:56.001,17202,17202,17202,2,0
2024-01-17 15:02:56.001,17202,17202,17202,2,0
2024-01-17 15:02:57.001,17201,17201,17201,2,-2
2024-01-17 15:02:57.001,17201,17201,17201,2,0
2024-01-17 15:02:57.001,17201,17201,17201,2,0
2024-01-17 15:02:57.001,17201,17201,17201,2,0
2024-01-17 15:02:57.001,17201,17201,17201,2,0
2024-01-17 15:02:57.001,17201,17201,17201,2,0
2024-01-17 15:02:57.001,17200,17200,17200,2,-2
2024-01-17 15:02:57.001,17200,17200,17200,2,0
2024-01-17 15:02:57.001,17200,17200,17200,2,0
2024-01-17 15:02:57.001,17200,17200,17200,2,0
2024-01-17 15:02:57.001,17200,17200,17200,2,0
2024-01-17 15:02:57.001,17200,17200,17200,2,0
2024-01-17 15:02:57.001,17200,17200,17200,2,0
2024-01-17 15:02:57.001,17200,17200,17200,2,0
2024-01-17 15:02:57.001,17200,17200,17200,2,0
2024-01-17 15:02:57.001,17200,17200,17200,2,0
2024-01-17 15:02:57.001,17200,17200,17200,2,0
2024-01-17 15:02:57.001,17200,17200,17200,2,0
2024-01-17 15:02:57.001,17199,17199,17199,2,-2
2024-01-17 15:02:57.001,17199,17199,17199,2,0
2024-01-17 15:02:57.001,17199,17199,17199,2,0
2024-01-17 15:02:57.001,17199,17199,17199,2,0
2024-01-17 15:02:57.001,17199,17199,17199,4,0
2024-01-17 15:02:57.001,17199,17199,17199,2,0
2024-01-17 15:02:57.001,17199,17199,17199,2,0
2024-01-17 15:02:57.001,17199,17199,17199,2,0
2024-01-17 15:02:57.001,17199,17199,17199,6,0
2024-01-17 15:03:00.001,17202,17202,17202,2,2
2024-01-17 15:03:01.001,17200,17200,17200,2,-2
2024-01-17 15:03:01.001,17200,17200,17200,4,0
2024-01-17 15:03:01.001,17200,17200,17200,2,0
2024-01-17 15:03:01.001,17200,17200,17200,2,0
2024-01-17 15:03:03.001,17198,17198,17198,2,-2
2024-01-17 15:03:03.001,17200,17200,17200,2,2
2024-01-17 15:03:04.001,17200,17200,17200,6,0
2024-01-17 15:03:05.001,17199,17199,17199,2,-2
2024-01-17 15:03:06.001,17198,17198,17198,2,-2
2024-01-17 15:03:06.001,17199,17199,17199,2,2
2024-01-17 15:03:06.001,17199,17199,17199,6,0
2024-01-17 15:03:06.001,17200,17200,17200,2,2
2024-01-17 15:03:09.001,17199,17199,17199,2,-2
2024-01-17 15:03:09.001,17198,17198,17198,4,-4
2024-01-17 15:03:09.001,17200,17200,17200,2,2
2024-01-17 15:03:10.001,17198,17198,17198,2,-2
2024-01-17 15:03:10.001,17199,17199,17199,2,2
2024-01-17 15:03:11.001,17198,17198,17198,2,-2
2024-01-17 15:03:12.001,17199,17199,17199,4,4
2024-01-17 15:03:14.001,17200,17200,17200,2,2
2024-01-17 15:03:14.001,17198,17198,17198,2,-2
2024-01-17 15:03:15.001,17199,17199,17199,2,2
2024-01-17 15:03:16.001,17199,17199,17199,2,0
2024-01-17 15:03:16.001,17200,17200,17200,32,32
2024-01-17 15:03:17.001,17200,17200,17200,2,0
2024-01-17 15:03:18.001,17201,17201,17201,2,2
2024-01-17 15:03:19.001,17200,17200,17200,2,-2
2024-01-17 15:03:22.001,17200,17200,17200,2,0
2024-01-17 15:03:23.001,17200,17200,17200,2,0
2024-01-17 15:03:23.001,17200,17200,17200,2,0
2024-01-17 15:03:24.001,17200,17200,17200,2,0
2024-01-17 15:03:25.001,17200,17200,17200,2,0
2024-01-17 15:03:25.001,17200,17200,17200,2,0
2024-01-17 15:03:25.001,17200,17200,17200,2,0
2024-01-17 15:03:25.001,17200,17200,17200,2,0
2024-01-17 15:03:25.001,17200,17200,17200,2,0
2024-01-17 15:03:26.001,17199,17199,17199,2,-2
2024-01-17 15:03:26.001,17201,17201,17201,2,2
2024-01-17 15:03:26.001,17201,17201,17201,2,0
2024-01-17 15:03:26.001,17200,17200,17200,2,-2
2024-01-17 15:03:27.001,17200,17200,17200,2,0
2024-01-17 15:03:27.001,17200,17200,17200,2,0
2024-01-17 15:03:29.001,17200,17200,17200,2,0
2024-01-17 15:03:30.001,17202,17202,17202,2,2
2024-01-17 15:03:31.001,17201,17201,17201,4,-4
2024-01-17 15:03:31.001,17201,17201,17201,2,0
2024-01-17 15:03:32.001,17200,17200,17200,2,-2
2024-01-17 15:03:32.001,17200,17200,17200,2,0
2024-01-17 15:03:32.001,17199,17199,17199,2,-2
2024-01-17 15:03:32.001,17199,17199,17199,2,0
2024-01-17 15:03:33.001,17201,17201,17201,2,2
2024-01-17 15:03:35.001,17200,17200,17200,2,-2
2024-01-17 15:03:35.001,17200,17200,17200,2,0
2024-01-17 15:03:35.001,17200,17200,17200,2,0
2024-01-17 15:03:36.001,17200,17200,17200,2,0
2024-01-17 15:03:36.001,17200,17200,17200,4,0
2024-01-17 15:03:36.001,17200,17200,17200,2,0
2024-01-17 15:03:37.001,17200,17200,17200,2,0
2024-01-17 15:03:37.001,17200,17200,17200,2,0
2024-01-17 15:03:37.001,17200,17200,17200,2,0
2024-01-17 15:03:37.001,17200,17200,17200,2,0
2024-01-17 15:03:37.001,17200,17200,17200,2,0
2024-01-17 15:03:37.001,17199,17199,17199,2,-2
2024-01-17 15:03:37.001,17199,17199,17199,2,0
2024-01-17 15:03:38.001,17201,17201,17201,2,2
2024-01-17 15:03:38.001,17200,17200,17200,2,-2
2024-01-17 15:03:38.001,17200,17200,17200,2,0
2024-01-17 15:03:38.001,17200,17200,17200,2,0
2024-01-17 15:03:39.001,17200,17200,17200,2,0
2024-01-17 15:03:39.001,17199,17199,17199,2,-2
2024-01-17 15:03:39.001,17199,17199,17199,2,0
2024-01-17 15:03:39.001,17201,17201,17201,2,2
2024-01-17 15:03:40.001,17200,17200,17200,2,-2
2024-01-17 15:03:44.001,17200,17200,17200,2,0
2024-01-17 15:03:44.001,17200,17200,17200,2,0
2024-01-17 15:03:44.001,17200,17200,17200,2,0
2024-01-17 15:03:44.001,17200,17200,17200,2,0
2024-01-17 15:03:44.001,17200,17200,17200,2,0
2024-01-17 15:03:44.001,17199,17199,17199,2,-2
2024-01-17 15:03:45.001,17201,17201,17201,2,2
2024-01-17 15:03:47.001,17201,17201,17201,4,0
2024-01-17 15:03:49.001,17202,17202,17202,6,6
2024-01-17 15:03:49.001,17202,17202,17202,30,0
2024-01-17 15:03:49.001,17203,17203,17203,2,2
2024-01-17 15:03:49.001,17203,17203,17203,2,0
2024-01-17 15:03:49.001,17202,17202,17202,2,-2
2024-01-17 15:03:50.001,17203,17203,17203,4,4
2024-01-17 15:03:50.001,17203,17203,17203,6,0
2024-01-17 15:03:50.001,17203,17203,17203,2,0
2024-01-17 15:03:50.001,17203,17203,17203,6,0
2024-01-17 15:03:50.001,17203,17203,17203,2,0
2024-01-17 15:03:50.001,17203,17203,17203,2,0
2024-01-17 15:03:51.001,17203,17203,17203,2,0
2024-01-17 15:03:51.001,17202,17202,17202,2,-2
2024-01-17 15:03:51.001,17204,17204,17204,6,6
2024-01-17 15:03:51.001,17204,17204,17204,2,0
2024-01-17 15:03:52.001,17205,17205,17205,2,2
2024-01-17 15:03:54.001,17203,17203,17203,2,-2
2024-01-17 15:03:54.001,17204,17204,17204,2,2
2024-01-17 15:03:54.001,17204,17204,17204,2,0
2024-01-17 15:03:54.001,17205,17205,17205,2,2
2024-01-17 15:03:57.001,17204,17204,17204,4,-4
2024-01-17 15:03:57.001,17204,17204,17204,10,0
2024-01-17 15:03:58.001,17204,17204,17204,2,0
2024-01-17 15:03:59.001,17204,17204,17204,2,0
2024-01-17 15:04:00.001,17205,17205,17205,22,22
2024-01-17 15:04:01.001,17205,17205,17205,2,0
2024-01-17 15:04:01.001,17205,17205,17205,8,0
2024-01-17 15:04:02.001,17205,17205,17205,2,0
2024-01-17 15:04:03.001,17204,17204,17204,2,-2
2024-01-17 15:04:03.001,17203,17203,17203,2,-2
2024-01-17 15:04:05.001,17204,17204,17204,2,2
2024-01-17 15:04:05.001,17204,17204,17204,2,0
2024-01-17 15:04:05.001,17204,17204,17204,4,0
2024-01-17 15:04:09.001,17203,17203,17203,2,-2
2024-01-17 15:04:09.001,17203,17203,17203,2,0
2024-01-17 15:04:09.001,17203,17203,17203,8,0
2024-01-17 15:04:09.001,17203,17203,17203,2,0
2024-01-17 15:04:09.001,17203,17203,17203,2,0
2024-01-17 15:04:10.001,17203,17203,17203,8,0
2024-01-17 15:04:13.001,17202,17202,17202,2,-2
2024-01-17 15:04:13.001,17204,17204,17204,2,2
2024-01-17 15:04:13.001,17202,17202,17202,2,-2
2024-01-17 15:04:13.001,17202,17202,17202,2,0
2024-01-17 15:04:15.001,17202,17202,17202,2,0
2024-01-17 15:04:17.001,17202,17202,17202,2,0
2024-01-17 15:04:17.001,17201,17201,17201,2,-2
2024-01-17 15:04:17.001,17202,17202,17202,6,6
2024-01-17 15:04:17.001,17203,17203,17203,4,4
2024-01-17 15:04:18.001,17201,17201,17201,2,-2
2024-01-17 15:04:18.001,17201,17201,17201,2,0
2024-01-17 15:04:18.001,17201,17201,17201,2,0
2024-01-17 15:04:19.001,17200,17200,17200,2,-2
2024-01-17 15:04:20.001,17200,17200,17200,2,0
2024-01-17 15:04:20.001,17200,17200,17200,6,0
2024-01-17 15:04:20.001,17200,17200,17200,2,0
2024-01-17 15:04:22.001,17200,17200,17200,2,0
2024-01-17 15:04:22.001,17200,17200,17200,2,0
2024-01-17 15:04:23.001,17200,17200,17200,2,0
2024-01-17 15:04:25.001,17199,17199,17199,2,-2
2024-01-17 15:04:25.001,17199,17199,17199,2,0
2024-01-17 15:04:25.001,17199,17199,17199,2,0
2024-01-17 15:04:27.001,17199,17199,17199,2,0
2024-01-17 15:04:27.001,17199,17199,17199,2,0
2024-01-17 15:04:27.001,17199,17199,17199,2,0
2024-01-17 15:04:27.001,17199,17199,17199,2,0
2024-01-17 15:04:27.001,17199,17199,17199,2,0
2024-01-17 15:04:27.001,17199,17199,17199,2,0
2024-01-17 15:04:27.001,17199,17199,17199,2,0
2024-01-17 15:04:29.001,17199,17199,17199,2,0
2024-01-17 15:04:31.001,17199,17199,17199,2,0
2024-01-17 15:04:36.001,17199,17199,17199,2,0
2024-01-17 15:04:36.001,17198,17198,17198,2,-2
2024-01-17 15:04:36.001,17198,17198,17198,2,0
2024-01-17 15:04:36.001,17198,17198,17198,2,0
2024-01-17 15:04:36.001,17198,17198,17198,2,0
2024-01-17 15:04:36.001,17198,17198,17198,6,0
2024-01-17 15:04:36.001,17198,17198,17198,2,0
2024-01-17 15:04:36.001,17198,17198,17198,2,0
2024-01-17 15:04:36.001,17198,17198,17198,2,0
2024-01-17 15:04:36.001,17199,17199,17199,6,6
2024-01-17 15:04:37.001,17199,17199,17199,2,0
2024-01-17 15:04:38.001,17199,17199,17199,6,0
2024-01-17 15:04:39.001,17199,17199,17199,2,0
2024-01-17 15:04:39.001,17198,17198,17198,2,-2
2024-01-17 15:04:39.001,17198,17198,17198,4,0
2024-01-17 15:04:39.001,17200,17200,17200,2,2
2024-01-17 15:04:40.001,17198,17198,17198,2,-2
2024-01-17 15:04:40.001,17198,17198,17198,2,0
2024-01-17 15:04:40.001,17198,17198,17198,2,0
2024-01-17 15:04:42.001,17198,17198,17198,2,0
2024-01-17 15:04:42.001,17198,17198,17198,6,0
2024-01-17 15:04:42.001,17198,17198,17198,2,0
2024-01-17 15:04:42.001,17197,17197,17197,2,-2
2024-01-17 15:04:42.001,17199,17199,17199,6,6
2024-01-17 15:04:42.001,17198,17198,17198,2,-2
2024-01-17 15:04:43.001,17198,17198,17198,2,0
2024-01-17 15:04:44.001,17198,17198,17198,2,0
2024-01-17 15:04:44.001,17199,17199,17199,2,2
2024-01-17 15:04:44.001,17200,17200,17200,2,2
2024-01-17 15:04:44.001,17198,17198,17198,2,-2
2024-01-17 15:04:46.001,17198,17198,17198,2,0
2024-01-17 15:04:46.001,17198,17198,17198,2,0
2024-01-17 15:04:46.001,17198,17198,17198,10,0
2024-01-17 15:04:46.001,17198,17198,17198,2,0
2024-01-17 15:04:46.001,17197,17197,17197,4,-4
2024-01-17 15:04:46.001,17197,17197,17197,2,0
2024-01-17 15:04:47.001,17197,17197,17197,2,0
2024-01-17 15:04:47.001,17197,17197,17197,2,0
2024-01-17 15:04:47.001,17198,17198,17198,2,2
2024-01-17 15:04:52.001,17198,17198,17198,2,0
2024-01-17 15:04:52.001,17198,17198,17198,2,0
2024-01-17 15:04:52.001,17198,17198,17198,2,0
2024-01-17 15:04:52.001,17199,17199,17199,4,4
2024-01-17 15:04:52.001,17198,17198,17198,2,-2
2024-01-17 15:04:52.001,17197,17197,17197,2,-2
2024-01-17 15:04:52.001,17197,17197,17197,2,0
2024-01-17 15:04:52.001,17197,17197,17197,4,0
2024-01-17 15:04:53.001,17199,17199,17199,4,4
2024-01-17 15:04:54.001,17198,17198,17198,4,-4
2024-01-17 15:04:54.001,17198,17198,17198,2,0
2024-01-17 15:04:54.001,17198,17198,17198,6,0
2024-01-17 15:04:56.001,17198,17198,17198,2,0
2024-01-17 15:04:57.001,17198,17198,17198,2,0
2024-01-17 15:04:59.001,17199,17199,17199,2,2
2024-01-17 15:05:00.001,17199,17199,17199,2,0
2024-01-17 15:05:00.001,17200,17200,17200,8,8
2024-01-17 15:05:00.001,17200,17200,17200,2,0
2024-01-17 15:05:01.001,17200,17200,17200,2,0
2024-01-17 15:05:01.001,17200,17200,17200,2,0
2024-01-17 15:05:02.001,17200,17200,17200,2,0
2024-01-17 15:05:02.001,17200,17200,17200,2,0
2024-01-17 15:05:02.001,17200,17200,17200,6,0
2024-01-17 15:05:03.001,17199,17199,17199,2,-2
2024-01-17 15:05:03.001,17199,17199,17199,2,0
2024-01-17 15:05:04.001,17198,17198,17198,2,-2
2024-01-17 15:05:05.001,17199,17199,17199,10,10
2024-01-17 15:05:09.001,17199,17199,17199,2,0
2024-01-17 15:05:09.001,17199,17199,17199,2,0
2024-01-17 15:05:10.001,17198,17198,17198,2,-2
2024-01-17 15:05:11.001,17199,17199,17199,2,2
2024-01-17 15:05:11.001,17198,17198,17198,2,-2
2024-01-17 15:05:11.001,17198,17198,17198,2,0
2024-01-17 15:05:11.001,17198,17198,17198,2,0
2024-01-17 15:05:11.001,17198,17198,17198,2,0
2024-01-17 15:05:11.001,17198,17198,17198,2,0
2024-01-17 15:05:11.001,17198,17198,17198,2,0
2024-01-17 15:05:11.001,17198,17198,17198,2,0
2024-01-17 15:05:11.001,17198,17198,17198,2,0
2024-01-17 15:05:11.001,17198,17198,17198,2,0
2024-01-17 15:05:11.001,17198,17198,17198,2,0
2024-01-17 15:05:11.001,17198,17198,17198,6,0
2024-01-17 15:05:12.001,17198,17198,17198,2,0
2024-01-17 15:05:13.001,17199,17199,17199,2,2
2024-01-17 15:05:13.001,17198,17198,17198,2,-2
2024-01-17 15:05:14.001,17198,17198,17198,2,0
2024-01-17 15:05:15.001,17197,17197,17197,2,-2
2024-01-17 15:05:15.001,17198,17198,17198,2,2
2024-01-17 15:05:16.001,17198,17198,17198,10,0
2024-01-17 15:05:16.001,17198,17198,17198,8,0
2024-01-17 15:05:16.001,17198,17198,17198,2,0
2024-01-17 15:05:18.001,17197,17197,17197,2,-2
2024-01-17 15:05:20.001,17198,17198,17198,2,2
2024-01-17 15:05:20.001,17197,17197,17197,4,-4
2024-01-17 15:05:21.001,17199,17199,17199,2,2
2024-01-17 15:05:24.001,17198,17198,17198,4,-4
2024-01-17 15:05:24.001,17198,17198,17198,2,0
2024-01-17 15:05:25.001,17198,17198,17198,12,0
2024-01-17 15:05:25.001,17198,17198,17198,6,0
2024-01-17 15:05:28.001,17198,17198,17198,2,0
2024-01-17 15:05:29.001,17198,17198,17198,2,0
2024-01-17 15:05:30.001,17198,17198,17198,2,0
2024-01-17 15:05:30.001,17198,17198,17198,2,0
2024-01-17 15:05:31.001,17199,17199,17199,2,2
2024-01-17 15:05:31.001,17198,17198,17198,2,-2
2024-01-17 15:05:32.001,17199,17199,17199,2,2
2024-01-17 15:05:34.001,17198,17198,17198,2,-2
2024-01-17 15:05:39.001,17199,17199,17199,2,2
2024-01-17 15:05:39.001,17199,17199,17199,2,0
2024-01-17 15:05:39.001,17199,17199,17199,26,0
2024-01-17 15:05:40.001,17200,17200,17200,6,6
2024-01-17 15:05:40.001,17200,17200,17200,4,0
2024-01-17 15:05:40.001,17200,17200,17200,4,0
2024-01-17 15:05:40.001,17200,17200,17200,36,0
2024-01-17 15:05:40.001,17201,17201,17201,2,2
2024-01-17 15:05:40.001,17201,17201,17201,8,0
2024-01-17 15:05:40.001,17202,17202,17202,4,4
2024-01-17 15:05:40.001,17202,17202,17202,2,0
2024-01-17 15:05:40.001,17201,17201,17201,2,-2
2024-01-17 15:05:40.001,17201,17201,17201,2,0
2024-01-17 15:05:40.001,17201,17201,17201,2,0
2024-01-17 15:05:40.001,17203,17203,17203,2,2
2024-01-17 15:05:42.001,17200,17200,17200,2,-2
2024-01-17 15:05:43.001,17200,17200,17200,2,0
2024-01-17 15:05:46.001,17199,17199,17199,2,-2
2024-01-17 15:05:46.001,17199,17199,17199,2,0
2024-01-17 15:05:47.001,17199,17199,17199,2,0
2024-01-17 15:05:48.001,17200,17200,17200,2,2
2024-01-17 15:05:51.001,17200,17200,17200,10,0
2024-01-17 15:05:53.001,17198,17198,17198,2,-2
2024-01-17 15:05:53.001,17198,17198,17198,2,0
2024-01-17 15:05:53.001,17198,17198,17198,2,0
2024-01-17 15:05:54.001,17198,17198,17198,2,0
2024-01-17 15:05:54.001,17198,17198,17198,2,0
2024-01-17 15:05:54.001,17198,17198,17198,2,0
2024-01-17 15:05:54.001,17198,17198,17198,2,0
2024-01-17 15:05:54.001,17198,17198,17198,2,0
2024-01-17 15:05:54.001,17198,17198,17198,2,0
2024-01-17 15:05:54.001,17198,17198,17198,2,0
2024-01-17 15:05:54.001,17197,17197,17197,2,-2
2024-01-17 15:05:56.001,17197,17197,17197,2,0
2024-01-17 15:05:56.001,17198,17198,17198,8,8
2024-01-17 15:05:56.001,17198,17198,17198,2,0
2024-01-17 15:06:00.001,17198,17198,17198,2,0
2024-01-17 15:06:01.001,17197,17197,17197,2,-2
2024-01-17 15:06:01.001,17197,17197,17197,2,0
2024-01-17 15:06:01.001,17197,17197,17197,2,0
2024-01-17 15:06:01.001,17197,17197,17197,2,0
2024-01-17 15:06:01.001,17197,17197,17197,2,0
2024-01-17 15:06:01.001,17197,17197,17197,2,0
2024-01-17 15:06:01.001,17197,17197,17197,2,0
2024-01-17 15:06:01.001,17197,17197,17197,6,0
2024-01-17 15:06:01.001,17197,17197,17197,2,0
2024-01-17 15:06:01.001,17197,17197,17197,2,0
2024-01-17 15:06:01.001,17197,17197,17197,4,0
2024-01-17 15:06:01.001,17197,17197,17197,2,0
2024-01-17 15:06:01.001,17197,17197,17197,2,0
2024-01-17 15:06:01.001,17197,17197,17197,2,0
2024-01-17 15:06:01.001,17197,17197,17197,2,0
2024-01-17 15:06:01.001,17197,17197,17197,2,0
2024-01-17 15:06:01.001,17197,17197,17197,2,0
2024-01-17 15:06:01.001,17197,17197,17197,2,0
2024-01-17 15:06:02.001,17197,17197,17197,4,0
2024-01-17 15:06:02.001,17197,17197,17197,2,0
2024-01-17 15:06:03.001,17196,17196,17196,4,-4
2024-01-17 15:06:03.001,17196,17196,17196,2,0
2024-01-17 15:06:04.001,17197,17197,17197,2,2
2024-01-17 15:06:04.001,17196,17196,17196,2,-2
2024-01-17 15:06:04.001,17196,17196,17196,2,0
2024-01-17 15:06:04.001,17196,17196,17196,2,0
2024-01-17 15:06:05.001,17196,17196,17196,2,0
2024-01-17 15:06:06.001,17196,17196,17196,2,0
2024-01-17 15:06:07.001,17196,17196,17196,8,0
2024-01-17 15:06:07.001,17197,17197,17197,2,2
2024-01-17 15:06:07.001,17196,17196,17196,2,-2
2024-01-17 15:06:07.001,17197,17197,17197,2,2
2024-01-17 15:06:10.001,17197,17197,17197,2,0
2024-01-17 15:06:13.001,17196,17196,17196,4,-4
2024-01-17 15:06:13.001,17196,17196,17196,2,0
2024-01-17 15:06:15.001,17196,17196,17196,2,0
2024-01-17 15:06:15.001,17196,17196,17196,2,0
2024-01-17 15:06:15.001,17196,17196,17196,2,0
2024-01-17 15:06:15.001,17196,17196,17196,2,0
2024-01-17 15:06:15.001,17196,17196,17196,8,0
2024-01-17 15:06:15.001,17197,17197,17197,28,28
2024-01-17 15:06:16.001,17197,17197,17197,2,0
2024-01-17 15:06:22.001,17197,17197,17197,6,0
2024-01-17 15:06:23.001,17198,17198,17198,6,6
2024-01-17 15:06:23.001,17198,17198,17198,4,0
2024-01-17 15:06:23.001,17198,17198,17198,2,0
2024-01-17 15:06:24.001,17198,17198,17198,2,0
2024-01-17 15:06:24.001,17198,17198,17198,2,0
2024-01-17 15:06:26.001,17199,17199,17199,2,2
2024-01-17 15:06:27.001,17199,17199,17199,2,0
2024-01-17 15:06:28.001,17199,17199,17199,2,0
2024-01-17 15:06:30.001,17199,17199,17199,2,0
2024-01-17 15:06:30.001,17199,17199,17199,2,0
2024-01-17 15:06:31.001,17200,17200,17200,2,2
2024-01-17 15:06:32.001,17199,17199,17199,2,-2
2024-01-17 15:06:32.001,17199,17199,17199,2,0
2024-01-17 15:06:34.001,17199,17199,17199,2,0
2024-01-17 15:06:34.001,17199,17199,17199,2,0
2024-01-17 15:06:35.001,17199,17199,17199,2,0
2024-01-17 15:06:35.001,17199,17199,17199,2,0
2024-01-17 15:06:37.001,17199,17199,17199,4,0
2024-01-17 15:06:37.001,17199,17199,17199,2,0
2024-01-17 15:06:38.001,17199,17199,17199,2,0
2024-01-17 15:06:38.001,17199,17199,17199,2,0
2024-01-17 15:06:39.001,17199,17199,17199,2,0
2024-01-17 15:06:40.001,17199,17199,17199,2,0
2024-01-17 15:06:44.001,17199,17199,17199,4,0
2024-01-17 15:06:44.001,17199,17199,17199,2,0
2024-01-17 15:06:45.001,17199,17199,17199,2,0
2024-01-17 15:06:46.001,17198,17198,17198,2,-2
2024-01-17 15:06:46.001,17198,17198,17198,6,0
2024-01-17 15:06:46.001,17198,17198,17198,2,0
2024-01-17 15:06:47.001,17199,17199,17199,2,2
2024-01-17 15:06:47.001,17198,17198,17198,2,-2
2024-01-17 15:06:47.001,17198,17198,17198,2,0
2024-01-17 15:06:47.001,17198,17198,17198,8,0
2024-01-17 15:06:48.001,17199,17199,17199,2,2
2024-01-17 15:06:48.001,17199,17199,17199,4,0
2024-01-17 15:06:48.001,17198,17198,17198,2,-2
2024-01-17 15:06:52.001,17199,17199,17199,2,2
2024-01-17 15:06:52.001,17199,17199,17199,4,0
2024-01-17 15:06:53.001,17200,17200,17200,2,2
2024-01-17 15:06:59.001,17199,17199,17199,2,-2
2024-01-17 15:07:00.001,17200,17200,17200,46,46
2024-01-17 15:07:00.001,17201,17201,17201,12,12
2024-01-17 15:07:00.001,17200,17200,17200,4,-4
2024-01-17 15:07:00.001,17200,17200,17200,2,0
2024-01-17 15:07:00.001,17200,17200,17200,2,0
2024-01-17 15:07:00.001,17200,17200,17200,2,0
2024-01-17 15:07:00.001,17200,17200,17200,2,0
2024-01-17 15:07:00.001,17200,17200,17200,2,0
2024-01-17 15:07:00.001,17199,17199,17199,2,-2
2024-01-17 15:07:01.001,17199,17199,17199,2,0
2024-01-17 15:07:01.001,17199,17199,17199,2,0
2024-01-17 15:07:04.001,17199,17199,17199,4,0
2024-01-17 15:07:04.001,17200,17200,17200,42,42
2024-01-17 15:07:04.001,17200,17200,17200,2,0
2024-01-17 15:07:05.001,17200,17200,17200,2,0
2024-01-17 15:07:05.001,17200,17200,17200,6,0
2024-01-17 15:07:06.001,17201,17201,17201,2,2
2024-01-17 15:07:07.001,17199,17199,17199,4,-4
2024-01-17 15:07:07.001,17201,17201,17201,2,2
2024-01-17 15:07:08.001,17199,17199,17199,2,-2
2024-01-17 15:07:09.001,17200,17200,17200,2,2
2024-01-17 15:07:11.001,17199,17199,17199,2,-2
2024-01-17 15:07:11.001,17199,17199,17199,2,0
2024-01-17 15:07:13.001,17200,17200,17200,2,2
2024-01-17 15:07:15.001,17198,17198,17198,2,-2
2024-01-17 15:07:15.001,17200,17200,17200,2,2
2024-01-17 15:07:15.001,17198,17198,17198,6,-6
2024-01-17 15:07:15.001,17198,17198,17198,4,0
2024-01-17 15:07:18.001,17199,17199,17199,2,2
2024-01-17 15:07:19.001,17200,17200,17200,22,22
2024-01-17 15:07:19.001,17200,17200,17200,2,0
2024-01-17 15:07:22.001,17201,17201,17201,6,6
2024-01-17 15:07:22.001,17201,17201,17201,2,0
2024-01-17 15:07:22.001,17201,17201,17201,2,0
2024-01-17 15:07:22.001,17202,17202,17202,6,6
2024-01-17 15:07:23.001,17202,17202,17202,2,0
2024-01-17 15:07:23.001,17203,17203,17203,10,10
2024-01-17 15:07:23.001,17203,17203,17203,4,0
2024-01-17 15:07:24.001,17203,17203,17203,2,0
2024-01-17 15:07:27.001,17202,17202,17202,2,-2
2024-01-17 15:07:27.001,17202,17202,17202,4,0
2024-01-17 15:07:27.001,17202,17202,17202,4,0
2024-01-17 15:07:28.001,17203,17203,17203,10,10
2024-01-17 15:07:28.001,17203,17203,17203,2,0
2024-01-17 15:07:28.001,17203,17203,17203,2,0
2024-01-17 15:07:29.001,17202,17202,17202,2,-2
2024-01-17 15:07:29.001,17202,17202,17202,2,0
2024-01-17 15:07:30.001,17202,17202,17202,4,0
2024-01-17 15:07:35.001,17202,17202,17202,2,0
2024-01-17 15:07:36.001,17202,17202,17202,10,0
2024-01-17 15:07:36.001,17202,17202,17202,2,0
2024-01-17 15:07:37.001,17201,17201,17201,2,-2
2024-01-17 15:07:37.001,17202,17202,17202,2,2
2024-01-17 15:07:38.001,17201,17201,17201,4,-4
2024-01-17 15:07:39.001,17201,17201,17201,2,0
2024-01-17 15:07:39.001,17201,17201,17201,2,0
2024-01-17 15:07:39.001,17201,17201,17201,2,0
2024-01-17 15:07:39.001,17200,17200,17200,2,-2
2024-01-17 15:07:40.001,17200,17200,17200,2,0
2024-01-17 15:07:42.001,17200,17200,17200,2,0
2024-01-17 15:07:48.001,17201,17201,17201,2,2
2024-01-17 15:07:48.001,17201,17201,17201,2,0
2024-01-17 15:07:48.001,17201,17201,17201,2,0
2024-01-17 15:07:49.001,17202,17202,17202,2,2
2024-01-17 15:07:50.001,17201,17201,17201,2,-2
2024-01-17 15:07:50.001,17201,17201,17201,2,0
2024-01-17 15:07:50.001,17201,17201,17201,4,0
2024-01-17 15:07:50.001,17201,17201,17201,2,0
2024-01-17 15:07:50.001,17201,17201,17201,2,0
2024-01-17 15:07:50.001,17200,17200,17200,2,-2
2024-01-17 15:08:00.001,17201,17201,17201,2,2
2024-01-17 15:08:00.001,17201,17201,17201,2,0
2024-01-17 15:08:00.001,17202,17202,17202,28,28
2024-01-17 15:08:00.001,17203,17203,17203,16,16
2024-01-17 15:08:03.001,17203,17203,17203,4,0
2024-01-17 15:08:07.001,17203,17203,17203,2,0
2024-01-17 15:08:07.001,17203,17203,17203,4,0
2024-01-17 15:08:09.001,17203,17203,17203,2,0
2024-01-17 15:08:10.001,17203,17203,17203,2,0
2024-01-17 15:08:10.001,17203,17203,17203,2,0
2024-01-17 15:08:13.001,17202,17202,17202,4,-4
2024-01-17 15:08:13.001,17202,17202,17202,2,0
2024-01-17 15:08:13.001,17202,17202,17202,2,0
2024-01-17 15:08:13.001,17202,17202,17202,4,0
2024-01-17 15:08:13.001,17202,17202,17202,4,0
2024-01-17 15:08:13.001,17202,17202,17202,2,0
2024-01-17 15:08:19.001,17203,17203,17203,8,8
2024-01-17 15:08:19.001,17203,17203,17203,2,0
2024-01-17 15:08:19.001,17204,17204,17204,2,2
2024-01-17 15:08:20.001,17203,17203,17203,2,-2
2024-01-17 15:08:22.001,17203,17203,17203,2,0
2024-01-17 15:08:22.001,17202,17202,17202,2,-2
2024-01-17 15:08:22.001,17202,17202,17202,2,0
2024-01-17 15:08:22.001,17202,17202,17202,2,0
2024-01-17 15:08:24.001,17203,17203,17203,4,4
2024-01-17 15:08:24.001,17204,17204,17204,2,2
2024-01-17 15:08:30.001,17204,17204,17204,6,0
2024-01-17 15:08:30.001,17203,17203,17203,2,-2
2024-01-17 15:08:33.001,17203,17203,17203,2,0
2024-01-17 15:08:35.001,17203,17203,17203,2,0
2024-01-17 15:08:35.001,17203,17203,17203,4,0
2024-01-17 15:08:36.001,17204,17204,17204,2,2
2024-01-17 15:08:38.001,17203,17203,17203,2,-2
2024-01-17 15:08:38.001,17203,17203,17203,2,0
2024-01-17 15:08:39.001,17204,17204,17204,42,42
2024-01-17 15:08:39.001,17204,17204,17204,14,0
2024-01-17 15:08:39.001,17205,17205,17205,6,6
2024-01-17 15:08:39.001,17205,17205,17205,4,0
2024-01-17 15:08:39.001,17205,17205,17205,4,0
2024-01-17 15:08:39.001,17205,17205,17205,36,0
2024-01-17 15:08:39.001,17206,17206,17206,4,4
2024-01-17 15:08:39.001,17206,17206,17206,6,0
2024-01-17 15:08:39.001,17206,17206,17206,28,0
2024-01-17 15:08:39.001,17207,17207,17207,24,24
2024-01-17 15:08:40.001,17206,17206,17206,2,-2
2024-01-17 15:08:40.001,17206,17206,17206,4,0
2024-01-17 15:08:40.001,17206,17206,17206,2,0
2024-01-17 15:08:42.001,17206,17206,17206,2,0
2024-01-17 15:08:43.001,17206,17206,17206,2,0
2024-01-17 15:08:43.001,17206,17206,17206,2,0
2024-01-17 15:08:46.001,17207,17207,17207,2,2
2024-01-17 15:08:47.001,17208,17208,17208,4,4
2024-01-17 15:08:47.001,17208,17208,17208,6,0
2024-01-17 15:08:47.001,17208,17208,17208,2,0
2024-01-17 15:08:48.001,17207,17207,17207,4,-4
2024-01-17 15:08:49.001,17207,17207,17207,8,0
2024-01-17 15:08:51.001,17207,17207,17207,2,0
2024-01-17 15:08:51.001,17205,17205,17205,2,-2
2024-01-17 15:08:53.001,17207,17207,17207,2,2
2024-01-17 15:08:54.001,17207,17207,17207,2,0
2024-01-17 15:08:58.001,17206,17206,17206,2,-2
2024-01-17 15:08:58.001,17206,17206,17206,4,0
2024-01-17 15:09:00.001,17206,17206,17206,6,0
2024-01-17 15:09:01.001,17206,17206,17206,2,0
2024-01-17 15:09:01.001,17206,17206,17206,2,0
2024-01-17 15:09:02.001,17205,17205,17205,4,-4
2024-01-17 15:09:02.001,17205,17205,17205,2,0
2024-01-17 15:09:02.001,17206,17206,17206,2,2
2024-01-17 15:09:02.001,17206,17206,17206,14,0
2024-01-17 15:09:05.001,17206,17206,17206,2,0
2024-01-17 15:09:05.001,17205,17205,17205,2,-2
2024-01-17 15:09:06.001,17206,17206,17206,2,2
2024-01-17 15:09:07.001,17205,17205,17205,2,-2
2024-01-17 15:09:08.001,17206,17206,17206,2,2
2024-01-17 15:09:08.001,17206,17206,17206,2,0
2024-01-17 15:09:08.001,17206,17206,17206,2,0
2024-01-17 15:09:09.001,17205,17205,17205,2,-2
2024-01-17 15:09:09.001,17205,17205,17205,2,0
2024-01-17 15:09:09.001,17205,17205,17205,2,0
2024-01-17 15:09:09.001,17205,17205,17205,2,0
2024-01-17 15:09:09.001,17205,17205,17205,2,0
2024-01-17 15:09:09.001,17205,17205,17205,2,0
2024-01-17 15:09:09.001,17205,17205,17205,2,0
2024-01-17 15:09:09.001,17205,17205,17205,2,0
2024-01-17 15:09:09.001,17205,17205,17205,2,0
2024-01-17 15:09:09.001,17205,17205,17205,2,0
2024-01-17 15:09:09.001,17204,17204,17204,2,-2
2024-01-17 15:09:10.001,17204,17204,17204,2,0
2024-01-17 15:09:17.001,17205,17205,17205,8,8
2024-01-17 15:09:19.001,17205,17205,17205,2,0
2024-01-17 15:09:24.001,17204,17204,17204,2,-2
2024-01-17 15:09:27.001,17205,17205,17205,2,2
2024-01-17 15:09:37.001,17205,17205,17205,2,0
2024-01-17 15:09:37.001,17205,17205,17205,8,0
2024-01-17 15:09:37.001,17205,17205,17205,2,0
2024-01-17 15:09:38.001,17205,17205,17205,4,0
2024-01-17 15:09:41.001,17205,17205,17205,2,0
2024-01-17 15:09:41.001,17205,17205,17205,2,0
2024-01-17 15:09:45.001,17206,17206,17206,26,26
2024-01-17 15:09:45.001,17207,17207,17207,26,26
2024-01-17 15:09:45.001,17206,17206,17206,2,-2
2024-01-17 15:09:45.001,17206,17206,17206,2,0
2024-01-17 15:09:45.001,17205,17205,17205,2,-2
2024-01-17 15:09:45.001,17205,17205,17205,2,0
2024-01-17 15:09:45.001,17205,17205,17205,2,0
2024-01-17 15:09:49.001,17206,17206,17206,4,4
2024-01-17 15:09:50.001,17207,17207,17207,24,24
2024-01-17 15:09:58.001,17207,17207,17207,2,0
2024-01-17 15:09:59.001,17207,17207,17207,2,0
2024-01-17 15:10:00.001,17207,17207,17207,4,0
2024-01-17 15:10:00.001,17207,17207,17207,4,0
2024-01-17 15:10:03.001,17207,17207,17207,2,0
2024-01-17 15:10:05.001,17207,17207,17207,2,0
2024-01-17 15:10:06.001,17207,17207,17207,2,0
2024-01-17 15:10:06.001,17207,17207,17207,2,0
2024-01-17 15:10:07.001,17207,17207,17207,2,0
2024-01-17 15:10:08.001,17206,17206,17206,2,-2
2024-01-17 15:10:08.001,17207,17207,17207,8,8
2024-01-17 15:10:09.001,17207,17207,17207,2,0
2024-01-17 15:10:10.001,17207,17207,17207,2,0
2024-01-17 15:10:12.001,17206,17206,17206,2,-2
2024-01-17 15:10:15.001,17206,17206,17206,4,0
2024-01-17 15:10:15.001,17206,17206,17206,2,0
2024-01-17 15:10:15.001,17206,17206,17206,2,0
2024-01-17 15:10:15.001,17206,17206,17206,2,0
2024-01-17 15:10:15.001,17206,17206,17206,2,0
2024-01-17 15:10:15.001,17206,17206,17206,2,0
2024-01-17 15:10:15.001,17206,17206,17206,2,0
2024-01-17 15:10:15.001,17206,17206,17206,2,0
2024-01-17 15:10:15.001,17206,17206,17206,4,0
2024-01-17 15:10:15.001,17206,17206,17206,2,0
2024-01-17 15:10:15.001,17205,17205,17205,2,-2
2024-01-17 15:10:19.001,17206,17206,17206,2,2
2024-01-17 15:10:22.001,17206,17206,17206,2,0
2024-01-17 15:10:22.001,17206,17206,17206,6,0
2024-01-17 15:10:22.001,17205,17205,17205,2,-2
2024-01-17 15:10:24.001,17205,17205,17205,2,0
2024-01-17 15:10:26.001,17206,17206,17206,2,2
2024-01-17 15:10:28.001,17206,17206,17206,4,0
2024-01-17 15:10:28.001,17207,17207,17207,24,24
2024-01-17 15:10:28.001,17207,17207,17207,2,0
2024-01-17 15:10:30.001,17206,17206,17206,4,-4
2024-01-17 15:10:30.001,17206,17206,17206,2,0
2024-01-17 15:10:30.001,17206,17206,17206,2,0
2024-01-17 15:10:30.001,17206,17206,17206,2,0
2024-01-17 15:10:30.001,17206,17206,17206,2,0
2024-01-17 15:10:32.001,17206,17206,17206,2,0
2024-01-17 15:10:33.001,17206,17206,17206,2,0
2024-01-17 15:10:34.001,17206,17206,17206,2,0
2024-01-17 15:10:35.001,17207,17207,17207,2,2
2024-01-17 15:10:35.001,17207,17207,17207,4,0
2024-01-17 15:10:35.001,17208,17208,17208,8,8
2024-01-17 15:10:35.001,17208,17208,17208,4,0
2024-01-17 15:10:40.001,17209,17209,17209,4,4
2024-01-17 15:10:41.001,17208,17208,17208,2,-2
2024-01-17 15:10:41.001,17207,17207,17207,2,-2
2024-01-17 15:10:45.001,17208,17208,17208,2,2
2024-01-17 15:10:45.001,17208,17208,17208,2,0
2024-01-17 15:10:45.001,17208,17208,17208,2,0
2024-01-17 15:10:45.001,17208,17208,17208,2,0
2024-01-17 15:10:46.001,17208,17208,17208,4,0
2024-01-17 15:10:47.001,17207,17207,17207,20,-20
2024-01-17 15:10:47.001,17207,17207,17207,2,0
2024-01-17 15:10:47.001,17207,17207,17207,2,0
2024-01-17 15:10:47.001,17207,17207,17207,2,0
2024-01-17 15:10:49.001,17206,17206,17206,2,-2
2024-01-17 15:10:49.001,17207,17207,17207,2,2
2024-01-17 15:10:49.001,17208,17208,17208,14,14
2024-01-17 15:10:49.001,17207,17207,17207,2,-2
2024-01-17 15:10:50.001,17208,17208,17208,2,2
2024-01-17 15:10:55.001,17208,17208,17208,2,0
2024-01-17 15:10:55.001,17208,17208,17208,2,0
2024-01-17 15:10:55.001,17209,17209,17209,4,4
2024-01-17 15:10:55.001,17210,17210,17210,20,20
2024-01-17 15:10:55.001,17209,17209,17209,2,-2
2024-01-17 15:10:56.001,17210,17210,17210,2,2
2024-01-17 15:10:56.001,17209,17209,17209,2,-2
2024-01-17 15:10:56.001,17210,17210,17210,2,2
2024-01-17 15:10:56.001,17209,17209,17209,2,-2
2024-01-17 15:10:56.001,17210,17210,17210,8,8
2024-01-17 15:10:56.001,17210,17210,17210,2,0
2024-01-17 15:10:56.001,17210,17210,17210,6,0
2024-01-17 15:10:56.001,17210,17210,17210,2,0
2024-01-17 15:10:56.001,17210,17210,17210,2,0
2024-01-17 15:10:56.001,17210,17210,17210,10,0
2024-01-17 15:10:57.001,17211,17211,17211,2,2
2024-01-17 15:10:57.001,17211,17211,17211,2,0
2024-01-17 15:10:57.001,17211,17211,17211,16,0
2024-01-17 15:10:57.001,17211,17211,17211,10,0
2024-01-17 15:10:57.001,17211,17211,17211,8,0
2024-01-17 15:10:57.001,17212,17212,17212,2,2
2024-01-17 15:10:57.001,17212,17212,17212,6,0
2024-01-17 15:10:57.001,17212,17212,17212,4,0
2024-01-17 15:10:57.001,17212,17212,17212,10,0
2024-01-17 15:10:57.001,17212,17212,17212,2,0
2024-01-17 15:10:57.001,17211,17211,17211,2,-2
2024-01-17 15:10:59.001,17211,17211,17211,2,0
2024-01-17 15:11:00.001,17213,17213,17213,2,2
2024-01-17 15:11:00.001,17213,17213,17213,2,0
2024-01-17 15:11:00.001,17213,17213,17213,2,0
2024-01-17 15:11:00.001,17213,17213,17213,2,0
2024-01-17 15:11:00.001,17213,17213,17213,2,0
2024-01-17 15:11:00.001,17213,17213,17213,2,0
2024-01-17 15:11:00.001,17213,17213,17213,2,0
2024-01-17 15:11:00.001,17212,17212,17212,2,-2
2024-01-17 15:11:01.001,17213,17213,17213,2,2
2024-01-17 15:11:01.001,17213,17213,17213,22,0
2024-01-17 15:11:01.001,17214,17214,17214,2,2
2024-01-17 15:11:01.001,17214,17214,17214,2,0
2024-01-17 15:11:01.001,17214,17214,17214,2,0
2024-01-17 15:11:01.001,17214,17214,17214,2,0
2024-01-17 15:11:01.001,17215,17215,17215,2,2
2024-01-17 15:11:01.001,17213,17213,17213,2,-2
2024-01-17 15:11:02.001,17215,17215,17215,2,2
2024-01-17 15:11:02.001,17215,17215,17215,2,0
2024-01-17 15:11:02.001,17215,17215,17215,2,0
2024-01-17 15:11:02.001,17215,17215,17215,2,0
2024-01-17 15:11:03.001,17213,17213,17213,2,-2
2024-01-17 15:11:04.001,17213,17213,17213,2,0
2024-01-17 15:11:06.001,17214,17214,17214,8,8
2024-01-17 15:11:07.001,17214,17214,17214,2,0
2024-01-17 15:11:08.001,17213,17213,17213,2,-2
2024-01-17 15:11:08.001,17213,17213,17213,2,0
2024-01-17 15:11:09.001,17214,17214,17214,2,2
2024-01-17 15:11:10.001,17213,17213,17213,2,-2
2024-01-17 15:11:10.001,17213,17213,17213,2,0
2024-01-17 15:11:11.001,17212,17212,17212,4,-4
2024-01-17 15:11:11.001,17212,17212,17212,2,0
2024-01-17 15:11:11.001,17212,17212,17212,2,0
2024-01-17 15:11:13.001,17212,17212,17212,2,0
2024-01-17 15:11:15.001,17212,17212,17212,2,0
2024-01-17 15:11:16.001,17212,17212,17212,2,0
2024-01-17 15:11:17.001,17212,17212,17212,4,0
2024-01-17 15:11:20.001,17211,17211,17211,2,-2
2024-01-17 15:11:20.001,17211,17211,17211,2,0
2024-01-17 15:11:20.001,17211,17211,17211,2,0
2024-01-17 15:11:20.001,17210,17210,17210,4,-4
2024-01-17 15:11:21.001,17210,17210,17210,2,0
2024-01-17 15:11:25.001,17208,17208,17208,2,-2
2024-01-17 15:11:28.001,17209,17209,17209,2,2
2024-01-17 15:11:33.001,17207,17207,17207,2,-2
2024-01-17 15:11:33.001,17207,17207,17207,4,0
2024-01-17 15:11:33.001,17207,17207,17207,4,0
2024-01-17 15:11:33.001,17207,17207,17207,4,0
2024-01-17 15:11:34.001,17207,17207,17207,2,0
2024-01-17 15:11:34.001,17208,17208,17208,4,4
2024-01-17 15:11:36.001,17207,17207,17207,2,-2
2024-01-17 15:11:37.001,17208,17208,17208,2,2
2024-01-17 15:11:38.001,17208,17208,17208,2,0
2024-01-17 15:11:41.001,17208,17208,17208,2,0
2024-01-17 15:11:45.001,17208,17208,17208,4,0
2024-01-17 15:11:45.001,17208,17208,17208,2,0
2024-01-17 15:11:45.001,17208,17208,17208,2,0
2024-01-17 15:11:47.001,17208,17208,17208,2,0
2024-01-17 15:11:47.001,17208,17208,17208,2,0
2024-01-17 15:11:49.001,17208,17208,17208,4,0
2024-01-17 15:11:51.001,17208,17208,17208,2,0
2024-01-17 15:11:52.001,17207,17207,17207,4,-4
2024-01-17 15:11:52.001,17207,17207,17207,2,0
2024-01-17 15:11:52.001,17207,17207,17207,2,0
2024-01-17 15:11:54.001,17207,17207,17207,2,0
2024-01-17 15:11:54.001,17207,17207,17207,2,0
2024-01-17 15:11:54.001,17207,17207,17207,2,0
2024-01-17 15:11:54.001,17207,17207,17207,2,0
2024-01-17 15:11:55.001,17207,17207,17207,2,0
2024-01-17 15:11:57.001,17207,17207,17207,2,0
2024-01-17 15:11:58.001,17206,17206,17206,2,-2
2024-01-17 15:11:58.001,17206,17206,17206,10,0
2024-01-17 15:11:58.001,17206,17206,17206,2,0
2024-01-17 15:11:58.001,17206,17206,17206,2,0
2024-01-17 15:11:58.001,17206,17206,17206,2,0
2024-01-17 15:11:58.001,17206,17206,17206,2,0
2024-01-17 15:11:58.001,17206,17206,17206,2,0
2024-01-17 15:11:58.001,17206,17206,17206,4,0
2024-01-17 15:11:58.001,17205,17205,17205,4,-4
2024-01-17 15:12:02.001,17205,17205,17205,2,0
2024-01-17 15:12:02.001,17205,17205,17205,2,0
2024-01-17 15:12:02.001,17205,17205,17205,2,0
2024-01-17 15:12:02.001,17205,17205,17205,2,0
2024-01-17 15:12:02.001,17205,17205,17205,2,0
2024-01-17 15:12:02.001,17205,17205,17205,4,0
2024-01-17 15:12:02.001,17205,17205,17205,2,0
2024-01-17 15:12:02.001,17205,17205,17205,2,0
2024-01-17 15:12:02.001,17205,17205,17205,4,0
2024-01-17 15:12:02.001,17205,17205,17205,2,0
2024-01-17 15:12:02.001,17205,17205,17205,2,0
2024-01-17 15:12:02.001,17205,17205,17205,2,0
2024-01-17 15:12:02.001,17205,17205,17205,2,0
2024-01-17 15:12:02.001,17205,17205,17205,12,0
2024-01-17 15:12:02.001,17204,17204,17204,2,-2
2024-01-17 15:12:02.001,17205,17205,17205,2,2
2024-01-17 15:12:03.001,17204,17204,17204,2,-2
2024-01-17 15:12:03.001,17204,17204,17204,2,0
2024-01-17 15:12:03.001,17204,17204,17204,2,0
2024-01-17 15:12:03.001,17204,17204,17204,4,0
2024-01-17 15:12:03.001,17204,17204,17204,4,0
2024-01-17 15:12:03.001,17204,17204,17204,4,0
2024-01-17 15:12:03.001,17204,17204,17204,4,0
2024-01-17 15:12:03.001,17203,17203,17203,2,-2
2024-01-17 15:12:04.001,17203,17203,17203,6,0
2024-01-17 15:12:04.001,17203,17203,17203,2,0
2024-01-17 15:12:04.001,17203,17203,17203,2,0
2024-01-17 15:12:04.001,17203,17203,17203,2,0
2024-01-17 15:12:04.001,17203,17203,17203,2,0
2024-01-17 15:12:04.001,17203,17203,17203,2,0
2024-01-17 15:12:06.001,17202,17202,17202,2,-2
2024-01-17 15:12:06.001,17201,17201,17201,2,-2
2024-01-17 15:12:06.001,17201,17201,17201,2,0
2024-01-17 15:12:06.001,17201,17201,17201,2,0
2024-01-17 15:12:07.001,17202,17202,17202,2,2
2024-01-17 15:12:08.001,17201,17201,17201,2,-2
2024-01-17 15:12:09.001,17201,17201,17201,2,0
2024-01-17 15:12:10.001,17202,17202,17202,2,2
2024-01-17 15:12:10.001,17201,17201,17201,2,-2
2024-01-17 15:12:10.001,17202,17202,17202,4,4
2024-01-17 15:12:10.001,17202,17202,17202,4,0
2024-01-17 15:12:10.001,17202,17202,17202,4,0
2024-01-17 15:12:10.001,17202,17202,17202,2,0
2024-01-17 15:12:10.001,17202,17202,17202,2,0
2024-01-17 15:12:10.001,17202,17202,17202,4,0
2024-01-17 15:12:10.001,17202,17202,17202,2,0
2024-01-17 15:12:13.001,17202,17202,17202,2,0
2024-01-17 15:12:13.001,17202,17202,17202,2,0
2024-01-17 15:12:15.001,17202,17202,17202,2,0
2024-01-17 15:12:16.001,17202,17202,17202,2,0
2024-01-17 15:12:16.001,17202,17202,17202,2,0
2024-01-17 15:12:16.001,17202,17202,17202,6,0
2024-01-17 15:12:17.001,17202,17202,17202,2,0
2024-01-17 15:12:17.001,17201,17201,17201,8,-8
2024-01-17 15:12:17.001,17201,17201,17201,2,0
2024-01-17 15:12:17.001,17201,17201,17201,2,0
2024-01-17 15:12:17.001,17201,17201,17201,2,0
2024-01-17 15:12:17.001,17201,17201,17201,10,0
2024-01-17 15:12:18.001,17201,17201,17201,2,0
2024-01-17 15:12:18.001,17201,17201,17201,4,0
2024-01-17 15:12:18.001,17201,17201,17201,16,0
2024-01-17 15:12:19.001,17200,17200,17200,2,-2
2024-01-17 15:12:19.001,17200,17200,17200,4,0
2024-01-17 15:12:19.001,17200,17200,17200,4,0
2024-01-17 15:12:19.001,17200,17200,17200,10,0
2024-01-17 15:12:19.001,17200,17200,17200,2,0
2024-01-17 15:12:19.001,17200,17200,17200,4,0
2024-01-17 15:12:19.001,17200,17200,17200,2,0
2024-01-17 15:12:19.001,17200,17200,17200,2,0
2024-01-17 15:12:19.001,17200,17200,17200,2,0
2024-01-17 15:12:19.001,17200,17200,17200,2,0
2024-01-17 15:12:19.001,17200,17200,17200,2,0
2024-01-17 15:12:19.001,17200,17200,17200,2,0
2024-01-17 15:12:19.001,17200,17200,17200,2,0
2024-01-17 15:12:19.001,17200,17200,17200,2,0
2024-01-17 15:12:19.001,17200,17200,17200,2,0
2024-01-17 15:12:19.001,17200,17200,17200,2,0
2024-01-17 15:12:19.001,17200,17200,17200,2,0
2024-01-17 15:12:19.001,17200,17200,17200,4,0
2024-01-17 15:12:19.001,17200,17200,17200,4,0
2024-01-17 15:12:19.001,17200,17200,17200,4,0
2024-01-17 15:12:19.001,17200,17200,17200,2,0
2024-01-17 15:12:19.001,17200,17200,17200,4,0
2024-01-17 15:12:19.001,17200,17200,17200,2,0
2024-01-17 15:12:19.001,17200,17200,17200,2,0
2024-01-17 15:12:19.001,17200,17200,17200,2,0
2024-01-17 15:12:20.001,17200,17200,17200,2,0
2024-01-17 15:12:20.001,17201,17201,17201,10,10
2024-01-17 15:12:20.001,17200,17200,17200,2,-2
2024-01-17 15:12:22.001,17200,17200,17200,4,0
2024-01-17 15:12:22.001,17200,17200,17200,4,0
2024-01-17 15:12:22.001,17200,17200,17200,4,0
2024-01-17 15:12:22.001,17200,17200,17200,4,0
2024-01-17 15:12:22.001,17200,17200,17200,2,0
2024-01-17 15:12:22.001,17200,17200,17200,2,0
2024-01-17 15:12:23.001,17200,17200,17200,2,0
2024-01-17 15:12:23.001,17200,17200,17200,2,0
2024-01-17 15:12:25.001,17201,17201,17201,2,2
2024-01-17 15:12:25.001,17201,17201,17201,4,0
2024-01-17 15:12:26.001,17200,17200,17200,4,-4
2024-01-17 15:12:28.001,17201,17201,17201,2,2
2024-01-17 15:12:29.001,17202,17202,17202,4,4
2024-01-17 15:12:30.001,17203,17203,17203,2,2
2024-01-17 15:12:30.001,17203,17203,17203,8,0
2024-01-17 15:12:30.001,17203,17203,17203,4,0
2024-01-17 15:12:30.001,17203,17203,17203,4,0
2024-01-17 15:12:30.001,17203,17203,17203,2,0
2024-01-17 15:12:30.001,17202,17202,17202,2,-2
2024-01-17 15:12:39.001,17201,17201,17201,4,-4
2024-01-17 15:12:39.001,17201,17201,17201,2,0
2024-01-17 15:12:40.001,17201,17201,17201,2,0
2024-01-17 15:12:40.001,17202,17202,17202,4,4
2024-01-17 15:12:42.001,17202,17202,17202,2,0
2024-01-17 15:12:42.001,17202,17202,17202,2,0
2024-01-17 15:12:42.001,17203,17203,17203,24,24
2024-01-17 15:12:42.001,17204,17204,17204,2,2
2024-01-17 15:12:44.001,17203,17203,17203,4,-4
2024-01-17 15:12:49.001,17204,17204,17204,2,2
2024-01-17 15:12:49.001,17204,17204,17204,2,0
2024-01-17 15:12:50.001,17204,17204,17204,2,0
2024-01-17 15:12:55.001,17204,17204,17204,2,0
2024-01-17 15:12:56.001,17204,17204,17204,4,0
2024-01-17 15:13:00.001,17205,17205,17205,6,6
2024-01-17 15:13:02.001,17205,17205,17205,10,0
2024-01-17 15:13:03.001,17206,17206,17206,2,2
2024-01-17 15:13:06.001,17206,17206,17206,2,0
2024-01-17 15:13:08.001,17206,17206,17206,2,0
2024-01-17 15:13:08.001,17206,17206,17206,2,0
2024-01-17 15:13:09.001,17207,17207,17207,2,2
2024-01-17 15:13:09.001,17207,17207,17207,6,0
2024-01-17 15:13:09.001,17207,17207,17207,4,0
2024-01-17 15:13:12.001,17207,17207,17207,2,0
2024-01-17 15:13:18.001,17208,17208,17208,2,2
2024-01-17 15:13:20.001,17207,17207,17207,2,-2
2024-01-17 15:13:22.001,17208,17208,17208,22,22
2024-01-17 15:13:26.001,17208,17208,17208,2,0
2024-01-17 15:13:28.001,17209,17209,17209,10,10
2024-01-17 15:13:28.001,17209,17209,17209,2,0
2024-01-17 15:13:28.001,17209,17209,17209,4,0
2024-01-17 15:13:28.001,17209,17209,17209,4,0
2024-01-17 15:13:29.001,17210,17210,17210,8,8
2024-01-17 15:13:29.001,17209,17209,17209,6,-6
2024-01-17 15:13:29.001,17209,17209,17209,4,0
2024-01-17 15:13:29.001,17209,17209,17209,2,0
2024-01-17 15:13:29.001,17209,17209,17209,2,0
2024-01-17 15:13:30.001,17210,17210,17210,88,88
2024-01-17 15:13:30.001,17211,17211,17211,4,4
2024-01-17 15:13:30.001,17211,17211,17211,2,0
2024-01-17 15:13:30.001,17211,17211,17211,2,0
2024-01-17 15:13:31.001,17211,17211,17211,2,0
2024-01-17 15:13:32.001,17211,17211,17211,2,0
2024-01-17 15:13:36.001,17212,17212,17212,2,2
2024-01-17 15:13:36.001,17211,17211,17211,2,-2
2024-01-17 15:13:36.001,17211,17211,17211,2,0
2024-01-17 15:13:36.001,17211,17211,17211,2,0
2024-01-17 15:13:38.001,17212,17212,17212,4,4
2024-01-17 15:13:39.001,17211,17211,17211,4,-4
2024-01-17 15:13:39.001,17211,17211,17211,2,0
2024-01-17 15:13:40.001,17211,17211,17211,2,0
2024-01-17 15:13:40.001,17211,17211,17211,2,0
2024-01-17 15:13:40.001,17211,17211,17211,2,0
2024-01-17 15:13:42.001,17212,17212,17212,4,4
2024-01-17 15:13:42.001,17212,17212,17212,6,0
2024-01-17 15:13:43.001,17212,17212,17212,2,0
2024-01-17 15:13:45.001,17212,17212,17212,2,0
2024-01-17 15:13:48.001,17212,17212,17212,2,0
2024-01-17 15:13:48.001,17212,17212,17212,4,0
2024-01-17 15:13:48.001,17212,17212,17212,2,0
2024-01-17 15:13:49.001,17212,17212,17212,2,0
2024-01-17 15:13:49.001,17212,17212,17212,2,0
2024-01-17 15:13:51.001,17212,17212,17212,2,0
2024-01-17 15:13:51.001,17212,17212,17212,4,0
2024-01-17 15:13:56.001,17213,17213,17213,2,2
2024-01-17 15:13:58.001,17213,17213,17213,2,0
2024-01-17 15:13:58.001,17212,17212,17212,2,-2
2024-01-17 15:13:59.001,17213,17213,17213,2,2
2024-01-17 15:13:59.001,17212,17212,17212,2,-2
2024-01-17 15:13:59.001,17212,17212,17212,4,0
2024-01-17 15:13:59.001,17212,17212,17212,4,0
2024-01-17 15:13:59.001,17212,17212,17212,2,0
2024-01-17 15:13:59.001,17212,17212,17212,2,0
2024-01-17 15:14:00.001,17212,17212,17212,4,0
2024-01-17 15:14:00.001,17212,17212,17212,2,0
2024-01-17 15:14:00.001,17212,17212,17212,2,0
2024-01-17 15:14:01.001,17213,17213,17213,4,4
2024-01-17 15:14:01.001,17213,17213,17213,2,0
2024-01-17 15:14:03.001,17213,17213,17213,2,0
2024-01-17 15:14:04.001,17211,17211,17211,2,-2
2024-01-17 15:14:04.001,17213,17213,17213,2,2
2024-01-17 15:14:06.001,17211,17211,17211,4,-4
2024-01-17 15:14:07.001,17212,17212,17212,4,4
2024-01-17 15:14:08.001,17211,17211,17211,2,-2
2024-01-17 15:14:10.001,17211,17211,17211,4,0
2024-01-17 15:14:11.001,17210,17210,17210,4,-4
2024-01-17 15:14:11.001,17210,17210,17210,2,0
2024-01-17 15:14:11.001,17210,17210,17210,2,0
2024-01-17 15:14:11.001,17210,17210,17210,2,0
2024-01-17 15:14:11.001,17210,17210,17210,2,0
2024-01-17 15:14:11.001,17210,17210,17210,4,0
2024-01-17 15:14:13.001,17209,17209,17209,2,-2
2024-01-17 15:14:14.001,17210,17210,17210,2,2
2024-01-17 15:14:14.001,17209,17209,17209,2,-2
2024-01-17 15:14:14.001,17209,17209,17209,2,0
2024-01-17 15:14:17.001,17209,17209,17209,2,0
2024-01-17 15:14:18.001,17208,17208,17208,2,-2
2024-01-17 15:14:24.001,17209,17209,17209,2,2
2024-01-17 15:14:24.001,17209,17209,17209,8,0
2024-01-17 15:14:25.001,17209,17209,17209,2,0
2024-01-17 15:14:32.001,17209,17209,17209,2,0
2024-01-17 15:14:32.001,17210,17210,17210,2,2
2024-01-17 15:14:33.001,17209,17209,17209,2,-2
2024-01-17 15:14:33.001,17210,17210,17210,2,2
2024-01-17 15:14:38.001,17208,17208,17208,2,-2
2024-01-17 15:14:41.001,17208,17208,17208,2,0
2024-01-17 15:14:41.001,17208,17208,17208,2,0
2024-01-17 15:14:41.001,17208,17208,17208,2,0
2024-01-17 15:14:41.001,17208,17208,17208,2,0
2024-01-17 15:14:41.001,17208,17208,17208,20,0
2024-01-17 15:14:41.001,17208,17208,17208,2,0
2024-01-17 15:14:41.001,17208,17208,17208,2,0
2024-01-17 15:14:41.001,17208,17208,17208,6,0
2024-01-17 15:14:44.001,17208,17208,17208,2,0
2024-01-17 15:14:48.001,17207,17207,17207,2,-2
2024-01-17 15:15:00.001,17207,17207,17207,2,0
2024-01-17 15:15:00.001,17208,17208,17208,2,2
2024-01-17 15:15:00.001,17207,17207,17207,2,-2
2024-01-17 15:15:01.001,17207,17207,17207,12,0
2024-01-17 15:15:01.001,17207,17207,17207,2,0
2024-01-17 15:15:01.001,17207,17207,17207,2,0
2024-01-17 15:15:01.001,17207,17207,17207,2,0
2024-01-17 15:15:01.001,17207,17207,17207,2,0
2024-01-17 15:15:01.001,17207,17207,17207,2,0
2024-01-17 15:15:01.001,17206,17206,17206,2,-2
2024-01-17 15:15:01.001,17206,17206,17206,2,0
2024-01-17 15:15:01.001,17206,17206,17206,4,0
2024-01-17 15:15:03.001,17206,17206,17206,2,0
2024-01-17 15:15:05.001,17208,17208,17208,4,4
2024-01-17 15:15:05.001,17209,17209,17209,2,2
2024-01-17 15:15:05.001,17209,17209,17209,2,0
2024-01-17 15:15:08.001,17208,17208,17208,2,-2
2024-01-17 15:15:08.001,17208,17208,17208,2,0
2024-01-17 15:15:12.001,17209,17209,17209,2,2
2024-01-17 15:15:12.001,17209,17209,17209,2,0
2024-01-17 15:15:28.001,17208,17208,17208,2,-2
2024-01-17 15:15:28.001,17208,17208,17208,4,0
2024-01-17 15:15:28.001,17208,17208,17208,2,0
2024-01-17 15:15:34.001,17208,17208,17208,2,0
2024-01-17 15:15:34.001,17208,17208,17208,4,0
2024-01-17 15:15:34.001,17209,17209,17209,2,2
2024-01-17 15:15:34.001,17209,17209,17209,2,0
2024-01-17 15:15:38.001,17208,17208,17208,2,-2
2024-01-17 15:15:39.001,17208,17208,17208,2,0
2024-01-17 15:15:39.001,17209,17209,17209,2,2
2024-01-17 15:15:47.001,17208,17208,17208,2,-2
2024-01-17 15:15:56.001,17209,17209,17209,2,2
2024-01-17 15:16:01.001,17208,17208,17208,2,-2
2024-01-17 15:16:01.001,17208,17208,17208,2,0
2024-01-17 15:16:01.001,17208,17208,17208,4,0
2024-01-17 15:16:01.001,17208,17208,17208,18,0
2024-01-17 15:16:01.001,17208,17208,17208,14,0
2024-01-17 15:16:01.001,17208,17208,17208,2,0
2024-01-17 15:16:01.001,17208,17208,17208,2,0
2024-01-17 15:16:01.001,17208,17208,17208,2,0
2024-01-17 15:16:01.001,17208,17208,17208,2,0
2024-01-17 15:16:01.001,17208,17208,17208,2,0
2024-01-17 15:16:01.001,17207,17207,17207,2,-2
2024-01-17 15:16:06.001,17207,17207,17207,2,0
2024-01-17 15:16:06.001,17208,17208,17208,4,4
2024-01-17 15:16:06.001,17208,17208,17208,6,0
2024-01-17 15:16:06.001,17207,17207,17207,2,-2
2024-01-17 15:16:07.001,17209,17209,17209,2,2
2024-01-17 15:16:07.001,17207,17207,17207,2,-2
2024-01-17 15:16:07.001,17208,17208,17208,2,2
2024-01-17 15:16:07.001,17207,17207,17207,2,-2
2024-01-17 15:16:07.001,17207,17207,17207,4,0
2024-01-17 15:16:08.001,17209,17209,17209,4,4
2024-01-17 15:16:08.001,17208,17208,17208,4,-4
2024-01-17 15:16:08.001,17208,17208,17208,4,0
2024-01-17 15:16:08.001,17208,17208,17208,2,0
2024-01-17 15:16:09.001,17208,17208,17208,2,0
2024-01-17 15:16:10.001,17209,17209,17209,4,4
2024-01-17 15:16:13.001,17208,17208,17208,2,-2
2024-01-17 15:16:13.001,17208,17208,17208,2,0
2024-01-17 15:16:13.001,17208,17208,17208,2,0
2024-01-17 15:16:17.001,17208,17208,17208,2,0
2024-01-17 15:16:19.001,17208,17208,17208,2,0
2024-01-17 15:16:22.001,17207,17207,17207,4,-4
2024-01-17 15:16:24.001,17208,17208,17208,4,4
2024-01-17 15:16:24.001,17207,17207,17207,2,-2
2024-01-17 15:16:27.001,17207,17207,17207,6,0
2024-01-17 15:16:37.001,17207,17207,17207,2,0
2024-01-17 15:16:37.001,17208,17208,17208,2,2
2024-01-17 15:16:42.001,17208,17208,17208,2,0
2024-01-17 15:16:43.001,17207,17207,17207,2,-2
2024-01-17 15:16:43.001,17207,17207,17207,2,0
2024-01-17 15:16:43.001,17207,17207,17207,2,0
2024-01-17 15:16:44.001,17207,17207,17207,2,0
2024-01-17 15:16:46.001,17208,17208,17208,2,2
2024-01-17 15:16:49.001,17208,17208,17208,2,0
2024-01-17 15:16:49.001,17208,17208,17208,2,0
2024-01-17 15:16:49.001,17209,17209,17209,2,2
2024-01-17 15:16:49.001,17209,17209,17209,2,0
2024-01-17 15:16:56.001,17209,17209,17209,2,0
2024-01-17 15:17:01.001,17208,17208,17208,2,-2
2024-01-17 15:17:04.001,17209,17209,17209,2,2
2024-01-17 15:17:04.001,17209,17209,17209,8,0
2024-01-17 15:17:04.001,17209,17209,17209,2,0
2024-01-17 15:17:08.001,17209,17209,17209,4,0
2024-01-17 15:17:10.001,17209,17209,17209,4,0
2024-01-17 15:17:11.001,17208,17208,17208,2,-2
2024-01-17 15:17:11.001,17208,17208,17208,2,0
2024-01-17 15:17:11.001,17208,17208,17208,2,0
2024-01-17 15:17:17.001,17209,17209,17209,2,2
2024-01-17 15:17:18.001,17207,17207,17207,4,-4
2024-01-17 15:17:18.001,17208,17208,17208,2,2
2024-01-17 15:17:21.001,17207,17207,17207,4,-4
2024-01-17 15:17:21.001,17207,17207,17207,2,0
2024-01-17 15:17:21.001,17207,17207,17207,6,0
2024-01-17 15:17:21.001,17207,17207,17207,2,0
2024-01-17 15:17:21.001,17207,17207,17207,2,0
2024-01-17 15:17:21.001,17207,17207,17207,2,0
2024-01-17 15:17:21.001,17207,17207,17207,2,0
2024-01-17 15:17:21.001,17206,17206,17206,2,-2
2024-01-17 15:17:21.001,17206,17206,17206,2,0
2024-01-17 15:17:26.001,17206,17206,17206,2,0
2024-01-17 15:17:31.001,17205,17205,17205,2,-2
2024-01-17 15:17:31.001,17205,17205,17205,2,0
2024-01-17 15:17:31.001,17205,17205,17205,2,0
2024-01-17 15:17:31.001,17205,17205,17205,2,0
2024-01-17 15:17:31.001,17205,17205,17205,6,0
2024-01-17 15:17:31.001,17205,17205,17205,2,0
2024-01-17 15:17:31.001,17205,17205,17205,2,0
2024-01-17 15:17:31.001,17205,17205,17205,2,0
2024-01-17 15:17:33.001,17204,17204,17204,2,-2
2024-01-17 15:17:33.001,17204,17204,17204,2,0
2024-01-17 15:17:33.001,17204,17204,17204,2,0
2024-01-17 15:17:33.001,17204,17204,17204,2,0
2024-01-17 15:17:33.001,17204,17204,17204,6,0
2024-01-17 15:17:33.001,17204,17204,17204,2,0
2024-01-17 15:17:33.001,17204,17204,17204,2,0
2024-01-17 15:17:33.001,17203,17203,17203,2,-2
2024-01-17 15:17:33.001,17203,17203,17203,4,0
2024-01-17 15:17:33.001,17203,17203,17203,4,0
2024-01-17 15:17:33.001,17203,17203,17203,4,0
2024-01-17 15:17:33.001,17203,17203,17203,4,0
2024-01-17 15:17:33.001,17203,17203,17203,2,0
2024-01-17 15:17:33.001,17203,17203,17203,2,0
2024-01-17 15:17:33.001,17204,17204,17204,10,10
2024-01-17 15:17:35.001,17203,17203,17203,2,-2
2024-01-17 15:17:35.001,17203,17203,17203,2,0
2024-01-17 15:17:35.001,17203,17203,17203,2,0
2024-01-17 15:17:35.001,17203,17203,17203,2,0
2024-01-17 15:17:35.001,17203,17203,17203,2,0
2024-01-17 15:17:35.001,17203,17203,17203,6,0
2024-01-17 15:17:35.001,17203,17203,17203,2,0
2024-01-17 15:17:38.001,17202,17202,17202,2,-2
2024-01-17 15:17:39.001,17202,17202,17202,2,0
2024-01-17 15:17:39.001,17202,17202,17202,4,0
2024-01-17 15:17:39.001,17202,17202,17202,2,0
2024-01-17 15:17:40.001,17202,17202,17202,2,0
2024-01-17 15:17:40.001,17203,17203,17203,2,2
2024-01-17 15:17:42.001,17202,17202,17202,2,-2
2024-01-17 15:17:42.001,17202,17202,17202,2,0
2024-01-17 15:17:44.001,17202,17202,17202,2,0
2024-01-17 15:17:44.001,17202,17202,17202,2,0
2024-01-17 15:17:44.001,17202,17202,17202,4,0
2024-01-17 15:17:46.001,17202,17202,17202,2,0
2024-01-17 15:17:47.001,17203,17203,17203,4,4
2024-01-17 15:17:49.001,17203,17203,17203,2,0
2024-01-17 15:17:49.001,17204,17204,17204,2,2
2024-01-17 15:17:49.001,17203,17203,17203,2,-2
2024-01-17 15:17:55.001,17203,17203,17203,6,0
2024-01-17 15:17:55.001,17202,17202,17202,4,-4
2024-01-17 15:17:55.001,17202,17202,17202,2,0
2024-01-17 15:17:55.001,17202,17202,17202,2,0
2024-01-17 15:17:55.001,17202,17202,17202,2,0
2024-01-17 15:17:55.001,17202,17202,17202,2,0
2024-01-17 15:17:55.001,17202,17202,17202,10,0
2024-01-17 15:17:55.001,17202,17202,17202,2,0
2024-01-17 15:18:01.001,17201,17201,17201,4,-4
2024-01-17 15:18:01.001,17201,17201,17201,2,0
2024-01-17 15:18:01.001,17201,17201,17201,2,0
2024-01-17 15:18:02.001,17201,17201,17201,2,0
2024-01-17 15:18:02.001,17201,17201,17201,2,0
2024-01-17 15:18:02.001,17201,17201,17201,2,0
2024-01-17 15:18:02.001,17202,17202,17202,2,2
2024-01-17 15:18:04.001,17201,17201,17201,2,-2
2024-01-17 15:18:04.001,17201,17201,17201,2,0
2024-01-17 15:18:04.001,17201,17201,17201,4,0
2024-01-17 15:18:07.001,17202,17202,17202,8,8
2024-01-17 15:18:07.001,17202,17202,17202,10,0
2024-01-17 15:18:07.001,17202,17202,17202,2,0
2024-01-17 15:18:07.001,17202,17202,17202,20,0
2024-01-17 15:18:07.001,17202,17202,17202,2,0
2024-01-17 15:18:07.001,17202,17202,17202,4,0
2024-01-17 15:18:07.001,17202,17202,17202,6,0
2024-01-17 15:18:07.001,17202,17202,17202,2,0
2024-01-17 15:18:07.001,17202,17202,17202,2,0
2024-01-17 15:18:07.001,17202,17202,17202,2,0
2024-01-17 15:18:07.001,17202,17202,17202,2,0
2024-01-17 15:18:08.001,17202,17202,17202,2,0
2024-01-17 15:18:12.001,17202,17202,17202,2,0
2024-01-17 15:18:12.001,17202,17202,17202,2,0
2024-01-17 15:18:13.001,17202,17202,17202,2,0
2024-01-17 15:18:14.001,17201,17201,17201,2,-2
2024-01-17 15:18:14.001,17201,17201,17201,4,0
2024-01-17 15:18:15.001,17202,17202,17202,2,2
2024-01-17 15:18:16.001,17202,17202,17202,10,0
2024-01-17 15:18:17.001,17201,17201,17201,2,-2
2024-01-17 15:18:18.001,17202,17202,17202,2,2
2024-01-17 15:18:19.001,17202,17202,17202,8,0
2024-01-17 15:18:19.001,17202,17202,17202,2,0
2024-01-17 15:18:19.001,17202,17202,17202,2,0
2024-01-17 15:18:19.001,17202,17202,17202,2,0
2024-01-17 15:18:19.001,17202,17202,17202,8,0
2024-01-17 15:18:19.001,17202,17202,17202,2,0
2024-01-17 15:18:19.001,17202,17202,17202,26,0
2024-01-17 15:18:19.001,17203,17203,17203,4,4
2024-01-17 15:18:19.001,17203,17203,17203,6,0
2024-01-17 15:18:19.001,17203,17203,17203,4,0
2024-01-17 15:18:19.001,17203,17203,17203,2,0
2024-01-17 15:18:19.001,17203,17203,17203,14,0
2024-01-17 15:18:19.001,17202,17202,17202,2,-2
2024-01-17 15:18:19.001,17202,17202,17202,4,0
2024-01-17 15:18:22.001,17202,17202,17202,8,0
2024-01-17 15:18:22.001,17202,17202,17202,4,0
2024-01-17 15:18:23.001,17202,17202,17202,2,0
2024-01-17 15:18:25.001,17202,17202,17202,2,0
2024-01-17 15:18:25.001,17202,17202,17202,2,0
2024-01-17 15:18:27.001,17203,17203,17203,2,2
2024-01-17 15:18:28.001,17202,17202,17202,2,-2
2024-01-17 15:18:31.001,17202,17202,17202,2,0
2024-01-17 15:18:31.001,17202,17202,17202,2,0
2024-01-17 15:18:32.001,17203,17203,17203,2,2
2024-01-17 15:18:34.001,17203,17203,17203,4,0
2024-01-17 15:18:34.001,17203,17203,17203,4,0
2024-01-17 15:18:34.001,17203,17203,17203,2,0
2024-01-17 15:18:34.001,17203,17203,17203,4,0
2024-01-17 15:18:34.001,17203,17203,17203,4,0
2024-01-17 15:18:34.001,17203,17203,17203,8,0
2024-01-17 15:18:34.001,17203,17203,17203,2,0
2024-01-17 15:18:34.001,17203,17203,17203,22,0
2024-01-17 15:18:34.001,17203,17203,17203,10,0
2024-01-17 15:18:34.001,17203,17203,17203,4,0
2024-01-17 15:18:45.001,17203,17203,17203,2,0
2024-01-17 15:18:46.001,17204,17204,17204,2,2
2024-01-17 15:18:48.001,17204,17204,17204,2,0
2024-01-17 15:18:49.001,17204,17204,17204,2,0
2024-01-17 15:18:51.001,17203,17203,17203,2,-2
2024-01-17 15:18:55.001,17204,17204,17204,14,14
2024-01-17 15:18:55.001,17204,17204,17204,8,0
2024-01-17 15:18:55.001,17204,17204,17204,6,0
2024-01-17 15:18:55.001,17204,17204,17204,4,0
2024-01-17 15:18:55.001,17204,17204,17204,30,0
2024-01-17 15:18:55.001,17204,17204,17204,4,0
2024-01-17 15:18:55.001,17205,17205,17205,2,2
2024-01-17 15:19:03.001,17204,17204,17204,2,-2
2024-01-17 15:19:03.001,17204,17204,17204,4,0
2024-01-17 15:19:03.001,17204,17204,17204,4,0
2024-01-17 15:19:03.001,17204,17204,17204,4,0
2024-01-17 15:19:03.001,17204,17204,17204,2,0
2024-01-17 15:19:04.001,17203,17203,17203,2,-2
2024-01-17 15:19:04.001,17203,17203,17203,2,0
2024-01-17 15:19:05.001,17204,17204,17204,4,4
2024-01-17 15:19:16.001,17203,17203,17203,8,-8
2024-01-17 15:19:16.001,17203,17203,17203,22,0
2024-01-17 15:19:19.001,17204,17204,17204,2,2
2024-01-17 15:19:20.001,17204,17204,17204,2,0
2024-01-17 15:19:23.001,17205,17205,17205,4,4
2024-01-17 15:19:25.001,17203,17203,17203,2,-2
2024-01-17 15:19:33.001,17203,17203,17203,2,0
2024-01-17 15:19:34.001,17203,17203,17203,6,0
2024-01-17 15:19:34.001,17203,17203,17203,2,0
2024-01-17 15:19:37.001,17203,17203,17203,2,0
2024-01-17 15:19:37.001,17203,17203,17203,2,0
2024-01-17 15:19:40.001,17203,17203,17203,4,0
2024-01-17 15:19:43.001,17203,17203,17203,2,0
2024-01-17 15:19:56.001,17203,17203,17203,2,0
2024-01-17 15:19:56.001,17203,17203,17203,4,0
2024-01-17 15:19:56.001,17203,17203,17203,2,0
2024-01-17 15:19:59.001,17203,17203,17203,2,0
2024-01-17 15:19:59.001,17203,17203,17203,2,0
2024-01-17 15:19:59.001,17203,17203,17203,2,0
2024-01-17 15:20:00.001,17203,17203,17203,2,0
2024-01-17 15:20:01.001,17203,17203,17203,2,0
2024-01-17 15:20:03.001,17202,17202,17202,2,-2
2024-01-17 15:20:04.001,17202,17202,17202,4,0
2024-01-17 15:20:06.001,17202,17202,17202,2,0
2024-01-17 15:20:08.001,17202,17202,17202,2,0
2024-01-17 15:20:13.001,17203,17203,17203,4,4
2024-01-17 15:20:13.001,17203,17203,17203,2,0
2024-01-17 15:20:13.001,17203,17203,17203,2,0
2024-01-17 15:20:14.001,17203,17203,17203,2,0
2024-01-17 15:20:15.001,17202,17202,17202,2,-2
2024-01-17 15:20:17.001,17202,17202,17202,2,0
2024-01-17 15:20:19.001,17202,17202,17202,2,0
2024-01-17 15:20:19.001,17202,17202,17202,2,0
2024-01-17 15:20:19.001,17202,17202,17202,2,0
2024-01-17 15:20:22.001,17202,17202,17202,2,0
2024-01-17 15:20:24.001,17202,17202,17202,2,0
2024-01-17 15:20:24.001,17202,17202,17202,6,0
2024-01-17 15:20:24.001,17202,17202,17202,2,0
2024-01-17 15:20:24.001,17202,17202,17202,4,0
2024-01-17 15:20:24.001,17202,17202,17202,4,0
2024-01-17 15:20:24.001,17202,17202,17202,2,0
2024-01-17 15:20:25.001,17203,17203,17203,2,2
2024-01-17 15:20:28.001,17202,17202,17202,2,-2
2024-01-17 15:20:31.001,17203,17203,17203,2,2
2024-01-17 15:20:33.001,17202,17202,17202,2,-2
2024-01-17 15:20:37.001,17203,17203,17203,2,2
2024-01-17 15:20:44.001,17202,17202,17202,2,-2
2024-01-17 15:20:44.001,17202,17202,17202,2,0
2024-01-17 15:20:44.001,17202,17202,17202,2,0
2024-01-17 15:20:44.001,17202,17202,17202,2,0
2024-01-17 15:20:44.001,17202,17202,17202,6,0
2024-01-17 15:20:44.001,17202,17202,17202,4,0
2024-01-17 15:20:44.001,17202,17202,17202,4,0
2024-01-17 15:20:44.001,17202,17202,17202,2,0
2024-01-17 15:20:44.001,17202,17202,17202,2,0
2024-01-17 15:20:44.001,17202,17202,17202,4,0
