2020-12-04,15:00:00.016000,14150,14151,14149,60
2020-12-04,15:00:00.036000,14146,14149,14149,1
2020-12-04,15:00:00.153000,14146,14149,14148,1
2020-12-04,15:00:00.161000,14146,14149,14147,4
2020-12-04,15:00:00.162000,14146,14149,14148,1
2020-12-04,15:00:00.258000,14146,14148,14148,12
2020-12-04,15:00:00.258000,14146,14148,14149,7
2020-12-04,15:00:00.258000,14146,14148,14149,11
2020-12-04,15:00:00.258000,14146,14148,14149,4
2020-12-04,15:00:00.259000,14146,14148,14149,7
2020-12-04,15:00:00.269000,14146,14148,14150,1
2020-12-04,15:00:00.362000,14149,14150,14149,1
2020-12-04,15:00:00.377000,14149,14150,14149,2
2020-12-04,15:00:00.409000,14149,14150,14150,1
2020-12-04,15:00:00.442000,14149,14150,14150,1
2020-12-04,15:00:00.457000,14149,14150,14150,3
2020-12-04,15:00:00.467000,14149,14150,14149,1
2020-12-04,15:00:00.483000,14149,14150,14149,1
2020-12-04,15:00:00.516000,14149,14150,14150,1
2020-12-04,15:00:00.551000,14149,14150,14149,6
2020-12-04,15:00:00.587000,14149,14150,14149,1
2020-12-04,15:00:00.607000,14149,14150,14150,1
2020-12-04,15:00:00.618000,14149,14150,14149,1
2020-12-04,15:00:00.683000,14149,14150,14149,1
2020-12-04,15:00:00.696000,14149,14150,14150,1
2020-12-04,15:00:00.741000,14149,14150,14149,2
2020-12-04,15:00:00.746000,14149,14150,14149,1
2020-12-04,15:00:00.833000,14149,14150,14150,1
2020-12-04,15:00:00.901000,14149,14150,14150,1
2020-12-04,15:00:00.905000,14149,14150,14151,1
2020-12-04,15:00:00.934000,14150,14151,14151,1
2020-12-04,15:00:01.001000,14150,14151,14150,5
2020-12-04,15:00:01.061000,14149,14151,14151,1
2020-12-04,15:00:01.075000,14149,14151,14149,2
2020-12-04,15:00:01.122000,14149,14151,14151,1
2020-12-04,15:00:01.144000,14149,14151,14150,2
2020-12-04,15:00:01.176000,14149,14151,14151,1
2020-12-04,15:00:01.178000,14150,14151,14150,3
2020-12-04,15:00:01.178000,14150,14151,14149,27
2020-12-04,15:00:01.180000,14150,14151,14149,3
2020-12-04,15:00:01.281000,14150,14151,14149,1
2020-12-04,15:00:01.304000,14147,14150,14150,1
2020-12-04,15:00:01.331000,14147,14150,14147,2
2020-12-04,15:00:01.375000,14147,14150,14150,1
2020-12-04,15:00:01.376000,14147,14150,14147,2
2020-12-04,15:00:01.376000,14147,14150,14146,2
2020-12-04,15:00:01.453000,14146,14149,14149,1
2020-12-04,15:00:01.454000,14146,14149,14147,1
2020-12-04,15:00:01.454000,14146,14149,14146,1
2020-12-04,15:00:01.545000,14146,14149,14147,1
2020-12-04,15:00:01.573000,14147,14149,14149,1
2020-12-04,15:00:01.577000,14147,14149,14147,1
2020-12-04,15:00:01.577000,14147,14149,14146,2
2020-12-04,15:00:01.731000,14148,14150,14149,1
2020-12-04,15:00:01.772000,14148,14150,14150,1
2020-12-04,15:00:01.799000,14148,14150,14148,1
2020-12-04,15:00:01.880000,14148,14150,14148,1
2020-12-04,15:00:02.164000,14148,14150,14148,1
2020-12-04,15:00:02.165000,14148,14150,14148,2
2020-12-04,15:00:02.395000,14148,14150,14148,1
2020-12-04,15:00:02.678000,14149,14150,14149,1
2020-12-04,15:00:02.955000,14148,14150,14148,1
2020-12-04,15:00:03.229000,14148,14150,14148,2
2020-12-04,15:00:03.495000,14146,14149,14149,1
2020-12-04,15:00:03.868000,14148,14150,14148,1
2020-12-04,15:00:04.125000,14148,14149,14149,1
2020-12-04,15:00:04.129000,14148,14149,14150,2
2020-12-04,15:00:04.195000,14148,14150,14150,1
2020-12-04,15:00:04.231000,14148,14150,14150,2
2020-12-04,15:00:04.291000,14148,14150,14150,1
2020-12-04,15:00:04.360000,14148,14150,14150,4
2020-12-04,15:00:04.365000,14148,14150,14149,1
2020-12-04,15:00:04.840000,14149,14151,14149,1
2020-12-04,15:00:04.897000,14149,14151,14150,1
2020-12-04,15:00:05.508000,14148,14150,14150,2
2020-12-04,15:00:05.510000,14148,14150,14150,1
2020-12-04,15:00:05.747000,14149,14151,14151,2
2020-12-04,15:00:05.797000,14149,14151,14152,1
2020-12-04,15:00:06.594000,14150,14151,14150,1
2020-12-04,15:00:06.979000,14150,14151,14151,1
2020-12-04,15:00:07.160000,14150,14151,14151,1
2020-12-04,15:00:07.160000,14150,14151,14152,1
2020-12-04,15:00:07.167000,14150,14151,14152,2
2020-12-04,15:00:07.303000,14150,14151,14150,1
2020-12-04,15:00:07.428000,14149,14151,14149,2
2020-12-04,15:00:07.539000,14149,14151,14148,1
2020-12-04,15:00:07.875000,14148,14150,14148,1
2020-12-04,15:00:08.047000,14148,14150,14150,1
2020-12-04,15:00:08.308000,14148,14151,14150,1
2020-12-04,15:00:08.402000,14148,14151,14150,1
2020-12-04,15:00:09.234000,14150,14151,14150,1
2020-12-04,15:00:09.303000,14149,14150,14149,1
2020-12-04,15:00:09.307000,14149,14150,14149,2
2020-12-04,15:00:09.370000,14149,14150,14149,1
2020-12-04,15:00:09.642000,14149,14150,14150,4
2020-12-04,15:00:10.048000,14149,14151,14149,2
2020-12-04,15:00:10.053000,14149,14151,14149,1
2020-12-04,15:00:10.609000,14148,14150,14150,6
2020-12-04,15:00:10.609000,14148,14150,14150,1
2020-12-04,15:00:10.609000,14148,14150,14150,1
2020-12-04,15:00:10.638000,14148,14150,14151,1
2020-12-04,15:00:10.663000,14148,14150,14151,3
2020-12-04,15:00:10.785000,14149,14151,14150,1
2020-12-04,15:00:11.296000,14148,14150,14149,1
2020-12-04,15:00:11.296000,14148,14150,14148,1
2020-12-04,15:00:11.428000,14148,14150,14148,3
2020-12-04,15:00:12.950000,14148,14150,14150,1
2020-12-04,15:00:13.172000,14148,14150,14148,1
2020-12-04,15:00:13.361000,14148,14150,14150,1
2020-12-04,15:00:13.459000,14148,14150,14150,2
2020-12-04,15:00:13.830000,14149,14150,14149,1
2020-12-04,15:00:13.879000,14149,14150,14149,2
2020-12-04,15:00:13.879000,14149,14150,14150,1
2020-12-04,15:00:14.560000,14148,14150,14148,1
2020-12-04,15:00:15.777000,14148,14150,14150,1
2020-12-04,15:00:15.803000,14148,14150,14150,1
2020-12-04,15:00:16.049000,14148,14150,14149,1
2020-12-04,15:00:18.623000,14149,14150,14150,1
2020-12-04,15:00:19.419000,14149,14150,14150,1
2020-12-04,15:00:19.796000,14149,14150,14150,1
2020-12-04,15:00:19.796000,14149,14150,14150,4
2020-12-04,15:00:19.797000,14149,14150,14150,5
2020-12-04,15:00:19.799000,14149,14150,14151,10
2020-12-04,15:00:19.978000,14151,14152,14151,1
2020-12-04,15:00:20.810000,14150,14152,14152,1
2020-12-04,15:00:21.011000,14150,14152,14150,1
2020-12-04,15:00:21.185000,14150,14152,14150,8
2020-12-04,15:00:21.185000,14150,14152,14150,1
2020-12-04,15:00:21.185000,14150,14152,14150,1
2020-12-04,15:00:21.716000,14150,14152,14150,4
2020-12-04,15:00:22.161000,14150,14152,14152,1
2020-12-04,15:00:22.247000,14150,14152,14150,1
2020-12-04,15:00:22.369000,14150,14152,14152,1
2020-12-04,15:00:23.058000,14150,14152,14151,1
2020-12-04,15:00:23.860000,14150,14152,14150,1
2020-12-04,15:00:23.865000,14150,14152,14150,6
2020-12-04,15:00:23.866000,14150,14152,14150,2
2020-12-04,15:00:23.936000,14149,14151,14150,1
2020-12-04,15:00:24.011000,14149,14151,14151,1
2020-12-04,15:00:24.037000,14149,14151,14151,2
2020-12-04,15:00:24.767000,14150,14151,14150,1
2020-12-04,15:00:25.038000,14149,14151,14151,1
2020-12-04,15:00:26.780000,14150,14151,14151,1
2020-12-04,15:00:27.820000,14150,14151,14150,1
2020-12-04,15:00:27.839000,14150,14151,14150,1
2020-12-04,15:00:28.246000,14149,14150,14150,1
2020-12-04,15:00:28.283000,14149,14150,14151,1
2020-12-04,15:00:28.299000,14149,14150,14151,5
2020-12-04,15:00:30.178000,14150,14151,14150,1
2020-12-04,15:00:30.191000,14150,14151,14150,2
2020-12-04,15:00:30.303000,14149,14150,14149,4
2020-12-04,15:00:30.326000,14149,14150,14150,1
2020-12-04,15:00:30.892000,14149,14150,14150,2
2020-12-04,15:00:31.803000,14149,14150,14149,1
2020-12-04,15:00:31.928000,14149,14150,14149,1
2020-12-04,15:00:32.048000,14149,14150,14149,1
2020-12-04,15:00:32.053000,14149,14150,14149,1
2020-12-04,15:00:32.178000,14149,14150,14149,1
2020-12-04,15:00:32.303000,14149,14150,14149,1
2020-12-04,15:00:33.604000,14148,14149,14149,1
2020-12-04,15:00:34.092000,14148,14149,14149,1
2020-12-04,15:00:34.833000,14148,14149,14149,2
2020-12-04,15:00:34.951000,14148,14149,14149,2
2020-12-04,15:00:34.951000,14148,14149,14150,2
2020-12-04,15:00:36.436000,14148,14150,14148,1
2020-12-04,15:00:36.459000,14148,14150,14150,2
2020-12-04,15:00:37.930000,14148,14149,14148,1
2020-12-04,15:00:38.630000,14148,14149,14148,1
2020-12-04,15:00:38.716000,14148,14149,14148,18
2020-12-04,15:00:38.742000,14148,14149,14147,6
2020-12-04,15:00:39.128000,14145,14147,14147,1
2020-12-04,15:00:40.872000,14145,14146,14145,3
2020-12-04,15:00:41.020000,14144,14146,14145,1
2020-12-04,15:00:41.309000,14144,14146,14146,2
2020-12-04,15:00:41.458000,14145,14147,14145,1
2020-12-04,15:00:44.242000,14145,14146,14145,1
2020-12-04,15:00:44.620000,14145,14146,14146,1
2020-12-04,15:00:44.968000,14146,14147,14146,1
2020-12-04,15:00:45.381000,14146,14147,14146,2
2020-12-04,15:00:45.390000,14146,14147,14146,1
2020-12-04,15:00:45.980000,14145,14147,14145,1
2020-12-04,15:00:48.137000,14145,14147,14147,1
2020-12-04,15:00:48.152000,14145,14147,14146,1
2020-12-04,15:00:49.258000,14145,14147,14145,1
2020-12-04,15:00:49.555000,14146,14147,14146,2
2020-12-04,15:00:49.858000,14145,14147,14145,1
2020-12-04,15:00:51.480000,14145,14146,14145,3
2020-12-04,15:00:52.777000,14145,14146,14146,1
2020-12-04,15:00:53.040000,14145,14147,14145,1
2020-12-04,15:00:54.022000,14145,14147,14147,1
2020-12-04,15:00:55.221000,14145,14146,14145,5
2020-12-04,15:00:56.137000,14144,14145,14145,1
2020-12-04,15:00:57.068000,14144,14145,14145,1
2020-12-04,15:00:57.178000,14144,14145,14145,1
2020-12-04,15:00:57.428000,14145,14146,14146,2
2020-12-04,15:00:57.943000,14145,14147,14145,1
2020-12-04,15:00:58.505000,14145,14147,14145,3
2020-12-04,15:00:59.538000,14145,14147,14145,1
2020-12-04,15:00:59.927000,14145,14146,14146,1
2020-12-04,15:01:00.028000,14145,14147,14145,3
2020-12-04,15:01:00.053000,14145,14147,14147,1
2020-12-04,15:01:00.061000,14145,14147,14145,2
2020-12-04,15:01:00.061000,14145,14147,14144,8
2020-12-04,15:01:00.067000,14145,14147,14146,1
2020-12-04,15:01:00.079000,14145,14147,14144,4
2020-12-04,15:01:00.102000,14145,14147,14146,1
2020-12-04,15:01:00.140000,14145,14147,14144,2
2020-12-04,15:01:00.145000,14145,14147,14144,1
2020-12-04,15:01:00.145000,14145,14147,14144,1
2020-12-04,15:01:00.190000,14144,14145,14144,3
2020-12-04,15:01:00.205000,14144,14145,14143,3
2020-12-04,15:01:00.206000,14144,14145,14143,2
2020-12-04,15:01:00.232000,14144,14145,14143,3
2020-12-04,15:01:00.239000,14144,14145,14143,2
2020-12-04,15:01:00.239000,14144,14145,14142,1
2020-12-04,15:01:00.244000,14144,14145,14142,3
2020-12-04,15:01:00.269000,14144,14145,14142,1
2020-12-04,15:01:00.269000,14144,14145,14141,3
2020-12-04,15:01:00.430000,14142,14143,14143,5
2020-12-04,15:01:00.521000,14142,14143,14145,1
2020-12-04,15:01:00.567000,14144,14145,14145,1
2020-12-04,15:01:00.889000,14144,14145,14145,1
2020-12-04,15:01:01.016000,14144,14146,14146,1
2020-12-04,15:01:01.054000,14144,14146,14144,1
2020-12-04,15:01:01.339000,14144,14146,14146,1
2020-12-04,15:01:01.356000,14144,14146,14147,1
2020-12-04,15:01:01.396000,14144,14146,14147,1
2020-12-04,15:01:01.495000,14145,14147,14147,1
2020-12-04,15:01:01.649000,14145,14147,14145,6
2020-12-04,15:01:01.708000,14145,14146,14145,1
2020-12-04,15:01:02.988000,14144,14145,14144,3
2020-12-04,15:01:04.034000,14144,14145,14144,1
2020-12-04,15:01:04.135000,14143,14145,14143,1
2020-12-04,15:01:05.141000,14143,14145,14143,1
2020-12-04,15:01:06.415000,14143,14145,14145,6
2020-12-04,15:01:07.019000,14144,14145,14145,1
2020-12-04,15:01:09.474000,14144,14145,14145,1
2020-12-04,15:01:09.474000,14144,14145,14145,1
2020-12-04,15:01:09.475000,14144,14145,14145,1
2020-12-04,15:01:09.553000,14145,14146,14146,3
2020-12-04,15:01:12.551000,14145,14147,14145,1
2020-12-04,15:01:16.247000,14146,14147,14146,1
2020-12-04,15:01:16.305000,14146,14147,14146,1
2020-12-04,15:01:17.794000,14146,14147,14146,1
2020-12-04,15:01:17.804000,14146,14147,14146,1
2020-12-04,15:01:24.162000,14146,14147,14147,1
2020-12-04,15:01:25.814000,14146,14147,14146,1
2020-12-04,15:01:28.798000,14146,14147,14146,1
2020-12-04,15:01:31.273000,14146,14147,14147,2
2020-12-04,15:01:31.981000,14146,14147,14147,6
2020-12-04,15:01:32.759000,14147,14148,14147,4
2020-12-04,15:01:33.531000,14146,14147,14147,1
2020-12-04,15:01:34.755000,14146,14147,14147,1
2020-12-04,15:01:34.806000,14146,14147,14146,11
2020-12-04,15:01:34.806000,14146,14147,14146,1
2020-12-04,15:01:37.209000,14145,14147,14145,2
2020-12-04,15:01:37.847000,14145,14147,14146,1
2020-12-04,15:01:40.532000,14146,14147,14147,1
2020-12-04,15:01:41.109000,14146,14147,14146,4
2020-12-04,15:01:43.525000,14145,14146,14145,1
2020-12-04,15:01:47.727000,14145,14146,14146,1
2020-12-04,15:01:48.868000,14145,14146,14145,1
2020-12-04,15:01:49.429000,14145,14146,14146,5
2020-12-04,15:01:49.429000,14145,14146,14147,5
2020-12-04,15:01:53.159000,14146,14147,14147,1
2020-12-04,15:01:53.581000,14146,14147,14147,1
2020-12-04,15:01:54.622000,14146,14147,14146,1
2020-12-04,15:01:55.010000,14146,14147,14147,2
2020-12-04,15:01:55.785000,14146,14147,14146,1
2020-12-04,15:02:00.748000,14146,14147,14147,2
2020-12-04,15:02:00.846000,14146,14147,14147,1
2020-12-04,15:02:00.903000,14146,14147,14147,1
2020-12-04,15:02:05.290000,14146,14147,14147,1
2020-12-04,15:02:05.838000,14146,14147,14146,3
2020-12-04,15:02:07.005000,14146,14147,14147,1
2020-12-04,15:02:07.498000,14146,14147,14147,1
2020-12-04,15:02:07.521000,14146,14147,14147,1
2020-12-04,15:02:08.862000,14146,14147,14147,1
2020-12-04,15:02:11.753000,14146,14147,14146,1
2020-12-04,15:02:12.356000,14146,14147,14147,1
2020-12-04,15:02:14.248000,14146,14147,14147,1
2020-12-04,15:02:14.250000,14146,14147,14147,1
2020-12-04,15:02:14.250000,14146,14147,14147,4
2020-12-04,15:02:14.432000,14147,14148,14147,2
2020-12-04,15:02:16.567000,14147,14148,14148,1
2020-12-04,15:02:17.429000,14147,14148,14147,1
2020-12-04,15:02:18.649000,14147,14148,14148,1
2020-12-04,15:02:19.779000,14147,14148,14148,2
2020-12-04,15:02:20.898000,14147,14148,14147,1
2020-12-04,15:02:22.642000,14147,14148,14148,1
2020-12-04,15:02:24.379000,14147,14148,14148,1
2020-12-04,15:02:24.930000,14147,14148,14148,2
2020-12-04,15:02:26.779000,14147,14148,14147,1
2020-12-04,15:02:27.941000,14147,14148,14147,1
2020-12-04,15:02:30.221000,14147,14148,14147,1
2020-12-04,15:02:30.221000,14147,14148,14147,1
2020-12-04,15:02:30.221000,14147,14148,14147,1
2020-12-04,15:02:30.221000,14147,14148,14147,1
2020-12-04,15:02:30.221000,14147,14148,14147,2
2020-12-04,15:02:34.536000,14147,14148,14147,2
2020-12-04,15:02:34.536000,14147,14148,14146,1
2020-12-04,15:02:37.280000,14146,14147,14147,1
2020-12-04,15:02:39.624000,14147,14148,14147,1
2020-12-04,15:02:40.226000,14147,14148,14148,11
2020-12-04,15:02:43.328000,14147,14148,14147,1
2020-12-04,15:02:45.278000,14147,14148,14147,1
2020-12-04,15:02:46.799000,14147,14148,14147,1
2020-12-04,15:02:48.955000,14147,14148,14147,1
2020-12-04,15:02:54.539000,14147,14148,14148,1
2020-12-04,15:02:54.851000,14147,14148,14148,6
2020-12-04,15:02:54.858000,14147,14148,14149,1
2020-12-04,15:02:54.943000,14148,14149,14149,1
2020-12-04,15:02:54.943000,14148,14149,14149,2
2020-12-04,15:02:54.943000,14148,14149,14149,5
2020-12-04,15:02:55.138000,14148,14150,14148,2
2020-12-04,15:02:55.254000,14148,14150,14148,1
2020-12-04,15:02:58.145000,14148,14150,14148,2
2020-12-04,15:03:00.055000,14148,14150,14150,1
2020-12-04,15:03:00.056000,14148,14150,14150,1
2020-12-04,15:03:00.314000,14149,14150,14149,1
2020-12-04,15:03:02.776000,14149,14150,14149,1
2020-12-04,15:03:05.338000,14149,14150,14149,1
2020-12-04,15:03:07.669000,14149,14150,14150,1
2020-12-04,15:03:07.669000,14149,14150,14150,1
2020-12-04,15:03:07.669000,14149,14150,14150,1
2020-12-04,15:03:07.669000,14149,14150,14150,1
2020-12-04,15:03:07.670000,14149,14150,14150,14
2020-12-04,15:03:08.773000,14150,14151,14151,8
2020-12-04,15:03:08.803000,14151,14152,14152,16
2020-12-04,15:03:08.928000,14152,14153,14153,8
2020-12-04,15:03:09.251000,14152,14153,14153,4
2020-12-04,15:03:09.251000,14152,14153,14154,6
2020-12-04,15:03:09.283000,14152,14153,14154,1
2020-12-04,15:03:09.395000,14153,14154,14154,1
2020-12-04,15:03:09.435000,14152,14154,14154,1
2020-12-04,15:03:09.449000,14152,14154,14152,1
2020-12-04,15:03:09.460000,14152,14154,14152,1
2020-12-04,15:03:09.551000,14152,14154,14153,1
2020-12-04,15:03:09.586000,14152,14153,14153,1
2020-12-04,15:03:09.589000,14152,14153,14152,1
2020-12-04,15:03:09.639000,14152,14153,14152,1
2020-12-04,15:03:09.830000,14151,14153,14151,1
2020-12-04,15:03:09.891000,14151,14153,14151,1
2020-12-04,15:03:10.421000,14151,14153,14153,1
2020-12-04,15:03:12.823000,14151,14153,14151,2
2020-12-04,15:03:12.824000,14151,14153,14151,4
2020-12-04,15:03:13.065000,14151,14153,14153,1
2020-12-04,15:03:15.699000,14151,14152,14152,1
2020-12-04,15:03:17.247000,14151,14152,14152,1
2020-12-04,15:03:17.247000,14151,14152,14153,1
2020-12-04,15:03:17.726000,14151,14153,14153,6
2020-12-04,15:03:18.831000,14152,14153,14153,1
2020-12-04,15:03:18.831000,14152,14153,14154,1
2020-12-04,15:03:21.621000,14152,14154,14154,4
2020-12-04,15:03:21.926000,14152,14154,14154,1
2020-12-04,15:03:22.460000,14153,14154,14154,3
2020-12-04,15:03:22.460000,14153,14154,14155,1
2020-12-04,15:03:22.463000,14153,14154,14153,1
2020-12-04,15:03:23.014000,14153,14154,14153,1
2020-12-04,15:03:23.017000,14153,14154,14154,1
2020-12-04,15:03:23.313000,14153,14154,14154,1
2020-12-04,15:03:23.507000,14153,14154,14153,1
2020-12-04,15:03:24.351000,14153,14154,14154,1
2020-12-04,15:03:25.503000,14153,14154,14154,1
2020-12-04,15:03:26.261000,14153,14154,14153,1
2020-12-04,15:03:26.360000,14153,14154,14154,1
2020-12-04,15:03:28.037000,14153,14154,14154,5
2020-12-04,15:03:28.039000,14153,14154,14154,3
2020-12-04,15:03:28.053000,14154,14155,14155,1
2020-12-04,15:03:29.130000,14154,14155,14155,3
2020-12-04,15:03:31.137000,14154,14155,14155,10
2020-12-04,15:03:31.464000,14154,14156,14154,1
2020-12-04,15:03:31.807000,14154,14155,14155,1
2020-12-04,15:03:31.815000,14154,14155,14156,1
2020-12-04,15:03:31.984000,14154,14156,14154,1
2020-12-04,15:03:32.004000,14154,14156,14156,4
2020-12-04,15:03:32.005000,14154,14156,14156,2
2020-12-04,15:03:32.011000,14154,14156,14156,2
2020-12-04,15:03:32.024000,14154,14156,14156,2
2020-12-04,15:03:32.212000,14154,14156,14154,1
2020-12-04,15:03:32.276000,14154,14156,14154,1
2020-12-04,15:03:32.445000,14154,14156,14156,2
2020-12-04,15:03:32.582000,14154,14156,14154,4
2020-12-04,15:03:34.246000,14155,14156,14156,1
2020-12-04,15:03:34.250000,14155,14156,14156,3
2020-12-04,15:03:36.315000,14155,14156,14156,1
2020-12-04,15:03:37.224000,14155,14156,14156,1
2020-12-04,15:03:37.258000,14155,14156,14156,1
2020-12-04,15:03:39.757000,14155,14156,14156,7
2020-12-04,15:03:39.759000,14155,14156,14156,1
2020-12-04,15:03:40.281000,14155,14157,14157,2
2020-12-04,15:03:40.618000,14155,14157,14155,1
2020-12-04,15:03:41.759000,14155,14157,14157,3
2020-12-04,15:03:42.613000,14156,14157,14157,4
2020-12-04,15:03:43.202000,14156,14157,14157,1
2020-12-04,15:03:44.609000,14156,14157,14156,1
2020-12-04,15:03:47.225000,14156,14157,14157,6
2020-12-04,15:03:48.407000,14157,14158,14157,1
2020-12-04,15:03:48.412000,14157,14158,14157,2
2020-12-04,15:03:48.601000,14157,14158,14158,3
2020-12-04,15:03:48.698000,14157,14158,14158,5
2020-12-04,15:03:48.699000,14157,14158,14158,7
2020-12-04,15:03:48.699000,14157,14158,14158,2
2020-12-04,15:03:48.700000,14157,14158,14158,1
2020-12-04,15:03:48.700000,14157,14158,14158,9
2020-12-04,15:03:48.700000,14157,14158,14158,5
2020-12-04,15:03:48.700000,14157,14158,14158,2
2020-12-04,15:03:48.701000,14157,14158,14158,3
2020-12-04,15:03:49.560000,14157,14158,14158,1
2020-12-04,15:03:50.398000,14157,14159,14158,1
2020-12-04,15:03:50.398000,14157,14159,14157,1
2020-12-04,15:03:50.887000,14157,14159,14159,3
2020-12-04,15:03:51.384000,14157,14159,14159,1
2020-12-04,15:03:52.392000,14158,14159,14159,1
2020-12-04,15:03:53.480000,14158,14159,14158,2
2020-12-04,15:03:54.045000,14158,14159,14159,1
2020-12-04,15:03:54.604000,14158,14159,14159,3
2020-12-04,15:03:54.617000,14158,14159,14159,4
2020-12-04,15:03:55.216000,14159,14160,14160,1
2020-12-04,15:03:55.329000,14159,14160,14160,1
2020-12-04,15:03:55.370000,14159,14160,14160,1
2020-12-04,15:03:55.385000,14159,14160,14160,1
2020-12-04,15:03:55.460000,14159,14160,14159,1
2020-12-04,15:03:55.585000,14159,14160,14160,2
2020-12-04,15:03:55.606000,14159,14160,14160,1
2020-12-04,15:03:55.776000,14159,14160,14159,1
2020-12-04,15:03:55.776000,14159,14160,14159,1
2020-12-04,15:03:55.776000,14159,14160,14159,1
2020-12-04,15:03:55.776000,14159,14160,14159,1
2020-12-04,15:03:55.776000,14159,14160,14159,1
2020-12-04,15:03:55.777000,14159,14160,14159,1
2020-12-04,15:03:55.777000,14159,14160,14159,1
2020-12-04,15:03:55.929000,14158,14159,14159,1
2020-12-04,15:03:56.072000,14158,14159,14158,1
2020-12-04,15:03:56.457000,14158,14159,14158,1
2020-12-04,15:03:56.745000,14157,14159,14157,1
2020-12-04,15:03:56.931000,14157,14158,14157,1
2020-12-04,15:03:57.072000,14157,14158,14157,1
2020-12-04,15:03:57.432000,14157,14158,14158,1
2020-12-04,15:03:57.516000,14157,14158,14158,1
2020-12-04,15:03:57.613000,14157,14158,14158,1
2020-12-04,15:03:57.643000,14157,14158,14157,2
2020-12-04,15:03:58.236000,14156,14157,14157,2
2020-12-04,15:03:58.236000,14156,14157,14158,1
2020-12-04,15:03:58.523000,14156,14157,14157,1
2020-12-04,15:03:58.523000,14156,14157,14157,1
2020-12-04,15:03:58.848000,14156,14158,14158,1
2020-12-04,15:03:59.485000,14156,14158,14158,1
2020-12-04,15:03:59.636000,14156,14159,14159,2
2020-12-04,15:04:00.312000,14157,14159,14158,1
2020-12-04,15:04:00.312000,14157,14159,14159,4
2020-12-04,15:04:00.565000,14157,14159,14157,4
2020-12-04,15:04:00.722000,14157,14159,14159,1
2020-12-04,15:04:01.035000,14157,14159,14157,2
2020-12-04,15:04:01.275000,14157,14158,14158,2
2020-12-04,15:04:01.377000,14157,14159,14157,2
2020-12-04,15:04:01.532000,14157,14158,14157,2
2020-12-04,15:04:02.107000,14157,14158,14157,1
2020-12-04,15:04:02.134000,14157,14158,14158,1
2020-12-04,15:04:02.280000,14157,14158,14158,1
2020-12-04,15:04:03.056000,14157,14158,14157,2
2020-12-04,15:04:04.219000,14156,14158,14156,2
2020-12-04,15:04:04.233000,14156,14158,14156,1
2020-12-04,15:04:05.073000,14156,14157,14158,1
2020-12-04,15:04:05.501000,14156,14158,14158,1
2020-12-04,15:04:07.278000,14157,14158,14158,2
2020-12-04,15:04:07.284000,14157,14158,14157,1
2020-12-04,15:04:07.755000,14157,14158,14158,1
2020-12-04,15:04:08.769000,14158,14159,14158,1
2020-12-04,15:04:08.769000,14158,14159,14157,2
2020-12-04,15:04:09.150000,14157,14158,14158,1
2020-12-04,15:04:09.224000,14157,14158,14158,1
2020-12-04,15:04:09.687000,14157,14158,14158,2
2020-12-04,15:04:10.134000,14157,14159,14157,1
2020-12-04,15:04:10.289000,14157,14159,14159,1
2020-12-04,15:04:10.605000,14157,14158,14158,2
2020-12-04,15:04:11.834000,14157,14159,14159,1
2020-12-04,15:04:13.919000,14157,14158,14158,1
2020-12-04,15:04:14.457000,14157,14158,14157,4
2020-12-04,15:04:14.808000,14157,14158,14158,1
2020-12-04,15:04:15.907000,14157,14159,14159,5
2020-12-04,15:04:17.844000,14157,14159,14159,1
2020-12-04,15:04:18.267000,14157,14159,14157,5
2020-12-04,15:04:19.361000,14157,14158,14157,1
2020-12-04,15:04:19.837000,14157,14158,14158,2
2020-12-04,15:04:21.466000,14157,14158,14158,1
2020-12-04,15:04:23.993000,14157,14158,14157,1
2020-12-04,15:04:24.124000,14157,14158,14157,2
2020-12-04,15:04:24.124000,14157,14158,14157,3
2020-12-04,15:04:25.282000,14156,14157,14157,1
2020-12-04,15:04:25.805000,14156,14157,14157,1
2020-12-04,15:04:26.024000,14156,14157,14157,1
2020-12-04,15:04:27.950000,14156,14157,14157,1
2020-12-04,15:04:28.054000,14156,14157,14157,1
2020-12-04,15:04:28.325000,14156,14157,14157,1
2020-12-04,15:04:29.407000,14156,14157,14157,3
2020-12-04,15:04:29.407000,14156,14157,14158,1
2020-12-04,15:04:33.315000,14157,14158,14158,1
2020-12-04,15:04:33.700000,14157,14158,14158,3
2020-12-04,15:04:34.985000,14157,14158,14157,1
2020-12-04,15:04:37.314000,14156,14157,14156,1
2020-12-04,15:04:37.457000,14156,14157,14157,3
2020-12-04,15:04:37.457000,14156,14157,14158,2
2020-12-04,15:04:40.944000,14156,14158,14156,1
2020-12-04,15:04:41.158000,14156,14158,14158,2
2020-12-04,15:04:45.642000,14156,14157,14156,5
2020-12-04,15:04:49.203000,14156,14157,14157,2
2020-12-04,15:04:55.213000,14157,14158,14158,1
2020-12-04,15:04:56.843000,14157,14158,14157,2
2020-12-04,15:04:58.242000,14156,14157,14157,4
2020-12-04,15:04:59.434000,14156,14158,14156,1
2020-12-04,15:05:00.013000,14156,14157,14157,1
2020-12-04,15:05:01.072000,14156,14157,14157,1
2020-12-04,15:05:01.380000,14156,14157,14157,1
2020-12-04,15:05:01.424000,14156,14157,14156,2
2020-12-04,15:05:01.427000,14156,14157,14156,1
2020-12-04,15:05:01.427000,14156,14157,14156,5
2020-12-04,15:05:01.712000,14155,14157,14155,1
2020-12-04,15:05:02.461000,14155,14156,14155,5
2020-12-04,15:05:02.785000,14155,14156,14155,1
2020-12-04,15:05:03.128000,14155,14156,14155,1
2020-12-04,15:05:04.495000,14155,14156,14155,1
2020-12-04,15:05:04.503000,14155,14156,14155,2
2020-12-04,15:05:04.761000,14155,14156,14156,4
2020-12-04,15:05:04.761000,14155,14156,14157,1
2020-12-04,15:05:06.075000,14155,14156,14155,2
2020-12-04,15:05:06.334000,14155,14156,14155,10
2020-12-04,15:05:09.466000,14155,14156,14155,1
2020-12-04,15:05:10.350000,14155,14156,14156,2
2020-12-04,15:05:10.350000,14155,14156,14157,2
2020-12-04,15:05:11.087000,14156,14157,14156,1
2020-12-04,15:05:11.265000,14155,14157,14155,1
2020-12-04,15:05:19.278000,14155,14156,14156,1
2020-12-04,15:05:21.834000,14155,14156,14156,1
2020-12-04,15:05:23.121000,14155,14156,14156,1
2020-12-04,15:05:27.580000,14155,14156,14156,2
2020-12-04,15:05:27.580000,14155,14156,14157,3
2020-12-04,15:05:27.979000,14156,14157,14156,1
2020-12-04,15:05:29.255000,14155,14156,14156,1
2020-12-04,15:05:30.346000,14155,14157,14155,1
2020-12-04,15:05:31.946000,14156,14157,14156,1
2020-12-04,15:05:33.077000,14155,14156,14156,1
2020-12-04,15:05:34.679000,14155,14157,14155,1
2020-12-04,15:05:35.961000,14156,14157,14156,1
2020-12-04,15:05:36.922000,14155,14156,14156,1
2020-12-04,15:05:39.487000,14156,14157,14156,4
2020-12-04,15:05:40.444000,14156,14157,14156,1
2020-12-04,15:05:42.108000,14155,14157,14157,1
2020-12-04,15:05:44.952000,14155,14157,14155,5
2020-12-04,15:05:45.238000,14155,14156,14155,2
2020-12-04,15:05:45.459000,14155,14156,14155,5
2020-12-04,15:05:45.962000,14155,14156,14155,5
2020-12-04,15:05:45.962000,14155,14156,14155,23
2020-12-04,15:05:48.074000,14154,14155,14154,1
2020-12-04,15:05:48.937000,14153,14154,14154,4
2020-12-04,15:05:48.937000,14153,14154,14155,1
2020-12-04,15:05:50.025000,14153,14155,14155,1
2020-12-04,15:05:50.800000,14154,14155,14155,1
2020-12-04,15:05:51.513000,14154,14156,14154,1
2020-12-04,15:05:52.592000,14154,14156,14154,1
2020-12-04,15:05:57.631000,14154,14155,14155,1
2020-12-04,15:05:58.087000,14154,14155,14154,1
2020-12-04,15:06:02.432000,14154,14155,14154,1
2020-12-04,15:06:03.096000,14154,14155,14155,1
2020-12-04,15:06:03.401000,14155,14156,14156,1
2020-12-04,15:06:06.307000,14155,14156,14156,1
2020-12-04,15:06:07.776000,14155,14156,14155,4
2020-12-04,15:06:07.777000,14155,14156,14155,1
2020-12-04,15:06:08.670000,14154,14156,14154,1
2020-12-04,15:06:09.489000,14154,14156,14154,2
2020-12-04,15:06:10.814000,14155,14156,14155,1
2020-12-04,15:06:10.815000,14155,14156,14155,4
2020-12-04,15:06:19.867000,14154,14155,14155,2
2020-12-04,15:06:24.229000,14154,14155,14154,1
2020-12-04,15:06:28.588000,14154,14155,14154,1
2020-12-04,15:06:37.546000,14154,14155,14155,1
2020-12-04,15:06:39.846000,14154,14155,14155,1
2020-12-04,15:06:40.298000,14154,14155,14155,1
2020-12-04,15:06:43.309000,14154,14155,14155,1
2020-12-04,15:06:53.824000,14154,14155,14155,1
2020-12-04,15:06:54.446000,14154,14155,14155,2
2020-12-04,15:06:56.151000,14154,14155,14155,2
2020-12-04,15:06:56.253000,14154,14155,14154,1
2020-12-04,15:06:58.063000,14154,14155,14155,1
2020-12-04,15:06:59.626000,14154,14155,14155,1
2020-12-04,15:07:01.788000,14154,14155,14155,1
2020-12-04,15:07:02.458000,14154,14155,14154,2
2020-12-04,15:07:07.795000,14154,14155,14155,1
2020-12-04,15:07:10.660000,14154,14155,14154,18
2020-12-04,15:07:19.545000,14153,14154,14154,2
2020-12-04,15:07:21.266000,14153,14154,14154,1
2020-12-04,15:07:21.911000,14153,14154,14153,1
2020-12-04,15:07:21.950000,14153,14154,14153,7
2020-12-04,15:07:28.488000,14152,14153,14152,4
2020-12-04,15:07:28.488000,14152,14153,14152,1
2020-12-04,15:07:28.488000,14152,14153,14152,2
2020-12-04,15:07:28.488000,14152,14153,14152,3
2020-12-04,15:07:28.751000,14151,14153,14151,3
2020-12-04,15:07:28.901000,14151,14153,14151,2
2020-12-04,15:07:29.285000,14151,14152,14151,1
2020-12-04,15:07:32.372000,14151,14152,14151,1
2020-12-04,15:07:35.527000,14151,14152,14151,1
2020-12-04,15:07:35.743000,14151,14152,14152,1
2020-12-04,15:07:35.754000,14151,14152,14151,2
2020-12-04,15:07:35.918000,14151,14152,14151,1
2020-12-04,15:07:36.372000,14151,14152,14151,3
2020-12-04,15:07:36.930000,14150,14151,14151,2
2020-12-04,15:07:40.342000,14150,14151,14151,1
2020-12-04,15:07:41.137000,14150,14151,14151,1
2020-12-04,15:07:43.929000,14150,14151,14150,1
2020-12-04,15:07:44.348000,14150,14151,14150,1
2020-12-04,15:07:45.540000,14150,14151,14150,1
2020-12-04,15:07:50.342000,14150,14151,14151,1
2020-12-04,15:07:50.342000,14150,14151,14151,1
2020-12-04,15:07:51.096000,14151,14152,14151,2
2020-12-04,15:07:52.499000,14151,14152,14152,1
2020-12-04,15:08:02.380000,14151,14152,14151,2
2020-12-04,15:08:02.559000,14151,14152,14151,1
2020-12-04,15:08:03.197000,14151,14152,14151,3
2020-12-04,15:08:03.841000,14150,14151,14151,1
2020-12-04,15:08:03.841000,14150,14151,14152,1
2020-12-04,15:08:05.910000,14150,14152,14150,1
2020-12-04,15:08:09.277000,14151,14152,14151,1
2020-12-04,15:08:17.733000,14151,14152,14151,1
2020-12-04,15:08:21.201000,14151,14152,14151,1
2020-12-04,15:08:21.201000,14151,14152,14150,2
2020-12-04,15:08:21.204000,14151,14152,14151,2
2020-12-04,15:08:27.479000,14151,14152,14152,4
2020-12-04,15:08:31.396000,14151,14152,14152,1
2020-12-04,15:08:33.954000,14151,14153,14151,5
2020-12-04,15:08:34.563000,14151,14153,14151,2
2020-12-04,15:08:42.683000,14151,14152,14151,3
2020-12-04,15:08:42.683000,14151,14152,14150,2
2020-12-04,15:08:48.323000,14151,14152,14152,1
2020-12-04,15:08:52.217000,14151,14152,14151,1
2020-12-04,15:08:59.681000,14150,14151,14151,2
2020-12-04,15:09:04.218000,14151,14152,14152,11
2020-12-04,15:09:04.431000,14152,14153,14152,1
2020-12-04,15:09:04.431000,14152,14153,14151,1
2020-12-04,15:09:07.869000,14151,14153,14151,1
2020-12-04,15:09:12.686000,14152,14153,14153,1
2020-12-04,15:09:13.097000,14152,14153,14152,2
2020-12-04,15:09:13.098000,14152,14153,14152,1
2020-12-04,15:09:15.512000,14152,14153,14152,1
2020-12-04,15:09:16.720000,14151,14152,14152,1
2020-12-04,15:09:18.549000,14151,14152,14152,1
2020-12-04,15:09:18.551000,14151,14152,14152,2
2020-12-04,15:09:22.522000,14151,14153,14151,4
2020-12-04,15:09:26.730000,14151,14152,14151,1
2020-12-04,15:09:26.948000,14151,14152,14152,2
2020-12-04,15:09:28.918000,14151,14152,14152,2
2020-12-04,15:09:39.974000,14151,14152,14152,1
2020-12-04,15:09:44.947000,14151,14152,14152,3
2020-12-04,15:09:54.081000,14151,14152,14152,3
2020-12-04,15:09:54.082000,14151,14152,14152,4
2020-12-04,15:09:54.325000,14152,14153,14153,1
2020-12-04,15:09:54.453000,14152,14153,14152,5
2020-12-04,15:10:01.058000,14152,14153,14152,5
2020-12-04,15:10:01.377000,14151,14153,14153,1
2020-12-04,15:10:01.377000,14151,14153,14153,1
2020-12-04,15:10:01.378000,14151,14153,14153,1
2020-12-04,15:10:01.386000,14151,14153,14153,1
2020-12-04,15:10:01.387000,14151,14153,14153,1
2020-12-04,15:10:01.395000,14151,14153,14154,1
2020-12-04,15:10:01.400000,14151,14153,14154,1
2020-12-04,15:10:01.402000,14151,14153,14154,1
2020-12-04,15:10:01.414000,14151,14153,14154,1
2020-12-04,15:10:01.448000,14152,14154,14154,1
2020-12-04,15:10:01.688000,14152,14154,14154,1
2020-12-04,15:10:02.823000,14152,14154,14154,1
2020-12-04,15:10:03.777000,14153,14155,14155,1
2020-12-04,15:10:04.083000,14153,14155,14155,2
2020-12-04,15:10:04.629000,14153,14155,14155,2
2020-12-04,15:10:13.022000,14154,14155,14155,1
2020-12-04,15:10:15.140000,14154,14156,14156,1
2020-12-04,15:10:17.737000,14154,14155,14155,1
2020-12-04,15:10:20.285000,14155,14156,14156,5
2020-12-04,15:10:21.434000,14155,14156,14156,3
2020-12-04,15:10:23.707000,14155,14156,14156,1
2020-12-04,15:10:23.707000,14155,14156,14157,2
2020-12-04,15:10:25.473000,14155,14156,14156,1
2020-12-04,15:10:33.260000,14155,14156,14156,1
2020-12-04,15:10:37.580000,14155,14156,14155,1
2020-12-04,15:10:41.001000,14155,14156,14155,1
2020-12-04,15:10:41.039000,14155,14156,14155,4
2020-12-04,15:10:41.039000,14155,14156,14155,2
2020-12-04,15:10:51.729000,14154,14155,14154,3
2020-12-04,15:10:54.336000,14153,14154,14154,1
2020-12-04,15:10:55.133000,14153,14154,14154,1
2020-12-04,15:11:01.616000,14153,14155,14153,1
2020-12-04,15:11:02.461000,14153,14154,14153,1
2020-12-04,15:11:20.034000,14153,14154,14153,3
2020-12-04,15:11:20.464000,14153,14154,14154,1
2020-12-04,15:11:20.565000,14153,14154,14153,2
2020-12-04,15:11:23.599000,14153,14154,14153,5
2020-12-04,15:11:24.457000,14153,14154,14153,1
2020-12-04,15:11:24.868000,14153,14154,14153,1
2020-12-04,15:11:35.326000,14152,14153,14152,1
2020-12-04,15:11:44.585000,14152,14153,14152,1
2020-12-04,15:11:44.585000,14152,14153,14152,4
2020-12-04,15:11:44.738000,14151,14153,14153,1
2020-12-04,15:11:47.848000,14151,14152,14152,2
2020-12-04,15:11:47.849000,14151,14152,14152,1
2020-12-04,15:12:04.136000,14151,14152,14152,1
2020-12-04,15:12:04.313000,14151,14152,14152,5
2020-12-04,15:12:04.362000,14151,14152,14153,1
2020-12-04,15:12:04.362000,14151,14152,14154,1
2020-12-04,15:12:04.369000,14151,14152,14154,3
2020-12-04,15:12:04.459000,14153,14154,14154,1
2020-12-04,15:12:04.459000,14153,14154,14155,2
2020-12-04,15:12:04.493000,14153,14154,14154,2
2020-12-04,15:12:04.494000,14153,14154,14155,1
2020-12-04,15:12:14.248000,14154,14155,14154,1
2020-12-04,15:12:23.393000,14154,14155,14154,2
2020-12-04,15:12:29.207000,14154,14155,14154,1
2020-12-04,15:12:49.361000,14154,14155,14154,1
2020-12-04,15:12:52.080000,14154,14155,14154,1
2020-12-04,15:12:56.051000,14154,14155,14154,2
2020-12-04,15:12:56.571000,14154,14155,14154,1
2020-12-04,15:12:56.879000,14154,14155,14155,2
2020-12-04,15:12:59.165000,14154,14155,14155,2
2020-12-04,15:12:59.394000,14154,14155,14154,1
2020-12-04,15:13:01.248000,14154,14155,14154,1
2020-12-04,15:13:01.610000,14154,14155,14155,2
2020-12-04,15:13:02.503000,14154,14155,14154,4
2020-12-04,15:13:03.044000,14154,14155,14154,1
2020-12-04,15:13:03.045000,14154,14155,14154,1
2020-12-04,15:13:09.042000,14153,14154,14154,1
2020-12-04,15:13:15.035000,14154,14155,14155,1
2020-12-04,15:13:16.626000,14154,14155,14155,1
2020-12-04,15:13:17.280000,14154,14155,14155,10
2020-12-04,15:13:17.280000,14154,14155,14155,11
2020-12-04,15:13:18.838000,14155,14156,14155,1
2020-12-04,15:13:20.729000,14155,14156,14155,1
2020-12-04,15:13:23.979000,14155,14156,14156,1
2020-12-04,15:13:25.426000,14155,14156,14155,1
2020-12-04,15:13:40.472000,14155,14156,14156,1
2020-12-04,15:13:40.525000,14155,14156,14156,1
2020-12-04,15:13:41.649000,14155,14156,14156,1
2020-12-04,15:13:42.374000,14155,14156,14156,2
2020-12-04,15:13:42.375000,14155,14156,14156,5
2020-12-04,15:13:47.223000,14155,14157,14155,1
2020-12-04,15:13:47.888000,14156,14157,14156,1
2020-12-04,15:13:52.760000,14156,14157,14156,1
2020-12-04,15:13:52.894000,14155,14156,14156,3
2020-12-04,15:13:56.610000,14156,14157,14157,1
2020-12-04,15:13:56.617000,14156,14157,14157,1
2020-12-04,15:13:57.711000,14156,14157,14157,3
2020-12-04,15:13:59.684000,14156,14157,14157,2
2020-12-04,15:14:02.486000,14156,14157,14156,1
2020-12-04,15:14:02.810000,14156,14157,14156,1
2020-12-04,15:14:02.850000,14156,14157,14157,1
2020-12-04,15:14:04.240000,14156,14157,14157,1
2020-12-04,15:14:04.541000,14156,14157,14157,1
2020-12-04,15:14:07.393000,14157,14158,14157,1
2020-12-04,15:14:07.400000,14157,14158,14157,1
2020-12-04,15:14:08.128000,14157,14158,14158,1
2020-12-04,15:14:09.490000,14157,14158,14157,2
2020-12-04,15:14:11.474000,14157,14158,14158,1
2020-12-04,15:14:13.225000,14157,14158,14157,1
2020-12-04,15:14:13.292000,14157,14158,14158,1
2020-12-04,15:14:14.451000,14157,14158,14158,4
2020-12-04,15:14:14.451000,14157,14158,14158,2
2020-12-04,15:14:14.451000,14157,14158,14158,1
2020-12-04,15:14:14.451000,14157,14158,14158,9
2020-12-04,15:14:14.475000,14157,14158,14158,1
2020-12-04,15:14:14.886000,14158,14159,14158,5
2020-12-04,15:14:14.979000,14157,14159,14157,1
2020-12-04,15:14:15.881000,14157,14158,14158,1
2020-12-04,15:14:17.544000,14157,14158,14158,1
2020-12-04,15:14:17.732000,14157,14158,14158,1
2020-12-04,15:14:18.332000,14157,14158,14158,3
2020-12-04,15:14:18.737000,14157,14158,14158,1
2020-12-04,15:14:20.116000,14157,14158,14158,1
2020-12-04,15:14:22.052000,14157,14159,14159,15
2020-12-04,15:14:23.752000,14158,14159,14158,5
2020-12-04,15:14:23.850000,14157,14158,14157,3
2020-12-04,15:14:24.887000,14157,14158,14158,2
2020-12-04,15:14:24.887000,14157,14158,14158,1
2020-12-04,15:14:27.264000,14157,14158,14158,4
2020-12-04,15:14:28.641000,14157,14159,14159,1
2020-12-04,15:14:30.775000,14158,14159,14159,2
2020-12-04,15:14:32.797000,14158,14159,14159,1
2020-12-04,15:14:32.799000,14158,14159,14159,3
2020-12-04,15:14:42.173000,14159,14160,14159,3
2020-12-04,15:14:48.441000,14159,14160,14159,1
2020-12-04,15:14:48.814000,14159,14160,14160,14
2020-12-04,15:14:48.817000,14159,14160,14160,8
2020-12-04,15:14:48.951000,14160,14161,14161,2
2020-12-04,15:14:48.951000,14160,14161,14161,2
2020-12-04,15:14:48.986000,14160,14161,14161,2
2020-12-04,15:14:49.025000,14160,14161,14161,2
2020-12-04,15:14:49.036000,14160,14161,14161,2
2020-12-04,15:14:49.039000,14160,14161,14161,1
2020-12-04,15:14:49.039000,14160,14161,14161,1
2020-12-04,15:14:49.046000,14160,14161,14162,1
2020-12-04,15:14:49.055000,14160,14162,14162,1
2020-12-04,15:14:49.066000,14160,14162,14162,2
2020-12-04,15:14:49.081000,14160,14162,14162,2
2020-12-04,15:14:49.083000,14160,14162,14162,1
2020-12-04,15:14:49.090000,14160,14162,14162,1
2020-12-04,15:14:49.091000,14160,14162,14162,1
2020-12-04,15:14:49.092000,14160,14162,14162,1
2020-12-04,15:14:49.132000,14160,14162,14162,2
2020-12-04,15:14:49.198000,14161,14162,14161,1
2020-12-04,15:14:49.304000,14160,14162,14162,1
2020-12-04,15:14:49.361000,14160,14162,14162,1
2020-12-04,15:14:49.371000,14160,14162,14162,1
2020-12-04,15:14:49.371000,14160,14162,14162,1
2020-12-04,15:14:49.375000,14160,14162,14162,6
2020-12-04,15:14:49.384000,14160,14162,14162,1
2020-12-04,15:14:49.392000,14160,14162,14162,6
2020-12-04,15:14:49.432000,14161,14163,14163,1
2020-12-04,15:14:49.436000,14161,14163,14163,1
2020-12-04,15:14:49.458000,14161,14163,14163,1
2020-12-04,15:14:49.478000,14161,14163,14163,1
2020-12-04,15:14:49.493000,14161,14163,14162,1
2020-12-04,15:14:49.495000,14161,14163,14162,1
2020-12-04,15:14:49.546000,14161,14163,14163,1
2020-12-04,15:14:49.681000,14162,14163,14163,3
2020-12-04,15:14:49.751000,14162,14163,14163,2
2020-12-04,15:14:49.806000,14162,14163,14163,1
2020-12-04,15:14:49.806000,14162,14163,14164,3
2020-12-04,15:14:49.852000,14162,14163,14162,3
2020-12-04,15:14:49.876000,14162,14163,14163,1
2020-12-04,15:14:49.938000,14162,14163,14163,2
2020-12-04,15:14:50.047000,14162,14163,14163,1
2020-12-04,15:14:50.147000,14161,14163,14163,1
2020-12-04,15:14:50.245000,14161,14163,14163,7
2020-12-04,15:14:50.322000,14162,14163,14162,1
2020-12-04,15:14:50.402000,14162,14163,14163,1
2020-12-04,15:14:50.458000,14161,14163,14163,1
2020-12-04,15:14:51.148000,14161,14163,14161,1
2020-12-04,15:14:52.446000,14161,14162,14162,6
2020-12-04,15:14:52.446000,14161,14162,14163,8
2020-12-04,15:14:52.790000,14161,14163,14163,1
2020-12-04,15:14:53.913000,14161,14162,14162,1
2020-12-04,15:14:54.230000,14161,14162,14162,1
2020-12-04,15:14:54.230000,14161,14162,14163,4
2020-12-04,15:14:54.231000,14161,14162,14163,6
2020-12-04,15:14:54.231000,14161,14162,14163,3
2020-12-04,15:14:55.189000,14162,14164,14162,1
2020-12-04,15:14:55.430000,14162,14163,14163,4
2020-12-04,15:14:56.349000,14162,14163,14162,1
2020-12-04,15:14:57.526000,14162,14163,14163,1
2020-12-04,15:14:58.063000,14162,14163,14163,1
2020-12-04,15:14:58.750000,14162,14163,14163,1
2020-12-04,15:14:59.578000,14162,14163,14163,1
2020-12-04,15:15:00,14162,14163,14163,1
2020-12-04,15:15:00.068000,14163,14164,14164,1
2020-12-04,15:15:00.405000,14163,14164,14163,2
2020-12-04,15:15:00.431000,14162,14164,14162,5
2020-12-04,15:15:00.456000,14162,14164,14162,1
2020-12-04,15:15:00.472000,14162,14164,14161,1
2020-12-04,15:15:00.508000,14162,14164,14161,1
2020-12-04,15:15:00.510000,14162,14164,14161,1
2020-12-04,15:15:00.511000,14162,14164,14161,1
2020-12-04,15:15:00.630000,14161,14163,14163,1
2020-12-04,15:15:00.660000,14161,14163,14163,2
2020-12-04,15:15:00.670000,14161,14163,14163,1
2020-12-04,15:15:00.670000,14161,14163,14164,2
2020-12-04,15:15:00.673000,14161,14163,14164,1
2020-12-04,15:15:00.850000,14162,14164,14164,1
2020-12-04,15:15:01.089000,14162,14163,14162,1
2020-12-04,15:15:01.189000,14162,14163,14162,1
2020-12-04,15:15:01.267000,14162,14163,14161,1
2020-12-04,15:15:02.296000,14162,14163,14162,1
2020-12-04,15:15:03.900000,14161,14162,14162,1
2020-12-04,15:15:05.174000,14162,14163,14162,4
2020-12-04,15:15:08.262000,14161,14162,14162,4
2020-12-04,15:15:08.606000,14161,14162,14162,1
2020-12-04,15:15:09.388000,14161,14162,14162,1
2020-12-04,15:15:09.747000,14161,14162,14161,1
2020-12-04,15:15:09.862000,14161,14162,14162,5
2020-12-04,15:15:09.862000,14161,14162,14163,1
2020-12-04,15:15:10.104000,14162,14163,14162,2
2020-12-04,15:15:11.383000,14162,14163,14162,1
2020-12-04,15:15:12.429000,14162,14163,14163,1
2020-12-04,15:15:12.431000,14162,14163,14163,2
2020-12-04,15:15:13.575000,14162,14163,14163,1
2020-12-04,15:15:13.670000,14162,14163,14163,1
2020-12-04,15:15:16.588000,14162,14163,14163,1
2020-12-04,15:15:17.506000,14162,14163,14163,1
2020-12-04,15:15:17.580000,14162,14164,14162,2
2020-12-04,15:15:17.884000,14163,14164,14163,5
2020-12-04,15:15:18.565000,14163,14164,14163,1
2020-12-04,15:15:18.711000,14163,14164,14163,1
2020-12-04,15:15:19.341000,14162,14163,14163,1
2020-12-04,15:15:24.186000,14163,14164,14163,3
2020-12-04,15:15:25.799000,14163,14164,14163,1
2020-12-04,15:15:26.381000,14162,14163,14162,1
2020-12-04,15:15:29.155000,14162,14163,14163,3
2020-12-04,15:15:29.636000,14162,14163,14163,1
2020-12-04,15:15:32.560000,14162,14163,14163,2
2020-12-04,15:15:33.433000,14162,14163,14162,2
2020-12-04,15:15:34.283000,14162,14163,14163,1
2020-12-04,15:15:35.067000,14162,14163,14162,1
2020-12-04,15:15:36.050000,14162,14163,14163,1
2020-12-04,15:15:37.297000,14162,14163,14162,1
2020-12-04,15:15:38.128000,14162,14163,14163,4
2020-12-04,15:15:38.409000,14162,14163,14163,1
2020-12-04,15:15:39.753000,14162,14163,14163,1
2020-12-04,15:15:39.960000,14162,14163,14163,3
2020-12-04,15:15:40.003000,14162,14163,14162,1
2020-12-04,15:15:42.340000,14162,14163,14163,3
2020-12-04,15:15:43.036000,14162,14163,14162,14
2020-12-04,15:15:45.043000,14161,14162,14162,1
2020-12-04,15:15:45.210000,14161,14162,14162,1
2020-12-04,15:15:46.988000,14161,14162,14161,9
2020-12-04,15:15:46.988000,14161,14162,14160,1
2020-12-04,15:15:47.461000,14160,14161,14160,1
2020-12-04,15:15:48.036000,14160,14161,14161,1
2020-12-04,15:15:48.036000,14160,14161,14162,7
2020-12-04,15:15:48.036000,14160,14161,14163,8
2020-12-04,15:15:49.895000,14162,14163,14162,4
2020-12-04,15:15:49.895000,14162,14163,14161,13
2020-12-04,15:15:49.895000,14162,14163,14160,41
2020-12-04,15:15:50.220000,14160,14162,14160,1
2020-12-04,15:15:51.423000,14159,14161,14161,1
2020-12-04,15:15:57.258000,14159,14160,14159,1
2020-12-04,15:15:58.540000,14158,14159,14159,1
2020-12-04,15:16:01.702000,14159,14160,14160,1
2020-12-04,15:16:03.304000,14159,14160,14159,2
2020-12-04,15:16:03.304000,14159,14160,14158,15
2020-12-04,15:16:03.306000,14159,14160,14158,1
2020-12-04,15:16:03.306000,14159,14160,14158,4
2020-12-04,15:16:03.427000,14159,14160,14158,1
2020-12-04,15:16:10.292000,14157,14159,14157,8
2020-12-04,15:16:13.715000,14156,14157,14157,1
2020-12-04,15:16:14.482000,14156,14157,14156,5
2020-12-04,15:16:14.589000,14156,14157,14156,10
2020-12-04,15:16:14.645000,14156,14157,14155,2
2020-12-04,15:16:14.703000,14155,14157,14157,1
2020-12-04,15:16:16.003000,14155,14157,14157,1
2020-12-04,15:16:16.798000,14155,14157,14157,1
2020-12-04,15:16:21.796000,14155,14157,14155,1
2020-12-04,15:16:23.303000,14155,14157,14155,5
2020-12-04,15:16:25.120000,14154,14156,14155,1
2020-12-04,15:16:25.121000,14154,14156,14155,4
2020-12-04,15:16:28.853000,14155,14156,14155,1
2020-12-04,15:16:30.209000,14155,14156,14155,1
2020-12-04,15:16:32.325000,14155,14156,14155,1
2020-12-04,15:16:32.903000,14155,14156,14156,4
2020-12-04,15:16:33.757000,14155,14156,14155,1
2020-12-04,15:16:34.263000,14155,14156,14155,2
2020-12-04,15:16:34.263000,14155,14156,14154,3
2020-12-04,15:16:35.756000,14155,14156,14155,1
2020-12-04,15:16:35.756000,14155,14156,14154,4
2020-12-04,15:16:36.735000,14154,14156,14156,1
2020-12-04,15:16:36.798000,14154,14156,14154,5
2020-12-04,15:16:39.878000,14154,14155,14155,1
2020-12-04,15:16:39.879000,14154,14155,14155,3
2020-12-04,15:16:41.946000,14155,14156,14155,4
2020-12-04,15:16:41.946000,14155,14156,14154,12
2020-12-04,15:16:41.948000,14155,14156,14154,2
2020-12-04,15:16:41.948000,14155,14156,14154,3
2020-12-04,15:16:44.875000,14153,14154,14154,1
2020-12-04,15:16:46.313000,14153,14154,14154,1
2020-12-04,15:16:47.407000,14153,14154,14153,1
2020-12-04,15:16:47.445000,14153,14154,14153,11
2020-12-04,15:16:47.692000,14152,14153,14153,1
2020-12-04,15:16:47.694000,14152,14153,14153,8
2020-12-04,15:16:49.629000,14153,14154,14153,1
2020-12-04,15:16:54.061000,14153,14154,14154,20
2020-12-04,15:16:54.064000,14153,14154,14154,9
2020-12-04,15:16:58.331000,14154,14155,14155,4
2020-12-04,15:17:02.503000,14154,14155,14155,5
2020-12-04,15:17:02.754000,14154,14156,14154,1
2020-12-04,15:17:06.999000,14154,14156,14154,2
2020-12-04,15:17:07.692000,14154,14156,14154,2
2020-12-04,15:17:08.874000,14154,14156,14154,2
2020-12-04,15:17:09.215000,14154,14156,14154,2
2020-12-04,15:17:10.277000,14154,14156,14156,6
2020-12-04,15:17:14.197000,14155,14156,14155,4
2020-12-04,15:17:18.712000,14154,14155,14155,17
2020-12-04,15:17:21.464000,14155,14156,14156,5
2020-12-04,15:17:21.518000,14155,14156,14156,1
2020-12-04,15:17:22.785000,14156,14157,14156,1
2020-12-04,15:17:32.601000,14155,14156,14156,1
2020-12-04,15:17:34.053000,14156,14157,14157,2
2020-12-04,15:17:37.886000,14156,14157,14156,1
2020-12-04,15:17:48.119000,14156,14157,14156,1
2020-12-04,15:17:52.944000,14156,14157,14156,1
2020-12-04,15:17:56.777000,14155,14156,14155,5
2020-12-04,15:17:58.311000,14155,14156,14156,1
2020-12-04,15:18:07.333000,14155,14156,14155,1
2020-12-04,15:18:07.693000,14155,14156,14155,1
2020-12-04,15:18:15.328000,14155,14156,14155,1
2020-12-04,15:18:18.262000,14155,14156,14155,1
2020-12-04,15:18:23.677000,14155,14156,14155,2
2020-12-04,15:18:27.408000,14155,14156,14155,24
2020-12-04,15:18:27.933000,14154,14155,14155,1
2020-12-04,15:18:30.048000,14154,14155,14154,1
2020-12-04,15:18:30.842000,14154,14155,14154,3
2020-12-04,15:18:30.843000,14154,14155,14154,1
2020-12-04,15:18:31.813000,14153,14155,14155,1
2020-12-04,15:18:33.419000,14153,14154,14153,1
2020-12-04,15:18:33.483000,14153,14154,14153,10
2020-12-04,15:18:34.548000,14153,14154,14153,1
2020-12-04,15:18:35.760000,14153,14154,14154,2
2020-12-04,15:18:35.925000,14153,14154,14153,1
2020-12-04,15:18:37.191000,14153,14154,14153,1
2020-12-04,15:18:37.327000,14152,14154,14152,1
2020-12-04,15:18:39.487000,14152,14153,14152,3
2020-12-04,15:18:41.332000,14152,14153,14153,1
2020-12-04,15:18:45.760000,14152,14153,14153,1
2020-12-04,15:18:54.380000,14153,14154,14153,2
2020-12-04,15:18:56.456000,14153,14154,14153,1
2020-12-04,15:18:56.495000,14153,14154,14154,3
2020-12-04,15:18:56.495000,14153,14154,14154,3
2020-12-04,15:18:59.200000,14153,14155,14153,2
2020-12-04,15:19:02.596000,14154,14155,14154,1
2020-12-04,15:19:08.711000,14153,14155,14155,9
2020-12-04,15:19:15.926000,14154,14155,14155,1
2020-12-04,15:19:35.257000,14154,14155,14155,5
2020-12-04,15:19:45.032000,14154,14155,14154,14
2020-12-04,15:19:46.328000,14153,14154,14154,3
2020-12-04,15:19:49.575000,14153,14154,14154,4
2020-12-04,15:19:56.624000,14154,14155,14154,8
2020-12-04,15:20:02.388000,14153,14154,14153,1
2020-12-04,15:20:03.223000,14153,14154,14153,1
2020-12-04,15:20:05.892000,14153,14154,14154,1
2020-12-04,15:20:13.357000,14153,14154,14154,1
2020-12-04,15:20:14.616000,14154,14155,14154,1
2020-12-04,15:20:27.310000,14154,14155,14154,1
2020-12-04,15:20:28.029000,14154,14155,14154,1
2020-12-04,15:20:28.593000,14153,14154,14154,1
2020-12-04,15:20:37.908000,14154,14155,14154,1
2020-12-04,15:20:43.278000,14154,14155,14155,1
2020-12-04,15:20:43.717000,14154,14155,14155,2
2020-12-04,15:20:49.815000,14154,14155,14154,3
2020-12-04,15:20:53.562000,14154,14155,14154,2
2020-12-04,15:20:53.804000,14154,14155,14154,2
2020-12-04,15:20:54.531000,14154,14155,14154,1
2020-12-04,15:21:01.134000,14154,14155,14154,6
2020-12-04,15:21:02.403000,14153,14154,14153,2
2020-12-04,15:21:02.723000,14153,14154,14153,2
2020-12-04,15:21:02.746000,14153,14154,14153,2
2020-12-04,15:21:02.761000,14153,14154,14153,4
2020-12-04,15:21:03.138000,14153,14154,14153,2
2020-12-04,15:21:27.494000,14153,14154,14154,2
2020-12-04,15:21:27.849000,14153,14154,14153,6
2020-12-04,15:21:32.265000,14153,14154,14153,2
2020-12-04,15:21:33.593000,14153,14154,14153,3
2020-12-04,15:21:34.597000,14153,14154,14153,3
2020-12-04,15:21:34.639000,14153,14154,14153,1
2020-12-04,15:21:39.326000,14153,14154,14153,2
2020-12-04,15:21:39.327000,14153,14154,14153,3
2020-12-04,15:21:41.875000,14152,14153,14152,2
2020-12-04,15:21:43.156000,14152,14153,14153,1
2020-12-04,15:21:47.046000,14152,14153,14153,3
2020-12-04,15:21:49.718000,14152,14153,14153,1
2020-12-04,15:21:51.824000,14152,14153,14153,1
2020-12-04,15:21:55.021000,14152,14153,14153,1
2020-12-04,15:22:04.575000,14152,14153,14153,1
2020-12-04,15:22:04.610000,14152,14153,14153,1
2020-12-04,15:22:15.231000,14152,14153,14153,1
2020-12-04,15:22:25.980000,14152,14153,14153,1
2020-12-04,15:22:44.802000,14152,14153,14153,6
2020-12-04,15:23:02.342000,14153,14154,14153,1
2020-12-04,15:23:09.909000,14152,14153,14152,1
2020-12-04,15:23:17.474000,14152,14153,14153,1
2020-12-04,15:23:29.324000,14152,14154,14152,1
2020-12-04,15:23:29.634000,14152,14154,14152,1
2020-12-04,15:23:31.055000,14152,14154,14152,2
2020-12-04,15:23:58.846000,14152,14153,14153,1
2020-12-04,15:24:00.816000,14152,14153,14153,3
2020-12-04,15:24:02.315000,14152,14153,14152,2
2020-12-04,15:24:03.222000,14152,14153,14153,1
2020-12-04,15:24:10.938000,14152,14153,14153,2
2020-12-04,15:24:10.938000,14152,14153,14154,5
2020-12-04,15:24:15.632000,14153,14154,14153,2
2020-12-04,15:24:18.431000,14153,14154,14153,1
2020-12-04,15:24:18.845000,14153,14154,14154,1
2020-12-04,15:24:25.390000,14153,14154,14154,1
2020-12-04,15:24:25.733000,14153,14154,14153,1
2020-12-04,15:24:29.245000,14153,14154,14154,2
2020-12-04,15:24:29.245000,14153,14154,14154,4
2020-12-04,15:24:29.246000,14153,14154,14154,1
2020-12-04,15:24:31.368000,14154,14155,14154,3
2020-12-04,15:24:34.074000,14153,14154,14153,4
2020-12-04,15:24:34.074000,14153,14154,14153,17
2020-12-04,15:24:35.138000,14152,14153,14153,1
2020-12-04,15:24:42.637000,14152,14153,14153,1
2020-12-04,15:24:48.550000,14152,14153,14153,1
2020-12-04,15:24:51.974000,14152,14153,14153,1
2020-12-04,15:24:52.633000,14152,14153,14153,1
2020-12-04,15:24:58.402000,14152,14153,14152,2
2020-12-04,15:24:59.547000,14152,14153,14152,5
2020-12-04,15:25:00.198000,14152,14153,14152,4
2020-12-04,15:25:00.199000,14152,14153,14152,9
2020-12-04,15:25:00.199000,14152,14153,14152,28
2020-12-04,15:25:01.586000,14151,14152,14151,1
2020-12-04,15:25:01.714000,14151,14152,14151,2
2020-12-04,15:25:01.715000,14151,14152,14151,10
2020-12-04,15:25:01.716000,14151,14152,14151,2
2020-12-04,15:25:01.716000,14151,14152,14151,1
2020-12-04,15:25:01.716000,14151,14152,14151,1
2020-12-04,15:25:01.716000,14151,14152,14151,3
2020-12-04,15:25:01.810000,14150,14151,14150,1
2020-12-04,15:25:01.830000,14150,14151,14150,1
2020-12-04,15:25:01.911000,14150,14151,14150,1
2020-12-04,15:25:01.911000,14150,14151,14150,1
2020-12-04,15:25:01.911000,14150,14151,14150,1
2020-12-04,15:25:01.911000,14150,14151,14150,1
2020-12-04,15:25:01.921000,14150,14151,14150,1
2020-12-04,15:25:01.922000,14150,14151,14150,1
2020-12-04,15:25:01.922000,14150,14151,14150,4
2020-12-04,15:25:01.928000,14150,14151,14150,1
2020-12-04,15:25:01.928000,14150,14151,14150,10
2020-12-04,15:25:01.929000,14150,14151,14149,1
2020-12-04,15:25:01.940000,14150,14151,14149,1
2020-12-04,15:25:01.944000,14150,14151,14149,1
2020-12-04,15:25:01.966000,14150,14151,14149,1
2020-12-04,15:25:02.109000,14149,14150,14149,1
2020-12-04,15:25:02.230000,14149,14150,14149,1
2020-12-04,15:25:02.934000,14149,14150,14149,1
2020-12-04,15:25:03.014000,14149,14150,14149,1
2020-12-04,15:25:03.317000,14149,14150,14150,1
2020-12-04,15:25:03.420000,14149,14150,14150,1
2020-12-04,15:25:03.451000,14149,14150,14150,1
2020-12-04,15:25:03.491000,14149,14150,14150,1
2020-12-04,15:25:03.730000,14149,14150,14150,1
2020-12-04,15:25:04.119000,14149,14150,14150,1
2020-12-04,15:25:04.119000,14149,14150,14151,3
2020-12-04,15:25:04.585000,14150,14151,14150,1
2020-12-04,15:25:06.698000,14150,14151,14151,1
2020-12-04,15:25:06.699000,14150,14151,14151,1
2020-12-04,15:25:07.049000,14150,14152,14150,1
2020-12-04,15:25:07.562000,14150,14152,14150,8
2020-12-04,15:25:07.667000,14150,14152,14150,3
2020-12-04,15:25:08.321000,14150,14152,14150,3
2020-12-04,15:25:12.195000,14149,14150,14150,1
2020-12-04,15:25:18.059000,14149,14150,14149,1
2020-12-04,15:25:18.600000,14149,14150,14149,1
2020-12-04,15:25:19.648000,14149,14150,14150,1
2020-12-04,15:25:21.302000,14149,14150,14149,6
2020-12-04,15:25:23.902000,14149,14150,14149,6
2020-12-04,15:25:27.014000,14148,14149,14148,10
2020-12-04,15:25:27.015000,14148,14149,14148,4
2020-12-04,15:25:27.015000,14148,14149,14148,1
2020-12-04,15:25:27.977000,14147,14148,14147,2
2020-12-04,15:25:28.070000,14147,14148,14147,1
2020-12-04,15:25:28.153000,14147,14148,14147,1
2020-12-04,15:25:28.193000,14147,14148,14147,1
2020-12-04,15:25:28.303000,14147,14148,14147,1
2020-12-04,15:25:33.790000,14146,14147,14146,1
2020-12-04,15:25:33.823000,14146,14147,14146,1
2020-12-04,15:25:33.898000,14146,14147,14147,1
2020-12-04,15:25:33.930000,14146,14147,14146,1
2020-12-04,15:25:33.971000,14146,14147,14146,1
2020-12-04,15:25:34.490000,14146,14147,14146,1
2020-12-04,15:25:35.298000,14146,14147,14146,1
2020-12-04,15:25:36.032000,14146,14147,14147,1
2020-12-04,15:25:36.221000,14146,14147,14147,1
2020-12-04,15:25:36.414000,14146,14147,14146,1
2020-12-04,15:25:37.073000,14146,14147,14147,2
2020-12-04,15:25:38.547000,14146,14147,14147,1
2020-12-04,15:25:39.726000,14147,14148,14147,4
2020-12-04,15:25:42.873000,14146,14147,14147,1
2020-12-04,15:25:44.165000,14146,14147,14147,5
2020-12-04,15:25:52.506000,14146,14147,14146,5
2020-12-04,15:25:54.952000,14146,14147,14146,1
2020-12-04,15:25:55.106000,14146,14147,14146,1
2020-12-04,15:25:56.124000,14146,14147,14146,1
2020-12-04,15:25:57.442000,14146,14147,14146,1
2020-12-04,15:25:59.352000,14146,14147,14146,1
2020-12-04,15:25:59.777000,14146,14147,14146,3
2020-12-04,15:26:02.958000,14146,14147,14146,1
2020-12-04,15:26:04.787000,14146,14147,14146,1
2020-12-04,15:26:06.858000,14146,14147,14146,1
2020-12-04,15:26:08.284000,14146,14147,14147,2
2020-12-04,15:26:11.675000,14146,14147,14147,3
2020-12-04,15:26:12.268000,14147,14149,14147,1
2020-12-04,15:26:12.577000,14147,14149,14147,1
2020-12-04,15:26:25.930000,14148,14149,14148,1
2020-12-04,15:26:28.948000,14148,14149,14148,1
2020-12-04,15:26:31.907000,14148,14149,14149,1
2020-12-04,15:26:31.908000,14148,14149,14149,4
2020-12-04,15:26:43.173000,14149,14150,14150,1
2020-12-04,15:26:46.027000,14149,14150,14150,8
2020-12-04,15:26:48.726000,14150,14151,14150,1
2020-12-04,15:26:52.152000,14150,14151,14150,1
2020-12-04,15:27:02.325000,14150,14151,14150,1
2020-12-04,15:27:10.260000,14150,14151,14151,3
2020-12-04,15:27:10.261000,14150,14151,14151,3
2020-12-04,15:27:11.469000,14151,14152,14152,1
2020-12-04,15:27:21.161000,14151,14152,14152,3
2020-12-04,15:27:21.533000,14151,14152,14152,1
2020-12-04,15:27:24.404000,14152,14153,14152,1
2020-12-04,15:27:25.922000,14151,14152,14152,1
2020-12-04,15:27:53.730000,14151,14152,14152,1
2020-12-04,15:27:57.142000,14151,14152,14152,1
2020-12-04,15:28:03.075000,14151,14152,14152,1
2020-12-04,15:28:05.741000,14151,14152,14151,1
2020-12-04,15:28:06.590000,14151,14152,14151,1
2020-12-04,15:28:06.763000,14151,14152,14151,1
2020-12-04,15:28:06.850000,14151,14152,14151,1
2020-12-04,15:28:12.071000,14151,14152,14151,3
2020-12-04,15:28:12.498000,14150,14151,14151,1
2020-12-04,15:28:20.076000,14150,14151,14151,1
2020-12-04,15:28:23.126000,14151,14152,14151,1
2020-12-04,15:28:38.933000,14150,14151,14151,1
2020-12-04,15:28:50.264000,14150,14151,14151,1
2020-12-04,15:29:02.034000,14150,14151,14150,1
2020-12-04,15:29:02.034000,14150,14151,14150,1
2020-12-04,15:29:02.034000,14150,14151,14150,1
2020-12-04,15:29:02.035000,14150,14151,14150,1
2020-12-04,15:29:02.035000,14150,14151,14150,4
2020-12-04,15:29:02.035000,14150,14151,14150,3
2020-12-04,15:29:02.035000,14150,14151,14150,1
2020-12-04,15:29:02.171000,14149,14150,14149,3
2020-12-04,15:29:12.222000,14148,14149,14149,2
2020-12-04,15:29:12.521000,14148,14150,14150,1
2020-12-04,15:29:30.037000,14148,14150,14148,2
2020-12-04,15:29:30.714000,14149,14150,14149,1
2020-12-04,15:29:36.239000,14149,14150,14149,1
2020-12-04,15:29:38.955000,14149,14150,14149,4
2020-12-04,15:29:40.540000,14148,14149,14149,1
2020-12-04,15:29:42.228000,14149,14150,14149,4
2020-12-04,15:29:49.771000,14149,14150,14149,1
2020-12-04,15:29:51.787000,14149,14150,14149,2
2020-12-04,15:29:54.362000,14149,14150,14149,1
2020-12-04,15:29:55.060000,14149,14150,14149,1
2020-12-04,15:30:02.678000,14149,14150,14149,1
2020-12-04,15:30:03.516000,14148,14149,14149,1
2020-12-04,15:30:03.522000,14148,14149,14150,1
2020-12-04,15:30:03.523000,14148,14149,14150,1
2020-12-04,15:30:03.523000,14148,14149,14150,1
2020-12-04,15:30:03.532000,14148,14149,14150,1
2020-12-04,15:30:04.431000,14149,14150,14149,1
2020-12-04,15:30:10.022000,14148,14149,14148,9
2020-12-04,15:30:10.022000,14148,14149,14148,3
2020-12-04,15:30:10.023000,14148,14149,14148,4
2020-12-04,15:30:10.023000,14148,14149,14148,2
2020-12-04,15:30:10.025000,14148,14149,14148,2
2020-12-04,15:30:10.086000,14147,14148,14148,1
2020-12-04,15:30:10.342000,14147,14148,14148,1
2020-12-04,15:30:12.158000,14148,14149,14148,1
2020-12-04,15:30:13.497000,14148,14149,14148,1
2020-12-04,15:30:14.010000,14148,14149,14148,1
2020-12-04,15:30:17.789000,14148,14149,14148,1
2020-12-04,15:30:17.931000,14148,14149,14148,2
2020-12-04,15:30:20.947000,14147,14148,14147,10
2020-12-04,15:30:22.942000,14147,14148,14147,1
2020-12-04,15:30:22.956000,14147,14148,14147,2
2020-12-04,15:30:24.367000,14146,14148,14146,3
2020-12-04,15:30:25.229000,14146,14148,14146,5
2020-12-04,15:30:28.238000,14146,14147,14146,1
2020-12-04,15:30:31.445000,14146,14147,14146,1
2020-12-04,15:30:31.445000,14146,14147,14145,2
2020-12-04,15:30:31.817000,14145,14147,14145,1
2020-12-04,15:30:31.934000,14145,14147,14145,1
2020-12-04,15:30:32.057000,14145,14147,14145,1
2020-12-04,15:30:35.112000,14146,14147,14146,2
2020-12-04,15:30:36.870000,14146,14147,14146,1
2020-12-04,15:30:38.172000,14146,14147,14147,1
2020-12-04,15:30:48.677000,14146,14147,14147,2
2020-12-04,15:30:53.655000,14146,14147,14146,1
2020-12-04,15:30:54.075000,14146,14147,14146,1
2020-12-04,15:30:55.470000,14146,14147,14146,5
2020-12-04,15:30:55.470000,14146,14147,14145,5
2020-12-04,15:30:55.616000,14146,14147,14147,9
2020-12-04,15:31:03.925000,14146,14147,14147,1
2020-12-04,15:31:06.774000,14147,14148,14148,1
2020-12-04,15:31:06.775000,14147,14148,14148,4
2020-12-04,15:31:06.775000,14147,14148,14148,7
2020-12-04,15:31:12.115000,14148,14149,14149,1
2020-12-04,15:31:12.115000,14148,14149,14149,3
2020-12-04,15:31:14.366000,14148,14149,14149,4
2020-12-04,15:31:21.104000,14148,14150,14150,2
2020-12-04,15:31:32.582000,14148,14150,14150,1
2020-12-04,15:31:40.202000,14149,14150,14150,1
2020-12-04,15:31:47.486000,14149,14150,14150,2
2020-12-04,15:31:47.880000,14149,14150,14150,1
2020-12-04,15:31:48.850000,14149,14150,14150,2
2020-12-04,15:32:02.486000,14149,14150,14150,1
2020-12-04,15:32:02.534000,14149,14150,14149,2
2020-12-04,15:32:19.033000,14150,14151,14150,1
2020-12-04,15:32:30.112000,14149,14150,14150,1
2020-12-04,15:32:38.626000,14149,14150,14150,1
2020-12-04,15:32:44.404000,14149,14151,14151,1
2020-12-04,15:32:45.682000,14149,14151,14149,1
2020-12-04,15:32:51.608000,14149,14151,14149,9
2020-12-04,15:32:51.609000,14149,14151,14149,1
2020-12-04,15:33:04.240000,14149,14150,14150,3
2020-12-04,15:33:04.351000,14150,14151,14150,2
2020-12-04,15:33:05.859000,14150,14151,14150,1
2020-12-04,15:33:09.501000,14149,14150,14150,1
2020-12-04,15:33:24.249000,14150,14151,14150,1
2020-12-04,15:33:39.390000,14150,14151,14151,1
2020-12-04,15:33:48.659000,14150,14151,14150,1
2020-12-04,15:34:02.403000,14150,14151,14150,3
2020-12-04,15:34:13.800000,14150,14151,14150,1
2020-12-04,15:34:18.017000,14150,14151,14151,8
2020-12-04,15:34:23.442000,14151,14152,14152,1
2020-12-04,15:34:23.555000,14151,14152,14151,1
2020-12-04,15:34:23.872000,14151,14152,14152,1
2020-12-04,15:34:24.144000,14151,14152,14152,1
2020-12-04,15:34:25.751000,14151,14152,14152,1
2020-12-04,15:34:26.642000,14151,14152,14152,1
2020-12-04,15:34:27.440000,14151,14152,14152,1
2020-12-04,15:34:27.603000,14151,14152,14152,1
2020-12-04,15:34:34.281000,14151,14152,14152,1
2020-12-04,15:34:36.428000,14151,14152,14152,6
2020-12-04,15:34:43.389000,14152,14153,14153,1
2020-12-04,15:34:45.723000,14152,14153,14152,1
2020-12-04,15:34:54.854000,14152,14153,14152,1
2020-12-04,15:34:54.998000,14152,14153,14153,1
2020-12-04,15:35:02.446000,14152,14153,14152,2
2020-12-04,15:35:08.868000,14152,14153,14152,1
2020-12-04,15:35:09.553000,14152,14153,14152,1
2020-12-04,15:35:15.027000,14152,14153,14152,4
2020-12-04,15:35:40.813000,14151,14152,14151,1
2020-12-04,15:35:46.175000,14150,14151,14150,10
2020-12-04,15:35:50.469000,14150,14151,14150,1
2020-12-04,15:36:02.329000,14150,14151,14150,1
2020-12-04,15:36:05.081000,14150,14151,14151,2
2020-12-04,15:36:05.993000,14151,14152,14151,1
2020-12-04,15:36:11.682000,14151,14152,14152,1
2020-12-04,15:36:11.683000,14151,14152,14152,1
2020-12-04,15:36:16.131000,14151,14153,14153,1
2020-12-04,15:36:29.846000,14152,14153,14153,2
2020-12-04,15:36:35.023000,14152,14153,14152,1
2020-12-04,15:36:35.056000,14151,14152,14151,1
2020-12-04,15:36:35.056000,14151,14152,14151,1
2020-12-04,15:36:35.056000,14151,14152,14151,1
2020-12-04,15:36:35.057000,14151,14152,14151,1
2020-12-04,15:36:35.057000,14151,14152,14151,1
2020-12-04,15:36:35.057000,14151,14152,14150,1
2020-12-04,15:36:35.057000,14151,14152,14150,1
2020-12-04,15:36:39.331000,14150,14152,14152,1
2020-12-04,15:36:45.709000,14151,14152,14152,1
2020-12-04,15:36:57.729000,14151,14152,14151,1
2020-12-04,15:36:58.388000,14150,14152,14150,2
2020-12-04,15:37:04.550000,14150,14152,14150,1
2020-12-04,15:37:15.171000,14150,14152,14152,1
2020-12-04,15:37:44.497000,14151,14152,14152,1
2020-12-04,15:37:48.322000,14151,14152,14151,2
2020-12-04,15:37:48.431000,14150,14151,14150,1
2020-12-04,15:38:01.812000,14150,14151,14150,1
2020-12-04,15:38:01.931000,14150,14151,14150,1
2020-12-04,15:38:02.542000,14150,14151,14150,3
2020-12-04,15:38:02.558000,14149,14151,14149,1
2020-12-04,15:38:02.562000,14149,14151,14150,1
2020-12-04,15:38:06.223000,14148,14150,14149,1
2020-12-04,15:38:22.176000,14148,14149,14148,3
2020-12-04,15:38:22.217000,14148,14149,14148,1
2020-12-04,15:38:23.521000,14148,14149,14148,1
2020-12-04,15:38:31.701000,14148,14149,14148,1
2020-12-04,15:38:32.967000,14148,14149,14149,2
2020-12-04,15:38:50.900000,14149,14150,14149,1
2020-12-04,15:39:02.270000,14149,14150,14150,1
2020-12-04,15:39:03.160000,14149,14150,14149,4
2020-12-04,15:39:06.842000,14149,14150,14149,1
2020-12-04,15:39:20.252000,14148,14149,14148,2
2020-12-04,15:39:23.814000,14148,14149,14148,3
2020-12-04,15:39:33.530000,14148,14149,14148,1
2020-12-04,15:39:37.468000,14148,14149,14148,3
2020-12-04,15:39:48.036000,14147,14148,14148,1
2020-12-04,15:40:04.363000,14147,14148,14148,4
2020-12-04,15:40:04.672000,14147,14148,14148,1
2020-12-04,15:40:09.629000,14147,14148,14148,1
2020-12-04,15:40:12.466000,14147,14148,14148,1
2020-12-04,15:40:19.260000,14148,14149,14149,1
2020-12-04,15:40:24.453000,14148,14149,14149,1
2020-12-04,15:41:02.548000,14148,14149,14148,1
2020-12-04,15:41:02.845000,14148,14149,14148,1
2020-12-04,15:41:14.117000,14148,14149,14149,1
2020-12-04,15:41:32.060000,14148,14149,14149,1
2020-12-04,15:41:51.881000,14148,14149,14148,1
2020-12-04,15:42:10.421000,14148,14149,14148,1
2020-12-04,15:42:17.132000,14148,14149,14148,4
2020-12-04,15:42:21.813000,14148,14149,14148,1
2020-12-04,15:42:23.723000,14148,14149,14148,2
2020-12-04,15:42:23.723000,14148,14149,14148,1
2020-12-04,15:42:23.723000,14148,14149,14148,5
2020-12-04,15:42:23.723000,14148,14149,14148,2
2020-12-04,15:42:25.795000,14147,14148,14148,2
2020-12-04,15:42:30.165000,14147,14149,14147,3
2020-12-04,15:42:51.987000,14148,14149,14148,1
2020-12-04,15:42:59.294000,14148,14149,14148,1
2020-12-04,15:43:03.504000,14148,14149,14148,1
2020-12-04,15:43:17.366000,14148,14149,14148,1
2020-12-04,15:43:35.355000,14148,14149,14148,1
2020-12-04,15:43:35.858000,14148,14149,14148,1
2020-12-04,15:43:41.889000,14148,14149,14148,1
2020-12-04,15:43:43.836000,14148,14149,14148,1
2020-12-04,15:44:02.414000,14148,14149,14148,2
2020-12-04,15:44:19.311000,14148,14149,14148,1
2020-12-04,15:44:20.990000,14148,14149,14149,7
2020-12-04,15:44:20.990000,14148,14149,14149,1
2020-12-04,15:44:20.991000,14148,14149,14149,11
2020-12-04,15:44:53.946000,14149,14150,14150,1
2020-12-04,15:45:09.549000,14149,14150,14149,1
2020-12-04,15:45:10.741000,14149,14150,14149,1
2020-12-04,15:45:19.445000,14149,14150,14149,1
2020-12-04,15:45:26.035000,14149,14150,14149,1
2020-12-04,15:45:36.856000,14148,14149,14149,1
2020-12-04,15:45:38.048000,14148,14149,14148,1
2020-12-04,15:45:39.669000,14148,14149,14148,1
2020-12-04,15:45:40.335000,14147,14149,14147,1
2020-12-04,15:45:40.337000,14147,14149,14147,2
2020-12-04,15:45:43.576000,14146,14148,14148,3
2020-12-04,15:45:43.577000,14146,14148,14148,1
2020-12-04,15:45:43.577000,14146,14148,14148,1
2020-12-04,15:45:59.975000,14148,14149,14148,1
2020-12-04,15:46:02.226000,14148,14149,14148,4
2020-12-04,15:46:02.227000,14148,14149,14148,1
2020-12-04,15:46:04.693000,14147,14148,14148,1
2020-12-04,15:46:04.806000,14147,14149,14149,1
2020-12-04,15:46:10.015000,14146,14148,14146,3
2020-12-04,15:46:17.745000,14146,14148,14147,1
2020-12-04,15:46:17.806000,14147,14149,14149,1
2020-12-04,15:46:18.017000,14147,14149,14147,2
2020-12-04,15:46:29,14147,14148,14147,5
2020-12-04,15:46:51.767000,14147,14148,14147,1
2020-12-04,15:46:51.804000,14147,14148,14148,1
2020-12-04,15:46:51.805000,14147,14148,14149,1
2020-12-04,15:46:51.806000,14147,14148,14149,1
2020-12-04,15:46:51.806000,14147,14148,14149,1
2020-12-04,15:46:51.806000,14147,14148,14149,1
2020-12-04,15:46:51.806000,14147,14148,14149,1
2020-12-04,15:46:51.807000,14147,14148,14149,1
2020-12-04,15:46:54.281000,14148,14149,14149,2
2020-12-04,15:47:17.433000,14148,14149,14148,3
2020-12-04,15:47:26.565000,14147,14148,14148,1
2020-12-04,15:47:39.376000,14147,14148,14148,3
2020-12-04,15:47:48.659000,14148,14149,14148,1
2020-12-04,15:47:50.933000,14148,14149,14149,1
2020-12-04,15:47:52.226000,14148,14149,14148,1
2020-12-04,15:48:12.320000,14148,14149,14149,1
2020-12-04,15:48:30.925000,14148,14150,14150,5
2020-12-04,15:48:30.925000,14148,14150,14150,4
2020-12-04,15:48:31.364000,14150,14151,14150,1
2020-12-04,15:49:02.220000,14150,14151,14150,2
2020-12-04,15:49:06.933000,14150,14151,14151,2
2020-12-04,15:49:18.152000,14150,14151,14151,1
2020-12-04,15:49:22.774000,14150,14151,14151,1
2020-12-04,15:49:50.255000,14150,14151,14151,6
2020-12-04,15:49:53.253000,14150,14151,14151,1
2020-12-04,15:49:57.599000,14150,14151,14151,1
2020-12-04,15:50:00.935000,14151,14152,14151,2
2020-12-04,15:50:02.470000,14151,14152,14151,3
2020-12-04,15:50:06.578000,14151,14152,14151,2
2020-12-04,15:50:11.751000,14150,14151,14151,1
2020-12-04,15:50:11.751000,14150,14151,14151,1
2020-12-04,15:50:11.751000,14150,14151,14151,1
2020-12-04,15:50:11.751000,14150,14151,14151,1
2020-12-04,15:50:11.751000,14150,14151,14151,1
2020-12-04,15:50:20.640000,14150,14151,14150,5
2020-12-04,15:50:40.232000,14150,14151,14151,3
2020-12-04,15:50:40.658000,14150,14151,14150,1
2020-12-04,15:50:43.451000,14150,14151,14150,1
2020-12-04,15:51:07.838000,14149,14151,14149,5
2020-12-04,15:51:15.624000,14149,14150,14150,1
2020-12-04,15:51:15.625000,14149,14150,14150,3
2020-12-04,15:51:36.285000,14150,14151,14150,7
2020-12-04,15:51:42.814000,14150,14151,14150,1
2020-12-04,15:51:51.308000,14150,14151,14151,1
2020-12-04,15:52:00.372000,14150,14151,14151,2
2020-12-04,15:52:03.565000,14150,14151,14151,5
2020-12-04,15:52:12.333000,14151,14152,14151,1
2020-12-04,15:52:30.897000,14151,14152,14151,2
2020-12-04,15:52:36.343000,14151,14152,14151,1
2020-12-04,15:52:46.804000,14151,14152,14151,1
2020-12-04,15:52:47.180000,14151,14152,14152,11
2020-12-04,15:52:58.891000,14152,14153,14153,2
2020-12-04,15:52:58.891000,14152,14153,14153,3
2020-12-04,15:52:58.925000,14152,14153,14153,1
2020-12-04,15:52:58.929000,14152,14154,14153,1
2020-12-04,15:53:03.834000,14153,14154,14154,4
2020-12-04,15:53:03.835000,14153,14154,14154,8
2020-12-04,15:53:03.836000,14153,14154,14154,8
2020-12-04,15:53:04.917000,14154,14155,14155,2
2020-12-04,15:53:04.981000,14154,14155,14155,1
2020-12-04,15:53:06.389000,14154,14155,14155,1
2020-12-04,15:53:09.334000,14154,14155,14155,1
2020-12-04,15:53:09.560000,14154,14155,14155,3
2020-12-04,15:53:09.678000,14154,14155,14155,6
2020-12-04,15:53:16.610000,14154,14155,14155,1
2020-12-04,15:53:18.019000,14154,14155,14154,2
2020-12-04,15:53:20.281000,14153,14155,14155,9
2020-12-04,15:53:24.059000,14153,14154,14154,1
2020-12-04,15:53:30.393000,14153,14154,14154,1
2020-12-04,15:53:31.899000,14153,14154,14154,1
2020-12-04,15:53:39.656000,14153,14154,14154,1
2020-12-04,15:53:44.653000,14154,14155,14154,1
2020-12-04,15:53:51.766000,14153,14154,14153,2
2020-12-04,15:53:54.990000,14153,14154,14154,2
2020-12-04,15:53:55.805000,14153,14154,14153,1
2020-12-04,15:54:04.178000,14153,14154,14153,4
2020-12-04,15:54:04.664000,14152,14154,14154,3
2020-12-04,15:54:09.961000,14152,14153,14153,1
2020-12-04,15:54:36.698000,14152,14153,14153,4
2020-12-04,15:54:42.601000,14152,14153,14153,1
2020-12-04,15:55:01.159000,14152,14153,14152,1
2020-12-04,15:55:01.159000,14152,14153,14152,2
2020-12-04,15:55:01.160000,14152,14153,14152,4
2020-12-04,15:55:05.073000,14151,14152,14152,1
2020-12-04,15:55:13.496000,14152,14153,14152,1
2020-12-04,15:55:34.594000,14152,14153,14153,1
2020-12-04,15:55:44.900000,14152,14154,14152,8
2020-12-04,15:55:44.901000,14152,14154,14152,1
2020-12-04,15:55:44.901000,14152,14154,14152,1
2020-12-04,15:56:06.417000,14151,14152,14152,2
2020-12-04,15:56:08.685000,14151,14152,14152,4
2020-12-04,15:56:14.465000,14151,14152,14152,1
2020-12-04,15:56:31.326000,14151,14152,14152,1
2020-12-04,15:56:41.025000,14151,14152,14152,1
2020-12-04,15:56:51.918000,14151,14152,14152,1
2020-12-04,15:56:55.081000,14151,14152,14152,5
2020-12-04,15:56:55.081000,14151,14152,14152,1
2020-12-04,15:56:55.081000,14151,14152,14152,3
2020-12-04,15:56:55.081000,14151,14152,14152,1
2020-12-04,15:57:16.579000,14151,14152,14152,2
2020-12-04,15:57:47.955000,14151,14152,14151,1
2020-12-04,15:57:48.053000,14151,14152,14151,6
2020-12-04,15:58:07.772000,14150,14151,14150,1
2020-12-04,15:58:08.064000,14150,14151,14150,1
2020-12-04,15:58:35.758000,14150,14151,14151,3
2020-12-04,15:58:46.078000,14151,14152,14151,1
2020-12-04,15:58:48.956000,14151,14152,14152,4
2020-12-04,15:58:49.055000,14151,14152,14152,4
2020-12-04,15:59:06.651000,14152,14153,14152,3
2020-12-04,15:59:06.783000,14151,14153,14151,1
2020-12-04,15:59:15.636000,14152,14153,14152,1
2020-12-04,15:59:17.206000,14152,14153,14152,3
2020-12-04,15:59:19.429000,14151,14152,14152,1
2020-12-04,15:59:20.963000,14151,14152,14151,2
2020-12-04,15:59:20.964000,14151,14152,14151,1
2020-12-04,15:59:20.964000,14151,14152,14151,1
2020-12-04,15:59:26.979000,14150,14151,14151,3
2020-12-04,15:59:26.979000,14150,14151,14151,1
2020-12-04,15:59:43.645000,14150,14151,14151,1
2020-12-04,15:59:45.212000,14150,14151,14151,1
2020-12-04,16:00:00.545000,14150,14151,14150,6
2020-12-04,16:00:00.545000,14150,14151,14150,12
2020-12-04,16:00:00.965000,14149,14150,14150,1
2020-12-04,16:00:01.015000,14149,14150,14150,1
2020-12-04,16:00:01.015000,14149,14150,14150,1
2020-12-04,16:00:01.337000,14150,14151,14151,1
2020-12-04,16:00:01.360000,14150,14151,14150,2
2020-12-04,16:00:02.137000,14149,14151,14149,14
2020-12-04,16:00:02.401000,14148,14149,14148,1
2020-12-04,16:00:02.411000,14148,14149,14148,1
2020-12-04,16:00:02.443000,14148,14150,14148,1
2020-12-04,16:00:02.444000,14148,14150,14148,1
2020-12-04,16:00:02.445000,14148,14150,14148,1
2020-12-04,16:00:02.445000,14148,14150,14148,1
2020-12-04,16:00:02.449000,14148,14150,14148,1
2020-12-04,16:00:02.481000,14148,14150,14148,1
2020-12-04,16:00:02.483000,14148,14150,14148,1
2020-12-04,16:00:02.498000,14148,14150,14148,2
2020-12-04,16:00:02.512000,14148,14150,14148,1
2020-12-04,16:00:02.528000,14148,14150,14148,1
2020-12-04,16:00:11.978000,14148,14150,14148,12
2020-12-04,16:00:11.978000,14148,14150,14147,8
2020-12-04,16:00:12.098000,14148,14150,14148,1
2020-12-04,16:00:15.898000,14150,14151,14151,2
2020-12-04,16:00:15.899000,14150,14151,14151,1
2020-12-04,16:00:15.899000,14150,14151,14151,1
2020-12-04,16:00:15.899000,14150,14151,14151,1
2020-12-04,16:00:27.699000,14151,14152,14152,1
2020-12-04,16:00:30.337000,14152,14153,14152,1
2020-12-04,16:00:30.376000,14152,14153,14152,1
2020-12-04,16:00:38.201000,14152,14153,14152,2
2020-12-04,16:00:46.006000,14152,14153,14153,1
2020-12-04,16:00:57.934000,14152,14153,14153,1
2020-12-04,16:00:58.485000,14152,14154,14154,1
2020-12-04,16:00:58.485000,14152,14154,14154,1
2020-12-04,16:01:00.922000,14153,14154,14154,3
2020-12-04,16:01:08.127000,14153,14155,14153,1
2020-12-04,16:01:08.894000,14153,14155,14154,1
2020-12-04,16:01:13.285000,14154,14155,14154,1
2020-12-04,16:01:15.153000,14153,14155,14153,1
2020-12-04,16:01:16.024000,14153,14155,14153,2
2020-12-04,16:01:21.766000,14154,14155,14155,1
2020-12-04,16:01:21.767000,14154,14155,14155,3
2020-12-04,16:01:21.767000,14154,14155,14155,19
2020-12-04,16:01:22.987000,14154,14156,14156,1
2020-12-04,16:01:26.609000,14155,14156,14156,2
2020-12-04,16:01:29.050000,14155,14156,14156,1
2020-12-04,16:01:29.050000,14155,14156,14156,1
2020-12-04,16:01:29.050000,14155,14156,14156,3
2020-12-04,16:01:29.051000,14155,14156,14156,2
2020-12-04,16:01:30.838000,14156,14157,14156,1
2020-12-04,16:01:34.555000,14156,14157,14156,1
2020-12-04,16:01:40.638000,14156,14157,14157,1
2020-12-04,16:01:42.246000,14156,14157,14157,1
2020-12-04,16:01:42.534000,14156,14157,14157,1
2020-12-04,16:01:43.344000,14156,14157,14156,1
2020-12-04,16:01:44.640000,14156,14157,14157,1
2020-12-04,16:01:45.710000,14156,14157,14157,1
2020-12-04,16:01:45.777000,14156,14157,14156,1
2020-12-04,16:01:46.195000,14156,14157,14157,1
2020-12-04,16:01:48.807000,14156,14157,14157,3
2020-12-04,16:01:48.936000,14156,14157,14157,1
2020-12-04,16:01:49.694000,14156,14157,14157,2
2020-12-04,16:01:54.842000,14156,14157,14156,1
2020-12-04,16:01:58.891000,14156,14157,14156,3
2020-12-04,16:02:02.818000,14156,14157,14157,1
2020-12-04,16:02:03.478000,14156,14157,14156,1
2020-12-04,16:02:07.641000,14156,14157,14157,1
2020-12-04,16:02:08.979000,14156,14157,14157,1
2020-12-04,16:02:10.941000,14156,14157,14157,1
2020-12-04,16:02:16.886000,14156,14157,14157,1
2020-12-04,16:02:18.090000,14156,14157,14156,1
2020-12-04,16:02:23.548000,14156,14157,14156,1
2020-12-04,16:02:23.549000,14156,14157,14156,7
2020-12-04,16:02:26.602000,14156,14157,14156,1
2020-12-04,16:02:28.060000,14156,14157,14156,1
2020-12-04,16:02:29.200000,14155,14156,14156,1
2020-12-04,16:02:44.094000,14156,14157,14157,1
2020-12-04,16:02:46.424000,14156,14157,14157,1
2020-12-04,16:02:47.462000,14156,14157,14156,1
2020-12-04,16:02:53.840000,14156,14157,14157,1
2020-12-04,16:02:56.207000,14156,14157,14156,4
2020-12-04,16:02:58.802000,14156,14157,14156,7
2020-12-04,16:03:00.750000,14155,14156,14156,1
2020-12-04,16:03:01.638000,14155,14156,14156,1
2020-12-04,16:03:02.674000,14155,14156,14156,1
2020-12-04,16:03:08.927000,14156,14157,14156,1
2020-12-04,16:03:13.129000,14156,14157,14156,1
2020-12-04,16:03:15.556000,14156,14157,14156,1
2020-12-04,16:03:21.918000,14156,14157,14156,1
2020-12-04,16:03:24.943000,14156,14157,14156,1
2020-12-04,16:03:30.417000,14156,14157,14156,2
2020-12-04,16:03:37.345000,14156,14157,14156,1
2020-12-04,16:03:41.207000,14156,14157,14156,4
2020-12-04,16:03:42.463000,14155,14156,14156,1
2020-12-04,16:03:50.759000,14155,14156,14155,4
2020-12-04,16:03:52.146000,14153,14155,14155,1
2020-12-04,16:03:56.786000,14154,14156,14154,1
2020-12-04,16:04:01.224000,14155,14156,14155,1
2020-12-04,16:04:22.524000,14154,14155,14155,1
2020-12-04,16:04:39.262000,14154,14155,14155,4
2020-12-04,16:04:39.263000,14154,14155,14155,1
2020-12-04,16:04:39.263000,14154,14155,14155,3
2020-12-04,16:04:40.183000,14155,14156,14156,3
2020-12-04,16:04:42.784000,14155,14157,14155,1
2020-12-04,16:04:43.008000,14155,14157,14157,4
2020-12-04,16:04:44.791000,14155,14157,14156,1
2020-12-04,16:04:50.925000,14154,14156,14156,1
2020-12-04,16:04:57.379000,14155,14156,14155,1
2020-12-04,16:05:06.770000,14155,14156,14156,1
2020-12-04,16:05:13.147000,14156,14157,14157,6
2020-12-04,16:05:15.912000,14156,14158,14156,1
2020-12-04,16:05:19.396000,14156,14158,14158,5
2020-12-04,16:05:21.696000,14157,14158,14158,1
2020-12-04,16:05:23.636000,14157,14158,14158,11
2020-12-04,16:05:24.502000,14158,14159,14158,1
2020-12-04,16:05:29.489000,14158,14159,14159,1
2020-12-04,16:05:29.490000,14158,14159,14159,2
2020-12-04,16:05:29.490000,14158,14159,14159,13
2020-12-04,16:05:29.526000,14158,14159,14159,1
2020-12-04,16:05:30.184000,14159,14160,14159,1
2020-12-04,16:05:31.281000,14158,14160,14160,2
2020-12-04,16:05:34.510000,14158,14160,14160,2
2020-12-04,16:05:37.573000,14159,14160,14160,3
2020-12-04,16:05:38.268000,14159,14160,14159,1
2020-12-04,16:05:38.485000,14158,14160,14160,1
2020-12-04,16:05:38.490000,14158,14160,14160,1
2020-12-04,16:05:41.787000,14158,14160,14160,1
2020-12-04,16:05:46.463000,14159,14160,14159,1
2020-12-04,16:05:47.823000,14159,14160,14159,3
2020-12-04,16:05:58.643000,14158,14159,14159,2
2020-12-04,16:06:11.141000,14158,14159,14159,1
2020-12-04,16:06:11.284000,14158,14159,14159,1
2020-12-04,16:06:11.383000,14158,14159,14159,1
2020-12-04,16:06:11.449000,14158,14159,14160,3
2020-12-04,16:06:11.606000,14158,14160,14160,2
2020-12-04,16:06:13.672000,14158,14159,14159,1
2020-12-04,16:06:14.530000,14159,14160,14159,1
2020-12-04,16:06:16.402000,14159,14160,14159,1
2020-12-04,16:06:16.533000,14158,14159,14159,1
2020-12-04,16:06:24.453000,14159,14160,14159,1
2020-12-04,16:06:31.657000,14159,14160,14159,1
2020-12-04,16:06:34.686000,14159,14160,14159,1
2020-12-04,16:06:40.132000,14159,14160,14159,1
2020-12-04,16:06:41.656000,14159,14160,14160,4
2020-12-04,16:06:41.657000,14159,14160,14160,4
2020-12-04,16:06:41.657000,14159,14160,14160,2
2020-12-04,16:06:41.657000,14159,14160,14160,2
2020-12-04,16:06:41.756000,14160,14161,14161,1
2020-12-04,16:06:42.067000,14160,14161,14161,1
2020-12-04,16:06:42.107000,14160,14161,14161,3
2020-12-04,16:06:42.198000,14160,14162,14162,1
2020-12-04,16:06:45.910000,14160,14161,14161,4
2020-12-04,16:06:48.342000,14160,14161,14161,4
2020-12-04,16:06:50.964000,14161,14162,14161,4
2020-12-04,16:06:51.702000,14161,14162,14162,1
2020-12-04,16:06:52.383000,14161,14162,14161,2
2020-12-04,16:06:53.390000,14161,14162,14162,1
2020-12-04,16:06:54.149000,14161,14162,14161,1
2020-12-04,16:06:54.512000,14160,14161,14161,1
2020-12-04,16:06:59.115000,14160,14161,14161,3
2020-12-04,16:06:59.721000,14160,14162,14160,4
2020-12-04,16:07:01.251000,14160,14162,14162,1
2020-12-04,16:07:02.761000,14161,14162,14161,4
2020-12-04,16:07:11.564000,14161,14162,14162,4
2020-12-04,16:07:11.882000,14161,14162,14161,3
2020-12-04,16:07:12.286000,14160,14161,14161,1
2020-12-04,16:07:15.555000,14161,14162,14161,22
2020-12-04,16:07:16.318000,14160,14161,14161,6
2020-12-04,16:07:16.318000,14160,14161,14162,4
2020-12-04,16:07:21.411000,14160,14161,14160,6
2020-12-04,16:07:21.697000,14160,14161,14161,1
2020-12-04,16:07:24.553000,14160,14161,14160,3
2020-12-04,16:07:29.134000,14159,14160,14160,1
2020-12-04,16:07:36.953000,14159,14160,14160,2
2020-12-04,16:07:37.928000,14159,14160,14159,1
2020-12-04,16:07:37.968000,14159,14160,14159,2
2020-12-04,16:07:37.969000,14159,14160,14159,6
2020-12-04,16:07:38.010000,14159,14160,14158,1
2020-12-04,16:07:38.048000,14159,14160,14158,1
2020-12-04,16:07:42.515000,14158,14159,14158,1
2020-12-04,16:07:42.600000,14157,14158,14158,3
2020-12-04,16:07:42.612000,14157,14158,14158,2
2020-12-04,16:07:46.948000,14158,14159,14159,1
2020-12-04,16:07:49.274000,14159,14160,14159,1
2020-12-04,16:07:51.553000,14159,14160,14160,7
2020-12-04,16:08:05.770000,14158,14160,14160,7
2020-12-04,16:08:23.325000,14159,14160,14160,2
2020-12-04,16:08:26.446000,14159,14160,14160,3
2020-12-04,16:08:26.447000,14159,14160,14160,3
2020-12-04,16:08:31.402000,14160,14161,14160,3
2020-12-04,16:08:36.388000,14160,14161,14161,5
2020-12-04,16:08:36.968000,14160,14161,14161,5
2020-12-04,16:09:05.959000,14161,14162,14162,1
2020-12-04,16:09:05.960000,14161,14162,14162,2
2020-12-04,16:09:05.960000,14161,14162,14162,2
2020-12-04,16:09:05.960000,14161,14162,14162,4
2020-12-04,16:09:05.960000,14161,14162,14162,2
2020-12-04,16:09:05.960000,14161,14162,14162,5
2020-12-04,16:09:14.740000,14161,14162,14162,4
2020-12-04,16:09:14.744000,14161,14162,14162,1
2020-12-04,16:09:27.571000,14161,14162,14162,1
2020-12-04,16:09:38.411000,14161,14162,14162,1
2020-12-04,16:09:40.676000,14161,14162,14161,1
2020-12-04,16:09:40.944000,14161,14162,14161,4
2020-12-04,16:09:40.944000,14161,14162,14161,9
2020-12-04,16:09:42.409000,14160,14162,14162,1
2020-12-04,16:09:43.199000,14160,14162,14160,1
2020-12-04,16:09:43.979000,14160,14162,14162,2
2020-12-04,16:09:51.335000,14160,14161,14161,1
2020-12-04,16:10:03.390000,14160,14161,14161,1
2020-12-04,16:10:03.591000,14161,14162,14161,3
2020-12-04,16:10:11.532000,14160,14161,14161,1
2020-12-04,16:10:12.541000,14160,14161,14161,1
2020-12-04,16:10:17.218000,14160,14161,14161,1
2020-12-04,16:10:22.870000,14160,14161,14161,1
2020-12-04,16:10:23.545000,14160,14161,14160,2
2020-12-04,16:10:24.054000,14160,14161,14160,4
2020-12-04,16:10:24.054000,14160,14161,14160,5
2020-12-04,16:10:28.760000,14160,14161,14160,1
2020-12-04,16:10:51.288000,14159,14160,14160,3
2020-12-04,16:10:51.289000,14159,14160,14160,1
2020-12-04,16:10:51.289000,14159,14160,14160,3
2020-12-04,16:11:09.947000,14159,14160,14160,1
2020-12-04,16:11:20.535000,14160,14161,14160,1
2020-12-04,16:11:20.674000,14160,14161,14160,2
2020-12-04,16:11:21.362000,14159,14160,14160,1
2020-12-04,16:11:43.481000,14159,14160,14159,1
2020-12-04,16:11:44.580000,14159,14160,14159,1
2020-12-04,16:11:52.471000,14159,14160,14160,1
2020-12-04,16:11:55.450000,14159,14160,14160,2
2020-12-04,16:11:55.450000,14159,14160,14160,1
2020-12-04,16:11:55.450000,14159,14160,14160,2
2020-12-04,16:11:55.737000,14160,14161,14161,1
2020-12-04,16:11:56.967000,14160,14161,14161,1
2020-12-04,16:11:58.768000,14160,14161,14161,3
2020-12-04,16:12:01.574000,14160,14161,14161,1
2020-12-04,16:12:02.008000,14160,14161,14161,1
2020-12-04,16:12:02.082000,14160,14161,14161,1
2020-12-04,16:12:02.225000,14160,14161,14161,2
2020-12-04,16:12:02.226000,14160,14161,14161,2
2020-12-04,16:12:02.226000,14160,14161,14161,4
2020-12-04,16:12:07.923000,14161,14162,14161,1
2020-12-04,16:12:10.797000,14161,14162,14162,18
2020-12-04,16:12:12.357000,14162,14163,14163,2
2020-12-04,16:12:12.620000,14162,14163,14163,1
2020-12-04,16:12:14.410000,14162,14163,14163,1
2020-12-04,16:12:14.457000,14162,14163,14163,5
2020-12-04,16:12:15.097000,14162,14163,14163,5
2020-12-04,16:12:15.178000,14162,14163,14163,6
2020-12-04,16:12:15.179000,14162,14163,14163,4
2020-12-04,16:12:19.976000,14163,14164,14163,1
2020-12-04,16:12:25.234000,14163,14164,14164,1
2020-12-04,16:12:25.329000,14163,14164,14164,1
2020-12-04,16:12:25.331000,14163,14164,14164,2
2020-12-04,16:12:25.333000,14163,14164,14164,1
2020-12-04,16:12:25.431000,14163,14164,14164,1
2020-12-04,16:12:25.466000,14163,14164,14164,1
2020-12-04,16:12:25.468000,14163,14164,14164,1
2020-12-04,16:12:25.468000,14163,14164,14164,7
2020-12-04,16:12:25.468000,14163,14164,14164,1
2020-12-04,16:12:25.473000,14163,14164,14165,1
2020-12-04,16:12:25.475000,14163,14164,14165,1
2020-12-04,16:12:25.502000,14163,14164,14165,3
2020-12-04,16:12:25.506000,14163,14164,14165,1
2020-12-04,16:12:25.519000,14163,14164,14165,1
2020-12-04,16:12:25.584000,14164,14165,14165,2
2020-12-04,16:12:25.589000,14164,14165,14165,1
2020-12-04,16:12:25.591000,14164,14165,14165,1
2020-12-04,16:12:25.601000,14164,14165,14165,1
2020-12-04,16:12:25.610000,14164,14165,14165,1
2020-12-04,16:12:25.625000,14164,14165,14165,1
2020-12-04,16:12:25.630000,14164,14165,14165,1
2020-12-04,16:12:25.631000,14164,14165,14165,1
2020-12-04,16:12:25.661000,14164,14165,14165,1
2020-12-04,16:12:25.662000,14164,14165,14165,1
2020-12-04,16:12:25.663000,14164,14165,14165,1
2020-12-04,16:12:25.668000,14164,14165,14165,1
2020-12-04,16:12:25.682000,14164,14165,14165,1
2020-12-04,16:12:25.712000,14164,14165,14164,1
2020-12-04,16:12:25.740000,14164,14165,14165,1
2020-12-04,16:12:25.761000,14164,14165,14165,2
2020-12-04,16:12:25.778000,14164,14165,14165,5
2020-12-04,16:12:25.816000,14164,14166,14166,1
2020-12-04,16:12:25.823000,14164,14166,14166,1
2020-12-04,16:12:25.890000,14164,14166,14166,4
2020-12-04,16:12:25.891000,14164,14166,14166,3
2020-12-04,16:12:25.897000,14164,14166,14166,1
2020-12-04,16:12:25.924000,14164,14166,14166,1
2020-12-04,16:12:25.962000,14165,14166,14166,1
2020-12-04,16:12:25.973000,14165,14166,14166,1
2020-12-04,16:12:25.975000,14165,14166,14166,2
2020-12-04,16:12:26.529000,14165,14166,14164,1
2020-12-04,16:12:28.043000,14165,14166,14166,1
2020-12-04,16:12:35.887000,14165,14166,14166,3
2020-12-04,16:12:36.514000,14165,14166,14166,5
2020-12-04,16:12:37.207000,14165,14166,14166,1
2020-12-04,16:12:37.624000,14165,14166,14166,1
2020-12-04,16:12:37.798000,14165,14166,14166,3
2020-12-04,16:12:37.799000,14165,14166,14166,1
2020-12-04,16:12:37.799000,14165,14166,14166,1
2020-12-04,16:12:38.399000,14166,14167,14166,1
2020-12-04,16:12:38.865000,14166,14167,14166,1
2020-12-04,16:12:39.634000,14165,14167,14167,9
2020-12-04,16:12:39.644000,14165,14167,14166,1
2020-12-04,16:12:39.695000,14166,14167,14166,1
2020-12-04,16:12:40.168000,14166,14167,14167,1
2020-12-04,16:12:40.292000,14166,14167,14167,4
2020-12-04,16:12:42.889000,14167,14168,14168,5
2020-12-04,16:12:42.971000,14167,14168,14168,2
2020-12-04,16:12:43.130000,14167,14168,14168,1
2020-12-04,16:12:43.511000,14167,14168,14167,7
2020-12-04,16:12:43.511000,14167,14168,14166,10
2020-12-04,16:12:43.588000,14166,14167,14167,1
2020-12-04,16:12:43.615000,14166,14167,14167,4
2020-12-04,16:12:43.615000,14166,14167,14167,1
2020-12-04,16:12:43.656000,14166,14167,14168,1
2020-12-04,16:12:44.008000,14166,14168,14166,3
2020-12-04,16:12:44.192000,14166,14167,14167,1
2020-12-04,16:12:44.217000,14166,14167,14167,3
2020-12-04,16:12:46.716000,14166,14168,14167,1
2020-12-04,16:12:50.026000,14166,14168,14167,1
2020-12-04,16:12:50.524000,14166,14167,14167,1
2020-12-04,16:12:51.718000,14166,14167,14167,2
2020-12-04,16:12:51.847000,14166,14167,14167,1
2020-12-04,16:12:56.718000,14166,14167,14166,1
2020-12-04,16:12:56.843000,14166,14167,14167,4
2020-12-04,16:12:56.843000,14166,14167,14168,5
2020-12-04,16:12:56.894000,14166,14167,14167,1
2020-12-04,16:12:57.428000,14167,14168,14167,1
2020-12-04,16:12:57.804000,14166,14167,14167,1
2020-12-04,16:12:58.425000,14166,14167,14167,1
2020-12-04,16:13:00.515000,14166,14167,14167,1
2020-12-04,16:13:01.742000,14166,14167,14167,1
2020-12-04,16:13:03.221000,14166,14167,14166,1
2020-12-04,16:13:03.221000,14166,14167,14166,4
2020-12-04,16:13:03.221000,14166,14167,14166,3
2020-12-04,16:13:03.797000,14165,14167,14167,1
2020-12-04,16:13:09.862000,14166,14167,14167,1
2020-12-04,16:13:09.916000,14166,14167,14167,1
2020-12-04,16:13:16.941000,14166,14167,14167,2
2020-12-04,16:13:17.341000,14166,14167,14167,1
2020-12-04,16:13:19.842000,14166,14167,14166,7
2020-12-04,16:13:21.111000,14166,14167,14166,7
2020-12-04,16:13:21.111000,14166,14167,14165,3
2020-12-04,16:13:21.141000,14166,14167,14166,1
2020-12-04,16:13:26.508000,14166,14167,14166,1
2020-12-04,16:13:29.652000,14165,14167,14166,1
2020-12-04,16:13:31.839000,14165,14166,14166,1
2020-12-04,16:13:33.843000,14166,14167,14166,1
2020-12-04,16:13:35.567000,14166,14167,14166,1
2020-12-04,16:13:35.697000,14166,14167,14166,1
2020-12-04,16:13:38.427000,14166,14167,14166,1
2020-12-04,16:13:39.465000,14166,14167,14167,1
2020-12-04,16:13:39.563000,14166,14167,14167,1
2020-12-04,16:13:39.563000,14166,14167,14167,4
2020-12-04,16:13:39.564000,14166,14167,14167,3
2020-12-04,16:13:39.577000,14166,14167,14167,1
2020-12-04,16:13:39.782000,14167,14168,14168,1
2020-12-04,16:13:45.001000,14167,14168,14167,1
2020-12-04,16:13:45.828000,14167,14168,14168,1
2020-12-04,16:13:46.069000,14167,14168,14168,1
2020-12-04,16:13:49.813000,14167,14168,14168,1
2020-12-04,16:13:50.480000,14167,14168,14168,3
2020-12-04,16:13:50.565000,14167,14168,14168,2
2020-12-04,16:13:50.744000,14167,14168,14168,1
2020-12-04,16:13:51.009000,14167,14168,14168,1
2020-12-04,16:13:52.573000,14167,14168,14167,1
2020-12-04,16:13:54.123000,14167,14168,14168,1
2020-12-04,16:13:55.452000,14167,14168,14168,3
2020-12-04,16:13:57.854000,14167,14168,14167,2
2020-12-04,16:14:01.811000,14167,14168,14167,4
2020-12-04,16:14:01.811000,14167,14168,14167,1
2020-12-04,16:14:02.083000,14166,14167,14167,2
2020-12-04,16:14:02.381000,14166,14168,14166,1
2020-12-04,16:14:10.990000,14166,14167,14166,1
2020-12-04,16:14:13.661000,14166,14167,14167,1
2020-12-04,16:14:16.851000,14166,14167,14167,1
2020-12-04,16:14:20.348000,14166,14167,14167,1
2020-12-04,16:14:22.711000,14166,14167,14167,1
2020-12-04,16:14:23.346000,14166,14167,14167,1
2020-12-04,16:14:23.536000,14167,14168,14168,2
2020-12-04,16:14:23.626000,14167,14168,14168,1
2020-12-04,16:14:24.604000,14167,14168,14167,1
2020-12-04,16:14:25.260000,14167,14168,14167,1
2020-12-04,16:14:25.688000,14167,14168,14168,1
2020-12-04,16:14:26.272000,14167,14168,14168,2
2020-12-04,16:14:28.136000,14167,14168,14167,1
2020-12-04,16:14:28.479000,14167,14168,14168,1
2020-12-04,16:14:30.589000,14167,14168,14168,1
2020-12-04,16:14:31.318000,14167,14168,14168,5
2020-12-04,16:14:39.126000,14167,14168,14167,11
2020-12-04,16:14:40.966000,14166,14167,14167,1
2020-12-04,16:14:42.395000,14166,14167,14166,10
2020-12-04,16:14:42.726000,14165,14166,14166,1
2020-12-04,16:14:45.926000,14166,14167,14167,1
2020-12-04,16:14:52.678000,14166,14167,14166,1
2020-12-04,16:14:55.698000,14166,14167,14166,1
2020-12-04,16:14:55.803000,14166,14167,14166,1
2020-12-04,16:14:56.548000,14165,14167,14166,1
2020-12-04,16:15:01.780000,14165,14166,14166,1
2020-12-04,16:15:02.298000,14165,14166,14165,2
2020-12-04,16:15:02.328000,14165,14166,14166,2
2020-12-04,16:15:02.328000,14165,14166,14167,8
2020-12-04,16:15:02.362000,14165,14166,14167,1
2020-12-04,16:15:02.362000,14165,14166,14167,1
2020-12-04,16:15:02.362000,14165,14166,14167,1
2020-12-04,16:15:02.383000,14165,14166,14167,1
2020-12-04,16:15:02.385000,14165,14166,14167,1
2020-12-04,16:15:02.408000,14165,14166,14168,1
2020-12-04,16:15:02.415000,14165,14166,14168,1
2020-12-04,16:15:03.142000,14166,14168,14168,2
2020-12-04,16:15:03.774000,14167,14168,14167,6
2020-12-04,16:15:03.774000,14167,14168,14166,1
2020-12-04,16:15:09.648000,14167,14168,14167,1
2020-12-04,16:15:15.427000,14167,14168,14168,1
2020-12-04,16:15:15.495000,14167,14168,14168,1
2020-12-04,16:15:18.691000,14167,14168,14168,1
2020-12-04,16:15:23.445000,14167,14168,14168,1
2020-12-04,16:15:23.529000,14167,14168,14168,1
2020-12-04,16:15:23.665000,14167,14168,14168,1
2020-12-04,16:15:26.323000,14167,14168,14168,1
2020-12-04,16:15:27.665000,14167,14168,14167,1
2020-12-04,16:15:27.700000,14167,14168,14168,5
2020-12-04,16:15:27.700000,14167,14168,14169,5
2020-12-04,16:15:27.863000,14168,14169,14169,1
2020-12-04,16:15:27.883000,14168,14169,14169,1
2020-12-04,16:15:28.126000,14168,14169,14168,1
2020-12-04,16:15:28.665000,14168,14169,14169,2
2020-12-04,16:15:31.516000,14168,14169,14169,1
2020-12-04,16:15:32.021000,14168,14169,14169,2
2020-12-04,16:15:33.002000,14168,14169,14169,2
2020-12-04,16:15:34.255000,14168,14169,14168,1
2020-12-04,16:15:38.020000,14168,14169,14169,1
2020-12-04,16:15:46.692000,14168,14169,14168,1
2020-12-04,16:15:47.828000,14168,14169,14168,1
2020-12-04,16:15:48.098000,14168,14169,14169,1
2020-12-04,16:15:49.022000,14168,14169,14169,1
2020-12-04,16:15:50.004000,14168,14169,14169,7
2020-12-04,16:15:55.300000,14169,14170,14170,4
2020-12-04,16:15:55.301000,14169,14170,14170,1
2020-12-04,16:15:55.301000,14169,14170,14170,6
2020-12-04,16:15:55.301000,14169,14170,14170,10
2020-12-04,16:15:55.301000,14169,14170,14170,3
2020-12-04,16:15:55.301000,14169,14170,14170,12
2020-12-04,16:15:55.301000,14169,14170,14170,2
2020-12-04,16:15:55.301000,14169,14170,14170,11
2020-12-04,16:15:55.301000,14169,14170,14170,1
2020-12-04,16:15:55.363000,14170,14171,14171,1
2020-12-04,16:15:55.500000,14170,14171,14171,1
2020-12-04,16:15:55.525000,14170,14171,14170,3
2020-12-04,16:15:55.525000,14170,14171,14169,1
2020-12-04,16:15:55.716000,14169,14171,14169,1
2020-12-04,16:15:55.720000,14169,14171,14169,1
2020-12-04,16:15:55.721000,14169,14171,14169,1
2020-12-04,16:15:55.918000,14169,14171,14170,1
2020-12-04,16:15:56.077000,14169,14171,14171,1
2020-12-04,16:15:56.274000,14170,14171,14171,1
2020-12-04,16:15:56.811000,14169,14171,14171,1
2020-12-04,16:15:56.815000,14169,14171,14169,3
2020-12-04,16:15:59.839000,14169,14170,14170,1
2020-12-04,16:16:04.924000,14169,14170,14170,4
2020-12-04,16:16:04.924000,14169,14170,14170,1
2020-12-04,16:16:05.652000,14169,14170,14169,3
2020-12-04,16:16:06.971000,14168,14169,14169,3
2020-12-04,16:16:06.971000,14168,14169,14169,1
2020-12-04,16:16:07.625000,14168,14170,14170,5
2020-12-04,16:16:09.277000,14168,14170,14168,1
2020-12-04,16:16:12.828000,14168,14170,14168,3
2020-12-04,16:16:13,14168,14170,14169,1
2020-12-04,16:16:16.778000,14168,14170,14168,2
2020-12-04,16:16:22.328000,14168,14170,14168,2
2020-12-04,16:16:25.226000,14168,14170,14169,1
2020-12-04,16:16:35.588000,14168,14169,14168,1
2020-12-04,16:16:40.159000,14168,14169,14168,1
2020-12-04,16:17:02.359000,14168,14169,14169,1
2020-12-04,16:17:02.503000,14168,14169,14168,2
2020-12-04,16:17:06.802000,14168,14169,14168,1
2020-12-04,16:17:12.318000,14168,14169,14168,11
2020-12-04,16:17:12.319000,14168,14169,14168,1
2020-12-04,16:17:12.537000,14167,14168,14167,1
2020-12-04,16:17:12.583000,14167,14168,14168,5
2020-12-04,16:17:12.583000,14167,14168,14169,5
2020-12-04,16:17:20.141000,14167,14168,14168,1
2020-12-04,16:17:24.047000,14167,14168,14168,1
2020-12-04,16:17:30.809000,14167,14168,14168,1
2020-12-04,16:17:30.995000,14167,14168,14168,1
2020-12-04,16:17:32.944000,14168,14169,14169,1
2020-12-04,16:17:35.495000,14168,14169,14168,1
2020-12-04,16:17:37.924000,14168,14169,14168,1
2020-12-04,16:17:41.156000,14168,14169,14168,1
2020-12-04,16:17:42.782000,14168,14169,14168,1
2020-12-04,16:17:52.767000,14168,14169,14168,1
2020-12-04,16:17:57.752000,14168,14169,14168,1
2020-12-04,16:17:57.753000,14168,14169,14168,1
2020-12-04,16:18:02.437000,14167,14168,14167,1
2020-12-04,16:18:03.955000,14167,14168,14167,2
2020-12-04,16:18:09.131000,14167,14168,14168,1
2020-12-04,16:18:09.442000,14167,14168,14168,1
2020-12-04,16:18:10.968000,14167,14169,14167,1
2020-12-04,16:18:25.048000,14167,14168,14168,3
2020-12-04,16:18:25.048000,14167,14168,14169,2
2020-12-04,16:18:26.451000,14168,14169,14169,1
2020-12-04,16:18:35.003000,14167,14168,14168,1
2020-12-04,16:18:38.923000,14168,14169,14169,1
2020-12-04,16:18:38.925000,14168,14169,14169,1
2020-12-04,16:18:43.072000,14168,14169,14169,1
2020-12-04,16:18:45.167000,14168,14169,14169,4
2020-12-04,16:18:45.167000,14168,14169,14170,1
2020-12-04,16:18:48.416000,14169,14170,14169,1
2020-12-04,16:18:56.414000,14169,14170,14169,6
2020-12-04,16:18:57.140000,14168,14169,14169,5
2020-12-04,16:18:58.307000,14168,14170,14169,1
2020-12-04,16:19:01.936000,14168,14170,14170,3
2020-12-04,16:19:09.854000,14168,14170,14170,5
2020-12-04,16:19:09.861000,14168,14170,14170,1
2020-12-04,16:19:09.867000,14168,14170,14170,2
2020-12-04,16:19:10.250000,14169,14170,14169,3
2020-12-04,16:19:10.408000,14169,14170,14170,1
2020-12-04,16:19:10.782000,14169,14170,14169,1
2020-12-04,16:19:10.929000,14168,14170,14170,1
2020-12-04,16:19:14.125000,14168,14170,14170,1
2020-12-04,16:19:17.032000,14168,14170,14170,4
2020-12-04,16:19:17.297000,14168,14170,14170,1
2020-12-04,16:19:19.428000,14168,14170,14168,5
2020-12-04,16:19:23.444000,14168,14169,14169,1
2020-12-04,16:19:27.627000,14168,14169,14169,4
2020-12-04,16:19:27.627000,14168,14169,14170,1
2020-12-04,16:19:27.629000,14168,14169,14170,1
2020-12-04,16:19:33.057000,14169,14170,14169,2
2020-12-04,16:19:34.171000,14168,14170,14168,1
2020-12-04,16:19:34.441000,14168,14169,14169,1
2020-12-04,16:19:36.354000,14168,14169,14169,1
2020-12-04,16:19:42.739000,14169,14170,14170,1
2020-12-04,16:19:44.822000,14169,14170,14169,1
2020-12-04,16:19:44.822000,14169,14170,14169,1
2020-12-04,16:19:44.822000,14169,14170,14169,4
2020-12-04,16:19:50.642000,14169,14170,14169,1
2020-12-04,16:19:51.697000,14169,14170,14170,10
2020-12-04,16:19:53.609000,14169,14170,14170,1
2020-12-04,16:19:53.695000,14169,14170,14170,1
2020-12-04,16:19:53.921000,14169,14170,14170,1
2020-12-04,16:19:54.541000,14169,14170,14169,3
2020-12-04,16:19:54.939000,14169,14170,14169,2
2020-12-04,16:20:00.355000,14168,14170,14170,1
2020-12-04,16:20:00.457000,14168,14170,14170,8
2020-12-04,16:20:00.458000,14168,14170,14170,1
2020-12-04,16:20:01.382000,14169,14170,14170,1
2020-12-04,16:20:01.491000,14169,14170,14170,1
2020-12-04,16:20:01.611000,14169,14171,14171,1
2020-12-04,16:20:01.615000,14169,14171,14171,1
2020-12-04,16:20:01.625000,14169,14171,14171,1
2020-12-04,16:20:01.632000,14169,14171,14171,2
2020-12-04,16:20:01.643000,14169,14171,14171,1
2020-12-04,16:20:01.646000,14169,14171,14171,1
2020-12-04,16:20:01.693000,14169,14171,14171,1
2020-12-04,16:20:01.795000,14169,14171,14171,1
2020-12-04,16:20:01.966000,14169,14171,14171,1
2020-12-04,16:20:02.084000,14170,14171,14171,1
2020-12-04,16:20:02.097000,14170,14171,14171,1
2020-12-04,16:20:02.097000,14170,14171,14171,3
2020-12-04,16:20:02.098000,14170,14171,14171,3
2020-12-04,16:20:02.103000,14170,14171,14172,1
2020-12-04,16:20:02.108000,14170,14171,14172,2
2020-12-04,16:20:02.151000,14170,14171,14172,2
2020-12-04,16:20:02.202000,14171,14172,14172,2
2020-12-04,16:20:02.237000,14171,14172,14173,1
2020-12-04,16:20:02.258000,14171,14172,14173,1
2020-12-04,16:20:02.289000,14171,14172,14173,3
2020-12-04,16:20:02.382000,14171,14173,14171,1
2020-12-04,16:20:02.422000,14171,14173,14173,1
2020-12-04,16:20:02.424000,14171,14173,14173,4
2020-12-04,16:20:02.502000,14172,14173,14172,4
2020-12-04,16:20:02.502000,14172,14173,14171,1
2020-12-04,16:20:02.578000,14171,14173,14171,2
2020-12-04,16:20:02.756000,14171,14173,14172,1
2020-12-04,16:20:03.034000,14171,14173,14171,1
2020-12-04,16:20:03.199000,14171,14173,14171,1
2020-12-04,16:20:05.633000,14171,14172,14172,4
2020-12-04,16:20:09.646000,14171,14172,14172,1
2020-12-04,16:20:09.753000,14171,14173,14172,1
2020-12-04,16:20:09.862000,14171,14172,14172,1
2020-12-04,16:20:09.905000,14171,14172,14172,7
2020-12-04,16:20:10.052000,14171,14173,14172,1
2020-12-04,16:20:10.260000,14171,14173,14173,3
2020-12-04,16:20:10.260000,14171,14173,14174,1
2020-12-04,16:20:10.334000,14171,14173,14173,2
2020-12-04,16:20:10.362000,14171,14173,14173,2
2020-12-04,16:20:10.362000,14171,14173,14174,8
2020-12-04,16:20:10.469000,14173,14174,14174,1
