2020-04-01 15:00:00.002,9500,9501,9500,189,-189
2020-04-01 15:00:00.004,9500,9501,9501,1,1
2020-04-01 15:00:00.022,9500,9501,9500,1,-1
2020-04-01 15:00:00.049,9500,9501,9500,1,-1
2020-04-01 15:00:00.085,9500,9501,9500,1,-1
2020-04-01 15:00:00.109,9500,9501,9501,1,1
2020-04-01 15:00:00.109,9500,9501,9501,5,5
2020-04-01 15:00:00.163,9500,9501,9500,2,-2
2020-04-01 15:00:00.170,9500,9501,9501,2,2
2020-04-01 15:00:00.197,9500,9501,9500,1,-1
2020-04-01 15:00:00.199,9500,9501,9500,1,-1
2020-04-01 15:00:00.219,9500,9501,9500,1,-1
2020-04-01 15:00:00.220,9500,9501,9500,1,-1
2020-04-01 15:00:00.230,9500,9501,9500,1,-1
2020-04-01 15:00:00.246,9500,9501,9500,2,-2
2020-04-01 15:00:00.255,9500,9501,9500,1,-1
2020-04-01 15:00:00.351,9500,9501,9500,1,-1
2020-04-01 15:00:00.356,9500,9501,9500,2,-2
2020-04-01 15:00:00.364,9500,9501,9500,1,-1
2020-04-01 15:00:00.371,9500,9501,9500,2,-2
2020-04-01 15:00:00.377,9500,9501,9500,5,-5
2020-04-01 15:00:00.384,9500,9501,9500,1,-1
2020-04-01 15:00:00.408,9500,9501,9500,1,-1
2020-04-01 15:00:00.419,9500,9501,9500,1,-1
2020-04-01 15:00:00.421,9500,9501,9500,1,-1
2020-04-01 15:00:00.433,9500,9501,9501,1,1
2020-04-01 15:00:00.463,9500,9501,9500,2,-2
2020-04-01 15:00:00.469,9500,9501,9500,3,-3
2020-04-01 15:00:00.476,9500,9501,9500,14,-14
2020-04-01 15:00:00.480,9500,9501,9499,1,-1
2020-04-01 15:00:00.510,9500,9501,9499,1,-1
2020-04-01 15:00:00.517,9500,9501,9499,1,-1
2020-04-01 15:00:00.547,9499,9501,9499,2,-2
2020-04-01 15:00:00.558,9499,9501,9499,2,-2
2020-04-01 15:00:00.567,9499,9501,9498,2,-2
2020-04-01 15:00:00.580,9499,9501,9500,1,1
2020-04-01 15:00:00.582,9499,9501,9498,8,-8
2020-04-01 15:00:00.593,9499,9501,9500,1,1
2020-04-01 15:00:00.593,9499,9501,9501,1,1
2020-04-01 15:00:00.595,9499,9501,9498,1,-1
2020-04-01 15:00:00.620,9499,9501,9498,2,-2
2020-04-01 15:00:00.620,9499,9501,9497,4,-4
2020-04-01 15:00:00.695,9497,9500,9497,2,-2
2020-04-01 15:00:00.707,9497,9500,9497,1,-1
2020-04-01 15:00:00.717,9497,9500,9497,1,-1
2020-04-01 15:00:00.772,9497,9500,9500,1,1
2020-04-01 15:00:00.786,9497,9500,9498,1,-1
2020-04-01 15:00:00.824,9497,9500,9497,1,-1
2020-04-01 15:00:00.832,9497,9500,9497,3,-3
2020-04-01 15:00:00.832,9497,9500,9496,1,-1
2020-04-01 15:00:00.839,9497,9500,9499,1,1
2020-04-01 15:00:00.839,9497,9500,9496,2,-2
2020-04-01 15:00:00.858,9497,9500,9497,1,1
2020-04-01 15:00:00.968,9497,9499,9496,1,-1
2020-04-01 15:00:00.975,9497,9499,9496,1,-1
2020-04-01 15:00:00.991,9497,9499,9499,1,1
2020-04-01 15:00:00.996,9497,9499,9499,1,1
2020-04-01 15:00:01.003,9497,9499,9497,1,-1
2020-04-01 15:00:01.003,9497,9499,9496,4,-4
2020-04-01 15:00:01.011,9497,9499,9496,1,-1
2020-04-01 15:00:01.015,9497,9499,9496,2,-2
2020-04-01 15:00:01.018,9497,9499,9495,1,-1
2020-04-01 15:00:01.029,9495,9499,9495,2,-2
2020-04-01 15:00:01.051,9495,9499,9495,1,-1
2020-04-01 15:00:01.085,9495,9499,9495,2,-2
2020-04-01 15:00:01.145,9495,9499,9495,1,-1
2020-04-01 15:00:01.173,9495,9498,9494,1,-1
2020-04-01 15:00:01.218,9495,9498,9495,2,2
2020-04-01 15:00:01.227,9495,9498,9497,1,1
2020-04-01 15:00:01.277,9495,9497,9495,1,-1
2020-04-01 15:00:01.308,9495,9497,9494,1,-1
2020-04-01 15:00:01.317,9495,9497,9497,4,4
2020-04-01 15:00:01.317,9495,9497,9498,1,1
2020-04-01 15:00:01.317,9495,9497,9499,1,1
2020-04-01 15:00:01.317,9495,9497,9500,3,3
2020-04-01 15:00:01.317,9495,9497,9501,22,22
2020-04-01 15:00:01.320,9495,9497,9495,1,-1
2020-04-01 15:00:01.320,9495,9497,9494,1,-1
2020-04-01 15:00:01.321,9495,9497,9494,1,-1
2020-04-01 15:00:01.321,9495,9497,9493,2,-2
2020-04-01 15:00:01.321,9495,9497,9492,1,-1
2020-04-01 15:00:01.321,9495,9497,9492,2,-2
2020-04-01 15:00:01.326,9495,9497,9501,1,1
2020-04-01 15:00:01.326,9495,9497,9501,1,1
2020-04-01 15:00:01.336,9495,9497,9492,1,-1
2020-04-01 15:00:01.336,9495,9497,9491,1,-1
2020-04-01 15:00:01.379,9495,9497,9492,1,1
2020-04-01 15:00:01.402,9495,9496,9495,1,1
2020-04-01 15:00:01.427,9495,9496,9496,5,5
2020-04-01 15:00:01.446,9495,9496,9495,1,-1
2020-04-01 15:00:01.446,9495,9496,9492,3,-3
2020-04-01 15:00:01.455,9495,9496,9492,1,-1
2020-04-01 15:00:01.455,9495,9496,9491,1,-1
2020-04-01 15:00:01.467,9495,9496,9495,1,1
2020-04-01 15:00:01.526,9495,9496,9495,1,-1
2020-04-01 15:00:01.527,9491,9495,9495,1,1
2020-04-01 15:00:01.551,9491,9495,9495,1,1
2020-04-01 15:00:01.570,9491,9495,9495,1,1
2020-04-01 15:00:01.584,9491,9495,9496,1,1
2020-04-01 15:00:01.656,9492,9496,9492,1,-1
2020-04-01 15:00:01.663,9492,9496,9496,1,1
2020-04-01 15:00:01.665,9492,9496,9492,1,-1
2020-04-01 15:00:01.777,9492,9494,9494,1,1
2020-04-01 15:00:01.788,9492,9494,9492,1,-1
2020-04-01 15:00:01.817,9492,9494,9492,1,-1
2020-04-01 15:00:01.823,9492,9494,9492,1,-1
2020-04-01 15:00:01.871,9492,9494,9493,1,1
2020-04-01 15:00:01.895,9492,9494,9493,1,-1
2020-04-01 15:00:01.909,9493,9494,9494,3,3
2020-04-01 15:00:01.928,9493,9494,9493,1,-1
2020-04-01 15:00:01.999,9493,9494,9493,1,-1
2020-04-01 15:00:02.039,9491,9496,9492,1,-1
2020-04-01 15:00:02.042,9491,9496,9492,3,-3
2020-04-01 15:00:02.042,9491,9496,9491,1,-1
2020-04-01 15:00:02.063,9491,9496,9490,1,-1
2020-04-01 15:00:02.114,9491,9496,9495,1,1
2020-04-01 15:00:02.114,9491,9496,9496,2,2
2020-04-01 15:00:02.115,9491,9496,9492,1,-1
2020-04-01 15:00:02.115,9491,9496,9491,2,-2
2020-04-01 15:00:02.115,9491,9496,9490,1,-1
2020-04-01 15:00:02.129,9491,9496,9491,1,1
2020-04-01 15:00:02.187,9491,9496,9492,2,2
2020-04-01 15:00:02.267,9491,9496,9492,4,-4
2020-04-01 15:00:02.267,9491,9496,9491,2,-2
2020-04-01 15:00:02.389,9492,9494,9494,1,1
2020-04-01 15:00:02.402,9492,9495,9493,1,-1
2020-04-01 15:00:02.402,9492,9495,9493,1,-1
2020-04-01 15:00:02.470,9492,9495,9493,1,-1
2020-04-01 15:00:02.504,9492,9495,9496,1,1
2020-04-01 15:00:02.508,9492,9495,9492,1,-1
2020-04-01 15:00:02.605,9492,9495,9494,1,1
2020-04-01 15:00:02.605,9492,9495,9495,1,1
2020-04-01 15:00:02.608,9492,9495,9495,1,1
2020-04-01 15:00:02.644,9492,9495,9493,2,-2
2020-04-01 15:00:02.652,9493,9495,9495,1,1
2020-04-01 15:00:02.656,9493,9495,9496,1,1
2020-04-01 15:00:02.777,9494,9496,9496,5,5
2020-04-01 15:00:02.792,9494,9496,9498,1,1
2020-04-01 15:00:02.948,9495,9498,9496,1,-1
2020-04-01 15:00:02.988,9495,9498,9499,1,1
2020-04-01 15:00:03.078,9495,9500,9500,1,1
2020-04-01 15:00:03.233,9496,9500,9502,1,1
2020-04-01 15:00:03.277,9496,9499,9499,1,1
2020-04-01 15:00:03.365,9496,9499,9497,1,-1
2020-04-01 15:00:03.410,9496,9502,9497,2,-2
2020-04-01 15:00:03.463,9496,9502,9497,1,-1
2020-04-01 15:00:03.511,9496,9502,9500,1,1
2020-04-01 15:00:03.598,9497,9502,9502,1,1
2020-04-01 15:00:03.614,9497,9502,9497,1,-1
2020-04-01 15:00:03.614,9497,9502,9496,1,-1
2020-04-01 15:00:03.615,9497,9502,9496,1,-1
2020-04-01 15:00:03.871,9500,9503,9503,1,1
2020-04-01 15:00:04.078,9500,9501,9501,1,1
2020-04-01 15:00:04.152,9500,9501,9501,4,4
2020-04-01 15:00:04.213,9500,9501,9502,1,1
2020-04-01 15:00:04.381,9500,9502,9500,1,-1
2020-04-01 15:00:04.389,9500,9502,9500,1,-1
2020-04-01 15:00:04.405,9500,9502,9500,1,-1
2020-04-01 15:00:04.425,9500,9502,9500,1,-1
2020-04-01 15:00:04.452,9500,9502,9500,1,-1
2020-04-01 15:00:04.454,9500,9502,9499,5,-5
2020-04-01 15:00:04.478,9500,9502,9502,1,1
2020-04-01 15:00:04.493,9500,9502,9502,2,2
2020-04-01 15:00:04.561,9500,9503,9501,4,-4
2020-04-01 15:00:04.902,9502,9503,9503,6,6
2020-04-01 15:00:04.959,9502,9503,9502,1,-1
2020-04-01 15:00:05.184,9502,9504,9504,1,1
2020-04-01 15:00:05.221,9502,9504,9504,1,1
2020-04-01 15:00:05.364,9503,9505,9503,1,-1
2020-04-01 15:00:05.616,9503,9505,9505,1,1
2020-04-01 15:00:05.631,9503,9505,9504,1,-1
2020-04-01 15:00:05.631,9503,9505,9505,1,1
2020-04-01 15:00:05.680,9503,9506,9506,1,1
2020-04-01 15:00:05.804,9503,9506,9506,1,1
2020-04-01 15:00:05.919,9505,9506,9506,1,1
2020-04-01 15:00:06.035,9505,9507,9505,2,-2
2020-04-01 15:00:06.043,9505,9507,9505,1,-1
2020-04-01 15:00:06.152,9506,9507,9506,1,1
2020-04-01 15:00:06.167,9506,9507,9507,1,1
2020-04-01 15:00:06.597,9505,9507,9507,1,1
2020-04-01 15:00:06.907,9505,9507,9507,1,1
2020-04-01 15:00:06.928,9505,9507,9507,2,2
2020-04-01 15:00:06.933,9505,9507,9505,1,-1
2020-04-01 15:00:07.056,9504,9505,9504,1,-1
2020-04-01 15:00:07.457,9503,9505,9505,1,1
2020-04-01 15:00:07.457,9503,9505,9506,1,1
2020-04-01 15:00:07.555,9503,9506,9506,1,1
2020-04-01 15:00:07.759,9504,9506,9506,1,1
2020-04-01 15:00:07.783,9504,9506,9504,1,-1
2020-04-01 15:00:07.864,9504,9506,9505,1,1
2020-04-01 15:00:08.284,9503,9506,9503,3,-3
2020-04-01 15:00:08.579,9503,9504,9504,1,1
2020-04-01 15:00:08.780,9502,9504,9504,2,2
2020-04-01 15:00:08.989,9503,9505,9503,2,-2
2020-04-01 15:00:09.110,9503,9505,9503,1,-1
2020-04-01 15:00:09.430,9503,9505,9505,1,1
2020-04-01 15:00:09.613,9503,9505,9503,1,-1
2020-04-01 15:00:09.849,9503,9505,9505,1,1
2020-04-01 15:00:10.030,9503,9505,9505,1,1
2020-04-01 15:00:10.259,9503,9505,9505,1,1
2020-04-01 15:00:10.259,9503,9505,9506,1,1
2020-04-01 15:00:10.371,9503,9506,9503,2,-2
2020-04-01 15:00:10.538,9502,9504,9504,1,1
2020-04-01 15:00:11.100,9502,9505,9505,2,2
2020-04-01 15:00:11.100,9502,9505,9506,1,1
2020-04-01 15:00:11.184,9504,9507,9504,1,-1
2020-04-01 15:00:11.699,9504,9505,9505,2,2
2020-04-01 15:00:11.699,9504,9505,9506,1,1
2020-04-01 15:00:12.048,9504,9506,9506,1,1
2020-04-01 15:00:12.147,9504,9506,9505,1,-1
2020-04-01 15:00:12.155,9505,9506,9505,1,-1
2020-04-01 15:00:12.208,9505,9506,9504,2,-2
2020-04-01 15:00:12.208,9505,9506,9503,2,-2
2020-04-01 15:00:12.208,9505,9506,9502,1,-1
2020-04-01 15:00:12.745,9504,9506,9504,3,3
2020-04-01 15:00:13.200,9504,9506,9506,1,1
2020-04-01 15:00:13.402,9504,9506,9506,1,1
2020-04-01 15:00:13.601,9504,9507,9506,1,-1
2020-04-01 15:00:13.734,9504,9507,9505,1,-1
2020-04-01 15:00:13.824,9504,9506,9506,1,1
2020-04-01 15:00:13.967,9504,9506,9506,1,1
2020-04-01 15:00:14.066,9504,9506,9506,1,1
2020-04-01 15:00:14.502,9505,9507,9507,1,1
2020-04-01 15:00:14.646,9505,9507,9506,1,-1
2020-04-01 15:00:14.744,9505,9507,9507,3,3
2020-04-01 15:00:14.776,9505,9507,9507,1,1
2020-04-01 15:00:14.776,9505,9507,9508,2,2
2020-04-01 15:00:15.019,9506,9508,9507,1,-1
2020-04-01 15:00:15.027,9507,9508,9508,3,3
2020-04-01 15:00:15.044,9507,9508,9508,1,1
2020-04-01 15:00:15.291,9507,9509,9506,4,-4
2020-04-01 15:00:15.291,9507,9509,9505,1,-1
2020-04-01 15:00:15.584,9506,9508,9508,3,3
2020-04-01 15:00:15.652,9506,9507,9507,1,1
2020-04-01 15:00:15.658,9506,9507,9506,1,-1
2020-04-01 15:00:15.855,9507,9508,9506,1,-1
2020-04-01 15:00:15.893,9507,9508,9506,1,-1
2020-04-01 15:00:16.167,9506,9507,9507,2,2
2020-04-01 15:00:16.234,9506,9507,9507,1,1
2020-04-01 15:00:16.297,9507,9509,9507,1,-1
2020-04-01 15:00:16.356,9507,9509,9506,1,-1
2020-04-01 15:00:16.620,9506,9508,9508,1,1
2020-04-01 15:00:16.620,9506,9508,9509,1,1
2020-04-01 15:00:16.638,9506,9508,9506,1,-1
2020-04-01 15:00:16.875,9506,9508,9508,2,2
2020-04-01 15:00:16.916,9506,9508,9508,1,1
2020-04-01 15:00:16.916,9506,9508,9509,1,1
2020-04-01 15:00:16.984,9506,9508,9509,1,1
2020-04-01 15:00:17.112,9507,9509,9508,1,-1
2020-04-01 15:00:17.112,9507,9509,9507,1,-1
2020-04-01 15:00:17.112,9507,9509,9506,1,-1
2020-04-01 15:00:17.320,9506,9507,9505,1,-1
2020-04-01 15:00:17.511,9505,9507,9507,1,1
2020-04-01 15:00:17.790,9506,9507,9507,2,2
2020-04-01 15:00:18.159,9507,9508,9507,1,-1
2020-04-01 15:00:18.159,9507,9508,9506,1,-1
2020-04-01 15:00:18.161,9507,9508,9508,3,3
2020-04-01 15:00:18.223,9507,9508,9506,1,-1
2020-04-01 15:00:18.655,9507,9508,9507,1,1
2020-04-01 15:00:18.696,9507,9508,9508,1,1
2020-04-01 15:00:18.908,9507,9508,9508,1,1
2020-04-01 15:00:19.073,9507,9508,9508,1,1
2020-04-01 15:00:19.175,9507,9509,9507,1,-1
2020-04-01 15:00:20.129,9507,9509,9509,1,1
2020-04-01 15:00:20.262,9508,9510,9510,1,1
2020-04-01 15:00:20.321,9509,9510,9510,6,6
2020-04-01 15:00:20.432,9509,9510,9510,1,1
2020-04-01 15:00:20.534,9508,9510,9510,1,1
2020-04-01 15:00:20.830,9509,9511,9509,1,-1
2020-04-01 15:00:21.006,9509,9510,9509,1,-1
2020-04-01 15:00:21.006,9509,9510,9510,4,4
2020-04-01 15:00:21.006,9509,9510,9511,1,1
2020-04-01 15:00:21.099,9508,9511,9511,1,1
2020-04-01 15:00:21.103,9508,9511,9511,1,1
2020-04-01 15:00:21.106,9508,9511,9508,1,-1
2020-04-01 15:00:21.736,9510,9512,9510,1,1
2020-04-01 15:00:21.745,9510,9512,9512,2,2
2020-04-01 15:00:21.938,9510,9513,9510,1,-1
2020-04-01 15:00:22.197,9511,9513,9511,1,1
2020-04-01 15:00:22.471,9511,9513,9511,1,-1
2020-04-01 15:00:22.471,9511,9513,9510,4,-4
2020-04-01 15:00:22.717,9510,9513,9510,1,-1
2020-04-01 15:00:22.866,9510,9512,9513,1,1
2020-04-01 15:00:22.956,9511,9513,9511,2,-2
2020-04-01 15:00:22.956,9511,9513,9510,1,-1
2020-04-01 15:00:23.186,9510,9512,9512,2,2
2020-04-01 15:00:23.186,9510,9512,9513,1,1
2020-04-01 15:00:23.332,9511,9513,9513,1,1
2020-04-01 15:00:23.391,9511,9513,9513,1,1
2020-04-01 15:00:23.910,9512,9514,9512,2,-2
2020-04-01 15:00:23.910,9512,9514,9511,1,-1
2020-04-01 15:00:24.006,9512,9514,9514,1,1
2020-04-01 15:00:24.162,9512,9514,9514,1,1
2020-04-01 15:00:24.314,9511,9513,9514,2,2
2020-04-01 15:00:24.314,9511,9513,9515,1,1
2020-04-01 15:00:24.476,9512,9515,9513,1,-1
2020-04-01 15:00:24.652,9513,9514,9513,1,-1
2020-04-01 15:00:25.534,9514,9515,9513,1,-1
2020-04-01 15:00:26.554,9513,9515,9515,1,1
2020-04-01 15:00:26.837,9514,9515,9514,1,-1
2020-04-01 15:00:27.272,9514,9515,9515,2,2
2020-04-01 15:00:27.337,9514,9515,9514,1,-1
2020-04-01 15:00:27.846,9514,9515,9515,1,1
2020-04-01 15:00:27.847,9514,9515,9515,3,3
2020-04-01 15:00:27.847,9514,9515,9515,2,2
2020-04-01 15:00:27.900,9514,9515,9514,1,-1
2020-04-01 15:00:28.041,9515,9516,9516,1,1
2020-04-01 15:00:28.231,9515,9516,9515,1,-1
2020-04-01 15:00:28.274,9515,9516,9516,1,1
2020-04-01 15:00:28.382,9515,9516,9515,1,-1
2020-04-01 15:00:28.448,9515,9516,9516,1,1
2020-04-01 15:00:28.552,9515,9516,9516,2,2
2020-04-01 15:00:28.614,9515,9516,9517,1,1
2020-04-01 15:00:28.652,9516,9517,9516,1,-1
2020-04-01 15:00:28.754,9516,9517,9515,1,-1
2020-04-01 15:00:29.051,9515,9516,9515,1,-1
2020-04-01 15:00:29.126,9515,9516,9516,2,2
2020-04-01 15:00:29.126,9515,9516,9517,5,5
2020-04-01 15:00:29.126,9515,9516,9518,3,3
2020-04-01 15:00:29.135,9515,9516,9516,1,1
2020-04-01 15:00:29.138,9515,9516,9516,1,1
2020-04-01 15:00:29.342,9515,9517,9515,5,-5
2020-04-01 15:00:29.454,9515,9517,9515,1,-1
2020-04-01 15:00:29.683,9514,9517,9517,1,1
2020-04-01 15:00:29.769,9514,9517,9515,1,-1
2020-04-01 15:00:30.430,9514,9516,9514,1,-1
2020-04-01 15:00:30.437,9514,9516,9514,4,-4
2020-04-01 15:00:30.527,9515,9516,9515,2,2
2020-04-01 15:00:30.652,9514,9515,9514,2,-2
2020-04-01 15:00:31.336,9514,9515,9515,1,1
2020-04-01 15:00:31.533,9514,9515,9514,1,-1
2020-04-01 15:00:31.922,9514,9515,9515,1,1
2020-04-01 15:00:31.935,9514,9515,9515,1,1
2020-04-01 15:00:31.954,9514,9515,9514,1,-1
2020-04-01 15:00:32.727,9514,9516,9516,1,1
2020-04-01 15:00:32.955,9514,9516,9516,1,1
2020-04-01 15:00:33.318,9514,9516,9515,1,-1
2020-04-01 15:00:33.362,9514,9516,9515,1,-1
2020-04-01 15:00:33.362,9514,9516,9516,1,1
2020-04-01 15:00:34.224,9515,9516,9515,1,-1
2020-04-01 15:00:34.384,9515,9516,9515,1,-1
2020-04-01 15:00:34.520,9514,9516,9516,1,1
2020-04-01 15:00:34.610,9514,9516,9516,1,1
2020-04-01 15:00:34.996,9514,9516,9516,3,3
2020-04-01 15:00:35.035,9516,9517,9516,2,-2
2020-04-01 15:00:35.037,9516,9517,9516,2,-2
2020-04-01 15:00:35.037,9516,9517,9516,1,-1
2020-04-01 15:00:35.073,9516,9517,9516,1,-1
2020-04-01 15:00:35.871,9515,9516,9516,1,1
2020-04-01 15:00:36.121,9515,9516,9517,2,2
2020-04-01 15:00:36.375,9515,9517,9517,3,3
2020-04-01 15:00:36.445,9515,9518,9517,3,-3
2020-04-01 15:00:36.684,9516,9518,9516,3,-3
2020-04-01 15:00:36.816,9516,9518,9517,1,1
2020-04-01 15:00:37.018,9516,9517,9516,1,-1
2020-04-01 15:00:37.133,9515,9516,9516,1,1
2020-04-01 15:00:37.552,9516,9517,9516,3,-3
2020-04-01 15:00:37.652,9516,9517,9516,8,-8
2020-04-01 15:00:37.652,9516,9517,9516,1,-1
2020-04-01 15:00:37.688,9516,9517,9515,1,-1
2020-04-01 15:00:37.911,9515,9516,9516,1,1
2020-04-01 15:00:37.993,9515,9516,9517,1,1
2020-04-01 15:00:38.253,9515,9517,9516,1,-1
2020-04-01 15:00:39.027,9516,9517,9517,1,1
2020-04-01 15:00:39.125,9516,9517,9517,1,1
2020-04-01 15:00:39.172,9516,9517,9517,1,1
2020-04-01 15:00:39.326,9516,9517,9517,1,1
2020-04-01 15:00:39.564,9517,9518,9518,1,1
2020-04-01 15:00:39.745,9516,9518,9518,1,1
2020-04-01 15:00:39.993,9517,9518,9517,1,-1
2020-04-01 15:00:40.027,9517,9518,9517,1,-1
2020-04-01 15:00:40.611,9516,9518,9516,1,-1
2020-04-01 15:00:40.679,9516,9518,9516,1,-1
2020-04-01 15:00:40.773,9516,9518,9515,1,-1
2020-04-01 15:00:40.864,9515,9516,9515,4,-4
2020-04-01 15:00:40.874,9515,9516,9516,4,4
2020-04-01 15:00:40.902,9517,9518,9517,1,1
2020-04-01 15:00:40.903,9517,9518,9517,1,-1
2020-04-01 15:00:41.352,9517,9518,9518,2,2
2020-04-01 15:00:41.409,9517,9518,9518,3,3
2020-04-01 15:00:41.444,9517,9518,9519,1,1
2020-04-01 15:00:41.541,9517,9519,9519,1,1
2020-04-01 15:00:41.698,9517,9519,9517,2,-2
2020-04-01 15:00:41.779,9517,9519,9517,1,-1
2020-04-01 15:00:41.966,9517,9519,9517,1,-1
2020-04-01 15:00:42.053,9517,9518,9517,1,-1
2020-04-01 15:00:42.130,9517,9518,9518,1,1
2020-04-01 15:00:43.046,9517,9518,9517,1,-1
2020-04-01 15:00:43.456,9516,9518,9518,3,3
2020-04-01 15:00:44.346,9515,9517,9517,1,1
2020-04-01 15:00:44.731,9516,9517,9517,1,1
2020-04-01 15:00:44.809,9516,9518,9516,1,-1
2020-04-01 15:00:45.440,9516,9518,9517,1,1
2020-04-01 15:00:45.646,9516,9518,9517,1,-1
2020-04-01 15:00:46.576,9517,9518,9517,1,-1
2020-04-01 15:00:46.859,9516,9518,9518,1,1
2020-04-01 15:00:47.486,9516,9518,9518,1,1
2020-04-01 15:00:47.777,9516,9517,9517,1,1
2020-04-01 15:00:48.711,9517,9518,9518,2,2
2020-04-01 15:00:48.711,9517,9518,9519,3,3
2020-04-01 15:00:48.719,9517,9518,9517,4,-4
2020-04-01 15:00:48.848,9516,9517,9516,8,-8
2020-04-01 15:00:49.043,9515,9516,9516,1,1
2020-04-01 15:00:49.402,9515,9516,9516,1,1
2020-04-01 15:00:49.924,9516,9517,9516,1,-1
2020-04-01 15:00:50.108,9516,9517,9515,1,-1
2020-04-01 15:00:50.205,9515,9517,9515,1,-1
2020-04-01 15:00:51.322,9515,9516,9515,1,-1
2020-04-01 15:00:52.055,9515,9516,9515,1,-1
2020-04-01 15:00:52.152,9515,9516,9515,6,-6
2020-04-01 15:00:52.165,9515,9516,9516,1,1
2020-04-01 15:00:52.277,9515,9516,9515,3,-3
2020-04-01 15:00:52.517,9514,9516,9516,2,2
2020-04-01 15:00:53.468,9514,9515,9515,2,2
2020-04-01 15:00:53.469,9514,9515,9515,1,1
2020-04-01 15:00:53.817,9515,9516,9516,1,1
2020-04-01 15:00:54.122,9515,9517,9515,1,-1
2020-04-01 15:00:54.603,9515,9517,9516,4,4
2020-04-01 15:00:55.289,9515,9516,9516,1,1
2020-04-01 15:00:55.399,9515,9516,9515,1,-1
2020-04-01 15:00:56.418,9515,9516,9515,5,-5
2020-04-01 15:00:56.499,9515,9516,9514,1,-1
2020-04-01 15:00:56.570,9514,9516,9514,1,-1
2020-04-01 15:00:56.675,9514,9516,9516,1,1
2020-04-01 15:00:57.778,9515,9516,9515,1,-1
2020-04-01 15:00:58.466,9515,9516,9516,1,1
2020-04-01 15:00:58.685,9515,9516,9516,1,1
2020-04-01 15:00:59.260,9515,9516,9515,2,-2
2020-04-01 15:00:59.277,9515,9516,9515,1,-1
2020-04-01 15:00:59.297,9515,9516,9514,2,-2
2020-04-01 15:00:59.313,9515,9516,9514,2,-2
2020-04-01 15:00:59.323,9515,9516,9514,2,-2
2020-04-01 15:00:59.330,9515,9516,9514,4,-4
2020-04-01 15:00:59.332,9515,9516,9514,2,-2
2020-04-01 15:00:59.402,9514,9515,9514,1,-1
2020-04-01 15:00:59.402,9514,9515,9514,8,-8
2020-04-01 15:00:59.424,9514,9515,9513,1,-1
2020-04-01 15:00:59.887,9513,9515,9513,1,-1
2020-04-01 15:01:00.101,9513,9515,9513,1,-1
2020-04-01 15:01:00.145,9513,9515,9513,1,-1
2020-04-01 15:01:00.172,9513,9515,9513,1,-1
2020-04-01 15:01:00.402,9513,9514,9513,8,-8
2020-04-01 15:01:00.677,9513,9514,9513,3,-3
2020-04-01 15:01:00.677,9513,9514,9512,3,-3
2020-04-01 15:01:00.701,9513,9514,9512,2,-2
2020-04-01 15:01:00.701,9513,9514,9511,1,-1
2020-04-01 15:01:01.278,9512,9513,9513,1,1
2020-04-01 15:01:01.315,9512,9513,9512,1,-1
2020-04-01 15:01:01.474,9511,9514,9511,4,-4
2020-04-01 15:01:01.474,9511,9514,9511,2,-2
2020-04-01 15:01:01.532,9511,9514,9511,1,-1
2020-04-01 15:01:01.532,9511,9514,9510,1,-1
2020-04-01 15:01:01.540,9511,9514,9510,1,-1
2020-04-01 15:01:01.542,9511,9514,9510,2,-2
2020-04-01 15:01:01.547,9511,9514,9510,1,-1
2020-04-01 15:01:01.547,9511,9514,9510,1,-1
2020-04-01 15:01:01.549,9511,9514,9510,2,-2
2020-04-01 15:01:01.549,9511,9514,9510,1,-1
2020-04-01 15:01:01.554,9511,9514,9510,1,-1
2020-04-01 15:01:01.554,9511,9514,9510,2,-2
2020-04-01 15:01:01.555,9511,9514,9510,1,-1
2020-04-01 15:01:01.555,9511,9514,9510,2,-2
2020-04-01 15:01:01.562,9511,9514,9510,7,-7
2020-04-01 15:01:01.563,9511,9514,9510,3,-3
2020-04-01 15:01:01.568,9511,9514,9510,1,-1
2020-04-01 15:01:01.568,9511,9514,9509,6,-6
2020-04-01 15:01:01.568,9511,9514,9508,1,-1
2020-04-01 15:01:01.570,9511,9514,9508,2,-2
2020-04-01 15:01:01.659,9508,9512,9509,1,1
2020-04-01 15:01:01.688,9508,9512,9509,1,-1
2020-04-01 15:01:02.003,9509,9512,9509,1,-1
2020-04-01 15:01:02.003,9509,9512,9508,1,-1
2020-04-01 15:01:02.027,9507,9508,9508,3,3
2020-04-01 15:01:02.064,9507,9508,9507,1,-1
2020-04-01 15:01:02.088,9507,9508,9507,1,-1
2020-04-01 15:01:02.115,9507,9508,9508,1,1
2020-04-01 15:01:02.115,9507,9508,9508,1,1
2020-04-01 15:01:02.115,9507,9508,9508,1,1
2020-04-01 15:01:02.169,9508,9511,9508,2,-2
2020-04-01 15:01:02.208,9508,9511,9508,1,-1
2020-04-01 15:01:02.216,9508,9511,9511,1,1
2020-04-01 15:01:02.417,9508,9510,9510,1,1
2020-04-01 15:01:02.813,9508,9510,9510,2,2
2020-04-01 15:01:02.813,9508,9510,9511,3,3
2020-04-01 15:01:02.964,9508,9511,9508,1,-1
2020-04-01 15:01:03.422,9507,9510,9508,1,-1
2020-04-01 15:01:04.021,9508,9510,9510,1,1
2020-04-01 15:01:04.046,9508,9510,9508,1,-1
2020-04-01 15:01:04.723,9508,9510,9508,1,-1
2020-04-01 15:01:05.799,9507,9508,9507,1,-1
2020-04-01 15:01:06.417,9507,9508,9507,5,-5
2020-04-01 15:01:07.277,9506,9507,9507,1,1
2020-04-01 15:01:07.959,9506,9508,9506,1,-1
2020-04-01 15:01:07.968,9506,9508,9506,2,-2
2020-04-01 15:01:09.125,9506,9508,9506,2,-2
2020-04-01 15:01:09.222,9506,9508,9506,5,-5
2020-04-01 15:01:10.027,9507,9508,9508,5,5
2020-04-01 15:01:10.277,9508,9509,9509,7,7
2020-04-01 15:01:10.402,9508,9510,9510,1,1
2020-04-01 15:01:10.527,9509,9510,9510,3,3
2020-04-01 15:01:10.908,9510,9511,9510,1,-1
2020-04-01 15:01:11.384,9510,9511,9510,1,-1
2020-04-01 15:01:11.411,9510,9512,9510,1,-1
2020-04-01 15:01:11.480,9510,9512,9510,1,-1
2020-04-01 15:01:11.510,9510,9512,9510,1,-1
2020-04-01 15:01:11.589,9510,9512,9510,1,-1
2020-04-01 15:01:11.632,9510,9512,9509,1,-1
2020-04-01 15:01:11.671,9509,9511,9509,2,-2
2020-04-01 15:01:11.706,9509,9511,9511,2,2
2020-04-01 15:01:12.011,9509,9511,9509,1,-1
2020-04-01 15:01:12.055,9509,9511,9509,2,-2
2020-04-01 15:01:12.502,9508,9510,9511,1,1
2020-04-01 15:01:12.706,9509,9511,9509,1,-1
2020-04-01 15:01:12.955,9508,9510,9510,1,1
2020-04-01 15:01:13.799,9508,9510,9510,1,1
2020-04-01 15:01:14.027,9508,9509,9508,2,-2
2020-04-01 15:01:14.072,9508,9509,9509,3,3
2020-04-01 15:01:14.840,9508,9509,9508,2,-2
2020-04-01 15:01:14.840,9508,9509,9507,3,-3
2020-04-01 15:01:15.058,9507,9509,9509,1,1
2020-04-01 15:01:15.650,9507,9509,9509,5,5
2020-04-01 15:01:16.499,9507,9509,9509,1,1
2020-04-01 15:01:19.298,9507,9509,9509,2,2
2020-04-01 15:01:20.863,9507,9509,9507,1,-1
2020-04-01 15:01:21.373,9507,9509,9509,1,1
2020-04-01 15:01:22.594,9507,9508,9508,1,1
2020-04-01 15:01:22.594,9507,9508,9509,8,8
2020-04-01 15:01:22.594,9507,9508,9510,22,22
2020-04-01 15:01:22.758,9510,9511,9511,1,1
2020-04-01 15:01:23.129,9510,9511,9510,1,-1
2020-04-01 15:01:23.317,9510,9511,9511,1,1
2020-04-01 15:01:23.668,9510,9511,9510,20,-20
2020-04-01 15:01:24.167,9508,9509,9509,1,1
2020-04-01 15:01:25.081,9509,9511,9509,1,-1
2020-04-01 15:01:25.308,9508,9510,9510,1,1
2020-04-01 15:01:26.003,9508,9509,9509,1,1
2020-04-01 15:01:26.841,9508,9510,9510,1,1
2020-04-01 15:01:27.451,9508,9510,9510,1,1
2020-04-01 15:01:28.718,9508,9510,9510,3,3
2020-04-01 15:01:29.124,9509,9511,9509,1,-1
2020-04-01 15:01:29.296,9508,9509,9508,8,-8
2020-04-01 15:01:29.307,9508,9509,9509,1,1
2020-04-01 15:01:29.402,9508,9509,9508,5,-5
2020-04-01 15:01:29.698,9507,9508,9508,3,3
2020-04-01 15:01:32.527,9508,9509,9508,1,-1
2020-04-01 15:01:33.043,9508,9509,9508,1,-1
2020-04-01 15:01:33.646,9508,9509,9508,1,-1
2020-04-01 15:01:33.991,9508,9509,9508,1,-1
2020-04-01 15:01:34.493,9508,9509,9509,2,2
2020-04-01 15:01:35.152,9508,9509,9508,1,-1
2020-04-01 15:01:39.316,9508,9509,9508,1,-1
2020-04-01 15:01:39.539,9508,9509,9508,1,-1
2020-04-01 15:01:39.594,9508,9509,9509,1,1
2020-04-01 15:01:39.950,9508,9509,9509,1,1
2020-04-01 15:01:41.494,9509,9510,9509,1,-1
2020-04-01 15:01:41.869,9508,9509,9509,3,3
2020-04-01 15:01:42.188,9508,9510,9509,1,-1
2020-04-01 15:01:42.959,9508,9510,9510,1,1
2020-04-01 15:01:43.055,9508,9510,9510,1,1
2020-04-01 15:01:43.267,9509,9510,9510,13,13
2020-04-01 15:01:43.268,9509,9510,9510,1,1
2020-04-01 15:01:43.269,9509,9510,9510,1,1
2020-04-01 15:01:44.571,9509,9511,9511,2,2
2020-04-01 15:01:44.624,9509,9511,9511,1,1
2020-04-01 15:01:44.652,9510,9512,9512,10,10
2020-04-01 15:01:44.987,9511,9513,9511,1,-1
2020-04-01 15:01:45.481,9511,9512,9511,1,-1
2020-04-01 15:01:45.671,9510,9512,9512,1,1
2020-04-01 15:01:49.021,9509,9510,9509,1,-1
2020-04-01 15:01:49.348,9509,9510,9510,3,3
2020-04-01 15:01:50.218,9509,9510,9509,1,-1
2020-04-01 15:01:50.402,9508,9509,9508,20,-20
2020-04-01 15:01:50.527,9507,9508,9507,4,-4
2020-04-01 15:01:50.652,9507,9508,9507,6,-6
2020-04-01 15:01:51.729,9507,9508,9507,1,-1
2020-04-01 15:01:51.833,9507,9508,9507,2,-2
2020-04-01 15:01:51.983,9506,9507,9506,6,-6
2020-04-01 15:01:52.044,9506,9507,9506,1,-1
2020-04-01 15:01:52.281,9506,9507,9506,8,-8
2020-04-01 15:01:52.387,9506,9507,9506,1,-1
2020-04-01 15:01:52.958,9505,9507,9507,2,2
2020-04-01 15:01:53.625,9505,9506,9505,1,-1
2020-04-01 15:01:53.768,9505,9506,9505,1,-1
2020-04-01 15:01:55.270,9505,9506,9506,1,1
2020-04-01 15:01:55.548,9505,9506,9505,10,-10
2020-04-01 15:01:55.693,9504,9506,9505,1,-1
2020-04-01 15:01:55.904,9504,9505,9505,1,1
2020-04-01 15:01:56.420,9505,9506,9505,1,-1
2020-04-01 15:01:56.755,9504,9506,9504,1,-1
2020-04-01 15:01:57.471,9505,9507,9505,1,1
2020-04-01 15:01:57.743,9505,9507,9507,4,4
2020-04-01 15:01:57.831,9506,9508,9506,1,-1
2020-04-01 15:01:57.855,9506,9508,9505,1,-1
2020-04-01 15:01:58.001,9505,9507,9505,1,-1
2020-04-01 15:01:58.067,9505,9507,9507,4,4
2020-04-01 15:01:58.956,9506,9508,9506,1,-1
2020-04-01 15:01:59.980,9507,9509,9507,1,1
2020-04-01 15:02:00.078,9507,9509,9507,1,-1
2020-04-01 15:02:00.269,9506,9508,9506,1,-1
2020-04-01 15:02:00.398,9506,9508,9505,1,-1
2020-04-01 15:02:00.415,9505,9508,9505,2,-2
2020-04-01 15:02:00.544,9506,9507,9506,1,1
2020-04-01 15:02:00.922,9505,9506,9505,1,-1
2020-04-01 15:02:01.043,9505,9506,9506,1,1
2020-04-01 15:02:01.140,9505,9506,9506,1,1
2020-04-01 15:02:02.075,9505,9506,9505,3,-3
2020-04-01 15:02:02.121,9505,9506,9505,1,-1
2020-04-01 15:02:02.194,9504,9505,9505,1,1
2020-04-01 15:02:02.418,9504,9505,9504,2,-2
2020-04-01 15:02:02.702,9503,9504,9504,1,1
2020-04-01 15:02:03.193,9503,9505,9503,1,-1
2020-04-01 15:02:03.244,9503,9505,9504,2,2
2020-04-01 15:02:03.288,9504,9505,9505,2,2
2020-04-01 15:02:03.288,9504,9505,9505,1,1
2020-04-01 15:02:03.288,9504,9505,9505,1,1
2020-04-01 15:02:03.289,9504,9505,9505,4,4
2020-04-01 15:02:03.391,9504,9505,9505,1,1
2020-04-01 15:02:03.670,9505,9507,9505,2,-2
2020-04-01 15:02:03.822,9505,9507,9505,1,-1
2020-04-01 15:02:03.949,9505,9506,9506,1,1
2020-04-01 15:02:04.016,9505,9506,9505,2,-2
2020-04-01 15:02:06.186,9505,9506,9506,1,1
2020-04-01 15:02:06.186,9505,9506,9507,2,2
2020-04-01 15:02:06.420,9505,9507,9505,4,-4
2020-04-01 15:02:06.604,9506,9507,9505,4,-4
2020-04-01 15:02:06.919,9505,9507,9507,1,1
2020-04-01 15:02:07.211,9505,9507,9507,2,2
2020-04-01 15:02:07.584,9507,9508,9507,4,-4
2020-04-01 15:02:08.556,9506,9507,9507,1,1
2020-04-01 15:02:09.245,9507,9508,9508,6,6
2020-04-01 15:02:10.089,9507,9509,9507,1,-1
2020-04-01 15:02:10.148,9507,9509,9509,1,1
2020-04-01 15:02:10.794,9509,9510,9509,1,-1
2020-04-01 15:02:12.089,9509,9510,9509,2,-2
2020-04-01 15:02:12.567,9508,9509,9509,1,1
2020-04-01 15:02:13.777,9508,9509,9509,2,2
2020-04-01 15:02:15.301,9509,9510,9509,1,-1
2020-04-01 15:02:16.389,9508,9509,9509,1,1
2020-04-01 15:02:17.058,9509,9510,9509,1,-1
2020-04-01 15:02:17.460,9508,9509,9509,1,1
2020-04-01 15:02:17.535,9509,9510,9510,1,1
2020-04-01 15:02:18.415,9509,9510,9510,20,20
2020-04-01 15:02:18.471,9509,9510,9510,1,1
2020-04-01 15:02:18.902,9510,9511,9511,2,2
2020-04-01 15:02:19.079,9510,9512,9512,1,1
2020-04-01 15:02:19.102,9510,9512,9512,1,1
2020-04-01 15:02:19.523,9510,9512,9510,1,-1
2020-04-01 15:02:20.304,9510,9511,9510,2,-2
2020-04-01 15:02:20.538,9509,9511,9510,1,-1
2020-04-01 15:02:20.652,9509,9510,9509,1,-1
2020-04-01 15:02:20.867,9508,9509,9508,1,-1
2020-04-01 15:02:22.184,9508,9509,9509,1,1
2020-04-01 15:02:22.485,9508,9509,9509,1,1
2020-04-01 15:02:22.748,9508,9509,9509,1,1
2020-04-01 15:02:23.328,9508,9509,9509,1,1
2020-04-01 15:02:24.688,9508,9509,9509,1,1
2020-04-01 15:02:25.124,9508,9509,9509,2,2
2020-04-01 15:02:25.124,9508,9509,9509,1,1
2020-04-01 15:02:25.124,9508,9509,9509,1,1
2020-04-01 15:02:25.124,9508,9509,9509,1,1
2020-04-01 15:02:25.124,9508,9509,9509,1,1
2020-04-01 15:02:25.277,9509,9510,9510,1,1
2020-04-01 15:02:25.642,9509,9510,9509,1,-1
2020-04-01 15:02:25.642,9509,9510,9509,1,-1
2020-04-01 15:02:27.550,9509,9510,9510,4,4
2020-04-01 15:02:28.254,9509,9510,9509,1,-1
2020-04-01 15:02:30.502,9509,9510,9510,1,1
2020-04-01 15:02:31.236,9509,9510,9510,1,1
2020-04-01 15:02:32.416,9509,9511,9511,1,1
2020-04-01 15:02:32.507,9509,9511,9510,1,-1
2020-04-01 15:02:35.970,9511,9512,9511,1,1
2020-04-01 15:02:39.038,9509,9510,9510,2,2
2020-04-01 15:02:39.563,9510,9511,9511,1,1
2020-04-01 15:02:39.759,9510,9512,9512,3,3
2020-04-01 15:02:40.871,9511,9512,9511,1,-1
2020-04-01 15:02:42.360,9510,9511,9510,1,-1
2020-04-01 15:02:46.777,9510,9511,9511,4,4
2020-04-01 15:02:46.777,9510,9511,9511,2,2
2020-04-01 15:02:46.807,9510,9511,9511,4,4
2020-04-01 15:02:46.809,9510,9511,9511,9,9
2020-04-01 15:02:46.809,9510,9511,9511,5,5
2020-04-01 15:02:46.809,9510,9511,9511,1,1
2020-04-01 15:02:46.809,9510,9511,9511,1,1
2020-04-01 15:02:46.809,9510,9511,9511,1,1
2020-04-01 15:02:46.810,9510,9511,9511,3,3
2020-04-01 15:02:47.002,9511,9512,9512,1,1
2020-04-01 15:02:47.500,9511,9512,9512,2,2
2020-04-01 15:02:47.527,9511,9512,9512,1,1
2020-04-01 15:02:48.005,9511,9512,9512,1,1
2020-04-01 15:02:48.511,9511,9512,9511,1,-1
2020-04-01 15:02:48.859,9511,9512,9511,2,-2
2020-04-01 15:02:49.007,9511,9512,9511,1,-1
2020-04-01 15:02:50.512,9511,9512,9511,1,-1
2020-04-01 15:02:51.754,9510,9511,9511,2,2
2020-04-01 15:02:51.906,9510,9511,9510,1,-1
2020-04-01 15:02:52.119,9510,9511,9511,2,2
2020-04-01 15:02:53.544,9510,9511,9511,1,1
2020-04-01 15:02:54.541,9510,9511,9510,1,-1
2020-04-01 15:02:54.559,9510,9511,9510,1,-1
2020-04-01 15:02:54.561,9510,9511,9510,3,-3
2020-04-01 15:02:54.770,9509,9510,9509,1,-1
2020-04-01 15:02:55.319,9509,9510,9509,11,-11
2020-04-01 15:02:56.104,9508,9510,9509,1,-1
2020-04-01 15:02:59.839,9508,9509,9508,4,-4
2020-04-01 15:02:59.902,9508,9509,9508,8,-8
2020-04-01 15:02:59.902,9508,9509,9508,3,-3
2020-04-01 15:03:00.006,9508,9509,9507,1,-1
2020-04-01 15:03:00.031,9507,9509,9507,1,-1
2020-04-01 15:03:00.069,9507,9509,9507,2,-2
2020-04-01 15:03:00.410,9506,9508,9508,1,1
2020-04-01 15:03:00.419,9506,9508,9508,2,2
2020-04-01 15:03:00.602,9506,9508,9507,1,-1
2020-04-01 15:03:01.921,9506,9507,9507,8,8
2020-04-01 15:03:01.921,9506,9507,9507,7,7
2020-04-01 15:03:02.757,9507,9508,9507,1,-1
2020-04-01 15:03:02.758,9507,9508,9507,1,-1
2020-04-01 15:03:02.783,9507,9508,9507,1,-1
2020-04-01 15:03:02.784,9507,9508,9507,1,-1
2020-04-01 15:03:02.785,9507,9508,9507,1,-1
2020-04-01 15:03:02.787,9507,9508,9506,1,-1
2020-04-01 15:03:02.788,9507,9508,9506,1,-1
2020-04-01 15:03:02.962,9506,9508,9506,1,-1
2020-04-01 15:03:03.221,9506,9507,9507,1,1
2020-04-01 15:03:03.644,9506,9508,9508,1,1
2020-04-01 15:03:03.754,9507,9509,9507,1,-1
2020-04-01 15:03:04.053,9507,9508,9508,1,1
2020-04-01 15:03:04.636,9507,9509,9507,1,-1
2020-04-01 15:03:08.745,9508,9509,9508,1,1
2020-04-01 15:03:09.731,9507,9508,9508,1,1
2020-04-01 15:03:10.324,9507,9508,9507,1,-1
2020-04-01 15:03:10.623,9507,9508,9507,1,-1
2020-04-01 15:03:11.424,9506,9507,9507,1,1
2020-04-01 15:03:11.851,9506,9507,9506,2,-2
2020-04-01 15:03:11.999,9505,9506,9506,1,1
2020-04-01 15:03:13.149,9506,9507,9506,1,-1
2020-04-01 15:03:13.884,9506,9507,9506,1,-1
2020-04-01 15:03:14.648,9506,9507,9506,1,-1
2020-04-01 15:03:14.985,9506,9507,9506,1,-1
2020-04-01 15:03:15.496,9506,9507,9507,1,1
2020-04-01 15:03:15.524,9506,9507,9506,1,-1
2020-04-01 15:03:15.590,9506,9507,9507,1,1
2020-04-01 15:03:15.971,9506,9508,9506,1,-1
2020-04-01 15:03:21.776,9508,9509,9508,1,1
2020-04-01 15:03:21.776,9508,9509,9508,1,-1
2020-04-01 15:03:21.776,9508,9509,9508,1,-1
2020-04-01 15:03:24.620,9506,9507,9507,1,1
2020-04-01 15:03:26.074,9507,9508,9508,1,1
2020-04-01 15:03:26.402,9507,9508,9507,1,-1
2020-04-01 15:03:27.008,9506,9507,9506,2,-2
2020-04-01 15:03:27.014,9506,9507,9506,5,-5
2020-04-01 15:03:27.152,9505,9506,9505,1,-1
2020-04-01 15:03:27.152,9505,9506,9505,2,-2
2020-04-01 15:03:27.191,9505,9506,9505,2,-2
2020-04-01 15:03:27.208,9505,9506,9505,1,-1
2020-04-01 15:03:27.208,9505,9506,9505,1,-1
2020-04-01 15:03:27.213,9505,9506,9505,1,-1
2020-04-01 15:03:27.213,9505,9506,9505,2,-2
2020-04-01 15:03:27.213,9505,9506,9505,1,-1
2020-04-01 15:03:27.214,9505,9506,9505,1,-1
2020-04-01 15:03:27.243,9505,9506,9506,6,6
2020-04-01 15:03:27.277,9505,9506,9505,4,-4
2020-04-01 15:03:27.277,9505,9506,9505,5,-5
2020-04-01 15:03:28.612,9505,9506,9505,1,-1
2020-04-01 15:03:30.198,9505,9507,9505,1,-1
2020-04-01 15:03:30.198,9505,9507,9505,2,-2
2020-04-01 15:03:30.720,9505,9507,9507,1,1
2020-04-01 15:03:30.800,9505,9507,9507,1,1
2020-04-01 15:03:30.881,9505,9507,9507,1,1
2020-04-01 15:03:31.029,9505,9507,9505,5,-5
2020-04-01 15:03:31.256,9506,9507,9506,4,4
2020-04-01 15:03:31.256,9506,9507,9505,1,-1
2020-04-01 15:03:31.320,9504,9507,9507,1,1
2020-04-01 15:03:31.434,9505,9507,9506,1,-1
2020-04-01 15:03:31.481,9505,9507,9505,5,-5
2020-04-01 15:03:31.725,9505,9507,9505,2,-2
2020-04-01 15:03:31.725,9505,9507,9504,3,-3
2020-04-01 15:03:31.867,9504,9506,9506,1,1
2020-04-01 15:03:33.087,9506,9507,9507,2,2
2020-04-01 15:03:33.142,9506,9507,9508,1,1
2020-04-01 15:03:33.415,9507,9508,9507,1,-1
2020-04-01 15:03:33.626,9507,9508,9508,1,1
2020-04-01 15:03:35.296,9507,9508,9508,2,2
2020-04-01 15:03:35.570,9507,9509,9509,1,1
2020-04-01 15:03:36.332,9507,9509,9507,1,-1
2020-04-01 15:03:37.139,9507,9508,9508,3,3
2020-04-01 15:03:39.241,9507,9508,9508,1,1
2020-04-01 15:03:39.741,9507,9509,9509,2,2
2020-04-01 15:03:39.777,9508,9509,9509,1,1
2020-04-01 15:03:41.126,9509,9510,9510,6,6
2020-04-01 15:03:41.203,9509,9511,9511,15,15
2020-04-01 15:03:41.204,9509,9511,9511,1,1
2020-04-01 15:03:41.649,9510,9512,9512,1,1
2020-04-01 15:03:42.328,9510,9512,9512,1,1
2020-04-01 15:03:42.686,9510,9511,9511,2,2
2020-04-01 15:03:42.931,9510,9511,9510,2,-2
2020-04-01 15:03:43.453,9509,9511,9511,1,1
2020-04-01 15:03:43.533,9509,9511,9511,1,1
2020-04-01 15:03:44.075,9509,9510,9510,1,1
2020-04-01 15:03:44.272,9509,9511,9509,1,-1
2020-04-01 15:03:44.285,9509,9511,9511,3,3
2020-04-01 15:03:47.502,9509,9511,9511,1,1
2020-04-01 15:03:49.458,9509,9510,9509,9,-9
2020-04-01 15:03:49.527,9508,9510,9509,1,-1
2020-04-01 15:03:49.637,9508,9510,9509,1,-1
2020-04-01 15:03:58.673,9509,9511,9509,1,-1
2020-04-01 15:03:59.817,9510,9511,9511,1,1
2020-04-01 15:03:59.817,9510,9511,9511,2,2
2020-04-01 15:04:00.321,9511,9512,9512,1,1
2020-04-01 15:04:00.332,9511,9512,9512,2,2
2020-04-01 15:04:01.352,9510,9511,9510,1,-1
2020-04-01 15:04:08.070,9509,9510,9510,1,1
2020-04-01 15:04:08.745,9509,9510,9510,1,1
2020-04-01 15:04:10.085,9510,9511,9510,1,-1
2020-04-01 15:04:10.729,9510,9511,9510,2,-2
2020-04-01 15:04:10.730,9510,9511,9510,1,-1
2020-04-01 15:04:11.246,9509,9510,9509,1,-1
2020-04-01 15:04:11.533,9509,9510,9510,2,2
2020-04-01 15:04:11.613,9509,9510,9509,1,-1
2020-04-01 15:04:12.527,9510,9511,9511,7,7
2020-04-01 15:04:13.031,9511,9512,9512,1,1
2020-04-01 15:04:13.943,9510,9512,9510,1,-1
2020-04-01 15:04:16.166,9510,9511,9510,1,-1
2020-04-01 15:04:16.167,9510,9511,9510,1,-1
2020-04-01 15:04:18.230,9509,9510,9510,1,1
2020-04-01 15:04:18.405,9510,9511,9510,1,-1
2020-04-01 15:04:20.715,9510,9511,9511,1,1
2020-04-01 15:04:20.715,9510,9511,9511,1,1
2020-04-01 15:04:21.005,9511,9512,9511,1,-1
2020-04-01 15:04:22.961,9510,9512,9511,1,-1
2020-04-01 15:04:24.452,9511,9512,9511,1,-1
2020-04-01 15:04:28.044,9510,9511,9511,1,1
2020-04-01 15:04:28.044,9510,9511,9511,1,1
2020-04-01 15:04:30.121,9511,9512,9511,1,-1
2020-04-01 15:04:30.242,9511,9512,9512,2,2
2020-04-01 15:04:30.806,9511,9512,9511,1,-1
2020-04-01 15:04:31.652,9511,9512,9512,2,2
2020-04-01 15:04:31.653,9511,9512,9512,22,22
2020-04-01 15:04:32.478,9511,9513,9511,1,-1
2020-04-01 15:04:35.035,9512,9513,9513,1,1
2020-04-01 15:04:37.635,9512,9513,9513,1,1
2020-04-01 15:04:38.508,9512,9513,9512,2,-2
2020-04-01 15:04:39.449,9511,9513,9512,1,-1
2020-04-01 15:04:41.973,9511,9512,9511,1,-1
2020-04-01 15:04:42.105,9511,9512,9512,1,1
2020-04-01 15:04:46.115,9512,9513,9512,1,-1
2020-04-01 15:04:46.881,9512,9513,9513,1,1
2020-04-01 15:04:49.207,9512,9513,9512,1,-1
2020-04-01 15:04:49.208,9512,9513,9512,1,-1
2020-04-01 15:04:49.506,9511,9512,9511,5,-5
2020-04-01 15:04:49.559,9510,9511,9510,2,-2
2020-04-01 15:04:49.652,9510,9511,9510,16,-16
2020-04-01 15:04:49.652,9510,9511,9510,2,-2
2020-04-01 15:04:49.652,9510,9511,9510,2,-2
2020-04-01 15:04:49.652,9510,9511,9510,1,-1
2020-04-01 15:04:49.697,9510,9511,9510,1,-1
2020-04-01 15:04:51.860,9510,9512,9510,1,-1
2020-04-01 15:04:52.355,9510,9511,9511,1,1
2020-04-01 15:04:55.056,9511,9512,9512,1,1
2020-04-01 15:04:58.551,9512,9513,9512,1,-1
2020-04-01 15:04:59.128,9512,9513,9513,1,1
2020-04-01 15:04:59.785,9511,9513,9511,1,-1
2020-04-01 15:05:05.277,9511,9512,9512,2,2
2020-04-01 15:05:05.509,9511,9513,9513,1,1
2020-04-01 15:05:07.320,9512,9513,9513,8,8
2020-04-01 15:05:07.320,9512,9513,9513,2,2
2020-04-01 15:05:07.320,9512,9513,9513,1,1
2020-04-01 15:05:07.323,9512,9513,9513,9,9
2020-04-01 15:05:07.937,9513,9514,9513,1,-1
2020-04-01 15:05:09.337,9513,9514,9514,1,1
2020-04-01 15:05:09.402,9513,9514,9514,7,7
2020-04-01 15:05:09.402,9513,9514,9514,2,2
2020-04-01 15:05:10.132,9513,9515,9514,1,-1
2020-04-01 15:05:10.357,9513,9515,9513,5,-5
2020-04-01 15:05:10.595,9513,9514,9513,1,-1
2020-04-01 15:05:10.734,9513,9514,9514,1,1
2020-04-01 15:05:10.734,9513,9514,9515,3,3
2020-04-01 15:05:11.143,9513,9515,9513,1,-1
2020-04-01 15:05:11.668,9513,9515,9513,1,-1
2020-04-01 15:05:11.884,9513,9515,9515,1,1
2020-04-01 15:05:12.360,9514,9515,9515,12,12
2020-04-01 15:05:13.659,9515,9516,9516,1,1
2020-04-01 15:05:13.661,9515,9516,9516,2,2
2020-04-01 15:05:13.862,9515,9516,9515,2,-2
2020-04-01 15:05:14.803,9515,9516,9516,1,1
2020-04-01 15:05:15.043,9515,9516,9516,1,1
2020-04-01 15:05:15.044,9515,9516,9516,1,1
2020-04-01 15:05:15.060,9515,9516,9516,2,2
2020-04-01 15:05:15.265,9516,9517,9517,2,2
2020-04-01 15:05:15.372,9515,9517,9517,4,4
2020-04-01 15:05:15.862,9516,9517,9517,4,4
2020-04-01 15:05:15.862,9516,9517,9518,6,6
2020-04-01 15:05:16.116,9516,9518,9516,1,-1
2020-04-01 15:05:16.279,9516,9518,9518,1,1
2020-04-01 15:05:16.795,9516,9518,9518,6,6
2020-04-01 15:05:16.795,9516,9518,9519,4,4
2020-04-01 15:05:16.854,9516,9518,9517,1,-1
2020-04-01 15:05:16.935,9517,9519,9519,1,1
2020-04-01 15:05:17.495,9517,9519,9518,2,-2
2020-04-01 15:05:17.495,9517,9519,9519,7,7
2020-04-01 15:05:17.495,9517,9519,9520,1,1
2020-04-01 15:05:17.576,9517,9520,9518,1,-1
2020-04-01 15:05:17.576,9517,9520,9519,4,4
2020-04-01 15:05:17.578,9517,9520,9519,1,-1
2020-04-01 15:05:17.578,9517,9520,9520,2,2
2020-04-01 15:05:17.658,9518,9520,9520,1,1
2020-04-01 15:05:17.674,9518,9520,9520,1,1
2020-04-01 15:05:17.684,9518,9520,9520,1,1
2020-04-01 15:05:17.770,9518,9520,9520,1,1
2020-04-01 15:05:17.903,9517,9520,9520,1,1
2020-04-01 15:05:18.368,9518,9520,9520,1,1
2020-04-01 15:05:18.729,9518,9520,9520,1,1
2020-04-01 15:05:19.133,9518,9519,9519,1,1
2020-04-01 15:05:20.496,9518,9520,9519,1,-1
2020-04-01 15:05:20.542,9518,9520,9520,20,20
2020-04-01 15:05:20.579,9518,9520,9520,1,1
2020-04-01 15:05:20.579,9518,9520,9521,1,1
2020-04-01 15:05:20.688,9519,9521,9521,5,5
2020-04-01 15:05:20.713,9519,9521,9521,1,1
2020-04-01 15:05:20.799,9519,9521,9520,1,-1
2020-04-01 15:05:21.121,9519,9520,9519,1,-1
2020-04-01 15:05:21.222,9519,9521,9519,1,-1
2020-04-01 15:05:21.908,9520,9521,9521,8,8
2020-04-01 15:05:22.043,9521,9523,9521,1,-1
2020-04-01 15:05:22.369,9521,9523,9523,1,1
2020-04-01 15:05:22.554,9521,9523,9523,1,1
2020-04-01 15:05:22.690,9521,9523,9521,1,-1
2020-04-01 15:05:22.844,9521,9523,9523,1,1
2020-04-01 15:05:23.112,9521,9523,9521,1,-1
2020-04-01 15:05:23.404,9521,9523,9523,1,1
2020-04-01 15:05:23.620,9521,9523,9523,1,1
2020-04-01 15:05:24.013,9521,9522,9522,1,1
2020-04-01 15:05:24.690,9522,9523,9522,1,-1
2020-04-01 15:05:25.077,9521,9523,9523,1,1
2020-04-01 15:05:25.215,9522,9523,9522,1,-1
2020-04-01 15:05:25.298,9522,9523,9523,1,1
2020-04-01 15:05:25.674,9522,9523,9523,1,1
2020-04-01 15:05:26.162,9522,9523,9521,1,-1
2020-04-01 15:05:26.403,9521,9523,9521,1,-1
2020-04-01 15:05:27.074,9522,9523,9523,1,1
2020-04-01 15:05:27.592,9522,9523,9523,1,1
2020-04-01 15:05:27.794,9522,9523,9523,1,1
2020-04-01 15:05:27.842,9522,9523,9522,1,-1
2020-04-01 15:05:27.905,9522,9523,9523,1,1
2020-04-01 15:05:28.188,9522,9523,9523,1,1
2020-04-01 15:05:28.249,9522,9523,9522,1,-1
2020-04-01 15:05:28.339,9522,9523,9523,1,1
2020-04-01 15:05:29.010,9522,9523,9523,8,8
2020-04-01 15:05:29.217,9523,9524,9523,5,-5
2020-04-01 15:05:29.217,9523,9524,9523,2,-2
2020-04-01 15:05:29.276,9523,9524,9524,1,1
2020-04-01 15:05:30.503,9523,9524,9523,2,-2
2020-04-01 15:05:31.030,9523,9524,9524,4,4
2020-04-01 15:05:31.112,9523,9524,9524,1,1
2020-04-01 15:05:31.349,9523,9524,9523,2,-2
2020-04-01 15:05:31.349,9523,9524,9523,1,-1
2020-04-01 15:05:31.349,9523,9524,9523,1,-1
2020-04-01 15:05:31.550,9522,9523,9523,3,3
2020-04-01 15:05:32.074,9522,9523,9523,1,1
2020-04-01 15:05:32.372,9522,9523,9522,1,-1
2020-04-01 15:05:32.561,9521,9523,9521,1,-1
2020-04-01 15:05:32.707,9521,9523,9521,1,-1
2020-04-01 15:05:34.775,9521,9522,9522,1,1
2020-04-01 15:05:35.802,9521,9523,9523,1,1
2020-04-01 15:05:38.445,9521,9522,9522,2,2
2020-04-01 15:05:38.992,9521,9522,9522,1,1
2020-04-01 15:05:39.358,9521,9522,9522,2,2
2020-04-01 15:05:40.777,9522,9523,9523,1,1
2020-04-01 15:05:40.777,9522,9523,9523,1,1
2020-04-01 15:05:41.289,9522,9523,9523,1,1
2020-04-01 15:05:41.512,9522,9523,9522,1,-1
2020-04-01 15:05:42.358,9523,9524,9523,1,1
2020-04-01 15:05:42.444,9522,9524,9524,2,2
2020-04-01 15:05:42.525,9522,9524,9522,1,-1
2020-04-01 15:05:42.688,9522,9523,9522,2,-2
2020-04-01 15:05:42.833,9521,9523,9523,1,1
2020-04-01 15:05:45.855,9521,9522,9521,11,-11
2020-04-01 15:05:45.902,9520,9521,9520,13,-13
2020-04-01 15:05:45.949,9520,9521,9520,1,-1
2020-04-01 15:05:46.091,9519,9520,9519,1,-1
2020-04-01 15:05:47.001,9518,9520,9519,1,-1
2020-04-01 15:05:47.023,9518,9520,9519,1,-1
2020-04-01 15:05:48.192,9518,9520,9520,1,1
2020-04-01 15:05:49.538,9519,9520,9519,1,-1
2020-04-01 15:05:50.419,9518,9519,9519,2,2
2020-04-01 15:05:50.980,9518,9519,9518,5,-5
2020-04-01 15:05:50.980,9518,9519,9518,1,-1
2020-04-01 15:05:50.981,9518,9519,9518,6,-6
2020-04-01 15:05:51.031,9517,9518,9517,1,-1
2020-04-01 15:05:51.875,9516,9518,9518,1,1
2020-04-01 15:05:52.247,9516,9518,9518,1,1
2020-04-01 15:05:52.685,9517,9519,9518,1,-1
2020-04-01 15:05:53.424,9517,9518,9518,1,1
2020-04-01 15:05:53.684,9518,9519,9518,1,-1
2020-04-01 15:05:54.738,9517,9518,9517,1,-1
2020-04-01 15:05:54.947,9516,9518,9518,1,1
2020-04-01 15:05:55.671,9515,9517,9515,1,-1
2020-04-01 15:05:58.226,9515,9516,9516,1,1
2020-04-01 15:05:58.652,9516,9517,9517,2,2
2020-04-01 15:05:59.073,9516,9518,9516,2,-2
2020-04-01 15:05:59.110,9516,9518,9518,3,3
2020-04-01 15:05:59.152,9517,9518,9518,4,4
2020-04-01 15:06:00.092,9518,9519,9518,1,-1
2020-04-01 15:06:00.197,9518,9519,9518,1,-1
2020-04-01 15:06:00.233,9518,9519,9518,1,-1
2020-04-01 15:06:00.346,9518,9519,9519,2,2
2020-04-01 15:06:00.414,9518,9520,9520,3,3
2020-04-01 15:06:00.430,9518,9520,9518,1,-1
2020-04-01 15:06:00.532,9517,9519,9517,1,-1
2020-04-01 15:06:00.707,9518,9519,9519,1,1
2020-04-01 15:06:00.805,9517,9519,9517,1,-1
2020-04-01 15:06:00.953,9517,9519,9519,2,2
2020-04-01 15:06:00.953,9517,9519,9520,3,3
2020-04-01 15:06:01.170,9518,9520,9520,4,4
2020-04-01 15:06:01.170,9518,9520,9521,1,1
2020-04-01 15:06:01.244,9518,9520,9518,1,-1
2020-04-01 15:06:01.664,9518,9520,9518,2,-2
2020-04-01 15:06:02.729,9517,9519,9519,2,2
2020-04-01 15:06:03.721,9517,9518,9518,1,1
2020-04-01 15:06:04.607,9517,9519,9517,1,-1
2020-04-01 15:06:05.277,9518,9519,9519,1,1
2020-04-01 15:06:06.573,9519,9520,9520,3,3
2020-04-01 15:06:06.902,9519,9521,9519,1,-1
2020-04-01 15:06:07.717,9519,9520,9519,2,-2
2020-04-01 15:06:07.717,9519,9520,9519,1,-1
2020-04-01 15:06:07.717,9519,9520,9519,1,-1
2020-04-01 15:06:07.922,9518,9519,9518,1,-1
2020-04-01 15:06:09.563,9517,9519,9519,1,1
2020-04-01 15:06:11.754,9518,9520,9519,1,-1
2020-04-01 15:06:12.380,9519,9520,9519,1,-1
2020-04-01 15:06:12.684,9519,9520,9520,2,2
2020-04-01 15:06:12.684,9519,9520,9520,3,3
2020-04-01 15:06:12.702,9519,9520,9520,1,1
2020-04-01 15:06:12.703,9519,9520,9520,1,1
2020-04-01 15:06:13.799,9520,9521,9521,1,1
2020-04-01 15:06:13.892,9520,9521,9521,1,1
2020-04-01 15:06:13.902,9520,9521,9521,3,3
2020-04-01 15:06:14.181,9520,9522,9520,2,-2
2020-04-01 15:06:15.444,9520,9521,9520,1,-1
2020-04-01 15:06:15.533,9520,9521,9520,1,-1
2020-04-01 15:06:18.819,9519,9521,9520,1,-1
2020-04-01 15:06:18.829,9519,9521,9520,1,-1
2020-04-01 15:06:18.843,9519,9521,9520,1,-1
2020-04-01 15:06:20.126,9519,9521,9521,1,1
2020-04-01 15:06:20.842,9520,9521,9521,1,1
2020-04-01 15:06:20.842,9520,9521,9521,2,2
2020-04-01 15:06:21.470,9521,9522,9522,1,1
2020-04-01 15:06:21.590,9521,9522,9522,1,1
2020-04-01 15:06:21.594,9521,9522,9522,1,1
2020-04-01 15:06:21.594,9521,9522,9522,1,1
2020-04-01 15:06:21.652,9521,9522,9522,4,4
2020-04-01 15:06:21.652,9521,9522,9522,2,2
2020-04-01 15:06:21.652,9521,9522,9522,3,3
2020-04-01 15:06:21.844,9521,9522,9522,1,1
2020-04-01 15:06:22.565,9521,9522,9522,1,1
2020-04-01 15:06:22.604,9521,9522,9521,1,-1
2020-04-01 15:06:23.808,9521,9522,9521,1,-1
2020-04-01 15:06:24.572,9521,9522,9522,1,1
2020-04-01 15:06:24.589,9521,9522,9522,2,2
2020-04-01 15:06:27.240,9520,9522,9520,10,-10
2020-04-01 15:06:27.698,9520,9521,9520,1,-1
2020-04-01 15:06:28.527,9520,9522,9522,1,1
2020-04-01 15:06:28.686,9520,9522,9520,1,-1
2020-04-01 15:06:29.100,9520,9522,9522,1,1
2020-04-01 15:06:30.379,9520,9522,9522,1,1
2020-04-01 15:06:30.402,9521,9522,9522,1,1
2020-04-01 15:06:30.436,9521,9522,9522,2,2
2020-04-01 15:06:30.539,9522,9523,9522,1,-1
2020-04-01 15:06:30.738,9522,9523,9523,1,1
2020-04-01 15:06:31.670,9522,9523,9523,1,1
2020-04-01 15:06:31.694,9522,9523,9522,1,-1
2020-04-01 15:06:31.739,9522,9523,9522,1,-1
2020-04-01 15:06:32.054,9522,9523,9522,1,-1
2020-04-01 15:06:34.296,9520,9522,9522,1,1
2020-04-01 15:06:34.938,9520,9522,9520,1,-1
2020-04-01 15:06:37.544,9520,9521,9521,1,1
2020-04-01 15:06:37.585,9520,9521,9522,1,1
2020-04-01 15:06:37.675,9521,9522,9520,6,-6
2020-04-01 15:06:38.074,9521,9522,9522,1,1
2020-04-01 15:06:38.164,9522,9523,9522,2,-2
2020-04-01 15:06:38.164,9522,9523,9521,6,-6
2020-04-01 15:06:38.398,9520,9522,9522,1,1
2020-04-01 15:06:41.440,9520,9522,9522,1,1
2020-04-01 15:06:41.719,9520,9522,9522,1,1
2020-04-01 15:06:44.255,9520,9521,9521,2,2
2020-04-01 15:06:45.119,9521,9522,9522,1,1
2020-04-01 15:06:45.607,9521,9522,9521,1,-1
2020-04-01 15:06:45.608,9521,9522,9521,7,-7
2020-04-01 15:06:46.018,9520,9521,9520,8,-8
2020-04-01 15:06:46.436,9519,9520,9519,1,-1
2020-04-01 15:06:49.018,9519,9520,9520,1,1
2020-04-01 15:06:49.434,9519,9520,9519,1,-1
2020-04-01 15:06:49.652,9518,9519,9518,3,-3
2020-04-01 15:06:49.777,9517,9518,9517,12,-12
2020-04-01 15:06:51.098,9516,9518,9516,7,-7
2020-04-01 15:06:51.207,9515,9516,9516,3,3
2020-04-01 15:06:51.207,9515,9516,9517,7,7
2020-04-01 15:06:51.479,9516,9517,9516,2,-2
2020-04-01 15:06:51.501,9516,9517,9517,1,1
2020-04-01 15:06:52.027,9515,9516,9515,10,-10
2020-04-01 15:06:52.027,9515,9516,9515,2,-2
2020-04-01 15:06:52.027,9515,9516,9515,5,-5
2020-04-01 15:06:52.027,9515,9516,9515,1,-1
2020-04-01 15:06:52.124,9515,9516,9515,1,-1
2020-04-01 15:06:52.360,9514,9515,9514,1,-1
2020-04-01 15:06:52.433,9514,9515,9515,1,1
2020-04-01 15:06:52.444,9514,9515,9514,1,-1
2020-04-01 15:06:52.464,9514,9515,9514,1,-1
2020-04-01 15:06:53.152,9513,9514,9514,2,2
2020-04-01 15:06:53.152,9513,9514,9514,2,2
2020-04-01 15:06:53.152,9513,9514,9514,4,4
2020-04-01 15:06:53.152,9513,9514,9514,1,1
2020-04-01 15:06:53.378,9513,9515,9514,1,-1
2020-04-01 15:06:53.632,9514,9515,9514,6,-6
2020-04-01 15:06:53.876,9513,9514,9514,1,1
2020-04-01 15:06:53.877,9513,9514,9514,3,3
2020-04-01 15:06:54.088,9513,9515,9515,1,1
2020-04-01 15:06:54.401,9513,9514,9513,1,-1
2020-04-01 15:06:54.416,9513,9514,9513,1,-1
2020-04-01 15:06:54.560,9513,9514,9513,1,-1
2020-04-01 15:06:54.584,9513,9514,9514,1,1
2020-04-01 15:06:54.911,9513,9514,9513,1,-1
2020-04-01 15:06:55.582,9512,9514,9514,1,1
2020-04-01 15:06:56.289,9513,9514,9513,1,-1
2020-04-01 15:06:56.369,9513,9514,9513,6,-6
2020-04-01 15:06:56.516,9512,9513,9513,1,1
2020-04-01 15:06:56.932,9513,9515,9513,1,-1
2020-04-01 15:06:57.234,9513,9515,9513,3,-3
2020-04-01 15:06:58.402,9513,9514,9514,2,2
2020-04-01 15:06:58.496,9513,9514,9515,1,1
2020-04-01 15:06:58.916,9514,9516,9514,3,-3
2020-04-01 15:06:59.417,9514,9516,9516,6,6
2020-04-01 15:07:00.085,9514,9516,9514,2,-2
2020-04-01 15:07:00.359,9513,9514,9513,1,-1
2020-04-01 15:07:01.036,9514,9515,9514,1,1
2020-04-01 15:07:02.037,9513,9515,9513,1,-1
2020-04-01 15:07:02.040,9513,9515,9513,3,-3
2020-04-01 15:07:02.048,9513,9515,9513,1,-1
2020-04-01 15:07:02.138,9513,9515,9513,1,-1
2020-04-01 15:07:02.850,9512,9514,9514,1,1
2020-04-01 15:07:03.193,9512,9513,9512,8,-8
2020-04-01 15:07:03.212,9512,9513,9512,1,-1
2020-04-01 15:07:03.277,9511,9512,9511,2,-2
2020-04-01 15:07:03.664,9511,9512,9512,1,1
2020-04-01 15:07:03.880,9511,9512,9511,10,-10
2020-04-01 15:07:03.902,9511,9512,9511,2,-2
2020-04-01 15:07:03.902,9511,9512,9511,7,-7
2020-04-01 15:07:04.000,9511,9512,9512,1,1
2020-04-01 15:07:04.168,9510,9512,9510,1,-1
2020-04-01 15:07:04.553,9510,9511,9510,1,-1
2020-04-01 15:07:04.912,9510,9511,9510,1,-1
2020-04-01 15:07:05.296,9510,9511,9510,1,-1
2020-04-01 15:07:06.123,9510,9511,9511,1,1
2020-04-01 15:07:06.251,9510,9512,9511,2,-2
2020-04-01 15:07:06.413,9511,9512,9512,1,1
2020-04-01 15:07:06.489,9511,9512,9512,2,2
2020-04-01 15:07:06.850,9511,9513,9513,4,4
2020-04-01 15:07:06.850,9511,9513,9514,3,3
2020-04-01 15:07:07.045,9512,9514,9512,1,-1
2020-04-01 15:07:08.495,9512,9513,9513,1,1
2020-04-01 15:07:10.115,9513,9514,9514,2,2
2020-04-01 15:07:10.412,9514,9516,9516,1,1
2020-04-01 15:07:11.895,9515,9516,9516,2,2
2020-04-01 15:07:12.796,9516,9517,9516,1,-1
2020-04-01 15:07:13.334,9515,9517,9517,1,1
2020-04-01 15:07:13.390,9515,9517,9517,1,1
2020-04-01 15:07:13.419,9515,9517,9517,4,4
2020-04-01 15:07:13.652,9517,9518,9518,2,2
2020-04-01 15:07:13.743,9517,9518,9517,1,-1
2020-04-01 15:07:13.880,9517,9519,9517,1,-1
2020-04-01 15:07:14.191,9517,9519,9517,1,-1
2020-04-01 15:07:15.292,9517,9519,9517,1,-1
2020-04-01 15:07:15.475,9517,9519,9519,7,7
2020-04-01 15:07:15.475,9517,9519,9520,8,8
2020-04-01 15:07:15.477,9517,9519,9520,4,4
2020-04-01 15:07:15.527,9519,9521,9520,1,-1
2020-04-01 15:07:18.439,9519,9521,9520,1,-1
2020-04-01 15:07:18.451,9519,9521,9520,1,-1
2020-04-01 15:07:20.174,9518,9519,9519,1,1
2020-04-01 15:07:20.634,9518,9519,9519,1,1
2020-04-01 15:07:21.092,9518,9519,9519,1,1
2020-04-01 15:07:21.356,9518,9519,9518,3,-3
2020-04-01 15:07:21.466,9518,9519,9519,3,3
2020-04-01 15:07:21.466,9518,9519,9520,3,3
2020-04-01 15:07:21.679,9518,9520,9518,1,-1
2020-04-01 15:07:24.902,9519,9520,9519,2,2
2020-04-01 15:07:25.948,9518,9519,9519,1,1
2020-04-01 15:07:26.027,9519,9520,9520,2,2
2020-04-01 15:07:26.133,9519,9520,9519,1,-1
2020-04-01 15:07:26.590,9520,9521,9520,2,2
2020-04-01 15:07:26.590,9520,9521,9519,1,-1
2020-04-01 15:07:26.902,9520,9521,9521,1,1
2020-04-01 15:07:27.720,9520,9521,9520,4,-4
2020-04-01 15:07:28.093,9519,9520,9519,4,-4
2020-04-01 15:07:28.093,9519,9520,9518,4,-4
2020-04-01 15:07:30.972,9517,9519,9519,1,1
2020-04-01 15:07:32.274,9518,9519,9518,1,-1
2020-04-01 15:07:32.616,9517,9518,9518,1,1
2020-04-01 15:07:33.070,9517,9518,9518,1,1
2020-04-01 15:07:33.169,9517,9518,9517,3,-3
2020-04-01 15:07:35.813,9517,9518,9517,2,-2
2020-04-01 15:07:36.619,9517,9518,9517,1,-1
2020-04-01 15:07:36.652,9517,9518,9517,2,-2
2020-04-01 15:07:36.902,9516,9517,9516,2,-2
2020-04-01 15:07:39.405,9516,9517,9517,1,1
2020-04-01 15:07:40.680,9517,9519,9519,5,5
2020-04-01 15:07:41.227,9518,9519,9519,2,2
2020-04-01 15:07:45.866,9518,9519,9518,1,-1
2020-04-01 15:07:47.997,9519,9520,9519,1,1
2020-04-01 15:07:49.546,9519,9520,9520,3,3
2020-04-01 15:07:49.546,9519,9520,9520,3,3
2020-04-01 15:07:49.546,9519,9520,9520,1,1
2020-04-01 15:07:49.546,9519,9520,9520,1,1
2020-04-01 15:07:49.547,9519,9520,9520,1,1
2020-04-01 15:07:49.547,9519,9520,9520,1,1
2020-04-01 15:07:49.547,9519,9520,9520,1,1
2020-04-01 15:07:49.548,9519,9520,9520,9,9
2020-04-01 15:07:50.539,9520,9521,9520,1,-1
2020-04-01 15:07:51.315,9520,9521,9520,1,-1
2020-04-01 15:07:54.527,9519,9520,9519,1,-1
2020-04-01 15:07:55.608,9518,9520,9520,1,1
2020-04-01 15:07:56.395,9518,9520,9520,2,2
2020-04-01 15:07:58.164,9519,9520,9520,1,1
2020-04-01 15:07:59.904,9520,9521,9521,1,1
2020-04-01 15:08:00.121,9520,9521,9520,1,-1
2020-04-01 15:08:01.199,9520,9521,9521,1,1
2020-04-01 15:08:01.282,9520,9521,9521,1,1
2020-04-01 15:08:01.408,9520,9521,9521,1,1
2020-04-01 15:08:01.410,9520,9521,9521,1,1
2020-04-01 15:08:01.410,9520,9521,9521,1,1
2020-04-01 15:08:01.413,9520,9521,9521,1,1
2020-04-01 15:08:01.419,9520,9521,9521,1,1
2020-04-01 15:08:01.419,9520,9521,9522,1,1
2020-04-01 15:08:01.421,9520,9521,9522,1,1
2020-04-01 15:08:01.711,9520,9522,9522,1,1
2020-04-01 15:08:02.040,9520,9521,9520,1,-1
2020-04-01 15:08:02.321,9519,9520,9521,1,1
2020-04-01 15:08:03.123,9519,9520,9520,1,1
2020-04-01 15:08:03.370,9519,9520,9520,1,1
2020-04-01 15:08:04.383,9519,9520,9520,1,1
2020-04-01 15:08:05.296,9520,9522,9522,1,1
2020-04-01 15:08:05.765,9520,9521,9521,1,1
2020-04-01 15:08:05.811,9521,9522,9522,1,1
2020-04-01 15:08:05.811,9521,9522,9522,4,4
2020-04-01 15:08:05.815,9521,9522,9522,1,1
2020-04-01 15:08:05.816,9521,9522,9522,2,2
2020-04-01 15:08:05.816,9521,9522,9522,1,1
2020-04-01 15:08:05.883,9521,9522,9523,17,17
2020-04-01 15:08:05.884,9521,9522,9523,1,1
2020-04-01 15:08:06.047,9523,9524,9524,1,1
2020-04-01 15:08:06.047,9523,9524,9524,1,1
2020-04-01 15:08:06.152,9523,9524,9524,4,4
2020-04-01 15:08:06.270,9523,9524,9523,1,-1
2020-04-01 15:08:06.288,9523,9525,9523,1,-1
2020-04-01 15:08:06.419,9523,9525,9523,1,-1
2020-04-01 15:08:06.502,9523,9525,9525,1,1
2020-04-01 15:08:06.518,9523,9525,9523,1,-1
2020-04-01 15:08:06.822,9523,9525,9525,3,3
2020-04-01 15:08:07.291,9523,9525,9523,1,-1
2020-04-01 15:08:07.777,9524,9525,9524,1,1
2020-04-01 15:08:08.965,9522,9524,9522,1,-1
2020-04-01 15:08:09.218,9522,9524,9524,1,1
2020-04-01 15:08:10.005,9522,9524,9523,1,-1
2020-04-01 15:08:10.777,9522,9523,9522,1,-1
2020-04-01 15:08:12.756,9522,9524,9522,3,-3
2020-04-01 15:08:12.756,9522,9524,9521,3,-3
2020-04-01 15:08:13.596,9521,9523,9521,4,-4
2020-04-01 15:08:13.597,9521,9523,9521,1,-1
2020-04-01 15:08:13.859,9520,9521,9521,1,1
2020-04-01 15:08:14.050,9520,9521,9520,1,-1
2020-04-01 15:08:14.068,9520,9521,9520,6,-6
2020-04-01 15:08:14.068,9520,9521,9520,1,-1
2020-04-01 15:08:14.152,9520,9521,9520,1,-1
2020-04-01 15:08:17.029,9521,9523,9522,1,1
2020-04-01 15:08:17.386,9520,9522,9520,1,-1
2020-04-01 15:08:18.402,9521,9522,9522,1,1
2020-04-01 15:08:20.103,9522,9523,9521,5,-5
2020-04-01 15:08:22.265,9521,9523,9521,1,-1
2020-04-01 15:08:22.777,9522,9523,9523,1,1
2020-04-01 15:08:22.902,9522,9523,9523,1,1
2020-04-01 15:08:24.370,9522,9523,9523,1,1
2020-04-01 15:08:24.656,9522,9523,9523,1,1
2020-04-01 15:08:26.527,9523,9524,9523,1,-1
2020-04-01 15:08:29.135,9522,9523,9522,1,-1
2020-04-01 15:08:29.395,9522,9523,9523,1,1
2020-04-01 15:08:29.687,9522,9523,9522,1,-1
2020-04-01 15:08:29.687,9522,9523,9522,3,-3
2020-04-01 15:08:32.021,9522,9524,9524,1,1
2020-04-01 15:08:32.777,9523,9524,9524,2,2
2020-04-01 15:08:33.276,9523,9524,9523,2,-2
2020-04-01 15:08:33.567,9523,9524,9524,1,1
2020-04-01 15:08:33.864,9522,9524,9524,3,3
2020-04-01 15:08:36.483,9523,9525,9525,1,1
2020-04-01 15:08:37.833,9524,9525,9525,1,1
2020-04-01 15:08:40.467,9524,9525,9525,1,1
2020-04-01 15:08:41.267,9524,9525,9524,1,-1
2020-04-01 15:08:41.267,9524,9525,9524,2,-2
2020-04-01 15:08:43.831,9524,9525,9525,6,6
2020-04-01 15:08:43.834,9524,9525,9525,1,1
2020-04-01 15:08:43.870,9524,9525,9525,1,1
2020-04-01 15:08:43.870,9524,9525,9525,2,2
2020-04-01 15:08:43.870,9524,9525,9525,13,13
2020-04-01 15:08:43.902,9525,9526,9526,14,14
2020-04-01 15:08:44.564,9526,9527,9527,5,5
2020-04-01 15:08:44.800,9526,9527,9527,3,3
2020-04-01 15:08:44.836,9526,9527,9527,1,1
2020-04-01 15:08:44.837,9526,9527,9527,1,1
2020-04-01 15:08:44.837,9526,9527,9527,1,1
2020-04-01 15:08:44.837,9526,9527,9527,2,2
2020-04-01 15:08:44.943,9526,9528,9528,1,1
2020-04-01 15:08:45.134,9526,9528,9526,4,-4
2020-04-01 15:08:45.250,9526,9528,9528,1,1
2020-04-01 15:08:45.378,9526,9528,9528,1,1
2020-04-01 15:08:46.020,9526,9528,9526,1,-1
2020-04-01 15:08:47.152,9526,9527,9526,3,-3
2020-04-01 15:08:47.857,9524,9526,9524,1,-1
2020-04-01 15:08:51.305,9524,9525,9525,1,1
2020-04-01 15:08:51.847,9524,9525,9525,1,1
2020-04-01 15:08:54.562,9524,9525,9525,1,1
2020-04-01 15:08:54.797,9524,9526,9526,1,1
2020-04-01 15:08:55.094,9524,9525,9524,2,-2
2020-04-01 15:08:55.094,9524,9525,9524,4,-4
2020-04-01 15:08:55.137,9524,9525,9524,8,-8
2020-04-01 15:08:55.583,9523,9524,9524,1,1
2020-04-01 15:08:56.159,9523,9524,9524,1,1
2020-04-01 15:08:57.411,9523,9524,9523,1,-1
2020-04-01 15:08:57.899,9523,9524,9523,1,-1
2020-04-01 15:08:57.913,9523,9524,9524,1,1
2020-04-01 15:08:58.027,9523,9524,9524,1,1
2020-04-01 15:09:01.165,9523,9524,9524,1,1
2020-04-01 15:09:01.897,9523,9524,9523,2,-2
2020-04-01 15:09:02.758,9522,9523,9523,1,1
2020-04-01 15:09:02.963,9523,9524,9523,1,-1
2020-04-01 15:09:03.734,9522,9523,9522,8,-8
2020-04-01 15:09:04.056,9522,9523,9523,1,1
2020-04-01 15:09:06.554,9522,9523,9523,1,1
2020-04-01 15:09:06.555,9522,9523,9523,1,1
2020-04-01 15:09:07.709,9522,9523,9523,1,1
2020-04-01 15:09:11.302,9523,9524,9523,1,-1
2020-04-01 15:09:12.055,9521,9523,9523,1,1
2020-04-01 15:09:17.749,9523,9524,9524,1,1
2020-04-01 15:09:18.775,9522,9524,9524,1,1
2020-04-01 15:09:19.924,9523,9524,9524,1,1
2020-04-01 15:09:21.015,9523,9524,9524,3,3
2020-04-01 15:09:21.027,9523,9524,9524,4,4
2020-04-01 15:09:21.027,9523,9524,9524,1,1
2020-04-01 15:09:21.027,9523,9524,9524,3,3
2020-04-01 15:09:21.027,9523,9524,9524,13,13
2020-04-01 15:09:21.227,9523,9525,9525,1,1
2020-04-01 15:09:26.803,9523,9525,9525,1,1
2020-04-01 15:09:27.051,9523,9525,9523,1,-1
2020-04-01 15:09:27.319,9523,9525,9525,1,1
2020-04-01 15:09:28.003,9523,9525,9524,1,-1
2020-04-01 15:09:28.148,9523,9524,9524,1,1
2020-04-01 15:09:28.478,9523,9524,9524,3,3
2020-04-01 15:09:31.152,9523,9524,9523,3,-3
2020-04-01 15:09:34.089,9522,9523,9523,1,1
2020-04-01 15:09:34.089,9522,9523,9524,1,1
2020-04-01 15:09:34.211,9522,9524,9522,1,-1
2020-04-01 15:09:35.152,9523,9524,9524,4,4
2020-04-01 15:09:35.152,9523,9524,9524,3,3
2020-04-01 15:09:37.402,9524,9525,9525,4,4
2020-04-01 15:09:37.402,9524,9525,9525,1,1
2020-04-01 15:09:38.075,9524,9526,9526,3,3
2020-04-01 15:09:38.710,9525,9526,9525,1,-1
2020-04-01 15:09:40.659,9525,9526,9525,3,-3
2020-04-01 15:09:41.297,9524,9525,9525,2,2
2020-04-01 15:09:42.608,9524,9525,9525,2,2
2020-04-01 15:09:43.276,9524,9525,9525,3,3
2020-04-01 15:09:43.995,9524,9525,9524,2,-2
2020-04-01 15:09:44.065,9523,9524,9523,2,-2
2020-04-01 15:09:44.078,9523,9524,9523,22,-22
2020-04-01 15:09:44.078,9523,9524,9523,1,-1
2020-04-01 15:09:44.078,9523,9524,9523,4,-4
2020-04-01 15:09:44.078,9523,9524,9523,2,-2
2020-04-01 15:09:44.078,9523,9524,9523,2,-2
2020-04-01 15:09:44.078,9523,9524,9523,1,-1
2020-04-01 15:09:44.078,9523,9524,9523,1,-1
2020-04-01 15:09:44.078,9523,9524,9523,8,-8
2020-04-01 15:09:44.078,9523,9524,9523,1,-1
2020-04-01 15:09:44.078,9523,9524,9523,1,-1
2020-04-01 15:09:44.078,9523,9524,9523,8,-8
2020-04-01 15:09:44.718,9522,9524,9522,1,-1
2020-04-01 15:09:45.717,9523,9525,9525,2,2
2020-04-01 15:09:46.007,9523,9525,9523,1,-1
2020-04-01 15:09:46.797,9523,9524,9524,1,1
2020-04-01 15:09:46.913,9524,9525,9525,1,1
2020-04-01 15:09:47.087,9524,9525,9525,1,1
2020-04-01 15:09:47.438,9524,9526,9524,1,-1
2020-04-01 15:09:53.998,9523,9524,9524,1,1
2020-04-01 15:09:55.750,9523,9524,9524,1,1
2020-04-01 15:09:55.751,9523,9524,9524,1,1
2020-04-01 15:09:55.751,9523,9524,9524,1,1
2020-04-01 15:09:57.368,9524,9525,9525,2,2
2020-04-01 15:09:58.466,9525,9526,9525,1,-1
2020-04-01 15:09:59.578,9525,9526,9525,1,-1
2020-04-01 15:09:59.578,9525,9526,9525,1,-1
2020-04-01 15:10:00.185,9524,9525,9525,1,1
2020-04-01 15:10:00.635,9525,9526,9525,3,-3
2020-04-01 15:10:00.635,9525,9526,9524,8,-8
2020-04-01 15:10:00.635,9525,9526,9523,4,-4
2020-04-01 15:10:00.708,9524,9526,9524,1,1
2020-04-01 15:10:01.005,9525,9526,9526,8,8
2020-04-01 15:10:01.005,9525,9526,9526,7,7
2020-04-01 15:10:01.005,9525,9526,9526,1,1
2020-04-01 15:10:01.007,9525,9526,9527,9,9
2020-04-01 15:10:01.028,9526,9528,9528,1,1
2020-04-01 15:10:01.028,9526,9528,9528,1,1
2020-04-01 15:10:01.061,9526,9528,9528,1,1
2020-04-01 15:10:01.273,9527,9529,9527,4,-4
2020-04-01 15:10:01.407,9526,9529,9526,1,-1
2020-04-01 15:10:01.489,9526,9529,9529,2,2
2020-04-01 15:10:01.743,9526,9528,9528,1,1
2020-04-01 15:10:02.661,9526,9527,9527,1,1
2020-04-01 15:10:02.711,9526,9527,9526,4,-4
2020-04-01 15:10:02.746,9526,9527,9526,1,-1
2020-04-01 15:10:02.812,9526,9528,9526,1,-1
2020-04-01 15:10:03.794,9526,9527,9527,1,1
2020-04-01 15:10:05.708,9526,9528,9526,1,-1
2020-04-01 15:10:06.703,9526,9527,9527,1,1
2020-04-01 15:10:06.966,9527,9528,9527,1,-1
2020-04-01 15:10:07.281,9527,9528,9528,1,1
2020-04-01 15:10:08.213,9527,9528,9528,1,1
2020-04-01 15:10:09.652,9528,9529,9529,1,1
2020-04-01 15:10:09.652,9528,9529,9529,1,1
2020-04-01 15:10:09.805,9528,9530,9529,2,-2
2020-04-01 15:10:10.914,9528,9529,9529,1,1
2020-04-01 15:10:11.099,9529,9530,9529,1,-1
2020-04-01 15:10:11.679,9528,9530,9530,22,22
2020-04-01 15:10:12.036,9529,9530,9530,1,1
2020-04-01 15:10:12.490,9529,9530,9530,1,1
2020-04-01 15:10:13.057,9528,9530,9529,1,-1
2020-04-01 15:10:13.210,9528,9530,9530,1,1
2020-04-01 15:10:14.539,9528,9529,9529,1,1
2020-04-01 15:10:14.913,9528,9529,9529,1,1
2020-04-01 15:10:14.935,9528,9529,9528,18,-18
2020-04-01 15:10:15.029,9527,9528,9528,1,1
2020-04-01 15:10:15.049,9527,9528,9527,6,-6
2020-04-01 15:10:15.063,9527,9528,9527,1,-1
2020-04-01 15:10:15.212,9525,9527,9528,2,2
2020-04-01 15:10:15.910,9526,9528,9528,1,1
2020-04-01 15:10:16.421,9526,9528,9527,4,-4
2020-04-01 15:10:16.654,9525,9527,9525,1,-1
2020-04-01 15:10:20.157,9525,9526,9525,4,-4
2020-04-01 15:10:20.160,9525,9526,9525,7,-7
2020-04-01 15:10:21.065,9524,9526,9526,3,3
2020-04-01 15:10:21.660,9525,9527,9527,1,1
2020-04-01 15:10:24.149,9525,9527,9527,4,4
2020-04-01 15:10:24.149,9525,9527,9528,6,6
2020-04-01 15:10:24.224,9526,9528,9526,5,-5
2020-04-01 15:10:25.400,9526,9528,9527,1,1
2020-04-01 15:10:26.702,9527,9528,9527,1,-1
2020-04-01 15:10:28.243,9527,9528,9527,9,-9
2020-04-01 15:10:28.370,9526,9527,9526,1,-1
2020-04-01 15:10:28.451,9525,9526,9526,1,1
2020-04-01 15:10:28.860,9525,9526,9526,2,2
2020-04-01 15:10:28.860,9525,9526,9527,1,1
2020-04-01 15:10:30.266,9525,9527,9527,1,1
2020-04-01 15:10:31.398,9525,9527,9525,5,-5
2020-04-01 15:10:31.399,9525,9527,9525,2,-2
2020-04-01 15:10:31.399,9525,9527,9525,1,-1
2020-04-01 15:10:32.418,9524,9525,9525,1,1
2020-04-01 15:10:34.361,9524,9525,9525,1,1
2020-04-01 15:10:34.470,9525,9526,9525,1,-1
2020-04-01 15:10:35.188,9524,9525,9525,1,1
2020-04-01 15:10:35.198,9524,9525,9525,2,2
2020-04-01 15:10:35.198,9524,9525,9526,1,1
2020-04-01 15:10:36.451,9524,9525,9525,1,1
2020-04-01 15:10:36.578,9524,9525,9525,1,1
2020-04-01 15:10:37.103,9524,9526,9525,1,-1
2020-04-01 15:10:37.834,9524,9525,9524,1,-1
2020-04-01 15:10:37.902,9524,9525,9524,1,-1
2020-04-01 15:10:37.902,9524,9525,9524,1,-1
2020-04-01 15:10:38.027,9524,9525,9524,6,-6
2020-04-01 15:10:39.817,9524,9525,9525,1,1
2020-04-01 15:10:41.631,9524,9525,9524,1,-1
2020-04-01 15:10:41.902,9524,9525,9525,8,8
2020-04-01 15:10:44.006,9524,9525,9524,1,-1
2020-04-01 15:10:44.006,9524,9525,9524,1,-1
2020-04-01 15:10:45.329,9523,9524,9524,1,1
2020-04-01 15:10:48.999,9524,9525,9524,1,-1
2020-04-01 15:10:49.063,9524,9525,9525,1,1
2020-04-01 15:10:50.180,9524,9525,9524,1,-1
2020-04-01 15:10:50.181,9524,9525,9524,1,-1
2020-04-01 15:10:50.486,9523,9525,9523,16,-16
2020-04-01 15:10:51.182,9522,9523,9523,1,1
2020-04-01 15:10:51.194,9522,9523,9523,4,4
2020-04-01 15:10:51.374,9523,9524,9525,11,11
2020-04-01 15:10:51.374,9523,9524,9526,12,12
2020-04-01 15:10:51.402,9526,9527,9526,1,-1
2020-04-01 15:10:51.527,9526,9527,9526,1,-1
2020-04-01 15:10:51.597,9526,9527,9524,1,-1
2020-04-01 15:10:51.799,9524,9526,9526,6,6
2020-04-01 15:10:51.799,9524,9526,9527,4,4
2020-04-01 15:10:52.562,9525,9527,9525,1,-1
2020-04-01 15:10:52.955,9525,9527,9525,1,-1
2020-04-01 15:10:54.779,9526,9527,9527,1,1
2020-04-01 15:10:57.152,9526,9527,9527,5,5
2020-04-01 15:10:58.007,9526,9528,9526,1,-1
2020-04-01 15:10:58.390,9526,9527,9527,1,1
2020-04-01 15:10:58.697,9526,9528,9526,1,-1
2020-04-01 15:10:58.723,9526,9528,9528,1,1
2020-04-01 15:10:59.884,9527,9528,9527,3,-3
2020-04-01 15:11:00.608,9526,9527,9526,1,-1
2020-04-01 15:11:01.113,9526,9528,9526,1,-1
2020-04-01 15:11:02.074,9526,9528,9526,5,-5
2020-04-01 15:11:03.713,9525,9526,9525,1,-1
2020-04-01 15:11:03.713,9525,9526,9525,1,-1
2020-04-01 15:11:03.940,9524,9526,9526,1,1
2020-04-01 15:11:04.540,9525,9527,9525,1,-1
2020-04-01 15:11:06.158,9526,9527,9527,9,9
2020-04-01 15:11:06.432,9527,9528,9527,1,-1
2020-04-01 15:11:09.059,9526,9527,9526,1,-1
2020-04-01 15:11:11.663,9526,9527,9527,3,3
2020-04-01 15:11:12.243,9526,9528,9526,1,-1
2020-04-01 15:11:12.652,9527,9528,9527,1,1
2020-04-01 15:11:13.402,9525,9526,9525,6,-6
2020-04-01 15:11:14.613,9524,9525,9525,2,2
2020-04-01 15:11:16.652,9525,9526,9526,1,1
2020-04-01 15:11:19.055,9525,9526,9525,1,-1
2020-04-01 15:11:19.055,9525,9526,9525,1,-1
2020-04-01 15:11:25.093,9524,9525,9524,2,-2
2020-04-01 15:11:25.095,9524,9525,9524,7,-7
2020-04-01 15:11:25.211,9523,9525,9524,1,-1
2020-04-01 15:11:25.743,9523,9524,9523,1,-1
2020-04-01 15:11:26.027,9523,9524,9523,1,-1
2020-04-01 15:11:27.553,9524,9525,9524,1,1
2020-04-01 15:11:27.789,9523,9525,9525,1,1
2020-04-01 15:11:34.743,9525,9526,9525,5,-5
2020-04-01 15:11:36.165,9523,9524,9523,2,-2
2020-04-01 15:11:36.183,9523,9524,9523,1,-1
2020-04-01 15:11:37.777,9523,9524,9523,2,-2
2020-04-01 15:11:40.369,9523,9524,9523,1,-1
2020-04-01 15:11:40.532,9522,9524,9522,1,-1
2020-04-01 15:11:40.532,9522,9524,9522,1,-1
2020-04-01 15:11:40.532,9522,9524,9522,1,-1
2020-04-01 15:11:40.533,9522,9524,9522,1,-1
2020-04-01 15:11:40.559,9522,9524,9522,1,-1
2020-04-01 15:11:40.569,9522,9524,9522,1,-1
2020-04-01 15:11:40.602,9522,9524,9522,3,-3
2020-04-01 15:11:40.652,9521,9523,9521,22,-22
2020-04-01 15:11:40.719,9521,9523,9520,1,-1
2020-04-01 15:11:41.371,9521,9522,9522,7,7
2020-04-01 15:11:41.371,9521,9522,9523,3,3
2020-04-01 15:11:42.350,9521,9523,9521,4,-4
2020-04-01 15:11:42.757,9520,9521,9521,2,2
2020-04-01 15:11:42.757,9520,9521,9521,1,1
2020-04-01 15:11:42.757,9520,9521,9521,3,3
2020-04-01 15:11:44.258,9522,9523,9522,4,4
2020-04-01 15:11:44.768,9522,9523,9522,1,-1
2020-04-01 15:11:44.796,9522,9523,9522,1,-1
2020-04-01 15:11:45.609,9521,9522,9522,1,1
2020-04-01 15:11:48.465,9521,9522,9522,2,2
2020-04-01 15:11:48.857,9521,9522,9522,1,1
2020-04-01 15:11:49.883,9521,9522,9522,1,1
2020-04-01 15:11:50.534,9521,9523,9523,1,1
2020-04-01 15:11:50.909,9521,9522,9522,1,1
2020-04-01 15:11:51.114,9521,9522,9522,1,1
2020-04-01 15:11:51.608,9521,9523,9521,1,-1
2020-04-01 15:11:53.366,9521,9522,9522,1,1
2020-04-01 15:11:53.401,9521,9522,9521,1,-1
2020-04-01 15:11:54.164,9521,9522,9522,2,2
2020-04-01 15:11:54.881,9522,9523,9523,1,1
2020-04-01 15:11:54.882,9522,9523,9523,5,5
2020-04-01 15:11:55.868,9522,9524,9522,1,-1
2020-04-01 15:11:56.426,9523,9524,9523,1,1
2020-04-01 15:11:57.586,9521,9523,9521,1,-1
2020-04-01 15:11:58.060,9521,9523,9521,1,-1
2020-04-01 15:12:02.997,9523,9524,9524,1,1
2020-04-01 15:12:03.099,9523,9524,9524,1,1
2020-04-01 15:12:04.527,9523,9524,9524,8,8
2020-04-01 15:12:05.652,9524,9525,9525,3,3
2020-04-01 15:12:05.939,9525,9526,9525,1,-1
2020-04-01 15:12:07.120,9524,9526,9524,1,-1
2020-04-01 15:12:08.332,9524,9525,9525,2,2
2020-04-01 15:12:08.332,9524,9525,9526,3,3
2020-04-01 15:12:17.547,9523,9525,9523,1,-1
2020-04-01 15:12:17.732,9523,9525,9525,1,1
2020-04-01 15:12:22.953,9523,9524,9523,2,-2
2020-04-01 15:12:24.037,9521,9523,9523,1,1
2020-04-01 15:12:24.781,9522,9524,9522,1,-1
2020-04-01 15:12:27.351,9522,9523,9522,1,-1
2020-04-01 15:12:27.781,9521,9523,9523,2,2
2020-04-01 15:12:29.270,9523,9524,9523,1,-1
2020-04-01 15:12:32.776,9522,9523,9522,1,-1
2020-04-01 15:12:33.629,9521,9522,9522,3,3
2020-04-01 15:12:36.632,9522,9524,9524,1,1
2020-04-01 15:12:42.363,9521,9522,9522,1,1
2020-04-01 15:12:45.478,9522,9523,9522,1,-1
2020-04-01 15:12:46.409,9521,9522,9522,1,1
2020-04-01 15:12:47.342,9521,9523,9521,1,-1
2020-04-01 15:12:47.863,9522,9523,9522,1,1
2020-04-01 15:12:48.215,9522,9523,9523,3,3
2020-04-01 15:12:48.590,9523,9524,9523,2,-2
2020-04-01 15:12:51.101,9522,9524,9522,1,-1
2020-04-01 15:12:54.697,9522,9524,9522,1,-1
2020-04-01 15:12:56.038,9522,9524,9522,1,-1
2020-04-01 15:12:58.152,9523,9524,9523,1,1
2020-04-01 15:12:59.353,9521,9523,9523,1,1
2020-04-01 15:13:07.628,9523,9524,9524,5,5
2020-04-01 15:13:08.184,9524,9525,9523,4,-4
2020-04-01 15:13:08.193,9524,9525,9523,1,-1
2020-04-01 15:13:08.822,9523,9525,9523,4,-4
2020-04-01 15:13:08.823,9523,9525,9523,1,-1
2020-04-01 15:13:08.902,9522,9523,9523,2,2
2020-04-01 15:13:08.903,9522,9523,9523,1,1
2020-04-01 15:13:11.374,9523,9525,9525,9,9
2020-04-01 15:13:11.533,9524,9527,9524,1,-1
2020-04-01 15:13:13.979,9524,9526,9524,1,-1
2020-04-01 15:13:14.935,9523,9524,9524,1,1
2020-04-01 15:13:14.935,9523,9524,9525,5,5
2020-04-01 15:13:17.584,9523,9525,9525,1,1
2020-04-01 15:13:23.775,9525,9526,9525,1,-1
2020-04-01 15:13:25.584,9525,9526,9526,1,1
2020-04-01 15:13:25.899,9525,9527,9527,5,5
2020-04-01 15:13:28.611,9525,9526,9525,1,-1
2020-04-01 15:13:28.611,9525,9526,9525,1,-1
2020-04-01 15:13:29.498,9524,9526,9526,1,1
2020-04-01 15:13:31.286,9525,9526,9525,1,-1
2020-04-01 15:13:31.286,9525,9526,9525,1,-1
2020-04-01 15:13:31.432,9524,9525,9525,1,1
2020-04-01 15:13:35.362,9525,9526,9526,1,1
2020-04-01 15:13:36.706,9525,9527,9525,1,-1
2020-04-01 15:13:37.573,9525,9527,9527,1,1
2020-04-01 15:13:37.706,9525,9527,9525,1,-1
2020-04-01 15:13:39.143,9526,9527,9527,2,2
2020-04-01 15:13:39.152,9526,9527,9527,2,2
2020-04-01 15:13:39.943,9527,9528,9528,1,1
2020-04-01 15:13:40.036,9527,9528,9528,1,1
2020-04-01 15:13:41.423,9526,9528,9526,1,-1
2020-04-01 15:13:41.822,9527,9528,9527,1,1
2020-04-01 15:13:41.844,9527,9528,9528,1,1
2020-04-01 15:13:41.844,9527,9528,9528,1,1
2020-04-01 15:13:41.844,9527,9528,9528,1,1
2020-04-01 15:13:41.844,9527,9528,9528,1,1
2020-04-01 15:13:46.423,9527,9528,9527,1,-1
2020-04-01 15:13:46.661,9526,9527,9527,1,1
2020-04-01 15:13:46.895,9526,9527,9526,1,-1
2020-04-01 15:13:55.159,9526,9528,9528,2,2
2020-04-01 15:13:55.795,9526,9528,9528,1,1
2020-04-01 15:13:55.842,9526,9528,9526,1,-1
2020-04-01 15:13:58.202,9527,9528,9528,2,2
2020-04-01 15:14:01.571,9527,9528,9527,1,-1
2020-04-01 15:14:04.031,9527,9528,9527,1,-1
2020-04-01 15:14:05.749,9526,9527,9527,1,1
2020-04-01 15:14:10.402,9526,9527,9526,4,-4
2020-04-01 15:14:16.095,9525,9526,9526,1,1
2020-04-01 15:14:16.402,9525,9526,9525,7,-7
2020-04-01 15:14:20.539,9525,9526,9525,1,-1
2020-04-01 15:14:23.819,9525,9526,9525,1,-1
2020-04-01 15:14:26.589,9524,9525,9525,1,1
2020-04-01 15:14:26.590,9524,9525,9525,1,1
2020-04-01 15:14:27.864,9525,9526,9526,3,3
2020-04-01 15:14:28.381,9526,9528,9528,2,2
2020-04-01 15:14:34.645,9525,9526,9526,1,1
2020-04-01 15:14:36.214,9525,9526,9525,1,-1
2020-04-01 15:14:38.278,9524,9525,9525,1,1
2020-04-01 15:14:38.278,9524,9525,9526,1,1
2020-04-01 15:14:38.888,9525,9527,9527,2,2
2020-04-01 15:14:40.855,9525,9526,9525,7,-7
2020-04-01 15:14:42.544,9524,9525,9525,3,3
2020-04-01 15:14:42.544,9524,9525,9526,5,5
2020-04-01 15:14:42.544,9524,9525,9527,2,2
2020-04-01 15:14:43.114,9525,9527,9527,1,1
2020-04-01 15:14:47.902,9526,9527,9527,3,3
2020-04-01 15:14:49.532,9526,9528,9526,1,-1
2020-04-01 15:14:53.509,9527,9528,9528,1,1
2020-04-01 15:14:55.245,9527,9528,9527,1,-1
2020-04-01 15:14:55.735,9526,9528,9527,1,-1
2020-04-01 15:14:57.649,9525,9526,9526,1,1
2020-04-01 15:14:57.649,9525,9526,9527,1,1
2020-04-01 15:15:00.277,9525,9526,9526,1,1
2020-04-01 15:15:00.515,9525,9526,9525,1,-1
2020-04-01 15:15:00.696,9524,9525,9525,2,2
2020-04-01 15:15:00.696,9524,9525,9526,1,1
2020-04-01 15:15:00.709,9524,9525,9526,2,2
2020-04-01 15:15:00.794,9524,9526,9524,1,-1
2020-04-01 15:15:00.960,9524,9526,9524,1,-1
2020-04-01 15:15:02.486,9524,9526,9526,2,2
2020-04-01 15:15:04.298,9525,9526,9525,5,-5
2020-04-01 15:15:04.414,9524,9525,9524,1,-1
2020-04-01 15:15:04.448,9524,9525,9524,1,-1
2020-04-01 15:15:04.910,9524,9525,9525,1,1
2020-04-01 15:15:06.243,9524,9525,9524,1,-1
2020-04-01 15:15:06.333,9524,9525,9524,1,-1
2020-04-01 15:15:08.821,9524,9525,9525,1,1
2020-04-01 15:15:09.652,9525,9526,9526,1,1
2020-04-01 15:15:11.777,9525,9526,9526,1,1
2020-04-01 15:15:13.163,9525,9526,9525,1,-1
2020-04-01 15:15:14.227,9524,9526,9525,1,-1
2020-04-01 15:15:14.435,9524,9525,9523,5,-5
2020-04-01 15:15:16.691,9523,9524,9524,1,1
2020-04-01 15:15:16.913,9524,9525,9524,1,-1
2020-04-01 15:15:17.319,9523,9525,9525,1,1
2020-04-01 15:15:17.319,9523,9525,9526,9,9
2020-04-01 15:15:18.647,9524,9526,9524,5,-5
2020-04-01 15:15:20.619,9523,9525,9524,1,-1
2020-04-01 15:15:22.902,9523,9524,9523,5,-5
2020-04-01 15:15:23.190,9522,9523,9523,1,1
2020-04-01 15:15:23.190,9522,9523,9523,1,1
2020-04-01 15:15:23.191,9522,9523,9523,1,1
2020-04-01 15:15:23.191,9522,9523,9523,1,1
2020-04-01 15:15:23.266,9522,9523,9522,1,-1
2020-04-01 15:15:23.816,9522,9524,9523,1,1
2020-04-01 15:15:25.915,9523,9524,9523,1,-1
2020-04-01 15:15:26.534,9522,9523,9523,2,2
2020-04-01 15:15:27.116,9522,9523,9522,3,-3
2020-04-01 15:15:27.665,9521,9523,9523,2,2
2020-04-01 15:15:28.464,9522,9523,9523,1,1
2020-04-01 15:15:29.058,9522,9523,9523,1,1
2020-04-01 15:15:29.523,9521,9523,9521,1,-1
2020-04-01 15:15:30.522,9521,9523,9521,1,-1
2020-04-01 15:15:30.777,9521,9522,9521,1,-1
2020-04-01 15:15:30.777,9521,9522,9521,4,-4
2020-04-01 15:15:30.902,9521,9522,9521,1,-1
2020-04-01 15:15:30.902,9521,9522,9521,6,-6
2020-04-01 15:15:31.200,9520,9521,9521,1,1
2020-04-01 15:15:31.472,9520,9522,9522,3,3
2020-04-01 15:15:32.589,9520,9521,9521,1,1
2020-04-01 15:15:32.589,9520,9521,9521,1,1
2020-04-01 15:15:36.045,9521,9522,9521,1,-1
2020-04-01 15:15:36.478,9521,9522,9521,1,-1
2020-04-01 15:15:37.443,9521,9522,9522,1,1
2020-04-01 15:15:37.444,9521,9522,9522,2,2
2020-04-01 15:15:37.444,9521,9522,9522,1,1
2020-04-01 15:15:38.266,9521,9523,9521,1,-1
2020-04-01 15:15:39.015,9521,9523,9523,1,1
2020-04-01 15:15:41.497,9521,9522,9522,1,1
2020-04-01 15:15:41.497,9521,9522,9523,1,1
2020-04-01 15:15:43.751,9521,9522,9522,1,1
2020-04-01 15:15:44.342,9522,9523,9522,1,-1
2020-04-01 15:15:44.402,9521,9522,9521,6,-6
2020-04-01 15:15:45.675,9521,9522,9522,1,1
2020-04-01 15:15:48.221,9521,9522,9521,1,-1
2020-04-01 15:15:50.091,9521,9522,9521,1,-1
2020-04-01 15:15:50.531,9520,9521,9521,1,1
2020-04-01 15:15:51.512,9520,9522,9520,40,-40
2020-04-01 15:15:51.587,9519,9520,9519,1,-1
2020-04-01 15:15:51.710,9519,9520,9519,2,-2
2020-04-01 15:15:51.893,9519,9520,9520,1,1
2020-04-01 15:15:55.387,9519,9520,9520,1,1
2020-04-01 15:15:55.669,9519,9521,9519,1,-1
2020-04-01 15:15:56.305,9519,9521,9519,1,-1
2020-04-01 15:16:00.302,9519,9520,9519,2,-2
2020-04-01 15:16:00.831,9518,9520,9518,1,-1
2020-04-01 15:16:00.908,9518,9520,9518,1,-1
2020-04-01 15:16:00.933,9518,9520,9518,1,-1
2020-04-01 15:16:01.692,9519,9520,9519,2,2
2020-04-01 15:16:04.575,9519,9520,9519,1,-1
2020-04-01 15:16:06.418,9519,9520,9519,1,-1
2020-04-01 15:16:08.236,9519,9520,9519,2,-2
2020-04-01 15:16:09.268,9519,9520,9519,1,-1
2020-04-01 15:16:09.754,9519,9520,9520,1,1
2020-04-01 15:16:09.756,9519,9520,9520,5,5
2020-04-01 15:16:09.958,9520,9521,9521,1,1
2020-04-01 15:16:09.958,9520,9521,9521,1,1
2020-04-01 15:16:09.958,9520,9521,9521,1,1
2020-04-01 15:16:09.958,9520,9521,9521,1,1
2020-04-01 15:16:10.215,9520,9522,9520,1,-1
2020-04-01 15:16:10.243,9520,9522,9520,1,-1
2020-04-01 15:16:17.902,9521,9522,9522,20,20
2020-04-01 15:16:17.902,9521,9522,9523,1,1
2020-04-01 15:16:18.694,9522,9523,9523,2,2
2020-04-01 15:16:18.696,9522,9523,9523,2,2
2020-04-01 15:16:18.696,9522,9523,9523,1,1
2020-04-01 15:16:18.696,9522,9523,9523,1,1
2020-04-01 15:16:18.696,9522,9523,9523,4,4
2020-04-01 15:16:18.933,9523,9525,9523,1,-1
2020-04-01 15:16:19.902,9523,9524,9523,1,-1
2020-04-01 15:16:20.548,9523,9524,9524,1,1
2020-04-01 15:16:29.333,9524,9525,9524,1,-1
2020-04-01 15:16:29.596,9524,9525,9525,1,1
2020-04-01 15:16:29.596,9524,9525,9525,1,1
2020-04-01 15:16:29.596,9524,9525,9525,1,1
2020-04-01 15:16:29.652,9524,9525,9525,2,2
2020-04-01 15:16:29.652,9524,9525,9525,2,2
2020-04-01 15:16:29.794,9525,9526,9525,1,-1
2020-04-01 15:16:30.824,9524,9526,9526,5,5
2020-04-01 15:16:32.439,9525,9526,9526,1,1
2020-04-01 15:16:32.506,9525,9526,9525,3,-3
2020-04-01 15:16:33.245,9525,9526,9525,1,-1
2020-04-01 15:16:36.626,9525,9526,9526,1,1
2020-04-01 15:16:37.253,9525,9526,9525,1,-1
2020-04-01 15:16:37.253,9525,9526,9524,8,-8
2020-04-01 15:16:38.262,9524,9526,9525,1,1
2020-04-01 15:16:40.527,9525,9526,9526,3,3
2020-04-01 15:16:40.527,9525,9526,9526,1,1
2020-04-01 15:16:41.436,9526,9527,9526,1,-1
2020-04-01 15:16:41.637,9524,9526,9524,1,-1
2020-04-01 15:16:44.443,9525,9526,9526,1,1
2020-04-01 15:16:44.929,9525,9526,9526,5,5
2020-04-01 15:16:45.308,9526,9527,9526,1,-1
2020-04-01 15:16:46.074,9526,9527,9526,1,-1
2020-04-01 15:16:48.140,9526,9527,9527,1,1
2020-04-01 15:16:48.879,9526,9527,9526,1,-1
2020-04-01 15:16:48.892,9526,9527,9525,1,-1
2020-04-01 15:16:49.086,9524,9525,9525,1,1
2020-04-01 15:16:50.225,9524,9526,9526,1,1
2020-04-01 15:16:50.421,9524,9526,9526,1,1
2020-04-01 15:16:51.406,9524,9526,9524,1,-1
2020-04-01 15:16:52.780,9524,9525,9525,1,1
2020-04-01 15:16:53.219,9524,9525,9525,1,1
2020-04-01 15:16:54.077,9524,9525,9524,2,-2
2020-04-01 15:16:55.527,9523,9524,9523,1,-1
2020-04-01 15:16:55.527,9523,9524,9523,1,-1
2020-04-01 15:16:55.789,9522,9524,9523,1,-1
2020-04-01 15:16:58.295,9524,9526,9526,3,3
2020-04-01 15:16:58.996,9524,9525,9525,1,1
2020-04-01 15:16:59.623,9524,9525,9524,1,-1
2020-04-01 15:17:00.236,9524,9525,9524,1,-1
2020-04-01 15:17:00.434,9523,9525,9523,1,-1
2020-04-01 15:17:06.424,9523,9524,9524,1,1
2020-04-01 15:17:09.097,9524,9525,9525,1,1
2020-04-01 15:17:09.216,9524,9525,9524,1,-1
2020-04-01 15:17:11.922,9523,9524,9524,1,1
2020-04-01 15:17:17.678,9524,9525,9524,1,-1
2020-04-01 15:17:18.891,9523,9524,9523,2,-2
2020-04-01 15:17:19.399,9523,9524,9524,1,1
2020-04-01 15:17:27.854,9523,9525,9523,3,-3
2020-04-01 15:17:28.296,9523,9524,9524,1,1
2020-04-01 15:17:28.537,9523,9525,9524,1,-1
2020-04-01 15:17:31.777,9524,9525,9524,1,-1
2020-04-01 15:17:35.096,9523,9524,9524,1,1
2020-04-01 15:17:38.402,9523,9524,9523,2,-2
2020-04-01 15:17:42.813,9522,9523,9522,4,-4
2020-04-01 15:17:42.902,9522,9523,9522,4,-4
2020-04-01 15:17:44.984,9521,9522,9522,1,1
2020-04-01 15:17:49.168,9522,9523,9522,1,-1
2020-04-01 15:17:54.168,9523,9524,9524,4,4
2020-04-01 15:17:58.634,9524,9525,9525,1,1
2020-04-01 15:17:58.642,9524,9525,9525,3,3
2020-04-01 15:17:58.652,9524,9525,9525,2,2
2020-04-01 15:17:58.652,9524,9525,9525,2,2
2020-04-01 15:17:58.652,9524,9525,9525,5,5
2020-04-01 15:17:58.652,9524,9525,9525,1,1
2020-04-01 15:18:03.119,9524,9525,9525,1,1
2020-04-01 15:18:03.119,9524,9525,9525,1,1
2020-04-01 15:18:03.119,9524,9525,9525,4,4
2020-04-01 15:18:03.329,9525,9526,9526,1,1
2020-04-01 15:18:03.486,9525,9526,9526,1,1
2020-04-01 15:18:10.787,9525,9526,9525,1,-1
2020-04-01 15:18:14.170,9524,9525,9525,1,1
2020-04-01 15:18:21.195,9525,9526,9525,2,-2
2020-04-01 15:18:24.033,9525,9526,9525,1,-1
2020-04-01 15:18:24.033,9525,9526,9525,2,-2
2020-04-01 15:18:30.396,9524,9525,9525,2,2
2020-04-01 15:18:36.382,9524,9525,9525,1,1
2020-04-01 15:18:36.976,9524,9525,9525,1,1
2020-04-01 15:18:39.014,9525,9526,9525,1,-1
2020-04-01 15:18:42.607,9524,9525,9525,6,6
2020-04-01 15:18:42.607,9524,9525,9525,4,4
2020-04-01 15:18:42.660,9525,9526,9526,1,1
2020-04-01 15:18:42.668,9525,9526,9526,1,1
2020-04-01 15:18:42.763,9525,9526,9526,2,2
2020-04-01 15:18:42.777,9525,9526,9526,3,3
2020-04-01 15:18:44.137,9526,9527,9526,1,-1
2020-04-01 15:18:46.587,9526,9527,9526,1,-1
2020-04-01 15:18:46.996,9524,9526,9526,10,10
2020-04-01 15:18:49.611,9526,9527,9526,1,-1
2020-04-01 15:18:51.472,9525,9527,9527,10,10
2020-04-01 15:18:53.376,9526,9527,9527,2,2
2020-04-01 15:18:53.527,9526,9527,9527,3,3
2020-04-01 15:18:53.527,9526,9527,9527,4,4
2020-04-01 15:18:53.652,9526,9527,9527,2,2
2020-04-01 15:18:55.077,9527,9528,9527,1,-1
2020-04-01 15:18:55.097,9527,9528,9526,5,-5
2020-04-01 15:18:55.152,9525,9526,9526,1,1
2020-04-01 15:18:55.277,9525,9526,9526,1,1
2020-04-01 15:18:56.312,9525,9527,9527,1,1
2020-04-01 15:18:57.652,9526,9527,9527,4,4
2020-04-01 15:19:01.777,9526,9527,9526,2,-2
2020-04-01 15:19:02.010,9525,9527,9526,1,-1
2020-04-01 15:19:04.196,9526,9527,9526,3,-3
2020-04-01 15:19:10.909,9525,9526,9526,1,1
2020-04-01 15:19:15.367,9525,9526,9525,5,-5
2020-04-01 15:19:16.559,9524,9525,9525,1,1
2020-04-01 15:19:16.942,9524,9525,9525,1,1
2020-04-01 15:19:17.246,9524,9525,9525,1,1
2020-04-01 15:19:24.596,9524,9525,9525,1,1
2020-04-01 15:19:26.027,9524,9525,9524,11,-11
2020-04-01 15:19:27.438,9523,9524,9524,1,1
2020-04-01 15:19:27.643,9523,9524,9524,2,2
2020-04-01 15:19:28.473,9523,9524,9524,1,1
2020-04-01 15:19:28.529,9523,9524,9524,6,6
2020-04-01 15:19:28.652,9524,9525,9525,1,1
2020-04-01 15:19:30.039,9524,9525,9525,1,1
2020-04-01 15:19:30.441,9525,9527,9525,1,-1
2020-04-01 15:19:33.496,9525,9526,9526,1,1
2020-04-01 15:19:33.496,9525,9526,9526,1,1
2020-04-01 15:19:33.496,9525,9526,9526,1,1
2020-04-01 15:19:34.080,9526,9527,9526,1,-1
2020-04-01 15:19:34.981,9525,9527,9526,1,-1
2020-04-01 15:19:37.265,9525,9527,9527,1,1
2020-04-01 15:19:41.844,9526,9527,9527,1,1
2020-04-01 15:19:43.945,9526,9527,9527,1,1
2020-04-01 15:19:43.945,9526,9527,9528,3,3
2020-04-01 15:19:44.250,9526,9528,9526,1,-1
2020-04-01 15:19:45.932,9527,9528,9527,1,1
2020-04-01 15:19:51.135,9527,9528,9528,5,5
2020-04-01 15:19:51.135,9527,9528,9528,1,1
2020-04-01 15:19:51.152,9527,9528,9528,5,5
2020-04-01 15:19:52.282,9528,9529,9529,1,1
2020-04-01 15:19:53.163,9528,9529,9529,1,1
2020-04-01 15:19:54.577,9528,9529,9528,1,-1
2020-04-01 15:19:54.577,9528,9529,9528,1,-1
2020-04-01 15:19:54.980,9527,9528,9528,1,1
2020-04-01 15:19:56.819,9527,9528,9528,1,1
2020-04-01 15:19:57.036,9527,9528,9528,1,1
2020-04-01 15:19:58.036,9527,9528,9527,1,-1
2020-04-01 15:19:58.036,9527,9528,9527,4,-4
2020-04-01 15:19:58.992,9526,9528,9528,2,2
2020-04-01 15:19:59.118,9526,9528,9528,1,1
2020-04-01 15:19:59.954,9527,9528,9527,2,-2
2020-04-01 15:20:00.467,9527,9528,9528,1,1
2020-04-01 15:20:00.560,9527,9528,9528,2,2
2020-04-01 15:20:02.902,9528,9529,9528,2,-2
2020-04-01 15:20:05.294,9527,9528,9528,2,2
2020-04-01 15:20:05.694,9526,9528,9526,1,-1
2020-04-01 15:20:05.920,9526,9528,9528,1,1
2020-04-01 15:20:07.431,9528,9529,9528,1,-1
2020-04-01 15:20:07.480,9528,9529,9528,2,-2
2020-04-01 15:20:07.863,9528,9529,9528,1,-1
2020-04-01 15:20:09.055,9528,9529,9528,1,-1
2020-04-01 15:20:10.978,9527,9528,9527,3,-3
2020-04-01 15:20:13.152,9526,9527,9526,1,-1
2020-04-01 15:20:13.360,9525,9526,9525,1,-1
2020-04-01 15:20:18.981,9526,9527,9527,1,1
2020-04-01 15:20:19.669,9526,9527,9527,1,1
2020-04-01 15:20:20.277,9526,9527,9526,4,-4
2020-04-01 15:20:21.475,9525,9526,9526,2,2
2020-04-01 15:20:22.850,9525,9526,9526,1,1
2020-04-01 15:20:23.034,9525,9526,9525,1,-1
2020-04-01 15:20:23.034,9525,9526,9525,1,-1
2020-04-01 15:20:23.034,9525,9526,9525,1,-1
2020-04-01 15:20:23.035,9525,9526,9525,1,-1
2020-04-01 15:20:23.036,9525,9526,9525,2,-2
2020-04-01 15:20:23.036,9525,9526,9525,7,-7
2020-04-01 15:20:24.192,9524,9525,9525,1,1
2020-04-01 15:20:24.407,9524,9525,9525,1,1
2020-04-01 15:20:24.517,9524,9525,9526,1,1
2020-04-01 15:20:32.940,9524,9525,9524,1,-1
2020-04-01 15:20:34.427,9524,9525,9524,4,-4
2020-04-01 15:20:35.358,9523,9524,9524,2,2
2020-04-01 15:20:42.527,9524,9525,9525,2,2
2020-04-01 15:20:42.527,9524,9525,9525,1,1
2020-04-01 15:20:42.811,9524,9526,9524,1,-1
2020-04-01 15:20:47.433,9525,9526,9526,6,6
2020-04-01 15:20:47.433,9525,9526,9526,2,2
2020-04-01 15:20:47.527,9525,9526,9526,2,2
2020-04-01 15:20:52.124,9525,9526,9525,1,-1
2020-04-01 15:21:00.583,9524,9526,9526,1,1
2020-04-01 15:21:01.821,9525,9526,9525,1,-1
2020-04-01 15:21:02.587,9524,9526,9524,1,-1
2020-04-01 15:21:04.074,9524,9526,9526,1,1
2020-04-01 15:21:12.628,9525,9526,9525,8,-8
2020-04-01 15:21:17.790,9524,9525,9525,8,8
2020-04-01 15:21:20.378,9525,9526,9525,2,-2
2020-04-01 15:21:20.503,9524,9526,9524,1,-1
2020-04-01 15:21:23.543,9524,9525,9525,4,4
2020-04-01 15:21:23.543,9524,9525,9525,2,2
2020-04-01 15:21:26.779,9524,9526,9524,5,-5
2020-04-01 15:21:30.279,9524,9526,9524,7,-7
2020-04-01 15:21:30.280,9524,9526,9524,2,-2
2020-04-01 15:21:33.543,9524,9525,9525,1,1
2020-04-01 15:21:35.258,9524,9526,9524,2,-2
2020-04-01 15:21:35.258,9524,9526,9523,14,-14
2020-04-01 15:21:37.821,9523,9524,9524,1,1
2020-04-01 15:21:37.821,9523,9524,9525,1,1
2020-04-01 15:21:39.856,9524,9525,9524,1,-1
2020-04-01 15:21:42.000,9523,9524,9523,1,-1
2020-04-01 15:21:43.402,9523,9524,9523,3,-3
2020-04-01 15:21:43.402,9523,9524,9523,1,-1
2020-04-01 15:21:43.527,9523,9524,9523,4,-4
2020-04-01 15:21:43.527,9523,9524,9523,1,-1
2020-04-01 15:21:43.539,9523,9524,9523,8,-8
2020-04-01 15:21:43.539,9523,9524,9523,1,-1
2020-04-01 15:21:45.304,9522,9523,9522,4,-4
2020-04-01 15:21:45.505,9521,9522,9522,1,1
2020-04-01 15:21:48.289,9521,9522,9522,1,1
2020-04-01 15:21:48.547,9521,9522,9522,1,1
2020-04-01 15:21:52.697,9521,9522,9522,3,3
2020-04-01 15:21:54.420,9522,9523,9522,1,-1
2020-04-01 15:21:55.834,9522,9523,9522,1,-1
2020-04-01 15:21:57.991,9522,9523,9522,1,-1
2020-04-01 15:21:58.328,9521,9522,9522,4,4
2020-04-01 15:22:00.004,9522,9523,9522,1,-1
2020-04-01 15:22:01.048,9522,9523,9522,1,-1
2020-04-01 15:22:01.412,9522,9523,9522,4,-4
2020-04-01 15:22:01.595,9521,9523,9521,1,-1
2020-04-01 15:22:03.277,9522,9523,9522,1,1
2020-04-01 15:22:05.867,9521,9522,9521,2,-2
2020-04-01 15:22:05.902,9521,9522,9521,9,-9
2020-04-01 15:22:05.902,9521,9522,9521,2,-2
2020-04-01 15:22:06.770,9520,9522,9522,1,1
2020-04-01 15:22:07.856,9520,9521,9521,2,2
2020-04-01 15:22:09.342,9520,9521,9521,1,1
2020-04-01 15:22:10.159,9520,9521,9521,1,1
2020-04-01 15:22:13.828,9520,9521,9520,12,-12
2020-04-01 15:22:13.902,9520,9521,9520,5,-5
2020-04-01 15:22:13.902,9520,9521,9520,4,-4
2020-04-01 15:22:15.730,9520,9521,9520,1,-1
2020-04-01 15:22:15.764,9520,9521,9521,1,1
2020-04-01 15:22:15.790,9520,9521,9520,1,-1
2020-04-01 15:22:16.159,9520,9521,9521,1,1
2020-04-01 15:22:17.649,9520,9521,9521,1,1
2020-04-01 15:22:18.231,9520,9521,9520,1,-1
2020-04-01 15:22:18.232,9520,9521,9520,6,-6
2020-04-01 15:22:18.232,9520,9521,9520,2,-2
2020-04-01 15:22:18.232,9520,9521,9520,1,-1
2020-04-01 15:22:18.232,9520,9521,9520,1,-1
2020-04-01 15:22:18.232,9520,9521,9520,1,-1
2020-04-01 15:22:18.355,9519,9520,9520,3,3
2020-04-01 15:22:18.361,9519,9520,9519,5,-5
2020-04-01 15:22:18.403,9519,9520,9519,2,-2
2020-04-01 15:22:19.074,9518,9520,9518,5,-5
2020-04-01 15:22:19.210,9518,9520,9520,3,3
2020-04-01 15:22:19.244,9518,9520,9518,2,-2
2020-04-01 15:22:19.564,9518,9520,9520,1,1
2020-04-01 15:22:19.924,9518,9520,9518,5,-5
2020-04-01 15:22:20.914,9518,9520,9518,1,-1
2020-04-01 15:22:21.402,9518,9519,9519,2,2
2020-04-01 15:22:21.402,9518,9519,9519,1,1
2020-04-01 15:22:22.224,9519,9520,9519,1,-1
2020-04-01 15:22:23.565,9518,9519,9518,1,-1
2020-04-01 15:22:24.028,9518,9519,9519,6,6
2020-04-01 15:22:28.762,9518,9519,9518,4,-4
2020-04-01 15:22:28.762,9518,9519,9518,2,-2
2020-04-01 15:22:29.396,9517,9518,9518,1,1
2020-04-01 15:22:32.511,9518,9519,9518,1,-1
2020-04-01 15:22:32.713,9518,9519,9518,1,-1
2020-04-01 15:22:32.985,9518,9519,9519,1,1
2020-04-01 15:22:34.031,9518,9519,9519,8,8
2020-04-01 15:22:41.393,9518,9519,9519,1,1
2020-04-01 15:22:44.232,9518,9520,9518,1,-1
2020-04-01 15:22:45.728,9518,9519,9519,1,1
2020-04-01 15:22:46.971,9518,9519,9519,1,1
2020-04-01 15:22:47.000,9518,9519,9519,1,1
2020-04-01 15:22:47.001,9518,9519,9519,1,1
2020-04-01 15:22:48.152,9519,9520,9520,8,8
2020-04-01 15:22:49.549,9520,9522,9521,1,1
2020-04-01 15:22:50.445,9521,9522,9521,1,-1
2020-04-01 15:22:54.483,9519,9520,9520,2,2
2020-04-01 15:22:54.643,9519,9520,9519,1,-1
2020-04-01 15:22:54.906,9518,9520,9518,1,-1
2020-04-01 15:22:54.915,9518,9520,9518,1,-1
2020-04-01 15:22:54.925,9518,9520,9518,2,-2
2020-04-01 15:22:55.068,9518,9520,9520,5,5
2020-04-01 15:22:55.144,9518,9520,9520,1,1
2020-04-01 15:22:55.144,9518,9520,9520,1,1
2020-04-01 15:22:55.152,9520,9521,9520,1,-1
2020-04-01 15:22:58.598,9519,9520,9519,1,-1
2020-04-01 15:23:00.293,9519,9520,9519,1,-1
2020-04-01 15:23:02.100,9519,9520,9519,1,-1
2020-04-01 15:23:05.414,9519,9520,9519,1,-1
2020-04-01 15:23:09.479,9519,9520,9519,2,-2
2020-04-01 15:23:09.479,9519,9520,9519,6,-6
2020-04-01 15:23:09.640,9518,9519,9518,1,-1
2020-04-01 15:23:12.780,9518,9519,9518,1,-1
2020-04-01 15:23:12.836,9518,9519,9518,1,-1
2020-04-01 15:23:12.836,9518,9519,9518,1,-1
2020-04-01 15:23:12.902,9518,9519,9518,4,-4
2020-04-01 15:23:12.902,9518,9519,9518,8,-8
2020-04-01 15:23:12.902,9518,9519,9518,5,-5
2020-04-01 15:23:13.961,9517,9518,9518,1,1
2020-04-01 15:23:15.459,9517,9518,9518,1,1
2020-04-01 15:23:22.981,9517,9518,9517,3,-3
2020-04-01 15:23:26.947,9517,9518,9517,1,-1
2020-04-01 15:23:27.851,9517,9518,9517,1,-1
2020-04-01 15:23:27.851,9517,9518,9517,1,-1
2020-04-01 15:23:27.851,9517,9518,9517,3,-3
2020-04-01 15:23:27.852,9517,9518,9517,3,-3
2020-04-01 15:23:29.494,9516,9517,9517,1,1
2020-04-01 15:23:31.212,9516,9517,9516,1,-1
2020-04-01 15:23:33.219,9516,9517,9516,1,-1
2020-04-01 15:23:34.329,9516,9517,9516,1,-1
2020-04-01 15:23:34.474,9516,9517,9516,1,-1
2020-04-01 15:23:34.740,9516,9517,9516,1,-1
2020-04-01 15:23:35.270,9516,9517,9517,1,1
2020-04-01 15:23:36.230,9516,9517,9516,2,-2
2020-04-01 15:23:36.231,9516,9517,9516,10,-10
2020-04-01 15:23:36.232,9516,9517,9516,1,-1
2020-04-01 15:23:37.312,9515,9516,9516,4,4
2020-04-01 15:23:37.312,9515,9516,9517,1,1
2020-04-01 15:23:39.104,9515,9516,9516,1,1
2020-04-01 15:23:39.177,9515,9517,9515,2,-2
2020-04-01 15:23:39.441,9516,9517,9516,1,1
2020-04-01 15:23:39.499,9516,9517,9517,1,1
2020-04-01 15:23:41.106,9515,9516,9516,1,1
2020-04-01 15:23:42.882,9515,9516,9515,1,-1
2020-04-01 15:23:43.092,9515,9516,9516,1,1
2020-04-01 15:23:47.726,9515,9516,9515,1,-1
2020-04-01 15:23:51.343,9515,9516,9515,5,-5
2020-04-01 15:23:51.555,9515,9516,9515,1,-1
2020-04-01 15:23:52.072,9515,9516,9515,5,-5
2020-04-01 15:23:52.143,9515,9516,9515,1,-1
2020-04-01 15:23:52.533,9515,9516,9515,5,-5
2020-04-01 15:23:52.652,9515,9516,9515,1,-1
2020-04-01 15:23:52.959,9515,9516,9515,1,-1
2020-04-01 15:23:53.486,9515,9516,9515,1,-1
2020-04-01 15:23:53.644,9515,9516,9515,5,-5
2020-04-01 15:23:53.652,9515,9516,9515,1,-1
2020-04-01 15:23:53.652,9515,9516,9515,1,-1
2020-04-01 15:23:54.811,9514,9516,9514,2,-2
2020-04-01 15:23:55.142,9514,9516,9514,2,-2
2020-04-01 15:23:56.698,9514,9516,9514,1,-1
2020-04-01 15:23:57.026,9514,9516,9514,1,-1
2020-04-01 15:23:57.927,9515,9516,9516,1,1
2020-04-01 15:23:58.041,9515,9516,9516,1,1
2020-04-01 15:24:05.560,9515,9516,9515,1,-1
2020-04-01 15:24:06.019,9514,9516,9514,1,-1
2020-04-01 15:24:11.278,9514,9515,9514,1,-1
2020-04-01 15:24:15.306,9513,9514,9514,1,1
2020-04-01 15:24:15.604,9513,9515,9514,1,-1
2020-04-01 15:24:18.856,9514,9515,9515,1,1
2020-04-01 15:24:18.972,9514,9515,9514,1,-1
2020-04-01 15:24:19.175,9514,9515,9515,1,1
2020-04-01 15:24:20.848,9514,9515,9515,1,1
2020-04-01 15:24:21.758,9514,9515,9515,1,1
2020-04-01 15:24:22.165,9514,9515,9515,1,1
2020-04-01 15:24:22.368,9514,9515,9515,1,1
2020-04-01 15:24:22.793,9514,9515,9514,1,-1
2020-04-01 15:24:24.154,9514,9515,9514,1,-1
2020-04-01 15:24:24.539,9514,9515,9514,3,-3
2020-04-01 15:24:24.852,9513,9514,9514,1,1
2020-04-01 15:24:24.963,9513,9514,9514,1,1
2020-04-01 15:24:24.991,9513,9514,9515,1,1
2020-04-01 15:24:28.116,9513,9515,9513,14,-14
2020-04-01 15:24:29.645,9512,9513,9513,1,1
2020-04-01 15:24:29.737,9512,9513,9513,1,1
2020-04-01 15:24:32.047,9512,9513,9512,1,-1
2020-04-01 15:24:32.187,9512,9513,9512,1,-1
2020-04-01 15:24:32.758,9512,9513,9513,4,4
2020-04-01 15:24:33.117,9512,9513,9512,1,-1
2020-04-01 15:24:33.409,9512,9513,9513,3,3
2020-04-01 15:24:33.409,9512,9513,9513,2,2
2020-04-01 15:24:33.409,9512,9513,9513,3,3
2020-04-01 15:24:33.527,9512,9513,9513,24,24
2020-04-01 15:24:33.527,9512,9513,9513,7,7
2020-04-01 15:24:33.716,9513,9514,9513,1,-1
2020-04-01 15:24:34.060,9513,9514,9514,1,1
2020-04-01 15:24:34.499,9513,9515,9515,1,1
2020-04-01 15:24:34.862,9513,9515,9513,1,-1
2020-04-01 15:24:35.561,9513,9515,9513,1,-1
2020-04-01 15:24:38.244,9513,9514,9513,1,-1
2020-04-01 15:24:38.244,9513,9514,9513,1,-1
2020-04-01 15:24:40.628,9512,9513,9513,1,1
2020-04-01 15:24:41.027,9512,9514,9512,1,-1
2020-04-01 15:24:42.994,9512,9513,9512,1,-1
2020-04-01 15:24:43.374,9512,9513,9512,1,-1
2020-04-01 15:24:44.009,9512,9513,9512,1,-1
2020-04-01 15:24:44.828,9512,9513,9513,1,1
2020-04-01 15:24:44.829,9512,9513,9513,2,2
2020-04-01 15:24:44.829,9512,9513,9513,1,1
2020-04-01 15:24:49.255,9513,9514,9513,1,-1
2020-04-01 15:24:50.067,9512,9513,9512,1,-1
2020-04-01 15:24:50.502,9512,9513,9513,1,1
2020-04-01 15:24:50.556,9512,9514,9512,1,-1
2020-04-01 15:24:51.116,9512,9513,9512,1,-1
2020-04-01 15:24:53.576,9512,9513,9512,1,-1
2020-04-01 15:24:53.999,9512,9513,9512,1,-1
2020-04-01 15:24:54.027,9512,9513,9512,2,-2
2020-04-01 15:24:56.372,9511,9512,9512,1,1
2020-04-01 15:24:59.290,9511,9512,9511,2,-2
2020-04-01 15:24:59.614,9511,9512,9511,2,-2
2020-04-01 15:25:02.778,9511,9512,9511,2,-2
2020-04-01 15:25:02.788,9511,9512,9511,1,-1
2020-04-01 15:25:02.964,9511,9512,9511,1,-1
2020-04-01 15:25:03.023,9511,9512,9511,1,-1
2020-04-01 15:25:03.616,9511,9512,9511,1,-1
2020-04-01 15:25:03.616,9511,9512,9511,1,-1
2020-04-01 15:25:03.616,9511,9512,9511,1,-1
2020-04-01 15:25:03.652,9511,9512,9511,5,-5
2020-04-01 15:25:04.190,9510,9511,9511,1,1
2020-04-01 15:25:05.126,9510,9511,9510,5,-5
2020-04-01 15:25:05.213,9510,9511,9510,1,-1
2020-04-01 15:25:05.230,9510,9511,9510,1,-1
2020-04-01 15:25:05.298,9510,9511,9511,1,1
2020-04-01 15:25:05.298,9510,9511,9512,1,1
2020-04-01 15:25:05.324,9510,9511,9510,4,-4
2020-04-01 15:25:05.827,9510,9512,9510,2,-2
2020-04-01 15:25:06.071,9510,9512,9510,1,-1
2020-04-01 15:25:07.754,9510,9511,9511,1,1
2020-04-01 15:25:07.820,9510,9512,9511,1,-1
2020-04-01 15:25:08.297,9510,9512,9512,1,1
2020-04-01 15:25:08.354,9510,9512,9511,1,-1
2020-04-01 15:25:09.041,9510,9512,9510,2,-2
2020-04-01 15:25:09.201,9510,9512,9510,1,-1
2020-04-01 15:25:09.421,9510,9512,9510,1,-1
2020-04-01 15:25:09.521,9510,9512,9511,1,1
2020-04-01 15:25:10.361,9511,9512,9512,1,1
2020-04-01 15:25:10.495,9511,9512,9511,1,-1
2020-04-01 15:25:15.354,9510,9511,9511,1,1
2020-04-01 15:25:16.670,9511,9512,9511,1,-1
2020-04-01 15:25:17.240,9511,9512,9512,3,3
2020-04-01 15:25:17.347,9511,9512,9512,1,1
2020-04-01 15:25:19.760,9511,9512,9511,1,-1
2020-04-01 15:25:20.118,9511,9512,9511,1,-1
2020-04-01 15:25:21.319,9511,9512,9511,1,-1
2020-04-01 15:25:24.770,9511,9512,9511,1,-1
2020-04-01 15:25:25.490,9511,9512,9512,1,1
2020-04-01 15:25:26.689,9511,9512,9512,1,1
2020-04-01 15:25:26.690,9511,9512,9512,1,1
2020-04-01 15:25:26.690,9511,9512,9512,5,5
2020-04-01 15:25:26.690,9511,9512,9512,1,1
2020-04-01 15:25:26.694,9511,9512,9512,1,1
2020-04-01 15:25:27.312,9512,9513,9513,1,1
2020-04-01 15:25:27.492,9512,9513,9512,1,-1
2020-04-01 15:25:29.321,9511,9513,9512,1,-1
2020-04-01 15:25:31.775,9511,9512,9511,1,-1
2020-04-01 15:25:31.937,9511,9512,9512,1,1
2020-04-01 15:25:33.649,9511,9512,9511,1,-1
2020-04-01 15:25:33.789,9511,9512,9511,1,-1
2020-04-01 15:25:40.529,9511,9512,9511,1,-1
2020-04-01 15:25:41.307,9511,9512,9512,1,1
2020-04-01 15:25:46.427,9511,9512,9511,4,-4
2020-04-01 15:25:46.442,9511,9512,9511,3,-3
2020-04-01 15:25:46.741,9511,9512,9511,3,-3
2020-04-01 15:25:50.336,9511,9512,9511,1,-1
2020-04-01 15:25:50.336,9511,9512,9511,1,-1
2020-04-01 15:25:55.977,9511,9512,9511,1,-1
2020-04-01 15:25:57.652,9511,9512,9512,4,4
2020-04-01 15:25:58.453,9511,9513,9511,1,-1
2020-04-01 15:26:02.173,9512,9513,9513,1,1
2020-04-01 15:26:02.747,9512,9513,9512,1,-1
2020-04-01 15:26:04.239,9512,9514,9512,1,-1
2020-04-01 15:26:07.116,9512,9513,9512,1,-1
2020-04-01 15:26:07.611,9512,9513,9513,1,1
2020-04-01 15:26:09.652,9513,9514,9514,2,2
2020-04-01 15:26:10.022,9514,9515,9514,1,-1
2020-04-01 15:26:11.055,9514,9515,9514,1,-1
2020-04-01 15:26:11.055,9514,9515,9513,2,-2
2020-04-01 15:26:11.231,9513,9514,9513,1,-1
2020-04-01 15:26:11.508,9513,9514,9514,1,1
2020-04-01 15:26:14.027,9514,9515,9515,6,6
2020-04-01 15:26:16.286,9515,9516,9515,1,-1
2020-04-01 15:26:19.562,9514,9515,9514,1,-1
2020-04-01 15:26:19.828,9514,9515,9515,3,3
2020-04-01 15:26:25.203,9514,9515,9514,5,-5
2020-04-01 15:26:25.203,9514,9515,9514,1,-1
2020-04-01 15:26:25.598,9513,9515,9515,3,3
2020-04-01 15:26:26.605,9514,9515,9514,1,-1
2020-04-01 15:26:29.735,9513,9514,9513,1,-1
2020-04-01 15:26:37.130,9513,9515,9513,2,-2
2020-04-01 15:26:37.135,9513,9515,9513,2,-2
2020-04-01 15:26:38.155,9513,9514,9513,1,-1
2020-04-01 15:26:38.155,9513,9514,9513,1,-1
2020-04-01 15:26:38.277,9512,9513,9512,14,-14
2020-04-01 15:26:40.750,9511,9512,9512,1,1
2020-04-01 15:26:41.344,9511,9512,9512,1,1
2020-04-01 15:26:42.021,9511,9512,9511,3,-3
2020-04-01 15:26:42.022,9511,9512,9511,3,-3
2020-04-01 15:26:42.027,9511,9512,9511,5,-5
2020-04-01 15:26:42.027,9511,9512,9511,1,-1
2020-04-01 15:26:44.103,9510,9511,9511,1,1
2020-04-01 15:26:44.809,9510,9511,9510,50,-50
2020-04-01 15:26:44.929,9510,9511,9510,1,-1
2020-04-01 15:26:44.936,9510,9511,9509,1,-1
2020-04-01 15:26:45.050,9509,9511,9509,1,-1
2020-04-01 15:26:45.067,9509,9511,9509,3,-3
2020-04-01 15:26:45.134,9509,9511,9510,1,1
2020-04-01 15:26:47.104,9509,9511,9511,1,1
2020-04-01 15:26:47.784,9509,9511,9511,1,1
2020-04-01 15:26:48.506,9509,9511,9509,7,-7
2020-04-01 15:26:49.114,9509,9510,9509,4,-4
2020-04-01 15:26:49.517,9509,9510,9509,1,-1
2020-04-01 15:26:51.466,9509,9510,9510,1,1
2020-04-01 15:26:52.554,9509,9511,9509,1,-1
2020-04-01 15:26:54.964,9509,9510,9510,1,1
2020-04-01 15:26:58.945,9509,9511,9511,5,5
2020-04-01 15:27:03.773,9509,9510,9510,1,1
2020-04-01 15:27:04.345,9509,9510,9510,1,1
2020-04-01 15:27:06.030,9510,9511,9511,1,1
2020-04-01 15:27:08.402,9510,9511,9510,1,-1
2020-04-01 15:27:08.444,9510,9511,9511,4,4
2020-04-01 15:27:09.233,9509,9511,9509,2,-2
2020-04-01 15:27:09.348,9509,9511,9509,2,-2
2020-04-01 15:27:09.437,9509,9511,9509,4,-4
2020-04-01 15:27:12.596,9508,9510,9508,10,-10
2020-04-01 15:27:12.866,9508,9509,9508,3,-3
2020-04-01 15:27:13.162,9509,9510,9509,1,1
2020-04-01 15:27:13.162,9509,9510,9508,3,-3
2020-04-01 15:27:13.613,9508,9509,9509,1,1
2020-04-01 15:27:14.826,9509,9510,9509,2,-2
2020-04-01 15:27:14.826,9509,9510,9508,6,-6
2020-04-01 15:27:14.826,9509,9510,9507,2,-2
2020-04-01 15:27:14.959,9507,9509,9509,1,1
2020-04-01 15:27:15.752,9507,9508,9508,2,2
2020-04-01 15:27:16.312,9508,9510,9510,5,5
2020-04-01 15:27:18.111,9508,9510,9508,1,-1
2020-04-01 15:27:19.396,9508,9510,9510,1,1
2020-04-01 15:27:19.603,9508,9510,9508,2,-2
2020-04-01 15:27:22.056,9508,9510,9510,2,2
2020-04-01 15:27:24.131,9509,9510,9510,1,1
2020-04-01 15:27:24.229,9509,9510,9510,1,1
2020-04-01 15:27:25.838,9510,9512,9511,1,1
2020-04-01 15:27:27.625,9511,9512,9511,1,-1
2020-04-01 15:27:27.918,9511,9512,9511,1,-1
