2019-07-09,15:00:00.073000,10647,10648,10646,28
2019-07-09,15:00:00.089000,10646,10647,10647,1
2019-07-09,15:00:00.329000,10646,10648,10648,1
2019-07-09,15:00:00.454000,10646,10648,10648,2
2019-07-09,15:00:00.937000,10646,10648,10648,2
2019-07-09,15:00:01.304000,10647,10648,10647,1
2019-07-09,15:00:01.430000,10647,10648,10647,4
2019-07-09,15:00:01.508000,10647,10648,10648,1
2019-07-09,15:00:01.588000,10646,10648,10648,4
2019-07-09,15:00:04.415000,10648,10649,10649,1
2019-07-09,15:00:04.793000,10648,10649,10648,1
2019-07-09,15:00:05.835000,10648,10649,10649,1
2019-07-09,15:00:06.260000,10648,10649,10649,3
2019-07-09,15:00:07.977000,10649,10650,10649,1
2019-07-09,15:00:08.086000,10649,10650,10649,1
2019-07-09,15:00:08.109000,10649,10650,10649,1
2019-07-09,15:00:08.125000,10649,10650,10649,1
2019-07-09,15:00:10.500000,10649,10650,10649,1
2019-07-09,15:00:10.502000,10649,10650,10649,4
2019-07-09,15:00:13.105000,10648,10649,10648,1
2019-07-09,15:00:14.519000,10648,10649,10648,1
2019-07-09,15:00:17.430000,10648,10649,10649,2
2019-07-09,15:00:19.256000,10648,10649,10648,1
2019-07-09,15:00:19.815000,10648,10649,10648,1
2019-07-09,15:00:20.668000,10648,10649,10649,20
2019-07-09,15:00:20.680000,10648,10649,10649,4
2019-07-09,15:00:21.678000,10649,10650,10649,1
2019-07-09,15:00:23.272000,10649,10650,10649,1
2019-07-09,15:00:27.404000,10649,10650,10649,4
2019-07-09,15:00:27.407000,10649,10650,10649,1
2019-07-09,15:00:29.613000,10649,10650,10649,1
2019-07-09,15:00:30.970000,10649,10650,10649,1
2019-07-09,15:00:32.116000,10648,10650,10649,1
2019-07-09,15:00:45.972000,10648,10649,10649,3
2019-07-09,15:00:51.010000,10648,10649,10649,1
2019-07-09,15:00:52.585000,10648,10649,10649,1
2019-07-09,15:00:57.659000,10648,10649,10649,4
2019-07-09,15:01:00.130000,10649,10650,10650,3
2019-07-09,15:01:02.102000,10649,10650,10650,2
2019-07-09,15:01:06.519000,10649,10650,10649,1
2019-07-09,15:01:06.556000,10649,10650,10649,9
2019-07-09,15:01:09.196000,10648,10649,10648,2
2019-07-09,15:01:17.874000,10648,10649,10648,3
2019-07-09,15:01:25.338000,10648,10649,10649,10
2019-07-09,15:01:37.410000,10648,10649,10649,4
2019-07-09,15:01:38.537000,10649,10650,10649,1
2019-07-09,15:01:49.104000,10649,10650,10650,3
2019-07-09,15:01:56.903000,10649,10650,10649,4
2019-07-09,15:02:07.408000,10649,10650,10649,1
2019-07-09,15:02:08.706000,10649,10650,10650,1
2019-07-09,15:02:19.209000,10649,10650,10650,1
2019-07-09,15:02:20.802000,10649,10650,10650,19
2019-07-09,15:02:20.892000,10650,10651,10650,1
2019-07-09,15:02:22.488000,10649,10650,10650,2
2019-07-09,15:02:26.737000,10650,10651,10650,2
2019-07-09,15:02:27.737000,10649,10650,10650,1
2019-07-09,15:02:33.845000,10649,10650,10650,2
2019-07-09,15:02:35.750000,10649,10650,10649,8
2019-07-09,15:02:35.750000,10649,10650,10649,6
2019-07-09,15:02:35.805000,10649,10650,10649,2
2019-07-09,15:02:35.806000,10649,10650,10649,2
2019-07-09,15:02:35.806000,10649,10650,10649,2
2019-07-09,15:02:35.806000,10649,10650,10649,7
2019-07-09,15:02:35.806000,10649,10650,10649,2
2019-07-09,15:02:35.806000,10649,10650,10649,2
2019-07-09,15:02:41.284000,10648,10649,10648,17
2019-07-09,15:02:41.578000,10647,10648,10647,2
2019-07-09,15:02:41.737000,10647,10648,10647,2
2019-07-09,15:02:41.883000,10647,10648,10648,1
2019-07-09,15:02:42.508000,10647,10648,10648,1
2019-07-09,15:02:45.302000,10647,10648,10647,1
2019-07-09,15:02:46.902000,10647,10648,10648,14
2019-07-09,15:02:46.902000,10647,10648,10649,7
2019-07-09,15:02:51.397000,10647,10648,10648,1
2019-07-09,15:02:56.482000,10647,10648,10648,9
2019-07-09,15:03:01.280000,10648,10649,10648,2
2019-07-09,15:03:01.611000,10648,10649,10648,1
2019-07-09,15:03:02.112000,10648,10649,10648,2
2019-07-09,15:03:06.802000,10647,10648,10648,2
2019-07-09,15:03:07.988000,10647,10648,10647,3
2019-07-09,15:03:08.409000,10647,10648,10647,30
2019-07-09,15:03:09.778000,10646,10647,10646,2
2019-07-09,15:03:12.090000,10646,10647,10646,1
2019-07-09,15:03:12.274000,10646,10647,10646,2
2019-07-09,15:03:13.280000,10646,10647,10646,7
2019-07-09,15:03:17.751000,10645,10646,10645,1
2019-07-09,15:03:17.807000,10645,10646,10645,1
2019-07-09,15:03:17.808000,10645,10646,10645,2
2019-07-09,15:03:17.808000,10645,10646,10645,2
2019-07-09,15:03:18.064000,10645,10646,10646,1
2019-07-09,15:03:18.282000,10645,10646,10645,7
2019-07-09,15:03:18.546000,10644,10646,10646,1
2019-07-09,15:03:18.737000,10644,10645,10645,1
2019-07-09,15:03:19.144000,10644,10645,10645,3
2019-07-09,15:03:19.427000,10644,10645,10646,22
2019-07-09,15:03:19.427000,10644,10645,10647,3
2019-07-09,15:03:19.575000,10646,10647,10646,2
2019-07-09,15:03:19.682000,10645,10646,10646,2
2019-07-09,15:03:25.169000,10645,10646,10645,4
2019-07-09,15:03:25.555000,10645,10646,10645,14
2019-07-09,15:03:30.468000,10644,10645,10644,1
2019-07-09,15:03:30.725000,10644,10645,10645,1
2019-07-09,15:03:31.698000,10644,10645,10644,5
2019-07-09,15:03:32.554000,10644,10645,10645,2
2019-07-09,15:03:33.581000,10644,10645,10645,1
2019-07-09,15:03:33.604000,10644,10645,10644,3
2019-07-09,15:03:34.879000,10644,10645,10645,1
2019-07-09,15:03:35.854000,10644,10645,10644,1
2019-07-09,15:03:38.943000,10644,10645,10645,3
2019-07-09,15:03:43.142000,10644,10645,10644,3
2019-07-09,15:03:43.281000,10644,10645,10645,1
2019-07-09,15:03:46.399000,10644,10645,10644,1
2019-07-09,15:03:46.704000,10644,10645,10644,1
2019-07-09,15:03:47.019000,10644,10645,10644,1
2019-07-09,15:03:47.331000,10644,10645,10644,1
2019-07-09,15:03:47.425000,10644,10645,10644,2
2019-07-09,15:03:47.649000,10644,10645,10644,1
2019-07-09,15:03:47.743000,10644,10645,10644,1
2019-07-09,15:03:47.959000,10644,10645,10644,1
2019-07-09,15:03:48.169000,10644,10645,10644,2
2019-07-09,15:03:48.278000,10644,10645,10644,2
2019-07-09,15:03:48.485000,10644,10645,10644,2
2019-07-09,15:03:48.582000,10644,10645,10644,1
2019-07-09,15:03:48.814000,10644,10645,10644,2
2019-07-09,15:03:48.883000,10644,10645,10644,1
2019-07-09,15:03:48.932000,10644,10645,10644,2
2019-07-09,15:03:49.234000,10644,10645,10644,1
2019-07-09,15:03:49.540000,10644,10645,10644,1
2019-07-09,15:03:49.963000,10644,10645,10644,1
2019-07-09,15:03:50.274000,10644,10645,10644,1
2019-07-09,15:03:50.582000,10644,10645,10644,1
2019-07-09,15:03:50.996000,10644,10645,10644,1
2019-07-09,15:03:51.319000,10644,10645,10644,1
2019-07-09,15:03:51.628000,10644,10645,10644,1
2019-07-09,15:03:52.051000,10644,10645,10644,1
2019-07-09,15:03:52.105000,10644,10645,10644,2
2019-07-09,15:03:52.340000,10644,10645,10644,1
2019-07-09,15:03:52.356000,10644,10645,10644,1
2019-07-09,15:03:52.361000,10644,10645,10644,1
2019-07-09,15:03:52.686000,10644,10645,10644,1
2019-07-09,15:03:53.224000,10644,10645,10644,2
2019-07-09,15:03:54.932000,10644,10645,10644,1
2019-07-09,15:03:55.785000,10644,10645,10644,1
2019-07-09,15:03:56.067000,10644,10645,10644,1
2019-07-09,15:03:56.386000,10644,10645,10644,1
2019-07-09,15:03:57.215000,10643,10644,10643,1
2019-07-09,15:03:57.343000,10643,10644,10643,1
2019-07-09,15:03:57.463000,10643,10644,10643,1
2019-07-09,15:03:57.696000,10643,10644,10644,2
2019-07-09,15:03:57.895000,10643,10644,10644,1
2019-07-09,15:03:58.159000,10643,10644,10644,6
2019-07-09,15:03:58.564000,10643,10644,10644,1
2019-07-09,15:04:00.755000,10643,10644,10644,2
2019-07-09,15:04:00.926000,10644,10645,10644,1
2019-07-09,15:04:06.059000,10644,10645,10645,2
2019-07-09,15:04:07.290000,10644,10645,10644,5
2019-07-09,15:04:08.822000,10644,10645,10644,4
2019-07-09,15:04:15.696000,10643,10644,10644,1
2019-07-09,15:04:16.088000,10643,10644,10644,5
2019-07-09,15:04:17.081000,10643,10644,10644,1
2019-07-09,15:04:17.968000,10643,10644,10644,1
2019-07-09,15:04:22.020000,10643,10644,10644,1
2019-07-09,15:04:22.560000,10643,10644,10644,1
2019-07-09,15:04:25.305000,10643,10644,10644,19
2019-07-09,15:04:25.430000,10643,10644,10644,3
2019-07-09,15:04:25.556000,10644,10645,10644,4
2019-07-09,15:04:26.084000,10644,10645,10644,1
2019-07-09,15:04:27.793000,10644,10645,10644,1
2019-07-09,15:04:30.479000,10644,10645,10644,4
2019-07-09,15:04:30.996000,10644,10645,10644,1
2019-07-09,15:04:32.596000,10644,10645,10644,5
2019-07-09,15:04:36.209000,10644,10645,10644,2
2019-07-09,15:04:38.460000,10644,10645,10644,1
2019-07-09,15:04:42.030000,10644,10645,10644,1
2019-07-09,15:04:42.128000,10644,10645,10644,1
2019-07-09,15:04:42.342000,10644,10645,10644,1
2019-07-09,15:04:42.660000,10644,10645,10644,1
2019-07-09,15:04:42.965000,10644,10645,10644,1
2019-07-09,15:04:43.273000,10644,10645,10644,1
2019-07-09,15:04:43.691000,10644,10645,10644,1
2019-07-09,15:04:44.004000,10644,10645,10644,1
2019-07-09,15:04:44.252000,10644,10645,10644,1
2019-07-09,15:04:44.315000,10644,10645,10644,1
2019-07-09,15:04:44.620000,10644,10645,10644,1
2019-07-09,15:04:45.068000,10644,10645,10644,1
2019-07-09,15:04:45.543000,10644,10645,10644,1
2019-07-09,15:04:48.292000,10644,10645,10644,1
2019-07-09,15:04:48.305000,10644,10645,10644,4
2019-07-09,15:04:48.605000,10643,10645,10644,1
2019-07-09,15:04:51.127000,10643,10644,10643,1
2019-07-09,15:04:51.418000,10643,10644,10644,4
2019-07-09,15:04:51.443000,10643,10644,10643,1
2019-07-09,15:04:52.111000,10643,10644,10644,9
2019-07-09,15:04:52.555000,10644,10645,10644,1
2019-07-09,15:04:59.219000,10644,10645,10645,1
2019-07-09,15:04:59.572000,10644,10645,10645,1
2019-07-09,15:05:06.156000,10644,10645,10645,2
2019-07-09,15:05:06.595000,10644,10645,10644,1
2019-07-09,15:05:07.647000,10644,10645,10645,1
2019-07-09,15:05:12.749000,10644,10645,10645,13
2019-07-09,15:05:12.805000,10644,10645,10645,12
2019-07-09,15:05:13.029000,10644,10646,10645,1
2019-07-09,15:05:18.352000,10645,10646,10645,1
2019-07-09,15:05:20.488000,10645,10646,10646,5
2019-07-09,15:05:21.532000,10645,10646,10646,1
2019-07-09,15:05:23.842000,10645,10646,10646,1
2019-07-09,15:05:26.977000,10645,10646,10646,1
2019-07-09,15:05:28.588000,10645,10646,10645,1
2019-07-09,15:05:32.178000,10645,10646,10646,1
2019-07-09,15:05:32.698000,10645,10646,10645,1
2019-07-09,15:05:33.006000,10645,10646,10645,1
2019-07-09,15:05:33.315000,10645,10646,10645,1
2019-07-09,15:05:35.199000,10645,10646,10645,1
2019-07-09,15:05:36.227000,10645,10646,10645,1
2019-07-09,15:05:37.074000,10644,10646,10644,3
2019-07-09,15:05:45.122000,10644,10645,10645,1
2019-07-09,15:05:46.443000,10644,10645,10645,2
2019-07-09,15:05:48.672000,10644,10645,10645,1
2019-07-09,15:05:55.598000,10645,10646,10645,1
2019-07-09,15:05:55.808000,10645,10646,10645,1
2019-07-09,15:05:58.392000,10645,10646,10645,1
2019-07-09,15:06:07.806000,10645,10646,10645,15
2019-07-09,15:06:17.777000,10644,10645,10644,1
2019-07-09,15:06:17.890000,10644,10645,10644,1
2019-07-09,15:06:18.094000,10644,10645,10644,1
2019-07-09,15:06:18.291000,10644,10645,10644,1
2019-07-09,15:06:19.653000,10644,10645,10645,6
2019-07-09,15:06:22.992000,10645,10646,10645,1
2019-07-09,15:06:23.955000,10645,10646,10646,2
2019-07-09,15:06:28.762000,10645,10646,10645,1
2019-07-09,15:06:29.681000,10645,10646,10645,1
2019-07-09,15:06:30.622000,10645,10646,10645,1
2019-07-09,15:06:51.809000,10645,10646,10645,3
2019-07-09,15:06:53.940000,10645,10646,10645,5
2019-07-09,15:06:59.680000,10644,10645,10645,2
2019-07-09,15:06:59.805000,10644,10645,10645,3
2019-07-09,15:06:59.995000,10645,10646,10645,1
2019-07-09,15:07:21.581000,10645,10646,10645,1
2019-07-09,15:07:31.905000,10645,10646,10645,1
2019-07-09,15:07:32.211000,10645,10646,10645,1
2019-07-09,15:07:32.512000,10645,10646,10645,1
2019-07-09,15:07:42.698000,10644,10646,10646,2
2019-07-09,15:07:42.996000,10645,10646,10645,1
2019-07-09,15:07:49.912000,10645,10646,10645,3
2019-07-09,15:07:53.080000,10644,10645,10645,1
2019-07-09,15:07:55.553000,10644,10645,10645,2
2019-07-09,15:08:00.265000,10645,10646,10645,6
2019-07-09,15:08:00.411000,10644,10645,10645,1
2019-07-09,15:08:01.141000,10645,10646,10645,1
2019-07-09,15:08:02.212000,10645,10646,10645,1
2019-07-09,15:08:04.039000,10645,10646,10645,5
2019-07-09,15:08:08.860000,10645,10646,10645,1
2019-07-09,15:08:19.721000,10645,10646,10645,5
2019-07-09,15:08:28.025000,10645,10646,10645,5
2019-07-09,15:08:30.182000,10645,10646,10646,1
2019-07-09,15:08:30.183000,10645,10646,10646,2
2019-07-09,15:08:45.397000,10645,10646,10645,1
2019-07-09,15:08:54.788000,10644,10645,10644,1
2019-07-09,15:08:57.781000,10644,10645,10645,1
2019-07-09,15:09:00.540000,10644,10645,10645,1
2019-07-09,15:09:03.805000,10644,10645,10645,1
2019-07-09,15:09:03.826000,10644,10645,10645,1
2019-07-09,15:09:03.930000,10644,10645,10645,1
2019-07-09,15:09:06.072000,10645,10646,10645,1
2019-07-09,15:09:08.791000,10644,10645,10645,1
2019-07-09,15:09:16.271000,10644,10645,10645,1
2019-07-09,15:09:17.491000,10644,10645,10645,1
2019-07-09,15:09:17.504000,10644,10645,10645,1
2019-07-09,15:09:17.528000,10644,10645,10645,2
2019-07-09,15:09:17.555000,10644,10645,10645,5
2019-07-09,15:09:22.305000,10645,10646,10645,1
2019-07-09,15:09:28.526000,10645,10646,10646,1
2019-07-09,15:09:30.307000,10645,10646,10645,1
2019-07-09,15:09:31.183000,10644,10645,10645,1
2019-07-09,15:09:35.020000,10645,10646,10645,2
2019-07-09,15:09:35.441000,10644,10645,10645,1
2019-07-09,15:09:55.337000,10644,10645,10645,1
2019-07-09,15:09:55.699000,10644,10645,10644,1
2019-07-09,15:09:59.037000,10644,10645,10644,1
2019-07-09,15:10:00.210000,10644,10645,10645,2
2019-07-09,15:10:02.269000,10644,10645,10645,7
2019-07-09,15:10:07.687000,10644,10645,10645,1
2019-07-09,15:10:08.835000,10644,10645,10645,1
2019-07-09,15:10:09.637000,10644,10645,10645,1
2019-07-09,15:10:10.246000,10644,10645,10645,1
2019-07-09,15:10:34.960000,10644,10645,10645,1
2019-07-09,15:10:36.141000,10644,10645,10645,1
2019-07-09,15:10:38.877000,10644,10645,10645,1
2019-07-09,15:10:42.331000,10644,10645,10645,4
2019-07-09,15:10:46.613000,10645,10646,10645,1
2019-07-09,15:10:59.887000,10645,10646,10646,1
2019-07-09,15:11:00.192000,10645,10646,10645,1
2019-07-09,15:11:02.378000,10645,10646,10646,2
2019-07-09,15:11:11.020000,10645,10646,10645,1
2019-07-09,15:11:12.375000,10645,10646,10645,1
2019-07-09,15:11:23.920000,10645,10646,10645,1
2019-07-09,15:11:26.250000,10645,10646,10646,2
2019-07-09,15:11:33.588000,10645,10646,10645,1
2019-07-09,15:11:44.706000,10645,10646,10646,2
2019-07-09,15:11:44.746000,10645,10646,10645,1
2019-07-09,15:11:49.004000,10645,10646,10646,1
2019-07-09,15:12:02.485000,10645,10646,10646,4
2019-07-09,15:12:03.465000,10645,10646,10645,12
2019-07-09,15:12:10.195000,10644,10645,10645,1
2019-07-09,15:12:16.870000,10644,10645,10644,4
2019-07-09,15:12:25.539000,10644,10645,10645,1
2019-07-09,15:12:25.973000,10644,10645,10644,1
2019-07-09,15:12:28.945000,10644,10645,10645,1
2019-07-09,15:12:30.805000,10644,10645,10644,1
2019-07-09,15:12:37.922000,10644,10645,10644,5
2019-07-09,15:12:45.097000,10644,10645,10644,5
2019-07-09,15:13:16.142000,10644,10645,10644,1
2019-07-09,15:13:37.343000,10644,10645,10644,1
2019-07-09,15:13:37.945000,10644,10645,10644,1
2019-07-09,15:13:43.813000,10644,10645,10644,3
2019-07-09,15:14:09.417000,10644,10645,10645,2
2019-07-09,15:14:12.795000,10644,10645,10645,1
2019-07-09,15:14:12.795000,10644,10645,10645,4
2019-07-09,15:14:12.805000,10644,10645,10645,7
2019-07-09,15:14:12.806000,10644,10645,10645,9
2019-07-09,15:14:12.806000,10644,10645,10645,1
2019-07-09,15:14:13.389000,10645,10646,10645,2
2019-07-09,15:14:14.277000,10645,10646,10646,1
2019-07-09,15:14:15.065000,10645,10646,10646,1
2019-07-09,15:14:16.643000,10645,10646,10646,1
2019-07-09,15:14:25.603000,10645,10646,10645,5
2019-07-09,15:14:33.622000,10645,10646,10645,5
2019-07-09,15:14:34.212000,10645,10646,10645,1
2019-07-09,15:14:47.191000,10645,10646,10645,1
2019-07-09,15:14:52.107000,10645,10646,10646,2
2019-07-09,15:14:55.905000,10645,10646,10646,2
2019-07-09,15:14:56.067000,10645,10646,10646,2
2019-07-09,15:14:56.489000,10645,10646,10646,1
2019-07-09,15:15:02.179000,10645,10646,10645,5
2019-07-09,15:15:02.805000,10644,10645,10645,10
2019-07-09,15:15:02.870000,10644,10645,10645,1
2019-07-09,15:15:04.032000,10645,10646,10645,1
2019-07-09,15:15:04.341000,10644,10645,10645,1
2019-07-09,15:15:11.676000,10644,10645,10645,4
2019-07-09,15:15:11.680000,10644,10645,10645,1
2019-07-09,15:15:11.680000,10644,10645,10645,2
2019-07-09,15:15:12.158000,10644,10645,10645,18
2019-07-09,15:15:45.962000,10645,10646,10645,1
2019-07-09,15:15:50.336000,10645,10646,10645,2
2019-07-09,15:15:51.297000,10645,10646,10646,2
2019-07-09,15:15:51.297000,10645,10646,10646,3
2019-07-09,15:15:51.297000,10645,10646,10646,2
2019-07-09,15:15:51.306000,10645,10646,10646,1
2019-07-09,15:15:51.306000,10645,10646,10646,4
2019-07-09,15:15:51.307000,10645,10646,10646,10
2019-07-09,15:15:52.712000,10646,10647,10646,1
2019-07-09,15:15:52.824000,10646,10647,10646,2
2019-07-09,15:15:53.053000,10646,10647,10646,1
2019-07-09,15:15:54.880000,10646,10647,10646,2
2019-07-09,15:16:07.674000,10646,10647,10646,1
2019-07-09,15:16:16.006000,10645,10646,10646,1
2019-07-09,15:16:21.998000,10646,10647,10646,1
2019-07-09,15:16:23.171000,10646,10647,10646,1
2019-07-09,15:16:38.714000,10646,10647,10646,1
2019-07-09,15:16:45.201000,10646,10647,10647,13
2019-07-09,15:16:45.532000,10647,10648,10648,4
2019-07-09,15:16:45.541000,10647,10648,10648,4
2019-07-09,15:16:45.556000,10647,10648,10648,2
2019-07-09,15:16:45.556000,10647,10648,10648,4
2019-07-09,15:16:45.571000,10647,10648,10649,1
2019-07-09,15:16:45.770000,10648,10649,10649,4
2019-07-09,15:16:56.330000,10648,10649,10649,1
2019-07-09,15:17:00.182000,10648,10649,10649,2
2019-07-09,15:17:02.533000,10648,10649,10649,2
2019-07-09,15:17:03.053000,10648,10649,10649,8
2019-07-09,15:17:04.497000,10648,10649,10649,3
2019-07-09,15:17:04.689000,10648,10649,10649,2
2019-07-09,15:17:04.764000,10648,10649,10649,2
2019-07-09,15:17:04.825000,10648,10649,10649,3
2019-07-09,15:17:04.828000,10648,10649,10649,2
2019-07-09,15:17:05.561000,10648,10650,10650,5
2019-07-09,15:17:06.071000,10648,10650,10650,1
2019-07-09,15:17:06.077000,10648,10650,10650,1
2019-07-09,15:17:06.085000,10648,10650,10650,1
2019-07-09,15:17:07.798000,10649,10650,10649,2
2019-07-09,15:17:09.505000,10648,10649,10649,1
2019-07-09,15:17:11.700000,10648,10649,10649,3
2019-07-09,15:17:11.851000,10649,10650,10650,2
2019-07-09,15:17:15.725000,10649,10650,10650,5
2019-07-09,15:17:15.933000,10649,10650,10650,2
2019-07-09,15:17:16.204000,10649,10650,10650,5
2019-07-09,15:17:17.071000,10649,10650,10650,2
2019-07-09,15:17:19.139000,10649,10650,10650,5
2019-07-09,15:17:19.532000,10649,10650,10650,5
2019-07-09,15:17:20.240000,10649,10650,10650,3
2019-07-09,15:17:21.326000,10650,10651,10651,1
2019-07-09,15:17:21.556000,10650,10651,10650,1
2019-07-09,15:17:21.993000,10650,10651,10650,1
2019-07-09,15:17:24.305000,10650,10651,10650,10
2019-07-09,15:17:24.430000,10650,10651,10650,1
2019-07-09,15:17:26.095000,10649,10651,10649,1
2019-07-09,15:17:26.575000,10650,10651,10650,1
2019-07-09,15:17:26.764000,10650,10651,10650,1
2019-07-09,15:17:27.530000,10650,10651,10650,1
2019-07-09,15:17:29.380000,10650,10651,10651,5
2019-07-09,15:17:31.627000,10650,10651,10651,5
2019-07-09,15:17:32.308000,10650,10651,10651,5
2019-07-09,15:17:33.744000,10650,10651,10651,10
2019-07-09,15:17:33.744000,10650,10651,10652,8
2019-07-09,15:17:33.897000,10650,10652,10651,2
2019-07-09,15:17:33.900000,10650,10652,10651,1
2019-07-09,15:17:33.904000,10650,10652,10651,1
2019-07-09,15:17:33.907000,10650,10652,10651,1
2019-07-09,15:17:33.910000,10650,10652,10651,1
2019-07-09,15:17:33.914000,10650,10652,10651,1
2019-07-09,15:17:33.922000,10650,10652,10651,1
2019-07-09,15:17:33.975000,10650,10651,10650,1
2019-07-09,15:17:34.037000,10650,10651,10651,1
2019-07-09,15:17:34.228000,10650,10651,10651,1
2019-07-09,15:17:34.358000,10650,10651,10651,3
2019-07-09,15:17:34.680000,10651,10652,10651,1
2019-07-09,15:17:36.305000,10650,10651,10651,11
2019-07-09,15:17:36.431000,10650,10652,10652,1
2019-07-09,15:17:36.640000,10650,10651,10651,1
2019-07-09,15:17:37.622000,10650,10651,10651,3
2019-07-09,15:17:42.601000,10650,10651,10651,1
2019-07-09,15:17:43.933000,10650,10651,10651,1
2019-07-09,15:17:48.792000,10650,10651,10651,3
2019-07-09,15:17:49.392000,10650,10651,10651,4
2019-07-09,15:17:52.950000,10651,10652,10652,3
2019-07-09,15:17:56.258000,10651,10652,10652,3
2019-07-09,15:17:56.797000,10651,10652,10651,7
2019-07-09,15:17:57.186000,10650,10651,10651,1
2019-07-09,15:17:57.200000,10650,10651,10651,11
2019-07-09,15:17:57.930000,10651,10652,10651,1
2019-07-09,15:17:59.957000,10650,10651,10650,1
2019-07-09,15:18:05.414000,10650,10651,10651,1
2019-07-09,15:18:06.083000,10650,10651,10651,1
2019-07-09,15:18:10.083000,10650,10651,10651,6
2019-07-09,15:18:12.768000,10651,10652,10651,1
2019-07-09,15:18:14.403000,10651,10652,10652,3
2019-07-09,15:18:16.093000,10651,10652,10652,9
2019-07-09,15:18:25.825000,10651,10652,10652,17
2019-07-09,15:18:26.360000,10651,10652,10652,4
2019-07-09,15:18:26.430000,10652,10653,10652,1
2019-07-09,15:18:30.778000,10651,10652,10652,5
2019-07-09,15:18:31.865000,10651,10652,10652,1
2019-07-09,15:18:32.387000,10651,10652,10652,1
2019-07-09,15:18:42.470000,10651,10652,10652,5
2019-07-09,15:18:43.307000,10651,10652,10652,3
2019-07-09,15:18:44.801000,10651,10652,10652,1
2019-07-09,15:18:47.680000,10651,10652,10652,4
2019-07-09,15:18:47.680000,10651,10652,10652,1
2019-07-09,15:18:48.413000,10651,10652,10652,2
2019-07-09,15:18:52.938000,10651,10652,10652,5
2019-07-09,15:19:14.638000,10651,10652,10652,10
2019-07-09,15:19:27.675000,10651,10652,10652,1
2019-07-09,15:19:35.968000,10651,10652,10652,5
2019-07-09,15:19:36.991000,10651,10652,10652,1
2019-07-09,15:19:37.578000,10651,10652,10652,1
2019-07-09,15:19:38.116000,10651,10652,10652,1
2019-07-09,15:19:38.813000,10651,10652,10652,1
2019-07-09,15:19:39.288000,10651,10653,10652,1
2019-07-09,15:19:42.106000,10651,10652,10652,1
2019-07-09,15:19:42.106000,10651,10652,10653,6
2019-07-09,15:19:42.368000,10651,10653,10653,1
2019-07-09,15:19:42.372000,10651,10653,10653,4
2019-07-09,15:19:42.382000,10651,10653,10653,2
2019-07-09,15:19:42.424000,10651,10653,10653,2
2019-07-09,15:19:42.448000,10651,10653,10653,2
2019-07-09,15:19:42.475000,10651,10653,10653,2
2019-07-09,15:19:42.495000,10651,10653,10653,2
2019-07-09,15:19:42.529000,10651,10653,10653,2
2019-07-09,15:19:42.641000,10652,10653,10653,1
2019-07-09,15:19:42.645000,10652,10653,10653,2
2019-07-09,15:19:42.686000,10652,10653,10653,2
2019-07-09,15:19:42.807000,10652,10653,10653,2
2019-07-09,15:19:42.878000,10652,10653,10653,2
2019-07-09,15:19:42.957000,10652,10653,10653,2
2019-07-09,15:19:43.036000,10652,10653,10653,2
2019-07-09,15:19:43.095000,10652,10653,10653,2
2019-07-09,15:19:43.114000,10652,10653,10653,2
2019-07-09,15:19:43.116000,10652,10653,10654,1
2019-07-09,15:19:43.174000,10652,10653,10654,2
2019-07-09,15:19:43.211000,10652,10654,10654,2
2019-07-09,15:19:43.331000,10652,10654,10654,2
2019-07-09,15:19:43.614000,10652,10654,10653,1
2019-07-09,15:19:43.614000,10652,10654,10654,1
2019-07-09,15:19:43.735000,10652,10654,10654,1
2019-07-09,15:19:43.792000,10652,10654,10654,1
2019-07-09,15:19:43.803000,10652,10654,10654,1
2019-07-09,15:19:44.207000,10652,10654,10654,1
2019-07-09,15:19:48.531000,10652,10653,10653,6
2019-07-09,15:19:53.844000,10652,10653,10653,1
2019-07-09,15:19:54.405000,10652,10653,10653,1
2019-07-09,15:19:54.405000,10652,10653,10654,1
2019-07-09,15:19:55.160000,10653,10654,10653,4
2019-07-09,15:20:00.640000,10652,10653,10653,1
2019-07-09,15:20:00.816000,10652,10653,10653,2
2019-07-09,15:20:01.030000,10652,10653,10653,1
2019-07-09,15:20:01.065000,10652,10653,10653,1
2019-07-09,15:20:02.414000,10652,10653,10653,1
2019-07-09,15:20:02.626000,10652,10653,10653,2
2019-07-09,15:20:08.492000,10652,10653,10652,2
2019-07-09,15:20:12.003000,10652,10653,10653,6
2019-07-09,15:20:12.829000,10652,10653,10652,5
2019-07-09,15:20:13.289000,10652,10653,10652,12
2019-07-09,15:20:13.663000,10651,10652,10651,1
2019-07-09,15:20:14.189000,10651,10652,10652,11
2019-07-09,15:20:21.834000,10651,10652,10652,5
2019-07-09,15:20:22.681000,10651,10652,10652,5
2019-07-09,15:20:24.726000,10651,10652,10652,1
2019-07-09,15:20:25.864000,10651,10652,10652,1
2019-07-09,15:20:26.379000,10651,10652,10652,1
2019-07-09,15:20:30.216000,10651,10652,10652,2
2019-07-09,15:20:31.515000,10651,10652,10651,1
2019-07-09,15:20:32.901000,10651,10652,10652,5
2019-07-09,15:20:34.928000,10651,10652,10651,2
2019-07-09,15:21:01.623000,10651,10652,10652,5
2019-07-09,15:21:01.710000,10651,10652,10653,2
2019-07-09,15:21:09.005000,10651,10652,10652,1
2019-07-09,15:21:09.005000,10651,10652,10653,3
2019-07-09,15:21:23.195000,10651,10652,10652,1
2019-07-09,15:21:25.196000,10651,10652,10652,1
2019-07-09,15:21:25.335000,10651,10652,10652,1
2019-07-09,15:21:26.671000,10651,10652,10652,3
2019-07-09,15:21:28.269000,10652,10653,10652,1
2019-07-09,15:21:33.786000,10652,10653,10652,1
2019-07-09,15:21:33.967000,10652,10653,10653,20
2019-07-09,15:21:39.798000,10652,10653,10653,10
2019-07-09,15:21:50.744000,10652,10653,10653,1
2019-07-09,15:22:02.842000,10652,10653,10653,1
2019-07-09,15:22:03.355000,10652,10653,10653,1
2019-07-09,15:22:05.056000,10652,10653,10652,5
2019-07-09,15:22:05.586000,10651,10652,10652,2
2019-07-09,15:22:05.586000,10651,10652,10653,8
2019-07-09,15:22:07.577000,10651,10653,10653,5
2019-07-09,15:22:26.617000,10652,10653,10653,5
2019-07-09,15:22:33.461000,10652,10653,10653,5
2019-07-09,15:22:35.312000,10652,10653,10653,4
2019-07-09,15:22:41.890000,10652,10653,10653,1
2019-07-09,15:22:47.568000,10652,10653,10652,2
2019-07-09,15:22:49.436000,10652,10653,10652,1
2019-07-09,15:22:56.083000,10652,10653,10652,3
2019-07-09,15:22:56.180000,10652,10653,10652,2
2019-07-09,15:22:57.651000,10652,10653,10652,1
2019-07-09,15:23:15.799000,10652,10653,10653,20
2019-07-09,15:23:51.766000,10652,10653,10653,1
2019-07-09,15:23:58.805000,10652,10653,10652,1
2019-07-09,15:24:00.120000,10652,10653,10652,2
2019-07-09,15:24:00.125000,10652,10653,10652,5
2019-07-09,15:24:21.429000,10651,10652,10652,5
2019-07-09,15:24:24.396000,10651,10652,10652,2
2019-07-09,15:24:26.198000,10652,10653,10652,1
2019-07-09,15:24:29.927000,10652,10653,10653,1
2019-07-09,15:24:33.022000,10652,10653,10652,1
2019-07-09,15:24:33.292000,10652,10653,10652,1
2019-07-09,15:24:33.773000,10652,10653,10652,1
2019-07-09,15:24:36.769000,10652,10653,10652,3
2019-07-09,15:24:48.451000,10651,10652,10652,2
2019-07-09,15:24:49.063000,10652,10653,10652,4
2019-07-09,15:24:50.181000,10651,10652,10651,4
2019-07-09,15:24:50.181000,10651,10652,10651,5
2019-07-09,15:24:50.181000,10651,10652,10651,10
2019-07-09,15:24:51.118000,10650,10651,10650,1
2019-07-09,15:24:55.243000,10650,10651,10650,1
2019-07-09,15:25:01.788000,10650,10651,10650,1
2019-07-09,15:25:05.606000,10650,10651,10650,5
2019-07-09,15:25:06.064000,10650,10651,10651,10
2019-07-09,15:25:17.848000,10650,10651,10651,5
2019-07-09,15:25:28.551000,10650,10651,10651,5
2019-07-09,15:25:32.315000,10650,10651,10651,1
2019-07-09,15:25:40.892000,10650,10651,10651,1
2019-07-09,15:26:03.579000,10650,10651,10650,1
2019-07-09,15:26:09.561000,10650,10651,10650,25
2019-07-09,15:26:09.681000,10650,10651,10650,2
2019-07-09,15:26:17.128000,10649,10650,10650,4
2019-07-09,15:26:17.181000,10650,10651,10650,1
2019-07-09,15:26:22.950000,10650,10651,10650,1
2019-07-09,15:26:29.298000,10650,10651,10651,5
2019-07-09,15:26:30.341000,10650,10651,10651,5
2019-07-09,15:26:31.427000,10650,10651,10651,5
2019-07-09,15:26:33.089000,10650,10651,10651,2
2019-07-09,15:26:43.986000,10650,10651,10651,5
2019-07-09,15:26:49.641000,10650,10651,10651,8
2019-07-09,15:26:49.642000,10650,10651,10651,4
2019-07-09,15:26:49.992000,10651,10652,10652,1
2019-07-09,15:26:50.390000,10651,10652,10651,1
2019-07-09,15:26:54.169000,10651,10652,10652,20
2019-07-09,15:26:54.181000,10651,10652,10652,1
2019-07-09,15:26:56.257000,10651,10652,10652,5
2019-07-09,15:26:57.499000,10651,10652,10652,5
2019-07-09,15:26:57.938000,10651,10652,10652,1
2019-07-09,15:27:02.506000,10651,10652,10652,5
2019-07-09,15:27:11.871000,10651,10652,10652,1
2019-07-09,15:27:20.198000,10651,10652,10652,5
2019-07-09,15:27:21.393000,10651,10652,10652,4
2019-07-09,15:27:21.431000,10652,10653,10652,1
2019-07-09,15:27:21.812000,10651,10653,10651,1
2019-07-09,15:27:29.016000,10651,10652,10652,1
2019-07-09,15:27:40.990000,10652,10653,10652,3
2019-07-09,15:27:41.912000,10652,10653,10652,1
2019-07-09,15:27:44.464000,10652,10653,10653,1
2019-07-09,15:27:45.544000,10652,10653,10653,1
2019-07-09,15:27:47.659000,10652,10653,10652,1
2019-07-09,15:28:00.259000,10652,10653,10652,6
2019-07-09,15:28:08.933000,10651,10652,10652,1
2019-07-09,15:28:32.781000,10651,10652,10652,1
2019-07-09,15:28:43.177000,10651,10652,10652,5
2019-07-09,15:28:46.586000,10651,10652,10652,2
2019-07-09,15:28:49.617000,10651,10652,10652,5
2019-07-09,15:29:10.680000,10652,10653,10653,12
2019-07-09,15:29:10.805000,10652,10653,10653,1
2019-07-09,15:29:10.805000,10652,10653,10653,16
2019-07-09,15:29:10.805000,10652,10653,10653,1
2019-07-09,15:29:10.805000,10652,10653,10653,1
2019-07-09,15:29:10.930000,10652,10653,10653,2
2019-07-09,15:29:10.931000,10652,10653,10653,5
2019-07-09,15:29:10.931000,10652,10653,10653,1
2019-07-09,15:29:10.931000,10652,10653,10653,1
2019-07-09,15:29:38.071000,10653,10654,10654,5
2019-07-09,15:29:41.360000,10653,10654,10654,5
2019-07-09,15:29:45.642000,10653,10654,10654,5
2019-07-09,15:29:54.376000,10653,10654,10654,5
2019-07-09,15:29:54.937000,10653,10654,10654,5
2019-07-09,15:30:00.258000,10653,10654,10654,5
2019-07-09,15:30:00.620000,10653,10654,10654,1
2019-07-09,15:30:00.690000,10653,10654,10653,1
2019-07-09,15:30:00.841000,10653,10654,10654,1
2019-07-09,15:30:00.975000,10653,10654,10654,13
2019-07-09,15:30:01.056000,10653,10654,10654,1
2019-07-09,15:30:01.071000,10653,10654,10654,1
2019-07-09,15:30:01.220000,10653,10655,10654,1
2019-07-09,15:30:01.374000,10653,10655,10655,2
2019-07-09,15:30:01.516000,10654,10655,10655,1
2019-07-09,15:30:01.553000,10654,10655,10655,1
2019-07-09,15:30:01.588000,10654,10655,10655,1
2019-07-09,15:30:01.604000,10654,10655,10655,4
2019-07-09,15:30:01.651000,10654,10655,10655,2
2019-07-09,15:30:01.919000,10654,10655,10655,2
2019-07-09,15:30:01.955000,10654,10655,10655,2
2019-07-09,15:30:02.950000,10654,10655,10654,11
2019-07-09,15:30:03.002000,10654,10655,10653,1
2019-07-09,15:30:03.011000,10654,10655,10653,2
2019-07-09,15:30:06.855000,10653,10654,10654,1
2019-07-09,15:30:11.174000,10653,10654,10654,2
2019-07-09,15:30:12.013000,10653,10654,10654,5
2019-07-09,15:30:13.243000,10653,10654,10654,2
2019-07-09,15:30:14.950000,10653,10654,10654,1
2019-07-09,15:30:15.258000,10653,10654,10653,1
2019-07-09,15:30:23.191000,10653,10654,10654,2
2019-07-09,15:30:38.306000,10653,10654,10654,1
2019-07-09,15:30:38.681000,10653,10654,10654,1
2019-07-09,15:30:41.239000,10653,10654,10653,15
2019-07-09,15:30:45.211000,10652,10653,10652,10
2019-07-09,15:30:45.241000,10652,10653,10652,2
2019-07-09,15:30:50.855000,10652,10653,10652,4
2019-07-09,15:30:50.861000,10652,10653,10652,1
2019-07-09,15:30:50.867000,10652,10653,10652,2
2019-07-09,15:30:52.801000,10651,10652,10652,7
2019-07-09,15:30:55.342000,10651,10652,10652,1
2019-07-09,15:31:00.813000,10651,10652,10652,5
2019-07-09,15:31:01.395000,10651,10652,10652,1
2019-07-09,15:31:02.327000,10651,10652,10652,5
2019-07-09,15:31:08.033000,10651,10652,10652,1
2019-07-09,15:31:11.239000,10651,10652,10652,1
2019-07-09,15:31:19.660000,10651,10652,10652,3
2019-07-09,15:31:57.519000,10652,10653,10652,1
2019-07-09,15:32:00.113000,10652,10653,10652,1
2019-07-09,15:32:08.269000,10652,10653,10652,1
2019-07-09,15:32:09.106000,10652,10653,10653,1
2019-07-09,15:32:23.228000,10652,10653,10652,1
2019-07-09,15:32:25.769000,10652,10653,10652,1
2019-07-09,15:32:27.411000,10652,10653,10652,1
2019-07-09,15:32:29.036000,10652,10653,10652,10
2019-07-09,15:32:36.150000,10652,10653,10652,5
2019-07-09,15:32:53.909000,10652,10653,10652,1
2019-07-09,15:33:01.834000,10652,10653,10652,1
2019-07-09,15:33:16.762000,10652,10653,10652,10
2019-07-09,15:33:16.806000,10652,10653,10652,4
2019-07-09,15:33:59.140000,10651,10652,10651,1
2019-07-09,15:34:04.953000,10651,10652,10652,1
2019-07-09,15:34:05.417000,10651,10652,10651,1
2019-07-09,15:34:11.462000,10651,10652,10652,10
2019-07-09,15:34:11.556000,10652,10653,10652,10
2019-07-09,15:34:38.177000,10652,10653,10652,2
2019-07-09,15:35:29.876000,10651,10652,10652,2
2019-07-09,15:35:55.764000,10651,10652,10652,2
2019-07-09,15:36:19.570000,10651,10652,10651,1
2019-07-09,15:36:23.357000,10651,10652,10652,10
2019-07-09,15:36:25.801000,10651,10652,10651,1
2019-07-09,15:36:35.918000,10651,10652,10651,1
2019-07-09,15:36:43.285000,10651,10652,10652,10
2019-07-09,15:36:46.680000,10651,10652,10652,10
2019-07-09,15:36:50.652000,10651,10652,10651,4
2019-07-09,15:37:07.291000,10651,10652,10652,1
2019-07-09,15:37:07.696000,10651,10652,10651,1
2019-07-09,15:37:07.735000,10651,10652,10651,1
2019-07-09,15:37:08.204000,10651,10652,10651,1
2019-07-09,15:37:08.305000,10651,10652,10651,1
2019-07-09,15:37:08.305000,10651,10652,10651,1
2019-07-09,15:37:09.250000,10651,10652,10652,10
2019-07-09,15:37:10.207000,10651,10652,10652,10
2019-07-09,15:37:24.117000,10651,10652,10652,1
2019-07-09,15:37:28.589000,10651,10652,10651,1
2019-07-09,15:37:35.405000,10651,10652,10651,1
2019-07-09,15:37:37.385000,10651,10652,10651,1
2019-07-09,15:37:43.313000,10651,10652,10651,1
2019-07-09,15:37:45.251000,10651,10652,10651,1
2019-07-09,15:37:45.503000,10651,10652,10651,1
2019-07-09,15:37:48.532000,10651,10652,10651,1
2019-07-09,15:37:51.957000,10651,10652,10651,1
2019-07-09,15:37:59.082000,10651,10652,10651,2
2019-07-09,15:37:59.320000,10651,10652,10651,1
2019-07-09,15:38:00.852000,10650,10651,10651,4
2019-07-09,15:38:09.329000,10651,10652,10651,1
2019-07-09,15:38:12.562000,10651,10652,10652,10
2019-07-09,15:38:12.680000,10651,10652,10652,23
2019-07-09,15:38:19.304000,10652,10653,10652,1
2019-07-09,15:38:19.596000,10652,10653,10652,1
2019-07-09,15:38:29.698000,10652,10653,10652,1
2019-07-09,15:38:49.574000,10652,10653,10652,11
2019-07-09,15:39:12.495000,10651,10652,10651,1
2019-07-09,15:39:21.944000,10651,10652,10651,1
2019-07-09,15:40:06.647000,10651,10652,10651,1
2019-07-09,15:40:08.069000,10651,10652,10651,2
2019-07-09,15:40:23.495000,10651,10652,10651,1
2019-07-09,15:40:50.872000,10651,10652,10652,10
2019-07-09,15:41:09.383000,10651,10652,10651,1
2019-07-09,15:41:42.596000,10651,10652,10652,8
2019-07-09,15:41:44.149000,10651,10652,10652,1
2019-07-09,15:41:46.558000,10651,10652,10652,4
2019-07-09,15:41:52.157000,10652,10653,10652,6
2019-07-09,15:41:53.899000,10651,10653,10652,1
2019-07-09,15:41:56.030000,10651,10653,10653,1
2019-07-09,15:42:18.555000,10652,10653,10652,16
2019-07-09,15:42:18.680000,10652,10653,10652,5
2019-07-09,15:42:18.680000,10652,10653,10652,1
2019-07-09,15:42:18.681000,10652,10653,10652,10
2019-07-09,15:42:26.805000,10651,10652,10651,11
2019-07-09,15:42:26.810000,10651,10652,10652,1
2019-07-09,15:42:48.902000,10651,10652,10652,10
2019-07-09,15:43:00.821000,10651,10652,10652,2
2019-07-09,15:43:15.256000,10651,10652,10651,13
2019-07-09,15:43:33.399000,10650,10651,10651,4
2019-07-09,15:43:33.433000,10651,10652,10651,6
2019-07-09,15:43:38.952000,10650,10651,10651,2
2019-07-09,15:43:39.592000,10651,10652,10651,1
2019-07-09,15:43:40.866000,10651,10652,10651,9
2019-07-09,15:43:48.323000,10650,10651,10650,1
2019-07-09,15:43:48.779000,10650,10651,10650,1
2019-07-09,15:43:49.575000,10650,10651,10650,2
2019-07-09,15:43:49.663000,10650,10651,10650,1
2019-07-09,15:43:50.987000,10650,10651,10650,2
2019-07-09,15:43:51.492000,10650,10651,10650,2
2019-07-09,15:43:51.492000,10650,10651,10650,3
2019-07-09,15:43:51.492000,10650,10651,10650,4
2019-07-09,15:43:51.492000,10650,10651,10650,4
2019-07-09,15:43:51.492000,10650,10651,10650,4
2019-07-09,15:43:51.492000,10650,10651,10650,4
2019-07-09,15:43:51.492000,10650,10651,10650,9
2019-07-09,15:43:51.492000,10650,10651,10650,3
2019-07-09,15:43:51.492000,10650,10651,10650,3
2019-07-09,15:43:51.493000,10650,10651,10650,1
2019-07-09,15:43:54.694000,10649,10650,10649,1
2019-07-09,15:43:54.868000,10649,10650,10649,1
2019-07-09,15:43:57.502000,10649,10650,10649,1
2019-07-09,15:43:58.203000,10649,10650,10649,1
2019-07-09,15:43:59.004000,10649,10650,10649,1
2019-07-09,15:44:10.769000,10649,10650,10650,9
2019-07-09,15:44:13.564000,10650,10651,10650,1
2019-07-09,15:44:22.958000,10649,10650,10650,1
2019-07-09,15:44:25.945000,10649,10650,10649,1
2019-07-09,15:44:26.316000,10649,10650,10649,1
2019-07-09,15:44:28.148000,10649,10650,10650,20
2019-07-09,15:44:29.603000,10649,10650,10649,2
2019-07-09,15:44:30.066000,10649,10650,10650,20
2019-07-09,15:44:34.094000,10649,10650,10650,1
2019-07-09,15:44:35.952000,10649,10650,10650,1
2019-07-09,15:44:38.074000,10649,10650,10649,5
2019-07-09,15:44:38.539000,10649,10650,10650,1
2019-07-09,15:44:45.864000,10649,10650,10649,8
2019-07-09,15:44:49.601000,10649,10650,10649,1
2019-07-09,15:44:51.688000,10649,10650,10649,7
2019-07-09,15:44:53.148000,10648,10649,10649,5
2019-07-09,15:44:55.315000,10648,10649,10649,4
2019-07-09,15:44:57.868000,10649,10650,10650,1
2019-07-09,15:44:58.508000,10649,10650,10649,1
2019-07-09,15:44:58.902000,10649,10650,10649,1
2019-07-09,15:44:59.299000,10649,10650,10649,1
2019-07-09,15:45:02.095000,10649,10650,10649,1
2019-07-09,15:45:06.675000,10649,10650,10649,1
2019-07-09,15:45:16.431000,10649,10650,10649,1
2019-07-09,15:45:18.624000,10649,10650,10649,1
2019-07-09,15:45:24.122000,10649,10650,10649,3
2019-07-09,15:45:25.818000,10649,10650,10649,1
2019-07-09,15:45:26.379000,10648,10649,10649,1
2019-07-09,15:45:36.328000,10648,10649,10649,16
2019-07-09,15:45:38.017000,10649,10650,10649,23
2019-07-09,15:45:39.622000,10649,10650,10649,10
2019-07-09,15:45:39.734000,10649,10650,10649,1
2019-07-09,15:45:53.713000,10649,10650,10649,2
2019-07-09,15:45:55.122000,10649,10650,10649,2
2019-07-09,15:45:58.891000,10649,10650,10649,1
2019-07-09,15:46:05.605000,10649,10650,10649,1
2019-07-09,15:46:06.066000,10649,10650,10649,1
2019-07-09,15:46:16.075000,10649,10650,10649,1
2019-07-09,15:46:18.894000,10648,10649,10649,1
2019-07-09,15:46:28.621000,10648,10649,10649,1
2019-07-09,15:46:31.113000,10648,10649,10649,3
2019-07-09,15:46:43.702000,10648,10649,10648,3
2019-07-09,15:46:43.942000,10648,10649,10648,1
2019-07-09,15:46:45.031000,10648,10649,10648,2
2019-07-09,15:46:51.465000,10648,10649,10648,1
2019-07-09,15:47:01.659000,10648,10649,10648,1
2019-07-09,15:47:03.870000,10648,10649,10648,1
2019-07-09,15:47:03.935000,10648,10649,10648,1
2019-07-09,15:47:06.707000,10648,10649,10648,1
2019-07-09,15:47:07.270000,10648,10649,10648,1
2019-07-09,15:47:07.667000,10648,10649,10648,1
2019-07-09,15:47:10.887000,10648,10649,10648,1
2019-07-09,15:47:11.523000,10648,10649,10648,1
2019-07-09,15:47:13.798000,10648,10649,10648,1
2019-07-09,15:47:15.503000,10648,10649,10648,2
2019-07-09,15:47:17.625000,10648,10649,10648,5
2019-07-09,15:47:30.501000,10647,10648,10647,1
2019-07-09,15:47:30.780000,10647,10648,10647,1
2019-07-09,15:47:30.788000,10647,10648,10647,1
2019-07-09,15:47:30.812000,10647,10648,10647,1
2019-07-09,15:47:55.502000,10647,10648,10647,1
2019-07-09,15:47:57.593000,10647,10648,10647,1
2019-07-09,15:48:01.104000,10647,10648,10648,2
2019-07-09,15:48:13.781000,10647,10648,10648,1
2019-07-09,15:48:22.756000,10647,10648,10648,1
2019-07-09,15:48:39.626000,10647,10648,10648,1
2019-07-09,15:48:48.922000,10647,10648,10647,2
2019-07-09,15:48:55.438000,10647,10648,10647,1
2019-07-09,15:49:02.435000,10647,10648,10648,1
2019-07-09,15:49:05.904000,10647,10648,10647,1
2019-07-09,15:49:08.979000,10647,10648,10647,1
2019-07-09,15:49:09.659000,10647,10648,10647,1
2019-07-09,15:49:10.212000,10647,10648,10647,1
2019-07-09,15:49:11.139000,10647,10648,10647,1
2019-07-09,15:49:17.719000,10647,10648,10647,1
2019-07-09,15:49:17.826000,10647,10648,10647,1
2019-07-09,15:49:23.799000,10647,10648,10648,1
2019-07-09,15:49:33.954000,10647,10648,10647,4
2019-07-09,15:49:37.050000,10647,10648,10647,5
2019-07-09,15:49:37.160000,10647,10648,10648,1
2019-07-09,15:49:40.799000,10647,10648,10647,3
2019-07-09,15:49:41.617000,10647,10648,10647,1
2019-07-09,15:49:42.554000,10647,10648,10647,1
2019-07-09,15:49:43.785000,10647,10648,10647,1
2019-07-09,15:49:44.656000,10647,10648,10647,1
2019-07-09,15:49:45.386000,10647,10648,10647,1
2019-07-09,15:49:47.212000,10646,10647,10647,1
2019-07-09,15:50:00.668000,10646,10647,10647,7
2019-07-09,15:50:00.845000,10646,10647,10647,1
2019-07-09,15:50:00.850000,10646,10647,10646,2
2019-07-09,15:50:00.942000,10646,10647,10646,1
2019-07-09,15:50:02.306000,10646,10647,10646,4
2019-07-09,15:50:02.378000,10646,10647,10646,2
2019-07-09,15:50:02.431000,10646,10647,10646,2
2019-07-09,15:50:02.431000,10646,10647,10646,1
2019-07-09,15:50:02.431000,10646,10647,10646,4
2019-07-09,15:50:03.649000,10645,10646,10646,1
2019-07-09,15:50:06.816000,10645,10646,10646,1
2019-07-09,15:50:07.849000,10645,10646,10646,1
2019-07-09,15:50:11.822000,10645,10646,10646,1
2019-07-09,15:50:12.515000,10645,10646,10646,1
2019-07-09,15:50:17.119000,10645,10646,10645,9
2019-07-09,15:50:21.609000,10645,10646,10645,13
2019-07-09,15:50:21.609000,10645,10646,10645,2
2019-07-09,15:50:21.609000,10645,10646,10645,4
2019-07-09,15:50:21.612000,10645,10646,10645,1
2019-07-09,15:50:21.613000,10645,10646,10645,1
2019-07-09,15:50:21.681000,10645,10646,10645,1
2019-07-09,15:50:21.681000,10645,10646,10645,2
2019-07-09,15:50:21.681000,10645,10646,10645,1
2019-07-09,15:50:21.681000,10645,10646,10645,2
2019-07-09,15:50:21.681000,10645,10646,10645,4
2019-07-09,15:50:21.681000,10645,10646,10645,2
2019-07-09,15:50:21.681000,10645,10646,10645,5
2019-07-09,15:50:21.681000,10645,10646,10645,2
2019-07-09,15:50:21.681000,10645,10646,10645,1
2019-07-09,15:50:21.681000,10645,10646,10645,4
2019-07-09,15:50:22.136000,10644,10645,10645,1
2019-07-09,15:50:22.136000,10644,10645,10645,1
2019-07-09,15:50:22.136000,10644,10645,10645,2
2019-07-09,15:50:22.136000,10644,10645,10645,1
2019-07-09,15:50:23.517000,10645,10646,10645,5
2019-07-09,15:50:28.558000,10645,10646,10645,10
2019-07-09,15:50:30.848000,10645,10646,10645,1
2019-07-09,15:50:35.392000,10645,10646,10645,5
2019-07-09,15:50:38.560000,10645,10646,10645,1
2019-07-09,15:50:38.903000,10645,10646,10645,1
2019-07-09,15:50:46.425000,10645,10646,10645,1
2019-07-09,15:50:46.967000,10645,10646,10645,1
2019-07-09,15:50:47.436000,10645,10646,10645,1
2019-07-09,15:50:48.463000,10645,10646,10645,8
2019-07-09,15:50:50.372000,10644,10645,10645,1
2019-07-09,15:50:52.208000,10644,10645,10645,2
2019-07-09,15:50:55.083000,10644,10645,10645,1
2019-07-09,15:51:08.810000,10644,10645,10644,1
2019-07-09,15:51:09.164000,10644,10645,10644,2
2019-07-09,15:51:12.963000,10644,10645,10645,21
2019-07-09,15:51:18.814000,10645,10646,10645,1
2019-07-09,15:51:19.499000,10645,10646,10645,1
2019-07-09,15:51:20.200000,10645,10646,10645,1
2019-07-09,15:51:20.926000,10645,10646,10645,1
2019-07-09,15:51:22.733000,10645,10646,10645,6
2019-07-09,15:51:25.602000,10644,10645,10645,4
2019-07-09,15:51:25.680000,10644,10645,10645,1
2019-07-09,15:51:25.843000,10644,10645,10645,1
2019-07-09,15:51:27.076000,10645,10646,10645,1
2019-07-09,15:51:28.211000,10645,10646,10645,1
2019-07-09,15:51:34.019000,10644,10645,10645,3
2019-07-09,15:51:49.024000,10644,10645,10645,1
2019-07-09,15:51:49.055000,10644,10645,10645,6
2019-07-09,15:51:49.180000,10644,10645,10645,1
2019-07-09,15:51:49.180000,10644,10645,10645,1
2019-07-09,15:51:49.180000,10644,10645,10645,4
2019-07-09,15:51:50.048000,10645,10646,10646,3
2019-07-09,15:51:52.326000,10645,10646,10645,1
2019-07-09,15:51:54.735000,10645,10646,10645,1
2019-07-09,15:51:54.898000,10645,10646,10645,1
2019-07-09,15:51:57.470000,10645,10646,10645,7
2019-07-09,15:52:01.518000,10645,10646,10645,2
2019-07-09,15:52:03.231000,10644,10645,10645,1
2019-07-09,15:52:07.620000,10644,10646,10644,1
2019-07-09,15:52:11.371000,10644,10645,10645,1
2019-07-09,15:52:12.372000,10644,10645,10645,1
2019-07-09,15:52:14.602000,10644,10645,10644,2
2019-07-09,15:52:28.394000,10644,10645,10645,1
2019-07-09,15:52:28.740000,10644,10645,10645,1
2019-07-09,15:52:28.742000,10644,10645,10645,1
2019-07-09,15:52:38.172000,10645,10646,10645,1
2019-07-09,15:52:45.983000,10644,10645,10645,1
2019-07-09,15:52:45.983000,10644,10645,10645,1
2019-07-09,15:52:46.333000,10645,10646,10645,1
2019-07-09,15:52:51.671000,10645,10646,10645,6
2019-07-09,15:52:51.991000,10644,10645,10645,1
2019-07-09,15:52:57.778000,10644,10645,10645,1
2019-07-09,15:53:00.966000,10644,10645,10644,4
2019-07-09,15:53:23.510000,10644,10645,10645,1
2019-07-09,15:53:27.014000,10644,10645,10645,1
2019-07-09,15:53:28.490000,10644,10645,10644,1
2019-07-09,15:53:30.684000,10644,10645,10645,1
2019-07-09,15:53:30.805000,10644,10645,10645,1
2019-07-09,15:53:30.930000,10644,10645,10645,1
2019-07-09,15:53:31.055000,10644,10645,10645,1
2019-07-09,15:53:31.180000,10644,10645,10645,2
2019-07-09,15:53:31.305000,10644,10645,10645,1
2019-07-09,15:53:31.305000,10644,10645,10645,3
2019-07-09,15:53:32.192000,10645,10646,10645,1
2019-07-09,15:53:32.804000,10645,10646,10645,2
2019-07-09,15:53:32.804000,10645,10646,10644,95
2019-07-09,15:53:32.807000,10643,10644,10643,3
2019-07-09,15:53:32.809000,10643,10644,10644,5
2019-07-09,15:53:32.959000,10643,10644,10643,3
2019-07-09,15:53:32.960000,10643,10644,10643,4
2019-07-09,15:53:32.963000,10643,10644,10643,1
2019-07-09,15:53:32.995000,10643,10644,10643,5
2019-07-09,15:53:33.113000,10643,10644,10643,1
2019-07-09,15:53:33.160000,10643,10644,10643,1
2019-07-09,15:53:40.551000,10643,10644,10644,1
2019-07-09,15:53:42.189000,10643,10644,10643,1
2019-07-09,15:53:42.357000,10643,10644,10643,1
2019-07-09,15:53:46.049000,10643,10644,10643,1
2019-07-09,15:53:46.297000,10643,10644,10643,1
2019-07-09,15:54:05.808000,10643,10644,10643,5
2019-07-09,15:54:06.807000,10643,10644,10643,3
2019-07-09,15:54:07.005000,10643,10644,10643,1
2019-07-09,15:54:07.107000,10643,10644,10643,3
2019-07-09,15:54:07.116000,10643,10644,10643,1
2019-07-09,15:54:07.683000,10643,10644,10643,3
2019-07-09,15:54:11.430000,10643,10644,10643,6
2019-07-09,15:54:20.357000,10642,10643,10643,1
2019-07-09,15:54:23.050000,10642,10643,10643,3
2019-07-09,15:54:29.783000,10642,10643,10642,1
2019-07-09,15:54:29.847000,10642,10643,10642,1
2019-07-09,15:54:29.854000,10642,10643,10642,1
2019-07-09,15:54:30.931000,10642,10643,10642,25
2019-07-09,15:54:36.137000,10642,10643,10642,1
2019-07-09,15:54:37.895000,10642,10643,10642,1
2019-07-09,15:54:46.716000,10642,10643,10642,1
2019-07-09,15:54:59.587000,10642,10643,10642,1
2019-07-09,15:55:00.026000,10642,10643,10642,1
2019-07-09,15:55:01.182000,10642,10643,10643,1
2019-07-09,15:55:01.277000,10642,10643,10642,1
2019-07-09,15:55:02.545000,10642,10643,10642,2
2019-07-09,15:55:06.137000,10642,10643,10643,2
2019-07-09,15:55:10.540000,10642,10643,10643,2
2019-07-09,15:55:11.305000,10642,10643,10643,3
2019-07-09,15:55:30.451000,10643,10644,10643,2
2019-07-09,15:55:30.456000,10643,10644,10643,2
2019-07-09,15:55:34.182000,10643,10644,10643,1
2019-07-09,15:55:40.195000,10643,10644,10643,1
2019-07-09,15:55:47.805000,10643,10644,10644,18
2019-07-09,15:55:47.806000,10643,10644,10644,4
2019-07-09,15:55:47.806000,10643,10644,10644,2
2019-07-09,15:55:47.806000,10643,10644,10644,3
2019-07-09,15:55:47.822000,10643,10644,10644,1
2019-07-09,15:55:51.941000,10644,10645,10644,1
2019-07-09,15:56:08.254000,10644,10645,10644,1
2019-07-09,15:56:14.139000,10644,10645,10645,2
2019-07-09,15:56:14.970000,10644,10645,10645,2
2019-07-09,15:56:34.634000,10644,10645,10644,1
2019-07-09,15:56:35.750000,10644,10645,10645,2
2019-07-09,15:56:36.004000,10644,10645,10645,1
2019-07-09,15:56:37.126000,10644,10645,10645,25
2019-07-09,15:56:39.974000,10644,10645,10645,25
2019-07-09,15:56:42.619000,10644,10645,10645,2
2019-07-09,15:56:44.348000,10644,10645,10645,1
2019-07-09,15:56:44.385000,10644,10645,10645,3
2019-07-09,15:56:45.219000,10645,10646,10645,1
2019-07-09,15:56:46.669000,10644,10645,10645,1
2019-07-09,15:56:48.529000,10644,10645,10645,1
2019-07-09,15:56:49.538000,10644,10645,10645,1
2019-07-09,15:56:59.070000,10644,10645,10645,1
2019-07-09,15:57:01.820000,10644,10645,10645,1
2019-07-09,15:57:06.930000,10644,10645,10644,16
2019-07-09,15:57:08.949000,10643,10644,10644,1
2019-07-09,15:57:11.057000,10643,10644,10643,2
2019-07-09,15:57:16.266000,10643,10644,10643,1
2019-07-09,15:57:16.866000,10643,10644,10643,1
2019-07-09,15:57:36.144000,10643,10644,10644,5
2019-07-09,15:57:36.208000,10643,10645,10644,1
2019-07-09,15:57:36.353000,10644,10645,10644,1
2019-07-09,15:57:40.553000,10644,10645,10644,3
2019-07-09,15:57:49.991000,10644,10645,10644,1
2019-07-09,15:57:50.131000,10644,10645,10644,1
2019-07-09,15:57:54.231000,10644,10645,10644,1
2019-07-09,15:57:57.946000,10644,10645,10644,2
2019-07-09,15:58:30.228000,10643,10644,10644,1
2019-07-09,15:58:47.761000,10643,10644,10644,13
2019-07-09,15:58:53.220000,10643,10644,10644,1
2019-07-09,15:59:09,10644,10645,10644,1
2019-07-09,15:59:22.004000,10644,10645,10644,1
2019-07-09,15:59:26.547000,10644,10645,10645,2
2019-07-09,15:59:27.121000,10644,10645,10644,1
2019-07-09,15:59:30.680000,10644,10645,10644,1
2019-07-09,15:59:32.007000,10644,10645,10644,1
2019-07-09,15:59:32.007000,10644,10645,10644,1
2019-07-09,15:59:32.010000,10644,10645,10644,2
2019-07-09,15:59:34.613000,10643,10644,10644,1
2019-07-09,15:59:53.490000,10644,10645,10644,2
2019-07-09,15:59:53.490000,10644,10645,10643,1
2019-07-09,15:59:56.116000,10643,10644,10643,1
2019-07-09,15:59:57.587000,10643,10644,10643,2
2019-07-09,15:59:59.170000,10643,10644,10643,1
2019-07-09,16:00:01.826000,10643,10644,10643,1
2019-07-09,16:00:06.112000,10643,10644,10643,1
2019-07-09,16:00:06.930000,10643,10644,10643,20
2019-07-09,16:00:07.056000,10643,10644,10643,3
2019-07-09,16:00:07.056000,10643,10644,10643,2
2019-07-09,16:00:07.056000,10643,10644,10643,3
2019-07-09,16:00:07.056000,10643,10644,10643,3
2019-07-09,16:00:07.768000,10642,10643,10643,1
2019-07-09,16:00:10.031000,10642,10643,10642,1
2019-07-09,16:00:11.739000,10642,10643,10642,1
2019-07-09,16:00:14.256000,10642,10643,10642,1
2019-07-09,16:00:15.109000,10642,10643,10642,1
2019-07-09,16:00:17.960000,10642,10643,10642,1
2019-07-09,16:00:26.280000,10642,10643,10642,1
2019-07-09,16:00:26.453000,10642,10643,10643,2
2019-07-09,16:00:30.196000,10643,10644,10643,3
2019-07-09,16:00:38.237000,10643,10644,10643,1
2019-07-09,16:00:41.812000,10643,10644,10643,4
2019-07-09,16:00:43.978000,10642,10643,10643,1
2019-07-09,16:00:51.163000,10643,10644,10643,2
2019-07-09,16:01:00.475000,10643,10644,10643,1
2019-07-09,16:01:01.869000,10643,10644,10643,1
2019-07-09,16:01:05.828000,10643,10644,10643,3
2019-07-09,16:01:17.314000,10643,10644,10643,1
2019-07-09,16:01:17.681000,10643,10644,10644,14
2019-07-09,16:01:19.880000,10644,10645,10644,1
2019-07-09,16:01:38.199000,10644,10645,10644,1
2019-07-09,16:02:01.657000,10644,10645,10645,2
2019-07-09,16:02:09.104000,10644,10645,10645,1
2019-07-09,16:02:09.773000,10644,10645,10645,1
2019-07-09,16:02:10.042000,10644,10645,10645,1
2019-07-09,16:02:11.691000,10644,10645,10645,8
2019-07-09,16:02:11.805000,10644,10645,10645,4
2019-07-09,16:02:21.839000,10645,10646,10645,1
2019-07-09,16:02:23.072000,10645,10646,10645,2
2019-07-09,16:02:41.474000,10645,10646,10645,1
2019-07-09,16:02:57.871000,10645,10646,10645,1
2019-07-09,16:03:20.263000,10645,10646,10645,1
2019-07-09,16:03:20.431000,10645,10646,10645,16
2019-07-09,16:03:20.899000,10644,10645,10645,6
2019-07-09,16:03:32.846000,10644,10645,10645,2
2019-07-09,16:03:33.341000,10645,10646,10645,1
2019-07-09,16:03:33.608000,10645,10646,10646,1
2019-07-09,16:03:35.224000,10645,10646,10645,2
2019-07-09,16:03:48.691000,10645,10646,10645,1
2019-07-09,16:03:50.663000,10645,10646,10645,1
2019-07-09,16:03:52.555000,10645,10646,10645,4
2019-07-09,16:03:52.680000,10645,10646,10645,1
2019-07-09,16:03:52.680000,10645,10646,10645,2
2019-07-09,16:04:45.453000,10644,10645,10645,10
2019-07-09,16:04:58.560000,10644,10645,10644,10
2019-07-09,16:05:14.004000,10643,10644,10644,5
2019-07-09,16:05:14.056000,10644,10645,10644,2
2019-07-09,16:05:15.312000,10644,10645,10644,1
2019-07-09,16:05:20.582000,10644,10645,10644,1
2019-07-09,16:05:23.877000,10644,10645,10645,1
2019-07-09,16:05:28.119000,10644,10645,10644,1
2019-07-09,16:05:36.109000,10644,10645,10644,2
2019-07-09,16:05:37.135000,10644,10645,10644,1
2019-07-09,16:05:45.821000,10644,10645,10644,1
2019-07-09,16:05:49.721000,10643,10644,10643,1
2019-07-09,16:05:53.927000,10643,10644,10643,5
2019-07-09,16:06:06.807000,10643,10644,10643,1
2019-07-09,16:06:08.386000,10643,10644,10643,10
2019-07-09,16:06:11.230000,10643,10644,10643,1
2019-07-09,16:06:11.279000,10643,10644,10643,2
2019-07-09,16:06:13.179000,10643,10644,10643,1
2019-07-09,16:06:29.067000,10643,10644,10643,8
2019-07-09,16:06:34.303000,10643,10644,10643,1
2019-07-09,16:06:34.512000,10643,10644,10643,3
2019-07-09,16:06:43.555000,10642,10643,10643,2
2019-07-09,16:06:52.363000,10642,10643,10643,1
2019-07-09,16:07:16.152000,10642,10643,10643,1
2019-07-09,16:07:21.402000,10642,10643,10643,4
2019-07-09,16:08:02.405000,10643,10644,10644,13
2019-07-09,16:08:03.227000,10644,10645,10644,1
2019-07-09,16:08:15.694000,10644,10645,10645,1
2019-07-09,16:08:21.193000,10644,10645,10644,3
2019-07-09,16:08:32.670000,10643,10644,10643,3
2019-07-09,16:08:40.104000,10643,10644,10643,1
2019-07-09,16:08:40.417000,10643,10644,10643,3
2019-07-09,16:08:49.519000,10643,10644,10643,3
2019-07-09,16:08:49.532000,10643,10644,10643,1
2019-07-09,16:08:49.555000,10643,10644,10643,2
2019-07-09,16:08:54.134000,10642,10643,10643,1
2019-07-09,16:09:17.420000,10642,10643,10642,1
2019-07-09,16:09:17.485000,10642,10643,10642,2
2019-07-09,16:09:19.452000,10642,10643,10643,1
2019-07-09,16:09:20.557000,10642,10643,10643,1
2019-07-09,16:09:33.938000,10642,10643,10643,1
2019-07-09,16:09:40.931000,10642,10643,10643,1
2019-07-09,16:09:44.703000,10642,10643,10643,1
2019-07-09,16:09:46.613000,10642,10643,10643,2
2019-07-09,16:09:48.757000,10642,10643,10643,2
2019-07-09,16:09:51.585000,10642,10643,10642,8
2019-07-09,16:09:53.245000,10642,10643,10643,1
2019-07-09,16:10:04.784000,10642,10643,10642,1
2019-07-09,16:10:04.857000,10642,10643,10642,1
2019-07-09,16:10:04.887000,10642,10643,10642,1
2019-07-09,16:10:04.903000,10642,10643,10642,1
2019-07-09,16:10:04.922000,10642,10643,10642,1
2019-07-09,16:10:04.956000,10642,10643,10642,1
2019-07-09,16:10:04.984000,10642,10643,10642,2
2019-07-09,16:10:05,10642,10643,10642,1
2019-07-09,16:10:05.292000,10642,10643,10643,2
2019-07-09,16:10:10.028000,10642,10643,10642,1
2019-07-09,16:10:10.031000,10642,10643,10642,1
2019-07-09,16:10:10.035000,10642,10643,10642,3
2019-07-09,16:10:10.055000,10642,10643,10642,3
2019-07-09,16:10:10.055000,10642,10643,10642,7
2019-07-09,16:10:10.845000,10642,10643,10642,2
2019-07-09,16:10:11.331000,10642,10643,10642,3
2019-07-09,16:10:39.718000,10642,10643,10643,1
2019-07-09,16:10:52.177000,10642,10643,10643,1
2019-07-09,16:10:56.344000,10642,10643,10643,5
2019-07-09,16:11:31.784000,10643,10644,10643,1
2019-07-09,16:11:49.951000,10643,10644,10644,1
2019-07-09,16:11:50.055000,10643,10644,10644,9
2019-07-09,16:11:50.544000,10644,10645,10644,2
2019-07-09,16:12:53.302000,10644,10645,10644,1
2019-07-09,16:12:53.462000,10644,10645,10645,1
2019-07-09,16:12:53.874000,10644,10645,10645,1
2019-07-09,16:13:06.759000,10644,10645,10645,1
2019-07-09,16:13:12.427000,10644,10645,10645,4
2019-07-09,16:13:22.024000,10644,10645,10645,1
2019-07-09,16:13:27.555000,10644,10645,10645,1
2019-07-09,16:13:30.917000,10644,10645,10645,1
2019-07-09,16:13:32.443000,10644,10645,10645,1
2019-07-09,16:13:36.446000,10644,10645,10645,1
2019-07-09,16:13:36.555000,10644,10645,10645,12
2019-07-09,16:13:37.754000,10645,10646,10645,1
2019-07-09,16:13:37.938000,10644,10645,10645,1
2019-07-09,16:13:55.959000,10644,10645,10645,1
2019-07-09,16:13:59.549000,10645,10646,10645,5
2019-07-09,16:14:02.200000,10645,10646,10645,1
2019-07-09,16:14:02.236000,10645,10646,10645,1
2019-07-09,16:14:26.683000,10644,10645,10645,1
2019-07-09,16:14:29.162000,10644,10645,10645,1
2019-07-09,16:14:29.744000,10644,10645,10645,3
2019-07-09,16:14:29.744000,10644,10645,10646,2
2019-07-09,16:14:30.086000,10644,10646,10646,1
2019-07-09,16:14:30.117000,10644,10646,10644,1
2019-07-09,16:15:01.137000,10645,10646,10646,1
2019-07-09,16:15:01.410000,10645,10646,10646,1
2019-07-09,16:15:01.619000,10645,10646,10645,2
2019-07-09,16:15:01.634000,10645,10646,10645,2
2019-07-09,16:15:10.343000,10645,10646,10645,1
2019-07-09,16:15:17.208000,10645,10646,10645,1
2019-07-09,16:16:00.633000,10645,10646,10646,1
2019-07-09,16:16:13.673000,10645,10646,10645,5
2019-07-09,16:16:17.867000,10645,10646,10646,2
2019-07-09,16:17:02.410000,10645,10646,10645,1
2019-07-09,16:17:15.081000,10645,10646,10645,2
2019-07-09,16:17:51.556000,10645,10646,10646,1
2019-07-09,16:17:54.613000,10645,10646,10645,1
2019-07-09,16:18:04.033000,10645,10646,10645,10
2019-07-09,16:18:19.634000,10645,10646,10646,2
2019-07-09,16:18:21.785000,10645,10646,10645,1
2019-07-09,16:18:29.189000,10645,10646,10645,2
2019-07-09,16:19:05.847000,10645,10646,10645,1
2019-07-09,16:19:26.678000,10645,10646,10645,2
2019-07-09,16:20:19.595000,10645,10646,10646,1
2019-07-09,16:20:26.114000,10645,10646,10646,1
2019-07-09,16:20:34.253000,10645,10646,10645,1
2019-07-09,16:20:43.198000,10645,10646,10645,1
2019-07-09,16:20:48.242000,10645,10646,10646,1
2019-07-09,16:20:56.757000,10645,10646,10646,10
2019-07-09,16:21:01.222000,10645,10646,10646,1
2019-07-09,16:21:01.250000,10645,10646,10646,2
2019-07-09,16:21:01.305000,10645,10646,10646,13
2019-07-09,16:21:08.622000,10646,10647,10646,1
2019-07-09,16:21:12.639000,10645,10646,10646,1
2019-07-09,16:21:20.745000,10645,10646,10645,2
2019-07-09,16:21:28.665000,10645,10646,10645,2
2019-07-09,16:21:29.325000,10645,10646,10645,3
2019-07-09,16:21:32.956000,10645,10646,10645,2
2019-07-09,16:21:40.401000,10645,10646,10645,2
2019-07-09,16:21:43.009000,10645,10646,10645,2
2019-07-09,16:21:43.099000,10645,10646,10645,4
2019-07-09,16:21:43.390000,10644,10645,10645,2
2019-07-09,16:21:54.661000,10644,10645,10645,1
2019-07-09,16:22:02.438000,10644,10645,10645,5
2019-07-09,16:22:22.856000,10645,10646,10645,2
2019-07-09,16:22:44.064000,10644,10645,10645,3
2019-07-09,16:22:49.281000,10644,10645,10645,5
2019-07-09,16:22:50.020000,10644,10645,10645,1
2019-07-09,16:23:08.137000,10644,10645,10645,1
2019-07-09,16:23:12.984000,10645,10646,10645,2
2019-07-09,16:23:15.408000,10645,10646,10645,2
2019-07-09,16:23:15.538000,10644,10646,10645,1
2019-07-09,16:23:16.664000,10645,10646,10645,1
2019-07-09,16:23:17.660000,10645,10646,10645,1
2019-07-09,16:23:17.834000,10645,10646,10645,3
2019-07-09,16:23:18.008000,10644,10646,10645,1
2019-07-09,16:23:25.338000,10645,10646,10645,2
2019-07-09,16:23:45.579000,10645,10646,10645,1
2019-07-09,16:23:51.633000,10645,10646,10646,3
2019-07-09,16:23:51.634000,10645,10646,10646,1
2019-07-09,16:23:51.634000,10645,10646,10646,1
2019-07-09,16:23:51.634000,10645,10646,10646,6
2019-07-09,16:23:52.167000,10646,10647,10646,1
2019-07-09,16:24:12.644000,10646,10647,10646,1
2019-07-09,16:24:13.220000,10646,10647,10646,2
2019-07-09,16:24:24.334000,10646,10647,10646,1
2019-07-09,16:24:37.089000,10646,10647,10646,1
2019-07-09,16:24:51.572000,10646,10647,10647,1
2019-07-09,16:24:51.885000,10646,10647,10647,1
2019-07-09,16:25:03.969000,10646,10647,10647,2
2019-07-09,16:25:10.314000,10646,10647,10647,2
2019-07-09,16:25:11.051000,10646,10647,10646,2
2019-07-09,16:25:11.245000,10646,10647,10647,2
2019-07-09,16:25:14.258000,10646,10647,10646,2
2019-07-09,16:25:14.388000,10646,10647,10646,1
2019-07-09,16:25:31.150000,10646,10647,10647,10
2019-07-09,16:25:31.180000,10646,10647,10647,1
2019-07-09,16:25:31.180000,10646,10647,10647,2
2019-07-09,16:25:49.062000,10647,10648,10648,2
2019-07-09,16:25:49.241000,10647,10648,10648,1
2019-07-09,16:25:49.344000,10647,10648,10648,1
2019-07-09,16:25:49.431000,10647,10648,10647,2
2019-07-09,16:26:21.886000,10647,10648,10647,3
2019-07-09,16:26:23.372000,10647,10648,10647,1
2019-07-09,16:26:26.807000,10647,10648,10647,1
2019-07-09,16:26:28.805000,10647,10648,10647,1
2019-07-09,16:26:39.545000,10647,10648,10647,6
2019-07-09,16:26:42.418000,10647,10648,10647,1
2019-07-09,16:26:44.205000,10647,10648,10647,7
2019-07-09,16:26:50.259000,10646,10648,10648,2
2019-07-09,16:26:50.550000,10646,10648,10646,2
2019-07-09,16:27:06.004000,10646,10647,10647,8
2019-07-09,16:27:46.601000,10646,10647,10647,2
2019-07-09,16:27:47.073000,10646,10647,10646,2
2019-07-09,16:27:51.603000,10646,10647,10647,4
2019-07-09,16:27:52.023000,10646,10647,10646,4
2019-07-09,16:28:56.766000,10646,10647,10646,1
2019-07-09,16:29:23.210000,10646,10647,10647,1
2019-07-09,16:29:24.445000,10646,10647,10646,1
2019-07-09,16:29:26.378000,10646,10647,10646,2
2019-07-09,16:29:26.839000,10646,10647,10647,4
2019-07-09,16:29:27.442000,10646,10647,10646,2
2019-07-09,16:29:57.512000,10646,10647,10646,1
2019-07-09,16:30:00.036000,10646,10647,10646,1
2019-07-09,16:30:00.036000,10646,10647,10646,14
2019-07-09,16:30:09.780000,10645,10646,10645,1
2019-07-09,16:30:11.053000,10645,10646,10645,1
2019-07-09,16:30:47.095000,10645,10646,10645,1
2019-07-09,16:30:51.194000,10645,10646,10646,5
2019-07-09,16:31:30.184000,10645,10646,10646,1
2019-07-09,16:32:14.372000,10645,10646,10646,1
2019-07-09,16:32:40.984000,10645,10646,10646,9
2019-07-09,16:32:40.984000,10645,10646,10647,16
2019-07-09,16:33:08.134000,10646,10647,10646,1
2019-07-09,16:33:14.449000,10646,10647,10646,1
2019-07-09,16:33:33.858000,10646,10647,10647,1
2019-07-09,16:34:18.764000,10646,10647,10646,1
2019-07-09,16:34:23.433000,10646,10647,10646,1
2019-07-09,16:34:28.201000,10646,10647,10646,1
2019-07-09,16:34:28.201000,10646,10647,10646,1
2019-07-09,16:35:01.207000,10645,10646,10646,2
2019-07-09,16:35:25.667000,10645,10646,10646,2
2019-07-09,16:35:27.957000,10645,10646,10645,2
2019-07-09,16:37:58.541000,10645,10646,10645,1
2019-07-09,16:38:16.059000,10645,10646,10645,2
2019-07-09,16:38:26.009000,10645,10646,10645,1
2019-07-09,16:38:40.207000,10645,10646,10645,1
2019-07-09,16:38:40.208000,10645,10646,10645,22
2019-07-09,16:38:40.305000,10645,10646,10645,1
2019-07-09,16:38:40.305000,10645,10646,10645,4
2019-07-09,16:38:40.306000,10645,10646,10645,3
2019-07-09,16:39:17.316000,10644,10645,10644,8
2019-07-09,16:39:17.672000,10644,10645,10644,1
2019-07-09,16:39:17.743000,10644,10645,10644,1
2019-07-09,16:39:18.682000,10644,10645,10644,3
2019-07-09,16:39:21.432000,10644,10645,10644,3
2019-07-09,16:39:39.342000,10644,10645,10644,1
2019-07-09,16:39:40.613000,10644,10645,10644,2
2019-07-09,16:39:46.580000,10644,10645,10644,8
2019-07-09,16:39:48.454000,10644,10645,10644,1
2019-07-09,16:40:03.951000,10643,10644,10644,1
2019-07-09,16:40:15.151000,10643,10644,10643,1
2019-07-09,16:40:15.774000,10643,10644,10643,3
2019-07-09,16:40:36.409000,10643,10644,10643,1
2019-07-09,16:40:36.564000,10643,10644,10643,2
2019-07-09,16:40:51.060000,10643,10644,10643,1
2019-07-09,16:41:26.605000,10643,10644,10643,1
2019-07-09,16:41:41.847000,10643,10644,10643,1
2019-07-09,16:41:45.498000,10643,10644,10643,1
2019-07-09,16:41:51.759000,10643,10644,10643,1
2019-07-09,16:41:52.159000,10643,10644,10643,1
2019-07-09,16:42:09.211000,10643,10644,10644,1
2019-07-09,16:42:09.242000,10643,10644,10643,1
2019-07-09,16:42:24.757000,10643,10644,10643,18
2019-07-09,16:42:24.757000,10643,10644,10643,1
2019-07-09,16:42:24.757000,10643,10644,10643,2
2019-07-09,16:42:24.758000,10643,10644,10643,1
2019-07-09,16:42:24.758000,10643,10644,10643,2
2019-07-09,16:42:24.758000,10643,10644,10643,1
2019-07-09,16:42:27.098000,10643,10644,10643,1
2019-07-09,16:42:34.423000,10643,10644,10643,3
2019-07-09,16:42:43.048000,10643,10644,10643,4
2019-07-09,16:42:48.486000,10643,10644,10643,1
2019-07-09,16:43:32.727000,10643,10644,10643,1
2019-07-09,16:43:58.630000,10643,10644,10643,10
2019-07-09,16:44:07.095000,10643,10644,10643,4
2019-07-09,16:44:07.096000,10643,10644,10643,3
2019-07-09,16:44:07.096000,10643,10644,10643,4
2019-07-09,16:44:07.096000,10643,10644,10643,2
2019-07-09,16:44:07.096000,10643,10644,10643,1
2019-07-09,16:44:07.096000,10643,10644,10643,1
2019-07-09,16:44:07.096000,10643,10644,10643,2
2019-07-09,16:44:07.096000,10643,10644,10643,5
2019-07-09,16:44:07.096000,10643,10644,10643,1
2019-07-09,16:44:07.096000,10643,10644,10643,2
2019-07-09,16:44:07.097000,10643,10644,10643,1
2019-07-09,16:44:25.601000,10642,10643,10642,1
2019-07-09,16:44:25.985000,10642,10643,10642,2
2019-07-09,16:44:26.030000,10642,10643,10642,1
2019-07-09,16:44:27.288000,10642,10643,10642,1
2019-07-09,16:44:29.156000,10642,10643,10642,1
2019-07-09,16:44:32.659000,10642,10643,10642,1
2019-07-09,16:44:45.555000,10642,10643,10642,1
2019-07-09,16:44:53.242000,10642,10643,10642,1
2019-07-09,16:44:58.547000,10642,10643,10642,25
2019-07-09,16:45:01.614000,10642,10643,10642,2
2019-07-09,16:45:07.576000,10642,10643,10643,4
2019-07-09,16:45:07.680000,10642,10644,10643,1
2019-07-09,16:45:23.766000,10642,10643,10643,1
2019-07-09,16:45:26.644000,10642,10643,10643,1
2019-07-09,16:45:56.495000,10642,10643,10642,1
2019-07-09,16:46:00.471000,10642,10643,10643,1
2019-07-09,16:46:27.132000,10642,10643,10642,1
2019-07-09,16:46:41.770000,10642,10643,10642,9
2019-07-09,16:46:50.599000,10642,10643,10642,1
2019-07-09,16:47:01.426000,10642,10643,10642,1
2019-07-09,16:47:01.705000,10642,10643,10643,3
2019-07-09,16:47:01.728000,10642,10643,10643,4
2019-07-09,16:47:01.739000,10642,10643,10643,1
2019-07-09,16:47:01.739000,10642,10643,10643,3
2019-07-09,16:47:01.752000,10642,10643,10643,3
2019-07-09,16:47:01.860000,10642,10643,10644,3
2019-07-09,16:47:01.874000,10642,10643,10644,2
2019-07-09,16:47:01.875000,10642,10643,10644,3
2019-07-09,16:47:01.877000,10642,10643,10644,1
2019-07-09,16:47:01.879000,10642,10643,10644,1
2019-07-09,16:47:01.881000,10642,10643,10644,1
2019-07-09,16:47:01.909000,10642,10643,10644,2
2019-07-09,16:47:01.913000,10642,10643,10644,3
2019-07-09,16:47:01.914000,10642,10643,10644,1
2019-07-09,16:47:01.950000,10643,10644,10644,2
2019-07-09,16:47:01.969000,10643,10644,10644,1
2019-07-09,16:47:01.970000,10643,10644,10644,3
2019-07-09,16:47:01.973000,10643,10644,10644,1
2019-07-09,16:47:01.992000,10643,10644,10644,1
2019-07-09,16:47:02.270000,10643,10644,10644,3
2019-07-09,16:47:02.271000,10643,10644,10644,2
2019-07-09,16:47:02.276000,10643,10644,10644,1
2019-07-09,16:47:02.276000,10643,10644,10645,2
2019-07-09,16:47:02.301000,10643,10644,10645,1
2019-07-09,16:47:02.303000,10643,10644,10645,3
2019-07-09,16:47:02.307000,10643,10645,10644,2
2019-07-09,16:47:02.307000,10643,10645,10645,1
2019-07-09,16:47:03.306000,10643,10644,10644,1
2019-07-09,16:47:03.306000,10643,10644,10644,3
2019-07-09,16:47:03.310000,10643,10644,10645,2
2019-07-09,16:47:03.310000,10643,10644,10645,1
2019-07-09,16:47:03.310000,10643,10644,10645,3
2019-07-09,16:47:03.310000,10643,10644,10645,3
2019-07-09,16:47:03.310000,10643,10644,10645,3
2019-07-09,16:47:03.310000,10643,10644,10645,2
2019-07-09,16:47:03.310000,10643,10644,10645,1
2019-07-09,16:47:03.310000,10643,10644,10645,3
2019-07-09,16:47:10.801000,10643,10644,10644,1
2019-07-09,16:47:40.109000,10643,10644,10643,5
2019-07-09,16:47:40.930000,10643,10644,10643,5
2019-07-09,16:47:46.514000,10643,10644,10643,2
2019-07-09,16:48:01.650000,10643,10644,10643,1
2019-07-09,16:48:02.124000,10643,10644,10643,1
2019-07-09,16:48:49.881000,10643,10644,10644,11
2019-07-09,16:48:49.930000,10643,10644,10644,2
2019-07-09,16:49:29.030000,10644,10645,10645,1
2019-07-09,16:49:45.803000,10644,10645,10644,4
2019-07-09,16:49:51.569000,10644,10645,10644,1
2019-07-09,16:49:58.458000,10644,10645,10644,8
2019-07-09,16:49:58.821000,10644,10645,10644,1
2019-07-09,16:49:59.160000,10644,10645,10645,1
2019-07-09,16:50:01.893000,10644,10645,10644,1
2019-07-09,16:50:31.564000,10644,10645,10644,1
2019-07-09,16:50:52.581000,10644,10645,10644,1
2019-07-09,16:51:02.856000,10644,10645,10644,1
2019-07-09,16:51:30.891000,10644,10645,10645,4
2019-07-09,16:51:31.582000,10644,10645,10645,1
2019-07-09,16:51:31.582000,10644,10645,10645,1
2019-07-09,16:51:31.583000,10644,10645,10645,1
2019-07-09,16:51:31.680000,10644,10645,10645,1
2019-07-09,16:51:32.861000,10644,10645,10645,1
2019-07-09,16:51:37.339000,10644,10645,10645,10
2019-07-09,16:51:37.557000,10645,10646,10645,2
2019-07-09,16:52:01.515000,10645,10646,10646,20
2019-07-09,16:52:02.818000,10646,10647,10646,1
2019-07-09,16:52:16.689000,10646,10647,10647,1
2019-07-09,16:52:32.423000,10646,10647,10647,4
2019-07-09,16:52:33.211000,10646,10647,10647,2
2019-07-09,16:52:33.232000,10646,10647,10647,1
2019-07-09,16:52:33.246000,10646,10647,10647,1
2019-07-09,16:52:34.446000,10646,10647,10647,1
2019-07-09,16:52:36.697000,10646,10647,10646,1
2019-07-09,16:52:39.563000,10646,10647,10646,1
2019-07-09,16:52:40.221000,10646,10647,10646,1
2019-07-09,16:52:42.655000,10646,10647,10646,1
2019-07-09,16:52:53.086000,10646,10647,10646,1
2019-07-09,16:53:03.324000,10646,10647,10646,1
2019-07-09,16:53:03.726000,10646,10647,10647,1
2019-07-09,16:53:28.352000,10646,10647,10646,5
2019-07-09,16:54:12.226000,10645,10646,10646,3
2019-07-09,16:55:19.547000,10645,10646,10646,1
2019-07-09,16:55:19.555000,10645,10646,10646,1
2019-07-09,16:55:19.680000,10645,10646,10646,1
2019-07-09,16:55:19.805000,10645,10646,10646,1
2019-07-09,16:55:39.009000,10645,10646,10645,3
2019-07-09,16:55:52.363000,10645,10646,10646,1
2019-07-09,16:55:56.041000,10645,10646,10646,1
2019-07-09,16:55:56.176000,10645,10646,10645,1
2019-07-09,16:56:22.046000,10645,10646,10645,1
2019-07-09,16:56:46.654000,10645,10646,10646,1
2019-07-09,16:57:25.765000,10645,10646,10646,2
2019-07-09,16:57:30.550000,10645,10646,10646,1
2019-07-09,16:57:32.966000,10645,10646,10646,1
2019-07-09,16:57:34.866000,10645,10646,10646,2
2019-07-09,16:57:34.930000,10645,10646,10646,2
2019-07-09,16:57:35.055000,10645,10646,10646,1
2019-07-09,16:57:35.056000,10645,10646,10646,3
2019-07-09,16:57:35.056000,10645,10646,10646,2
2019-07-09,16:57:57.161000,10646,10647,10646,3
2019-07-09,16:59:25.419000,10645,10646,10646,1
2019-07-09,16:59:34.619000,10645,10646,10646,2
2019-07-09,16:59:35.105000,10645,10646,10645,1
2019-07-09,16:59:37.238000,10645,10646,10646,1
2019-07-09,16:59:38.475000,10645,10646,10646,2
2019-07-09,16:59:40.651000,10645,10646,10646,2
2019-07-09,16:59:47.035000,10645,10646,10646,2
2019-07-09,16:59:55.411000,10645,10646,10646,2
2019-07-09,16:59:55.907000,10645,10646,10646,2
2019-07-09,16:59:58.365000,10645,10646,10645,2
2019-07-09,17:01:15.754000,10645,10646,10645,1
2019-07-09,17:01:16.172000,10645,10646,10645,4
2019-07-09,17:01:16.625000,10645,10646,10645,1
2019-07-09,17:01:18.309000,10645,10646,10645,1
2019-07-09,17:01:22.048000,10645,10646,10645,3
2019-07-09,17:01:22.055000,10645,10646,10645,18
2019-07-09,17:01:35.339000,10644,10645,10644,1
2019-07-09,17:01:41.769000,10644,10645,10645,1
2019-07-09,17:02:25.989000,10644,10645,10645,3
2019-07-09,17:02:36.584000,10644,10645,10645,3
2019-07-09,17:03:20.266000,10644,10645,10645,1
2019-07-09,17:03:31.124000,10645,10646,10646,1
2019-07-09,17:03:39.206000,10645,10646,10646,4
2019-07-09,17:04:00.428000,10645,10646,10645,1
2019-07-09,17:04:19.050000,10645,10646,10645,1
2019-07-09,17:04:19.051000,10645,10646,10645,2
2019-07-09,17:04:19.051000,10645,10646,10645,1
2019-07-09,17:04:25.645000,10644,10645,10645,1
2019-07-09,17:04:32.330000,10644,10645,10645,1
2019-07-09,17:05:12.207000,10645,10646,10646,4
2019-07-09,17:05:47.339000,10645,10646,10645,1
2019-07-09,17:05:50.881000,10645,10646,10646,1
2019-07-09,17:06:57.893000,10645,10646,10645,1
2019-07-09,17:07:15.743000,10645,10646,10645,1
2019-07-09,17:07:24.338000,10645,10646,10645,1
2019-07-09,17:07:26.704000,10645,10646,10645,1
2019-07-09,17:07:29.938000,10645,10646,10645,1
2019-07-09,17:07:37.269000,10645,10646,10645,1
2019-07-09,17:07:37.937000,10645,10646,10646,1
2019-07-09,17:08:47.196000,10645,10646,10645,1
2019-07-09,17:08:47.196000,10645,10646,10645,1
2019-07-09,17:08:47.196000,10645,10646,10645,1
2019-07-09,17:09:13.344000,10645,10646,10645,1
2019-07-09,17:09:20.329000,10645,10646,10645,1
2019-07-09,17:09:59.044000,10645,10646,10645,5
2019-07-09,17:10:16.272000,10645,10646,10645,2
2019-07-09,17:10:19.648000,10645,10646,10645,1
2019-07-09,17:11:13.303000,10645,10646,10645,1
2019-07-09,17:11:13.304000,10645,10646,10645,1
2019-07-09,17:11:18.089000,10645,10646,10645,1
2019-07-09,17:11:29.787000,10645,10646,10645,1
2019-07-09,17:11:29.787000,10645,10646,10645,2
2019-07-09,17:11:29.787000,10645,10646,10645,3
2019-07-09,17:11:29.787000,10645,10646,10645,1
2019-07-09,17:11:29.787000,10645,10646,10645,2
2019-07-09,17:11:29.787000,10645,10646,10645,2
2019-07-09,17:11:29.787000,10645,10646,10645,1
2019-07-09,17:11:29.787000,10645,10646,10645,2
2019-07-09,17:11:29.787000,10645,10646,10645,1
2019-07-09,17:11:29.788000,10645,10646,10645,2
2019-07-09,17:11:50.413000,10644,10645,10645,1
2019-07-09,17:11:58.353000,10645,10646,10645,4
2019-07-09,17:12:10.874000,10645,10646,10645,1
2019-07-09,17:12:44.158000,10644,10645,10645,1
2019-07-09,17:12:58.086000,10644,10645,10645,1
2019-07-09,17:13:17.607000,10645,10646,10645,5
2019-07-09,17:13:25.891000,10645,10646,10645,1
2019-07-09,17:13:34.820000,10645,10646,10645,1
2019-07-09,17:13:50.292000,10645,10646,10645,1
2019-07-09,17:13:55.545000,10645,10646,10645,4
2019-07-09,17:14:02.286000,10644,10645,10644,8
2019-07-09,17:14:10.395000,10644,10645,10645,1
2019-07-09,17:14:49.831000,10644,10645,10644,1
2019-07-09,17:14:49.831000,10644,10645,10644,1
2019-07-09,17:15:01.137000,10644,10645,10644,1
2019-07-09,17:15:01.346000,10643,10645,10643,1
2019-07-09,17:15:12.255000,10643,10644,10643,5
2019-07-09,17:15:52.276000,10643,10644,10643,1
2019-07-09,17:16:11.997000,10643,10644,10644,2
2019-07-09,17:16:37.509000,10644,10645,10644,1
2019-07-09,17:16:52.985000,10644,10645,10645,2
2019-07-09,17:17:49.155000,10644,10645,10644,1
2019-07-09,17:17:52.747000,10644,10645,10644,3
2019-07-09,17:18:36.726000,10643,10644,10643,2
2019-07-09,17:18:36.842000,10643,10644,10644,1
2019-07-09,17:18:37.004000,10643,10644,10643,1
2019-07-09,17:19:05.161000,10643,10644,10643,5
2019-07-09,17:19:20.645000,10643,10644,10643,3
2019-07-09,17:19:21.884000,10643,10644,10643,1
2019-07-09,17:19:22.320000,10643,10644,10643,2
2019-07-09,17:19:27.253000,10643,10644,10643,1
2019-07-09,17:19:32.159000,10643,10644,10643,1
2019-07-09,17:19:32.160000,10643,10644,10643,1
2019-07-09,17:19:32.181000,10643,10644,10643,2
2019-07-09,17:19:32.214000,10643,10644,10643,1
2019-07-09,17:19:32.216000,10643,10644,10642,1
2019-07-09,17:19:32.218000,10643,10644,10642,1
2019-07-09,17:19:32.232000,10643,10644,10642,1
2019-07-09,17:19:32.721000,10642,10643,10642,2
2019-07-09,17:19:36.472000,10642,10643,10643,1
2019-07-09,17:19:47.937000,10642,10643,10642,1
2019-07-09,17:19:57.975000,10642,10643,10643,1
2019-07-09,17:20:11.020000,10642,10643,10643,1
2019-07-09,17:20:11.055000,10642,10643,10643,1
2019-07-09,17:20:11.180000,10642,10643,10643,1
2019-07-09,17:20:11.809000,10642,10643,10642,1
2019-07-09,17:20:24.854000,10642,10643,10642,2
2019-07-09,17:20:25.726000,10642,10643,10643,1
2019-07-09,17:20:45.224000,10642,10643,10642,10
2019-07-09,17:20:54.412000,10642,10643,10642,1
2019-07-09,17:21:00.363000,10642,10643,10642,10
2019-07-09,17:21:01.018000,10642,10643,10643,1
2019-07-09,17:21:18.038000,10642,10643,10642,9
2019-07-09,17:21:19.858000,10642,10643,10642,2
2019-07-09,17:21:20.735000,10642,10643,10642,1
2019-07-09,17:21:23.911000,10642,10643,10642,1
2019-07-09,17:21:26.831000,10642,10643,10642,1
2019-07-09,17:21:37.003000,10642,10643,10642,1
2019-07-09,17:21:43.418000,10642,10643,10642,5
2019-07-09,17:21:50.903000,10642,10643,10642,1
2019-07-09,17:21:50.904000,10642,10643,10642,1
2019-07-09,17:21:53.588000,10642,10643,10642,1
2019-07-09,17:22:13.127000,10642,10643,10642,1
2019-07-09,17:22:13.180000,10642,10643,10642,1
2019-07-09,17:22:13.305000,10642,10643,10642,1
2019-07-09,17:22:29.091000,10642,10643,10642,1
2019-07-09,17:22:40.353000,10642,10643,10642,2
2019-07-09,17:22:50.402000,10642,10643,10642,1
2019-07-09,17:22:53.262000,10642,10643,10642,3
2019-07-09,17:23:18.142000,10642,10643,10642,1
2019-07-09,17:23:39.835000,10642,10643,10642,1
2019-07-09,17:23:44.017000,10642,10643,10642,4
2019-07-09,17:24:29.500000,10642,10643,10642,2
2019-07-09,17:24:31.283000,10642,10643,10642,1
2019-07-09,17:24:32.402000,10642,10643,10642,2
2019-07-09,17:24:34.014000,10642,10643,10643,1
2019-07-09,17:25:06.162000,10642,10643,10643,1
2019-07-09,17:25:25.444000,10642,10643,10643,19
2019-07-09,17:25:25.446000,10642,10643,10643,1
2019-07-09,17:25:43.045000,10642,10643,10643,1
2019-07-09,17:25:48.584000,10642,10643,10643,1
2019-07-09,17:25:48.589000,10642,10643,10643,1
2019-07-09,17:25:48.702000,10642,10643,10643,1
2019-07-09,17:25:52.771000,10642,10643,10643,1
2019-07-09,17:25:56.631000,10643,10644,10644,1
2019-07-09,17:26:07.408000,10643,10644,10644,2
2019-07-09,17:26:33.785000,10643,10644,10643,1
2019-07-09,17:26:34.584000,10643,10644,10644,1
2019-07-09,17:26:49.205000,10643,10644,10644,1
2019-07-09,17:27:01.621000,10643,10644,10643,3
2019-07-09,17:27:32.642000,10643,10644,10643,2
2019-07-09,17:27:32.643000,10643,10644,10643,2
2019-07-09,17:27:32.681000,10643,10644,10643,4
2019-07-09,17:27:33.758000,10642,10643,10643,1
2019-07-09,17:27:44.558000,10642,10643,10643,1
2019-07-09,17:27:46.877000,10642,10643,10643,1
2019-07-09,17:28:04.666000,10642,10643,10643,1
2019-07-09,17:28:24.989000,10642,10643,10643,1
2019-07-09,17:28:42.932000,10642,10643,10643,1
2019-07-09,17:29:00.887000,10642,10643,10643,5
2019-07-09,17:29:05.787000,10642,10643,10643,2
2019-07-09,17:29:28.605000,10642,10643,10642,1
2019-07-09,17:29:57.719000,10642,10643,10642,1
2019-07-09,17:30:24.314000,10642,10643,10642,1
2019-07-09,17:30:45.965000,10642,10643,10643,1
2019-07-09,17:30:45.972000,10642,10643,10643,1
2019-07-09,17:30:46.055000,10642,10643,10643,1
2019-07-09,17:30:56.482000,10642,10643,10643,2
2019-07-09,17:30:57.208000,10642,10643,10642,1
2019-07-09,17:31:07.525000,10642,10643,10642,4
2019-07-09,17:31:22.573000,10642,10643,10642,1
2019-07-09,17:31:34.930000,10642,10643,10642,7
2019-07-09,17:31:34.931000,10642,10643,10642,2
2019-07-09,17:31:35.055000,10642,10643,10642,9
2019-07-09,17:31:35.057000,10642,10643,10642,11
2019-07-09,17:31:35.180000,10642,10643,10642,3
2019-07-09,17:31:35.181000,10642,10643,10642,2
2019-07-09,17:31:36.510000,10641,10642,10641,1
2019-07-09,17:31:36.566000,10641,10642,10641,1
2019-07-09,17:31:36.651000,10641,10642,10641,1
2019-07-09,17:31:36.651000,10641,10642,10641,1
2019-07-09,17:31:36.666000,10641,10642,10641,2
2019-07-09,17:31:36.911000,10641,10642,10641,2
2019-07-09,17:31:47.068000,10641,10642,10641,5
2019-07-09,17:31:47.925000,10641,10642,10641,1
2019-07-09,17:31:47.929000,10641,10642,10641,2
2019-07-09,17:31:48.247000,10641,10642,10641,2
2019-07-09,17:31:54.704000,10641,10642,10641,3
2019-07-09,17:32:00.495000,10641,10642,10641,1
2019-07-09,17:32:01.567000,10641,10642,10641,1
2019-07-09,17:32:04.035000,10641,10642,10641,1
2019-07-09,17:32:04.663000,10641,10642,10641,4
2019-07-09,17:32:06.937000,10641,10642,10641,4
2019-07-09,17:32:06.953000,10641,10642,10641,4
2019-07-09,17:32:08.642000,10641,10642,10641,1
2019-07-09,17:32:19.358000,10641,10642,10641,4
2019-07-09,17:32:19.513000,10641,10642,10641,2
2019-07-09,17:32:22.825000,10641,10642,10641,1
2019-07-09,17:32:26.046000,10641,10642,10641,4
2019-07-09,17:32:26.796000,10641,10642,10641,1
2019-07-09,17:32:30.930000,10641,10642,10641,1
2019-07-09,17:32:32.944000,10641,10642,10641,4
2019-07-09,17:32:33.102000,10641,10642,10642,1
2019-07-09,17:32:33.344000,10641,10642,10641,1
2019-07-09,17:32:33.404000,10641,10642,10641,2
2019-07-09,17:32:34.592000,10641,10642,10641,1
2019-07-09,17:32:34.932000,10641,10642,10641,9
2019-07-09,17:32:42.995000,10640,10641,10640,2
2019-07-09,17:32:43.065000,10640,10641,10640,1
2019-07-09,17:32:43.093000,10640,10641,10640,1
2019-07-09,17:32:43.239000,10640,10641,10640,1
2019-07-09,17:32:43.285000,10640,10641,10641,1
2019-07-09,17:32:43.658000,10640,10641,10640,1
2019-07-09,17:32:43.740000,10640,10641,10641,3
2019-07-09,17:32:48.709000,10641,10642,10641,1
2019-07-09,17:32:49.665000,10641,10642,10641,4
2019-07-09,17:32:50.426000,10641,10642,10641,1
2019-07-09,17:32:50.770000,10641,10642,10641,2
2019-07-09,17:32:53.008000,10640,10641,10640,6
2019-07-09,17:32:57.077000,10640,10641,10641,1
2019-07-09,17:33:02.463000,10640,10641,10640,1
2019-07-09,17:33:04.605000,10640,10641,10640,6
2019-07-09,17:33:09.570000,10640,10641,10640,1
2019-07-09,17:33:10.806000,10640,10641,10641,1
2019-07-09,17:33:16.931000,10640,10641,10641,4
2019-07-09,17:33:17.055000,10640,10641,10641,3
2019-07-09,17:33:17.056000,10640,10641,10641,5
2019-07-09,17:33:17.056000,10640,10641,10641,4
2019-07-09,17:33:17.181000,10640,10641,10641,1
2019-07-09,17:33:17.181000,10640,10641,10641,6
2019-07-09,17:33:17.181000,10640,10641,10641,2
2019-07-09,17:33:17.181000,10640,10641,10641,4
2019-07-09,17:33:17.305000,10640,10641,10641,4
2019-07-09,17:33:17.306000,10640,10641,10641,2
2019-07-09,17:33:17.306000,10640,10641,10641,4
2019-07-09,17:33:17.306000,10640,10641,10641,4
2019-07-09,17:33:18.948000,10641,10642,10641,3
2019-07-09,17:33:20.910000,10640,10641,10641,1
2019-07-09,17:33:26.032000,10640,10641,10641,1
2019-07-09,17:33:38.094000,10641,10642,10641,1
2019-07-09,17:33:54.300000,10641,10642,10641,1
2019-07-09,17:33:58.674000,10641,10642,10641,2
2019-07-09,17:34:01.051000,10641,10642,10641,1
2019-07-09,17:34:08.141000,10641,10642,10641,2
2019-07-09,17:34:08.782000,10641,10642,10641,2
2019-07-09,17:34:35.115000,10641,10642,10642,2
2019-07-09,17:34:38.906000,10641,10642,10642,1
2019-07-09,17:34:53.053000,10641,10642,10641,2
2019-07-09,17:35:11.144000,10641,10642,10641,1
2019-07-09,17:35:11.526000,10641,10642,10641,9
2019-07-09,17:35:33.936000,10641,10642,10641,2
2019-07-09,17:35:46.340000,10641,10642,10641,1
2019-07-09,17:35:57.669000,10641,10642,10641,3
2019-07-09,17:36:15.748000,10641,10642,10641,2
2019-07-09,17:36:21.029000,10641,10642,10641,1
2019-07-09,17:36:27.456000,10641,10642,10641,2
2019-07-09,17:36:36.709000,10641,10642,10641,1
2019-07-09,17:36:38.513000,10641,10642,10641,1
2019-07-09,17:36:38.696000,10641,10642,10641,2
2019-07-09,17:37:17.527000,10641,10642,10642,1
2019-07-09,17:37:32.253000,10641,10642,10642,2
2019-07-09,17:37:41.912000,10641,10642,10641,2
2019-07-09,17:37:44.490000,10641,10642,10642,2
2019-07-09,17:38:03.524000,10641,10642,10642,7
2019-07-09,17:38:03.555000,10641,10642,10642,22
2019-07-09,17:38:03.555000,10641,10642,10642,1
2019-07-09,17:38:03.556000,10641,10642,10642,3
2019-07-09,17:38:03.556000,10641,10642,10642,12
2019-07-09,17:38:13.639000,10642,10643,10642,1
2019-07-09,17:38:14.214000,10642,10643,10642,1
2019-07-09,17:38:26.568000,10642,10643,10642,1
2019-07-09,17:38:33.190000,10642,10643,10643,5
2019-07-09,17:38:34.895000,10642,10644,10642,1
2019-07-09,17:38:50.240000,10642,10643,10643,2
2019-07-09,17:39:00.493000,10642,10643,10643,1
2019-07-09,17:39:06.547000,10642,10643,10643,2
2019-07-09,17:39:25.717000,10642,10643,10642,2
2019-07-09,17:39:27.004000,10642,10643,10642,2
2019-07-09,17:39:30.666000,10642,10643,10642,1
2019-07-09,17:39:51.280000,10642,10643,10643,5
2019-07-09,17:39:57.086000,10642,10643,10643,1
2019-07-09,17:39:58.686000,10643,10644,10643,1
2019-07-09,17:40:28.683000,10643,10644,10643,3
2019-07-09,17:40:55.144000,10643,10644,10643,4
2019-07-09,17:41:20.101000,10642,10643,10642,5
2019-07-09,17:41:20.125000,10642,10643,10643,1
2019-07-09,17:41:21.251000,10642,10643,10643,1
2019-07-09,17:41:27.075000,10642,10644,10642,5
2019-07-09,17:42:04.229000,10642,10643,10643,1
2019-07-09,17:42:12.139000,10642,10643,10642,1
2019-07-09,17:42:12.141000,10642,10643,10642,1
2019-07-09,17:42:12.180000,10642,10643,10642,1
2019-07-09,17:42:12.181000,10642,10643,10642,1
2019-07-09,17:42:42.903000,10642,10643,10642,2
2019-07-09,17:43:45.316000,10642,10643,10642,1
2019-07-09,17:44:11.847000,10642,10643,10643,10
2019-07-09,17:44:32.152000,10642,10643,10642,1
2019-07-09,17:45:01.136000,10642,10643,10643,1
2019-07-09,17:45:01.344000,10642,10643,10643,1
2019-07-09,17:45:17.202000,10642,10643,10643,1
2019-07-09,17:45:17.225000,10642,10643,10643,1
2019-07-09,17:45:28.693000,10642,10643,10643,1
2019-07-09,17:45:56.930000,10642,10643,10642,4
2019-07-09,17:45:59.236000,10642,10643,10642,1
2019-07-09,17:46:00.603000,10641,10642,10642,1
2019-07-09,17:46:19.755000,10641,10642,10642,6
2019-07-09,17:46:40.405000,10641,10642,10642,1
2019-07-09,17:46:52.760000,10641,10642,10641,1
2019-07-09,17:46:52.760000,10641,10642,10641,1
2019-07-09,17:46:52.761000,10641,10642,10641,1
2019-07-09,17:46:52.805000,10641,10642,10641,1
2019-07-09,17:46:52.839000,10641,10642,10641,1
2019-07-09,17:46:57.576000,10641,10642,10642,1
2019-07-09,17:47:13.953000,10641,10642,10641,22
2019-07-09,17:47:15.075000,10640,10641,10641,8
2019-07-09,17:47:48.613000,10641,10642,10641,1
2019-07-09,17:47:56.157000,10641,10642,10641,6
2019-07-09,17:48:06.216000,10640,10641,10640,3
2019-07-09,17:48:06.222000,10640,10641,10640,3
2019-07-09,17:48:06.223000,10640,10641,10640,1
2019-07-09,17:48:06.263000,10640,10641,10640,1
2019-07-09,17:48:06.666000,10640,10641,10640,1
2019-07-09,17:48:06.672000,10640,10641,10640,1
2019-07-09,17:48:57.809000,10640,10641,10641,5
2019-07-09,17:48:58.437000,10640,10641,10640,1
2019-07-09,17:48:59.722000,10640,10641,10641,3
2019-07-09,17:49:10.278000,10640,10641,10641,3
2019-07-09,17:49:12.510000,10640,10641,10641,1
2019-07-09,17:49:25.574000,10640,10641,10641,5
2019-07-09,17:49:25.722000,10640,10641,10641,2
2019-07-09,17:49:28.768000,10640,10641,10641,1
2019-07-09,17:49:29.704000,10640,10641,10641,1
2019-07-09,17:49:32.154000,10640,10641,10641,1
2019-07-09,17:49:43.015000,10640,10641,10641,2
2019-07-09,17:49:43.154000,10640,10641,10640,1
2019-07-09,17:49:46.835000,10640,10641,10641,1
2019-07-09,17:49:52.648000,10640,10641,10641,2
2019-07-09,17:49:52.649000,10640,10641,10641,1
2019-07-09,17:49:52.649000,10640,10641,10641,1
2019-07-09,17:50:06.835000,10641,10642,10641,6
2019-07-09,17:50:19.165000,10640,10641,10641,1
2019-07-09,17:50:27.487000,10640,10641,10641,2
2019-07-09,17:50:42.349000,10640,10641,10641,1
2019-07-09,17:50:54.055000,10640,10641,10641,1
2019-07-09,17:50:54.074000,10640,10641,10641,2
2019-07-09,17:50:54.074000,10640,10641,10641,1
2019-07-09,17:50:54.074000,10640,10641,10641,1
2019-07-09,17:50:54.074000,10640,10641,10641,2
2019-07-09,17:50:54.074000,10640,10641,10641,2
2019-07-09,17:50:54.075000,10640,10641,10641,3
2019-07-09,17:50:54.083000,10640,10641,10641,1
2019-07-09,17:50:54.127000,10640,10641,10641,2
2019-07-09,17:50:54.180000,10640,10641,10641,4
2019-07-09,17:50:54.180000,10640,10641,10641,4
2019-07-09,17:50:54.181000,10640,10641,10641,1
2019-07-09,17:50:54.181000,10640,10641,10641,2
2019-07-09,17:50:54.181000,10640,10641,10641,1
2019-07-09,17:50:54.181000,10640,10641,10641,4
2019-07-09,17:50:54.181000,10640,10641,10641,6
2019-07-09,17:50:54.181000,10640,10641,10641,3
2019-07-09,17:50:54.181000,10640,10641,10641,6
2019-07-09,17:51:02.513000,10641,10642,10641,1
2019-07-09,17:51:02.745000,10641,10642,10641,1
2019-07-09,17:51:02.932000,10641,10642,10641,1
2019-07-09,17:51:02.932000,10641,10642,10640,1
2019-07-09,17:51:04.779000,10641,10642,10641,2
2019-07-09,17:51:40.965000,10641,10642,10641,8
2019-07-09,17:51:40.965000,10641,10642,10641,2
2019-07-09,17:52:02.451000,10640,10641,10641,1
2019-07-09,17:52:23.560000,10641,10642,10641,26
2019-07-09,17:52:23.560000,10641,10642,10641,1
2019-07-09,17:52:23.560000,10641,10642,10641,1
2019-07-09,17:52:23.587000,10641,10642,10641,3
2019-07-09,17:52:58.961000,10640,10641,10641,1
2019-07-09,17:53:05.002000,10640,10641,10641,2
2019-07-09,17:53:07.688000,10640,10641,10641,3
2019-07-09,17:53:14.062000,10640,10641,10640,1
2019-07-09,17:53:19.149000,10640,10641,10641,1
2019-07-09,17:53:28.433000,10640,10641,10641,1
2019-07-09,17:53:37.992000,10640,10641,10641,1
2019-07-09,17:53:38.270000,10640,10641,10641,1
2019-07-09,17:53:44.599000,10640,10641,10640,1
2019-07-09,17:54:03.527000,10640,10641,10641,31
2019-07-09,17:54:15.677000,10641,10642,10642,1
2019-07-09,17:54:17.218000,10641,10642,10642,3
2019-07-09,17:54:21.455000,10641,10642,10642,5
2019-07-09,17:54:21.558000,10641,10642,10642,1
2019-07-09,17:54:31.182000,10641,10642,10642,1
2019-07-09,17:54:44.788000,10641,10642,10642,1
2019-07-09,17:54:55.476000,10641,10642,10642,2
2019-07-09,17:55:04.197000,10641,10642,10642,2
2019-07-09,17:55:04.381000,10641,10642,10642,1
2019-07-09,17:55:10.594000,10641,10642,10642,1
2019-07-09,17:55:20.688000,10641,10642,10642,1
2019-07-09,17:55:23.244000,10641,10642,10642,1
2019-07-09,17:55:24.183000,10641,10642,10642,1
2019-07-09,17:55:25.108000,10641,10642,10641,12
2019-07-09,17:55:25.394000,10640,10641,10641,10
2019-07-09,17:55:39.871000,10640,10641,10641,3
2019-07-09,17:55:46.306000,10640,10641,10641,5
2019-07-09,17:55:47.115000,10640,10641,10641,1
2019-07-09,17:55:50.065000,10640,10641,10641,1
2019-07-09,17:55:50.973000,10640,10641,10641,1
2019-07-09,17:55:51.053000,10640,10641,10640,20
2019-07-09,17:55:53.794000,10640,10641,10640,1
2019-07-09,17:55:56.341000,10640,10641,10640,2
2019-07-09,17:55:57.734000,10640,10641,10641,2
2019-07-09,17:56:16.986000,10640,10641,10641,3
2019-07-09,17:56:40.568000,10640,10641,10641,2
2019-07-09,17:56:41.796000,10640,10641,10641,2
2019-07-09,17:56:51.003000,10640,10641,10641,2
2019-07-09,17:56:52.870000,10640,10641,10641,1
2019-07-09,17:56:53.294000,10640,10641,10641,1
2019-07-09,17:56:53.674000,10640,10641,10641,1
2019-07-09,17:56:57.504000,10640,10641,10641,1
2019-07-09,17:57:19.736000,10640,10641,10641,1
2019-07-09,17:57:20.985000,10640,10641,10641,1
2019-07-09,17:57:23.820000,10640,10641,10641,3
2019-07-09,17:57:45.762000,10641,10642,10642,1
2019-07-09,17:57:55.739000,10641,10642,10642,1
2019-07-09,17:58:01.557000,10641,10642,10642,1
2019-07-09,17:58:06.857000,10641,10642,10642,1
2019-07-09,17:58:41.766000,10641,10642,10642,1
2019-07-09,17:58:52.354000,10641,10642,10642,1
2019-07-09,17:59:05.195000,10641,10642,10642,2
2019-07-09,17:59:21.539000,10641,10642,10641,16
2019-07-09,17:59:33.413000,10640,10641,10640,2
2019-07-09,17:59:34.162000,10640,10641,10641,5
2019-07-09,17:59:43.357000,10640,10641,10641,1
2019-07-09,17:59:45.700000,10640,10641,10641,1
2019-07-09,17:59:50.140000,10640,10641,10641,1
2019-07-09,17:59:50.308000,10640,10641,10641,1
2019-07-09,17:59:57.135000,10640,10641,10641,1
2019-07-09,18:00:03.413000,10640,10641,10641,1
2019-07-09,18:00:03.705000,10640,10641,10640,1
2019-07-09,18:00:03.783000,10640,10641,10640,1
2019-07-09,18:00:03.795000,10640,10641,10640,2
2019-07-09,18:00:03.890000,10640,10641,10640,1
2019-07-09,18:00:03.894000,10640,10641,10640,1
2019-07-09,18:00:03.973000,10640,10641,10640,2
2019-07-09,18:00:04.009000,10640,10641,10640,2
2019-07-09,18:00:04.410000,10640,10641,10640,2
2019-07-09,18:00:04.430000,10640,10641,10640,23
2019-07-09,18:00:04.555000,10640,10641,10640,22
2019-07-09,18:00:04.556000,10640,10641,10640,1
2019-07-09,18:00:04.556000,10640,10641,10640,1
2019-07-09,18:00:04.556000,10640,10641,10640,2
2019-07-09,18:00:04.612000,10640,10641,10639,2
2019-07-09,18:00:04.710000,10639,10640,10639,3
2019-07-09,18:00:04.746000,10639,10640,10639,1
2019-07-09,18:00:04.747000,10639,10640,10639,1
2019-07-09,18:00:04.751000,10639,10640,10639,1
2019-07-09,18:00:04.810000,10639,10640,10639,4
2019-07-09,18:00:04.818000,10639,10640,10639,1
2019-07-09,18:00:05.011000,10639,10640,10639,1
2019-07-09,18:00:05.511000,10639,10640,10639,1
2019-07-09,18:00:05.612000,10639,10640,10639,1
2019-07-09,18:00:11.009000,10639,10640,10639,1
2019-07-09,18:00:11.506000,10639,10640,10639,1
2019-07-09,18:00:59.741000,10639,10640,10640,1
2019-07-09,18:00:59.805000,10639,10640,10640,3
2019-07-09,18:01:13.654000,10640,10641,10640,1
2019-07-09,18:01:36.879000,10640,10641,10640,1
2019-07-09,18:01:36.882000,10640,10641,10640,1
2019-07-09,18:01:36.882000,10640,10641,10640,2
2019-07-09,18:01:36.959000,10639,10641,10639,1
2019-07-09,18:01:56.230000,10639,10640,10639,1
2019-07-09,18:02:08.011000,10639,10640,10639,1
2019-07-09,18:02:10.080000,10639,10640,10639,1
2019-07-09,18:02:11.297000,10639,10640,10639,3
2019-07-09,18:02:14.507000,10639,10640,10639,1
2019-07-09,18:02:17.314000,10639,10640,10639,2
2019-07-09,18:02:29.606000,10639,10640,10639,1
2019-07-09,18:02:36.838000,10639,10640,10640,3
2019-07-09,18:02:54.232000,10639,10640,10640,1
2019-07-09,18:03:46.834000,10639,10640,10640,12
2019-07-09,18:03:53.693000,10640,10641,10640,2
2019-07-09,18:04:08.164000,10640,10641,10640,1
2019-07-09,18:04:19.807000,10640,10641,10640,1
2019-07-09,18:04:23.220000,10640,10641,10640,1
2019-07-09,18:04:29.809000,10640,10641,10641,1
2019-07-09,18:04:31.994000,10640,10641,10640,1
2019-07-09,18:04:36.609000,10640,10641,10640,2
2019-07-09,18:04:38.924000,10639,10640,10640,1
2019-07-09,18:04:45.480000,10639,10640,10640,1
2019-07-09,18:04:46.999000,10639,10640,10640,1
2019-07-09,18:04:50.428000,10639,10640,10640,2
2019-07-09,18:05:07.136000,10639,10640,10640,1
2019-07-09,18:05:07.438000,10639,10640,10639,2
2019-07-09,18:05:45.918000,10639,10640,10640,4
2019-07-09,18:05:58.878000,10639,10640,10640,1
2019-07-09,18:06:08.640000,10639,10640,10640,1
2019-07-09,18:06:15.430000,10639,10640,10640,14
2019-07-09,18:06:15.430000,10639,10640,10640,8
2019-07-09,18:06:37.214000,10640,10641,10641,1
2019-07-09,18:06:37.915000,10640,10641,10641,4
2019-07-09,18:06:37.930000,10640,10641,10641,5
2019-07-09,18:06:37.931000,10640,10641,10641,19
2019-07-09,18:06:37.931000,10640,10641,10641,3
2019-07-09,18:06:37.931000,10640,10641,10641,1
2019-07-09,18:06:37.931000,10640,10641,10641,4
2019-07-09,18:06:37.931000,10640,10641,10641,1
2019-07-09,18:06:37.931000,10640,10641,10641,3
2019-07-09,18:06:37.931000,10640,10641,10641,8
2019-07-09,18:06:37.931000,10640,10641,10641,1
2019-07-09,18:06:37.931000,10640,10641,10641,1
2019-07-09,18:06:37.932000,10640,10641,10641,2
2019-07-09,18:06:38.099000,10641,10642,10641,1
2019-07-09,18:06:55.390000,10641,10642,10641,1
2019-07-09,18:06:59.150000,10641,10642,10641,1
2019-07-09,18:06:59.419000,10641,10642,10641,1
2019-07-09,18:07:09.638000,10641,10642,10641,1
2019-07-09,18:07:21.796000,10641,10642,10641,4
2019-07-09,18:07:35.128000,10641,10642,10641,1
2019-07-09,18:08:16.062000,10641,10642,10641,1
2019-07-09,18:08:36.528000,10641,10642,10641,1
2019-07-09,18:08:43.158000,10641,10642,10641,2
2019-07-09,18:08:46.944000,10641,10642,10642,1
2019-07-09,18:08:48.919000,10641,10642,10642,21
2019-07-09,18:08:48.919000,10641,10642,10643,60
2019-07-09,18:08:48.931000,10642,10643,10643,1
2019-07-09,18:08:48.931000,10642,10643,10643,5
2019-07-09,18:08:48.931000,10642,10643,10643,2
2019-07-09,18:08:49.059000,10643,10644,10644,1
2019-07-09,18:08:49.297000,10643,10644,10644,5
2019-07-09,18:08:49.308000,10643,10644,10644,2
2019-07-09,18:08:49.392000,10643,10644,10644,1
2019-07-09,18:08:53.135000,10643,10644,10644,1
2019-07-09,18:08:55.932000,10643,10644,10643,2
2019-07-09,18:09:04.575000,10643,10644,10644,9
2019-07-09,18:09:11.243000,10643,10644,10644,1
2019-07-09,18:09:15.300000,10643,10644,10643,1
2019-07-09,18:09:17.933000,10643,10644,10644,1
2019-07-09,18:09:31.621000,10643,10644,10644,1
2019-07-09,18:09:40.142000,10643,10644,10644,5
2019-07-09,18:09:57.181000,10643,10644,10644,25
2019-07-09,18:09:57.181000,10643,10644,10645,56
2019-07-09,18:09:57.931000,10644,10645,10645,1
2019-07-09,18:09:58.788000,10644,10645,10645,1
2019-07-09,18:09:58.908000,10644,10645,10645,4
2019-07-09,18:10:06.305000,10644,10645,10644,3
2019-07-09,18:10:06.871000,10643,10644,10644,2
2019-07-09,18:10:14.250000,10643,10644,10644,1
2019-07-09,18:10:20.708000,10643,10644,10644,4
2019-07-09,18:10:20.806000,10643,10644,10644,1
2019-07-09,18:10:35.410000,10644,10645,10645,12
2019-07-09,18:10:35.431000,10645,10646,10645,3
2019-07-09,18:10:35.431000,10645,10646,10646,2
2019-07-09,18:10:35.431000,10645,10646,10646,5
2019-07-09,18:10:35.431000,10645,10646,10646,1
2019-07-09,18:10:35.453000,10645,10646,10644,45
2019-07-09,18:10:35.454000,10645,10646,10644,1
2019-07-09,18:10:35.491000,10645,10646,10644,5
2019-07-09,18:10:35.555000,10643,10644,10644,3
2019-07-09,18:10:35.555000,10643,10644,10644,1
2019-07-09,18:10:35.556000,10643,10644,10643,5
2019-07-09,18:10:35.677000,10643,10644,10643,3
2019-07-09,18:10:35.815000,10643,10644,10643,2
2019-07-09,18:10:37.882000,10643,10644,10644,30
2019-07-09,18:10:37.930000,10643,10644,10644,2
2019-07-09,18:10:37.931000,10643,10644,10644,2
2019-07-09,18:10:37.931000,10643,10644,10644,1
2019-07-09,18:10:37.931000,10643,10644,10644,10
2019-07-09,18:10:37.931000,10643,10644,10644,4
2019-07-09,18:11:16.220000,10644,10645,10645,1
2019-07-09,18:11:16.305000,10644,10645,10645,2
2019-07-09,18:11:19.610000,10644,10645,10645,1
2019-07-09,18:11:20.860000,10644,10645,10645,2
2019-07-09,18:11:20.930000,10644,10645,10645,1
2019-07-09,18:11:23.183000,10645,10646,10646,1
2019-07-09,18:11:26.374000,10645,10646,10645,9
2019-07-09,18:11:27.739000,10644,10645,10645,1
2019-07-09,18:11:29.127000,10644,10645,10645,1
2019-07-09,18:11:33.267000,10644,10645,10645,1
2019-07-09,18:11:38.224000,10644,10645,10645,1
2019-07-09,18:11:38.503000,10644,10645,10645,1
2019-07-09,18:11:39.012000,10644,10645,10645,1
2019-07-09,18:11:39.618000,10644,10645,10645,1
2019-07-09,18:12:11.293000,10644,10645,10644,20
2019-07-09,18:12:11.305000,10644,10645,10644,3
2019-07-09,18:12:26.774000,10643,10644,10644,1
2019-07-09,18:12:26.805000,10643,10644,10644,2
2019-07-09,18:12:27.843000,10644,10645,10644,1
2019-07-09,18:12:35.654000,10644,10645,10644,2
2019-07-09,18:12:44.488000,10643,10644,10644,1
2019-07-09,18:12:44.547000,10643,10644,10644,1
2019-07-09,18:12:50.491000,10643,10644,10644,1
2019-07-09,18:12:55.182000,10644,10645,10644,6
2019-07-09,18:12:58.805000,10644,10645,10645,42
2019-07-09,18:13:48.368000,10644,10645,10645,1
2019-07-09,18:13:59.125000,10644,10645,10644,3
2019-07-09,18:14:58.782000,10644,10645,10645,2
2019-07-09,18:14:59.665000,10644,10645,10645,2
2019-07-09,18:14:59.927000,10644,10645,10645,2
2019-07-09,18:15:01.815000,10644,10645,10645,1
2019-07-09,18:15:02.219000,10644,10645,10645,2
2019-07-09,18:15:02.504000,10644,10645,10645,1
2019-07-09,18:15:05.522000,10644,10645,10644,1
2019-07-09,18:15:29.636000,10644,10645,10644,16
2019-07-09,18:15:29.636000,10644,10645,10644,1
2019-07-09,18:15:48.108000,10643,10644,10644,5
2019-07-09,18:15:56.433000,10643,10644,10644,1
2019-07-09,18:16:03.326000,10643,10644,10643,2
2019-07-09,18:16:06.229000,10643,10644,10643,1
2019-07-09,18:16:06.309000,10643,10644,10643,1
2019-07-09,18:16:07.055000,10643,10644,10643,1
2019-07-09,18:16:07.180000,10643,10644,10643,1
2019-07-09,18:16:07.305000,10643,10644,10643,2
2019-07-09,18:16:07.306000,10643,10644,10643,1
2019-07-09,18:16:07.306000,10643,10644,10643,1
2019-07-09,18:16:07.306000,10643,10644,10643,3
2019-07-09,18:16:07.306000,10643,10644,10643,2
2019-07-09,18:16:07.306000,10643,10644,10643,1
2019-07-09,18:16:07.321000,10643,10644,10643,2
2019-07-09,18:16:07.321000,10643,10644,10643,4
2019-07-09,18:16:07.430000,10643,10644,10643,2
2019-07-09,18:16:07.431000,10643,10644,10643,10
2019-07-09,18:16:23.129000,10642,10643,10643,1
2019-07-09,18:16:55.069000,10642,10643,10643,2
2019-07-09,18:16:55.069000,10642,10643,10644,1
2019-07-09,18:17:30.283000,10643,10644,10643,3
2019-07-09,18:17:39.808000,10643,10644,10643,1
2019-07-09,18:17:42.550000,10643,10644,10643,1
2019-07-09,18:18:03.731000,10642,10643,10643,1
2019-07-09,18:18:11.272000,10643,10644,10643,1
2019-07-09,18:18:11.536000,10643,10644,10643,1
2019-07-09,18:18:24.925000,10643,10644,10643,1
2019-07-09,18:18:29.265000,10642,10643,10643,1
2019-07-09,18:18:29.305000,10642,10643,10643,1
2019-07-09,18:18:32.403000,10642,10643,10643,1
2019-07-09,18:19:16.793000,10643,10644,10643,1
2019-07-09,18:19:28.040000,10643,10644,10643,1
2019-07-09,18:19:28.750000,10643,10644,10643,1
2019-07-09,18:19:28.751000,10643,10644,10643,1
2019-07-09,18:19:33.246000,10643,10644,10643,2
2019-07-09,18:19:34.107000,10643,10644,10643,1
2019-07-09,18:19:34.108000,10643,10644,10643,1
2019-07-09,18:19:35.918000,10643,10644,10643,1
2019-07-09,18:19:37.860000,10643,10644,10643,1
2019-07-09,18:19:37.860000,10643,10644,10643,1
2019-07-09,18:19:38.383000,10643,10644,10643,1
2019-07-09,18:19:58.414000,10642,10643,10643,1
2019-07-09,18:20:43.183000,10643,10644,10644,1
2019-07-09,18:20:49.837000,10643,10644,10644,12
2019-07-09,18:20:49.837000,10643,10644,10644,3
2019-07-09,18:20:49.930000,10643,10644,10644,2
