2019-06-12 15:00:00.046,10584,10585,10585,63,63
2019-06-12 15:00:00.371,10584,10585,10584,7,-7
2019-06-12 15:00:00.426,10584,10585,10584,5,-5
2019-06-12 15:00:00.729,10583,10584,10583,1,-1
2019-06-12 15:00:00.780,10583,10584,10584,2,2
2019-06-12 15:00:00.949,10583,10584,10583,1,-1
2019-06-12 15:00:01.189,10583,10584,10583,1,-1
2019-06-12 15:00:01.324,10583,10584,10583,1,-1
2019-06-12 15:00:01.449,10583,10584,10583,1,-1
2019-06-12 15:00:01.449,10583,10584,10583,1,-1
2019-06-12 15:00:01.632,10583,10584,10583,1,-1
2019-06-12 15:00:02.929,10582,10584,10584,6,6
2019-06-12 15:00:02.933,10582,10584,10583,1,-1
2019-06-12 15:00:04.063,10582,10583,10583,2,2
2019-06-12 15:00:04.065,10582,10583,10583,2,2
2019-06-12 15:00:04.074,10582,10583,10583,2,2
2019-06-12 15:00:04.662,10583,10584,10583,2,-2
2019-06-12 15:00:05.757,10583,10584,10583,2,-2
2019-06-12 15:00:05.941,10583,10584,10584,5,5
2019-06-12 15:00:06.807,10583,10585,10584,1,-1
2019-06-12 15:00:06.807,10583,10585,10583,1,-1
2019-06-12 15:00:07.225,10583,10584,10583,2,-2
2019-06-12 15:00:07.265,10583,10584,10583,5,-5
2019-06-12 15:00:07.320,10583,10584,10583,5,-5
2019-06-12 15:00:07.328,10583,10584,10583,5,-5
2019-06-12 15:00:07.395,10583,10584,10582,1,-1
2019-06-12 15:00:07.461,10582,10584,10582,2,-2
2019-06-12 15:00:07.492,10582,10584,10582,4,-4
2019-06-12 15:00:07.938,10582,10583,10582,2,-2
2019-06-12 15:00:07.950,10582,10583,10583,1,1
2019-06-12 15:00:08.099,10582,10583,10582,1,-1
2019-06-12 15:00:08.156,10582,10583,10582,2,-2
2019-06-12 15:00:08.268,10582,10583,10582,1,-1
2019-06-12 15:00:08.307,10582,10583,10582,1,-1
2019-06-12 15:00:08.598,10582,10583,10583,2,2
2019-06-12 15:00:09.577,10582,10583,10583,2,2
2019-06-12 15:00:10.402,10582,10583,10583,3,3
2019-06-12 15:00:10.402,10582,10583,10584,2,2
2019-06-12 15:00:10.542,10582,10584,10582,2,-2
2019-06-12 15:00:14.929,10582,10583,10582,8,-8
2019-06-12 15:00:16.878,10582,10583,10583,1,1
2019-06-12 15:00:17.373,10582,10583,10582,1,-1
2019-06-12 15:00:17.639,10582,10583,10583,1,1
2019-06-12 15:00:17.875,10582,10583,10583,2,2
2019-06-12 15:00:18.044,10583,10584,10584,1,1
2019-06-12 15:00:18.529,10583,10584,10583,1,-1
2019-06-12 15:00:18.551,10583,10584,10583,1,-1
2019-06-12 15:00:18.676,10583,10584,10583,1,-1
2019-06-12 15:00:22.383,10583,10584,10584,1,1
2019-06-12 15:00:22.520,10583,10584,10584,1,1
2019-06-12 15:00:26.957,10583,10584,10584,1,1
2019-06-12 15:00:28.974,10583,10584,10584,5,5
2019-06-12 15:00:31.114,10583,10584,10584,5,5
2019-06-12 15:00:32.149,10583,10584,10583,2,-2
2019-06-12 15:00:43.400,10583,10584,10583,2,-2
2019-06-12 15:00:45.177,10583,10584,10583,5,-5
2019-06-12 15:00:49.474,10583,10584,10583,1,-1
2019-06-12 15:00:49.627,10583,10584,10583,1,-1
2019-06-12 15:00:49.783,10583,10584,10583,5,-5
2019-06-12 15:00:50.242,10583,10584,10584,1,1
2019-06-12 15:00:54.220,10583,10584,10584,1,1
2019-06-12 15:00:56.643,10583,10584,10584,1,1
2019-06-12 15:00:57.258,10583,10584,10584,1,1
2019-06-12 15:00:57.258,10583,10584,10584,1,1
2019-06-12 15:00:57.259,10583,10584,10584,1,1
2019-06-12 15:00:57.259,10583,10584,10584,1,1
2019-06-12 15:00:57.259,10583,10584,10584,1,1
2019-06-12 15:00:57.259,10583,10584,10584,1,1
2019-06-12 15:00:57.259,10583,10584,10584,2,2
2019-06-12 15:00:57.259,10583,10584,10584,1,1
2019-06-12 15:00:57.259,10583,10584,10584,1,1
2019-06-12 15:00:57.259,10583,10584,10584,1,1
2019-06-12 15:00:57.259,10583,10584,10584,1,1
2019-06-12 15:00:57.259,10583,10584,10584,1,1
2019-06-12 15:00:57.324,10583,10584,10584,1,1
2019-06-12 15:00:59.739,10584,10585,10584,3,-3
2019-06-12 15:00:59.740,10584,10585,10584,3,-3
2019-06-12 15:00:59.751,10584,10585,10584,1,-1
2019-06-12 15:00:59.751,10584,10585,10583,2,-2
2019-06-12 15:00:59.813,10584,10585,10583,5,-5
2019-06-12 15:01:00.029,10584,10585,10584,1,1
2019-06-12 15:01:00.378,10583,10584,10583,1,-1
2019-06-12 15:01:00.461,10583,10584,10584,1,1
2019-06-12 15:01:01.192,10583,10584,10583,4,-4
2019-06-12 15:01:01.288,10583,10584,10583,1,-1
2019-06-12 15:01:01.946,10583,10584,10583,2,-2
2019-06-12 15:01:14.264,10583,10584,10584,2,2
2019-06-12 15:01:14.459,10583,10584,10584,1,1
2019-06-12 15:01:16.069,10583,10584,10583,1,-1
2019-06-12 15:01:16.112,10583,10584,10584,9,9
2019-06-12 15:01:18.470,10583,10584,10584,5,5
2019-06-12 15:01:20.822,10583,10584,10584,1,1
2019-06-12 15:01:21.331,10583,10584,10584,1,1
2019-06-12 15:01:23.235,10583,10584,10584,1,1
2019-06-12 15:01:24.767,10583,10584,10583,1,-1
2019-06-12 15:01:25.809,10583,10584,10583,3,-3
2019-06-12 15:01:29.711,10583,10584,10584,1,1
2019-06-12 15:01:31.344,10583,10584,10584,1,1
2019-06-12 15:01:35.095,10583,10584,10584,1,1
2019-06-12 15:01:36.096,10583,10584,10584,1,1
2019-06-12 15:01:36.418,10583,10584,10584,2,2
2019-06-12 15:01:36.485,10583,10584,10584,1,1
2019-06-12 15:01:39.859,10583,10584,10584,1,1
2019-06-12 15:01:40.978,10583,10584,10584,1,1
2019-06-12 15:01:46.339,10583,10584,10584,1,1
2019-06-12 15:01:52.962,10583,10584,10584,1,1
2019-06-12 15:01:57.772,10583,10584,10584,1,1
2019-06-12 15:01:59.942,10583,10584,10584,1,1
2019-06-12 15:02:00.282,10583,10584,10584,1,1
2019-06-12 15:02:00.283,10583,10584,10584,2,2
2019-06-12 15:02:05.655,10584,10585,10584,2,-2
2019-06-12 15:02:06.454,10584,10585,10585,9,9
2019-06-12 15:02:14.175,10584,10585,10584,2,-2
2019-06-12 15:02:14.717,10584,10585,10585,1,1
2019-06-12 15:02:16.737,10584,10585,10584,1,-1
2019-06-12 15:02:16.946,10584,10585,10585,5,5
2019-06-12 15:02:17.987,10584,10585,10585,1,1
2019-06-12 15:02:26.479,10584,10585,10585,1,1
2019-06-12 15:02:27.415,10584,10585,10585,2,2
2019-06-12 15:02:28.027,10584,10585,10585,5,5
2019-06-12 15:02:30.880,10585,10586,10585,1,-1
2019-06-12 15:02:37.196,10584,10585,10584,1,-1
2019-06-12 15:02:40.088,10584,10585,10585,5,5
2019-06-12 15:02:40.317,10584,10585,10585,2,2
2019-06-12 15:02:42.124,10585,10586,10585,1,-1
2019-06-12 15:02:44.744,10585,10586,10585,1,-1
2019-06-12 15:02:44.827,10585,10586,10586,1,1
2019-06-12 15:02:58.324,10585,10586,10586,6,6
2019-06-12 15:02:58.325,10585,10586,10586,2,2
2019-06-12 15:02:58.449,10585,10586,10586,12,12
2019-06-12 15:02:59.068,10585,10586,10586,1,1
2019-06-12 15:03:00.153,10585,10586,10586,25,25
2019-06-12 15:03:02.704,10586,10587,10587,3,3
2019-06-12 15:03:03.116,10586,10587,10587,1,1
2019-06-12 15:03:06.942,10586,10587,10587,1,1
2019-06-12 15:03:07.826,10587,10588,10587,1,-1
2019-06-12 15:03:13.540,10586,10587,10587,1,1
2019-06-12 15:03:13.783,10586,10587,10587,1,1
2019-06-12 15:03:14.199,10586,10587,10587,1,1
2019-06-12 15:03:16.378,10587,10588,10588,1,1
2019-06-12 15:03:19.031,10587,10588,10588,1,1
2019-06-12 15:03:21.823,10587,10588,10587,2,-2
2019-06-12 15:03:23.508,10587,10588,10588,1,1
2019-06-12 15:03:25.857,10587,10588,10587,1,-1
2019-06-12 15:03:26.331,10587,10588,10588,1,1
2019-06-12 15:03:43.145,10587,10588,10587,1,-1
2019-06-12 15:03:51.787,10587,10588,10587,3,-3
2019-06-12 15:03:51.824,10587,10588,10587,16,-16
2019-06-12 15:03:53.144,10586,10587,10587,1,1
2019-06-12 15:03:54.064,10586,10587,10586,2,-2
2019-06-12 15:03:54.503,10586,10587,10586,5,-5
2019-06-12 15:03:54.790,10586,10587,10586,5,-5
2019-06-12 15:03:56.403,10586,10587,10586,1,-1
2019-06-12 15:03:57.153,10586,10587,10586,1,-1
2019-06-12 15:03:57.649,10586,10587,10587,1,1
2019-06-12 15:03:57.905,10586,10587,10586,3,-3
2019-06-12 15:03:58.900,10586,10587,10586,1,-1
2019-06-12 15:03:58.951,10585,10586,10586,2,2
2019-06-12 15:03:59.074,10585,10586,10586,1,1
2019-06-12 15:04:02.810,10585,10586,10586,1,1
2019-06-12 15:04:07.912,10585,10586,10586,1,1
2019-06-12 15:04:08.480,10585,10586,10586,1,1
2019-06-12 15:04:09.299,10585,10586,10586,1,1
2019-06-12 15:04:09.922,10585,10586,10585,5,-5
2019-06-12 15:04:10.747,10585,10586,10586,10,10
2019-06-12 15:04:16.936,10585,10586,10586,3,3
2019-06-12 15:04:19.608,10585,10586,10585,1,-1
2019-06-12 15:04:25.048,10585,10586,10585,1,-1
2019-06-12 15:04:27.887,10585,10586,10585,5,-5
2019-06-12 15:04:29.836,10585,10586,10586,1,1
2019-06-12 15:04:30.368,10585,10586,10585,5,-5
2019-06-12 15:04:33.677,10585,10586,10585,1,-1
2019-06-12 15:04:35.075,10585,10586,10585,1,-1
2019-06-12 15:04:38.697,10585,10586,10585,3,-3
2019-06-12 15:04:42.468,10584,10585,10585,1,1
2019-06-12 15:04:45.936,10584,10585,10584,1,-1
2019-06-12 15:04:54.677,10584,10585,10584,1,-1
2019-06-12 15:04:57.493,10584,10585,10584,1,-1
2019-06-12 15:04:58.960,10584,10585,10585,2,2
2019-06-12 15:05:01.184,10584,10585,10585,6,6
2019-06-12 15:05:01.199,10584,10585,10585,1,1
2019-06-12 15:05:02.923,10585,10586,10586,3,3
2019-06-12 15:05:03.317,10585,10586,10585,2,-2
2019-06-12 15:05:06.471,10585,10586,10585,1,-1
2019-06-12 15:05:07.435,10585,10586,10585,2,-2
2019-06-12 15:05:11.163,10585,10586,10585,1,-1
2019-06-12 15:05:13.830,10584,10585,10585,1,1
2019-06-12 15:05:19.025,10584,10585,10585,1,1
2019-06-12 15:05:20.592,10585,10586,10585,1,-1
2019-06-12 15:05:43.489,10585,10586,10585,9,-9
2019-06-12 15:05:44.056,10585,10586,10586,1,1
2019-06-12 15:05:46.164,10585,10586,10586,10,10
2019-06-12 15:05:48.714,10585,10587,10585,1,-1
2019-06-12 15:06:13.833,10585,10586,10586,2,2
2019-06-12 15:06:13.976,10585,10586,10586,4,4
2019-06-12 15:06:15.635,10585,10586,10585,2,-2
2019-06-12 15:06:20.772,10585,10586,10586,2,2
2019-06-12 15:06:21.917,10585,10586,10586,1,1
2019-06-12 15:06:29.208,10585,10586,10586,2,2
2019-06-12 15:06:30.693,10585,10586,10586,1,1
2019-06-12 15:06:36.447,10585,10586,10586,1,1
2019-06-12 15:06:37.091,10585,10586,10586,1,1
2019-06-12 15:06:39.527,10585,10586,10586,1,1
2019-06-12 15:06:44.702,10585,10586,10585,2,-2
2019-06-12 15:06:45.109,10585,10586,10586,1,1
2019-06-12 15:06:47.161,10585,10586,10585,3,-3
2019-06-12 15:06:51.939,10585,10586,10586,1,1
2019-06-12 15:06:57.238,10585,10586,10586,1,1
2019-06-12 15:07:07.866,10585,10586,10585,1,-1
2019-06-12 15:07:08.995,10585,10586,10585,3,-3
2019-06-12 15:07:09.026,10585,10586,10585,2,-2
2019-06-12 15:07:09.335,10585,10586,10585,1,-1
2019-06-12 15:07:09.337,10585,10586,10585,2,-2
2019-06-12 15:07:09.337,10585,10586,10585,1,-1
2019-06-12 15:07:09.337,10585,10586,10585,2,-2
2019-06-12 15:07:09.337,10585,10586,10585,4,-4
2019-06-12 15:07:09.520,10584,10585,10585,3,3
2019-06-12 15:07:09.671,10584,10585,10585,7,7
2019-06-12 15:07:09.803,10584,10585,10585,1,1
2019-06-12 15:07:09.994,10584,10585,10585,1,1
2019-06-12 15:07:13.358,10584,10585,10585,5,5
2019-06-12 15:07:13.641,10584,10585,10585,1,1
2019-06-12 15:07:14.015,10584,10585,10585,1,1
2019-06-12 15:07:15.028,10584,10585,10585,1,1
2019-06-12 15:07:18.209,10584,10585,10585,1,1
2019-06-12 15:07:18.529,10584,10585,10585,2,2
2019-06-12 15:07:18.564,10584,10585,10584,5,-5
2019-06-12 15:07:19.731,10584,10585,10585,1,1
2019-06-12 15:07:21.432,10584,10585,10584,5,-5
2019-06-12 15:07:23.610,10584,10585,10584,5,-5
2019-06-12 15:07:24.477,10584,10585,10584,3,-3
2019-06-12 15:07:27.597,10583,10584,10583,5,-5
2019-06-12 15:07:27.925,10583,10584,10583,5,-5
2019-06-12 15:07:29.477,10583,10584,10583,5,-5
2019-06-12 15:07:30.307,10583,10584,10583,5,-5
2019-06-12 15:07:30.997,10583,10584,10583,1,-1
2019-06-12 15:07:32.567,10583,10584,10583,3,-3
2019-06-12 15:07:35.420,10583,10584,10583,5,-5
2019-06-12 15:07:38.954,10583,10584,10583,1,-1
2019-06-12 15:07:53.066,10583,10584,10583,1,-1
2019-06-12 15:07:58.514,10583,10584,10584,1,1
2019-06-12 15:07:59.088,10583,10584,10583,1,-1
2019-06-12 15:08:18.166,10584,10585,10585,1,1
2019-06-12 15:08:21.573,10584,10585,10584,1,-1
2019-06-12 15:08:22.331,10584,10585,10584,1,-1
2019-06-12 15:08:49.304,10584,10585,10584,2,-2
2019-06-12 15:08:53.195,10584,10585,10584,1,-1
2019-06-12 15:08:56.409,10584,10585,10584,1,-1
2019-06-12 15:09:12.306,10583,10584,10584,1,1
2019-06-12 15:09:17.627,10583,10584,10583,5,-5
2019-06-12 15:09:24.114,10583,10584,10584,1,1
2019-06-12 15:09:27.070,10583,10584,10584,1,1
2019-06-12 15:09:36.588,10583,10584,10583,1,-1
2019-06-12 15:09:39.563,10583,10584,10584,1,1
2019-06-12 15:09:43.862,10583,10584,10584,1,1
2019-06-12 15:10:02.499,10583,10584,10584,4,4
2019-06-12 15:10:02.877,10583,10584,10583,2,-2
2019-06-12 15:10:03.266,10583,10584,10583,1,-1
2019-06-12 15:10:06.716,10583,10584,10584,1,1
2019-06-12 15:10:07.426,10583,10584,10584,1,1
2019-06-12 15:10:09.526,10583,10584,10583,1,-1
2019-06-12 15:10:16.574,10583,10584,10584,3,3
2019-06-12 15:10:16.699,10583,10584,10584,1,1
2019-06-12 15:10:16.955,10584,10585,10584,1,-1
2019-06-12 15:10:22.263,10583,10584,10584,5,5
2019-06-12 15:10:34.555,10583,10584,10584,1,1
2019-06-12 15:10:45.200,10584,10585,10585,19,19
2019-06-12 15:10:45.449,10585,10586,10585,1,-1
2019-06-12 15:10:55.513,10585,10586,10585,1,-1
2019-06-12 15:11:02.603,10585,10586,10586,5,5
2019-06-12 15:12:10.689,10585,10586,10586,1,1
2019-06-12 15:12:11.049,10585,10586,10585,2,-2
2019-06-12 15:12:13.742,10585,10586,10585,1,-1
2019-06-12 15:12:18.399,10585,10586,10585,1,-1
2019-06-12 15:12:18.548,10585,10586,10586,1,1
2019-06-12 15:12:18.923,10585,10586,10585,2,-2
2019-06-12 15:12:27.339,10585,10586,10585,1,-1
2019-06-12 15:12:28.267,10585,10586,10585,2,-2
2019-06-12 15:13:31.276,10585,10586,10586,1,1
2019-06-12 15:13:31.312,10585,10586,10586,25,25
2019-06-12 15:13:31.324,10585,10586,10586,8,8
2019-06-12 15:13:31.324,10585,10586,10586,1,1
2019-06-12 15:13:41.658,10586,10587,10587,1,1
2019-06-12 15:13:41.843,10586,10587,10587,1,1
2019-06-12 15:13:44.556,10586,10587,10586,1,-1
2019-06-12 15:13:48.916,10586,10587,10586,1,-1
2019-06-12 15:13:51.810,10586,10587,10587,1,1
2019-06-12 15:14:07.937,10586,10587,10587,1,1
2019-06-12 15:14:17.715,10586,10587,10587,15,15
2019-06-12 15:14:18.525,10586,10587,10587,15,15
2019-06-12 15:14:18.574,10586,10587,10587,2,2
2019-06-12 15:14:19.918,10586,10587,10587,9,9
2019-06-12 15:14:19.949,10587,10588,10587,1,-1
2019-06-12 15:14:20.159,10587,10588,10587,2,-2
2019-06-12 15:14:22.937,10587,10588,10587,1,-1
2019-06-12 15:14:22.938,10587,10588,10587,3,-3
2019-06-12 15:14:32.618,10587,10588,10588,1,1
2019-06-12 15:14:33.113,10587,10588,10588,1,1
2019-06-12 15:14:40.537,10586,10587,10587,1,1
2019-06-12 15:14:51.183,10586,10587,10587,1,1
2019-06-12 15:14:59.529,10586,10587,10587,9,9
2019-06-12 15:15:02.273,10586,10587,10587,1,1
2019-06-12 15:15:02.599,10586,10587,10586,2,-2
2019-06-12 15:15:02.963,10586,10587,10587,1,1
2019-06-12 15:15:09.705,10586,10587,10587,1,1
2019-06-12 15:15:09.793,10586,10587,10587,2,2
2019-06-12 15:15:09.793,10586,10587,10588,7,7
2019-06-12 15:15:26.693,10587,10588,10588,5,5
2019-06-12 15:15:42.275,10587,10588,10588,1,1
2019-06-12 15:15:51.166,10587,10588,10588,1,1
2019-06-12 15:16:03.316,10587,10588,10588,1,1
2019-06-12 15:16:04.171,10587,10588,10588,1,1
2019-06-12 15:16:08.936,10587,10588,10588,3,3
2019-06-12 15:16:14.294,10587,10588,10587,1,-1
2019-06-12 15:16:18.990,10587,10588,10587,1,-1
2019-06-12 15:16:25.010,10587,10588,10587,1,-1
2019-06-12 15:16:26.911,10587,10588,10587,1,-1
2019-06-12 15:16:48.318,10587,10588,10588,1,1
2019-06-12 15:16:55.084,10587,10588,10587,2,-2
2019-06-12 15:17:17.860,10587,10588,10587,1,-1
2019-06-12 15:17:18.325,10587,10588,10587,2,-2
2019-06-12 15:17:27.170,10587,10588,10588,25,25
2019-06-12 15:17:28.808,10587,10588,10588,4,4
2019-06-12 15:17:33.146,10587,10588,10588,2,2
2019-06-12 15:17:33.955,10587,10588,10588,5,5
2019-06-12 15:17:45.542,10587,10588,10588,2,2
2019-06-12 15:17:46.355,10587,10588,10588,1,1
2019-06-12 15:17:46.603,10587,10588,10588,1,1
2019-06-12 15:17:54.875,10587,10588,10587,5,-5
2019-06-12 15:17:55.990,10587,10588,10588,1,1
2019-06-12 15:18:05.453,10587,10588,10587,6,-6
2019-06-12 15:18:05.453,10587,10588,10587,3,-3
2019-06-12 15:18:05.453,10587,10588,10587,2,-2
2019-06-12 15:18:06.635,10586,10587,10587,1,1
2019-06-12 15:18:08.622,10586,10587,10587,1,1
2019-06-12 15:18:12.145,10586,10587,10586,2,-2
2019-06-12 15:18:12.695,10586,10587,10587,1,1
2019-06-12 15:18:20.571,10586,10587,10587,1,1
2019-06-12 15:18:34.146,10586,10587,10587,1,1
2019-06-12 15:18:47.193,10586,10587,10587,1,1
2019-06-12 15:18:53.661,10586,10587,10587,1,1
2019-06-12 15:19:02.462,10586,10587,10587,4,4
2019-06-12 15:19:03.270,10586,10587,10587,1,1
2019-06-12 15:19:03.271,10586,10587,10587,1,1
2019-06-12 15:19:03.271,10586,10587,10587,7,7
2019-06-12 15:19:12.730,10586,10587,10587,2,2
2019-06-12 15:19:21.303,10587,10588,10587,1,-1
2019-06-12 15:19:29.204,10587,10588,10587,1,-1
2019-06-12 15:19:44.945,10587,10588,10587,1,-1
2019-06-12 15:19:48.935,10587,10588,10587,3,-3
2019-06-12 15:20:02.571,10587,10588,10588,2,2
2019-06-12 15:20:09.020,10587,10588,10588,5,5
2019-06-12 15:20:10.524,10587,10588,10588,5,5
2019-06-12 15:20:14.333,10587,10588,10588,5,5
2019-06-12 15:20:15.512,10587,10588,10587,1,-1
2019-06-12 15:20:17.190,10587,10588,10588,5,5
2019-06-12 15:20:26.327,10587,10588,10588,1,1
2019-06-12 15:20:33.355,10587,10588,10588,2,2
2019-06-12 15:20:33.748,10587,10588,10588,3,3
2019-06-12 15:20:44.351,10587,10588,10588,1,1
2019-06-12 15:20:57.478,10588,10589,10589,9,9
2019-06-12 15:20:58.052,10588,10589,10589,1,1
2019-06-12 15:21:26.920,10588,10589,10588,1,-1
2019-06-12 15:21:29.059,10588,10589,10588,6,-6
2019-06-12 15:22:12.911,10587,10588,10588,1,1
2019-06-12 15:22:20.314,10587,10588,10587,1,-1
2019-06-12 15:22:20.324,10587,10588,10587,11,-11
2019-06-12 15:22:20.324,10587,10588,10587,5,-5
2019-06-12 15:22:38.617,10586,10587,10586,1,-1
2019-06-12 15:23:02.324,10586,10587,10587,9,9
2019-06-12 15:23:47.655,10587,10588,10587,1,-1
2019-06-12 15:24:37.197,10587,10588,10588,1,1
2019-06-12 15:24:53.616,10587,10588,10588,1,1
2019-06-12 15:24:55.586,10587,10588,10588,6,6
2019-06-12 15:24:58.913,10587,10588,10588,1,1
2019-06-12 15:24:59.699,10587,10588,10588,9,9
2019-06-12 15:24:59.779,10587,10588,10588,13,13
2019-06-12 15:25:07.376,10587,10589,10589,1,1
2019-06-12 15:26:25.706,10588,10589,10589,1,1
2019-06-12 15:26:26.341,10588,10589,10589,13,13
2019-06-12 15:26:26.346,10588,10589,10589,18,18
2019-06-12 15:26:26.449,10588,10589,10589,3,3
2019-06-12 15:26:26.932,10589,10590,10589,1,-1
2019-06-12 15:26:36.824,10588,10589,10589,2,2
2019-06-12 15:26:40.111,10589,10590,10589,1,-1
2019-06-12 15:26:43.322,10589,10590,10589,1,-1
2019-06-12 15:26:49.742,10589,10590,10589,1,-1
2019-06-12 15:26:59.562,10589,10590,10589,1,-1
2019-06-12 15:27:00.329,10589,10590,10589,1,-1
2019-06-12 15:27:15.998,10589,10590,10589,1,-1
2019-06-12 15:27:22.619,10589,10590,10590,8,8
2019-06-12 15:27:22.954,10589,10590,10590,1,1
2019-06-12 15:27:33.696,10589,10590,10590,10,10
2019-06-12 15:27:33.699,10589,10590,10590,6,6
2019-06-12 15:27:33.699,10589,10590,10590,2,2
2019-06-12 15:27:35.294,10589,10590,10590,4,4
2019-06-12 15:27:36.320,10589,10590,10590,1,1
2019-06-12 15:27:40.219,10589,10590,10590,1,1
2019-06-12 15:27:40.294,10589,10590,10590,1,1
2019-06-12 15:27:40.324,10589,10590,10590,2,2
2019-06-12 15:27:40.324,10589,10590,10590,1,1
2019-06-12 15:27:40.324,10589,10590,10590,14,14
2019-06-12 15:27:40.324,10589,10590,10590,2,2
2019-06-12 15:27:40.324,10589,10590,10590,1,1
2019-06-12 15:27:40.324,10589,10590,10590,1,1
2019-06-12 15:27:40.324,10589,10590,10590,2,2
2019-06-12 15:27:40.324,10589,10590,10590,1,1
2019-06-12 15:27:40.324,10589,10590,10590,2,2
2019-06-12 15:27:40.325,10589,10590,10590,1,1
2019-06-12 15:27:40.325,10589,10590,10590,1,1
2019-06-12 15:27:40.325,10589,10590,10590,2,2
2019-06-12 15:27:40.325,10589,10590,10590,1,1
2019-06-12 15:27:40.325,10589,10590,10590,1,1
2019-06-12 15:27:40.325,10589,10590,10590,2,2
2019-06-12 15:27:40.325,10589,10590,10590,1,1
2019-06-12 15:27:40.325,10589,10590,10590,1,1
2019-06-12 15:27:40.326,10589,10590,10590,4,4
2019-06-12 15:27:40.703,10590,10591,10590,1,-1
2019-06-12 15:27:41.449,10590,10591,10590,1,-1
2019-06-12 15:27:41.449,10590,10591,10590,1,-1
2019-06-12 15:27:46.289,10590,10591,10590,3,-3
2019-06-12 15:27:51.397,10590,10591,10590,2,-2
2019-06-12 15:28:02.461,10590,10591,10591,3,3
2019-06-12 15:28:02.798,10590,10591,10591,1,1
2019-06-12 15:28:02.977,10590,10591,10591,1,1
2019-06-12 15:28:07.387,10590,10591,10591,1,1
2019-06-12 15:28:07.889,10590,10591,10591,1,1
2019-06-12 15:28:08.833,10590,10591,10591,1,1
2019-06-12 15:28:11.224,10590,10591,10591,1,1
2019-06-12 15:28:22.216,10590,10591,10590,1,-1
2019-06-12 15:28:25.358,10590,10591,10591,1,1
2019-06-12 15:28:29.235,10590,10591,10591,1,1
2019-06-12 15:28:37.317,10590,10591,10591,1,1
2019-06-12 15:28:38.517,10590,10591,10591,27,27
2019-06-12 15:28:42.754,10590,10591,10591,1,1
2019-06-12 15:28:43.980,10591,10592,10591,1,-1
2019-06-12 15:28:46.620,10591,10592,10591,3,-3
2019-06-12 15:28:47.964,10590,10591,10591,1,1
2019-06-12 15:28:48.374,10590,10591,10591,1,1
2019-06-12 15:28:54.900,10590,10591,10591,1,1
2019-06-12 15:28:55.384,10590,10591,10591,1,1
2019-06-12 15:28:58.138,10590,10591,10591,1,1
2019-06-12 15:28:58.987,10590,10591,10590,1,-1
2019-06-12 15:28:58.998,10590,10591,10590,1,-1
2019-06-12 15:29:03.028,10590,10591,10591,1,1
2019-06-12 15:29:06.129,10590,10591,10591,1,1
2019-06-12 15:29:12.492,10590,10591,10591,1,1
2019-06-12 15:29:19.788,10590,10591,10591,1,1
2019-06-12 15:29:21.691,10590,10591,10591,1,1
2019-06-12 15:29:27.097,10590,10591,10591,1,1
2019-06-12 15:29:28.249,10590,10591,10591,2,2
2019-06-12 15:29:30.931,10590,10591,10591,4,4
2019-06-12 15:29:33.605,10590,10591,10590,1,-1
2019-06-12 15:30:08.622,10590,10591,10590,24,-24
2019-06-12 15:30:08.622,10590,10591,10590,3,-3
2019-06-12 15:30:08.657,10590,10591,10590,1,-1
2019-06-12 15:30:08.657,10590,10591,10590,3,-3
2019-06-12 15:30:08.658,10590,10591,10590,1,-1
2019-06-12 15:30:31.961,10589,10590,10590,1,1
2019-06-12 15:30:42.553,10590,10591,10591,1,1
2019-06-12 15:30:46.560,10590,10591,10590,1,-1
2019-06-12 15:30:46.706,10590,10591,10591,1,1
2019-06-12 15:30:51.072,10590,10591,10591,9,9
2019-06-12 15:30:53.279,10590,10591,10591,1,1
2019-06-12 15:30:53.342,10590,10591,10591,1,1
2019-06-12 15:30:53.342,10590,10591,10591,4,4
2019-06-12 15:30:53.342,10590,10591,10591,2,2
2019-06-12 15:31:03.506,10591,10592,10591,1,-1
2019-06-12 15:31:06.782,10591,10592,10591,1,-1
2019-06-12 15:31:11.080,10591,10592,10591,2,-2
2019-06-12 15:31:15.415,10591,10592,10592,2,2
2019-06-12 15:31:15.625,10591,10592,10592,1,1
2019-06-12 15:31:17.200,10591,10592,10591,2,-2
2019-06-12 15:31:27.583,10591,10592,10591,1,-1
2019-06-12 15:31:28.334,10591,10592,10591,1,-1
2019-06-12 15:31:48.328,10591,10592,10591,2,-2
2019-06-12 15:32:02.903,10591,10592,10592,9,9
2019-06-12 15:32:15.234,10591,10592,10591,1,-1
2019-06-12 15:32:19.370,10591,10592,10591,1,-1
2019-06-12 15:32:20.247,10591,10592,10591,1,-1
2019-06-12 15:32:22.587,10591,10592,10591,1,-1
2019-06-12 15:32:22.887,10591,10592,10591,1,-1
2019-06-12 15:32:23.843,10591,10592,10591,1,-1
2019-06-12 15:32:28.097,10590,10591,10590,1,-1
2019-06-12 15:32:34.839,10590,10591,10590,1,-1
2019-06-12 15:32:41.995,10590,10591,10591,1,1
2019-06-12 15:32:45.006,10590,10591,10591,1,1
2019-06-12 15:33:03.045,10591,10592,10591,5,-5
2019-06-12 15:33:14.361,10591,10592,10592,1,1
2019-06-12 15:33:16.085,10591,10592,10592,1,1
2019-06-12 15:33:16.315,10591,10592,10592,1,1
2019-06-12 15:33:34.504,10591,10592,10591,1,-1
2019-06-12 15:33:42.799,10591,10592,10591,5,-5
2019-06-12 15:33:54.472,10590,10591,10591,1,1
2019-06-12 15:34:09.674,10590,10591,10590,1,-1
2019-06-12 15:34:16.369,10590,10591,10591,2,2
2019-06-12 15:34:17.761,10590,10591,10590,4,-4
2019-06-12 15:34:18.335,10590,10591,10590,2,-2
2019-06-12 15:34:47.848,10589,10590,10590,1,1
2019-06-12 15:34:49.074,10589,10590,10590,2,2
2019-06-12 15:35:15.953,10590,10591,10590,1,-1
2019-06-12 15:36:02.336,10590,10591,10591,8,8
2019-06-12 15:36:17.211,10590,10591,10590,1,-1
2019-06-12 15:36:22.142,10590,10591,10590,1,-1
2019-06-12 15:36:22.241,10590,10591,10590,1,-1
2019-06-12 15:36:22.324,10590,10591,10590,1,-1
2019-06-12 15:36:33.370,10590,10591,10590,2,-2
2019-06-12 15:36:33.781,10590,10591,10590,1,-1
2019-06-12 15:36:33.923,10590,10591,10590,1,-1
2019-06-12 15:36:43.927,10589,10590,10590,1,1
2019-06-12 15:37:02.734,10589,10590,10590,2,2
2019-06-12 15:37:17.338,10589,10590,10589,1,-1
2019-06-12 15:37:22.425,10589,10590,10589,8,-8
2019-06-12 15:37:22.449,10589,10590,10589,1,-1
2019-06-12 15:37:22.449,10589,10590,10589,3,-3
2019-06-12 15:37:22.449,10589,10590,10589,22,-22
2019-06-12 15:37:22.449,10589,10590,10589,3,-3
2019-06-12 15:37:22.449,10589,10590,10589,1,-1
2019-06-12 15:37:22.449,10589,10590,10589,5,-5
2019-06-12 15:37:33.971,10588,10589,10589,2,2
2019-06-12 15:37:34.073,10588,10589,10588,2,-2
2019-06-12 15:37:34.640,10588,10589,10588,1,-1
2019-06-12 15:37:43.324,10588,10589,10589,1,1
2019-06-12 15:37:55.780,10589,10590,10589,1,-1
2019-06-12 15:38:09.360,10589,10590,10589,1,-1
2019-06-12 15:38:14.040,10589,10590,10589,1,-1
2019-06-12 15:38:14.043,10589,10590,10589,1,-1
2019-06-12 15:38:27.626,10588,10589,10589,2,2
2019-06-12 15:38:32.387,10588,10589,10589,1,1
2019-06-12 15:38:32.449,10588,10589,10589,1,1
2019-06-12 15:39:17.074,10588,10589,10589,1,1
2019-06-12 15:40:13.585,10589,10590,10589,2,-2
2019-06-12 15:40:29.158,10588,10589,10589,3,3
2019-06-12 15:40:30.956,10589,10590,10589,1,-1
2019-06-12 15:40:48.290,10588,10589,10589,2,2
2019-06-12 15:40:50.859,10588,10589,10589,1,1
2019-06-12 15:41:00.468,10588,10589,10589,1,1
2019-06-12 15:41:13.193,10589,10590,10589,2,-2
2019-06-12 15:41:17.287,10588,10590,10590,1,1
2019-06-12 15:41:23.887,10589,10590,10590,4,4
2019-06-12 15:41:24.050,10589,10590,10590,2,2
2019-06-12 15:41:30.463,10589,10590,10590,4,4
2019-06-12 15:41:32.774,10589,10590,10590,2,2
2019-06-12 15:41:37.046,10589,10590,10590,1,1
2019-06-12 15:41:59.948,10589,10590,10590,2,2
2019-06-12 15:42:02.999,10589,10590,10590,2,2
2019-06-12 15:42:32.824,10589,10590,10590,7,7
2019-06-12 15:43:03.218,10590,10591,10591,6,6
2019-06-12 15:43:13.205,10590,10591,10590,1,-1
2019-06-12 15:43:27.699,10590,10591,10590,1,-1
2019-06-12 15:43:44.367,10590,10591,10590,1,-1
2019-06-12 15:43:49.185,10590,10591,10590,1,-1
2019-06-12 15:43:49.185,10590,10591,10590,1,-1
2019-06-12 15:43:49.199,10590,10591,10590,1,-1
2019-06-12 15:43:49.366,10590,10591,10590,3,-3
2019-06-12 15:43:49.367,10590,10591,10590,1,-1
2019-06-12 15:43:49.381,10590,10591,10590,7,-7
2019-06-12 15:43:49.386,10590,10591,10590,4,-4
2019-06-12 15:43:49.386,10590,10591,10590,1,-1
2019-06-12 15:44:01.433,10589,10590,10589,1,-1
2019-06-12 15:44:01.506,10589,10590,10589,1,-1
2019-06-12 15:44:02.216,10589,10590,10590,3,3
2019-06-12 15:44:22.075,10589,10590,10590,1,1
2019-06-12 15:44:46.686,10589,10590,10589,4,-4
2019-06-12 15:45:02.427,10589,10590,10590,1,1
2019-06-12 15:45:18.620,10590,10591,10590,1,-1
2019-06-12 15:45:31.582,10589,10590,10590,1,1
2019-06-12 15:45:31.690,10589,10590,10590,8,8
2019-06-12 15:47:21.410,10589,10590,10589,4,-4
2019-06-12 15:47:21.449,10589,10590,10589,3,-3
2019-06-12 15:47:22.489,10588,10589,10588,1,-1
2019-06-12 15:47:22.586,10588,10589,10588,2,-2
2019-06-12 15:47:22.588,10588,10589,10588,1,-1
2019-06-12 15:47:22.588,10588,10589,10588,1,-1
2019-06-12 15:47:22.588,10588,10589,10588,1,-1
2019-06-12 15:47:22.588,10588,10589,10588,1,-1
2019-06-12 15:47:22.589,10588,10589,10588,1,-1
2019-06-12 15:47:22.589,10588,10589,10588,2,-2
2019-06-12 15:47:22.589,10588,10589,10588,1,-1
2019-06-12 15:47:22.590,10588,10589,10588,3,-3
2019-06-12 15:47:22.826,10587,10588,10587,25,-25
2019-06-12 15:47:23.064,10586,10587,10587,2,2
2019-06-12 15:47:23.066,10586,10587,10587,2,2
2019-06-12 15:47:23.082,10586,10587,10587,2,2
2019-06-12 15:47:23.426,10587,10588,10587,1,-1
2019-06-12 15:47:31.574,10587,10588,10588,2,2
2019-06-12 15:47:52.429,10588,10589,10588,1,-1
2019-06-12 15:47:55.858,10588,10589,10588,1,-1
2019-06-12 15:48:03.829,10587,10589,10588,1,-1
2019-06-12 15:48:22.549,10587,10588,10587,1,-1
2019-06-12 15:48:24.779,10587,10588,10587,1,-1
2019-06-12 15:48:49.930,10586,10587,10587,1,1
2019-06-12 15:48:55.818,10586,10587,10586,1,-1
2019-06-12 15:48:58.783,10586,10587,10586,1,-1
2019-06-12 15:48:59.929,10586,10587,10586,1,-1
2019-06-12 15:49:20.131,10586,10587,10586,1,-1
2019-06-12 15:49:33.115,10586,10587,10586,1,-1
2019-06-12 15:49:37.106,10586,10587,10587,1,1
2019-06-12 15:49:39.955,10586,10587,10587,1,1
2019-06-12 15:49:40.491,10586,10587,10586,1,-1
2019-06-12 15:49:43.118,10586,10587,10587,1,1
2019-06-12 15:49:43.734,10586,10587,10586,1,-1
2019-06-12 15:49:44.964,10586,10587,10587,1,1
2019-06-12 15:49:45.270,10586,10587,10586,1,-1
2019-06-12 15:49:46.514,10586,10587,10587,1,1
2019-06-12 15:49:49.664,10586,10587,10586,9,-9
2019-06-12 15:50:13.993,10586,10587,10586,1,-1
2019-06-12 15:50:27.142,10586,10587,10587,1,1
2019-06-12 15:50:33.666,10586,10587,10586,1,-1
2019-06-12 15:50:39.656,10586,10587,10587,1,1
2019-06-12 15:50:42.002,10586,10587,10587,1,1
2019-06-12 15:50:48.185,10586,10587,10587,1,1
2019-06-12 15:50:53.825,10586,10587,10587,1,1
2019-06-12 15:50:58.310,10586,10587,10587,1,1
2019-06-12 15:51:02.115,10586,10587,10587,1,1
2019-06-12 15:51:03.642,10586,10587,10587,2,2
2019-06-12 15:51:03.714,10586,10587,10587,1,1
2019-06-12 15:51:03.714,10586,10587,10587,2,2
2019-06-12 15:51:03.949,10587,10588,10587,1,-1
2019-06-12 15:51:08.574,10587,10588,10588,1,1
2019-06-12 15:51:08.601,10587,10588,10588,1,1
2019-06-12 15:51:08.602,10587,10588,10588,1,1
2019-06-12 15:51:16.574,10587,10588,10588,11,11
2019-06-12 15:51:23.350,10588,10589,10588,3,-3
2019-06-12 15:51:28.413,10588,10589,10588,1,-1
2019-06-12 15:51:41.765,10587,10588,10588,3,3
2019-06-12 15:52:31.161,10587,10588,10587,1,-1
2019-06-12 15:52:37.380,10587,10588,10587,1,-1
2019-06-12 15:52:41.734,10587,10588,10588,2,2
2019-06-12 15:52:51.809,10587,10588,10588,1,1
2019-06-12 15:53:18.181,10587,10588,10587,3,-3
2019-06-12 15:53:29.673,10587,10588,10587,1,-1
2019-06-12 15:53:38.985,10587,10588,10587,1,-1
2019-06-12 15:53:42.095,10587,10588,10587,1,-1
2019-06-12 15:53:43.923,10587,10588,10587,1,-1
2019-06-12 15:53:43.924,10587,10588,10587,1,-1
2019-06-12 15:53:43.949,10587,10588,10587,1,-1
2019-06-12 15:53:43.949,10587,10588,10587,1,-1
2019-06-12 15:54:16.315,10586,10587,10587,1,1
2019-06-12 15:54:26.754,10587,10588,10587,1,-1
2019-06-12 15:54:34.588,10587,10588,10587,1,-1
2019-06-12 15:54:35.901,10587,10588,10587,1,-1
2019-06-12 15:54:45.166,10587,10588,10587,1,-1
2019-06-12 15:55:25.519,10586,10587,10586,1,-1
2019-06-12 15:55:29.262,10586,10587,10587,1,1
2019-06-12 15:55:38.627,10586,10587,10587,1,1
2019-06-12 15:55:59.351,10586,10587,10586,1,-1
2019-06-12 15:56:28.323,10586,10587,10586,1,-1
2019-06-12 15:56:28.334,10586,10587,10587,1,1
2019-06-12 15:56:30.508,10586,10587,10587,5,5
2019-06-12 15:57:06.408,10587,10588,10587,5,-5
2019-06-12 15:57:20.267,10587,10588,10587,1,-1
2019-06-12 15:57:22.263,10587,10588,10587,1,-1
2019-06-12 15:57:27.065,10587,10588,10587,1,-1
2019-06-12 15:57:29.037,10587,10588,10587,2,-2
2019-06-12 15:57:48.405,10587,10588,10587,1,-1
2019-06-12 15:57:48.427,10587,10588,10587,1,-1
2019-06-12 15:57:48.750,10587,10588,10586,1,-1
2019-06-12 15:58:09.239,10586,10587,10586,1,-1
2019-06-12 15:58:20.607,10586,10587,10586,1,-1
2019-06-12 15:59:12.511,10587,10588,10587,1,1
2019-06-12 15:59:13.975,10586,10587,10587,1,1
2019-06-12 15:59:33.531,10586,10587,10587,1,1
2019-06-12 15:59:34.839,10587,10588,10587,1,-1
2019-06-12 15:59:58.449,10586,10587,10586,2,-2
2019-06-12 16:00:30.979,10587,10588,10587,1,1
2019-06-12 16:00:31.253,10587,10588,10587,4,-4
2019-06-12 16:00:31.325,10587,10588,10587,4,-4
2019-06-12 16:00:56.868,10587,10588,10588,3,3
2019-06-12 16:00:56.868,10587,10588,10588,2,2
2019-06-12 16:00:56.869,10587,10588,10588,1,1
2019-06-12 16:00:56.869,10587,10588,10588,1,1
2019-06-12 16:00:56.869,10587,10588,10588,5,5
2019-06-12 16:00:56.869,10587,10588,10588,1,1
2019-06-12 16:00:56.869,10587,10588,10588,1,1
2019-06-12 16:00:56.869,10587,10588,10588,8,8
2019-06-12 16:01:07.077,10588,10589,10588,1,-1
2019-06-12 16:01:23.208,10588,10589,10589,4,4
2019-06-12 16:01:27.445,10588,10589,10589,1,1
2019-06-12 16:01:27.445,10588,10589,10589,2,2
2019-06-12 16:01:27.445,10588,10589,10589,3,3
2019-06-12 16:01:33.125,10589,10590,10590,4,4
2019-06-12 16:01:33.199,10589,10590,10590,9,9
2019-06-12 16:01:33.647,10590,10591,10591,1,1
2019-06-12 16:01:33.668,10590,10591,10591,1,1
2019-06-12 16:01:33.679,10590,10591,10591,2,2
2019-06-12 16:01:33.695,10590,10591,10591,1,1
2019-06-12 16:01:34.181,10590,10591,10591,2,2
2019-06-12 16:01:34.187,10590,10591,10591,10,10
2019-06-12 16:01:37.701,10591,10592,10592,15,15
2019-06-12 16:01:37.951,10591,10592,10592,11,11
2019-06-12 16:01:39.000,10592,10593,10593,4,4
2019-06-12 16:01:39.102,10592,10593,10593,5,5
2019-06-12 16:01:39.133,10592,10593,10593,1,1
2019-06-12 16:01:39.155,10592,10593,10593,1,1
2019-06-12 16:01:39.216,10592,10593,10593,1,1
2019-06-12 16:01:43.205,10592,10593,10592,1,-1
2019-06-12 16:01:45.183,10592,10593,10592,1,-1
2019-06-12 16:01:48.440,10592,10593,10593,5,5
2019-06-12 16:01:48.592,10592,10593,10592,1,-1
2019-06-12 16:01:57.238,10592,10593,10593,5,5
2019-06-12 16:02:02.274,10592,10593,10593,10,10
2019-06-12 16:02:02.467,10592,10593,10593,6,6
2019-06-12 16:02:03.949,10592,10593,10592,10,-10
2019-06-12 16:02:10.581,10591,10592,10591,1,-1
2019-06-12 16:02:11.214,10591,10592,10591,1,-1
2019-06-12 16:02:21.559,10590,10591,10591,1,1
2019-06-12 16:02:24.642,10590,10591,10591,1,1
2019-06-12 16:02:24.642,10590,10591,10592,1,1
2019-06-12 16:02:24.950,10590,10592,10592,2,2
2019-06-12 16:02:27.808,10591,10592,10592,1,1
2019-06-12 16:02:35.478,10591,10592,10591,1,-1
2019-06-12 16:02:44.792,10591,10592,10592,1,1
2019-06-12 16:02:48.349,10591,10592,10592,1,1
2019-06-12 16:03:00.829,10591,10592,10591,2,-2
2019-06-12 16:03:08.196,10591,10592,10592,1,1
2019-06-12 16:03:31.020,10591,10592,10591,1,-1
2019-06-12 16:03:31.288,10591,10592,10592,1,1
2019-06-12 16:03:49.683,10591,10592,10591,1,-1
2019-06-12 16:03:49.699,10591,10592,10591,1,-1
2019-06-12 16:03:49.699,10591,10592,10591,1,-1
2019-06-12 16:03:49.699,10591,10592,10591,6,-6
2019-06-12 16:04:07.653,10590,10591,10591,1,1
2019-06-12 16:04:39.309,10590,10591,10591,1,1
2019-06-12 16:04:50.351,10590,10591,10590,1,-1
2019-06-12 16:04:50.847,10590,10591,10590,1,-1
2019-06-12 16:05:01.687,10590,10591,10591,1,1
2019-06-12 16:05:01.823,10590,10591,10591,4,4
2019-06-12 16:05:01.942,10590,10591,10591,4,4
2019-06-12 16:05:02.296,10590,10591,10591,3,3
2019-06-12 16:05:11.770,10590,10591,10591,2,2
2019-06-12 16:05:12.665,10591,10592,10591,1,-1
2019-06-12 16:05:15.859,10591,10592,10592,3,3
2019-06-12 16:05:27.864,10591,10592,10592,8,8
2019-06-12 16:06:23.379,10591,10592,10592,1,1
2019-06-12 16:06:35.501,10591,10592,10592,1,1
2019-06-12 16:06:49.768,10591,10592,10592,1,1
2019-06-12 16:07:06.872,10591,10592,10592,2,2
2019-06-12 16:07:07.704,10591,10592,10592,1,1
2019-06-12 16:07:18.173,10591,10592,10592,3,3
2019-06-12 16:07:24.338,10591,10592,10591,1,-1
2019-06-12 16:07:25.057,10591,10592,10592,4,4
2019-06-12 16:07:30.468,10591,10592,10592,1,1
2019-06-12 16:07:30.574,10591,10592,10592,1,1
2019-06-12 16:07:30.574,10591,10592,10592,1,1
2019-06-12 16:07:30.699,10591,10592,10592,1,1
2019-06-12 16:07:35.715,10592,10593,10592,1,-1
2019-06-12 16:07:48.199,10592,10593,10592,2,-2
2019-06-12 16:07:52.699,10591,10592,10592,1,1
2019-06-12 16:07:54.477,10591,10592,10592,1,1
2019-06-12 16:07:55.812,10592,10593,10592,1,-1
2019-06-12 16:08:00.765,10592,10593,10592,1,-1
2019-06-12 16:08:38.281,10592,10593,10592,1,-1
2019-06-12 16:08:43.515,10592,10593,10592,1,-1
2019-06-12 16:08:44.126,10592,10593,10592,1,-1
2019-06-12 16:09:09.673,10591,10592,10591,2,-2
2019-06-12 16:09:12.760,10591,10592,10592,1,1
2019-06-12 16:09:36.197,10591,10592,10592,1,1
2019-06-12 16:09:42.980,10591,10592,10591,1,-1
2019-06-12 16:09:48.459,10591,10592,10591,1,-1
2019-06-12 16:09:53.432,10591,10592,10591,1,-1
2019-06-12 16:09:54.815,10591,10592,10591,1,-1
2019-06-12 16:09:54.824,10591,10592,10591,4,-4
2019-06-12 16:09:54.824,10591,10592,10591,1,-1
2019-06-12 16:09:54.949,10590,10591,10591,1,1
2019-06-12 16:10:08.074,10590,10591,10591,3,3
2019-06-12 16:10:14.218,10590,10591,10591,1,1
2019-06-12 16:10:22.005,10590,10591,10591,1,1
2019-06-12 16:10:36.088,10590,10591,10590,2,-2
2019-06-12 16:10:45.381,10590,10591,10590,2,-2
2019-06-12 16:10:46.878,10590,10591,10590,5,-5
2019-06-12 16:10:50.250,10590,10591,10590,1,-1
2019-06-12 16:10:52.729,10589,10591,10591,1,1
2019-06-12 16:10:58.574,10589,10590,10590,2,2
2019-06-12 16:11:09.360,10589,10590,10590,1,1
2019-06-12 16:11:20.758,10590,10591,10590,1,-1
2019-06-12 16:11:49.803,10590,10591,10590,1,-1
2019-06-12 16:12:21.967,10590,10591,10590,1,-1
2019-06-12 16:12:23.765,10590,10591,10590,1,-1
2019-06-12 16:12:36.158,10590,10591,10590,1,-1
2019-06-12 16:12:36.565,10590,10591,10590,1,-1
2019-06-12 16:12:43.858,10590,10591,10590,3,-3
2019-06-12 16:12:44.074,10589,10590,10590,1,1
2019-06-12 16:12:44.324,10589,10590,10590,1,1
2019-06-12 16:13:01.973,10589,10590,10590,1,1
2019-06-12 16:13:08.642,10589,10590,10590,1,1
2019-06-12 16:13:14.542,10589,10590,10590,1,1
2019-06-12 16:13:14.542,10589,10590,10590,1,1
2019-06-12 16:13:37.324,10590,10591,10590,1,-1
2019-06-12 16:13:37.449,10590,10591,10590,3,-3
2019-06-12 16:13:43.051,10589,10590,10590,1,1
2019-06-12 16:14:01.108,10589,10590,10589,2,-2
2019-06-12 16:14:28.906,10589,10590,10589,1,-1
2019-06-12 16:14:28.949,10589,10590,10589,1,-1
2019-06-12 16:14:32.629,10589,10590,10589,1,-1
2019-06-12 16:14:34.706,10589,10590,10589,10,-10
2019-06-12 16:14:34.776,10589,10590,10589,1,-1
2019-06-12 16:14:34.776,10589,10590,10589,2,-2
2019-06-12 16:14:58.511,10588,10589,10589,2,2
2019-06-12 16:15:14.834,10588,10589,10589,2,2
2019-06-12 16:15:17.345,10588,10589,10589,1,1
2019-06-12 16:15:23.414,10588,10589,10589,2,2
2019-06-12 16:16:28.399,10588,10589,10589,1,1
2019-06-12 16:16:28.989,10588,10589,10588,1,-1
2019-06-12 16:16:29.482,10588,10589,10589,1,1
2019-06-12 16:16:59.170,10588,10589,10588,4,-4
2019-06-12 16:16:59.170,10588,10589,10588,5,-5
2019-06-12 16:16:59.170,10588,10589,10588,3,-3
2019-06-12 16:16:59.170,10588,10589,10588,1,-1
2019-06-12 16:16:59.170,10588,10589,10588,1,-1
2019-06-12 16:16:59.170,10588,10589,10588,2,-2
2019-06-12 16:16:59.171,10588,10589,10588,1,-1
2019-06-12 16:17:09.623,10587,10588,10588,3,3
2019-06-12 16:17:37.802,10587,10588,10588,2,2
2019-06-12 16:17:42.356,10587,10588,10588,1,1
2019-06-12 16:18:03.337,10587,10588,10587,3,-3
2019-06-12 16:18:03.340,10587,10588,10587,1,-1
2019-06-12 16:18:03.559,10587,10588,10588,1,1
2019-06-12 16:18:08.704,10587,10588,10587,2,-2
2019-06-12 16:18:08.704,10587,10588,10587,2,-2
2019-06-12 16:18:10.916,10587,10588,10587,1,-1
2019-06-12 16:18:10.951,10587,10588,10587,16,-16
2019-06-12 16:18:27.805,10586,10587,10586,1,-1
2019-06-12 16:18:27.977,10586,10587,10587,1,1
2019-06-12 16:18:32.939,10586,10587,10587,1,1
2019-06-12 16:18:39.521,10586,10587,10586,4,-4
2019-06-12 16:18:42.865,10586,10587,10586,1,-1
2019-06-12 16:18:42.931,10586,10587,10586,1,-1
2019-06-12 16:18:51.371,10586,10587,10586,1,-1
2019-06-12 16:18:53.539,10586,10587,10586,4,-4
2019-06-12 16:19:07.373,10586,10587,10586,1,-1
2019-06-12 16:19:08.464,10586,10587,10586,6,-6
2019-06-12 16:19:14.343,10586,10587,10586,1,-1
2019-06-12 16:19:15.123,10586,10587,10586,1,-1
2019-06-12 16:19:19.393,10586,10587,10586,1,-1
2019-06-12 16:19:40.397,10586,10587,10586,1,-1
2019-06-12 16:19:43.259,10586,10587,10586,1,-1
2019-06-12 16:19:47.991,10586,10587,10586,1,-1
2019-06-12 16:19:52.071,10586,10587,10586,5,-5
2019-06-12 16:19:52.617,10586,10587,10586,3,-3
2019-06-12 16:19:55.170,10586,10587,10586,1,-1
2019-06-12 16:19:55.202,10586,10587,10586,2,-2
2019-06-12 16:20:03.327,10586,10587,10586,1,-1
2019-06-12 16:20:03.328,10586,10587,10586,1,-1
2019-06-12 16:20:06.245,10586,10587,10586,1,-1
2019-06-12 16:20:06.817,10586,10587,10586,1,-1
2019-06-12 16:20:11.189,10586,10587,10586,20,-20
2019-06-12 16:20:11.483,10586,10587,10586,2,-2
2019-06-12 16:20:17.151,10585,10586,10586,1,1
2019-06-12 16:20:26.129,10585,10586,10586,2,2
2019-06-12 16:20:29.903,10585,10586,10586,5,5
2019-06-12 16:20:30.074,10586,10587,10586,2,-2
2019-06-12 16:20:36.689,10585,10586,10586,2,2
2019-06-12 16:20:40.571,10585,10586,10586,1,1
2019-06-12 16:20:42.357,10585,10586,10586,1,1
2019-06-12 16:20:44.050,10585,10586,10586,1,1
2019-06-12 16:20:49.020,10585,10586,10586,3,3
2019-06-12 16:20:56.917,10586,10587,10586,1,-1
2019-06-12 16:20:57.324,10586,10587,10586,1,-1
2019-06-12 16:21:00.372,10585,10586,10586,1,1
2019-06-12 16:21:22.505,10585,10586,10586,2,2
2019-06-12 16:21:22.574,10585,10586,10586,3,3
2019-06-12 16:21:26.027,10586,10587,10586,1,-1
2019-06-12 16:21:34.540,10586,10587,10586,1,-1
2019-06-12 16:21:49.909,10586,10587,10586,1,-1
2019-06-12 16:21:50.335,10586,10587,10587,1,1
2019-06-12 16:22:34.724,10586,10587,10587,2,2
2019-06-12 16:22:35.644,10586,10587,10587,1,1
2019-06-12 16:23:13.709,10586,10587,10587,1,1
2019-06-12 16:23:22.593,10586,10587,10586,9,-9
2019-06-12 16:23:27.275,10586,10587,10587,15,15
2019-06-12 16:23:27.307,10586,10587,10587,1,1
2019-06-12 16:23:27.307,10586,10587,10587,3,3
2019-06-12 16:23:38.717,10587,10588,10587,1,-1
2019-06-12 16:23:38.785,10587,10588,10587,1,-1
2019-06-12 16:24:10.379,10586,10587,10586,9,-9
2019-06-12 16:24:11.493,10586,10587,10586,1,-1
2019-06-12 16:24:24.113,10586,10587,10586,1,-1
2019-06-12 16:24:25.979,10586,10587,10587,2,2
2019-06-12 16:24:26.548,10587,10588,10587,1,-1
2019-06-12 16:24:26.568,10587,10588,10587,1,-1
2019-06-12 16:24:26.582,10587,10588,10587,1,-1
2019-06-12 16:24:26.612,10587,10588,10587,1,-1
2019-06-12 16:24:26.627,10587,10588,10586,1,-1
2019-06-12 16:24:27.669,10587,10588,10587,1,1
2019-06-12 16:24:56.316,10587,10588,10587,1,-1
2019-06-12 16:25:09.549,10587,10588,10587,1,-1
2019-06-12 16:25:09.703,10587,10588,10587,4,-4
2019-06-12 16:25:09.778,10587,10588,10586,4,-4
2019-06-12 16:25:20.833,10586,10587,10587,1,1
2019-06-12 16:25:24.573,10587,10588,10587,1,-1
2019-06-12 16:25:53.975,10586,10587,10586,1,-1
2019-06-12 16:26:04.347,10586,10587,10586,2,-2
2019-06-12 16:26:07.965,10586,10587,10587,5,5
2019-06-12 16:26:09.913,10586,10587,10586,3,-3
2019-06-12 16:26:10.264,10586,10587,10587,6,6
2019-06-12 16:26:14.483,10587,10588,10587,1,-1
2019-06-12 16:26:20.617,10587,10588,10587,1,-1
2019-06-12 16:26:45.199,10586,10587,10587,3,3
2019-06-12 16:26:54.968,10587,10588,10587,5,-5
2019-06-12 16:26:59.651,10586,10587,10587,1,1
2019-06-12 16:27:14.222,10587,10588,10587,2,-2
2019-06-12 16:27:38.412,10586,10587,10587,6,6
2019-06-12 16:27:38.483,10587,10588,10587,1,-1
2019-06-12 16:27:41.917,10586,10587,10587,5,5
2019-06-12 16:27:49.481,10586,10587,10587,1,1
2019-06-12 16:27:53.552,10587,10588,10587,1,-1
2019-06-12 16:28:02.564,10587,10588,10587,1,-1
2019-06-12 16:28:08.221,10587,10588,10587,1,-1
2019-06-12 16:28:09.617,10587,10588,10587,1,-1
2019-06-12 16:28:10.622,10587,10588,10587,1,-1
2019-06-12 16:28:46.463,10587,10588,10587,7,-7
2019-06-12 16:28:50.490,10586,10587,10587,1,1
2019-06-12 16:29:02.115,10586,10587,10587,1,1
2019-06-12 16:29:03.693,10586,10587,10587,1,1
2019-06-12 16:29:04.175,10586,10587,10587,1,1
2019-06-12 16:29:08.837,10586,10587,10587,3,3
2019-06-12 16:29:17.091,10586,10587,10586,3,-3
2019-06-12 16:29:25.724,10586,10587,10586,1,-1
2019-06-12 16:29:42.769,10586,10587,10587,1,1
2019-06-12 16:29:45.151,10586,10587,10587,13,13
2019-06-12 16:29:45.154,10586,10587,10587,6,6
2019-06-12 16:29:45.157,10586,10587,10587,6,6
2019-06-12 16:30:00.035,10587,10588,10588,5,5
2019-06-12 16:30:00.559,10587,10588,10587,1,-1
2019-06-12 16:30:00.889,10587,10588,10588,1,1
2019-06-12 16:30:01.099,10587,10588,10588,1,1
2019-06-12 16:30:06.315,10587,10588,10587,1,-1
2019-06-12 16:30:08.049,10587,10588,10588,1,1
2019-06-12 16:30:09.525,10587,10588,10588,1,1
2019-06-12 16:30:10.420,10587,10588,10587,1,-1
2019-06-12 16:30:10.867,10587,10588,10587,1,-1
2019-06-12 16:30:13.167,10587,10588,10588,1,1
2019-06-12 16:30:16.737,10587,10588,10588,1,1
2019-06-12 16:30:19.981,10587,10588,10587,1,-1
2019-06-12 16:30:20.664,10587,10588,10587,1,-1
2019-06-12 16:30:24.418,10587,10588,10587,1,-1
2019-06-12 16:30:53.639,10587,10588,10587,1,-1
2019-06-12 16:30:55.889,10587,10588,10587,7,-7
2019-06-12 16:30:55.892,10587,10588,10587,3,-3
2019-06-12 16:30:55.949,10587,10588,10587,8,-8
2019-06-12 16:30:55.949,10587,10588,10587,1,-1
2019-06-12 16:30:56.483,10587,10588,10587,2,-2
2019-06-12 16:30:57.330,10586,10587,10586,1,-1
2019-06-12 16:30:59.209,10586,10587,10587,1,1
2019-06-12 16:31:07.175,10586,10587,10587,1,1
2019-06-12 16:31:45.859,10586,10587,10586,1,-1
2019-06-12 16:31:47.178,10586,10587,10587,2,2
2019-06-12 16:31:47.199,10587,10588,10587,1,-1
2019-06-12 16:32:17.927,10587,10588,10588,8,8
2019-06-12 16:32:17.928,10587,10588,10588,8,8
2019-06-12 16:32:17.928,10587,10588,10588,2,2
2019-06-12 16:32:17.929,10587,10588,10588,5,5
2019-06-12 16:32:17.931,10587,10588,10588,2,2
2019-06-12 16:32:17.932,10587,10588,10588,2,2
2019-06-12 16:32:17.949,10587,10588,10588,5,5
2019-06-12 16:32:40.373,10588,10589,10589,1,1
2019-06-12 16:32:40.746,10588,10589,10589,1,1
2019-06-12 16:32:58.151,10588,10589,10588,1,-1
2019-06-12 16:32:58.373,10588,10589,10588,1,-1
2019-06-12 16:33:00.927,10588,10589,10588,1,-1
2019-06-12 16:33:27.735,10588,10589,10589,2,2
2019-06-12 16:33:28.046,10588,10589,10589,1,1
2019-06-12 16:34:31.759,10588,10589,10589,3,3
2019-06-12 16:34:57.339,10588,10589,10589,1,1
2019-06-12 16:35:08.486,10588,10589,10588,8,-8
2019-06-12 16:35:08.574,10588,10589,10588,1,-1
2019-06-12 16:35:24.185,10587,10588,10587,1,-1
2019-06-12 16:35:26.551,10587,10588,10588,1,1
2019-06-12 16:35:26.551,10587,10588,10588,3,3
2019-06-12 16:35:26.552,10587,10588,10588,2,2
2019-06-12 16:35:56.398,10588,10589,10588,1,-1
2019-06-12 16:36:05.074,10588,10589,10588,1,-1
2019-06-12 16:36:09.212,10588,10589,10588,1,-1
2019-06-12 16:36:09.324,10588,10589,10588,1,-1
2019-06-12 16:36:17.483,10588,10589,10588,1,-1
2019-06-12 16:36:26.147,10587,10588,10588,1,1
2019-06-12 16:36:43.680,10587,10588,10588,1,1
2019-06-12 16:36:45.949,10587,10588,10588,1,1
2019-06-12 16:37:01.929,10588,10589,10588,1,-1
2019-06-12 16:37:45.705,10588,10589,10588,1,-1
2019-06-12 16:37:51.416,10588,10589,10588,8,-8
2019-06-12 16:38:03.488,10587,10588,10588,1,1
2019-06-12 16:39:34.263,10587,10588,10588,1,1
2019-06-12 16:39:45.567,10587,10588,10588,5,5
2019-06-12 16:39:45.574,10587,10588,10588,1,1
2019-06-12 16:39:45.616,10587,10588,10588,1,1
2019-06-12 16:40:15.744,10587,10588,10588,1,1
2019-06-12 16:40:35.234,10587,10588,10588,1,1
2019-06-12 16:40:35.324,10587,10588,10588,1,1
2019-06-12 16:40:37.448,10587,10588,10588,1,1
2019-06-12 16:40:37.449,10587,10588,10588,1,1
2019-06-12 16:40:37.450,10587,10588,10588,1,1
2019-06-12 16:40:49.065,10587,10588,10588,4,4
2019-06-12 16:41:58.209,10587,10588,10588,6,6
2019-06-12 16:42:06.690,10587,10588,10588,1,1
2019-06-12 16:42:06.690,10587,10588,10588,1,1
2019-06-12 16:42:06.699,10588,10589,10588,2,-2
2019-06-12 16:42:11.907,10587,10588,10588,1,1
2019-06-12 16:42:22.276,10588,10589,10588,1,-1
2019-06-12 16:43:03.844,10588,10589,10588,3,-3
2019-06-12 16:43:59.583,10588,10589,10589,1,1
2019-06-12 16:44:00.517,10588,10589,10589,1,1
2019-06-12 16:44:25.195,10588,10589,10589,1,1
2019-06-12 16:44:30.069,10588,10589,10589,1,1
2019-06-12 16:44:58.883,10588,10589,10589,3,3
2019-06-12 16:45:00.345,10588,10589,10589,1,1
2019-06-12 16:45:00.638,10588,10589,10588,1,-1
2019-06-12 16:45:00.703,10588,10589,10588,1,-1
2019-06-12 16:45:51.401,10588,10589,10588,1,-1
2019-06-12 16:46:06.021,10588,10589,10588,16,-16
2019-06-12 16:46:06.022,10588,10589,10588,5,-5
2019-06-12 16:46:27.876,10587,10588,10588,2,2
2019-06-12 16:46:44.556,10587,10588,10588,1,1
2019-06-12 16:47:23.504,10587,10588,10587,1,-1
2019-06-12 16:49:25.614,10587,10588,10587,1,-1
2019-06-12 16:49:45.869,10587,10588,10587,2,-2
2019-06-12 16:50:00.584,10587,10588,10587,1,-1
2019-06-12 16:50:14.077,10587,10588,10587,37,-37
2019-06-12 16:50:14.847,10586,10587,10586,1,-1
2019-06-12 16:50:15.123,10586,10587,10586,1,-1
2019-06-12 16:50:15.216,10586,10587,10586,1,-1
2019-06-12 16:50:15.252,10586,10587,10586,1,-1
2019-06-12 16:50:17.643,10586,10587,10586,5,-5
2019-06-12 16:50:25.360,10586,10587,10586,5,-5
2019-06-12 16:50:35.625,10586,10587,10586,3,-3
2019-06-12 16:50:53.872,10586,10587,10586,1,-1
2019-06-12 16:51:16.859,10586,10587,10586,1,-1
2019-06-12 16:51:16.859,10586,10587,10586,1,-1
2019-06-12 16:51:16.949,10586,10587,10586,1,-1
2019-06-12 16:51:16.949,10586,10587,10586,1,-1
2019-06-12 16:51:17.155,10586,10587,10586,1,-1
2019-06-12 16:51:18.295,10586,10587,10586,1,-1
2019-06-12 16:51:26.432,10586,10587,10586,2,-2
2019-06-12 16:51:31.518,10586,10587,10586,1,-1
2019-06-12 16:51:34.599,10586,10587,10586,9,-9
2019-06-12 16:51:34.599,10586,10587,10586,9,-9
2019-06-12 16:51:34.599,10586,10587,10586,1,-1
2019-06-12 16:51:34.672,10586,10587,10586,1,-1
2019-06-12 16:51:34.699,10586,10587,10586,2,-2
2019-06-12 16:51:34.699,10586,10587,10586,2,-2
2019-06-12 16:51:34.699,10586,10587,10586,3,-3
2019-06-12 16:51:50.467,10585,10586,10586,3,3
2019-06-12 16:51:50.699,10586,10587,10586,2,-2
2019-06-12 16:51:50.699,10586,10587,10586,5,-5
2019-06-12 16:52:11.096,10585,10586,10586,1,1
2019-06-12 16:52:14.904,10585,10586,10586,10,10
2019-06-12 16:52:19.821,10585,10586,10586,1,1
2019-06-12 16:52:20.762,10585,10586,10585,3,-3
2019-06-12 16:52:21.076,10585,10586,10585,3,-3
2019-06-12 16:52:25.085,10585,10586,10585,4,-4
2019-06-12 16:52:38.098,10585,10586,10586,3,3
2019-06-12 16:52:38.098,10585,10586,10586,1,1
2019-06-12 16:53:10.488,10586,10587,10586,5,-5
2019-06-12 16:53:11.839,10586,10587,10586,2,-2
2019-06-12 16:53:11.839,10586,10587,10586,3,-3
2019-06-12 16:53:18.971,10585,10586,10586,1,1
2019-06-12 16:53:47.832,10585,10586,10586,1,1
2019-06-12 16:54:05.787,10585,10586,10586,1,1
2019-06-12 16:54:22.429,10585,10586,10586,1,1
2019-06-12 16:54:24.700,10585,10586,10586,1,1
2019-06-12 16:54:28.641,10585,10586,10585,1,-1
2019-06-12 16:54:30.102,10585,10586,10585,5,-5
2019-06-12 16:54:51.680,10585,10586,10585,1,-1
2019-06-12 16:54:53.074,10585,10586,10586,8,8
2019-06-12 16:54:53.199,10585,10586,10586,1,1
2019-06-12 16:55:19.942,10585,10586,10586,1,1
2019-06-12 16:55:20.530,10585,10586,10586,1,1
2019-06-12 16:55:21.442,10585,10586,10586,1,1
2019-06-12 16:55:22.252,10585,10586,10586,1,1
2019-06-12 16:55:28.574,10585,10586,10586,1,1
2019-06-12 16:55:29.475,10585,10586,10586,1,1
2019-06-12 16:55:29.699,10586,10587,10586,2,-2
2019-06-12 16:56:25.623,10586,10587,10586,1,-1
2019-06-12 16:56:28.117,10586,10587,10586,1,-1
2019-06-12 16:57:06.523,10586,10587,10586,1,-1
2019-06-12 16:57:18.240,10586,10587,10586,7,-7
2019-06-12 16:57:48.186,10586,10587,10586,1,-1
2019-06-12 16:57:51.667,10586,10587,10586,1,-1
2019-06-12 16:57:59.468,10586,10587,10586,1,-1
2019-06-12 16:58:22.984,10586,10587,10586,1,-1
2019-06-12 16:58:39.113,10586,10587,10586,1,-1
2019-06-12 16:59:07.587,10586,10587,10586,1,-1
2019-06-12 16:59:24.365,10586,10587,10586,5,-5
2019-06-12 16:59:38.429,10585,10586,10586,1,1
2019-06-12 16:59:56.158,10585,10586,10585,1,-1
2019-06-12 17:00:04.316,10585,10586,10586,2,2
2019-06-12 17:00:04.767,10585,10586,10585,3,-3
2019-06-12 17:00:05.090,10585,10586,10585,1,-1
2019-06-12 17:00:05.138,10585,10586,10585,2,-2
2019-06-12 17:00:05.222,10585,10586,10585,1,-1
2019-06-12 17:00:05.313,10585,10586,10585,1,-1
2019-06-12 17:00:06.635,10585,10586,10585,1,-1
2019-06-12 17:00:09.132,10585,10586,10585,1,-1
2019-06-12 17:00:09.842,10585,10586,10585,1,-1
2019-06-12 17:00:23.533,10585,10586,10585,1,-1
2019-06-12 17:00:34.073,10585,10586,10585,1,-1
2019-06-12 17:00:54.150,10585,10586,10585,3,-3
2019-06-12 17:00:54.150,10585,10586,10585,6,-6
2019-06-12 17:00:54.150,10585,10586,10585,1,-1
2019-06-12 17:00:54.150,10585,10586,10585,1,-1
2019-06-12 17:00:54.150,10585,10586,10585,3,-3
2019-06-12 17:00:54.150,10585,10586,10585,5,-5
2019-06-12 17:00:54.150,10585,10586,10585,3,-3
2019-06-12 17:00:54.150,10585,10586,10585,1,-1
2019-06-12 17:00:54.150,10585,10586,10585,1,-1
2019-06-12 17:00:54.150,10585,10586,10585,1,-1
2019-06-12 17:00:54.151,10585,10586,10585,3,-3
2019-06-12 17:00:54.151,10585,10586,10585,3,-3
2019-06-12 17:00:54.151,10585,10586,10585,1,-1
2019-06-12 17:00:54.151,10585,10586,10585,3,-3
2019-06-12 17:00:54.151,10585,10586,10585,3,-3
2019-06-12 17:00:54.151,10585,10586,10585,3,-3
2019-06-12 17:00:54.154,10585,10586,10585,2,-2
2019-06-12 17:00:54.154,10585,10586,10585,1,-1
2019-06-12 17:00:54.162,10585,10586,10585,2,-2
2019-06-12 17:00:54.164,10585,10586,10585,23,-23
2019-06-12 17:00:54.333,10584,10585,10584,3,-3
2019-06-12 17:00:54.334,10584,10585,10584,1,-1
2019-06-12 17:00:54.616,10584,10585,10585,1,1
2019-06-12 17:00:54.890,10584,10585,10584,1,-1
2019-06-12 17:01:08.955,10584,10585,10584,1,-1
2019-06-12 17:01:17.175,10584,10585,10584,20,-20
2019-06-12 17:01:18.111,10583,10585,10583,1,-1
2019-06-12 17:01:19.028,10583,10585,10583,1,-1
2019-06-12 17:01:20.481,10583,10584,10583,9,-9
2019-06-12 17:01:27.832,10583,10584,10583,1,-1
2019-06-12 17:01:27.859,10583,10584,10583,3,-3
2019-06-12 17:01:27.870,10583,10584,10583,1,-1
2019-06-12 17:01:27.877,10583,10584,10583,3,-3
2019-06-12 17:01:27.889,10583,10584,10583,2,-2
2019-06-12 17:01:33.389,10583,10584,10583,1,-1
2019-06-12 17:01:33.782,10583,10584,10583,1,-1
2019-06-12 17:01:36.090,10583,10584,10583,1,-1
2019-06-12 17:01:39.906,10583,10584,10584,1,1
2019-06-12 17:01:43.090,10583,10584,10583,1,-1
2019-06-12 17:01:48.980,10583,10584,10583,3,-3
2019-06-12 17:02:09.888,10583,10584,10583,2,-2
2019-06-12 17:02:11.859,10583,10584,10583,2,-2
2019-06-12 17:02:15.686,10583,10584,10583,1,-1
2019-06-12 17:02:17.160,10583,10584,10583,1,-1
2019-06-12 17:02:17.430,10583,10584,10583,1,-1
2019-06-12 17:02:19.593,10583,10584,10583,1,-1
2019-06-12 17:02:20.440,10583,10584,10583,2,-2
2019-06-12 17:02:29.040,10583,10584,10583,2,-2
2019-06-12 17:02:53.376,10583,10584,10583,2,-2
2019-06-12 17:02:56.274,10583,10584,10583,1,-1
2019-06-12 17:03:08.546,10583,10584,10584,3,3
2019-06-12 17:03:08.557,10583,10584,10583,2,-2
2019-06-12 17:03:09.555,10583,10584,10584,1,1
2019-06-12 17:03:10.985,10583,10584,10583,10,-10
2019-06-12 17:03:21.184,10582,10583,10583,1,1
2019-06-12 17:03:22.695,10582,10583,10582,2,-2
2019-06-12 17:03:22.730,10582,10583,10583,1,1
2019-06-12 17:03:22.828,10582,10583,10582,3,-3
2019-06-12 17:03:22.834,10582,10583,10582,1,-1
2019-06-12 17:03:22.846,10582,10583,10582,2,-2
2019-06-12 17:03:39.334,10582,10583,10582,3,-3
2019-06-12 17:03:44.269,10582,10583,10582,1,-1
2019-06-12 17:03:51.231,10582,10583,10583,4,4
2019-06-12 17:03:51.231,10582,10583,10583,2,2
2019-06-12 17:04:13.658,10583,10584,10584,5,5
2019-06-12 17:04:13.659,10583,10584,10584,2,2
2019-06-12 17:04:13.663,10583,10584,10584,1,1
2019-06-12 17:04:13.830,10584,10585,10584,3,-3
2019-06-12 17:04:13.830,10584,10585,10584,3,-3
2019-06-12 17:04:16.693,10584,10585,10584,1,-1
2019-06-12 17:04:17.814,10584,10585,10584,1,-1
2019-06-12 17:04:18.633,10583,10585,10584,1,-1
2019-06-12 17:05:00.438,10584,10585,10584,1,-1
2019-06-12 17:05:07.950,10584,10585,10584,1,-1
2019-06-12 17:05:07.954,10584,10585,10584,1,-1
2019-06-12 17:05:08.030,10584,10585,10584,9,-9
2019-06-12 17:05:08.031,10584,10585,10584,5,-5
2019-06-12 17:05:08.076,10583,10584,10583,2,-2
2019-06-12 17:05:18.025,10583,10584,10584,1,1
2019-06-12 17:05:18.199,10584,10585,10584,1,-1
2019-06-12 17:05:33.877,10584,10585,10584,1,-1
2019-06-12 17:06:40.232,10584,10585,10584,1,-1
2019-06-12 17:06:40.449,10584,10585,10584,1,-1
2019-06-12 17:06:59.134,10584,10585,10584,1,-1
2019-06-12 17:07:01.827,10584,10585,10584,1,-1
2019-06-12 17:07:20.777,10584,10585,10585,1,1
2019-06-12 17:07:24.561,10584,10585,10585,1,1
2019-06-12 17:07:36.372,10584,10585,10585,1,1
2019-06-12 17:07:39.262,10584,10585,10585,1,1
2019-06-12 17:07:44.821,10584,10585,10585,1,1
2019-06-12 17:07:46.532,10584,10585,10585,1,1
2019-06-12 17:07:58.117,10584,10585,10585,4,4
2019-06-12 17:08:03.641,10584,10585,10585,1,1
2019-06-12 17:08:10.271,10584,10585,10585,1,1
2019-06-12 17:08:21.517,10584,10585,10585,1,1
2019-06-12 17:08:22.394,10584,10585,10585,5,5
2019-06-12 17:08:22.482,10585,10586,10585,1,-1
2019-06-12 17:08:30.532,10585,10586,10585,1,-1
2019-06-12 17:08:35.655,10585,10586,10586,1,1
2019-06-12 17:08:45.883,10585,10586,10585,6,-6
2019-06-12 17:08:45.982,10585,10586,10585,1,-1
2019-06-12 17:09:07.966,10585,10586,10585,1,-1
2019-06-12 17:09:08.040,10585,10586,10585,1,-1
2019-06-12 17:09:08.056,10585,10586,10585,1,-1
2019-06-12 17:09:08.656,10584,10585,10585,1,1
2019-06-12 17:09:23.623,10585,10586,10585,1,-1
2019-06-12 17:09:24.122,10585,10586,10585,1,-1
2019-06-12 17:09:25.937,10585,10586,10585,1,-1
2019-06-12 17:09:53.738,10585,10586,10585,1,-1
2019-06-12 17:09:57.699,10584,10585,10585,2,2
2019-06-12 17:09:57.983,10585,10586,10585,1,-1
2019-06-12 17:09:58.073,10585,10586,10586,5,5
2019-06-12 17:10:09.310,10585,10586,10585,1,-1
2019-06-12 17:10:24.187,10585,10586,10586,1,1
2019-06-12 17:10:34.167,10585,10586,10586,1,1
2019-06-12 17:10:37.920,10585,10586,10586,10,10
2019-06-12 17:10:37.920,10585,10586,10586,1,1
2019-06-12 17:10:37.921,10585,10586,10586,2,2
2019-06-12 17:10:37.921,10585,10586,10586,4,4
2019-06-12 17:10:42.618,10586,10587,10586,2,-2
2019-06-12 17:10:59.784,10585,10586,10586,1,1
2019-06-12 17:11:01.291,10585,10586,10586,1,1
2019-06-12 17:11:20.927,10585,10586,10585,1,-1
2019-06-12 17:11:27.164,10585,10586,10586,2,2
2019-06-12 17:11:38.101,10585,10586,10585,1,-1
2019-06-12 17:11:42.577,10585,10586,10586,2,2
2019-06-12 17:12:13.093,10586,10587,10587,5,5
2019-06-12 17:12:13.226,10586,10587,10587,2,2
2019-06-12 17:12:13.395,10586,10587,10586,4,-4
2019-06-12 17:12:16.314,10586,10587,10587,5,5
2019-06-12 17:12:25.493,10586,10587,10587,5,5
2019-06-12 17:12:32.672,10586,10587,10587,3,3
2019-06-12 17:12:54.794,10586,10587,10587,5,5
2019-06-12 17:12:55.568,10586,10587,10587,1,1
2019-06-12 17:12:57.161,10586,10587,10587,1,1
2019-06-12 17:12:58.633,10586,10587,10587,1,1
2019-06-12 17:13:03.978,10586,10587,10587,1,1
2019-06-12 17:13:14.858,10586,10587,10587,1,1
2019-06-12 17:13:16.446,10586,10588,10588,5,5
2019-06-12 17:13:16.883,10586,10588,10588,1,1
2019-06-12 17:13:17.198,10586,10588,10588,5,5
2019-06-12 17:13:18.996,10586,10588,10588,5,5
2019-06-12 17:13:19.236,10586,10588,10588,5,5
2019-06-12 17:13:39.285,10587,10588,10587,1,-1
2019-06-12 17:13:41.073,10586,10587,10587,1,1
2019-06-12 17:13:44.954,10587,10588,10587,2,-2
2019-06-12 17:14:04.786,10587,10588,10587,1,-1
2019-06-12 17:14:05.555,10586,10587,10587,1,1
2019-06-12 17:15:11.393,10587,10588,10587,5,-5
2019-06-12 17:15:11.449,10586,10587,10587,1,1
2019-06-12 17:15:35.204,10586,10587,10587,1,1
2019-06-12 17:15:46.004,10586,10587,10586,1,-1
2019-06-12 17:16:43.225,10586,10587,10586,1,-1
2019-06-12 17:16:47.476,10586,10587,10586,5,-5
2019-06-12 17:16:52.537,10585,10586,10585,1,-1
2019-06-12 17:16:56.691,10585,10586,10585,1,-1
2019-06-12 17:17:03.881,10585,10586,10585,1,-1
2019-06-12 17:17:27.120,10585,10586,10585,1,-1
2019-06-12 17:17:48.759,10585,10586,10585,1,-1
2019-06-12 17:18:26.405,10585,10586,10586,2,2
2019-06-12 17:19:04.245,10585,10586,10586,1,1
2019-06-12 17:19:29.962,10585,10586,10585,1,-1
2019-06-12 17:20:26.664,10585,10586,10586,3,3
2019-06-12 17:20:27.370,10585,10586,10585,2,-2
2019-06-12 17:21:06.211,10585,10586,10585,1,-1
2019-06-12 17:21:26.590,10585,10586,10586,1,1
2019-06-12 17:21:34.642,10585,10586,10585,1,-1
2019-06-12 17:21:50.526,10585,10586,10586,1,1
2019-06-12 17:21:51.141,10585,10586,10586,1,1
2019-06-12 17:21:51.141,10585,10586,10586,3,3
2019-06-12 17:21:51.141,10585,10586,10586,1,1
2019-06-12 17:21:52.872,10586,10587,10586,2,-2
2019-06-12 17:22:03.413,10585,10587,10586,1,-1
2019-06-12 17:22:03.413,10585,10587,10586,1,-1
2019-06-12 17:22:11.640,10585,10586,10586,1,1
2019-06-12 17:22:24.574,10586,10587,10586,2,-2
2019-06-12 17:22:31.030,10585,10586,10586,4,4
2019-06-12 17:22:35.170,10585,10586,10586,1,1
2019-06-12 17:22:37.762,10585,10586,10586,1,1
2019-06-12 17:22:55.166,10585,10586,10586,2,2
2019-06-12 17:23:20.743,10585,10586,10586,1,1
2019-06-12 17:23:49.718,10585,10586,10585,1,-1
2019-06-12 17:23:49.718,10585,10586,10585,1,-1
2019-06-12 17:23:49.758,10585,10586,10585,1,-1
2019-06-12 17:23:49.824,10585,10586,10585,5,-5
2019-06-12 17:23:49.824,10585,10586,10585,5,-5
2019-06-12 17:23:54.309,10584,10585,10585,1,1
2019-06-12 17:24:04.233,10585,10586,10585,1,-1
2019-06-12 17:24:05.102,10584,10585,10585,1,1
2019-06-12 17:24:54.052,10584,10585,10585,4,4
2019-06-12 17:25:01.984,10584,10585,10585,1,1
2019-06-12 17:25:07.875,10584,10585,10585,8,8
2019-06-12 17:25:07.909,10584,10585,10585,1,1
2019-06-12 17:25:12.433,10585,10586,10585,1,-1
2019-06-12 17:25:26.949,10584,10585,10585,1,1
2019-06-12 17:25:26.949,10584,10585,10585,1,1
2019-06-12 17:25:36.678,10585,10586,10586,1,1
2019-06-12 17:25:36.684,10585,10586,10586,1,1
2019-06-12 17:25:36.699,10585,10586,10586,1,1
2019-06-12 17:25:36.699,10585,10586,10586,1,1
2019-06-12 17:25:42.332,10586,10587,10586,1,-1
2019-06-12 17:26:21.129,10585,10586,10585,1,-1
2019-06-12 17:27:37.086,10585,10587,10585,1,-1
2019-06-12 17:28:10.664,10586,10587,10586,1,1
2019-06-12 17:28:27.707,10586,10587,10587,1,1
2019-06-12 17:28:27.708,10586,10587,10587,1,1
2019-06-12 17:28:27.828,10586,10587,10587,1,1
2019-06-12 17:28:27.977,10586,10587,10587,1,1
2019-06-12 17:28:28.067,10586,10587,10587,1,1
2019-06-12 17:28:28.074,10586,10587,10587,5,5
2019-06-12 17:28:28.199,10587,10588,10587,2,-2
2019-06-12 17:28:35.829,10586,10588,10586,2,-2
2019-06-12 17:29:01.182,10586,10587,10586,2,-2
2019-06-12 17:29:16.539,10586,10587,10586,1,-1
2019-06-12 17:29:23.735,10586,10587,10587,1,1
2019-06-12 17:30:00.201,10586,10587,10586,2,-2
2019-06-12 17:30:01.196,10586,10587,10587,2,2
2019-06-12 17:31:08.621,10586,10587,10587,1,1
2019-06-12 17:31:14.587,10586,10587,10586,1,-1
2019-06-12 17:31:14.688,10586,10587,10586,1,-1
2019-06-12 17:31:21.881,10586,10587,10586,1,-1
2019-06-12 17:31:29.974,10586,10587,10586,2,-2
2019-06-12 17:32:22.738,10586,10587,10586,2,-2
2019-06-12 17:32:48.800,10586,10587,10587,8,8
2019-06-12 17:32:48.824,10586,10587,10587,3,3
2019-06-12 17:32:48.824,10586,10587,10587,2,2
2019-06-12 17:32:48.824,10586,10587,10587,3,3
2019-06-12 17:32:48.824,10586,10587,10587,3,3
2019-06-12 17:33:05.797,10587,10588,10588,1,1
2019-06-12 17:33:13.630,10587,10588,10587,3,-3
2019-06-12 17:33:29.430,10587,10588,10587,1,-1
2019-06-12 17:33:57.322,10586,10587,10586,2,-2
2019-06-12 17:34:09.403,10586,10587,10586,1,-1
2019-06-12 17:34:44.177,10586,10587,10586,1,-1
2019-06-12 17:34:51.692,10586,10587,10586,2,-2
2019-06-12 17:35:11.383,10586,10587,10586,9,-9
2019-06-12 17:35:11.383,10586,10587,10585,21,-21
2019-06-12 17:35:11.525,10585,10586,10585,1,-1
2019-06-12 17:35:11.544,10585,10586,10585,1,-1
2019-06-12 17:35:12.137,10585,10586,10586,1,1
2019-06-12 17:35:13.880,10585,10586,10585,8,-8
2019-06-12 17:35:13.880,10585,10586,10584,22,-22
2019-06-12 17:35:14.087,10584,10585,10584,1,-1
2019-06-12 17:35:14.418,10584,10585,10585,1,1
2019-06-12 17:35:14.794,10584,10585,10585,1,1
2019-06-12 17:35:16.035,10584,10585,10585,1,1
2019-06-12 17:35:27.858,10585,10586,10585,1,-1
2019-06-12 17:35:38.226,10585,10586,10585,1,-1
2019-06-12 17:35:44.613,10584,10585,10584,1,-1
2019-06-12 17:35:50.878,10584,10585,10584,1,-1
2019-06-12 17:35:56.906,10584,10585,10585,1,1
2019-06-12 17:35:56.906,10584,10585,10586,1,1
2019-06-12 17:35:58.568,10585,10586,10585,1,-1
2019-06-12 17:36:25.426,10585,10586,10586,2,2
2019-06-12 17:36:25.449,10586,10587,10586,1,-1
2019-06-12 17:36:33.929,10586,10587,10586,1,-1
2019-06-12 17:36:34.481,10586,10587,10586,1,-1
2019-06-12 17:36:51.040,10586,10587,10586,1,-1
2019-06-12 17:37:29.415,10585,10586,10586,1,1
2019-06-12 17:38:00.650,10585,10586,10586,1,1
2019-06-12 17:38:05.090,10585,10586,10586,1,1
2019-06-12 17:38:20.824,10585,10586,10585,19,-19
2019-06-12 17:38:20.949,10585,10586,10585,11,-11
2019-06-12 17:38:20.949,10585,10586,10585,1,-1
2019-06-12 17:38:20.949,10585,10586,10585,3,-3
2019-06-12 17:38:20.949,10585,10586,10585,5,-5
2019-06-12 17:38:46.133,10584,10585,10585,1,1
2019-06-12 17:39:02.817,10584,10585,10584,9,-9
2019-06-12 17:39:02.824,10583,10585,10584,1,-1
2019-06-12 17:39:45.373,10584,10585,10584,1,-1
2019-06-12 17:40:05.949,10583,10584,10583,1,-1
2019-06-12 17:40:05.951,10583,10584,10583,22,-22
2019-06-12 17:40:06.874,10582,10583,10582,4,-4
2019-06-12 17:40:06.975,10582,10583,10582,1,-1
2019-06-12 17:40:07.083,10582,10583,10582,2,-2
2019-06-12 17:40:07.098,10582,10583,10582,2,-2
2019-06-12 17:40:07.165,10582,10583,10582,2,-2
2019-06-12 17:40:07.174,10582,10583,10582,2,-2
2019-06-12 17:40:07.214,10582,10583,10582,2,-2
2019-06-12 17:40:07.227,10582,10583,10582,2,-2
2019-06-12 17:40:07.232,10582,10583,10582,2,-2
2019-06-12 17:40:07.232,10582,10583,10582,2,-2
2019-06-12 17:40:07.236,10582,10583,10582,2,-2
2019-06-12 17:40:07.247,10582,10583,10582,2,-2
2019-06-12 17:40:07.252,10582,10583,10582,4,-4
2019-06-12 17:40:07.301,10582,10583,10582,2,-2
2019-06-12 17:40:07.309,10582,10583,10582,2,-2
2019-06-12 17:40:07.324,10582,10583,10582,1,-1
2019-06-12 17:40:07.331,10582,10583,10582,4,-4
2019-06-12 17:40:07.361,10582,10583,10582,1,-1
2019-06-12 17:40:07.365,10582,10583,10582,2,-2
2019-06-12 17:40:07.373,10582,10583,10582,3,-3
2019-06-12 17:40:07.373,10582,10583,10581,1,-1
2019-06-12 17:40:07.402,10582,10583,10581,1,-1
2019-06-12 17:40:07.423,10582,10583,10581,2,-2
2019-06-12 17:40:07.426,10582,10583,10581,2,-2
2019-06-12 17:40:07.432,10582,10583,10581,2,-2
2019-06-12 17:40:07.433,10582,10583,10581,1,-1
2019-06-12 17:40:07.501,10581,10583,10581,2,-2
2019-06-12 17:40:07.514,10581,10583,10581,1,-1
2019-06-12 17:40:07.528,10581,10583,10581,2,-2
2019-06-12 17:40:07.549,10581,10583,10581,2,-2
2019-06-12 17:40:07.551,10581,10583,10581,1,-1
2019-06-12 17:40:07.553,10581,10583,10581,1,-1
2019-06-12 17:40:07.553,10581,10583,10581,2,-2
2019-06-12 17:40:07.558,10581,10583,10581,3,-3
2019-06-12 17:40:07.583,10581,10582,10581,1,-1
2019-06-12 17:40:07.651,10581,10582,10581,3,-3
2019-06-12 17:40:07.670,10581,10582,10581,2,-2
2019-06-12 17:40:07.759,10581,10582,10581,1,-1
2019-06-12 17:40:07.807,10581,10582,10581,1,-1
2019-06-12 17:40:07.956,10581,10582,10581,1,-1
2019-06-12 17:40:07.984,10581,10582,10581,1,-1
2019-06-12 17:40:08.012,10581,10582,10581,1,-1
2019-06-12 17:40:08.021,10581,10582,10581,1,-1
2019-06-12 17:40:08.027,10581,10582,10581,1,-1
2019-06-12 17:40:08.047,10581,10582,10581,3,-3
2019-06-12 17:40:08.051,10581,10582,10581,1,-1
2019-06-12 17:40:08.264,10581,10582,10581,1,-1
2019-06-12 17:40:08.541,10581,10582,10581,6,-6
2019-06-12 17:40:08.560,10581,10582,10581,2,-2
2019-06-12 17:40:08.996,10581,10582,10581,6,-6
2019-06-12 17:40:09.074,10581,10582,10581,1,-1
2019-06-12 17:40:09.074,10581,10582,10581,3,-3
2019-06-12 17:40:09.074,10581,10582,10581,4,-4
2019-06-12 17:40:09.252,10580,10582,10580,4,-4
2019-06-12 17:40:09.263,10580,10582,10580,1,-1
2019-06-12 17:40:09.394,10580,10582,10580,4,-4
2019-06-12 17:40:09.450,10580,10581,10581,3,3
2019-06-12 17:40:09.453,10580,10581,10580,1,-1
2019-06-12 17:40:12.718,10581,10582,10581,1,1
2019-06-12 17:40:20.707,10581,10582,10582,1,1
2019-06-12 17:40:20.708,10581,10582,10582,3,3
2019-06-12 17:40:20.708,10581,10582,10582,2,2
2019-06-12 17:40:20.826,10582,10583,10582,1,-1
2019-06-12 17:40:42.709,10581,10582,10582,1,1
2019-06-12 17:40:48.890,10581,10582,10582,1,1
2019-06-12 17:40:52.909,10581,10582,10582,3,3
2019-06-12 17:40:59.547,10582,10583,10582,7,-7
2019-06-12 17:41:02.354,10582,10583,10582,1,-1
2019-06-12 17:41:05.316,10581,10583,10582,4,-4
2019-06-12 17:41:06.911,10582,10583,10582,4,-4
2019-06-12 17:41:37.111,10582,10583,10582,1,-1
2019-06-12 17:41:40.818,10582,10583,10582,2,-2
2019-06-12 17:42:14.259,10582,10583,10582,1,-1
2019-06-12 17:42:25.107,10582,10583,10582,2,-2
2019-06-12 17:42:38.217,10582,10583,10583,1,1
2019-06-12 17:42:38.220,10582,10583,10583,6,6
2019-06-12 17:42:38.266,10582,10583,10583,1,1
2019-06-12 17:42:38.478,10582,10583,10583,1,1
2019-06-12 17:42:40.481,10583,10584,10583,1,-1
2019-06-12 17:42:48.355,10582,10583,10582,5,-5
2019-06-12 17:42:55.763,10582,10583,10582,1,-1
2019-06-12 17:43:00.151,10582,10583,10582,4,-4
2019-06-12 17:43:00.151,10582,10583,10582,2,-2
2019-06-12 17:43:02.175,10581,10582,10582,1,1
2019-06-12 17:43:03.323,10581,10582,10582,2,2
2019-06-12 17:43:13.607,10581,10582,10582,1,1
2019-06-12 17:43:24.563,10581,10582,10582,2,2
2019-06-12 17:43:25.308,10581,10582,10582,1,1
2019-06-12 17:43:28.322,10581,10582,10582,1,1
2019-06-12 17:44:00.023,10581,10582,10582,1,1
2019-06-12 17:44:16.568,10581,10582,10582,1,1
2019-06-12 17:44:22.522,10581,10583,10581,1,-1
2019-06-12 17:44:35.433,10581,10582,10581,1,-1
2019-06-12 17:44:37.789,10581,10582,10581,1,-1
2019-06-12 17:44:45.603,10581,10582,10581,1,-1
2019-06-12 17:44:48.210,10581,10582,10581,6,-6
2019-06-12 17:44:48.324,10581,10582,10581,1,-1
2019-06-12 17:44:48.449,10581,10582,10581,1,-1
2019-06-12 17:44:52.386,10581,10582,10581,5,-5
2019-06-12 17:44:53.110,10581,10582,10581,2,-2
2019-06-12 17:44:53.837,10580,10581,10581,1,1
2019-06-12 17:44:53.932,10580,10581,10581,1,1
2019-06-12 17:44:56.693,10581,10582,10581,1,-1
2019-06-12 17:44:59.695,10581,10582,10581,2,-2
2019-06-12 17:45:03.649,10581,10582,10582,1,1
2019-06-12 17:45:04.044,10581,10582,10581,2,-2
2019-06-12 17:45:05.004,10581,10582,10581,1,-1
2019-06-12 17:45:07.163,10580,10582,10580,1,-1
2019-06-12 17:45:07.319,10580,10582,10580,8,-8
2019-06-12 17:45:07.326,10580,10582,10580,24,-24
2019-06-12 17:45:12.668,10580,10581,10581,4,4
2019-06-12 17:45:27.864,10580,10581,10581,1,1
2019-06-12 17:45:28.081,10580,10581,10581,1,1
2019-06-12 17:45:29.753,10580,10581,10580,1,-1
2019-06-12 17:45:32.528,10580,10581,10580,1,-1
2019-06-12 17:45:35.794,10580,10581,10580,1,-1
2019-06-12 17:45:43.229,10580,10581,10580,1,-1
2019-06-12 17:45:50.039,10580,10581,10580,1,-1
2019-06-12 17:45:51.660,10580,10581,10581,1,1
2019-06-12 17:45:58.016,10580,10581,10581,2,2
2019-06-12 17:45:58.051,10580,10581,10581,6,6
2019-06-12 17:45:58.051,10580,10581,10581,2,2
2019-06-12 17:45:58.051,10580,10581,10581,5,5
2019-06-12 17:46:05.376,10581,10582,10581,3,-3
2019-06-12 17:46:08.488,10581,10582,10582,10,10
2019-06-12 17:46:16.728,10581,10582,10582,1,1
2019-06-12 17:46:18.547,10581,10582,10581,3,-3
2019-06-12 17:46:21.340,10581,10582,10581,9,-9
2019-06-12 17:46:26.050,10580,10581,10581,1,1
2019-06-12 17:46:29.289,10580,10581,10581,1,1
2019-06-12 17:46:29.740,10580,10581,10581,1,1
2019-06-12 17:46:30.447,10580,10581,10581,1,1
2019-06-12 17:46:31.322,10580,10581,10581,1,1
2019-06-12 17:46:36.461,10580,10581,10581,2,2
2019-06-12 17:46:39.408,10581,10582,10581,1,-1
2019-06-12 17:46:49.608,10581,10582,10581,1,-1
2019-06-12 17:47:39.500,10581,10582,10581,1,-1
2019-06-12 17:47:43.711,10581,10582,10581,1,-1
2019-06-12 17:48:11.110,10581,10582,10582,2,2
2019-06-12 17:48:11.777,10581,10582,10581,1,-1
2019-06-12 17:48:12.231,10581,10582,10581,6,-6
2019-06-12 17:48:19.102,10581,10582,10581,2,-2
2019-06-12 17:48:28.344,10581,10582,10582,1,1
2019-06-12 17:48:28.449,10581,10582,10582,1,1
2019-06-12 17:48:30.468,10581,10582,10582,1,1
2019-06-12 17:48:34.139,10581,10582,10582,1,1
2019-06-12 17:48:34.324,10582,10583,10582,1,-1
2019-06-12 17:48:52.969,10582,10583,10582,4,-4
2019-06-12 17:48:56.158,10581,10582,10582,1,1
2019-06-12 17:48:59.760,10581,10582,10582,1,1
2019-06-12 17:49:00.509,10582,10583,10582,1,-1
2019-06-12 17:49:00.574,10582,10583,10582,1,-1
2019-06-12 17:49:00.824,10582,10583,10582,1,-1
2019-06-12 17:49:02.275,10582,10583,10583,1,1
2019-06-12 17:49:02.887,10582,10583,10583,1,1
2019-06-12 17:49:15.943,10582,10583,10582,2,-2
2019-06-12 17:49:18.879,10581,10582,10582,1,1
2019-06-12 17:49:31.875,10581,10582,10582,1,1
2019-06-12 17:49:35.905,10582,10583,10583,1,1
2019-06-12 17:49:40.766,10582,10583,10583,1,1
2019-06-12 17:49:59.391,10582,10583,10582,1,-1
2019-06-12 17:50:24.725,10582,10583,10582,1,-1
2019-06-12 17:50:25.386,10582,10583,10583,1,1
2019-06-12 17:50:25.409,10582,10583,10583,1,1
2019-06-12 17:50:47.367,10582,10583,10582,5,-5
2019-06-12 17:50:58.748,10582,10583,10582,5,-5
2019-06-12 17:51:29.074,10582,10583,10582,2,-2
2019-06-12 17:51:29.199,10582,10583,10582,2,-2
2019-06-12 17:51:34.320,10581,10582,10582,1,1
2019-06-12 17:51:34.970,10581,10583,10583,1,1
2019-06-12 17:51:40.199,10581,10582,10581,1,-1
2019-06-12 17:51:52.775,10581,10582,10581,1,-1
2019-06-12 17:52:08.351,10581,10582,10582,1,1
2019-06-12 17:52:58.303,10581,10582,10582,2,2
2019-06-12 17:53:09.848,10581,10582,10581,1,-1
2019-06-12 17:53:09.872,10581,10582,10581,1,-1
2019-06-12 17:53:09.949,10581,10582,10581,2,-2
2019-06-12 17:53:09.949,10581,10582,10581,1,-1
2019-06-12 17:53:09.949,10581,10582,10581,1,-1
2019-06-12 17:53:10.076,10581,10582,10581,14,-14
2019-06-12 17:53:10.458,10580,10581,10581,1,1
2019-06-12 17:53:38.164,10580,10581,10581,1,1
2019-06-12 17:53:42.520,10580,10581,10581,1,1
2019-06-12 17:53:52.333,10580,10581,10581,1,1
2019-06-12 17:53:57.915,10580,10581,10581,1,1
2019-06-12 17:54:01.761,10580,10581,10581,1,1
2019-06-12 17:54:56.668,10580,10581,10581,1,1
2019-06-12 17:55:00.567,10580,10581,10581,2,2
2019-06-12 17:55:06.358,10580,10581,10581,1,1
2019-06-12 17:55:06.449,10580,10581,10581,1,1
2019-06-12 17:55:06.695,10580,10581,10581,1,1
2019-06-12 17:55:06.699,10580,10581,10581,1,1
2019-06-12 17:55:07.549,10580,10581,10581,1,1
2019-06-12 17:55:07.970,10581,10582,10581,1,-1
2019-06-12 17:55:25.599,10581,10582,10582,1,1
2019-06-12 17:55:33.735,10581,10582,10582,1,1
2019-06-12 17:55:33.976,10581,10582,10582,2,2
2019-06-12 17:55:48.315,10581,10582,10582,1,1
2019-06-12 17:55:53.999,10581,10582,10581,1,-1
2019-06-12 17:56:02.178,10581,10582,10581,12,-12
2019-06-12 17:56:02.179,10581,10582,10581,3,-3
2019-06-12 17:56:02.618,10580,10581,10581,1,1
2019-06-12 17:56:14.981,10581,10582,10581,1,-1
2019-06-12 17:56:26.953,10581,10582,10582,2,2
2019-06-12 17:56:40.012,10581,10582,10581,2,-2
2019-06-12 17:56:49.583,10580,10581,10581,4,4
2019-06-12 17:56:49.755,10580,10581,10581,4,4
2019-06-12 17:57:08.192,10580,10581,10581,3,3
2019-06-12 17:57:49.443,10581,10582,10581,1,-1
2019-06-12 17:58:34.108,10581,10582,10582,3,3
2019-06-12 17:58:38.728,10581,10582,10582,1,1
2019-06-12 17:58:49.119,10581,10582,10582,1,1
2019-06-12 17:59:02.731,10581,10582,10582,1,1
2019-06-12 17:59:09.868,10581,10582,10582,1,1
2019-06-12 17:59:34.604,10581,10582,10581,3,-3
2019-06-12 17:59:43.728,10581,10582,10582,1,1
2019-06-12 18:00:07.017,10581,10582,10581,2,-2
2019-06-12 18:00:07.409,10581,10582,10581,4,-4
2019-06-12 18:00:07.586,10581,10582,10582,2,2
2019-06-12 18:00:07.845,10581,10582,10581,1,-1
2019-06-12 18:00:07.850,10581,10582,10581,1,-1
2019-06-12 18:00:07.993,10581,10582,10581,2,-2
2019-06-12 18:00:08.029,10581,10582,10582,1,1
2019-06-12 18:00:08.136,10581,10582,10581,2,-2
2019-06-12 18:00:08.199,10581,10582,10582,4,4
2019-06-12 18:00:08.220,10581,10582,10582,3,3
2019-06-12 18:00:11.656,10581,10582,10581,1,-1
2019-06-12 18:00:11.961,10581,10582,10581,1,-1
2019-06-12 18:00:12.007,10581,10582,10581,1,-1
2019-06-12 18:00:36.434,10581,10582,10582,2,2
2019-06-12 18:00:44.023,10582,10583,10582,1,-1
2019-06-12 18:00:54.077,10582,10583,10582,4,-4
2019-06-12 18:00:59.790,10582,10583,10583,1,1
2019-06-12 18:00:59.824,10582,10583,10583,1,1
2019-06-12 18:01:00.816,10582,10583,10583,1,1
2019-06-12 18:01:22.625,10582,10583,10583,1,1
2019-06-12 18:01:23.341,10582,10583,10583,1,1
2019-06-12 18:01:23.379,10582,10583,10583,1,1
2019-06-12 18:01:31.410,10582,10583,10583,1,1
2019-06-12 18:02:09.656,10582,10583,10583,2,2
2019-06-12 18:02:11.975,10582,10583,10583,1,1
2019-06-12 18:02:11.976,10582,10583,10583,1,1
2019-06-12 18:02:11.976,10582,10583,10583,1,1
2019-06-12 18:02:12.017,10582,10583,10583,2,2
2019-06-12 18:02:12.017,10582,10583,10583,3,3
2019-06-12 18:02:12.017,10582,10583,10583,3,3
2019-06-12 18:02:24.450,10582,10583,10582,2,-2
2019-06-12 18:02:25.077,10582,10583,10583,1,1
2019-06-12 18:02:25.487,10582,10583,10583,2,2
2019-06-12 18:02:46.697,10582,10583,10583,1,1
2019-06-12 18:02:54.165,10582,10583,10582,3,-3
2019-06-12 18:03:11.771,10582,10583,10583,2,2
2019-06-12 18:03:19.302,10582,10583,10582,2,-2
2019-06-12 18:04:12.624,10582,10583,10583,1,1
2019-06-12 18:04:42.362,10582,10583,10583,1,1
2019-06-12 18:05:03.023,10582,10583,10583,2,2
2019-06-12 18:05:17.926,10582,10583,10583,1,1
2019-06-12 18:05:24.061,10582,10583,10583,1,1
2019-06-12 18:06:03.135,10582,10583,10583,6,6
2019-06-12 18:06:27.057,10582,10583,10583,1,1
2019-06-12 18:06:27.057,10582,10583,10584,2,2
2019-06-12 18:06:30.692,10582,10583,10583,1,1
2019-06-12 18:06:38.096,10583,10584,10584,1,1
2019-06-12 18:06:38.744,10583,10584,10583,1,-1
2019-06-12 18:06:45.042,10583,10584,10583,1,-1
2019-06-12 18:06:45.152,10583,10584,10583,1,-1
2019-06-12 18:06:52.330,10583,10584,10583,1,-1
2019-06-12 18:06:54.635,10583,10584,10583,1,-1
2019-06-12 18:07:32.852,10582,10583,10583,5,5
2019-06-12 18:07:32.951,10582,10583,10583,1,1
2019-06-12 18:07:54.396,10582,10583,10583,2,2
2019-06-12 18:08:25.497,10582,10583,10582,1,-1
2019-06-12 18:08:25.770,10582,10583,10582,1,-1
2019-06-12 18:08:25.824,10582,10583,10582,1,-1
2019-06-12 18:08:38.073,10582,10583,10582,1,-1
2019-06-12 18:08:38.952,10582,10583,10582,1,-1
2019-06-12 18:08:38.952,10582,10583,10582,1,-1
2019-06-12 18:08:39.074,10582,10583,10582,1,-1
2019-06-12 18:08:39.074,10582,10583,10582,1,-1
2019-06-12 18:08:39.074,10582,10583,10582,1,-1
2019-06-12 18:08:39.074,10582,10583,10582,1,-1
2019-06-12 18:08:39.081,10582,10583,10582,1,-1
2019-06-12 18:08:41.418,10581,10582,10581,1,-1
2019-06-12 18:08:41.706,10581,10582,10581,2,-2
2019-06-12 18:08:41.706,10581,10582,10581,6,-6
2019-06-12 18:08:41.707,10581,10582,10581,5,-5
2019-06-12 18:08:41.707,10581,10582,10581,1,-1
2019-06-12 18:08:41.707,10581,10582,10581,4,-4
2019-06-12 18:08:41.803,10581,10582,10580,1,-1
2019-06-12 18:08:42.200,10580,10581,10581,2,2
2019-06-12 18:08:42.211,10580,10581,10581,2,2
2019-06-12 18:08:42.211,10580,10581,10581,1,1
2019-06-12 18:08:42.211,10580,10581,10581,2,2
2019-06-12 18:08:42.212,10580,10581,10581,2,2
2019-06-12 18:08:42.216,10580,10581,10581,1,1
2019-06-12 18:08:42.226,10580,10581,10581,2,2
2019-06-12 18:08:42.264,10580,10581,10581,1,1
2019-06-12 18:08:43.116,10581,10582,10581,1,-1
2019-06-12 18:08:47.716,10580,10581,10581,5,5
2019-06-12 18:09:02.114,10580,10581,10580,1,-1
2019-06-12 18:09:02.364,10580,10581,10580,1,-1
2019-06-12 18:09:02.535,10580,10581,10580,1,-1
2019-06-12 18:09:08.981,10580,10581,10580,1,-1
2019-06-12 18:09:13.111,10580,10581,10580,1,-1
2019-06-12 18:09:17.733,10580,10581,10580,14,-14
2019-06-12 18:09:18.750,10580,10581,10580,1,-1
2019-06-12 18:09:23.806,10580,10581,10580,4,-4
2019-06-12 18:09:29.539,10580,10581,10580,1,-1
2019-06-12 18:09:30.173,10580,10581,10580,1,-1
2019-06-12 18:09:32.568,10580,10581,10580,4,-4
2019-06-12 18:09:38.793,10580,10581,10580,2,-2
2019-06-12 18:09:41.321,10580,10581,10580,2,-2
2019-06-12 18:09:43.635,10580,10581,10580,8,-8
2019-06-12 18:10:03.969,10579,10580,10580,1,1
2019-06-12 18:10:17.419,10579,10580,10580,2,2
2019-06-12 18:10:20.795,10579,10580,10579,45,-45
2019-06-12 18:10:20.870,10578,10580,10578,2,-2
2019-06-12 18:10:20.953,10578,10579,10578,3,-3
2019-06-12 18:10:20.958,10578,10579,10578,1,-1
2019-06-12 18:10:21.019,10578,10579,10578,1,-1
2019-06-12 18:10:21.132,10578,10579,10578,1,-1
2019-06-12 18:10:22.020,10578,10579,10578,1,-1
2019-06-12 18:10:22.293,10578,10579,10578,1,-1
2019-06-12 18:10:22.369,10578,10579,10578,1,-1
2019-06-12 18:10:22.726,10578,10579,10579,1,1
2019-06-12 18:10:25.064,10578,10579,10579,1,1
2019-06-12 18:10:35.213,10578,10579,10579,1,1
2019-06-12 18:10:43.286,10578,10579,10578,1,-1
2019-06-12 18:10:44.454,10578,10579,10578,29,-29
2019-06-12 18:10:44.454,10578,10579,10577,71,-71
2019-06-12 18:10:44.493,10578,10579,10577,1,-1
2019-06-12 18:10:44.574,10577,10578,10577,1,-1
2019-06-12 18:10:44.574,10577,10578,10577,3,-3
2019-06-12 18:10:44.574,10577,10578,10577,2,-2
2019-06-12 18:10:44.642,10577,10578,10576,1,-1
2019-06-12 18:10:44.836,10576,10577,10576,3,-3
2019-06-12 18:10:44.852,10576,10577,10576,1,-1
2019-06-12 18:10:44.940,10576,10577,10576,5,-5
2019-06-12 18:10:45.004,10576,10577,10576,12,-12
2019-06-12 18:10:45.242,10576,10577,10576,4,-4
2019-06-12 18:10:46.318,10576,10577,10576,1,-1
2019-06-12 18:10:46.332,10576,10577,10576,1,-1
2019-06-12 18:10:51.256,10576,10577,10577,2,2
2019-06-12 18:10:51.567,10576,10577,10576,3,-3
2019-06-12 18:10:52.674,10576,10577,10576,1,-1
2019-06-12 18:10:53.828,10576,10577,10576,1,-1
2019-06-12 18:10:53.836,10576,10577,10577,1,1
2019-06-12 18:10:54.589,10576,10577,10577,5,5
2019-06-12 18:10:58.749,10576,10577,10577,1,1
2019-06-12 18:11:03.505,10576,10577,10577,2,2
2019-06-12 18:11:04.405,10576,10577,10576,1,-1
2019-06-12 18:11:08.383,10576,10577,10576,2,-2
2019-06-12 18:11:10.571,10576,10577,10577,1,1
2019-06-12 18:11:10.671,10576,10577,10576,1,-1
2019-06-12 18:11:14.317,10576,10577,10576,2,-2
2019-06-12 18:11:14.599,10576,10577,10577,2,2
2019-06-12 18:11:15.981,10576,10577,10576,8,-8
2019-06-12 18:11:21.827,10576,10577,10576,4,-4
2019-06-12 18:11:22.447,10576,10577,10576,2,-2
2019-06-12 18:11:22.688,10576,10577,10576,1,-1
2019-06-12 18:11:24.084,10575,10576,10576,1,1
2019-06-12 18:11:24.091,10575,10576,10576,1,1
2019-06-12 18:11:29.072,10575,10576,10575,1,-1
2019-06-12 18:11:29.136,10575,10576,10576,1,1
2019-06-12 18:11:29.191,10575,10576,10575,3,-3
2019-06-12 18:11:29.406,10575,10576,10575,1,-1
2019-06-12 18:11:29.436,10575,10576,10575,1,-1
2019-06-12 18:11:30.711,10575,10576,10575,1,-1
2019-06-12 18:11:31.785,10575,10576,10575,1,-1
2019-06-12 18:11:34.212,10575,10576,10576,2,2
2019-06-12 18:11:34.479,10575,10576,10575,1,-1
2019-06-12 18:11:37.791,10575,10576,10575,1,-1
2019-06-12 18:11:45.192,10575,10576,10575,1,-1
2019-06-12 18:11:45.350,10575,10576,10576,10,10
2019-06-12 18:11:45.447,10575,10576,10576,1,1
2019-06-12 18:11:45.620,10576,10577,10576,1,-1
2019-06-12 18:11:46.511,10576,10577,10576,3,-3
2019-06-12 18:11:50.903,10576,10577,10576,1,-1
2019-06-12 18:11:55.201,10576,10577,10576,3,-3
2019-06-12 18:11:58.780,10576,10577,10576,10,-10
2019-06-12 18:11:59.679,10576,10577,10576,1,-1
2019-06-12 18:11:59.828,10576,10577,10576,1,-1
2019-06-12 18:12:01.228,10576,10577,10576,1,-1
2019-06-12 18:12:02.070,10576,10577,10576,1,-1
2019-06-12 18:12:03.828,10576,10577,10576,1,-1
2019-06-12 18:12:05.442,10576,10577,10576,1,-1
2019-06-12 18:12:07.844,10576,10577,10576,2,-2
2019-06-12 18:12:08.111,10576,10577,10576,2,-2
2019-06-12 18:12:08.119,10576,10577,10576,1,-1
2019-06-12 18:12:09.672,10575,10576,10576,1,1
2019-06-12 18:12:18.230,10575,10576,10576,1,1
2019-06-12 18:12:19.660,10575,10576,10576,3,3
2019-06-12 18:12:19.861,10575,10576,10575,1,-1
2019-06-12 18:12:28.882,10575,10576,10575,2,-2
2019-06-12 18:12:29.803,10575,10576,10575,1,-1
2019-06-12 18:12:31.387,10575,10576,10576,2,2
2019-06-12 18:12:31.482,10575,10576,10575,1,-1
2019-06-12 18:12:34.449,10575,10576,10576,4,4
2019-06-12 18:12:42.927,10576,10577,10577,24,24
2019-06-12 18:12:47.630,10576,10577,10576,2,-2
2019-06-12 18:12:47.665,10576,10577,10577,1,1
2019-06-12 18:12:48.519,10577,10578,10577,2,-2
2019-06-12 18:13:10.299,10576,10577,10577,2,2
2019-06-12 18:13:12.812,10577,10578,10577,4,-4
2019-06-12 18:13:14.036,10577,10578,10577,1,-1
2019-06-12 18:13:17.413,10577,10578,10578,1,1
2019-06-12 18:13:19.536,10577,10578,10578,1,1
2019-06-12 18:13:20.674,10577,10578,10577,2,-2
2019-06-12 18:13:22.360,10577,10578,10577,1,-1
2019-06-12 18:13:33.143,10577,10578,10578,1,1
2019-06-12 18:13:33.199,10577,10578,10578,1,1
2019-06-12 18:13:39.500,10577,10578,10578,1,1
2019-06-12 18:13:45.291,10577,10578,10578,1,1
2019-06-12 18:13:55.716,10577,10578,10577,3,-3
2019-06-12 18:13:58.194,10577,10578,10578,1,1
2019-06-12 18:13:58.520,10577,10578,10578,2,2
2019-06-12 18:14:05.534,10577,10578,10578,1,1
2019-06-12 18:14:05.574,10577,10578,10578,1,1
2019-06-12 18:14:05.824,10577,10578,10578,21,21
2019-06-12 18:14:06.204,10578,10579,10579,1,1
2019-06-12 18:14:11.355,10578,10579,10578,2,-2
2019-06-12 18:14:12.487,10578,10579,10579,1,1
2019-06-12 18:14:14.550,10578,10579,10579,1,1
2019-06-12 18:14:27.467,10578,10579,10579,1,1
2019-06-12 18:14:28.147,10578,10579,10579,2,2
2019-06-12 18:14:30.479,10578,10579,10579,1,1
2019-06-12 18:14:31.221,10578,10579,10579,2,2
2019-06-12 18:14:31.683,10578,10579,10579,1,1
2019-06-12 18:14:39.228,10578,10579,10579,1,1
2019-06-12 18:14:52.814,10578,10579,10579,1,1
2019-06-12 18:15:00.754,10578,10579,10578,5,-5
2019-06-12 18:15:01.023,10578,10579,10578,5,-5
2019-06-12 18:15:05.206,10578,10579,10578,1,-1
2019-06-12 18:15:15.584,10578,10579,10578,1,-1
2019-06-12 18:15:16.057,10578,10579,10578,1,-1
2019-06-12 18:15:25.497,10578,10579,10578,1,-1
2019-06-12 18:15:36.430,10578,10579,10578,2,-2
2019-06-12 18:15:39.330,10578,10579,10578,1,-1
2019-06-12 18:15:44.907,10578,10579,10578,3,-3
2019-06-12 18:15:55.129,10578,10579,10578,2,-2
2019-06-12 18:16:08.108,10578,10579,10578,1,-1
2019-06-12 18:16:12.677,10578,10579,10578,1,-1
2019-06-12 18:16:19.196,10578,10579,10578,1,-1
2019-06-12 18:16:32.343,10578,10579,10578,1,-1
2019-06-12 18:16:41.517,10578,10579,10579,2,2
2019-06-12 18:16:46.442,10578,10579,10579,1,1
2019-06-12 18:16:46.837,10578,10579,10579,1,1
2019-06-12 18:16:46.949,10578,10579,10579,2,2
2019-06-12 18:16:46.949,10578,10579,10579,4,4
2019-06-12 18:16:46.949,10578,10579,10579,2,2
2019-06-12 18:16:48.201,10579,10580,10579,1,-1
2019-06-12 18:16:57.788,10579,10580,10579,1,-1
2019-06-12 18:16:58.470,10579,10580,10579,2,-2
2019-06-12 18:17:12.557,10579,10580,10580,3,3
2019-06-12 18:17:15.208,10579,10580,10579,2,-2
2019-06-12 18:17:33.147,10579,10580,10579,1,-1
2019-06-12 18:17:41.574,10579,10580,10579,2,-2
2019-06-12 18:17:52.522,10579,10580,10579,1,-1
2019-06-12 18:17:54.493,10579,10580,10579,1,-1
2019-06-12 18:18:01.148,10579,10580,10579,1,-1
2019-06-12 18:18:01.206,10579,10580,10579,1,-1
2019-06-12 18:18:01.449,10579,10580,10579,1,-1
2019-06-12 18:18:12.626,10579,10580,10579,5,-5
2019-06-12 18:18:29.048,10578,10579,10579,1,1
2019-06-12 18:18:30.226,10578,10579,10579,2,2
2019-06-12 18:18:32.519,10578,10579,10579,1,1
2019-06-12 18:19:02.934,10578,10579,10579,1,1
2019-06-12 18:19:02.971,10578,10579,10579,6,6
2019-06-12 18:19:04.326,10579,10580,10579,1,-1
2019-06-12 18:19:26.787,10579,10580,10579,1,-1
2019-06-12 18:19:30.570,10578,10579,10579,2,2
2019-06-12 18:19:52.914,10578,10579,10579,1,1
2019-06-12 18:20:22.894,10579,10580,10580,3,3
2019-06-12 18:20:27.022,10579,10580,10580,1,1
2019-06-12 18:20:27.339,10579,10580,10580,1,1
2019-06-12 18:20:27.679,10579,10580,10580,1,1
2019-06-12 18:20:47.561,10579,10580,10580,1,1
2019-06-12 18:20:47.602,10579,10580,10579,1,-1
2019-06-12 18:21:01.309,10579,10580,10579,2,-2
2019-06-12 18:21:12.601,10579,10580,10579,19,-19
2019-06-12 18:21:12.601,10579,10580,10578,7,-7
2019-06-12 18:21:22.329,10579,10580,10579,1,1
2019-06-12 18:21:27.683,10579,10580,10579,3,-3
2019-06-12 18:21:31.151,10578,10579,10580,2,2
2019-06-12 18:21:34.472,10578,10580,10578,1,-1
2019-06-12 18:21:45.233,10578,10579,10579,1,1
2019-06-12 18:21:55.846,10579,10580,10579,2,-2
2019-06-12 18:21:57.966,10579,10580,10580,1,1
2019-06-12 18:21:58.057,10579,10580,10580,1,1
2019-06-12 18:21:58.074,10579,10580,10580,15,15
2019-06-12 18:22:02.910,10580,10581,10581,4,4
2019-06-12 18:22:03.200,10580,10581,10581,1,1
2019-06-12 18:22:19.855,10580,10581,10581,2,2
2019-06-12 18:22:48.217,10580,10581,10580,2,-2
2019-06-12 18:23:06.916,10580,10581,10580,1,-1
2019-06-12 18:23:11.586,10580,10581,10581,2,2
2019-06-12 18:23:12.227,10580,10581,10581,1,1
2019-06-12 18:23:15.688,10580,10581,10581,3,3
2019-06-12 18:23:38.838,10580,10581,10581,1,1
2019-06-12 18:23:59.741,10580,10581,10581,1,1
2019-06-12 18:24:03.130,10580,10581,10581,1,1
2019-06-12 18:24:03.945,10580,10581,10581,1,1
2019-06-12 18:24:16.481,10580,10581,10580,1,-1
2019-06-12 18:24:24.430,10580,10581,10581,2,2
2019-06-12 18:24:46.987,10580,10581,10580,2,-2
2019-06-12 18:24:48.297,10580,10581,10580,1,-1
2019-06-12 18:24:58.322,10580,10581,10580,1,-1
2019-06-12 18:25:03.527,10580,10581,10581,1,1
2019-06-12 18:25:37.116,10580,10581,10580,5,-5
2019-06-12 18:25:57.964,10580,10581,10580,2,-2
2019-06-12 18:26:05.963,10580,10581,10580,1,-1
2019-06-12 18:26:12.127,10580,10581,10580,1,-1
2019-06-12 18:26:14.065,10580,10581,10580,8,-8
2019-06-12 18:26:39.749,10579,10580,10579,1,-1
2019-06-12 18:26:39.998,10579,10580,10579,2,-2
2019-06-12 18:26:40.037,10579,10580,10579,1,-1
2019-06-12 18:26:40.497,10579,10580,10579,1,-1
2019-06-12 18:26:55.951,10579,10580,10580,2,2
2019-06-12 18:27:15.754,10579,10580,10580,1,1
2019-06-12 18:27:15.762,10579,10580,10580,1,1
2019-06-12 18:28:01.308,10579,10580,10579,6,-6
2019-06-12 18:28:01.309,10579,10580,10579,5,-5
2019-06-12 18:28:33.080,10578,10579,10579,1,1
2019-06-12 18:28:33.205,10578,10579,10579,3,3
2019-06-12 18:28:39.247,10579,10580,10579,1,-1
2019-06-12 18:28:40.099,10579,10580,10580,1,1
2019-06-12 18:28:54.850,10579,10580,10580,1,1
2019-06-12 18:28:58.086,10579,10580,10580,1,1
2019-06-12 18:29:11.151,10579,10580,10580,1,1
2019-06-12 18:29:11.343,10579,10580,10580,1,1
2019-06-12 18:29:36.553,10580,10581,10580,1,-1
2019-06-12 18:29:52.452,10580,10581,10581,10,10
2019-06-12 18:30:04.680,10580,10581,10581,1,1
2019-06-12 18:30:05.096,10580,10581,10580,2,-2
2019-06-12 18:30:05.152,10580,10581,10580,2,-2
2019-06-12 18:30:05.201,10580,10581,10580,2,-2
2019-06-12 18:30:05.238,10580,10581,10581,1,1
2019-06-12 18:30:15.770,10580,10581,10581,1,1
2019-06-12 18:30:17.983,10580,10581,10581,1,1
2019-06-12 18:30:18.973,10580,10581,10580,6,-6
2019-06-12 18:30:19.077,10579,10580,10580,4,4
2019-06-12 18:31:09.679,10580,10581,10581,3,3
2019-06-12 18:31:12.507,10580,10581,10581,21,21
2019-06-12 18:31:58.795,10580,10581,10581,2,2
2019-06-12 18:32:27.077,10580,10581,10581,1,1
2019-06-12 18:32:52.754,10580,10581,10580,1,-1
2019-06-12 18:33:00.812,10580,10581,10580,1,-1
2019-06-12 18:33:47.669,10580,10581,10580,1,-1
2019-06-12 18:33:50.645,10580,10581,10580,2,-2
2019-06-12 18:33:52.515,10580,10581,10580,2,-2
2019-06-12 18:33:53.187,10580,10581,10580,2,-2
2019-06-12 18:33:53.456,10580,10581,10580,1,-1
2019-06-12 18:33:55.863,10580,10581,10580,1,-1
2019-06-12 18:33:56.853,10580,10581,10581,3,3
2019-06-12 18:34:08.879,10580,10581,10581,1,1
2019-06-12 18:34:26.195,10580,10581,10581,1,1
2019-06-12 18:34:34.801,10580,10581,10581,1,1
2019-06-12 18:34:51.206,10580,10581,10581,1,1
2019-06-12 18:34:52.051,10580,10581,10580,1,-1
2019-06-12 18:35:00.648,10580,10581,10581,1,1
2019-06-12 18:35:02.214,10580,10581,10581,2,2
2019-06-12 18:35:02.947,10580,10581,10580,8,-8
2019-06-12 18:35:02.947,10580,10581,10579,1,-1
2019-06-12 18:35:11.472,10580,10581,10581,2,2
2019-06-12 18:35:25.398,10580,10581,10581,1,1
2019-06-12 18:35:30.052,10580,10581,10581,1,1
2019-06-12 18:35:33.059,10580,10581,10580,1,-1
2019-06-12 18:36:12.827,10580,10581,10581,1,1
2019-06-12 18:36:12.828,10580,10581,10581,2,2
2019-06-12 18:36:12.828,10580,10581,10581,2,2
2019-06-12 18:36:16.491,10580,10581,10580,1,-1
2019-06-12 18:36:33.064,10580,10581,10580,1,-1
2019-06-12 18:36:33.074,10580,10581,10580,1,-1
2019-06-12 18:36:51.855,10580,10581,10580,1,-1
2019-06-12 18:36:51.856,10580,10581,10580,3,-3
2019-06-12 18:37:05.617,10579,10580,10580,3,3
2019-06-12 18:37:06.595,10579,10580,10580,2,2
2019-06-12 18:37:14.704,10579,10580,10580,1,1
2019-06-12 18:37:14.704,10579,10580,10580,2,2
2019-06-12 18:37:26.514,10579,10580,10580,2,2
2019-06-12 18:37:30.250,10579,10580,10580,1,1
2019-06-12 18:37:33.898,10579,10580,10580,2,2
2019-06-12 18:37:33.899,10579,10580,10580,3,3
2019-06-12 18:37:33.899,10579,10580,10580,2,2
2019-06-12 18:37:33.899,10579,10580,10580,1,1
2019-06-12 18:37:35.929,10580,10581,10581,2,2
2019-06-12 18:37:37.205,10580,10581,10581,1,1
2019-06-12 18:37:53.943,10580,10581,10581,1,1
2019-06-12 18:37:55.292,10580,10581,10581,1,1
2019-06-12 18:38:04.934,10580,10581,10581,1,1
2019-06-12 18:38:34.963,10580,10581,10581,1,1
2019-06-12 18:38:41.169,10580,10581,10581,1,1
2019-06-12 18:39:00.892,10580,10582,10580,1,-1
2019-06-12 18:39:07.358,10580,10581,10580,1,-1
2019-06-12 18:39:28.508,10580,10581,10581,1,1
2019-06-12 18:39:41.960,10581,10582,10582,1,1
2019-06-12 18:39:42.186,10581,10582,10581,1,-1
2019-06-12 18:39:58.198,10581,10582,10582,20,20
2019-06-12 18:40:03.620,10581,10582,10582,1,1
2019-06-12 18:40:04.380,10581,10582,10582,1,1
2019-06-12 18:40:04.531,10581,10582,10581,9,-9
2019-06-12 18:40:50.585,10582,10583,10583,1,1
2019-06-12 18:40:50.909,10582,10583,10582,3,-3
2019-06-12 18:40:51.110,10582,10583,10583,1,1
2019-06-12 18:40:51.140,10582,10583,10582,1,-1
2019-06-12 18:40:56.471,10582,10583,10583,1,1
2019-06-12 18:41:02.509,10582,10583,10583,4,4
2019-06-12 18:41:05.481,10582,10583,10583,1,1
2019-06-12 18:41:17.177,10582,10583,10583,1,1
2019-06-12 18:41:19.082,10582,10583,10583,1,1
2019-06-12 18:41:21.558,10582,10583,10582,3,-3
2019-06-12 18:41:21.891,10581,10582,10581,1,-1
2019-06-12 18:41:23.272,10581,10582,10581,2,-2
2019-06-12 18:42:20.906,10581,10582,10582,1,1
2019-06-12 18:42:20.906,10581,10582,10582,2,2
2019-06-12 18:42:20.906,10581,10582,10582,2,2
2019-06-12 18:42:20.906,10581,10582,10582,3,3
2019-06-12 18:42:20.907,10581,10582,10582,7,7
2019-06-12 18:42:21.080,10582,10583,10583,1,1
2019-06-12 18:42:27.455,10581,10582,10582,1,1
2019-06-12 18:42:33.477,10581,10582,10582,1,1
2019-06-12 18:42:42.541,10581,10582,10582,1,1
2019-06-12 18:43:23.576,10582,10583,10583,2,2
2019-06-12 18:43:24.932,10582,10583,10582,1,-1
2019-06-12 18:43:30.002,10582,10583,10583,1,1
2019-06-12 18:43:30.803,10582,10583,10583,2,2
2019-06-12 18:43:30.803,10582,10583,10583,3,3
2019-06-12 18:43:32.889,10582,10583,10583,1,1
2019-06-12 18:43:34.620,10582,10583,10583,1,1
2019-06-12 18:43:34.919,10582,10583,10583,1,1
2019-06-12 18:43:35.833,10582,10583,10583,1,1
2019-06-12 18:43:48.904,10583,10584,10583,1,-1
2019-06-12 18:43:52.377,10583,10584,10583,2,-2
2019-06-12 18:43:52.597,10583,10584,10583,2,-2
2019-06-12 18:43:55.129,10583,10584,10583,2,-2
2019-06-12 18:44:01.130,10582,10583,10583,1,1
2019-06-12 18:44:06.885,10582,10583,10583,1,1
2019-06-12 18:44:17.379,10583,10584,10583,2,-2
2019-06-12 18:44:17.600,10583,10584,10583,2,-2
2019-06-12 18:44:18.867,10583,10584,10583,1,-1
2019-06-12 18:44:20.675,10583,10584,10583,2,-2
2019-06-12 18:44:20.886,10583,10584,10583,2,-2
2019-06-12 18:44:29.007,10583,10584,10584,1,1
2019-06-12 18:44:29.107,10583,10584,10584,1,1
2019-06-12 18:44:29.183,10583,10584,10584,1,1
2019-06-12 18:44:29.329,10583,10584,10584,1,1
2019-06-12 18:44:29.693,10583,10584,10584,1,1
2019-06-12 18:44:29.775,10583,10584,10583,1,-1
2019-06-12 18:44:32.901,10583,10584,10584,1,1
2019-06-12 18:44:36.203,10583,10584,10583,2,-2
2019-06-12 18:44:36.393,10582,10584,10583,1,-1
2019-06-12 18:44:44.641,10582,10583,10583,1,1
2019-06-12 18:44:46.185,10583,10584,10583,2,-2
2019-06-12 18:44:48.516,10583,10584,10583,1,-1
2019-06-12 18:45:00.817,10582,10583,10583,1,1
2019-06-12 18:45:01.146,10582,10583,10583,2,2
2019-06-12 18:45:01.652,10582,10583,10583,4,4
2019-06-12 18:45:01.857,10582,10583,10583,2,2
2019-06-12 18:45:06.233,10582,10583,10583,1,1
2019-06-12 18:45:23.900,10582,10583,10583,1,1
2019-06-12 18:45:49.343,10582,10583,10583,3,3
2019-06-12 18:46:25.108,10582,10583,10583,1,1
2019-06-12 18:47:12.648,10582,10583,10582,2,-2
2019-06-12 18:47:29.230,10582,10583,10582,1,-1
2019-06-12 18:47:44.734,10582,10583,10583,1,1
2019-06-12 18:47:45.790,10582,10583,10582,1,-1
2019-06-12 18:48:54.199,10582,10583,10583,8,8
2019-06-12 18:48:54.199,10582,10583,10583,2,2
2019-06-12 18:48:54.199,10582,10583,10583,4,4
2019-06-12 18:48:54.324,10582,10583,10583,1,1
2019-06-12 18:48:54.324,10582,10583,10583,4,4
2019-06-12 18:48:54.817,10583,10584,10584,2,2
2019-06-12 18:49:03.348,10582,10583,10583,1,1
2019-06-12 18:49:06.326,10582,10583,10582,1,-1
2019-06-12 18:49:13.365,10582,10583,10583,2,2
2019-06-12 18:49:15.068,10582,10583,10582,2,-2
2019-06-12 18:49:50.771,10582,10583,10582,1,-1
2019-06-12 18:50:01.207,10582,10583,10582,2,-2
2019-06-12 18:50:30.074,10582,10583,10583,3,3
2019-06-12 18:50:59.983,10582,10583,10583,2,2
2019-06-12 18:51:00.074,10582,10583,10583,1,1
2019-06-12 18:51:07.056,10582,10583,10583,1,1
2019-06-12 18:51:25.078,10582,10583,10582,17,-17
2019-06-12 18:52:05.404,10582,10583,10582,1,-1
2019-06-12 18:53:01.534,10582,10583,10582,1,-1
2019-06-12 18:53:02.067,10582,10583,10582,2,-2
2019-06-12 18:53:02.335,10582,10583,10582,2,-2
2019-06-12 18:53:02.605,10582,10583,10582,2,-2
2019-06-12 18:53:05.583,10582,10583,10582,1,-1
2019-06-12 18:53:29.249,10581,10582,10582,1,1
2019-06-12 18:53:29.251,10581,10582,10582,1,1
2019-06-12 18:53:29.324,10581,10582,10582,1,1
2019-06-12 18:53:29.592,10582,10583,10582,2,-2
2019-06-12 18:54:00.964,10582,10583,10582,1,-1
2019-06-12 18:54:01.745,10581,10582,10582,1,1
2019-06-12 18:54:03.727,10581,10582,10582,2,2
2019-06-12 18:54:23.347,10581,10582,10582,2,2
2019-06-12 18:54:56.002,10581,10582,10581,1,-1
2019-06-12 18:55:00.630,10581,10582,10581,1,-1
2019-06-12 18:55:11.979,10581,10582,10582,1,1
2019-06-12 18:55:15.199,10581,10582,10582,2,2
2019-06-12 18:55:31.861,10582,10583,10582,1,-1
2019-06-12 18:55:36.528,10582,10583,10583,1,1
2019-06-12 18:55:45.982,10582,10583,10583,1,1
2019-06-12 18:55:53.304,10582,10583,10583,2,2
2019-06-12 18:56:05.805,10582,10583,10583,1,1
2019-06-12 18:56:24.855,10582,10583,10583,1,1
2019-06-12 18:56:24.949,10582,10583,10583,6,6
2019-06-12 18:56:25.074,10582,10583,10583,4,4
2019-06-12 18:56:25.074,10582,10583,10583,2,2
2019-06-12 18:56:40.078,10582,10583,10583,3,3
2019-06-12 18:57:01.604,10582,10583,10583,1,1
2019-06-12 18:57:29.597,10582,10583,10583,1,1
2019-06-12 18:57:42.096,10582,10583,10583,1,1
2019-06-12 18:57:58.176,10582,10583,10583,2,2
2019-06-12 18:58:02.186,10582,10583,10583,2,2
2019-06-12 18:58:06.942,10582,10583,10583,3,3
2019-06-12 18:58:47.756,10582,10583,10583,1,1
2019-06-12 18:58:52.289,10582,10583,10582,3,-3
2019-06-12 18:59:22.650,10582,10583,10582,1,-1
2019-06-12 18:59:46.657,10582,10583,10583,1,1
2019-06-12 19:00:00.441,10582,10583,10583,6,6
2019-06-12 19:00:00.809,10583,10584,10584,1,1
2019-06-12 19:00:00.871,10583,10584,10584,2,2
2019-06-12 19:00:01.115,10583,10584,10584,4,4
2019-06-12 19:00:01.393,10583,10584,10584,1,1
2019-06-12 19:00:01.479,10583,10584,10584,5,5
2019-06-12 19:00:01.479,10583,10584,10584,1,1
2019-06-12 19:00:01.479,10583,10584,10584,4,4
2019-06-12 19:00:01.480,10583,10584,10584,2,2
2019-06-12 19:00:01.482,10583,10584,10584,4,4
2019-06-12 19:00:01.494,10583,10584,10584,4,4
2019-06-12 19:00:01.557,10583,10584,10584,2,2
2019-06-12 19:00:01.567,10583,10584,10584,4,4
2019-06-12 19:00:01.574,10583,10584,10584,2,2
2019-06-12 19:00:02.141,10584,10585,10585,8,8
2019-06-12 19:00:02.169,10584,10585,10585,2,2
2019-06-12 19:00:02.172,10584,10585,10585,1,1
2019-06-12 19:00:02.173,10584,10585,10585,2,2
2019-06-12 19:00:02.177,10584,10585,10585,5,5
2019-06-12 19:00:02.179,10584,10585,10585,5,5
2019-06-12 19:00:02.199,10584,10585,10585,2,2
2019-06-12 19:00:02.199,10584,10585,10585,4,4
2019-06-12 19:00:02.199,10584,10585,10585,1,1
2019-06-12 19:00:02.199,10584,10585,10585,4,4
2019-06-12 19:00:02.199,10584,10585,10585,2,2
2019-06-12 19:00:02.199,10584,10585,10585,1,1
2019-06-12 19:00:02.251,10584,10585,10585,4,4
2019-06-12 19:00:02.924,10584,10585,10585,1,1
2019-06-12 19:00:03.041,10584,10585,10585,1,1
2019-06-12 19:00:06.482,10584,10585,10585,1,1
2019-06-12 19:00:08.824,10584,10585,10584,1,-1
2019-06-12 19:00:08.824,10584,10585,10584,1,-1
2019-06-12 19:00:17.782,10584,10585,10584,1,-1
2019-06-12 19:00:23.136,10584,10585,10585,1,1
2019-06-12 19:00:25.214,10584,10585,10584,1,-1
2019-06-12 19:00:31.992,10584,10585,10584,1,-1
2019-06-12 19:00:45.776,10584,10585,10584,1,-1
2019-06-12 19:00:55.213,10584,10585,10585,2,2
2019-06-12 19:01:09.114,10584,10585,10585,1,1
2019-06-12 19:01:09.305,10584,10585,10585,1,1
2019-06-12 19:01:12.538,10584,10585,10585,1,1
2019-06-12 19:01:12.752,10584,10585,10585,3,3
2019-06-12 19:01:14.427,10584,10585,10585,2,2
2019-06-12 19:01:16.205,10584,10585,10584,1,-1
2019-06-12 19:01:17.717,10584,10585,10585,3,3
2019-06-12 19:01:23.718,10584,10585,10585,1,1
2019-06-12 19:01:30.165,10584,10585,10585,1,1
2019-06-12 19:01:30.961,10584,10585,10585,1,1
2019-06-12 19:01:30.966,10584,10585,10585,1,1
2019-06-12 19:01:35.133,10584,10585,10585,1,1
2019-06-12 19:01:46.493,10584,10585,10585,1,1
2019-06-12 19:01:54.014,10584,10585,10585,1,1
2019-06-12 19:02:02.371,10584,10585,10585,2,2
2019-06-12 19:02:13.834,10584,10585,10585,1,1
2019-06-12 19:02:14.890,10584,10585,10585,1,1
2019-06-12 19:02:15.093,10584,10585,10585,1,1
2019-06-12 19:02:17.925,10584,10585,10585,4,4
