2020-11-06,15:00:00.085000,12941,12942,12942,69
2020-11-06,15:00:00.122000,12942,12943,12942,1
2020-11-06,15:00:00.122000,12942,12943,12942,3
2020-11-06,15:00:00.122000,12942,12943,12942,5
2020-11-06,15:00:00.663000,12941,12942,12941,1
2020-11-06,15:00:00.726000,12941,12942,12941,1
2020-11-06,15:00:01.014000,12941,12943,12943,1
2020-11-06,15:00:01.175000,12941,12943,12943,1
2020-11-06,15:00:01.190000,12941,12943,12941,1
2020-11-06,15:00:01.191000,12941,12943,12941,1
2020-11-06,15:00:01.350000,12942,12943,12942,1
2020-11-06,15:00:01.353000,12942,12943,12943,2
2020-11-06,15:00:01.378000,12942,12943,12942,1
2020-11-06,15:00:01.409000,12942,12943,12943,1
2020-11-06,15:00:01.409000,12942,12943,12944,1
2020-11-06,15:00:01.506000,12942,12943,12942,1
2020-11-06,15:00:01.533000,12942,12944,12944,1
2020-11-06,15:00:01.541000,12942,12944,12944,1
2020-11-06,15:00:01.564000,12942,12944,12942,1
2020-11-06,15:00:01.611000,12942,12944,12944,1
2020-11-06,15:00:01.637000,12942,12944,12944,1
2020-11-06,15:00:01.806000,12942,12944,12944,1
2020-11-06,15:00:01.806000,12942,12944,12945,2
2020-11-06,15:00:01.841000,12942,12944,12945,2
2020-11-06,15:00:02.057000,12942,12945,12945,1
2020-11-06,15:00:02.611000,12942,12945,12942,1
2020-11-06,15:00:02.707000,12942,12944,12944,1
2020-11-06,15:00:02.958000,12942,12944,12944,3
2020-11-06,15:00:03.451000,12942,12944,12944,1
2020-11-06,15:00:03.573000,12942,12943,12942,1
2020-11-06,15:00:04.480000,12942,12943,12943,1
2020-11-06,15:00:04.764000,12941,12943,12943,1
2020-11-06,15:00:04.949000,12941,12943,12943,1
2020-11-06,15:00:05.270000,12942,12943,12942,1
2020-11-06,15:00:05.352000,12942,12943,12943,2
2020-11-06,15:00:05.369000,12942,12943,12942,2
2020-11-06,15:00:05.663000,12941,12942,12942,1
2020-11-06,15:00:06.055000,12941,12943,12943,3
2020-11-06,15:00:06.112000,12941,12943,12942,1
2020-11-06,15:00:06.260000,12941,12942,12942,2
2020-11-06,15:00:06.277000,12941,12942,12942,2
2020-11-06,15:00:06.750000,12941,12943,12943,2
2020-11-06,15:00:07.540000,12942,12944,12942,1
2020-11-06,15:00:09.953000,12942,12943,12943,2
2020-11-06,15:00:10.064000,12942,12944,12942,2
2020-11-06,15:00:10.343000,12942,12944,12944,1
2020-11-06,15:00:10.473000,12942,12944,12943,1
2020-11-06,15:00:12.958000,12943,12944,12943,1
2020-11-06,15:00:13.902000,12943,12944,12943,2
2020-11-06,15:00:15.027000,12943,12944,12944,1
2020-11-06,15:00:16.452000,12943,12944,12944,2
2020-11-06,15:00:16.452000,12943,12944,12944,3
2020-11-06,15:00:16.454000,12943,12944,12944,1
2020-11-06,15:00:16.976000,12944,12945,12945,1
2020-11-06,15:00:18.454000,12944,12945,12945,1
2020-11-06,15:00:18.517000,12944,12945,12945,4
2020-11-06,15:00:18.694000,12944,12945,12945,3
2020-11-06,15:00:18.756000,12944,12945,12945,1
2020-11-06,15:00:18.771000,12944,12945,12945,2
2020-11-06,15:00:18.772000,12944,12945,12945,1
2020-11-06,15:00:18.930000,12944,12946,12946,1
2020-11-06,15:00:19.088000,12944,12946,12946,1
2020-11-06,15:00:19.204000,12944,12946,12946,1
2020-11-06,15:00:19.683000,12944,12946,12944,1
2020-11-06,15:00:19.723000,12944,12946,12944,1
2020-11-06,15:00:19.750000,12944,12946,12946,1
2020-11-06,15:00:19.998000,12944,12946,12946,2
2020-11-06,15:00:20.963000,12944,12946,12946,1
2020-11-06,15:00:21.244000,12944,12946,12946,1
2020-11-06,15:00:21.499000,12944,12946,12944,1
2020-11-06,15:00:21.880000,12944,12946,12946,4
2020-11-06,15:00:23.413000,12944,12946,12946,2
2020-11-06,15:00:23.906000,12944,12946,12946,1
2020-11-06,15:00:24.150000,12944,12946,12946,1
2020-11-06,15:00:24.461000,12944,12946,12944,1
2020-11-06,15:00:24.935000,12945,12946,12945,2
2020-11-06,15:00:26.589000,12945,12946,12946,1
2020-11-06,15:00:26.952000,12945,12946,12945,2
2020-11-06,15:00:26.952000,12945,12946,12944,3
2020-11-06,15:00:27.367000,12944,12946,12946,2
2020-11-06,15:00:27.730000,12944,12946,12946,1
2020-11-06,15:00:29.294000,12945,12946,12945,3
2020-11-06,15:00:29.862000,12944,12945,12945,1
2020-11-06,15:00:30.103000,12945,12946,12945,1
2020-11-06,15:00:31.398000,12945,12946,12945,1
2020-11-06,15:00:31.398000,12945,12946,12944,1
2020-11-06,15:00:34.264000,12944,12945,12944,5
2020-11-06,15:00:34.960000,12943,12945,12945,2
2020-11-06,15:00:36.749000,12944,12945,12944,1
2020-11-06,15:00:38.312000,12943,12944,12944,2
2020-11-06,15:00:39.263000,12944,12945,12944,1
2020-11-06,15:00:40.788000,12943,12944,12944,1
2020-11-06,15:00:40.857000,12943,12944,12945,1
2020-11-06,15:00:42.267000,12944,12945,12944,2
2020-11-06,15:00:44.455000,12943,12945,12945,1
2020-11-06,15:00:44.677000,12944,12945,12944,1
2020-11-06,15:00:44.787000,12944,12945,12945,5
2020-11-06,15:00:47.894000,12944,12945,12945,2
2020-11-06,15:00:48.818000,12944,12945,12945,1
2020-11-06,15:00:51.360000,12944,12945,12945,3
2020-11-06,15:00:52.237000,12944,12945,12945,1
2020-11-06,15:00:55.388000,12944,12945,12944,1
2020-11-06,15:00:58.344000,12944,12945,12944,8
2020-11-06,15:00:58.345000,12944,12945,12944,1
2020-11-06,15:00:58.641000,12943,12944,12944,1
2020-11-06,15:01:00.034000,12943,12944,12943,3
2020-11-06,15:01:00.107000,12943,12944,12945,1
2020-11-06,15:01:00.237000,12943,12945,12943,1
2020-11-06,15:01:00.415000,12943,12945,12945,2
2020-11-06,15:01:00.582000,12943,12945,12945,1
2020-11-06,15:01:00.750000,12943,12945,12945,1
2020-11-06,15:01:01.188000,12943,12944,12944,1
2020-11-06,15:01:01.188000,12943,12944,12944,1
2020-11-06,15:01:01.188000,12943,12944,12944,1
2020-11-06,15:01:01.189000,12943,12944,12945,1
2020-11-06,15:01:01.198000,12943,12944,12945,1
2020-11-06,15:01:01.198000,12943,12944,12945,1
2020-11-06,15:01:01.198000,12943,12944,12945,2
2020-11-06,15:01:01.206000,12943,12944,12945,1
2020-11-06,15:01:01.207000,12943,12944,12945,1
2020-11-06,15:01:04.398000,12944,12945,12944,1
2020-11-06,15:01:15.798000,12944,12945,12945,2
2020-11-06,15:01:16.725000,12944,12945,12945,2
2020-11-06,15:01:17.331000,12944,12945,12944,2
2020-11-06,15:01:17.390000,12944,12945,12945,2
2020-11-06,15:01:17.402000,12944,12945,12945,1
2020-11-06,15:01:17.906000,12944,12945,12945,2
2020-11-06,15:01:21.271000,12944,12945,12944,10
2020-11-06,15:01:21.497000,12944,12945,12945,1
2020-11-06,15:01:21.586000,12944,12945,12944,1
2020-11-06,15:01:23.337000,12944,12945,12944,1
2020-11-06,15:01:24.393000,12944,12945,12945,2
2020-11-06,15:01:26.180000,12944,12945,12944,1
2020-11-06,15:01:32.703000,12944,12945,12944,1
2020-11-06,15:01:36.474000,12944,12945,12944,2
2020-11-06,15:01:43.691000,12944,12945,12944,1
2020-11-06,15:01:46.480000,12944,12945,12944,1
2020-11-06,15:01:47.550000,12944,12945,12945,1
2020-11-06,15:01:47.550000,12944,12945,12945,2
2020-11-06,15:01:47.550000,12944,12945,12945,2
2020-11-06,15:01:47.550000,12944,12945,12945,8
2020-11-06,15:01:48.467000,12945,12946,12945,1
2020-11-06,15:01:49.125000,12945,12946,12945,2
2020-11-06,15:01:49.411000,12945,12946,12945,1
2020-11-06,15:01:52.043000,12945,12946,12946,1
2020-11-06,15:01:52.233000,12945,12946,12946,1
2020-11-06,15:01:54.049000,12945,12946,12946,10
2020-11-06,15:01:54.166000,12945,12946,12945,1
2020-11-06,15:01:59.994000,12945,12946,12946,2
2020-11-06,15:02:00.084000,12945,12946,12946,2
2020-11-06,15:02:00.085000,12945,12946,12946,1
2020-11-06,15:02:00.085000,12945,12946,12946,4
2020-11-06,15:02:00.085000,12945,12946,12946,5
2020-11-06,15:02:00.406000,12946,12947,12947,1
2020-11-06,15:02:00.815000,12946,12947,12947,2
2020-11-06,15:02:03.478000,12946,12947,12947,1
2020-11-06,15:02:04.142000,12946,12947,12947,1
2020-11-06,15:02:05.030000,12946,12947,12947,1
2020-11-06,15:02:07.847000,12946,12947,12947,11
2020-11-06,15:02:08.015000,12947,12948,12947,2
2020-11-06,15:02:10.641000,12947,12948,12947,1
2020-11-06,15:02:10.763000,12947,12948,12947,2
2020-11-06,15:02:12.075000,12946,12947,12947,1
2020-11-06,15:02:13.548000,12947,12948,12947,1
2020-11-06,15:02:14.202000,12947,12948,12947,1
2020-11-06,15:02:14.314000,12947,12948,12947,1
2020-11-06,15:02:15.469000,12947,12948,12947,1
2020-11-06,15:02:15.975000,12946,12947,12947,1
2020-11-06,15:02:16.287000,12946,12947,12947,1
2020-11-06,15:02:17.683000,12947,12948,12947,1
2020-11-06,15:02:18.279000,12946,12947,12947,1
2020-11-06,15:02:18.695000,12946,12948,12947,3
2020-11-06,15:02:20.904000,12946,12947,12946,1
2020-11-06,15:02:21.033000,12946,12947,12947,1
2020-11-06,15:02:21.333000,12946,12947,12947,3
2020-11-06,15:02:22.282000,12946,12947,12946,1
2020-11-06,15:02:22.313000,12946,12947,12946,1
2020-11-06,15:02:22.438000,12945,12947,12945,1
2020-11-06,15:02:22.855000,12945,12946,12946,1
2020-11-06,15:02:23.983000,12945,12946,12946,1
2020-11-06,15:02:25.262000,12945,12946,12945,5
2020-11-06,15:02:26.361000,12945,12946,12946,1
2020-11-06,15:02:30.081000,12945,12946,12946,1
2020-11-06,15:02:30.625000,12945,12946,12946,1
2020-11-06,15:02:36.981000,12945,12946,12946,1
2020-11-06,15:02:37.901000,12945,12946,12946,1
2020-11-06,15:02:38.889000,12945,12946,12945,8
2020-11-06,15:02:39.274000,12944,12945,12945,1
2020-11-06,15:02:42.286000,12944,12945,12945,1
2020-11-06,15:02:46.494000,12944,12945,12945,1
2020-11-06,15:02:46.665000,12944,12945,12945,1
2020-11-06,15:02:46.665000,12944,12945,12946,4
2020-11-06,15:02:46.851000,12944,12946,12945,1
2020-11-06,15:02:49.152000,12944,12945,12944,8
2020-11-06,15:02:49.484000,12943,12944,12943,1
2020-11-06,15:02:50.383000,12943,12944,12943,1
2020-11-06,15:02:50.383000,12943,12944,12943,1
2020-11-06,15:02:50.383000,12943,12944,12943,4
2020-11-06,15:02:50.383000,12943,12944,12943,7
2020-11-06,15:02:52.452000,12942,12943,12942,1
2020-11-06,15:02:58.413000,12942,12943,12942,1
2020-11-06,15:03:02.207000,12942,12943,12942,10
2020-11-06,15:03:02.388000,12942,12943,12942,1
2020-11-06,15:03:05.638000,12942,12943,12942,9
2020-11-06,15:03:05.641000,12942,12943,12941,11
2020-11-06,15:03:05.642000,12942,12943,12941,1
2020-11-06,15:03:05.642000,12942,12943,12941,5
2020-11-06,15:03:05.778000,12940,12941,12940,4
2020-11-06,15:03:05.794000,12940,12941,12940,1
2020-11-06,15:03:06.140000,12940,12941,12940,1
2020-11-06,15:03:09.194000,12940,12941,12940,1
2020-11-06,15:03:09.476000,12940,12941,12940,1
2020-11-06,15:03:10.965000,12940,12941,12940,1
2020-11-06,15:03:11.322000,12939,12941,12941,1
2020-11-06,15:03:11.978000,12939,12940,12939,1
2020-11-06,15:03:12.137000,12939,12940,12939,4
2020-11-06,15:03:12.580000,12939,12940,12939,3
2020-11-06,15:03:15.129000,12938,12939,12939,1
2020-11-06,15:03:15.431000,12938,12939,12938,1
2020-11-06,15:03:15.993000,12938,12939,12939,1
2020-11-06,15:03:16.213000,12938,12939,12938,1
2020-11-06,15:03:19.098000,12938,12939,12939,1
2020-11-06,15:03:19.935000,12938,12939,12938,1
2020-11-06,15:03:20.016000,12938,12939,12938,1
2020-11-06,15:03:20.336000,12938,12939,12939,1
2020-11-06,15:03:21.043000,12938,12939,12939,1
2020-11-06,15:03:21.043000,12938,12939,12939,2
2020-11-06,15:03:21.043000,12938,12939,12939,4
2020-11-06,15:03:21.369000,12939,12940,12939,1
2020-11-06,15:03:21.487000,12939,12940,12939,5
2020-11-06,15:03:27.606000,12939,12940,12939,2
2020-11-06,15:03:34.373000,12939,12940,12940,9
2020-11-06,15:03:40.546000,12940,12941,12941,1
2020-11-06,15:03:40.546000,12940,12941,12941,1
2020-11-06,15:03:40.547000,12940,12941,12941,2
2020-11-06,15:03:43.422000,12940,12941,12940,2
2020-11-06,15:03:45.642000,12940,12941,12941,1
2020-11-06,15:03:47.412000,12940,12941,12941,6
2020-11-06,15:03:50.716000,12940,12941,12941,1
2020-11-06,15:03:51.453000,12940,12941,12941,3
2020-11-06,15:03:52.843000,12941,12942,12941,1
2020-11-06,15:03:55.077000,12941,12942,12942,1
2020-11-06,15:04:03.288000,12942,12943,12942,2
2020-11-06,15:04:04.135000,12941,12942,12942,1
2020-11-06,15:04:10.837000,12941,12942,12942,1
2020-11-06,15:04:12.462000,12941,12942,12941,1
2020-11-06,15:04:14.410000,12941,12942,12942,1
2020-11-06,15:04:15.804000,12941,12942,12942,1
2020-11-06,15:04:22.076000,12941,12942,12942,1
2020-11-06,15:04:30.422000,12941,12942,12942,1
2020-11-06,15:04:30.433000,12941,12942,12942,3
2020-11-06,15:04:37.324000,12942,12943,12943,1
2020-11-06,15:04:39.298000,12942,12943,12942,1
2020-11-06,15:04:39.349000,12942,12943,12942,1
2020-11-06,15:04:39.398000,12942,12943,12942,1
2020-11-06,15:04:48.732000,12941,12942,12942,1
2020-11-06,15:04:48.764000,12942,12943,12942,1
2020-11-06,15:04:48.815000,12942,12943,12942,1
2020-11-06,15:04:48.865000,12942,12943,12942,1
2020-11-06,15:04:48.903000,12942,12943,12942,1
2020-11-06,15:04:55.268000,12942,12943,12943,1
2020-11-06,15:04:55.268000,12942,12943,12943,1
2020-11-06,15:04:55.268000,12942,12943,12943,1
2020-11-06,15:04:55.268000,12942,12943,12943,2
2020-11-06,15:04:55.268000,12942,12943,12943,1
2020-11-06,15:04:55.268000,12942,12943,12943,4
2020-11-06,15:04:55.268000,12942,12943,12943,1
2020-11-06,15:04:57.576000,12943,12944,12944,1
2020-11-06,15:04:57.666000,12943,12944,12944,3
2020-11-06,15:05:01.171000,12944,12945,12945,1
2020-11-06,15:05:02.333000,12944,12945,12945,5
2020-11-06,15:05:03.071000,12944,12945,12945,1
2020-11-06,15:05:03.690000,12944,12945,12945,1
2020-11-06,15:05:07.706000,12944,12945,12945,1
2020-11-06,15:05:08.420000,12944,12945,12945,29
2020-11-06,15:05:09.916000,12945,12946,12946,3
2020-11-06,15:05:11.504000,12945,12947,12945,1
2020-11-06,15:05:14.165000,12946,12947,12947,7
2020-11-06,15:05:19.885000,12947,12948,12948,1
2020-11-06,15:05:20.143000,12947,12948,12948,1
2020-11-06,15:05:20.543000,12947,12948,12948,2
2020-11-06,15:05:20.855000,12947,12948,12948,1
2020-11-06,15:05:20.855000,12947,12948,12948,1
2020-11-06,15:05:20.897000,12947,12948,12948,1
2020-11-06,15:05:21.026000,12947,12948,12948,1
2020-11-06,15:05:21.027000,12947,12948,12948,1
2020-11-06,15:05:21.093000,12947,12948,12948,1
2020-11-06,15:05:21.251000,12947,12948,12948,1
2020-11-06,15:05:22.152000,12947,12948,12948,5
2020-11-06,15:05:23.398000,12948,12949,12949,1
2020-11-06,15:05:25.470000,12948,12949,12948,3
2020-11-06,15:05:25.472000,12948,12949,12948,7
2020-11-06,15:05:25.803000,12947,12949,12947,1
2020-11-06,15:05:27.076000,12948,12949,12948,1
2020-11-06,15:05:30.261000,12947,12948,12947,1
2020-11-06,15:05:34.508000,12947,12948,12947,1
2020-11-06,15:05:36.730000,12947,12948,12947,1
2020-11-06,15:05:37.063000,12947,12948,12947,1
2020-11-06,15:05:39.557000,12947,12948,12948,4
2020-11-06,15:05:40.845000,12948,12949,12948,1
2020-11-06,15:05:41.046000,12948,12949,12949,1
2020-11-06,15:05:44.716000,12948,12949,12948,1
2020-11-06,15:05:44.767000,12948,12949,12948,1
2020-11-06,15:05:52.294000,12948,12949,12949,1
2020-11-06,15:05:53.895000,12948,12949,12949,2
2020-11-06,15:05:56.474000,12948,12949,12949,1
2020-11-06,15:05:56.488000,12948,12949,12949,1
2020-11-06,15:05:56.883000,12948,12949,12949,1
2020-11-06,15:05:57.435000,12948,12949,12949,1
2020-11-06,15:05:58.189000,12948,12949,12949,1
2020-11-06,15:05:58.557000,12948,12949,12949,1
2020-11-06,15:05:59.381000,12948,12949,12949,1
2020-11-06,15:06:00.957000,12948,12949,12949,5
2020-11-06,15:06:01.101000,12948,12949,12949,7
2020-11-06,15:06:01.101000,12948,12949,12950,3
2020-11-06,15:06:01.144000,12948,12950,12950,1
2020-11-06,15:06:01.210000,12948,12950,12950,1
2020-11-06,15:06:01.673000,12949,12950,12950,1
2020-11-06,15:06:01.942000,12949,12950,12950,5
2020-11-06,15:06:02.196000,12949,12950,12950,1
2020-11-06,15:06:02.924000,12949,12950,12950,1
2020-11-06,15:06:03.129000,12949,12950,12950,1
2020-11-06,15:06:03.320000,12949,12950,12950,1
2020-11-06,15:06:03.386000,12949,12950,12949,1
2020-11-06,15:06:03.840000,12949,12950,12950,1
2020-11-06,15:06:03.856000,12949,12950,12950,1
2020-11-06,15:06:04.088000,12949,12950,12950,1
2020-11-06,15:06:04.224000,12949,12950,12950,1
2020-11-06,15:06:04.907000,12949,12950,12949,1
2020-11-06,15:06:07.133000,12949,12950,12949,2
2020-11-06,15:06:07.135000,12949,12950,12949,1
2020-11-06,15:06:09.981000,12949,12950,12950,1
2020-11-06,15:06:10.370000,12949,12950,12949,1
2020-11-06,15:06:11.085000,12949,12950,12949,1
2020-11-06,15:06:12.650000,12949,12950,12950,1
2020-11-06,15:06:14.138000,12949,12950,12950,1
2020-11-06,15:06:14.655000,12949,12950,12949,1
2020-11-06,15:06:17.636000,12949,12950,12949,2
2020-11-06,15:06:18.455000,12949,12950,12950,1
2020-11-06,15:06:19.415000,12949,12950,12949,1
2020-11-06,15:06:20.467000,12949,12950,12950,1
2020-11-06,15:06:21.923000,12949,12950,12949,4
2020-11-06,15:06:24.013000,12949,12950,12950,1
2020-11-06,15:06:25.699000,12949,12950,12949,2
2020-11-06,15:06:26.796000,12949,12950,12949,1
2020-11-06,15:06:26.796000,12949,12950,12949,3
2020-11-06,15:06:26.796000,12949,12950,12949,1
2020-11-06,15:06:26.796000,12949,12950,12949,1
2020-11-06,15:06:27.718000,12948,12949,12948,8
2020-11-06,15:06:28.496000,12947,12948,12947,1
2020-11-06,15:06:30.634000,12947,12948,12948,1
2020-11-06,15:06:31.378000,12947,12948,12947,7
2020-11-06,15:06:31.646000,12947,12948,12947,1
2020-11-06,15:06:31.646000,12947,12948,12947,1
2020-11-06,15:06:31.646000,12947,12948,12947,2
2020-11-06,15:06:35.023000,12946,12947,12947,4
2020-11-06,15:06:35.023000,12946,12947,12948,11
2020-11-06,15:06:35.985000,12947,12948,12947,1
2020-11-06,15:06:39.098000,12946,12947,12947,2
2020-11-06,15:06:39.099000,12946,12947,12947,2
2020-11-06,15:06:42.296000,12946,12947,12946,1
2020-11-06,15:07:00.189000,12947,12948,12947,2
2020-11-06,15:07:06.149000,12947,12948,12947,1
2020-11-06,15:07:06.231000,12947,12948,12947,5
2020-11-06,15:07:11.450000,12947,12948,12947,4
2020-11-06,15:07:11.516000,12946,12947,12947,1
2020-11-06,15:07:12.721000,12946,12947,12947,1
2020-11-06,15:07:22.531000,12946,12947,12947,1
2020-11-06,15:07:24.872000,12946,12947,12947,1
2020-11-06,15:07:32.102000,12947,12948,12948,9
2020-11-06,15:07:37.434000,12948,12949,12948,2
2020-11-06,15:07:37.499000,12948,12949,12948,2
2020-11-06,15:07:45.855000,12947,12948,12947,1
2020-11-06,15:07:45.876000,12947,12948,12948,1
2020-11-06,15:07:45.889000,12947,12948,12947,1
2020-11-06,15:07:45.909000,12947,12948,12947,1
2020-11-06,15:07:45.914000,12947,12948,12947,2
2020-11-06,15:07:45.915000,12947,12948,12947,1
2020-11-06,15:07:45.967000,12947,12948,12948,1
2020-11-06,15:07:45.969000,12947,12948,12948,1
2020-11-06,15:07:45.997000,12947,12948,12948,1
2020-11-06,15:07:46.936000,12946,12948,12948,1
2020-11-06,15:07:46.936000,12946,12948,12948,1
2020-11-06,15:07:53,12946,12948,12946,1
2020-11-06,15:08:02.209000,12947,12948,12948,3
2020-11-06,15:08:06.938000,12948,12949,12948,1
2020-11-06,15:08:18.919000,12948,12949,12948,1
2020-11-06,15:08:30.562000,12948,12949,12948,1
2020-11-06,15:08:44.338000,12947,12948,12947,1
2020-11-06,15:08:49.051000,12947,12948,12947,1
2020-11-06,15:08:50.730000,12947,12948,12947,4
2020-11-06,15:08:50.731000,12947,12948,12947,2
2020-11-06,15:08:53.990000,12946,12947,12946,6
2020-11-06,15:08:59.705000,12946,12947,12946,2
2020-11-06,15:09:01.949000,12945,12946,12945,8
2020-11-06,15:09:03.047000,12944,12945,12945,1
2020-11-06,15:09:11.605000,12944,12945,12945,1
2020-11-06,15:09:14.260000,12944,12945,12945,2
2020-11-06,15:09:17.050000,12944,12945,12945,4
2020-11-06,15:09:19.410000,12945,12947,12945,1
2020-11-06,15:09:25.480000,12944,12945,12944,1
2020-11-06,15:09:30.215000,12944,12945,12944,1
2020-11-06,15:09:31.728000,12944,12945,12945,3
2020-11-06,15:09:33.712000,12944,12946,12945,1
2020-11-06,15:09:34.821000,12944,12946,12944,5
2020-11-06,15:09:45.478000,12944,12945,12945,1
2020-11-06,15:09:51.594000,12944,12945,12945,1
2020-11-06,15:09:55.932000,12945,12946,12946,2
2020-11-06,15:09:55.933000,12945,12946,12946,1
2020-11-06,15:10:00.337000,12946,12947,12946,2
2020-11-06,15:10:04.328000,12946,12947,12946,1
2020-11-06,15:10:05.599000,12946,12947,12947,5
2020-11-06,15:10:06.266000,12947,12948,12948,1
2020-11-06,15:10:13.903000,12947,12948,12947,1
2020-11-06,15:10:14.080000,12947,12948,12948,1
2020-11-06,15:10:14.165000,12947,12948,12948,7
2020-11-06,15:10:14.165000,12947,12948,12948,2
2020-11-06,15:10:14.774000,12948,12949,12949,3
2020-11-06,15:10:14.775000,12948,12949,12949,1
2020-11-06,15:10:14.775000,12948,12949,12949,2
2020-11-06,15:10:14.775000,12948,12949,12949,11
2020-11-06,15:10:14.776000,12948,12949,12949,1
2020-11-06,15:10:15.855000,12949,12950,12949,1
2020-11-06,15:10:15.914000,12949,12950,12950,1
2020-11-06,15:10:16.457000,12949,12950,12949,1
2020-11-06,15:10:16.706000,12949,12950,12950,1
2020-11-06,15:10:23.271000,12949,12950,12950,2
2020-11-06,15:10:24.685000,12949,12950,12950,1
2020-11-06,15:10:25.650000,12949,12950,12949,2
2020-11-06,15:10:26.472000,12949,12950,12949,1
2020-11-06,15:10:27.301000,12948,12949,12949,1
2020-11-06,15:10:29.632000,12948,12949,12948,2
2020-11-06,15:10:34.127000,12947,12948,12948,2
2020-11-06,15:10:34.541000,12947,12948,12948,2
2020-11-06,15:10:34.863000,12947,12949,12947,1
2020-11-06,15:10:38.727000,12948,12949,12949,1
2020-11-06,15:10:38.727000,12948,12949,12949,1
2020-11-06,15:10:38.728000,12948,12949,12949,3
2020-11-06,15:10:38.728000,12948,12949,12949,2
2020-11-06,15:10:38.728000,12948,12949,12949,1
2020-11-06,15:10:38.764000,12949,12950,12949,1
2020-11-06,15:10:38.815000,12949,12950,12949,1
2020-11-06,15:10:38.865000,12949,12950,12949,1
2020-11-06,15:10:42.224000,12948,12949,12948,1
2020-11-06,15:10:45.925000,12948,12949,12948,1
2020-11-06,15:10:47.520000,12947,12948,12948,1
2020-11-06,15:10:49.363000,12947,12949,12949,1
2020-11-06,15:10:49.368000,12947,12949,12949,1
2020-11-06,15:10:50.964000,12948,12949,12949,1
2020-11-06,15:10:56.275000,12948,12949,12949,1
2020-11-06,15:10:56.622000,12948,12949,12949,2
2020-11-06,15:10:57.102000,12948,12949,12949,2
2020-11-06,15:10:58.654000,12949,12950,12949,2
2020-11-06,15:11:00.413000,12949,12950,12949,1
2020-11-06,15:11:00.619000,12948,12950,12950,1
2020-11-06,15:11:01.991000,12949,12950,12949,1
2020-11-06,15:11:02.446000,12948,12949,12949,1
2020-11-06,15:11:06.476000,12948,12950,12950,2
2020-11-06,15:11:07.458000,12949,12950,12950,1
2020-11-06,15:11:17.271000,12949,12950,12950,2
2020-11-06,15:11:18.339000,12949,12950,12950,1
2020-11-06,15:11:20.321000,12949,12950,12949,1
2020-11-06,15:11:24.974000,12949,12950,12949,1
2020-11-06,15:11:25.438000,12948,12949,12949,1
2020-11-06,15:11:30.358000,12948,12949,12948,2
2020-11-06,15:11:48.693000,12948,12949,12949,2
2020-11-06,15:11:55.497000,12948,12949,12949,1
2020-11-06,15:11:55.994000,12948,12949,12949,1
2020-11-06,15:12:11.271000,12949,12950,12950,2
2020-11-06,15:12:21.060000,12949,12950,12950,3
2020-11-06,15:12:24.012000,12949,12950,12950,1
2020-11-06,15:12:27.445000,12949,12950,12949,4
2020-11-06,15:12:27.832000,12948,12949,12949,2
2020-11-06,15:12:32.264000,12948,12949,12949,1
2020-11-06,15:12:33.208000,12948,12949,12949,1
2020-11-06,15:12:45.303000,12949,12950,12949,1
2020-11-06,15:12:45.303000,12949,12950,12949,2
2020-11-06,15:12:46.350000,12948,12949,12948,2
2020-11-06,15:12:46.350000,12948,12949,12948,9
2020-11-06,15:12:47.505000,12947,12949,12949,1
2020-11-06,15:12:55.630000,12948,12949,12949,1
2020-11-06,15:12:55.762000,12948,12949,12948,1
2020-11-06,15:12:58.470000,12948,12949,12948,1
2020-11-06,15:13:04.163000,12947,12948,12947,3
2020-11-06,15:13:04.163000,12947,12948,12947,1
2020-11-06,15:13:06.251000,12946,12948,12948,1
2020-11-06,15:13:10.599000,12947,12948,12948,1
2020-11-06,15:13:11.070000,12947,12948,12948,4
2020-11-06,15:13:21.872000,12948,12949,12948,1
2020-11-06,15:13:24.171000,12948,12949,12948,1
2020-11-06,15:13:25.820000,12947,12948,12948,1
2020-11-06,15:13:26.102000,12947,12948,12948,1
2020-11-06,15:13:27.615000,12947,12948,12947,1
2020-11-06,15:13:28.356000,12946,12947,12947,1
2020-11-06,15:13:30.870000,12946,12947,12946,5
2020-11-06,15:13:32.603000,12946,12947,12946,1
2020-11-06,15:13:38.224000,12945,12946,12946,1
2020-11-06,15:13:42.914000,12945,12946,12946,4
2020-11-06,15:13:44.929000,12946,12947,12946,1
2020-11-06,15:13:48.819000,12946,12947,12946,1
2020-11-06,15:13:49.670000,12946,12947,12946,1
2020-11-06,15:13:49.954000,12946,12947,12946,1
2020-11-06,15:13:50.318000,12945,12947,12947,1
2020-11-06,15:14:12.392000,12945,12946,12945,3
2020-11-06,15:14:12.393000,12945,12946,12945,10
2020-11-06,15:14:14.685000,12944,12945,12944,5
2020-11-06,15:14:15.011000,12943,12944,12944,2
2020-11-06,15:14:15.051000,12943,12944,12944,1
2020-11-06,15:14:16.748000,12944,12945,12944,1
2020-11-06,15:14:19.181000,12943,12944,12944,1
2020-11-06,15:14:20.643000,12943,12944,12944,2
2020-11-06,15:14:22.704000,12943,12945,12945,1
2020-11-06,15:14:23.896000,12944,12945,12944,2
2020-11-06,15:14:25.884000,12943,12944,12943,1
2020-11-06,15:14:26.027000,12943,12944,12943,4
2020-11-06,15:14:26.029000,12943,12944,12943,8
2020-11-06,15:14:26.029000,12943,12944,12943,9
2020-11-06,15:14:26.261000,12942,12944,12944,1
2020-11-06,15:14:26.386000,12942,12944,12944,1
2020-11-06,15:14:27.424000,12943,12944,12943,1
2020-11-06,15:14:32.651000,12943,12944,12944,1
2020-11-06,15:14:33.319000,12944,12945,12944,1
2020-11-06,15:14:33.464000,12944,12945,12944,1
2020-11-06,15:14:34.089000,12944,12945,12944,1
2020-11-06,15:14:38.163000,12943,12945,12943,1
2020-11-06,15:14:40.474000,12943,12944,12943,1
2020-11-06,15:14:40.745000,12943,12944,12943,1
2020-11-06,15:14:41.670000,12943,12944,12943,1
2020-11-06,15:14:41.824000,12943,12944,12943,1
2020-11-06,15:14:43.713000,12943,12944,12943,1
2020-11-06,15:14:44.160000,12943,12944,12944,1
2020-11-06,15:14:46.862000,12943,12944,12943,4
2020-11-06,15:14:47.184000,12943,12944,12943,1
2020-11-06,15:14:47.927000,12943,12944,12943,1
2020-11-06,15:14:51.867000,12943,12944,12943,1
2020-11-06,15:14:52.446000,12943,12944,12943,1
2020-11-06,15:14:53.667000,12942,12944,12942,1
2020-11-06,15:14:53.838000,12942,12944,12942,1
2020-11-06,15:14:58.923000,12943,12944,12943,1
2020-11-06,15:15:00.415000,12943,12944,12943,1
2020-11-06,15:15:01.079000,12943,12944,12944,5
2020-11-06,15:15:01.079000,12943,12944,12944,5
2020-11-06,15:15:01.894000,12943,12944,12943,1
2020-11-06,15:15:12.215000,12943,12944,12944,6
2020-11-06,15:15:16.015000,12944,12945,12944,1
2020-11-06,15:15:16.420000,12944,12945,12945,1
2020-11-06,15:15:16.420000,12944,12945,12945,4
2020-11-06,15:15:17.050000,12944,12946,12944,8
2020-11-06,15:15:19.961000,12944,12946,12944,1
2020-11-06,15:15:23.764000,12944,12945,12945,1
2020-11-06,15:15:29.321000,12945,12946,12945,1
2020-11-06,15:15:35.381000,12945,12946,12945,1
2020-11-06,15:15:38.741000,12944,12945,12945,1
2020-11-06,15:15:46.817000,12944,12945,12945,1
2020-11-06,15:15:51.058000,12945,12946,12945,1
2020-11-06,15:15:51.762000,12944,12946,12946,1
2020-11-06,15:15:55.331000,12944,12945,12944,5
2020-11-06,15:16:00.792000,12943,12944,12944,1
2020-11-06,15:16:06.503000,12944,12945,12944,1
2020-11-06,15:16:09.322000,12943,12944,12944,1
2020-11-06,15:16:21.014000,12945,12946,12945,1
2020-11-06,15:16:28.638000,12944,12946,12944,1
2020-11-06,15:16:32.419000,12944,12946,12944,1
2020-11-06,15:16:44.717000,12945,12946,12946,7
2020-11-06,15:16:44.717000,12945,12946,12946,1
2020-11-06,15:16:45.066000,12946,12947,12946,3
2020-11-06,15:16:45.066000,12946,12947,12945,2
2020-11-06,15:16:47.859000,12945,12946,12945,1
2020-11-06,15:16:51.769000,12945,12946,12945,4
2020-11-06,15:16:52.649000,12944,12945,12945,1
2020-11-06,15:16:54.286000,12945,12946,12945,5
2020-11-06,15:16:55.633000,12945,12946,12945,5
2020-11-06,15:16:56.646000,12945,12946,12945,5
2020-11-06,15:16:57.632000,12945,12946,12945,5
2020-11-06,15:16:58.617000,12945,12946,12945,5
2020-11-06,15:17:08.390000,12944,12946,12944,3
2020-11-06,15:17:26.931000,12944,12945,12944,3
2020-11-06,15:17:28.259000,12943,12945,12944,2
2020-11-06,15:17:30.242000,12943,12944,12943,4
2020-11-06,15:17:30.242000,12943,12944,12943,6
2020-11-06,15:17:35.232000,12942,12944,12943,1
2020-11-06,15:17:41.042000,12942,12943,12942,1
2020-11-06,15:17:50.291000,12942,12943,12943,3
2020-11-06,15:18:02.826000,12942,12943,12943,4
2020-11-06,15:18:02.826000,12942,12943,12943,2
2020-11-06,15:18:03.150000,12943,12944,12943,1
2020-11-06,15:18:08.994000,12943,12944,12943,1
2020-11-06,15:18:09.649000,12943,12944,12943,1
2020-11-06,15:18:11.589000,12942,12943,12943,2
2020-11-06,15:18:20.948000,12943,12944,12943,2
2020-11-06,15:18:23.132000,12943,12944,12944,2
2020-11-06,15:18:24.495000,12943,12944,12944,1
2020-11-06,15:18:28.377000,12943,12944,12943,1
2020-11-06,15:18:30.281000,12943,12944,12944,4
2020-11-06,15:18:34.791000,12943,12945,12943,14
2020-11-06,15:18:34.792000,12943,12945,12943,1
2020-11-06,15:19:04.187000,12943,12944,12943,3
2020-11-06,15:19:12.604000,12943,12944,12943,1
2020-11-06,15:19:23.536000,12943,12944,12943,5
2020-11-06,15:19:25.106000,12943,12944,12943,5
2020-11-06,15:19:27.457000,12943,12944,12943,3
2020-11-06,15:19:27.458000,12943,12944,12943,1
2020-11-06,15:19:27.459000,12943,12944,12943,1
2020-11-06,15:19:31.827000,12942,12943,12943,1
2020-11-06,15:19:35.836000,12942,12943,12943,1
2020-11-06,15:19:39.895000,12942,12943,12942,5
2020-11-06,15:19:41.250000,12942,12943,12943,1
2020-11-06,15:19:41.419000,12942,12943,12943,1
2020-11-06,15:19:50.294000,12942,12943,12943,1
2020-11-06,15:19:50.573000,12942,12943,12943,1
2020-11-06,15:19:50.615000,12942,12943,12943,1
2020-11-06,15:19:50.690000,12942,12943,12943,1
2020-11-06,15:19:50.862000,12942,12943,12943,2
2020-11-06,15:19:53.639000,12943,12944,12943,5
2020-11-06,15:19:56.368000,12943,12944,12943,5
2020-11-06,15:19:58.623000,12943,12944,12943,5
2020-11-06,15:19:59.270000,12942,12944,12943,1
2020-11-06,15:20:00.154000,12942,12944,12942,3
2020-11-06,15:20:00.265000,12942,12943,12942,1
2020-11-06,15:20:01.028000,12942,12943,12942,5
2020-11-06,15:20:07.425000,12942,12943,12942,5
2020-11-06,15:20:14.062000,12942,12944,12944,2
2020-11-06,15:20:18.727000,12943,12945,12945,5
2020-11-06,15:20:20.154000,12945,12946,12945,4
2020-11-06,15:20:20.155000,12945,12946,12945,1
2020-11-06,15:20:20.791000,12944,12946,12946,1
2020-11-06,15:20:24.792000,12944,12946,12946,3
2020-11-06,15:20:24.795000,12944,12946,12946,5
2020-11-06,15:20:25.838000,12946,12947,12946,5
2020-11-06,15:20:27.537000,12945,12947,12947,1
2020-11-06,15:20:27.868000,12945,12947,12946,5
2020-11-06,15:20:27.971000,12945,12947,12947,1
2020-11-06,15:20:28.900000,12945,12947,12947,3
2020-11-06,15:20:29.791000,12946,12947,12946,5
2020-11-06,15:20:30.840000,12945,12947,12947,1
2020-11-06,15:20:31.394000,12946,12947,12946,5
2020-11-06,15:20:31.394000,12946,12947,12946,1
2020-11-06,15:20:31.843000,12946,12947,12947,4
2020-11-06,15:20:33.220000,12946,12947,12947,1
2020-11-06,15:20:33.707000,12946,12947,12947,3
2020-11-06,15:20:34.211000,12946,12948,12948,1
2020-11-06,15:20:35.511000,12947,12948,12947,4
2020-11-06,15:20:35.512000,12947,12948,12947,1
2020-11-06,15:20:36.608000,12946,12948,12948,3
2020-11-06,15:20:38.708000,12946,12947,12947,2
2020-11-06,15:20:39.923000,12946,12948,12948,1
2020-11-06,15:20:40.097000,12946,12948,12948,2
2020-11-06,15:20:43.871000,12946,12947,12947,1
2020-11-06,15:20:47.372000,12946,12947,12947,1
2020-11-06,15:20:50.308000,12946,12947,12947,1
2020-11-06,15:20:53.260000,12946,12947,12946,5
2020-11-06,15:20:53.806000,12946,12947,12946,4
2020-11-06,15:20:53.807000,12946,12947,12946,1
2020-11-06,15:20:53.807000,12946,12947,12946,2
2020-11-06,15:20:53.807000,12946,12947,12946,1
2020-11-06,15:20:53.807000,12946,12947,12946,4
2020-11-06,15:20:57.215000,12945,12946,12945,1
2020-11-06,15:20:57.722000,12945,12946,12946,1
2020-11-06,15:21:00.371000,12945,12946,12946,1
2020-11-06,15:21:00.585000,12945,12946,12946,1
2020-11-06,15:21:00.587000,12945,12946,12946,2
2020-11-06,15:21:02.227000,12946,12947,12946,1
2020-11-06,15:21:08.376000,12945,12946,12946,1
2020-11-06,15:21:13.260000,12945,12946,12945,5
2020-11-06,15:21:16.740000,12945,12946,12945,5
2020-11-06,15:21:19.204000,12945,12946,12945,2
2020-11-06,15:21:19.565000,12944,12945,12945,1
2020-11-06,15:21:22.064000,12944,12945,12945,2
2020-11-06,15:21:23.702000,12945,12946,12945,3
2020-11-06,15:21:27.472000,12945,12946,12945,4
2020-11-06,15:21:27.473000,12945,12946,12945,1
2020-11-06,15:21:30.072000,12945,12946,12945,2
2020-11-06,15:21:35.512000,12945,12946,12946,1
2020-11-06,15:21:35.756000,12945,12946,12945,2
2020-11-06,15:21:39.295000,12945,12946,12945,1
2020-11-06,15:21:39.539000,12945,12946,12946,10
2020-11-06,15:21:41.333000,12946,12947,12947,2
2020-11-06,15:21:47.570000,12947,12948,12948,1
2020-11-06,15:21:50.139000,12947,12948,12948,1
2020-11-06,15:21:52.151000,12947,12948,12948,2
2020-11-06,15:21:52.152000,12947,12948,12948,3
2020-11-06,15:21:57.246000,12948,12949,12948,1
2020-11-06,15:22:13.517000,12948,12949,12949,10
2020-11-06,15:22:22.200000,12948,12949,12948,4
2020-11-06,15:22:22.200000,12948,12949,12948,4
2020-11-06,15:22:22.688000,12947,12948,12948,1
2020-11-06,15:22:29.158000,12947,12948,12948,1
2020-11-06,15:22:42.019000,12947,12948,12948,2
2020-11-06,15:22:45.137000,12947,12948,12947,2
2020-11-06,15:22:50.567000,12946,12948,12946,1
2020-11-06,15:23:00.870000,12946,12947,12947,1
2020-11-06,15:23:06.875000,12946,12947,12947,1
2020-11-06,15:23:13.159000,12946,12948,12948,1
2020-11-06,15:23:15.821000,12947,12948,12947,1
2020-11-06,15:23:18.567000,12947,12948,12947,1
2020-11-06,15:23:22.172000,12947,12948,12948,2
2020-11-06,15:23:22.172000,12947,12948,12948,2
2020-11-06,15:23:28.160000,12948,12949,12949,7
2020-11-06,15:23:28.687000,12949,12950,12949,2
2020-11-06,15:23:32.245000,12949,12950,12949,1
2020-11-06,15:23:32.719000,12949,12950,12950,5
2020-11-06,15:23:33.824000,12949,12950,12950,1
2020-11-06,15:23:34.064000,12949,12950,12950,2
2020-11-06,15:23:40.781000,12949,12950,12950,3
2020-11-06,15:23:41.647000,12949,12950,12950,1
2020-11-06,15:23:42.003000,12949,12950,12950,2
2020-11-06,15:23:42.674000,12949,12950,12950,2
2020-11-06,15:23:43.522000,12949,12950,12950,1
2020-11-06,15:23:43.916000,12949,12950,12950,7
2020-11-06,15:23:44.961000,12949,12951,12951,1
2020-11-06,15:23:45.460000,12949,12951,12951,2
2020-11-06,15:23:46.079000,12949,12951,12951,1
2020-11-06,15:23:46.686000,12949,12951,12950,1
2020-11-06,15:23:47.181000,12949,12951,12950,1
2020-11-06,15:23:47.298000,12949,12951,12951,1
2020-11-06,15:23:48.408000,12950,12951,12951,5
2020-11-06,15:23:48.410000,12950,12951,12951,4
2020-11-06,15:23:49.580000,12949,12951,12950,2
2020-11-06,15:23:51.946000,12950,12951,12951,8
2020-11-06,15:23:51.947000,12950,12951,12951,7
2020-11-06,15:23:52.340000,12950,12951,12951,1
2020-11-06,15:23:54.688000,12950,12951,12950,4
2020-11-06,15:23:54.756000,12950,12951,12951,7
2020-11-06,15:23:56.542000,12950,12951,12950,1
2020-11-06,15:23:57.617000,12949,12950,12950,1
2020-11-06,15:23:57.617000,12949,12950,12951,1
2020-11-06,15:24:05.185000,12950,12951,12950,3
2020-11-06,15:24:05.471000,12950,12951,12950,1
2020-11-06,15:24:05.751000,12950,12951,12950,4
2020-11-06,15:24:13.712000,12950,12951,12950,1
2020-11-06,15:24:13.712000,12950,12951,12950,2
2020-11-06,15:24:13.712000,12950,12951,12950,1
2020-11-06,15:24:14.337000,12949,12950,12950,1
2020-11-06,15:24:14.390000,12949,12950,12950,1
2020-11-06,15:24:15.183000,12949,12950,12950,1
2020-11-06,15:24:17.029000,12950,12951,12950,1
2020-11-06,15:24:26.476000,12949,12950,12949,1
2020-11-06,15:24:27.399000,12949,12950,12949,1
2020-11-06,15:24:35.757000,12949,12950,12949,1
2020-11-06,15:24:37.894000,12949,12950,12949,1
2020-11-06,15:24:38.994000,12949,12950,12949,1
2020-11-06,15:24:39.016000,12949,12950,12950,1
2020-11-06,15:24:41.755000,12949,12950,12950,2
2020-11-06,15:24:46.853000,12949,12950,12950,1
2020-11-06,15:24:51.911000,12949,12950,12949,5
2020-11-06,15:24:52.198000,12949,12950,12949,5
2020-11-06,15:24:53.132000,12949,12950,12949,2
2020-11-06,15:24:53.477000,12948,12949,12949,1
2020-11-06,15:24:53.477000,12948,12949,12949,2
2020-11-06,15:24:54.720000,12949,12950,12949,5
2020-11-06,15:25:02.752000,12949,12950,12949,1
2020-11-06,15:25:02.952000,12948,12949,12949,1
2020-11-06,15:25:02.952000,12948,12949,12949,3
2020-11-06,15:25:03.954000,12949,12950,12949,5
2020-11-06,15:25:04.608000,12948,12949,12949,1
2020-11-06,15:25:04.761000,12948,12949,12949,2
2020-11-06,15:25:05.380000,12949,12950,12949,5
2020-11-06,15:25:14.090000,12949,12950,12950,1
2020-11-06,15:25:22.849000,12949,12950,12949,1
2020-11-06,15:25:31.337000,12949,12950,12950,1
2020-11-06,15:25:34.473000,12949,12950,12949,1
2020-11-06,15:25:34.559000,12949,12950,12949,2
2020-11-06,15:25:49.441000,12948,12950,12948,1
2020-11-06,15:25:52.659000,12948,12950,12948,1
2020-11-06,15:25:58.240000,12948,12949,12949,1
2020-11-06,15:25:58.240000,12948,12949,12949,2
2020-11-06,15:26:00.302000,12948,12949,12949,2
2020-11-06,15:26:02.381000,12949,12950,12950,1
2020-11-06,15:26:03.842000,12949,12950,12950,2
2020-11-06,15:26:07.656000,12949,12950,12950,1
2020-11-06,15:26:10.069000,12949,12950,12950,10
2020-11-06,15:26:10.069000,12949,12950,12950,1
2020-11-06,15:26:10.140000,12949,12951,12949,1
2020-11-06,15:26:14.022000,12949,12950,12950,1
2020-11-06,15:26:15.804000,12949,12950,12950,3
2020-11-06,15:26:15.804000,12949,12950,12950,1
2020-11-06,15:26:15.804000,12949,12950,12950,1
2020-11-06,15:26:16.927000,12949,12950,12950,7
2020-11-06,15:26:16.928000,12949,12950,12950,4
2020-11-06,15:26:16.928000,12949,12950,12950,1
2020-11-06,15:26:16.929000,12949,12950,12950,1
2020-11-06,15:26:16.929000,12949,12950,12950,2
2020-11-06,15:26:17.592000,12950,12951,12950,1
2020-11-06,15:26:27.959000,12949,12950,12950,1
2020-11-06,15:26:28.078000,12950,12951,12951,1
2020-11-06,15:26:28.460000,12950,12951,12951,1
2020-11-06,15:26:28.544000,12950,12951,12951,1
2020-11-06,15:26:29.048000,12950,12951,12951,1
2020-11-06,15:26:30.832000,12950,12951,12951,1
2020-11-06,15:26:32.862000,12950,12951,12950,1
2020-11-06,15:26:33.718000,12950,12951,12951,1
2020-11-06,15:26:33.906000,12950,12951,12951,1
2020-11-06,15:26:34.895000,12950,12951,12951,1
2020-11-06,15:26:34.989000,12950,12951,12951,1
2020-11-06,15:26:37.179000,12950,12951,12951,1
2020-11-06,15:26:37.486000,12950,12951,12950,1
2020-11-06,15:26:38.740000,12950,12951,12951,1
2020-11-06,15:26:38.741000,12950,12951,12951,1
2020-11-06,15:26:41.140000,12950,12951,12951,4
2020-11-06,15:26:43.790000,12950,12951,12950,1
2020-11-06,15:26:47.043000,12950,12951,12950,1
2020-11-06,15:26:50.727000,12950,12951,12951,2
2020-11-06,15:26:58.225000,12950,12951,12950,1
2020-11-06,15:26:58.980000,12950,12951,12951,2
2020-11-06,15:27:01.132000,12951,12952,12951,3
2020-11-06,15:27:01.466000,12950,12951,12951,1
2020-11-06,15:27:02.299000,12950,12951,12951,7
2020-11-06,15:27:06.014000,12951,12952,12952,1
2020-11-06,15:27:06.193000,12951,12952,12952,1
2020-11-06,15:27:06.195000,12951,12952,12952,1
2020-11-06,15:27:06.195000,12951,12952,12952,1
2020-11-06,15:27:06.195000,12951,12952,12952,1
2020-11-06,15:27:06.195000,12951,12952,12952,1
2020-11-06,15:27:06.195000,12951,12952,12952,1
2020-11-06,15:27:06.573000,12951,12952,12952,1
2020-11-06,15:27:06.773000,12951,12952,12952,2
2020-11-06,15:27:06.912000,12951,12952,12952,1
2020-11-06,15:27:08.315000,12951,12952,12952,4
2020-11-06,15:27:08.315000,12951,12952,12952,3
2020-11-06,15:27:12.639000,12952,12953,12953,24
2020-11-06,15:27:12.639000,12952,12953,12953,18
2020-11-06,15:27:13.033000,12952,12954,12952,2
2020-11-06,15:27:16.660000,12952,12954,12954,1
2020-11-06,15:27:16.886000,12952,12954,12954,5
2020-11-06,15:27:17.024000,12952,12954,12952,2
2020-11-06,15:27:17.028000,12952,12954,12954,1
2020-11-06,15:27:17.332000,12953,12954,12954,1
2020-11-06,15:27:17.365000,12953,12954,12954,38
2020-11-06,15:27:18.620000,12954,12955,12955,1
2020-11-06,15:27:18.805000,12954,12955,12954,1
2020-11-06,15:27:19.027000,12954,12955,12955,4
2020-11-06,15:27:19.178000,12954,12955,12955,2
2020-11-06,15:27:20.460000,12954,12955,12954,1
2020-11-06,15:27:20.525000,12953,12955,12955,25
2020-11-06,15:27:21.137000,12954,12955,12954,1
2020-11-06,15:27:21.897000,12953,12955,12955,1
2020-11-06,15:27:23.186000,12953,12955,12953,1
2020-11-06,15:27:24.098000,12953,12955,12955,2
2020-11-06,15:27:25.427000,12955,12956,12956,2
2020-11-06,15:27:25.628000,12955,12956,12956,1
2020-11-06,15:27:25.776000,12955,12956,12956,1
2020-11-06,15:27:25.835000,12955,12956,12956,2
2020-11-06,15:27:26.180000,12955,12956,12956,1
2020-11-06,15:27:26.406000,12955,12956,12956,1
2020-11-06,15:27:26.641000,12955,12956,12956,1
2020-11-06,15:27:27.255000,12955,12956,12956,1
2020-11-06,15:27:27.598000,12955,12956,12956,1
2020-11-06,15:27:28.008000,12955,12956,12956,1
2020-11-06,15:27:28.426000,12955,12956,12956,2
2020-11-06,15:27:28.881000,12955,12956,12956,1
2020-11-06,15:27:28.912000,12955,12956,12956,1
2020-11-06,15:27:29.193000,12955,12956,12956,1
2020-11-06,15:27:29.245000,12955,12956,12956,1
2020-11-06,15:27:29.615000,12955,12956,12956,2
2020-11-06,15:27:29.792000,12955,12956,12956,1
2020-11-06,15:27:30.664000,12955,12956,12956,1
2020-11-06,15:27:31.518000,12956,12957,12956,1
2020-11-06,15:27:31.587000,12956,12957,12957,1
2020-11-06,15:27:32.110000,12956,12957,12957,1
2020-11-06,15:27:32.131000,12956,12957,12957,1
2020-11-06,15:27:33.058000,12956,12957,12957,1
2020-11-06,15:27:33.341000,12956,12957,12957,1
2020-11-06,15:27:33.670000,12956,12957,12956,10
2020-11-06,15:27:33.671000,12956,12957,12956,4
2020-11-06,15:27:33.671000,12956,12957,12956,3
2020-11-06,15:27:38.388000,12955,12956,12956,1
2020-11-06,15:27:38.743000,12955,12956,12956,3
2020-11-06,15:27:40.647000,12956,12957,12957,1
2020-11-06,15:27:40.976000,12956,12957,12956,1
2020-11-06,15:27:41.428000,12955,12957,12957,1
2020-11-06,15:27:47.113000,12955,12956,12956,5
2020-11-06,15:27:47.113000,12955,12956,12956,1
2020-11-06,15:27:47.114000,12955,12956,12956,1
2020-11-06,15:27:47.432000,12955,12957,12955,1
2020-11-06,15:27:47.642000,12955,12957,12955,1
2020-11-06,15:27:48.065000,12955,12957,12955,1
2020-11-06,15:27:50.235000,12956,12957,12956,1
2020-11-06,15:27:55.161000,12955,12956,12956,1
2020-11-06,15:27:57.435000,12956,12957,12957,10
2020-11-06,15:27:57.468000,12956,12957,12957,1
2020-11-06,15:28:00.871000,12955,12956,12956,2
2020-11-06,15:28:03.977000,12956,12957,12956,1
2020-11-06,15:28:05.788000,12955,12957,12957,1
2020-11-06,15:28:06.174000,12955,12957,12957,1
2020-11-06,15:28:07.207000,12955,12957,12955,1
2020-11-06,15:28:07.265000,12955,12956,12956,1
2020-11-06,15:28:08.810000,12955,12956,12956,2
2020-11-06,15:28:10.408000,12955,12956,12956,1
2020-11-06,15:28:10.892000,12955,12956,12956,1
2020-11-06,15:28:11.562000,12955,12956,12956,4
2020-11-06,15:28:11.567000,12955,12956,12956,2
2020-11-06,15:28:16.188000,12955,12956,12955,1
2020-11-06,15:28:17.405000,12955,12956,12956,2
2020-11-06,15:28:19.552000,12955,12956,12956,1
2020-11-06,15:28:21.019000,12955,12956,12955,24
2020-11-06,15:28:21.869000,12954,12955,12955,2
2020-11-06,15:28:22.826000,12954,12955,12955,1
2020-11-06,15:28:24.363000,12954,12955,12954,1
2020-11-06,15:28:25.701000,12954,12955,12954,1
2020-11-06,15:28:27.584000,12953,12955,12955,1
2020-11-06,15:28:28.397000,12953,12955,12955,5
2020-11-06,15:28:29.001000,12953,12955,12955,1
2020-11-06,15:28:29.617000,12953,12955,12955,2
2020-11-06,15:28:31.016000,12953,12955,12955,5
2020-11-06,15:28:32.080000,12953,12955,12955,2
2020-11-06,15:28:33.225000,12953,12955,12953,6
2020-11-06,15:28:34.292000,12953,12954,12954,4
2020-11-06,15:28:34.292000,12953,12954,12955,1
2020-11-06,15:28:36.173000,12954,12955,12955,3
2020-11-06,15:28:36.786000,12954,12955,12955,3
2020-11-06,15:28:39.432000,12954,12955,12955,1
2020-11-06,15:28:40.765000,12954,12955,12955,1
2020-11-06,15:28:40.845000,12954,12955,12954,1
2020-11-06,15:28:44.645000,12955,12956,12955,3
2020-11-06,15:28:44.711000,12955,12956,12954,1
2020-11-06,15:28:46.654000,12955,12956,12955,1
2020-11-06,15:28:48.409000,12954,12955,12955,1
2020-11-06,15:28:49.459000,12955,12956,12956,3
2020-11-06,15:28:49.682000,12955,12956,12956,1
2020-11-06,15:28:51.962000,12955,12956,12956,1
2020-11-06,15:28:52.006000,12955,12956,12955,1
2020-11-06,15:29:02.414000,12955,12956,12956,2
2020-11-06,15:29:03.180000,12956,12957,12956,1
2020-11-06,15:29:03.488000,12955,12957,12957,1
2020-11-06,15:29:03.604000,12956,12957,12956,1
2020-11-06,15:29:09.116000,12956,12957,12956,1
2020-11-06,15:29:09.623000,12956,12957,12956,1
2020-11-06,15:29:11.170000,12956,12957,12956,1
2020-11-06,15:29:11.319000,12956,12957,12957,5
2020-11-06,15:29:15.387000,12956,12957,12957,2
2020-11-06,15:29:17.734000,12956,12957,12957,2
2020-11-06,15:29:18.059000,12957,12958,12957,1
2020-11-06,15:29:18.777000,12957,12958,12957,1
2020-11-06,15:29:21.243000,12957,12958,12958,5
2020-11-06,15:29:21.611000,12957,12958,12958,1
2020-11-06,15:29:21.706000,12957,12958,12958,1
2020-11-06,15:29:21.750000,12957,12958,12958,5
2020-11-06,15:29:22.077000,12957,12958,12957,1
2020-11-06,15:29:26.445000,12957,12958,12957,2
2020-11-06,15:29:31.689000,12957,12958,12957,1
2020-11-06,15:29:33.708000,12957,12958,12958,4
2020-11-06,15:29:34.653000,12957,12958,12958,1
2020-11-06,15:29:36.095000,12957,12958,12958,2
2020-11-06,15:29:40.418000,12957,12958,12958,1
2020-11-06,15:29:41.358000,12957,12958,12958,1
2020-11-06,15:29:41.913000,12957,12958,12958,1
2020-11-06,15:29:45.147000,12957,12958,12958,1
2020-11-06,15:29:45.618000,12957,12958,12958,8
2020-11-06,15:29:45.843000,12957,12958,12958,1
2020-11-06,15:29:46.711000,12957,12958,12958,1
2020-11-06,15:29:47.701000,12957,12958,12958,1
2020-11-06,15:29:50.438000,12957,12958,12957,1
2020-11-06,15:29:51.817000,12957,12958,12957,4
2020-11-06,15:29:51.817000,12957,12958,12957,27
2020-11-06,15:29:52.893000,12956,12957,12956,1
2020-11-06,15:29:56.130000,12956,12957,12957,3
2020-11-06,15:29:56.748000,12956,12957,12957,1
2020-11-06,15:30:01.070000,12957,12958,12958,1
2020-11-06,15:30:01.071000,12957,12958,12958,9
2020-11-06,15:30:01.071000,12957,12958,12958,4
2020-11-06,15:30:01.071000,12957,12958,12958,1
2020-11-06,15:30:01.071000,12957,12958,12958,2
2020-11-06,15:30:01.632000,12958,12959,12959,1
2020-11-06,15:30:01.636000,12958,12959,12959,1
2020-11-06,15:30:01.671000,12958,12959,12959,1
2020-11-06,15:30:01.675000,12958,12959,12958,1
2020-11-06,15:30:01.936000,12958,12959,12959,4
2020-11-06,15:30:02.123000,12958,12959,12958,1
2020-11-06,15:30:02.140000,12958,12959,12959,1
2020-11-06,15:30:02.629000,12958,12959,12959,1
2020-11-06,15:30:05.249000,12958,12959,12959,1
2020-11-06,15:30:06.549000,12958,12959,12958,1
2020-11-06,15:30:08.710000,12957,12958,12957,1
2020-11-06,15:30:09.182000,12957,12958,12958,1
2020-11-06,15:30:09.884000,12958,12959,12958,1
2020-11-06,15:30:10.026000,12957,12958,12958,1
2020-11-06,15:30:10.377000,12958,12959,12958,1
2020-11-06,15:30:10.696000,12958,12959,12959,9
2020-11-06,15:30:10.696000,12958,12959,12959,2
2020-11-06,15:30:10.696000,12958,12959,12959,2
2020-11-06,15:30:13.273000,12958,12960,12960,1
2020-11-06,15:30:13.432000,12958,12960,12960,3
2020-11-06,15:30:13.597000,12958,12960,12960,3
2020-11-06,15:30:13.777000,12958,12960,12960,4
2020-11-06,15:30:13.796000,12958,12960,12960,1
2020-11-06,15:30:13.830000,12958,12960,12960,1
2020-11-06,15:30:14.060000,12958,12960,12960,1
2020-11-06,15:30:14.512000,12958,12960,12958,5
2020-11-06,15:30:14.605000,12958,12960,12960,4
2020-11-06,15:30:14.703000,12958,12960,12960,1
2020-11-06,15:30:15.207000,12958,12960,12960,1
2020-11-06,15:30:15.217000,12958,12960,12960,1
2020-11-06,15:30:15.219000,12958,12960,12960,1
2020-11-06,15:30:15.566000,12958,12960,12959,1
2020-11-06,15:30:18.435000,12958,12959,12959,1
2020-11-06,15:30:19.648000,12958,12959,12959,3
2020-11-06,15:30:19.765000,12959,12960,12960,1
2020-11-06,15:30:20.258000,12959,12960,12959,1
2020-11-06,15:30:20.366000,12958,12960,12960,7
2020-11-06,15:30:20.695000,12959,12960,12960,1
2020-11-06,15:30:23.007000,12959,12960,12960,1
2020-11-06,15:30:23.569000,12959,12960,12959,2
2020-11-06,15:30:24.228000,12958,12960,12960,1
2020-11-06,15:30:24.356000,12959,12960,12959,1
2020-11-06,15:30:31.319000,12958,12959,12958,1
2020-11-06,15:30:31.442000,12958,12959,12959,2
2020-11-06,15:30:34.162000,12959,12960,12959,2
2020-11-06,15:30:34.163000,12959,12960,12959,1
2020-11-06,15:30:34.265000,12958,12959,12959,1
2020-11-06,15:30:34.266000,12958,12959,12959,1
2020-11-06,15:30:37.258000,12958,12959,12959,4
2020-11-06,15:30:39.970000,12958,12959,12958,1
2020-11-06,15:30:39.970000,12958,12959,12958,15
2020-11-06,15:30:40.260000,12957,12958,12958,1
2020-11-06,15:30:40.485000,12957,12958,12958,1
2020-11-06,15:30:42.098000,12957,12958,12957,1
2020-11-06,15:30:42.099000,12957,12958,12957,2
2020-11-06,15:30:42.099000,12957,12958,12957,3
2020-11-06,15:30:42.099000,12957,12958,12957,1
2020-11-06,15:30:42.099000,12957,12958,12957,2
2020-11-06,15:30:42.099000,12957,12958,12957,1
2020-11-06,15:30:42.099000,12957,12958,12957,6
2020-11-06,15:30:42.681000,12956,12957,12957,1
2020-11-06,15:30:42.681000,12956,12957,12958,3
2020-11-06,15:30:44.640000,12956,12957,12957,1
2020-11-06,15:30:47.070000,12956,12957,12957,1
2020-11-06,15:30:47.118000,12956,12957,12957,1
2020-11-06,15:30:47.118000,12956,12957,12958,1
2020-11-06,15:30:48.345000,12956,12958,12958,4
2020-11-06,15:30:49.460000,12957,12958,12957,2
2020-11-06,15:30:49.460000,12957,12958,12957,2
2020-11-06,15:30:49.460000,12957,12958,12957,1
2020-11-06,15:30:57.658000,12957,12958,12958,1
2020-11-06,15:30:58.085000,12957,12959,12957,1
2020-11-06,15:31:00.387000,12958,12959,12958,1
2020-11-06,15:31:02.685000,12957,12958,12957,1
2020-11-06,15:31:03.526000,12957,12958,12958,2
2020-11-06,15:31:04.580000,12958,12959,12959,5
2020-11-06,15:31:04.580000,12958,12959,12959,1
2020-11-06,15:31:06.893000,12959,12960,12960,2
2020-11-06,15:31:09.938000,12958,12960,12960,15
2020-11-06,15:31:12.785000,12959,12960,12959,2
2020-11-06,15:31:14.098000,12958,12960,12959,1
2020-11-06,15:31:14.810000,12958,12960,12960,3
2020-11-06,15:31:14.992000,12958,12960,12960,1
2020-11-06,15:31:19.750000,12959,12960,12960,3
2020-11-06,15:31:19.750000,12959,12960,12960,1
2020-11-06,15:31:19.750000,12959,12960,12960,5
2020-11-06,15:31:19.750000,12959,12960,12960,4
2020-11-06,15:31:19.750000,12959,12960,12960,3
2020-11-06,15:31:20.306000,12960,12961,12960,1
2020-11-06,15:31:20.390000,12960,12961,12961,1
2020-11-06,15:31:20.392000,12960,12961,12961,1
2020-11-06,15:31:20.657000,12960,12961,12961,2
2020-11-06,15:31:20.898000,12960,12961,12961,1
2020-11-06,15:31:21.940000,12961,12962,12961,2
2020-11-06,15:31:22.167000,12961,12962,12961,2
2020-11-06,15:31:22.539000,12961,12962,12961,2
2020-11-06,15:31:22.888000,12961,12962,12962,1
2020-11-06,15:31:23.226000,12961,12962,12962,1
2020-11-06,15:31:23.250000,12961,12962,12962,1
2020-11-06,15:31:23.252000,12961,12962,12962,2
2020-11-06,15:31:23.582000,12961,12962,12962,4
2020-11-06,15:31:23.813000,12961,12962,12961,2
2020-11-06,15:31:24.092000,12961,12962,12962,3
2020-11-06,15:31:28.178000,12961,12962,12961,1
2020-11-06,15:31:28.631000,12960,12961,12961,2
2020-11-06,15:31:29.445000,12960,12961,12961,1
2020-11-06,15:31:30.593000,12960,12961,12961,1
2020-11-06,15:31:30.632000,12960,12961,12961,1
2020-11-06,15:31:31.951000,12960,12962,12962,1
2020-11-06,15:31:32.145000,12960,12962,12960,2
2020-11-06,15:31:34.065000,12961,12962,12961,2
2020-11-06,15:31:34.600000,12960,12962,12961,1
2020-11-06,15:31:41.565000,12960,12961,12960,1
2020-11-06,15:31:42.057000,12960,12961,12961,1
2020-11-06,15:31:42.140000,12961,12962,12962,1
2020-11-06,15:31:43.275000,12961,12962,12961,1
2020-11-06,15:31:43.953000,12960,12962,12960,1
2020-11-06,15:31:45.502000,12961,12962,12961,1
2020-11-06,15:31:51.241000,12961,12962,12961,1
2020-11-06,15:31:51.409000,12961,12962,12961,1
2020-11-06,15:31:51.539000,12961,12962,12961,1
2020-11-06,15:31:51.540000,12961,12962,12961,1
2020-11-06,15:31:51.540000,12961,12962,12961,2
2020-11-06,15:31:52.145000,12960,12961,12961,1
2020-11-06,15:31:52.490000,12960,12961,12961,2
2020-11-06,15:31:54.994000,12960,12961,12961,5
2020-11-06,15:31:59.328000,12960,12961,12961,2
2020-11-06,15:31:59.948000,12961,12962,12961,2
2020-11-06,15:32:00.482000,12961,12962,12961,1
2020-11-06,15:32:01.404000,12961,12962,12961,1
2020-11-06,15:32:03.651000,12961,12962,12961,1
2020-11-06,15:32:05.564000,12961,12962,12962,5
2020-11-06,15:32:05.894000,12961,12962,12962,1
2020-11-06,15:32:08.300000,12961,12962,12961,1
2020-11-06,15:32:09.225000,12961,12962,12961,1
2020-11-06,15:32:12.925000,12961,12962,12961,1
2020-11-06,15:32:14.944000,12960,12961,12961,1
2020-11-06,15:32:18.548000,12960,12961,12961,1
2020-11-06,15:32:19.794000,12960,12961,12960,1
2020-11-06,15:32:21.147000,12960,12961,12960,1
2020-11-06,15:32:25.297000,12960,12961,12960,1
2020-11-06,15:32:25.856000,12960,12961,12960,1
2020-11-06,15:32:29.635000,12960,12961,12961,5
2020-11-06,15:32:33.152000,12960,12961,12960,1
2020-11-06,15:32:36.752000,12960,12961,12960,2
2020-11-06,15:32:36.752000,12960,12961,12960,5
2020-11-06,15:32:36.752000,12960,12961,12960,4
2020-11-06,15:32:41.536000,12959,12960,12960,8
2020-11-06,15:32:45.857000,12959,12960,12960,1
2020-11-06,15:32:54.948000,12959,12960,12960,1
2020-11-06,15:32:57.080000,12959,12960,12960,1
2020-11-06,15:33:01.644000,12959,12960,12960,1
2020-11-06,15:33:02.091000,12959,12960,12960,3
2020-11-06,15:33:05.466000,12960,12961,12960,2
2020-11-06,15:33:07.534000,12959,12960,12960,2
2020-11-06,15:33:11.070000,12959,12960,12960,1
2020-11-06,15:33:20.094000,12959,12960,12960,1
2020-11-06,15:33:20.810000,12959,12960,12960,2
2020-11-06,15:33:24.075000,12959,12960,12960,1
2020-11-06,15:33:25.527000,12959,12960,12959,1
2020-11-06,15:33:25.915000,12959,12960,12960,1
2020-11-06,15:33:28.901000,12959,12960,12960,1
2020-11-06,15:33:29.955000,12959,12960,12960,1
2020-11-06,15:33:37.511000,12959,12960,12959,1
2020-11-06,15:33:37.512000,12959,12960,12959,2
2020-11-06,15:33:37.512000,12959,12960,12959,4
2020-11-06,15:33:37.512000,12959,12960,12959,2
2020-11-06,15:33:37.512000,12959,12960,12959,24
2020-11-06,15:33:37.512000,12959,12960,12959,4
2020-11-06,15:33:37.513000,12959,12960,12959,1
2020-11-06,15:33:37.513000,12959,12960,12959,5
2020-11-06,15:33:41.059000,12959,12960,12959,1
2020-11-06,15:33:41.414000,12958,12960,12958,2
2020-11-06,15:33:54.010000,12959,12960,12960,1
2020-11-06,15:34:01.219000,12959,12960,12960,15
2020-11-06,15:34:08.471000,12959,12960,12960,1
2020-11-06,15:34:15.084000,12960,12961,12960,6
2020-11-06,15:34:21.066000,12960,12961,12960,1
2020-11-06,15:34:23.950000,12960,12961,12960,1
2020-11-06,15:34:24.195000,12960,12961,12960,1
2020-11-06,15:34:25.229000,12960,12961,12960,2
2020-11-06,15:34:25.589000,12960,12961,12961,1
2020-11-06,15:34:28.129000,12960,12961,12961,1
2020-11-06,15:34:29.281000,12960,12961,12960,1
2020-11-06,15:34:29.477000,12960,12961,12960,1
2020-11-06,15:34:33.368000,12959,12960,12959,1
2020-11-06,15:34:45.396000,12959,12960,12960,1
2020-11-06,15:34:57.174000,12960,12961,12960,1
2020-11-06,15:34:58.818000,12960,12961,12960,1
2020-11-06,15:34:59.873000,12960,12961,12960,2
2020-11-06,15:34:59.873000,12960,12961,12959,1
2020-11-06,15:35:10.009000,12959,12960,12960,2
2020-11-06,15:35:10.278000,12960,12961,12960,1
2020-11-06,15:35:18.671000,12960,12961,12960,1
2020-11-06,15:35:19.436000,12960,12961,12960,1
2020-11-06,15:35:22.895000,12960,12961,12960,1
2020-11-06,15:35:27.891000,12959,12960,12960,2
2020-11-06,15:35:27.892000,12959,12960,12960,1
2020-11-06,15:35:34.830000,12960,12961,12961,12
2020-11-06,15:35:34.830000,12960,12961,12961,6
2020-11-06,15:35:37.629000,12961,12962,12962,1
2020-11-06,15:35:37.630000,12961,12962,12962,11
2020-11-06,15:35:37.630000,12961,12962,12962,1
2020-11-06,15:35:37.951000,12962,12963,12963,1
2020-11-06,15:35:38.013000,12962,12963,12963,2
2020-11-06,15:35:38.016000,12962,12963,12963,2
2020-11-06,15:35:38.016000,12962,12963,12963,1
2020-11-06,15:35:38.016000,12962,12963,12963,1
2020-11-06,15:35:38.016000,12962,12963,12963,2
2020-11-06,15:35:38.016000,12962,12963,12963,9
2020-11-06,15:35:38.017000,12962,12963,12963,11
2020-11-06,15:35:38.017000,12962,12963,12963,1
2020-11-06,15:35:38.017000,12962,12963,12964,1
2020-11-06,15:35:38.018000,12962,12963,12964,1
2020-11-06,15:35:38.019000,12962,12963,12964,1
2020-11-06,15:35:38.020000,12962,12963,12964,1
2020-11-06,15:35:38.021000,12962,12963,12964,1
2020-11-06,15:35:38.108000,12962,12963,12964,2
2020-11-06,15:35:38.123000,12962,12963,12964,1
2020-11-06,15:35:38.159000,12963,12964,12964,2
2020-11-06,15:35:38.241000,12963,12964,12964,1
2020-11-06,15:35:38.581000,12963,12964,12964,1
2020-11-06,15:35:41.239000,12963,12965,12965,2
2020-11-06,15:35:41.381000,12963,12965,12965,1
2020-11-06,15:35:41.494000,12963,12965,12965,2
2020-11-06,15:35:45.224000,12962,12964,12964,2
2020-11-06,15:35:45.916000,12962,12964,12962,1
2020-11-06,15:35:46.289000,12962,12964,12962,1
2020-11-06,15:35:55.634000,12962,12964,12964,1
2020-11-06,15:35:55.640000,12962,12964,12964,1
2020-11-06,15:35:55.640000,12962,12964,12964,1
2020-11-06,15:35:57.422000,12963,12964,12963,1
2020-11-06,15:35:58.022000,12962,12963,12963,1
2020-11-06,15:36:03.938000,12962,12964,12963,4
2020-11-06,15:36:04.257000,12962,12964,12964,1
2020-11-06,15:36:04.278000,12962,12964,12964,2
2020-11-06,15:36:04.403000,12962,12964,12964,1
2020-11-06,15:36:04.555000,12963,12964,12964,1
2020-11-06,15:36:04.752000,12963,12964,12963,1
2020-11-06,15:36:05.039000,12962,12963,12963,1
2020-11-06,15:36:08.910000,12962,12963,12963,1
2020-11-06,15:36:09.355000,12962,12963,12963,1
2020-11-06,15:36:09.510000,12962,12963,12963,2
2020-11-06,15:36:10.078000,12962,12963,12963,3
2020-11-06,15:36:10.402000,12962,12963,12963,2
2020-11-06,15:36:11.020000,12962,12963,12963,2
2020-11-06,15:36:11.131000,12962,12963,12962,2
2020-11-06,15:36:11.131000,12962,12963,12962,3
2020-11-06,15:36:11.132000,12962,12963,12962,3
2020-11-06,15:36:11.433000,12961,12962,12961,1
2020-11-06,15:36:11.522000,12961,12962,12961,2
2020-11-06,15:36:13.032000,12961,12962,12961,1
2020-11-06,15:36:21.215000,12961,12962,12961,1
2020-11-06,15:36:24.823000,12961,12962,12962,1
2020-11-06,15:36:28.261000,12962,12963,12962,1
2020-11-06,15:36:29.852000,12962,12963,12962,1
2020-11-06,15:36:30.904000,12961,12963,12963,1
2020-11-06,15:36:33.803000,12961,12962,12962,9
2020-11-06,15:36:33.804000,12961,12962,12962,1
2020-11-06,15:36:41.250000,12962,12963,12962,1
2020-11-06,15:36:41.722000,12962,12963,12962,1
2020-11-06,15:36:42.283000,12961,12963,12961,1
2020-11-06,15:36:51.639000,12961,12962,12961,1
2020-11-06,15:36:55.048000,12961,12962,12962,5
2020-11-06,15:37:00.953000,12962,12963,12963,2
2020-11-06,15:37:02.267000,12962,12963,12963,1
2020-11-06,15:37:02.268000,12962,12963,12963,1
2020-11-06,15:37:02.268000,12962,12963,12963,2
2020-11-06,15:37:03.663000,12963,12964,12963,3
2020-11-06,15:37:03.880000,12963,12964,12964,1
2020-11-06,15:37:05.947000,12963,12964,12963,3
2020-11-06,15:37:10.023000,12962,12964,12964,1
2020-11-06,15:37:13.165000,12962,12964,12962,12
2020-11-06,15:37:13.165000,12962,12964,12961,3
2020-11-06,15:37:13.166000,12962,12964,12962,2
2020-11-06,15:37:14.486000,12961,12963,12963,2
2020-11-06,15:37:22.668000,12962,12963,12962,1
2020-11-06,15:37:23.070000,12962,12963,12963,1
2020-11-06,15:37:28.019000,12962,12963,12963,2
2020-11-06,15:37:28.019000,12962,12963,12963,1
2020-11-06,15:37:42.267000,12962,12963,12962,1
2020-11-06,15:37:43.091000,12962,12963,12962,8
2020-11-06,15:37:45.782000,12961,12963,12963,1
2020-11-06,15:37:49.926000,12961,12963,12961,1
2020-11-06,15:38:08.164000,12961,12962,12962,5
2020-11-06,15:38:11.545000,12961,12962,12961,1
2020-11-06,15:38:11.545000,12961,12962,12961,9
2020-11-06,15:38:13.108000,12960,12961,12961,1
2020-11-06,15:38:18.007000,12960,12961,12961,1
2020-11-06,15:38:29.494000,12960,12961,12961,2
2020-11-06,15:38:29.890000,12961,12962,12961,1
2020-11-06,15:38:35.190000,12961,12962,12962,1
2020-11-06,15:38:40.313000,12961,12962,12961,1
2020-11-06,15:38:44.880000,12961,12962,12962,3
2020-11-06,15:38:47.128000,12962,12963,12962,1
2020-11-06,15:38:49.971000,12962,12963,12963,13
2020-11-06,15:38:55.318000,12963,12964,12964,2
2020-11-06,15:39:06.356000,12963,12964,12964,4
2020-11-06,15:39:06.745000,12964,12965,12965,4
2020-11-06,15:39:06.750000,12964,12965,12965,1
2020-11-06,15:39:06.927000,12964,12965,12965,1
2020-11-06,15:39:06.927000,12964,12965,12965,3
2020-11-06,15:39:06.928000,12964,12965,12965,2
2020-11-06,15:39:06.928000,12964,12965,12965,1
2020-11-06,15:39:06.928000,12964,12965,12965,1
2020-11-06,15:39:06.928000,12964,12965,12965,4
2020-11-06,15:39:09.649000,12964,12966,12964,1
2020-11-06,15:39:10.331000,12964,12965,12964,4
2020-11-06,15:39:11.498000,12964,12965,12965,2
2020-11-06,15:39:18.952000,12964,12965,12965,1
2020-11-06,15:39:27.320000,12964,12965,12964,3
2020-11-06,15:39:27.320000,12964,12965,12964,2
2020-11-06,15:39:27.320000,12964,12965,12964,1
2020-11-06,15:39:32.357000,12962,12963,12963,1
2020-11-06,15:39:33.227000,12963,12965,12963,1
2020-11-06,15:39:36.384000,12963,12964,12964,1
2020-11-06,15:39:38.408000,12963,12965,12964,1
2020-11-06,15:39:41.691000,12963,12964,12963,1
2020-11-06,15:39:47.367000,12963,12964,12964,1
2020-11-06,15:39:47.367000,12963,12964,12964,1
2020-11-06,15:39:47.367000,12963,12964,12964,2
2020-11-06,15:39:47.367000,12963,12964,12964,1
2020-11-06,15:39:47.367000,12963,12964,12964,1
2020-11-06,15:39:47.368000,12963,12964,12964,8
2020-11-06,15:39:47.824000,12964,12965,12964,1
2020-11-06,15:39:53.946000,12964,12965,12965,1
2020-11-06,15:39:54.439000,12964,12965,12964,1
2020-11-06,15:39:55.720000,12964,12965,12965,1
2020-11-06,15:39:58.612000,12964,12965,12965,2
2020-11-06,15:39:58.992000,12964,12965,12964,1
2020-11-06,15:39:59.085000,12964,12965,12965,4
2020-11-06,15:40:00.486000,12964,12965,12965,1
2020-11-06,15:40:00.522000,12964,12965,12965,1
2020-11-06,15:40:00.678000,12964,12965,12965,3
2020-11-06,15:40:00.678000,12964,12965,12966,1
2020-11-06,15:40:00.771000,12964,12966,12966,4
2020-11-06,15:40:00.800000,12964,12966,12966,3
2020-11-06,15:40:00.825000,12964,12966,12966,1
2020-11-06,15:40:01.357000,12964,12966,12966,1
2020-11-06,15:40:01.391000,12964,12966,12966,1
2020-11-06,15:40:01.392000,12964,12966,12966,1
2020-11-06,15:40:01.797000,12964,12966,12966,1
2020-11-06,15:40:01.950000,12964,12966,12966,2
2020-11-06,15:40:02.661000,12965,12966,12965,2
2020-11-06,15:40:04.163000,12965,12966,12966,4
2020-11-06,15:40:05.080000,12965,12966,12966,3
2020-11-06,15:40:05.494000,12965,12966,12965,3
2020-11-06,15:40:05.751000,12965,12966,12966,1
2020-11-06,15:40:07.766000,12965,12966,12966,3
2020-11-06,15:40:13.672000,12966,12967,12967,1
2020-11-06,15:40:13.765000,12966,12967,12967,1
2020-11-06,15:40:13.765000,12966,12967,12967,1
2020-11-06,15:40:14.055000,12966,12967,12967,2
2020-11-06,15:40:15.005000,12966,12967,12967,2
2020-11-06,15:40:15.039000,12966,12967,12967,1
2020-11-06,15:40:15.424000,12966,12967,12967,1
2020-11-06,15:40:15.432000,12966,12967,12967,1
2020-11-06,15:40:15.525000,12966,12967,12967,1
2020-11-06,15:40:19.871000,12966,12967,12967,1
2020-11-06,15:40:21.237000,12966,12967,12966,1
2020-11-06,15:40:21.265000,12966,12967,12967,1
2020-11-06,15:40:21.265000,12966,12967,12967,1
2020-11-06,15:40:22.942000,12966,12967,12967,1
2020-11-06,15:40:23.186000,12966,12967,12966,1
2020-11-06,15:40:23.186000,12966,12967,12966,4
2020-11-06,15:40:23.186000,12966,12967,12966,5
2020-11-06,15:40:23.186000,12966,12967,12966,1
2020-11-06,15:40:23.186000,12966,12967,12966,2
2020-11-06,15:40:23.810000,12965,12966,12965,1
2020-11-06,15:40:23.810000,12965,12966,12964,1
2020-11-06,15:40:24.582000,12964,12966,12966,2
2020-11-06,15:40:26.474000,12965,12967,12967,5
2020-11-06,15:40:36.670000,12966,12967,12966,3
2020-11-06,15:40:36.766000,12966,12967,12967,1
2020-11-06,15:40:38.051000,12966,12967,12966,4
2020-11-06,15:40:38.051000,12966,12967,12966,1
2020-11-06,15:40:38.052000,12966,12967,12966,1
2020-11-06,15:40:38.140000,12965,12966,12966,1
2020-11-06,15:40:38.140000,12965,12966,12966,1
2020-11-06,15:40:38.140000,12965,12966,12966,1
2020-11-06,15:40:38.141000,12965,12966,12966,1
2020-11-06,15:40:38.141000,12965,12966,12966,1
2020-11-06,15:40:38.142000,12965,12966,12966,1
2020-11-06,15:40:38.142000,12965,12966,12966,1
2020-11-06,15:40:38.142000,12965,12966,12966,1
2020-11-06,15:40:38.143000,12965,12966,12966,1
2020-11-06,15:40:38.143000,12965,12966,12966,1
2020-11-06,15:40:38.143000,12965,12966,12966,1
2020-11-06,15:40:38.144000,12965,12966,12966,1
2020-11-06,15:40:38.145000,12965,12966,12966,1
2020-11-06,15:40:38.146000,12965,12966,12966,1
2020-11-06,15:40:38.146000,12965,12966,12966,1
2020-11-06,15:40:38.147000,12965,12966,12966,1
2020-11-06,15:40:38.147000,12965,12966,12967,1
2020-11-06,15:40:38.316000,12965,12966,12966,1
2020-11-06,15:40:38.577000,12965,12966,12965,2
2020-11-06,15:40:38.577000,12965,12966,12965,2
2020-11-06,15:40:38.577000,12965,12966,12965,3
2020-11-06,15:40:38.729000,12964,12966,12964,1
2020-11-06,15:40:41.185000,12964,12965,12965,1
2020-11-06,15:40:42.653000,12964,12965,12965,2
2020-11-06,15:40:42.653000,12964,12965,12966,13
2020-11-06,15:40:42.979000,12964,12966,12965,3
2020-11-06,15:40:46.215000,12964,12965,12965,2
2020-11-06,15:40:49.763000,12964,12965,12964,2
2020-11-06,15:40:54.844000,12963,12964,12964,1
2020-11-06,15:40:57.138000,12963,12964,12963,5
2020-11-06,15:40:57.287000,12962,12964,12964,2
2020-11-06,15:40:58.412000,12963,12964,12963,1
2020-11-06,15:40:58.418000,12963,12964,12963,1
2020-11-06,15:40:59.745000,12963,12964,12964,1
2020-11-06,15:41:07.519000,12963,12964,12964,6
2020-11-06,15:41:07.519000,12963,12964,12964,1
2020-11-06,15:41:07.519000,12963,12964,12964,1
2020-11-06,15:41:07.519000,12963,12964,12964,5
2020-11-06,15:41:07.519000,12963,12964,12964,3
2020-11-06,15:41:09.129000,12964,12965,12964,1
2020-11-06,15:41:10.675000,12964,12965,12964,1
2020-11-06,15:41:14.346000,12964,12965,12964,1
2020-11-06,15:41:15.242000,12964,12965,12964,2
2020-11-06,15:41:23.721000,12964,12965,12964,1
2020-11-06,15:41:23.721000,12964,12965,12963,1
2020-11-06,15:41:24.110000,12963,12965,12965,1
2020-11-06,15:41:25.574000,12964,12965,12964,1
2020-11-06,15:41:26.488000,12964,12965,12964,2
2020-11-06,15:41:26.874000,12964,12965,12964,1
2020-11-06,15:41:26.875000,12964,12965,12964,1
2020-11-06,15:41:29.086000,12964,12965,12965,1
2020-11-06,15:41:29.088000,12964,12965,12965,1
2020-11-06,15:41:29.799000,12964,12965,12964,2
2020-11-06,15:41:33.605000,12963,12964,12964,1
2020-11-06,15:41:33.719000,12963,12964,12963,1
2020-11-06,15:41:38.246000,12963,12964,12964,1
2020-11-06,15:41:41.171000,12963,12964,12964,1
2020-11-06,15:41:46.169000,12963,12964,12964,2
2020-11-06,15:41:46.732000,12963,12964,12963,3
2020-11-06,15:41:46.950000,12962,12963,12963,1
2020-11-06,15:41:53.367000,12962,12963,12962,2
2020-11-06,15:41:58.459000,12962,12963,12962,1
2020-11-06,15:42:01.633000,12962,12963,12962,1
2020-11-06,15:42:01.888000,12962,12963,12963,1
2020-11-06,15:42:01.936000,12962,12963,12963,2
2020-11-06,15:42:02.489000,12962,12963,12963,2
2020-11-06,15:42:03.631000,12962,12963,12962,1
2020-11-06,15:42:06.964000,12962,12963,12962,1
2020-11-06,15:42:12.995000,12962,12963,12962,1
2020-11-06,15:42:14.262000,12962,12963,12962,1
2020-11-06,15:42:16.655000,12962,12963,12962,2
2020-11-06,15:42:22.434000,12962,12963,12963,1
2020-11-06,15:42:34.777000,12962,12963,12962,1
2020-11-06,15:42:47.723000,12962,12963,12963,2
2020-11-06,15:42:50.169000,12962,12963,12963,3
2020-11-06,15:42:55.535000,12962,12963,12963,1
2020-11-06,15:42:56.876000,12962,12963,12963,5
2020-11-06,15:43:09.731000,12962,12963,12963,1
2020-11-06,15:43:15.525000,12963,12964,12964,1
2020-11-06,15:43:19.602000,12963,12964,12963,1
2020-11-06,15:43:19.603000,12963,12964,12963,1
2020-11-06,15:43:20.530000,12962,12963,12963,1
2020-11-06,15:43:35.171000,12962,12963,12963,1
2020-11-06,15:43:53.127000,12962,12963,12962,7
2020-11-06,15:43:53.127000,12962,12963,12962,2
2020-11-06,15:43:53.127000,12962,12963,12962,9
2020-11-06,15:43:59.571000,12961,12962,12962,1
2020-11-06,15:44:01.207000,12961,12962,12962,1
2020-11-06,15:44:02.215000,12961,12962,12962,1
2020-11-06,15:44:02.681000,12961,12962,12962,1
2020-11-06,15:44:06.221000,12961,12962,12962,1
2020-11-06,15:44:06.856000,12962,12963,12962,2
2020-11-06,15:44:08.177000,12962,12963,12962,2
2020-11-06,15:44:17.493000,12962,12963,12962,2
2020-11-06,15:44:24.848000,12961,12962,12962,1
2020-11-06,15:44:25.939000,12961,12962,12962,1
2020-11-06,15:44:27.449000,12961,12963,12963,1
2020-11-06,15:44:29.508000,12961,12962,12962,1
2020-11-06,15:44:31.875000,12961,12962,12962,1
2020-11-06,15:44:32.138000,12961,12962,12961,3
2020-11-06,15:44:32.244000,12961,12962,12962,2
2020-11-06,15:44:32.499000,12962,12963,12962,1
2020-11-06,15:44:32.499000,12962,12963,12962,4
2020-11-06,15:44:39.158000,12961,12962,12961,2
2020-11-06,15:44:42.398000,12961,12962,12961,2
2020-11-06,15:44:42.399000,12961,12962,12961,11
2020-11-06,15:44:42.399000,12961,12962,12961,1
2020-11-06,15:44:46.251000,12960,12961,12960,2
2020-11-06,15:44:46.479000,12960,12961,12960,1
2020-11-06,15:44:47.456000,12960,12961,12960,2
2020-11-06,15:44:47.759000,12960,12961,12960,1
2020-11-06,15:44:51.860000,12960,12961,12960,6
2020-11-06,15:44:59.180000,12960,12961,12960,1
2020-11-06,15:45:02.514000,12960,12961,12961,5
2020-11-06,15:45:02.563000,12960,12961,12960,2
2020-11-06,15:45:05.125000,12960,12961,12960,3
2020-11-06,15:45:07.728000,12960,12961,12960,1
2020-11-06,15:45:18.379000,12960,12961,12961,9
2020-11-06,15:45:22.511000,12961,12962,12961,1
2020-11-06,15:45:23.959000,12961,12962,12961,1
2020-11-06,15:45:24.880000,12961,12962,12961,1
2020-11-06,15:45:30.592000,12961,12962,12962,2
2020-11-06,15:45:30.592000,12961,12962,12962,1
2020-11-06,15:45:30.592000,12961,12962,12962,1
2020-11-06,15:45:30.592000,12961,12962,12962,1
2020-11-06,15:45:30.592000,12961,12962,12962,2
2020-11-06,15:45:31.691000,12962,12963,12962,8
2020-11-06,15:45:32.302000,12962,12963,12963,1
2020-11-06,15:45:32.303000,12962,12963,12963,9
2020-11-06,15:45:32.303000,12962,12963,12963,2
2020-11-06,15:45:32.303000,12962,12963,12963,2
2020-11-06,15:45:45.738000,12962,12963,12962,1
2020-11-06,15:45:47.726000,12962,12963,12962,2
2020-11-06,15:45:51.579000,12962,12963,12962,1
2020-11-06,15:45:53.220000,12962,12963,12962,2
2020-11-06,15:46:02.881000,12961,12962,12962,1
2020-11-06,15:46:19.678000,12962,12963,12963,2
2020-11-06,15:46:27.865000,12962,12963,12962,3
2020-11-06,15:46:36.499000,12962,12963,12962,1
2020-11-06,15:46:39.702000,12962,12963,12963,2
2020-11-06,15:46:42.106000,12962,12963,12962,1
2020-11-06,15:46:46.793000,12962,12963,12962,2
2020-11-06,15:46:47.643000,12962,12963,12963,1
2020-11-06,15:46:48.013000,12962,12963,12963,5
2020-11-06,15:46:49.288000,12963,12964,12963,1
2020-11-06,15:47:01.983000,12963,12964,12963,1
2020-11-06,15:47:09.612000,12963,12964,12963,1
2020-11-06,15:47:09.805000,12962,12963,12963,1
2020-11-06,15:47:10.628000,12962,12963,12963,2
2020-11-06,15:47:28.257000,12963,12964,12963,2
2020-11-06,15:47:36.764000,12963,12964,12964,14
2020-11-06,15:47:36.764000,12963,12964,12964,3
2020-11-06,15:47:36.765000,12963,12964,12964,1
2020-11-06,15:47:36.765000,12963,12964,12964,1
2020-11-06,15:47:36.765000,12963,12964,12964,4
2020-11-06,15:47:36.765000,12963,12964,12964,8
2020-11-06,15:47:40.836000,12964,12965,12964,1
2020-11-06,15:47:49.293000,12963,12964,12964,1
2020-11-06,15:47:49.293000,12963,12964,12965,1
2020-11-06,15:47:50.552000,12964,12965,12964,1
2020-11-06,15:48:09.276000,12963,12964,12963,1
2020-11-06,15:48:09.276000,12963,12964,12963,12
2020-11-06,15:48:09.714000,12962,12963,12963,1
2020-11-06,15:48:09.771000,12962,12963,12963,1
2020-11-06,15:48:10.067000,12962,12964,12964,1
2020-11-06,15:48:10.586000,12962,12964,12964,6
2020-11-06,15:48:19.050000,12962,12963,12962,1
2020-11-06,15:48:19.050000,12962,12963,12962,4
2020-11-06,15:48:19.050000,12962,12963,12962,3
2020-11-06,15:48:25.523000,12961,12962,12961,1
2020-11-06,15:48:25.524000,12961,12962,12961,4
2020-11-06,15:48:25.524000,12961,12962,12961,3
2020-11-06,15:48:25.549000,12961,12962,12961,2
2020-11-06,15:48:25.574000,12961,12962,12961,2
2020-11-06,15:48:25.600000,12961,12962,12961,2
2020-11-06,15:48:25.638000,12961,12962,12961,2
2020-11-06,15:48:25.733000,12961,12962,12961,2
2020-11-06,15:48:25.758000,12961,12962,12961,2
2020-11-06,15:48:25.764000,12960,12961,12961,2
2020-11-06,15:48:25.790000,12960,12961,12961,1
2020-11-06,15:48:28.934000,12961,12962,12961,5
2020-11-06,15:48:30.577000,12960,12961,12961,1
2020-11-06,15:48:41.370000,12960,12961,12960,1
2020-11-06,15:48:44.578000,12960,12961,12960,1
2020-11-06,15:48:44.697000,12960,12961,12960,1
2020-11-06,15:48:44.791000,12960,12961,12960,1
2020-11-06,15:48:46.409000,12960,12961,12960,9
2020-11-06,15:48:46.409000,12960,12961,12960,9
2020-11-06,15:48:46.776000,12959,12960,12959,1
2020-11-06,15:48:46.794000,12959,12960,12959,1
2020-11-06,15:48:46.808000,12959,12960,12959,2
2020-11-06,15:48:46.823000,12959,12960,12959,3
2020-11-06,15:48:46.837000,12959,12960,12959,1
2020-11-06,15:48:48.316000,12959,12960,12960,2
2020-11-06,15:48:48.500000,12959,12960,12960,1
2020-11-06,15:48:48.501000,12959,12960,12960,1
2020-11-06,15:48:49.672000,12960,12961,12960,1
2020-11-06,15:48:53.874000,12959,12960,12960,1
2020-11-06,15:48:53.931000,12959,12961,12960,1
2020-11-06,15:48:59.594000,12959,12960,12959,1
2020-11-06,15:49:03.184000,12959,12960,12960,3
2020-11-06,15:49:03.477000,12959,12961,12961,1
2020-11-06,15:49:05.262000,12960,12961,12960,1
2020-11-06,15:49:10.149000,12960,12961,12960,1
2020-11-06,15:49:15.893000,12960,12961,12960,2
2020-11-06,15:49:17.511000,12960,12961,12960,1
2020-11-06,15:49:19.695000,12960,12961,12961,1
2020-11-06,15:49:25.036000,12960,12961,12960,3
2020-11-06,15:49:31.976000,12959,12960,12959,1
2020-11-06,15:49:41.415000,12959,12960,12959,3
2020-11-06,15:49:41.702000,12959,12960,12960,1
2020-11-06,15:49:48.795000,12959,12960,12959,1
2020-11-06,15:49:50.990000,12959,12960,12959,2
2020-11-06,15:49:50.991000,12959,12960,12959,1
2020-11-06,15:49:50.991000,12959,12960,12959,1
2020-11-06,15:49:50.991000,12959,12960,12959,4
2020-11-06,15:49:51.789000,12958,12959,12958,1
2020-11-06,15:49:52.316000,12958,12959,12959,1
2020-11-06,15:49:52.773000,12958,12959,12959,2
2020-11-06,15:49:53.220000,12958,12959,12959,3
2020-11-06,15:50:01.197000,12958,12959,12959,2
2020-11-06,15:50:04.238000,12958,12959,12959,3
2020-11-06,15:50:04.239000,12958,12959,12959,1
2020-11-06,15:50:10.208000,12958,12959,12959,1
2020-11-06,15:50:14.140000,12958,12959,12958,2
2020-11-06,15:50:15.120000,12958,12959,12958,2
2020-11-06,15:50:18.980000,12958,12959,12958,3
2020-11-06,15:50:23.290000,12958,12959,12958,6
2020-11-06,15:50:24.619000,12958,12959,12959,1
2020-11-06,15:50:27.092000,12958,12959,12958,1
2020-11-06,15:50:30.513000,12958,12959,12958,1
2020-11-06,15:50:33.474000,12958,12959,12958,1
2020-11-06,15:50:33.474000,12958,12959,12958,4
2020-11-06,15:50:33.474000,12958,12959,12958,3
2020-11-06,15:50:33.474000,12958,12959,12958,1
2020-11-06,15:50:33.474000,12958,12959,12958,3
2020-11-06,15:50:33.475000,12958,12959,12958,10
2020-11-06,15:50:37.487000,12957,12958,12957,1
2020-11-06,15:50:37.544000,12957,12958,12957,1
2020-11-06,15:50:40.336000,12957,12958,12957,1
2020-11-06,15:50:43.844000,12957,12958,12957,1
2020-11-06,15:50:48.793000,12957,12958,12957,2
2020-11-06,15:50:49.942000,12957,12958,12958,1
2020-11-06,15:50:54.217000,12957,12958,12958,1
2020-11-06,15:50:55.591000,12957,12958,12957,10
2020-11-06,15:50:59.030000,12957,12958,12957,5
2020-11-06,15:50:59.031000,12957,12958,12957,1
2020-11-06,15:50:59.031000,12957,12958,12957,4
2020-11-06,15:50:59.031000,12957,12958,12957,1
2020-11-06,15:50:59.031000,12957,12958,12957,4
2020-11-06,15:50:59.032000,12957,12958,12957,3
2020-11-06,15:50:59.888000,12956,12957,12957,1
2020-11-06,15:51:00.090000,12956,12957,12957,1
2020-11-06,15:51:07.764000,12956,12957,12956,1
2020-11-06,15:51:08.014000,12956,12957,12956,1
2020-11-06,15:51:11.158000,12956,12957,12956,1
2020-11-06,15:51:11.883000,12956,12957,12957,1
2020-11-06,15:51:12.927000,12956,12957,12957,1
2020-11-06,15:51:13.314000,12956,12957,12957,1
2020-11-06,15:51:13.738000,12956,12957,12956,4
2020-11-06,15:51:16.643000,12956,12957,12956,1
2020-11-06,15:51:17.795000,12956,12957,12956,4
2020-11-06,15:51:20.034000,12956,12957,12956,1
2020-11-06,15:51:26.055000,12956,12957,12956,1
2020-11-06,15:51:26.673000,12956,12957,12957,2
2020-11-06,15:51:26.874000,12956,12957,12957,2
2020-11-06,15:51:26.874000,12956,12957,12957,7
2020-11-06,15:51:26.874000,12956,12957,12957,3
2020-11-06,15:51:31.427000,12957,12958,12957,1
2020-11-06,15:51:35.813000,12957,12958,12958,18
2020-11-06,15:51:35.813000,12957,12958,12958,2
2020-11-06,15:51:35.813000,12957,12958,12958,2
2020-11-06,15:51:51.653000,12958,12959,12959,1
2020-11-06,15:52:00.058000,12959,12960,12959,1
2020-11-06,15:52:00.592000,12959,12960,12960,4
2020-11-06,15:52:01.958000,12959,12960,12960,1
2020-11-06,15:52:01.959000,12959,12960,12960,5
2020-11-06,15:52:01.959000,12959,12960,12960,8
2020-11-06,15:52:01.959000,12959,12960,12960,1
2020-11-06,15:52:01.959000,12959,12960,12960,3
2020-11-06,15:52:02.417000,12960,12961,12960,1
2020-11-06,15:52:03.283000,12960,12961,12960,3
2020-11-06,15:52:09.189000,12960,12961,12960,1
2020-11-06,15:52:12.161000,12960,12961,12960,1
2020-11-06,15:52:15.220000,12960,12961,12960,1
2020-11-06,15:52:16.827000,12960,12961,12960,1
2020-11-06,15:52:16.857000,12960,12961,12960,1
2020-11-06,15:52:17.995000,12959,12960,12960,2
2020-11-06,15:52:26.558000,12959,12960,12959,2
2020-11-06,15:52:26.559000,12959,12960,12959,3
2020-11-06,15:52:32.490000,12958,12959,12959,1
2020-11-06,15:52:35.564000,12958,12960,12958,4
2020-11-06,15:52:42.477000,12959,12960,12959,4
2020-11-06,15:52:50.806000,12959,12960,12959,1
2020-11-06,15:52:59.189000,12959,12960,12960,3
2020-11-06,15:53:01.912000,12959,12961,12959,1
2020-11-06,15:53:09.068000,12959,12960,12960,1
2020-11-06,15:53:16.192000,12959,12960,12959,2
2020-11-06,15:53:17.725000,12958,12960,12959,1
2020-11-06,15:53:34.600000,12959,12960,12960,1
2020-11-06,15:53:35.966000,12959,12960,12960,1
2020-11-06,15:53:50.979000,12959,12960,12960,2
2020-11-06,15:53:55.139000,12959,12960,12960,3
2020-11-06,15:53:55.230000,12959,12960,12960,3
2020-11-06,15:53:58.961000,12959,12960,12960,1
2020-11-06,15:54:02.206000,12959,12960,12959,8
2020-11-06,15:54:05.148000,12959,12960,12959,1
2020-11-06,15:54:05.148000,12959,12960,12959,1
2020-11-06,15:54:12.236000,12958,12960,12958,1
2020-11-06,15:54:17.074000,12958,12959,12959,2
2020-11-06,15:54:45.963000,12958,12959,12958,16
2020-11-06,15:54:48.920000,12957,12958,12957,1
2020-11-06,15:54:54.968000,12957,12959,12957,2
2020-11-06,15:54:56.743000,12957,12958,12957,1
2020-11-06,15:54:58.934000,12957,12959,12957,2
2020-11-06,15:55:03.618000,12958,12959,12958,2
2020-11-06,15:55:07.475000,12958,12959,12958,2
2020-11-06,15:55:08.188000,12958,12959,12958,2
2020-11-06,15:55:09.205000,12958,12959,12959,1
2020-11-06,15:55:09.205000,12958,12959,12959,1
2020-11-06,15:55:09.205000,12958,12959,12959,3
2020-11-06,15:55:09.205000,12958,12959,12959,2
2020-11-06,15:55:09.205000,12958,12959,12959,2
2020-11-06,15:55:09.205000,12958,12959,12959,1
2020-11-06,15:55:09.564000,12959,12960,12959,1
2020-11-06,15:55:12.896000,12959,12960,12959,1
2020-11-06,15:55:18.033000,12959,12960,12960,1
2020-11-06,15:55:25.193000,12959,12960,12960,1
2020-11-06,15:55:25.194000,12959,12960,12960,1
2020-11-06,15:55:44.392000,12960,12961,12960,1
2020-11-06,15:55:53.338000,12960,12961,12960,2
2020-11-06,15:55:54.386000,12960,12961,12960,1
2020-11-06,15:55:57.134000,12959,12960,12959,4
2020-11-06,15:55:57.920000,12958,12960,12960,1
2020-11-06,15:56:11.150000,12958,12959,12959,2
2020-11-06,15:56:11.979000,12958,12959,12959,1
2020-11-06,15:56:11.986000,12958,12959,12959,1
2020-11-06,15:56:12.202000,12958,12959,12959,1
2020-11-06,15:56:12.202000,12958,12959,12960,2
2020-11-06,15:56:12.292000,12959,12960,12960,3
2020-11-06,15:56:12.403000,12959,12960,12960,1
2020-11-06,15:56:12.607000,12959,12960,12960,2
2020-11-06,15:56:12.893000,12959,12960,12960,2
2020-11-06,15:56:12.906000,12959,12960,12960,2
2020-11-06,15:56:13.084000,12959,12960,12960,2
2020-11-06,15:56:13.375000,12959,12961,12961,1
2020-11-06,15:56:15.026000,12959,12961,12961,2
2020-11-06,15:56:38.997000,12960,12961,12961,1
2020-11-06,15:56:45.654000,12960,12961,12961,11
2020-11-06,15:56:51.854000,12961,12962,12961,1
2020-11-06,15:56:52.467000,12961,12962,12961,1
2020-11-06,15:56:52.634000,12961,12962,12961,1
2020-11-06,15:56:52.917000,12961,12962,12961,1
2020-11-06,15:57:22.267000,12961,12962,12961,1
2020-11-06,15:57:24.360000,12961,12962,12961,1
2020-11-06,15:57:25.572000,12960,12961,12961,2
2020-11-06,15:57:25.572000,12960,12961,12961,1
2020-11-06,15:57:31.851000,12961,12962,12962,15
2020-11-06,15:57:31.851000,12961,12962,12962,3
2020-11-06,15:57:31.886000,12961,12962,12962,1
2020-11-06,15:57:31.889000,12962,12963,12962,1
2020-11-06,15:57:35.071000,12961,12962,12962,1
2020-11-06,15:57:38.206000,12961,12963,12961,1
2020-11-06,15:57:42.115000,12961,12963,12961,1
2020-11-06,15:57:50.748000,12962,12963,12963,4
2020-11-06,15:57:50.748000,12962,12963,12963,10
2020-11-06,15:57:50.987000,12963,12964,12963,2
2020-11-06,15:57:53.833000,12963,12964,12963,1
2020-11-06,15:57:56.742000,12963,12964,12963,2
2020-11-06,15:57:57.282000,12963,12964,12963,1
2020-11-06,15:58:11.814000,12962,12963,12963,1
2020-11-06,15:58:14.201000,12963,12964,12963,1
2020-11-06,15:58:23.760000,12963,12964,12963,1
2020-11-06,15:58:25.077000,12963,12964,12964,1
2020-11-06,15:58:25.274000,12963,12964,12964,1
2020-11-06,15:58:26.779000,12963,12964,12964,4
2020-11-06,15:58:27.364000,12963,12964,12964,4
2020-11-06,15:58:27.388000,12963,12964,12964,4
2020-11-06,15:58:30.267000,12963,12964,12964,1
2020-11-06,15:58:35.012000,12963,12964,12964,1
2020-11-06,15:58:36.016000,12964,12965,12964,2
2020-11-06,15:58:36.128000,12964,12965,12964,2
2020-11-06,15:58:38.578000,12963,12965,12963,1
2020-11-06,15:58:43.624000,12964,12965,12964,1
2020-11-06,15:58:51.584000,12964,12965,12964,1
2020-11-06,15:58:53.491000,12963,12964,12964,2
2020-11-06,15:58:54.849000,12963,12964,12964,1
2020-11-06,15:58:58.169000,12963,12964,12963,1
2020-11-06,15:59:02.615000,12963,12964,12963,1
2020-11-06,15:59:02.616000,12963,12964,12963,10
2020-11-06,15:59:04.676000,12962,12963,12963,5
2020-11-06,15:59:08.799000,12962,12963,12963,1
2020-11-06,15:59:22.075000,12962,12963,12962,2
2020-11-06,15:59:22.075000,12962,12963,12962,5
2020-11-06,15:59:22.075000,12962,12963,12962,4
2020-11-06,15:59:22.075000,12962,12963,12962,1
2020-11-06,15:59:22.850000,12961,12962,12962,2
2020-11-06,15:59:36.815000,12962,12963,12962,1
2020-11-06,15:59:38.327000,12962,12963,12963,2
2020-11-06,15:59:38.343000,12962,12963,12963,1
2020-11-06,15:59:44.046000,12962,12964,12963,1
2020-11-06,15:59:45.382000,12963,12964,12963,1
2020-11-06,15:59:45.445000,12963,12964,12963,1
2020-11-06,15:59:46.361000,12963,12964,12963,1
2020-11-06,15:59:58.228000,12962,12963,12963,1
2020-11-06,15:59:58.228000,12962,12963,12963,1
2020-11-06,15:59:59.162000,12963,12964,12964,2
2020-11-06,15:59:59.162000,12963,12964,12964,1
2020-11-06,15:59:59.162000,12963,12964,12964,4
2020-11-06,15:59:59.772000,12964,12965,12965,14
2020-11-06,15:59:59.772000,12964,12965,12965,1
2020-11-06,15:59:59.772000,12964,12965,12965,4
2020-11-06,15:59:59.772000,12964,12965,12965,6
2020-11-06,16:00:00.542000,12965,12966,12966,17
2020-11-06,16:00:00.778000,12966,12967,12966,2
2020-11-06,16:00:00.867000,12966,12967,12967,1
2020-11-06,16:00:00.875000,12966,12967,12967,1
2020-11-06,16:00:00.883000,12966,12967,12967,1
2020-11-06,16:00:00.887000,12966,12967,12967,1
2020-11-06,16:00:00.887000,12966,12967,12967,1
2020-11-06,16:00:00.897000,12966,12967,12967,1
2020-11-06,16:00:00.920000,12966,12967,12966,1
2020-11-06,16:00:00.945000,12966,12967,12967,1
2020-11-06,16:00:00.947000,12966,12967,12966,1
2020-11-06,16:00:00.960000,12966,12967,12967,1
2020-11-06,16:00:00.974000,12966,12967,12967,1
2020-11-06,16:00:01.012000,12966,12967,12965,1
2020-11-06,16:00:01.039000,12965,12967,12967,2
2020-11-06,16:00:01.045000,12965,12967,12967,2
2020-11-06,16:00:01.079000,12965,12967,12965,1
2020-11-06,16:00:01.104000,12965,12967,12967,1
2020-11-06,16:00:01.152000,12965,12967,12967,1
2020-11-06,16:00:01.209000,12965,12967,12967,1
2020-11-06,16:00:01.210000,12965,12967,12967,1
2020-11-06,16:00:01.223000,12965,12967,12965,1
2020-11-06,16:00:01.233000,12965,12967,12967,1
2020-11-06,16:00:01.234000,12965,12967,12967,1
2020-11-06,16:00:01.252000,12965,12967,12966,1
2020-11-06,16:00:01.253000,12965,12967,12966,1
2020-11-06,16:00:01.265000,12966,12967,12967,1
2020-11-06,16:00:01.311000,12966,12967,12966,1
2020-11-06,16:00:01.336000,12966,12967,12967,2
2020-11-06,16:00:01.336000,12966,12967,12968,2
2020-11-06,16:00:01.449000,12966,12968,12968,1
2020-11-06,16:00:01.488000,12966,12968,12968,4
2020-11-06,16:00:01.494000,12966,12968,12966,2
2020-11-06,16:00:01.571000,12966,12968,12968,1
2020-11-06,16:00:01.581000,12966,12968,12968,4
2020-11-06,16:00:01.590000,12966,12968,12968,1
2020-11-06,16:00:01.602000,12966,12968,12968,1
2020-11-06,16:00:01.630000,12966,12968,12968,1
2020-11-06,16:00:01.867000,12966,12968,12966,1
2020-11-06,16:00:01.869000,12966,12968,12968,3
2020-11-06,16:00:01.872000,12966,12968,12966,1
2020-11-06,16:00:01.939000,12966,12968,12968,1
2020-11-06,16:00:02.684000,12966,12967,12967,1
2020-11-06,16:00:02.891000,12966,12967,12967,1
2020-11-06,16:00:04.099000,12965,12967,12966,1
2020-11-06,16:00:04.102000,12965,12967,12967,1
2020-11-06,16:00:04.126000,12965,12967,12967,1
2020-11-06,16:00:04.126000,12965,12967,12967,1
2020-11-06,16:00:04.144000,12965,12967,12967,1
2020-11-06,16:00:04.156000,12965,12967,12967,1
2020-11-06,16:00:04.162000,12965,12967,12967,1
2020-11-06,16:00:04.976000,12965,12966,12966,1
2020-11-06,16:00:05.200000,12965,12967,12966,1
2020-11-06,16:00:05.256000,12965,12967,12966,1
2020-11-06,16:00:05.637000,12965,12967,12966,4
2020-11-06,16:00:06.293000,12965,12967,12967,3
2020-11-06,16:00:06.473000,12965,12967,12966,1
2020-11-06,16:00:06.689000,12965,12967,12967,1
2020-11-06,16:00:07.031000,12967,12968,12968,1
2020-11-06,16:00:07.171000,12967,12969,12969,1
2020-11-06,16:00:07.185000,12967,12969,12967,1
2020-11-06,16:00:07.800000,12967,12969,12967,2
2020-11-06,16:00:08.975000,12967,12969,12967,1
2020-11-06,16:00:10.096000,12967,12968,12967,1
2020-11-06,16:00:10.142000,12967,12968,12967,1
2020-11-06,16:00:11.605000,12966,12967,12967,1
2020-11-06,16:00:12.597000,12966,12968,12968,5
2020-11-06,16:00:12.599000,12966,12968,12968,1
2020-11-06,16:00:15.175000,12966,12968,12968,2
2020-11-06,16:00:15.217000,12966,12968,12968,1
2020-11-06,16:00:16.734000,12966,12967,12967,1
2020-11-06,16:00:17.806000,12966,12967,12967,1
2020-11-06,16:00:17.827000,12966,12967,12968,1
2020-11-06,16:00:18.322000,12967,12968,12968,1
2020-11-06,16:00:20.693000,12967,12968,12967,1
2020-11-06,16:00:21.599000,12967,12968,12967,1
2020-11-06,16:00:23.457000,12966,12967,12967,2
2020-11-06,16:00:25.576000,12966,12967,12967,1
2020-11-06,16:00:28.785000,12967,12968,12968,2
2020-11-06,16:00:28.788000,12967,12968,12968,3
2020-11-06,16:00:29.553000,12968,12969,12969,1
2020-11-06,16:00:29.639000,12968,12969,12968,1
2020-11-06,16:00:30.027000,12967,12969,12969,1
2020-11-06,16:00:32.405000,12967,12968,12967,1
2020-11-06,16:00:33.377000,12967,12968,12968,1
2020-11-06,16:00:33.456000,12967,12968,12968,1
2020-11-06,16:00:35.229000,12968,12969,12968,1
2020-11-06,16:00:37.665000,12967,12968,12968,2
2020-11-06,16:00:39.071000,12967,12969,12969,5
2020-11-06,16:00:42.971000,12968,12969,12969,21
2020-11-06,16:00:43.539000,12969,12970,12970,40
2020-11-06,16:00:43.539000,12969,12970,12970,6
2020-11-06,16:00:43.539000,12969,12970,12970,2
2020-11-06,16:00:43.539000,12969,12970,12970,1
2020-11-06,16:00:43.731000,12970,12971,12971,4
2020-11-06,16:00:43.734000,12970,12971,12971,1
2020-11-06,16:00:43.760000,12970,12971,12971,1
2020-11-06,16:00:43.794000,12970,12971,12971,5
2020-11-06,16:00:43.794000,12970,12971,12971,1
2020-11-06,16:00:43.810000,12970,12971,12971,4
2020-11-06,16:00:43.836000,12970,12971,12971,1
2020-11-06,16:00:43.836000,12970,12971,12971,1
2020-11-06,16:00:43.966000,12970,12971,12971,1
2020-11-06,16:00:43.974000,12970,12971,12971,1
2020-11-06,16:00:44.006000,12970,12971,12971,1
2020-11-06,16:00:44.050000,12970,12971,12971,2
2020-11-06,16:00:44.050000,12970,12971,12971,5
2020-11-06,16:00:44.050000,12970,12971,12972,8
2020-11-06,16:00:44.096000,12970,12971,12972,1
2020-11-06,16:00:44.116000,12970,12971,12972,2
2020-11-06,16:00:44.151000,12971,12972,12972,1
2020-11-06,16:00:44.178000,12971,12972,12972,1
2020-11-06,16:00:44.208000,12971,12972,12972,1
2020-11-06,16:00:44.316000,12971,12972,12972,1
2020-11-06,16:00:44.529000,12971,12972,12971,1
2020-11-06,16:00:44.614000,12971,12972,12971,1
2020-11-06,16:00:44.766000,12971,12972,12971,2
2020-11-06,16:00:44.852000,12971,12972,12972,1
2020-11-06,16:00:45.172000,12969,12971,12971,2
2020-11-06,16:00:45.229000,12969,12971,12971,1
2020-11-06,16:00:45.288000,12969,12971,12969,1
2020-11-06,16:00:45.438000,12969,12971,12971,2
2020-11-06,16:00:46.087000,12969,12970,12970,1
2020-11-06,16:00:46.753000,12969,12970,12970,1
2020-11-06,16:00:46.825000,12969,12970,12970,1
2020-11-06,16:00:47.354000,12969,12970,12970,1
2020-11-06,16:00:47.398000,12969,12971,12971,1
2020-11-06,16:00:50.198000,12969,12970,12969,1
2020-11-06,16:00:53.450000,12970,12971,12971,1
2020-11-06,16:00:54.802000,12970,12971,12971,2
2020-11-06,16:00:55.935000,12970,12971,12971,8
2020-11-06,16:00:55.936000,12970,12971,12971,2
2020-11-06,16:00:57.002000,12970,12971,12971,3
2020-11-06,16:00:58.139000,12970,12971,12970,1
2020-11-06,16:00:58.921000,12970,12971,12970,1
2020-11-06,16:00:59.464000,12969,12971,12971,2
2020-11-06,16:01:03.272000,12969,12970,12969,1
2020-11-06,16:01:03.272000,12969,12970,12969,1
2020-11-06,16:01:03.272000,12969,12970,12969,13
2020-11-06,16:01:03.479000,12968,12970,12970,10
2020-11-06,16:01:03.652000,12969,12970,12969,1
2020-11-06,16:01:04.374000,12968,12969,12969,1
2020-11-06,16:01:12.237000,12969,12970,12969,1
2020-11-06,16:01:14.335000,12969,12970,12970,1
2020-11-06,16:01:14.335000,12969,12970,12970,1
2020-11-06,16:01:14.390000,12970,12971,12971,1
2020-11-06,16:01:14.426000,12970,12971,12970,1
2020-11-06,16:01:14.990000,12969,12971,12969,1
2020-11-06,16:01:16.799000,12969,12970,12969,1
2020-11-06,16:01:19.482000,12969,12970,12970,4
2020-11-06,16:01:19.483000,12969,12970,12970,7
2020-11-06,16:01:20.103000,12970,12971,12970,1
2020-11-06,16:01:22.426000,12969,12970,12970,1
2020-11-06,16:01:26.183000,12969,12970,12970,1
2020-11-06,16:01:27.575000,12969,12970,12970,10
2020-11-06,16:01:27.928000,12970,12971,12971,1
2020-11-06,16:01:30.392000,12970,12971,12970,1
2020-11-06,16:01:31.435000,12970,12971,12970,1
2020-11-06,16:01:32.387000,12970,12971,12971,6
2020-11-06,16:01:32.387000,12970,12971,12971,4
2020-11-06,16:01:32.388000,12970,12971,12971,2
2020-11-06,16:01:32.388000,12970,12971,12971,9
2020-11-06,16:01:32.487000,12971,12972,12972,2
2020-11-06,16:01:32.639000,12971,12972,12971,1
2020-11-06,16:01:33.068000,12971,12972,12972,1
2020-11-06,16:01:33.068000,12971,12972,12972,1
2020-11-06,16:01:33.465000,12971,12972,12971,1
2020-11-06,16:01:35.648000,12971,12972,12971,3
2020-11-06,16:01:35.811000,12971,12972,12972,1
2020-11-06,16:01:35.916000,12971,12973,12973,1
2020-11-06,16:01:36.064000,12971,12973,12973,1
2020-11-06,16:01:36.067000,12971,12973,12973,1
2020-11-06,16:01:36.180000,12972,12973,12973,1
2020-11-06,16:01:36.197000,12972,12973,12973,2
2020-11-06,16:01:36.204000,12972,12973,12973,14
2020-11-06,16:01:36.204000,12972,12973,12974,11
2020-11-06,16:01:36.204000,12972,12973,12974,1
2020-11-06,16:01:36.209000,12972,12973,12973,1
2020-11-06,16:01:36.222000,12972,12973,12974,11
2020-11-06,16:01:36.222000,12972,12973,12975,1
2020-11-06,16:01:36.260000,12972,12973,12973,3
2020-11-06,16:01:36.355000,12973,12974,12974,1
2020-11-06,16:01:36.359000,12973,12974,12974,2
2020-11-06,16:01:36.366000,12973,12974,12974,1
2020-11-06,16:01:36.369000,12973,12974,12974,1
2020-11-06,16:01:36.386000,12973,12974,12974,1
2020-11-06,16:01:36.445000,12973,12974,12974,2
2020-11-06,16:01:36.542000,12973,12974,12974,1
2020-11-06,16:01:36.582000,12973,12974,12973,1
2020-11-06,16:01:36.582000,12973,12974,12972,1
2020-11-06,16:01:36.587000,12973,12974,12974,1
2020-11-06,16:01:36.596000,12973,12974,12974,1
2020-11-06,16:01:36.639000,12972,12974,12974,1
2020-11-06,16:01:36.666000,12972,12974,12974,1
2020-11-06,16:01:36.716000,12972,12974,12974,1
2020-11-06,16:01:37.061000,12972,12974,12974,1
2020-11-06,16:01:37.064000,12972,12974,12974,1
2020-11-06,16:01:37.441000,12972,12973,12973,1
2020-11-06,16:01:40.882000,12971,12973,12973,1
2020-11-06,16:01:41.233000,12971,12973,12973,1
2020-11-06,16:01:42.721000,12972,12973,12973,1
2020-11-06,16:01:43.749000,12972,12974,12972,1
2020-11-06,16:01:44.021000,12971,12973,12971,1
2020-11-06,16:01:44.168000,12971,12973,12972,1
2020-11-06,16:01:45.364000,12971,12973,12973,1
2020-11-06,16:01:46.205000,12971,12973,12972,1
2020-11-06,16:01:47.405000,12971,12973,12973,1
2020-11-06,16:01:48.805000,12971,12973,12972,2
2020-11-06,16:01:50.290000,12972,12973,12973,1
2020-11-06,16:01:50.522000,12972,12973,12973,1
2020-11-06,16:01:50.697000,12972,12973,12973,1
2020-11-06,16:01:50.913000,12972,12973,12973,1
2020-11-06,16:01:51.041000,12972,12973,12973,1
2020-11-06,16:01:51.298000,12972,12973,12973,1
2020-11-06,16:01:53.641000,12972,12973,12973,3
2020-11-06,16:01:54.885000,12972,12974,12974,1
2020-11-06,16:01:56.650000,12973,12974,12974,1
2020-11-06,16:01:57.081000,12973,12974,12974,1
2020-11-06,16:01:57.466000,12973,12974,12973,1
2020-11-06,16:01:58.001000,12973,12974,12974,1
2020-11-06,16:01:58.066000,12973,12974,12973,2
2020-11-06,16:02:00.223000,12972,12973,12973,1
2020-11-06,16:02:00.414000,12972,12974,12972,1
2020-11-06,16:02:00.689000,12972,12973,12973,1
2020-11-06,16:02:02.483000,12972,12973,12973,1
2020-11-06,16:02:02.681000,12973,12974,12973,2
2020-11-06,16:02:05.013000,12972,12973,12973,1
2020-11-06,16:02:05.186000,12972,12973,12973,2
2020-11-06,16:02:05.891000,12973,12974,12973,1
2020-11-06,16:02:07.376000,12973,12974,12973,1
2020-11-06,16:02:08.517000,12972,12973,12973,1
2020-11-06,16:02:10.761000,12972,12973,12973,1
2020-11-06,16:02:12.522000,12972,12973,12973,5
2020-11-06,16:02:12.630000,12972,12973,12973,2
2020-11-06,16:02:12.969000,12972,12973,12972,1
2020-11-06,16:02:13.224000,12972,12973,12973,1
2020-11-06,16:02:16.743000,12972,12973,12972,13
2020-11-06,16:02:16.743000,12972,12973,12971,2
2020-11-06,16:02:17.695000,12972,12973,12973,2
2020-11-06,16:02:18.435000,12972,12974,12972,1
2020-11-06,16:02:24.812000,12971,12972,12972,1
2020-11-06,16:02:30.176000,12972,12973,12972,1
2020-11-06,16:02:32.350000,12972,12973,12972,4
2020-11-06,16:02:32.888000,12972,12973,12972,1
2020-11-06,16:02:32.888000,12972,12973,12972,18
2020-11-06,16:02:32.889000,12972,12973,12972,2
2020-11-06,16:02:32.889000,12972,12973,12972,4
2020-11-06,16:02:32.889000,12972,12973,12972,6
2020-11-06,16:02:32.889000,12972,12973,12972,1
2020-11-06,16:02:32.889000,12972,12973,12972,4
2020-11-06,16:02:32.889000,12972,12973,12972,11
2020-11-06,16:02:34.161000,12971,12972,12972,1
2020-11-06,16:02:34.375000,12971,12972,12972,1
2020-11-06,16:02:34.375000,12971,12972,12973,1
2020-11-06,16:02:35.507000,12971,12973,12972,1
2020-11-06,16:02:47.224000,12972,12973,12972,1
2020-11-06,16:02:47.452000,12972,12973,12973,1
2020-11-06,16:02:49.462000,12972,12973,12973,1
2020-11-06,16:02:54.993000,12972,12973,12972,2
2020-11-06,16:02:55.990000,12972,12973,12973,7
2020-11-06,16:02:56.073000,12973,12974,12973,1
2020-11-06,16:02:56.592000,12973,12974,12973,2
2020-11-06,16:02:59.492000,12973,12974,12974,1
2020-11-06,16:02:59.492000,12973,12974,12974,17
2020-11-06,16:03:00.186000,12974,12975,12975,1
2020-11-06,16:03:00.212000,12974,12975,12975,10
2020-11-06,16:03:00.470000,12974,12975,12975,1
2020-11-06,16:03:00.563000,12974,12975,12975,4
2020-11-06,16:03:00.576000,12974,12975,12975,4
2020-11-06,16:03:00.613000,12974,12975,12975,1
2020-11-06,16:03:01.050000,12974,12976,12976,1
2020-11-06,16:03:01.207000,12974,12976,12976,1
2020-11-06,16:03:01.227000,12974,12976,12976,1
2020-11-06,16:03:01.253000,12974,12976,12976,1
2020-11-06,16:03:01.292000,12974,12976,12976,1
2020-11-06,16:03:01.349000,12974,12976,12976,2
2020-11-06,16:03:01.405000,12974,12976,12976,1
2020-11-06,16:03:02.222000,12975,12976,12976,1
2020-11-06,16:03:02.241000,12975,12976,12976,1
2020-11-06,16:03:05.481000,12976,12977,12976,1
2020-11-06,16:03:07.817000,12975,12977,12975,1
2020-11-06,16:03:09.977000,12975,12976,12976,3
2020-11-06,16:03:09.978000,12975,12976,12976,1
2020-11-06,16:03:11.426000,12975,12976,12976,1
2020-11-06,16:03:11.889000,12975,12977,12977,1
2020-11-06,16:03:12.063000,12975,12977,12975,1
2020-11-06,16:03:12.292000,12975,12977,12977,1
2020-11-06,16:03:12.490000,12975,12977,12975,1
2020-11-06,16:03:12.547000,12975,12977,12976,1
2020-11-06,16:03:14.342000,12976,12977,12976,2
2020-11-06,16:03:15.354000,12975,12976,12976,1
2020-11-06,16:03:17.715000,12975,12976,12975,1
2020-11-06,16:03:18.180000,12974,12976,12976,1
2020-11-06,16:03:18.731000,12974,12976,12976,15
2020-11-06,16:03:22.044000,12974,12975,12975,1
2020-11-06,16:03:22.760000,12974,12975,12974,2
2020-11-06,16:03:22.761000,12974,12975,12974,4
2020-11-06,16:03:23.440000,12973,12974,12973,1
2020-11-06,16:03:24.396000,12973,12974,12973,1
2020-11-06,16:03:25.206000,12973,12974,12974,3
2020-11-06,16:03:25.207000,12973,12974,12974,2
2020-11-06,16:03:25.207000,12973,12974,12974,4
2020-11-06,16:03:25.207000,12973,12974,12974,1
2020-11-06,16:03:25.264000,12973,12975,12973,1
2020-11-06,16:03:29.235000,12974,12975,12975,1
2020-11-06,16:03:29.377000,12974,12975,12974,2
2020-11-06,16:03:30.856000,12973,12975,12974,1
2020-11-06,16:03:36.404000,12973,12974,12974,1
2020-11-06,16:03:36.674000,12973,12974,12974,2
2020-11-06,16:03:37.114000,12973,12975,12975,1
2020-11-06,16:03:38.521000,12973,12974,12974,3
2020-11-06,16:03:40.012000,12974,12975,12974,1
2020-11-06,16:03:41.442000,12974,12975,12975,2
2020-11-06,16:03:42.106000,12974,12975,12974,1
2020-11-06,16:03:42.106000,12974,12975,12974,2
2020-11-06,16:03:42.107000,12974,12975,12974,4
2020-11-06,16:03:42.107000,12974,12975,12974,1
2020-11-06,16:03:42.307000,12973,12974,12974,1
2020-11-06,16:03:45.012000,12973,12974,12974,1
2020-11-06,16:03:47.782000,12974,12975,12974,1
2020-11-06,16:03:54.748000,12974,12975,12974,1
2020-11-06,16:03:56.692000,12974,12975,12975,2
2020-11-06,16:03:56.692000,12974,12975,12975,9
2020-11-06,16:03:57.474000,12974,12976,12974,1
2020-11-06,16:04:00.699000,12975,12976,12975,1
2020-11-06,16:04:02.531000,12975,12976,12975,1
2020-11-06,16:04:03.475000,12975,12976,12976,1
2020-11-06,16:04:05.230000,12975,12976,12975,4
2020-11-06,16:04:05.231000,12975,12976,12975,5
2020-11-06,16:04:05.400000,12974,12975,12975,4
2020-11-06,16:04:16.114000,12975,12976,12975,1
2020-11-06,16:04:16.298000,12975,12976,12976,1
2020-11-06,16:04:17.219000,12975,12976,12976,4
2020-11-06,16:04:17.219000,12975,12976,12976,3
2020-11-06,16:04:17.484000,12975,12977,12976,1
2020-11-06,16:04:18.052000,12975,12977,12975,3
2020-11-06,16:04:18.531000,12975,12976,12976,1
2020-11-06,16:04:23.005000,12975,12976,12975,1
2020-11-06,16:04:23.412000,12975,12976,12975,1
2020-11-06,16:04:26.898000,12975,12976,12975,1
2020-11-06,16:04:27.068000,12975,12976,12976,3
2020-11-06,16:04:27.068000,12975,12976,12976,1
2020-11-06,16:04:27.069000,12975,12976,12976,1
2020-11-06,16:04:27.367000,12975,12977,12975,1
2020-11-06,16:04:28.151000,12976,12977,12976,2
2020-11-06,16:04:33.405000,12975,12976,12976,1
2020-11-06,16:04:34.544000,12975,12976,12976,1
2020-11-06,16:04:37.525000,12975,12976,12976,2
2020-11-06,16:04:38.909000,12975,12976,12976,1
2020-11-06,16:04:39.188000,12975,12976,12976,1
2020-11-06,16:04:44.709000,12976,12977,12977,2
2020-11-06,16:04:45.226000,12976,12977,12977,1
2020-11-06,16:04:45.667000,12976,12977,12977,30
2020-11-06,16:04:45.667000,12976,12977,12977,1
2020-11-06,16:04:45.765000,12976,12977,12977,1
2020-11-06,16:04:47.457000,12976,12977,12977,1
2020-11-06,16:04:47.919000,12976,12977,12976,1
2020-11-06,16:04:48.410000,12976,12977,12977,1
2020-11-06,16:04:48.518000,12976,12977,12977,1
2020-11-06,16:04:48.518000,12976,12977,12977,2
2020-11-06,16:04:49.946000,12977,12978,12977,1
2020-11-06,16:04:49.946000,12977,12978,12976,12
2020-11-06,16:04:57.496000,12976,12977,12977,2
2020-11-06,16:04:58.703000,12976,12977,12977,1
2020-11-06,16:05:00.203000,12976,12977,12977,1
2020-11-06,16:05:00.271000,12976,12977,12977,1
2020-11-06,16:05:00.505000,12976,12977,12977,1
2020-11-06,16:05:00.505000,12976,12977,12978,1
2020-11-06,16:05:00.740000,12976,12978,12978,4
2020-11-06,16:05:00.795000,12977,12978,12978,2
2020-11-06,16:05:00.906000,12977,12978,12978,4
2020-11-06,16:05:01.111000,12977,12978,12978,1
2020-11-06,16:05:01.283000,12977,12978,12978,1
2020-11-06,16:05:01.283000,12977,12978,12978,6
