2024-10-11 15:00:00.021,22909,22912,22911,63,63
2024-10-11 15:00:00.022,22909,22911,22909,2,-2
2024-10-11 15:00:00.212,22905,22911,22905,1,-1
2024-10-11 15:00:00.218,22905,22911,22911,2,2
2024-10-11 15:00:00.230,22905,22911,22911,2,2
2024-10-11 15:00:00.235,22905,22911,22906,1,-1
2024-10-11 15:00:00.246,22905,22911,22911,2,2
2024-10-11 15:00:00.265,22905,22911,22911,2,2
2024-10-11 15:00:00.277,22905,22911,22911,2,2
2024-10-11 15:00:00.306,22905,22911,22911,2,2
2024-10-11 15:00:00.309,22905,22911,22911,1,1
2024-10-11 15:00:00.322,22909,22912,22912,1,1
2024-10-11 15:00:00.328,22909,22912,22907,1,-1
2024-10-11 15:00:00.328,22909,22912,22908,1,-1
2024-10-11 15:00:00.328,22909,22912,22910,1,-1
2024-10-11 15:00:00.328,22909,22912,22911,1,1
2024-10-11 15:00:00.328,22909,22912,22909,1,-1
2024-10-11 15:00:00.329,22909,22912,22910,1,-1
2024-10-11 15:00:00.348,22909,22912,22909,2,-2
2024-10-11 15:00:00.349,22909,22912,22909,2,-2
2024-10-11 15:00:00.386,22909,22912,22909,2,-2
2024-10-11 15:00:00.426,22909,22912,22909,2,-2
2024-10-11 15:00:00.427,22909,22912,22907,1,-1
2024-10-11 15:00:00.427,22909,22912,22906,1,-1
2024-10-11 15:00:00.427,22909,22912,22905,1,-1
2024-10-11 15:00:00.440,22909,22912,22907,1,-1
2024-10-11 15:00:00.440,22909,22912,22909,1,-1
2024-10-11 15:00:00.442,22905,22909,22905,1,-1
2024-10-11 15:00:00.456,22905,22909,22909,2,2
2024-10-11 15:00:00.460,22905,22909,22909,1,1
2024-10-11 15:00:00.473,22905,22909,22909,2,2
2024-10-11 15:00:00.490,22905,22909,22908,1,1
2024-10-11 15:00:00.490,22905,22909,22909,1,1
2024-10-11 15:00:00.499,22905,22909,22905,1,-1
2024-10-11 15:00:00.499,22905,22909,22904,2,-2
2024-10-11 15:00:00.504,22905,22909,22903,2,-2
2024-10-11 15:00:00.504,22905,22909,22902,1,-1
2024-10-11 15:00:00.505,22905,22909,22907,1,-1
2024-10-11 15:00:00.505,22905,22909,22908,1,1
2024-10-11 15:00:00.519,22905,22909,22908,1,1
2024-10-11 15:00:00.519,22905,22909,22909,1,1
2024-10-11 15:00:00.529,22905,22909,22909,2,2
2024-10-11 15:00:00.577,22903,22908,22903,1,-1
2024-10-11 15:00:00.577,22903,22908,22902,1,-1
2024-10-11 15:00:00.639,22903,22908,22902,1,-1
2024-10-11 15:00:00.641,22903,22908,22905,1,-1
2024-10-11 15:00:00.648,22903,22908,22902,1,-1
2024-10-11 15:00:00.700,22901,22906,22902,1,-1
2024-10-11 15:00:00.700,22901,22906,22901,1,-1
2024-10-11 15:00:00.799,22901,22906,22901,1,-1
2024-10-11 15:00:01.618,22902,22904,22902,1,-1
2024-10-11 15:00:01.618,22902,22904,22901,1,-1
2024-10-11 15:00:01.618,22902,22904,22900,1,-1
2024-10-11 15:00:01.619,22902,22904,22900,2,-2
2024-10-11 15:00:01.643,22902,22904,22902,1,-1
2024-10-11 15:00:01.696,22900,22903,22899,1,-1
2024-10-11 15:00:01.698,22900,22903,22899,1,-1
2024-10-11 15:00:01.714,22900,22903,22898,2,-2
2024-10-11 15:00:01.716,22900,22903,22899,1,-1
2024-10-11 15:00:01.831,22898,22901,22899,1,-1
2024-10-11 15:00:01.875,22898,22901,22901,1,1
2024-10-11 15:00:01.936,22898,22901,22901,1,1
2024-10-11 15:00:02.190,22898,22901,22898,1,-1
2024-10-11 15:00:02.247,22898,22901,22898,1,-1
2024-10-11 15:00:02.247,22898,22901,22897,1,-1
2024-10-11 15:00:02.658,22897,22901,22902,1,1
2024-10-11 15:00:03.095,22897,22901,22897,1,-1
2024-10-11 15:00:03.208,22897,22901,22897,1,-1
2024-10-11 15:00:03.357,22898,22899,22903,1,1
2024-10-11 15:00:03.357,22898,22899,22902,1,1
2024-10-11 15:00:03.357,22898,22899,22901,1,1
2024-10-11 15:00:03.357,22898,22899,22900,1,1
2024-10-11 15:00:03.466,22900,22903,22900,2,-2
2024-10-11 15:00:03.510,22900,22903,22899,2,-2
2024-10-11 15:00:03.762,22899,22902,22899,1,-1
2024-10-11 15:00:03.762,22899,22902,22898,1,-1
2024-10-11 15:00:03.762,22899,22902,22896,1,-1
2024-10-11 15:00:03.762,22899,22902,22895,1,-1
2024-10-11 15:00:03.783,22899,22902,22896,2,-2
2024-10-11 15:00:03.783,22899,22902,22896,1,-1
2024-10-11 15:00:03.783,22899,22902,22895,1,-1
2024-10-11 15:00:03.792,22899,22902,22895,1,-1
2024-10-11 15:00:04.337,22894,22899,22899,1,1
2024-10-11 15:00:05.064,22898,22901,22898,1,-1
2024-10-11 15:00:05.326,22897,22901,22901,1,1
2024-10-11 15:00:05.615,22897,22901,22897,1,-1
2024-10-11 15:00:05.616,22897,22901,22897,1,-1
2024-10-11 15:00:05.799,22897,22900,22896,2,-2
2024-10-11 15:00:05.799,22897,22900,22895,1,-1
2024-10-11 15:00:05.800,22897,22900,22898,1,-1
2024-10-11 15:00:05.887,22895,22900,22898,1,1
2024-10-11 15:00:06.000,22895,22900,22899,1,1
2024-10-11 15:00:06.675,22899,22901,22901,1,1
2024-10-11 15:00:07.206,22898,22900,22898,1,-1
2024-10-11 15:00:07.691,22896,22898,22898,1,1
2024-10-11 15:00:08.130,22895,22898,22898,1,1
2024-10-11 15:00:08.380,22896,22899,22896,1,-1
2024-10-11 15:00:08.382,22896,22899,22897,1,-1
2024-10-11 15:00:08.657,22895,22898,22897,1,1
2024-10-11 15:00:08.753,22895,22898,22898,1,1
2024-10-11 15:00:08.907,22897,22899,22899,2,2
2024-10-11 15:00:08.907,22897,22899,22900,1,1
2024-10-11 15:00:08.999,22897,22900,22900,3,3
2024-10-11 15:00:09.387,22895,22899,22899,1,1
2024-10-11 15:00:09.639,22897,22900,22897,1,-1
2024-10-11 15:00:10.550,22897,22899,22898,1,-1
2024-10-11 15:00:11.248,22897,22899,22897,1,-1
2024-10-11 15:00:11.396,22897,22899,22899,1,1
2024-10-11 15:00:11.457,22898,22900,22900,6,6
2024-10-11 15:00:11.458,22898,22900,22901,2,2
2024-10-11 15:00:12.061,22901,22904,22901,1,-1
2024-10-11 15:00:12.952,22900,22902,22902,1,1
2024-10-11 15:00:13.335,22900,22902,22902,1,1
2024-10-11 15:00:13.426,22900,22902,22903,1,1
2024-10-11 15:00:15.323,22900,22901,22900,1,-1
2024-10-11 15:00:15.323,22900,22901,22900,2,-2
2024-10-11 15:00:15.323,22900,22901,22900,1,-1
2024-10-11 15:00:17.049,22899,22901,22899,1,-1
2024-10-11 15:00:17.540,22898,22900,22901,1,1
2024-10-11 15:00:18.056,22898,22901,22898,1,-1
2024-10-11 15:00:18.256,22897,22900,22900,1,1
2024-10-11 15:00:19.536,22898,22901,22901,2,2
2024-10-11 15:00:20.434,22900,22903,22902,1,1
2024-10-11 15:00:20.434,22900,22903,22900,1,-1
2024-10-11 15:00:23.257,22901,22902,22901,1,-1
2024-10-11 15:00:23.898,22901,22902,22902,1,1
2024-10-11 15:00:24.508,22903,22904,22903,1,-1
2024-10-11 15:00:24.827,22902,22904,22902,1,-1
2024-10-11 15:00:25.602,22901,22903,22901,2,-2
2024-10-11 15:00:26.807,22899,22902,22902,1,1
2024-10-11 15:00:27.582,22899,22902,22902,1,1
2024-10-11 15:00:28.512,22899,22900,22899,1,-1
2024-10-11 15:00:28.513,22899,22900,22899,1,-1
2024-10-11 15:00:28.557,22899,22900,22898,1,-1
2024-10-11 15:00:28.621,22897,22900,22900,1,1
2024-10-11 15:00:29.043,22897,22900,22897,1,-1
2024-10-11 15:00:30.284,22897,22900,22900,1,1
2024-10-11 15:00:30.884,22897,22899,22899,1,1
2024-10-11 15:00:32.374,22897,22899,22899,1,1
2024-10-11 15:00:33.504,22897,22899,22893,5,-5
2024-10-11 15:00:33.504,22897,22899,22894,7,-7
2024-10-11 15:00:33.504,22897,22899,22897,2,-2
2024-10-11 15:00:33.504,22897,22899,22896,3,-3
2024-10-11 15:00:33.504,22897,22899,22895,5,-5
2024-10-11 15:00:33.505,22897,22899,22892,6,-6
2024-10-11 15:00:33.506,22897,22899,22891,2,-2
2024-10-11 15:00:33.506,22897,22899,22890,3,-3
2024-10-11 15:00:33.507,22897,22899,22890,3,-3
2024-10-11 15:00:33.761,22889,22890,22890,1,1
2024-10-11 15:00:33.761,22889,22890,22889,4,-4
2024-10-11 15:00:33.897,22888,22890,22890,1,1
2024-10-11 15:00:33.897,22888,22890,22891,3,3
2024-10-11 15:00:34.055,22888,22891,22891,1,1
2024-10-11 15:00:34.133,22888,22891,22888,2,-2
2024-10-11 15:00:35.135,22888,22889,22888,1,-1
2024-10-11 15:00:35.135,22888,22889,22888,1,-1
2024-10-11 15:00:35.136,22888,22889,22888,10,-10
2024-10-11 15:00:35.695,22886,22888,22888,1,1
2024-10-11 15:00:35.903,22887,22889,22889,1,1
2024-10-11 15:00:36.956,22887,22890,22890,1,1
2024-10-11 15:00:38.014,22886,22888,22888,1,1
2024-10-11 15:00:39.773,22886,22888,22887,1,1
2024-10-11 15:00:39.773,22886,22888,22887,1,1
2024-10-11 15:00:41.384,22888,22889,22888,1,-1
2024-10-11 15:00:41.625,22888,22889,22888,2,-2
2024-10-11 15:00:42.036,22887,22888,22887,1,-1
2024-10-11 15:00:42.384,22886,22888,22888,1,1
2024-10-11 15:00:42.767,22886,22888,22886,1,-1
2024-10-11 15:00:42.902,22885,22888,22886,1,-1
2024-10-11 15:00:43.192,22886,22888,22886,1,-1
2024-10-11 15:00:43.241,22886,22888,22888,1,1
2024-10-11 15:00:43.884,22886,22888,22887,1,1
2024-10-11 15:00:43.884,22886,22888,22887,1,1
2024-10-11 15:00:44.480,22886,22888,22886,2,-2
2024-10-11 15:00:45.579,22886,22888,22888,1,1
2024-10-11 15:00:48.104,22886,22887,22886,1,-1
2024-10-11 15:00:50.412,22886,22887,22887,1,1
2024-10-11 15:00:51.191,22886,22888,22886,2,-2
2024-10-11 15:00:51.191,22886,22888,22885,1,-1
2024-10-11 15:00:51.776,22885,22887,22887,1,1
2024-10-11 15:00:53.284,22886,22888,22886,1,-1
2024-10-11 15:00:54.035,22886,22888,22886,1,-1
2024-10-11 15:00:55.216,22886,22888,22888,1,1
2024-10-11 15:00:55.216,22886,22888,22888,1,1
2024-10-11 15:00:55.216,22886,22888,22888,4,4
2024-10-11 15:00:57.121,22887,22889,22889,1,1
2024-10-11 15:00:58.056,22888,22890,22888,1,-1
2024-10-11 15:00:59.245,22888,22890,22888,3,-3
2024-10-11 15:00:59.399,22888,22890,22890,1,1
2024-10-11 15:01:00.001,22888,22890,22890,2,2
2024-10-11 15:01:00.055,22888,22890,22889,1,1
2024-10-11 15:01:00.100,22889,22891,22889,1,-1
2024-10-11 15:01:00.193,22888,22891,22888,1,-1
2024-10-11 15:01:00.256,22888,22891,22888,1,-1
2024-10-11 15:01:00.355,22887,22889,22887,1,-1
2024-10-11 15:01:00.419,22887,22889,22887,1,-1
2024-10-11 15:01:00.457,22886,22889,22889,1,1
2024-10-11 15:01:00.517,22886,22889,22886,3,-3
2024-10-11 15:01:00.684,22886,22888,22886,3,-3
2024-10-11 15:01:00.728,22885,22888,22888,2,2
2024-10-11 15:01:00.787,22885,22888,22885,1,-1
2024-10-11 15:01:00.838,22885,22887,22885,1,-1
2024-10-11 15:01:00.838,22885,22887,22885,2,-2
2024-10-11 15:01:02.474,22885,22886,22885,1,-1
2024-10-11 15:01:03.218,22884,22885,22885,1,1
2024-10-11 15:01:03.279,22884,22885,22884,1,-1
2024-10-11 15:01:06.045,22885,22887,22885,1,-1
2024-10-11 15:01:06.051,22885,22887,22884,1,-1
2024-10-11 15:01:08.004,22886,22888,22888,2,2
2024-10-11 15:01:09.636,22890,22893,22893,1,1
2024-10-11 15:01:10.898,22889,22892,22889,3,-3
2024-10-11 15:01:12.380,22888,22891,22891,2,2
2024-10-11 15:01:12.804,22889,22892,22892,1,1
2024-10-11 15:01:13.545,22890,22893,22893,1,1
2024-10-11 15:01:13.792,22891,22893,22893,1,1
2024-10-11 15:01:14.304,22893,22896,22896,3,3
2024-10-11 15:01:15.386,22894,22897,22894,7,-7
2024-10-11 15:01:15.386,22894,22897,22893,8,-8
2024-10-11 15:01:15.386,22894,22897,22892,5,-5
2024-10-11 15:01:16.903,22888,22891,22888,1,-1
2024-10-11 15:01:17.167,22888,22891,22891,1,1
2024-10-11 15:01:18.330,22889,22892,22889,2,-2
2024-10-11 15:01:19.047,22888,22891,22888,1,-1
2024-10-11 15:01:20.801,22888,22891,22888,1,-1
2024-10-11 15:01:23.819,22888,22891,22888,1,-1
2024-10-11 15:01:23.877,22888,22891,22888,4,-4
2024-10-11 15:01:23.878,22888,22891,22887,5,-5
2024-10-11 15:01:23.878,22888,22891,22888,2,-2
2024-10-11 15:01:24.908,22885,22887,22887,1,1
2024-10-11 15:01:30.880,22886,22888,22888,14,14
2024-10-11 15:01:31.037,22888,22891,22888,1,-1
2024-10-11 15:01:35.310,22887,22889,22889,1,1
2024-10-11 15:01:44.040,22889,22891,22889,1,-1
2024-10-11 15:01:45.384,22889,22891,22891,1,1
2024-10-11 15:01:45.555,22891,22893,22891,1,-1
2024-10-11 15:01:45.555,22891,22893,22890,1,-1
2024-10-11 15:01:46.050,22890,22893,22889,9,-9
2024-10-11 15:01:46.050,22890,22893,22888,24,-24
2024-10-11 15:01:46.050,22890,22893,22890,5,-5
2024-10-11 15:01:46.051,22890,22893,22888,2,-2
2024-10-11 15:01:46.052,22890,22893,22888,6,-6
2024-10-11 15:01:46.098,22887,22888,22888,2,2
2024-10-11 15:01:53.025,22888,22890,22890,1,1
2024-10-11 15:01:56.029,22888,22891,22888,1,-1
2024-10-11 15:02:00.626,22890,22893,22893,25,25
2024-10-11 15:02:00.626,22890,22893,22894,2,2
2024-10-11 15:02:00.948,22893,22895,22893,1,-1
2024-10-11 15:02:01.223,22892,22895,22892,1,-1
2024-10-11 15:02:01.277,22892,22895,22892,2,-2
2024-10-11 15:02:01.278,22892,22895,22892,2,-2
2024-10-11 15:02:01.577,22892,22895,22892,2,-2
2024-10-11 15:02:01.594,22892,22895,22891,1,-1
2024-10-11 15:02:04.097,22890,22891,22891,1,1
2024-10-11 15:02:05.140,22891,22893,22893,1,1
2024-10-11 15:02:05.180,22891,22893,22893,1,1
2024-10-11 15:02:05.489,22892,22895,22892,1,-1
2024-10-11 15:02:06.631,22891,22894,22894,5,5
2024-10-11 15:02:08.046,22891,22894,22891,1,-1
2024-10-11 15:02:08.655,22891,22894,22894,1,1
2024-10-11 15:02:10.579,22892,22894,22892,1,-1
2024-10-11 15:02:15.303,22893,22894,22894,1,1
2024-10-11 15:02:15.303,22893,22894,22895,4,4
2024-10-11 15:02:16.554,22893,22895,22893,1,-1
2024-10-11 15:02:16.554,22893,22895,22892,9,-9
2024-10-11 15:02:21.038,22891,22893,22891,1,-1
2024-10-11 15:02:21.312,22891,22893,22891,7,-7
2024-10-11 15:02:21.980,22889,22891,22891,1,1
2024-10-11 15:02:23.252,22889,22891,22890,1,1
2024-10-11 15:02:23.359,22889,22891,22889,1,-1
2024-10-11 15:02:24.172,22888,22890,22890,1,1
2024-10-11 15:02:24.246,22888,22890,22888,2,-2
2024-10-11 15:02:26.041,22888,22890,22888,4,-4
2024-10-11 15:02:26.041,22888,22890,22888,2,-2
2024-10-11 15:02:26.348,22887,22888,22888,1,1
2024-10-11 15:02:27.475,22888,22889,22889,2,2
2024-10-11 15:02:27.487,22888,22889,22890,2,2
2024-10-11 15:02:27.973,22890,22891,22891,2,2
2024-10-11 15:02:29.290,22891,22894,22890,1,-1
2024-10-11 15:02:30.576,22890,22892,22890,1,-1
2024-10-11 15:02:33.039,22889,22892,22889,1,-1
2024-10-11 15:02:39.211,22891,22893,22893,1,1
2024-10-11 15:02:39.213,22891,22893,22894,1,1
2024-10-11 15:02:39.213,22891,22893,22894,1,1
2024-10-11 15:02:39.860,22893,22895,22895,12,12
2024-10-11 15:02:39.861,22893,22895,22895,2,2
2024-10-11 15:02:40.329,22894,22897,22894,1,-1
2024-10-11 15:02:41.755,22896,22897,22897,1,1
2024-10-11 15:02:45.908,22897,22898,22897,1,-1
2024-10-11 15:02:46.052,22897,22898,22897,1,-1
2024-10-11 15:02:48.526,22896,22897,22897,1,1
2024-10-11 15:02:48.527,22896,22897,22897,1,1
2024-10-11 15:02:50.843,22897,22898,22897,1,-1
2024-10-11 15:02:51.154,22894,22897,22897,2,2
2024-10-11 15:02:58.034,22896,22898,22896,1,-1
2024-10-11 15:03:00.026,22895,22897,22895,1,-1
2024-10-11 15:03:00.043,22895,22897,22897,2,2
2024-10-11 15:03:00.051,22895,22897,22897,2,2
2024-10-11 15:03:00.056,22895,22897,22897,1,1
2024-10-11 15:03:00.065,22895,22897,22898,1,1
2024-10-11 15:03:00.124,22896,22898,22898,1,1
2024-10-11 15:03:00.125,22896,22898,22898,3,3
2024-10-11 15:03:00.126,22896,22898,22899,2,2
2024-10-11 15:03:00.144,22896,22898,22899,2,2
2024-10-11 15:03:00.150,22896,22898,22900,1,1
2024-10-11 15:03:00.152,22896,22898,22900,1,1
2024-10-11 15:03:00.152,22896,22898,22900,2,2
2024-10-11 15:03:00.152,22896,22898,22900,1,1
2024-10-11 15:03:00.152,22896,22898,22900,1,1
2024-10-11 15:03:00.173,22896,22898,22900,1,1
2024-10-11 15:03:00.270,22897,22900,22897,3,-3
2024-10-11 15:03:00.325,22896,22898,22898,1,1
2024-10-11 15:03:02.599,22893,22896,22896,1,1
2024-10-11 15:03:02.874,22893,22896,22896,1,1
2024-10-11 15:03:06.281,22894,22897,22894,1,-1
2024-10-11 15:03:10.053,22895,22897,22895,1,-1
2024-10-11 15:03:10.329,22894,22896,22894,1,-1
2024-10-11 15:03:10.932,22893,22896,22896,2,2
2024-10-11 15:03:10.932,22893,22896,22897,2,2
2024-10-11 15:03:11.833,22895,22897,22897,5,5
2024-10-11 15:03:11.874,22895,22897,22898,1,1
2024-10-11 15:03:14.435,22899,22901,22901,1,1
2024-10-11 15:03:16.929,22900,22901,22899,1,-1
2024-10-11 15:03:16.929,22900,22901,22900,1,-1
2024-10-11 15:03:18.581,22899,22901,22901,1,1
2024-10-11 15:03:23.041,22900,22901,22900,1,-1
2024-10-11 15:03:25.928,22896,22899,22899,1,1
2024-10-11 15:03:28.822,22897,22899,22899,1,1
2024-10-11 15:03:30.225,22898,22900,22898,1,-1
2024-10-11 15:03:32.586,22899,22900,22900,3,3
2024-10-11 15:03:32.588,22899,22900,22901,2,2
2024-10-11 15:03:32.588,22899,22900,22901,1,1
2024-10-11 15:03:32.588,22899,22900,22901,3,3
2024-10-11 15:03:33.842,22900,22902,22902,1,1
2024-10-11 15:03:33.842,22900,22902,22902,2,2
2024-10-11 15:03:33.842,22900,22902,22902,2,2
2024-10-11 15:03:35.028,22901,22903,22901,1,-1
2024-10-11 15:03:38.195,22902,22903,22902,1,-1
2024-10-11 15:03:40.234,22901,22903,22901,1,-1
2024-10-11 15:03:42.574,22900,22903,22901,1,-1
2024-10-11 15:03:44.374,22900,22902,22901,1,-1
2024-10-11 15:03:48.033,22900,22902,22900,1,-1
2024-10-11 15:03:56.965,22901,22902,22901,1,-1
2024-10-11 15:03:57.216,22901,22902,22902,1,1
2024-10-11 15:03:57.405,22902,22903,22903,7,7
2024-10-11 15:03:57.507,22903,22904,22904,12,12
2024-10-11 15:03:57.508,22903,22904,22905,2,2
2024-10-11 15:03:59.932,22905,22907,22907,1,1
2024-10-11 15:03:59.956,22907,22908,22908,1,1
2024-10-11 15:04:00.018,22907,22908,22908,1,1
2024-10-11 15:04:00.077,22906,22908,22906,1,-1
2024-10-11 15:04:00.077,22906,22908,22906,1,-1
2024-10-11 15:04:00.751,22906,22908,22906,1,-1
2024-10-11 15:04:01.828,22906,22909,22907,1,-1
2024-10-11 15:04:05.851,22908,22909,22909,1,1
2024-10-11 15:04:06.298,22909,22911,22911,1,1
2024-10-11 15:04:06.299,22909,22911,22911,7,7
2024-10-11 15:04:06.299,22909,22911,22911,3,3
2024-10-11 15:04:06.299,22909,22911,22911,4,4
2024-10-11 15:04:06.300,22909,22911,22911,2,2
2024-10-11 15:04:09.116,22909,22911,22909,1,-1
2024-10-11 15:04:09.116,22909,22911,22908,1,-1
2024-10-11 15:04:09.118,22909,22911,22908,1,-1
2024-10-11 15:04:10.296,22907,22909,22907,1,-1
2024-10-11 15:04:10.596,22907,22909,22907,1,-1
2024-10-11 15:04:10.901,22908,22909,22909,1,1
2024-10-11 15:04:12.034,22908,22910,22908,1,-1
2024-10-11 15:04:20.190,22908,22911,22908,1,-1
2024-10-11 15:04:21.187,22906,22907,22906,1,-1
2024-10-11 15:04:22.271,22905,22906,22905,1,-1
2024-10-11 15:04:25.032,22904,22905,22904,1,-1
2024-10-11 15:04:35.657,22902,22904,22904,2,2
2024-10-11 15:04:37.044,22903,22905,22903,1,-1
2024-10-11 15:04:40.681,22903,22904,22903,1,-1
2024-10-11 15:04:42.101,22903,22905,22903,1,-1
2024-10-11 15:04:48.238,22903,22904,22903,1,-1
2024-10-11 15:04:50.032,22902,22904,22902,1,-1
2024-10-11 15:04:52.017,22902,22903,22902,1,-1
2024-10-11 15:04:55.897,22901,22903,22903,1,1
2024-10-11 15:04:55.898,22901,22903,22903,1,1
2024-10-11 15:05:02.039,22902,22904,22902,1,-1
2024-10-11 15:05:02.188,22901,22904,22901,6,-6
2024-10-11 15:05:02.188,22901,22904,22900,9,-9
2024-10-11 15:05:02.523,22900,22902,22902,1,1
2024-10-11 15:05:02.563,22900,22902,22902,1,1
2024-10-11 15:05:02.950,22900,22902,22900,1,-1
2024-10-11 15:05:04.896,22900,22902,22900,1,-1
2024-10-11 15:05:04.896,22900,22902,22900,11,-11
2024-10-11 15:05:05.345,22898,22900,22898,1,-1
2024-10-11 15:05:05.596,22896,22898,22898,1,1
2024-10-11 15:05:10.329,22896,22898,22898,3,3
2024-10-11 15:05:10.329,22896,22898,22899,3,3
2024-10-11 15:05:14.036,22897,22899,22898,1,1
2024-10-11 15:05:15.045,22897,22899,22898,1,1
2024-10-11 15:05:15.417,22897,22899,22897,1,-1
2024-10-11 15:05:17.777,22897,22898,22898,1,1
2024-10-11 15:05:19.426,22897,22899,22897,1,-1
2024-10-11 15:05:20.124,22896,22898,22896,1,-1
2024-10-11 15:05:27.026,22895,22897,22895,1,-1
2024-10-11 15:05:28.474,22895,22897,22896,1,-1
2024-10-11 15:05:33.744,22895,22896,22896,1,1
2024-10-11 15:05:34.878,22895,22897,22897,8,8
2024-10-11 15:05:39.039,22896,22898,22896,1,-1
2024-10-11 15:05:42.745,22897,22898,22897,1,-1
2024-10-11 15:05:52.043,22896,22898,22896,1,-1
2024-10-11 15:05:52.347,22896,22898,22896,1,-1
2024-10-11 15:05:53.048,22895,22897,22895,14,-14
2024-10-11 15:05:53.048,22895,22897,22895,11,-11
2024-10-11 15:05:53.049,22895,22897,22894,2,-2
2024-10-11 15:05:53.049,22895,22897,22895,1,-1
2024-10-11 15:05:53.049,22895,22897,22895,1,-1
2024-10-11 15:05:57.483,22893,22894,22893,7,-7
2024-10-11 15:05:57.484,22893,22894,22891,2,-2
2024-10-11 15:05:57.938,22891,22892,22891,1,-1
2024-10-11 15:05:57.938,22891,22892,22891,2,-2
2024-10-11 15:06:01.427,22891,22892,22892,1,1
2024-10-11 15:06:01.683,22891,22892,22891,1,-1
2024-10-11 15:06:01.780,22891,22892,22892,4,4
2024-10-11 15:06:01.819,22891,22893,22891,1,-1
2024-10-11 15:06:01.822,22891,22893,22890,1,-1
2024-10-11 15:06:02.073,22890,22892,22890,1,-1
2024-10-11 15:06:02.073,22890,22892,22890,3,-3
2024-10-11 15:06:04.044,22890,22892,22890,1,-1
2024-10-11 15:06:07.989,22890,22893,22890,2,-2
2024-10-11 15:06:11.819,22890,22892,22890,1,-1
2024-10-11 15:06:11.964,22890,22892,22890,1,-1
2024-10-11 15:06:12.159,22889,22891,22889,2,-2
2024-10-11 15:06:12.159,22889,22891,22889,5,-5
2024-10-11 15:06:12.232,22888,22889,22888,5,-5
2024-10-11 15:06:12.321,22886,22888,22888,1,1
2024-10-11 15:06:12.324,22886,22888,22889,2,2
2024-10-11 15:06:15.027,22887,22888,22887,3,-3
2024-10-11 15:06:16.037,22886,22889,22886,1,-1
2024-10-11 15:06:18.827,22886,22888,22888,1,1
2024-10-11 15:06:19.582,22886,22889,22886,1,-1
2024-10-11 15:06:20.689,22886,22888,22888,2,2
2024-10-11 15:06:20.733,22886,22888,22890,1,1
2024-10-11 15:06:20.734,22886,22888,22890,1,1
2024-10-11 15:06:20.734,22886,22888,22890,2,2
2024-10-11 15:06:20.734,22886,22888,22890,1,1
2024-10-11 15:06:20.734,22886,22888,22890,3,3
2024-10-11 15:06:20.736,22886,22888,22890,1,1
2024-10-11 15:06:22.110,22888,22891,22891,1,1
2024-10-11 15:06:22.500,22889,22892,22892,2,2
2024-10-11 15:06:23.586,22890,22893,22892,2,2
2024-10-11 15:06:23.956,22889,22892,22890,1,-1
2024-10-11 15:06:25.464,22891,22893,22892,1,-1
2024-10-11 15:06:27.755,22894,22895,22895,1,1
2024-10-11 15:06:29.050,22896,22899,22895,1,-1
2024-10-11 15:06:33.044,22895,22897,22897,1,1
2024-10-11 15:06:33.786,22895,22897,22895,1,-1
2024-10-11 15:06:36.696,22894,22896,22896,1,1
2024-10-11 15:06:37.557,22894,22895,22894,1,-1
2024-10-11 15:06:40.372,22892,22895,22892,1,-1
2024-10-11 15:06:40.900,22890,22893,22890,1,-1
2024-10-11 15:06:41.052,22889,22891,22888,1,-1
2024-10-11 15:06:41.680,22888,22890,22888,1,-1
2024-10-11 15:06:44.180,22887,22890,22887,1,-1
2024-10-11 15:06:47.717,22888,22890,22888,1,-1
2024-10-11 15:06:54.044,22888,22890,22888,1,-1
2024-10-11 15:06:54.482,22888,22891,22888,1,-1
2024-10-11 15:07:02.707,22888,22890,22890,2,2
2024-10-11 15:07:04.491,22889,22891,22891,1,1
2024-10-11 15:07:04.491,22889,22891,22892,4,4
2024-10-11 15:07:06.033,22891,22894,22891,1,-1
2024-10-11 15:07:10.625,22891,22894,22891,1,-1
2024-10-11 15:07:14.708,22894,22895,22895,1,1
2024-10-11 15:07:15.122,22894,22896,22896,1,1
2024-10-11 15:07:18.047,22894,22897,22893,1,-1
2024-10-11 15:07:28.452,22894,22895,22894,7,-7
2024-10-11 15:07:29.883,22892,22895,22892,1,-1
2024-10-11 15:07:31.040,22891,22893,22891,1,-1
2024-10-11 15:07:31.449,22891,22893,22893,1,1
2024-10-11 15:07:31.862,22891,22893,22891,1,-1
2024-10-11 15:07:36.552,22890,22892,22890,3,-3
2024-10-11 15:07:37.787,22888,22890,22890,1,1
2024-10-11 15:07:40.774,22888,22890,22888,1,-1
2024-10-11 15:07:43.044,22889,22892,22889,1,-1
2024-10-11 15:07:43.099,22889,22891,22890,1,-1
2024-10-11 15:07:44.876,22888,22891,22889,1,-1
2024-10-11 15:07:51.480,22889,22890,22889,2,-2
2024-10-11 15:07:51.480,22889,22890,22889,3,-3
2024-10-11 15:07:52.135,22888,22889,22889,2,2
2024-10-11 15:07:52.135,22888,22889,22890,3,3
2024-10-11 15:07:52.424,22888,22891,22888,1,-1
2024-10-11 15:07:56.053,22887,22889,22887,1,-1
2024-10-11 15:07:56.373,22887,22889,22889,2,2
2024-10-11 15:08:03.402,22888,22891,22891,1,1
2024-10-11 15:08:04.865,22887,22890,22890,1,1
2024-10-11 15:08:06.222,22887,22890,22887,1,-1
2024-10-11 15:08:07.771,22887,22889,22887,1,-1
2024-10-11 15:08:08.043,22886,22887,22886,1,-1
2024-10-11 15:08:09.725,22886,22887,22886,3,-3
2024-10-11 15:08:09.726,22886,22887,22885,23,-23
2024-10-11 15:08:09.727,22886,22887,22884,6,-6
2024-10-11 15:08:09.730,22886,22887,22883,1,-1
2024-10-11 15:08:09.883,22883,22885,22883,7,-7
2024-10-11 15:08:09.883,22883,22885,22882,3,-3
2024-10-11 15:08:09.960,22882,22884,22882,2,-2
2024-10-11 15:08:12.530,22881,22882,22881,1,-1
2024-10-11 15:08:12.530,22881,22882,22881,2,-2
2024-10-11 15:08:12.825,22880,22882,22880,1,-1
2024-10-11 15:08:12.825,22880,22882,22880,1,-1
2024-10-11 15:08:12.832,22880,22882,22880,1,-1
2024-10-11 15:08:12.995,22880,22881,22880,1,-1
2024-10-11 15:08:13.001,22880,22881,22880,1,-1
2024-10-11 15:08:13.174,22880,22882,22880,1,-1
2024-10-11 15:08:13.177,22880,22882,22879,1,-1
2024-10-11 15:08:13.178,22880,22882,22881,3,-3
2024-10-11 15:08:13.185,22880,22882,22880,1,-1
2024-10-11 15:08:13.366,22879,22882,22879,1,-1
2024-10-11 15:08:13.465,22879,22882,22879,1,-1
2024-10-11 15:08:13.615,22879,22882,22879,1,-1
2024-10-11 15:08:14.437,22879,22882,22879,5,-5
2024-10-11 15:08:14.438,22879,22882,22879,1,-1
2024-10-11 15:08:14.438,22879,22882,22879,1,-1
2024-10-11 15:08:14.439,22879,22882,22881,1,1
2024-10-11 15:08:15.787,22879,22881,22879,1,-1
2024-10-11 15:08:16.062,22878,22881,22878,1,-1
2024-10-11 15:08:16.605,22878,22881,22881,1,1
2024-10-11 15:08:16.696,22879,22881,22879,1,-1
2024-10-11 15:08:17.087,22879,22881,22879,1,-1
2024-10-11 15:08:17.394,22879,22882,22882,1,1
2024-10-11 15:08:18.225,22879,22881,22881,1,1
2024-10-11 15:08:20.061,22880,22882,22880,1,-1
2024-10-11 15:08:24.959,22880,22882,22882,1,1
2024-10-11 15:08:25.419,22880,22882,22882,1,1
2024-10-11 15:08:25.867,22881,22882,22882,1,1
2024-10-11 15:08:25.867,22881,22882,22882,1,1
2024-10-11 15:08:25.867,22881,22882,22882,5,5
2024-10-11 15:08:28.346,22882,22883,22883,1,1
2024-10-11 15:08:33.043,22881,22883,22881,1,-1
2024-10-11 15:08:37.003,22881,22883,22881,2,-2
2024-10-11 15:08:37.080,22880,22882,22880,4,-4
2024-10-11 15:08:38.293,22879,22880,22879,3,-3
2024-10-11 15:08:39.875,22878,22880,22878,3,-3
2024-10-11 15:08:40.653,22878,22879,22879,1,1
2024-10-11 15:08:41.522,22878,22880,22878,1,-1
2024-10-11 15:08:45.043,22878,22880,22878,1,-1
2024-10-11 15:08:45.250,22878,22880,22878,1,-1
2024-10-11 15:08:45.251,22878,22880,22878,3,-3
2024-10-11 15:08:47.775,22877,22879,22877,1,-1
2024-10-11 15:08:50.127,22877,22879,22878,1,-1
2024-10-11 15:08:54.311,22877,22879,22877,1,-1
2024-10-11 15:08:58.047,22878,22879,22878,1,-1
2024-10-11 15:08:59.841,22877,22879,22878,1,-1
2024-10-11 15:09:03.289,22878,22880,22878,1,-1
2024-10-11 15:09:03.844,22877,22880,22880,1,1
2024-10-11 15:09:05.237,22877,22879,22877,1,-1
2024-10-11 15:09:08.799,22880,22883,22880,1,-1
2024-10-11 15:09:09.839,22879,22882,22879,1,-1
2024-10-11 15:09:09.945,22878,22880,22878,1,-1
2024-10-11 15:09:09.945,22878,22880,22878,1,-1
2024-10-11 15:09:09.945,22878,22880,22877,1,-1
2024-10-11 15:09:10.052,22878,22880,22877,1,-1
2024-10-11 15:09:13.261,22877,22878,22877,1,-1
2024-10-11 15:09:14.609,22876,22878,22876,1,-1
2024-10-11 15:09:16.413,22876,22878,22876,1,-1
2024-10-11 15:09:18.162,22877,22878,22878,1,1
2024-10-11 15:09:20.275,22877,22878,22878,1,1
2024-10-11 15:09:21.130,22878,22880,22878,1,-1
2024-10-11 15:09:21.576,22878,22880,22878,1,-1
2024-10-11 15:09:22.060,22878,22880,22878,1,-1
2024-10-11 15:09:25.460,22878,22880,22880,1,1
2024-10-11 15:09:25.460,22878,22880,22880,1,1
2024-10-11 15:09:25.461,22878,22880,22880,2,2
2024-10-11 15:09:25.572,22880,22882,22882,1,1
2024-10-11 15:09:26.371,22881,22883,22883,1,1
2024-10-11 15:09:28.639,22881,22883,22883,1,1
2024-10-11 15:09:28.749,22882,22885,22885,2,2
2024-10-11 15:09:30.697,22880,22882,22880,1,-1
2024-10-11 15:09:32.430,22879,22881,22881,1,1
2024-10-11 15:09:33.317,22882,22885,22885,1,1
2024-10-11 15:09:33.996,22882,22885,22885,2,2
2024-10-11 15:09:35.049,22883,22886,22883,1,-1
2024-10-11 15:09:40.246,22881,22883,22883,2,2
2024-10-11 15:09:41.593,22880,22883,22883,1,1
2024-10-11 15:09:47.054,22882,22884,22882,1,-1
2024-10-11 15:09:48.231,22882,22883,22883,1,1
2024-10-11 15:09:48.231,22882,22883,22883,1,1
2024-10-11 15:09:48.893,22883,22884,22883,1,-1
2024-10-11 15:09:52.275,22882,22884,22884,1,1
2024-10-11 15:09:53.197,22882,22884,22884,1,1
2024-10-11 15:09:55.079,22883,22884,22883,1,-1
2024-10-11 15:09:56.259,22882,22884,22882,1,-1
2024-10-11 15:09:57.824,22882,22884,22882,1,-1
2024-10-11 15:10:00.050,22882,22883,22882,1,-1
2024-10-11 15:10:01.269,22882,22883,22882,1,-1
2024-10-11 15:10:02.664,22880,22881,22880,2,-2
2024-10-11 15:10:03.739,22879,22880,22879,1,-1
2024-10-11 15:10:04.379,22878,22880,22878,1,-1
2024-10-11 15:10:07.013,22878,22879,22878,1,-1
2024-10-11 15:10:07.436,22876,22879,22879,2,2
2024-10-11 15:10:10.334,22879,22882,22879,2,-2
2024-10-11 15:10:11.978,22877,22880,22877,3,-3
2024-10-11 15:10:12.081,22876,22879,22876,1,-1
2024-10-11 15:10:12.148,22876,22879,22878,1,1
2024-10-11 15:10:14.784,22876,22879,22876,1,-1
2024-10-11 15:10:16.789,22876,22878,22876,2,-2
2024-10-11 15:10:16.790,22876,22878,22875,2,-2
2024-10-11 15:10:16.791,22876,22878,22875,7,-7
2024-10-11 15:10:16.792,22876,22878,22874,2,-2
2024-10-11 15:10:16.792,22876,22878,22874,4,-4
2024-10-11 15:10:16.949,22873,22875,22873,1,-1
2024-10-11 15:10:18.040,22874,22875,22875,1,1
2024-10-11 15:10:18.041,22874,22875,22876,9,9
2024-10-11 15:10:27.295,22876,22878,22876,3,-3
2024-10-11 15:10:27.762,22875,22876,22876,1,1
2024-10-11 15:10:29.995,22875,22876,22876,1,1
2024-10-11 15:10:30.350,22875,22876,22875,1,-1
2024-10-11 15:10:30.594,22874,22876,22875,2,-2
2024-10-11 15:10:33.752,22874,22875,22875,1,1
2024-10-11 15:10:34.634,22874,22875,22875,1,1
2024-10-11 15:10:35.244,22874,22875,22875,1,1
2024-10-11 15:10:35.357,22874,22876,22876,1,1
2024-10-11 15:10:35.361,22874,22876,22875,1,1
2024-10-11 15:10:36.922,22874,22875,22875,1,1
2024-10-11 15:10:40.384,22874,22876,22874,1,-1
2024-10-11 15:10:40.967,22874,22876,22876,1,1
2024-10-11 15:10:45.344,22874,22875,22874,1,-1
2024-10-11 15:10:49.783,22874,22875,22875,1,1
2024-10-11 15:10:50.285,22874,22876,22876,1,1
2024-10-11 15:10:50.286,22874,22876,22876,6,6
2024-10-11 15:10:50.397,22875,22878,22878,1,1
2024-10-11 15:10:52.784,22876,22877,22876,1,-1
2024-10-11 15:10:54.078,22875,22876,22875,1,-1
2024-10-11 15:10:54.665,22874,22875,22874,3,-3
2024-10-11 15:10:54.665,22874,22875,22874,4,-4
2024-10-11 15:10:56.614,22873,22875,22875,1,1
2024-10-11 15:10:58.662,22873,22875,22874,1,1
2024-10-11 15:11:03.663,22873,22874,22873,1,-1
2024-10-11 15:11:03.663,22873,22874,22873,4,-4
2024-10-11 15:11:03.663,22873,22874,22873,1,-1
2024-10-11 15:11:03.909,22872,22873,22872,5,-5
2024-10-11 15:11:03.911,22872,22873,22871,2,-2
2024-10-11 15:11:03.911,22872,22873,22871,1,-1
2024-10-11 15:11:03.911,22872,22873,22871,1,-1
2024-10-11 15:11:03.911,22872,22873,22871,1,-1
2024-10-11 15:11:03.961,22870,22871,22871,2,2
2024-10-11 15:11:05.507,22871,22873,22873,2,2
2024-10-11 15:11:06.114,22871,22873,22873,2,2
2024-10-11 15:11:07.024,22873,22875,22877,1,1
2024-10-11 15:11:07.025,22873,22875,22878,1,1
2024-10-11 15:11:07.033,22873,22875,22876,1,1
2024-10-11 15:11:07.311,22876,22877,22876,1,-1
2024-10-11 15:11:10.357,22876,22879,22876,1,-1
2024-10-11 15:11:16.001,22872,22875,22872,1,-1
2024-10-11 15:11:16.304,22871,22874,22874,1,1
2024-10-11 15:11:17.152,22872,22875,22875,1,1
2024-10-11 15:11:17.873,22872,22874,22874,1,1
2024-10-11 15:11:18.800,22872,22874,22872,1,-1
2024-10-11 15:11:22.296,22873,22874,22873,2,-2
2024-10-11 15:11:22.510,22874,22875,22875,1,1
2024-10-11 15:11:23.336,22872,22875,22875,1,1
2024-10-11 15:11:29.598,22875,22876,22876,1,1
2024-10-11 15:11:29.598,22875,22876,22876,7,7
2024-10-11 15:11:30.462,22876,22878,22876,1,-1
2024-10-11 15:11:31.194,22876,22878,22876,1,-1
2024-10-11 15:11:31.194,22876,22878,22875,4,-4
2024-10-11 15:11:33.700,22875,22877,22875,1,-1
2024-10-11 15:11:33.701,22875,22877,22874,1,-1
2024-10-11 15:11:34.647,22873,22874,22873,1,-1
2024-10-11 15:11:40.491,22873,22876,22873,1,-1
2024-10-11 15:11:45.562,22876,22877,22877,1,1
2024-10-11 15:11:45.899,22876,22878,22876,1,-1
2024-10-11 15:11:46.848,22876,22878,22876,1,-1
2024-10-11 15:11:51.609,22876,22878,22878,1,1
2024-10-11 15:11:54.014,22879,22880,22879,1,-1
2024-10-11 15:11:54.036,22879,22880,22879,1,-1
2024-10-11 15:11:57.983,22878,22880,22880,1,1
2024-10-11 15:11:58.188,22879,22882,22882,1,1
2024-10-11 15:11:59.373,22880,22882,22880,1,-1
2024-10-11 15:11:59.373,22880,22882,22879,2,-2
2024-10-11 15:12:02.147,22880,22882,22881,1,-1
2024-10-11 15:12:02.526,22880,22882,22880,1,-1
2024-10-11 15:12:02.563,22880,22882,22880,2,-2
2024-10-11 15:12:02.919,22879,22881,22879,1,-1
2024-10-11 15:12:05.101,22880,22882,22882,1,1
2024-10-11 15:12:07.994,22880,22881,22881,1,1
2024-10-11 15:12:09.748,22880,22881,22881,1,1
2024-10-11 15:12:10.324,22881,22883,22881,1,-1
2024-10-11 15:12:13.181,22880,22883,22880,1,-1
2024-10-11 15:12:14.182,22880,22883,22883,1,1
2024-10-11 15:12:14.482,22882,22883,22882,1,-1
2024-10-11 15:12:17.124,22880,22881,22880,1,-1
2024-10-11 15:12:19.212,22879,22880,22880,3,3
2024-10-11 15:12:19.213,22879,22880,22880,2,2
2024-10-11 15:12:21.414,22879,22881,22881,1,1
2024-10-11 15:12:26.490,22879,22880,22879,2,-2
2024-10-11 15:12:26.491,22879,22880,22878,2,-2
2024-10-11 15:12:26.492,22879,22880,22878,1,-1
2024-10-11 15:12:26.492,22879,22880,22878,3,-3
2024-10-11 15:12:28.732,22877,22879,22878,1,-1
2024-10-11 15:12:32.480,22877,22878,22878,2,2
2024-10-11 15:12:35.098,22877,22878,22877,1,-1
2024-10-11 15:12:45.937,22876,22877,22877,1,1
2024-10-11 15:12:47.171,22876,22877,22876,2,-2
2024-10-11 15:12:47.171,22876,22877,22875,6,-6
2024-10-11 15:12:47.171,22876,22877,22874,12,-12
2024-10-11 15:12:52.872,22873,22874,22873,1,-1
2024-10-11 15:12:55.897,22873,22874,22873,1,-1
2024-10-11 15:12:57.379,22873,22874,22873,2,-2
2024-10-11 15:12:57.943,22872,22873,22873,2,2
2024-10-11 15:12:57.943,22872,22873,22874,2,2
2024-10-11 15:12:59.436,22872,22873,22873,1,1
2024-10-11 15:13:02.299,22872,22873,22873,2,2
2024-10-11 15:13:02.300,22872,22873,22873,3,3
2024-10-11 15:13:02.453,22872,22874,22873,1,1
2024-10-11 15:13:02.453,22872,22874,22872,3,-3
2024-10-11 15:13:02.455,22872,22874,22872,1,-1
2024-10-11 15:13:02.455,22872,22874,22871,3,-3
2024-10-11 15:13:02.520,22872,22874,22871,4,-4
2024-10-11 15:13:02.604,22871,22872,22871,1,-1
2024-10-11 15:13:02.608,22871,22872,22871,1,-1
2024-10-11 15:13:05.866,22871,22874,22871,1,-1
2024-10-11 15:13:06.145,22871,22873,22871,2,-2
2024-10-11 15:13:07.749,22871,22874,22874,1,1
2024-10-11 15:13:10.422,22875,22878,22875,1,-1
2024-10-11 15:13:11.199,22875,22878,22875,2,-2
2024-10-11 15:13:13.308,22875,22877,22875,1,-1
2024-10-11 15:13:14.028,22874,22877,22875,1,-1
2024-10-11 15:13:17.316,22874,22877,22877,3,3
2024-10-11 15:13:19.875,22876,22878,22878,1,1
2024-10-11 15:13:22.475,22879,22880,22880,1,1
2024-10-11 15:13:22.476,22879,22880,22880,3,3
2024-10-11 15:13:23.573,22877,22880,22880,1,1
2024-10-11 15:13:27.194,22879,22881,22881,5,5
2024-10-11 15:13:27.195,22879,22881,22881,1,1
2024-10-11 15:13:28.372,22882,22883,22882,1,-1
2024-10-11 15:13:28.372,22882,22883,22881,1,-1
2024-10-11 15:13:41.968,22881,22883,22882,1,-1
2024-10-11 15:13:42.025,22881,22883,22882,1,-1
2024-10-11 15:13:42.551,22882,22883,22883,1,1
2024-10-11 15:13:42.551,22882,22883,22883,1,1
2024-10-11 15:13:45.480,22883,22884,22884,4,4
2024-10-11 15:13:45.659,22884,22885,22885,1,1
2024-10-11 15:13:46.165,22884,22886,22884,3,-3
2024-10-11 15:13:46.165,22884,22886,22883,1,-1
2024-10-11 15:13:47.288,22883,22886,22886,1,1
2024-10-11 15:13:53.686,22884,22886,22884,1,-1
2024-10-11 15:13:56.323,22884,22886,22886,1,1
2024-10-11 15:13:56.324,22884,22886,22886,1,1
2024-10-11 15:14:03.853,22886,22888,22888,2,2
2024-10-11 15:14:03.896,22886,22888,22889,3,3
2024-10-11 15:14:03.896,22886,22888,22889,2,2
2024-10-11 15:14:03.949,22888,22891,22890,1,1
2024-10-11 15:14:04.099,22886,22889,22891,2,2
2024-10-11 15:14:04.099,22886,22889,22890,6,6
2024-10-11 15:14:04.390,22888,22891,22888,4,-4
2024-10-11 15:14:05.843,22886,22889,22889,1,1
2024-10-11 15:14:09.747,22886,22887,22887,1,1
2024-10-11 15:14:09.778,22886,22887,22888,1,1
2024-10-11 15:14:10.383,22886,22889,22886,1,-1
2024-10-11 15:14:13.771,22884,22886,22886,1,1
2024-10-11 15:14:13.771,22884,22886,22887,1,1
2024-10-11 15:14:15.778,22886,22889,22889,1,1
2024-10-11 15:14:18.081,22888,22889,22888,1,-1
2024-10-11 15:14:20.674,22888,22889,22888,2,-2
2024-10-11 15:14:23.031,22886,22889,22886,1,-1
2024-10-11 15:14:24.793,22886,22888,22888,1,1
2024-10-11 15:14:26.271,22886,22889,22890,5,5
2024-10-11 15:14:26.271,22886,22889,22889,5,5
2024-10-11 15:14:26.652,22888,22891,22888,1,-1
2024-10-11 15:14:31.292,22889,22890,22890,1,1
2024-10-11 15:14:31.315,22889,22890,22890,1,1
2024-10-11 15:14:32.389,22889,22891,22889,1,-1
2024-10-11 15:14:35.825,22888,22890,22888,1,-1
2024-10-11 15:14:35.825,22888,22890,22888,1,-1
2024-10-11 15:14:38.603,22887,22889,22887,1,-1
2024-10-11 15:14:40.409,22886,22889,22887,1,-1
2024-10-11 15:14:42.066,22886,22887,22886,1,-1
2024-10-11 15:14:43.397,22886,22887,22887,1,1
2024-10-11 15:14:43.397,22886,22887,22888,2,2
2024-10-11 15:14:47.688,22889,22891,22891,2,2
2024-10-11 15:14:47.696,22890,22892,22892,1,1
2024-10-11 15:14:52.333,22891,22892,22892,2,2
2024-10-11 15:14:52.333,22891,22892,22893,2,2
2024-10-11 15:14:54.302,22891,22893,22891,1,-1
2024-10-11 15:14:55.276,22891,22892,22892,1,1
2024-10-11 15:14:56.790,22891,22892,22891,1,-1
2024-10-11 15:14:56.791,22891,22892,22891,1,-1
2024-10-11 15:14:59.006,22890,22893,22890,1,-1
2024-10-11 15:14:59.720,22890,22892,22891,1,-1
2024-10-11 15:15:01.624,22890,22893,22892,1,1
2024-10-11 15:15:02.339,22888,22891,22888,6,-6
2024-10-11 15:15:02.358,22888,22891,22888,2,-2
2024-10-11 15:15:02.532,22887,22889,22889,3,3
2024-10-11 15:15:05.414,22887,22889,22888,1,1
2024-10-11 15:15:05.643,22887,22888,22888,1,1
2024-10-11 15:15:06.099,22887,22889,22889,3,3
2024-10-11 15:15:06.931,22887,22888,22887,1,-1
2024-10-11 15:15:07.363,22887,22888,22887,1,-1
2024-10-11 15:15:07.445,22887,22888,22888,1,1
2024-10-11 15:15:07.445,22887,22888,22888,1,1
2024-10-11 15:15:07.534,22887,22888,22888,1,1
2024-10-11 15:15:10.331,22886,22888,22888,2,2
2024-10-11 15:15:10.331,22886,22888,22889,5,5
2024-10-11 15:15:10.333,22886,22888,22890,3,3
2024-10-11 15:15:16.784,22886,22888,22888,1,1
2024-10-11 15:15:17.863,22886,22888,22888,1,1
2024-10-11 15:15:18.438,22886,22888,22886,1,-1
2024-10-11 15:15:18.445,22884,22887,22887,1,1
2024-10-11 15:15:20.379,22884,22887,22886,1,1
2024-10-11 15:15:20.716,22884,22887,22886,1,1
2024-10-11 15:15:21.950,22884,22887,22884,1,-1
2024-10-11 15:15:24.311,22884,22885,22884,1,-1
2024-10-11 15:15:24.932,22883,22884,22884,1,1
2024-10-11 15:15:26.338,22883,22885,22884,1,1
2024-10-11 15:15:32.180,22884,22885,22884,2,-2
2024-10-11 15:15:32.184,22884,22885,22883,7,-7
2024-10-11 15:15:33.114,22881,22883,22881,1,-1
2024-10-11 15:15:34.072,22880,22881,22880,2,-2
2024-10-11 15:15:35.191,22878,22881,22881,1,1
2024-10-11 15:15:35.263,22878,22881,22878,1,-1
2024-10-11 15:15:36.058,22880,22881,22881,1,1
2024-10-11 15:15:36.072,22880,22882,22882,1,1
2024-10-11 15:15:36.592,22881,22882,22881,1,-1
2024-10-11 15:15:38.998,22880,22881,22882,1,1
2024-10-11 15:15:38.998,22880,22881,22881,2,2
2024-10-11 15:15:39.205,22880,22882,22880,2,-2
2024-10-11 15:15:39.205,22880,22882,22879,1,-1
2024-10-11 15:15:39.971,22878,22881,22878,1,-1
2024-10-11 15:15:43.358,22878,22880,22878,2,-2
2024-10-11 15:15:47.436,22878,22879,22878,5,-5
2024-10-11 15:15:50.705,22879,22880,22879,1,-1
2024-10-11 15:15:55.599,22878,22879,22878,1,-1
2024-10-11 15:15:55.599,22878,22879,22878,1,-1
2024-10-11 15:15:57.753,22878,22879,22878,1,-1
2024-10-11 15:15:58.113,22877,22878,22877,2,-2
2024-10-11 15:15:58.113,22877,22878,22877,1,-1
2024-10-11 15:15:58.113,22877,22878,22877,1,-1
2024-10-11 15:15:58.113,22877,22878,22877,1,-1
2024-10-11 15:15:58.113,22877,22878,22877,1,-1
2024-10-11 15:15:59.177,22876,22877,22876,3,-3
2024-10-11 15:16:00.164,22875,22877,22875,2,-2
2024-10-11 15:16:00.164,22875,22877,22875,1,-1
2024-10-11 15:16:00.198,22874,22876,22876,1,1
2024-10-11 15:16:00.198,22874,22876,22876,1,1
2024-10-11 15:16:01.075,22876,22878,22878,1,1
2024-10-11 15:16:01.195,22876,22879,22879,1,1
2024-10-11 15:16:01.195,22876,22879,22879,1,1
2024-10-11 15:16:02.398,22878,22880,22878,1,-1
2024-10-11 15:16:04.112,22879,22880,22880,1,1
2024-10-11 15:16:04.113,22879,22880,22880,2,2
2024-10-11 15:16:04.113,22879,22880,22879,2,-2
2024-10-11 15:16:04.113,22879,22880,22880,1,1
2024-10-11 15:16:04.418,22879,22882,22879,1,-1
2024-10-11 15:16:07.813,22882,22884,22881,2,-2
2024-10-11 15:16:08.701,22881,22882,22882,1,1
2024-10-11 15:16:08.820,22882,22885,22885,1,1
2024-10-11 15:16:08.820,22882,22885,22885,1,1
2024-10-11 15:16:08.820,22882,22885,22885,1,1
2024-10-11 15:16:10.582,22885,22888,22885,1,-1
2024-10-11 15:16:15.360,22888,22890,22888,1,-1
2024-10-11 15:16:21.487,22888,22891,22888,1,-1
2024-10-11 15:16:22.434,22888,22890,22888,1,-1
2024-10-11 15:16:22.959,22889,22890,22889,1,-1
2024-10-11 15:16:28.324,22888,22890,22890,1,1
2024-10-11 15:16:31.086,22888,22890,22888,1,-1
2024-10-11 15:16:37.228,22888,22889,22888,1,-1
2024-10-11 15:16:39.366,22888,22889,22890,5,5
2024-10-11 15:16:39.366,22888,22889,22889,3,3
2024-10-11 15:16:39.394,22888,22889,22891,1,1
2024-10-11 15:16:39.446,22890,22892,22892,4,4
2024-10-11 15:16:39.446,22890,22892,22893,1,1
2024-10-11 15:16:39.446,22890,22892,22894,1,1
2024-10-11 15:16:39.446,22890,22892,22894,1,1
2024-10-11 15:16:39.446,22890,22892,22894,1,1
2024-10-11 15:16:39.447,22890,22892,22894,1,1
2024-10-11 15:16:39.447,22890,22892,22894,1,1
2024-10-11 15:16:39.448,22890,22892,22894,1,1
2024-10-11 15:16:39.448,22890,22892,22894,2,2
2024-10-11 15:16:39.449,22890,22892,22894,1,1
2024-10-11 15:16:39.483,22890,22892,22893,1,1
2024-10-11 15:16:40.309,22893,22895,22893,1,-1
2024-10-11 15:16:45.126,22893,22894,22893,1,-1
2024-10-11 15:16:45.318,22893,22894,22894,1,1
2024-10-11 15:16:46.473,22894,22895,22894,1,-1
2024-10-11 15:16:46.569,22893,22895,22895,1,1
2024-10-11 15:16:46.570,22893,22895,22895,1,1
2024-10-11 15:16:46.571,22893,22895,22895,1,1
2024-10-11 15:16:46.575,22893,22895,22895,1,1
2024-10-11 15:16:47.868,22895,22896,22896,1,1
2024-10-11 15:16:47.869,22895,22896,22896,4,4
2024-10-11 15:16:49.997,22894,22897,22897,5,5
2024-10-11 15:16:49.997,22894,22897,22898,2,2
2024-10-11 15:16:50.123,22895,22898,22898,1,1
2024-10-11 15:16:50.769,22896,22898,22896,1,-1
2024-10-11 15:16:51.259,22895,22898,22896,1,-1
2024-10-11 15:16:52.168,22895,22897,22894,1,-1
2024-10-11 15:16:52.168,22895,22897,22894,1,-1
2024-10-11 15:16:52.169,22895,22897,22893,1,-1
2024-10-11 15:16:52.169,22895,22897,22893,2,-2
2024-10-11 15:16:52.169,22895,22897,22893,1,-1
2024-10-11 15:16:57.611,22891,22893,22891,1,-1
2024-10-11 15:17:00.304,22890,22893,22890,1,-1
2024-10-11 15:17:00.587,22890,22892,22890,2,-2
2024-10-11 15:17:01.227,22892,22893,22893,1,1
2024-10-11 15:17:01.227,22892,22893,22893,1,1
2024-10-11 15:17:01.228,22892,22893,22893,1,1
2024-10-11 15:17:02.340,22892,22893,22893,1,1
2024-10-11 15:17:05.986,22892,22893,22892,1,-1
2024-10-11 15:17:06.278,22890,22893,22890,1,-1
2024-10-11 15:17:07.703,22890,22891,22891,1,1
2024-10-11 15:17:08.431,22890,22891,22890,2,-2
2024-10-11 15:17:08.431,22890,22891,22890,1,-1
2024-10-11 15:17:09.801,22888,22890,22888,1,-1
2024-10-11 15:17:11.113,22885,22888,22888,1,1
2024-10-11 15:17:13.563,22886,22888,22888,1,1
2024-10-11 15:17:15.764,22886,22888,22888,1,1
2024-10-11 15:17:17.834,22889,22890,22890,1,1
2024-10-11 15:17:22.655,22888,22889,22888,2,-2
2024-10-11 15:17:23.468,22887,22888,22887,1,-1
2024-10-11 15:17:25.201,22887,22889,22889,1,1
2024-10-11 15:17:31.006,22888,22890,22888,1,-1
2024-10-11 15:17:31.975,22888,22890,22890,1,1
2024-10-11 15:17:34.189,22888,22889,22888,1,-1
2024-10-11 15:17:34.282,22886,22889,22889,1,1
2024-10-11 15:17:34.976,22886,22887,22886,1,-1
2024-10-11 15:17:36.493,22885,22887,22885,4,-4
2024-10-11 15:17:36.493,22885,22887,22885,1,-1
2024-10-11 15:17:36.494,22885,22887,22885,2,-2
2024-10-11 15:17:36.494,22885,22887,22885,1,-1
2024-10-11 15:17:36.494,22885,22887,22885,2,-2
2024-10-11 15:17:36.494,22885,22887,22885,1,-1
2024-10-11 15:17:36.494,22885,22887,22885,3,-3
2024-10-11 15:17:37.241,22885,22886,22885,2,-2
2024-10-11 15:17:39.535,22884,22885,22884,1,-1
2024-10-11 15:17:46.444,22882,22883,22882,2,-2
2024-10-11 15:17:46.664,22881,22882,22882,1,1
2024-10-11 15:17:48.665,22881,22882,22882,1,1
2024-10-11 15:17:50.958,22882,22883,22883,2,2
2024-10-11 15:17:51.184,22882,22885,22882,3,-3
2024-10-11 15:17:51.184,22882,22885,22881,4,-4
2024-10-11 15:17:51.359,22881,22884,22883,1,1
2024-10-11 15:17:56.434,22880,22882,22880,1,-1
2024-10-11 15:17:56.659,22879,22880,22879,1,-1
2024-10-11 15:17:56.796,22878,22879,22878,1,-1
2024-10-11 15:17:56.797,22878,22879,22878,1,-1
2024-10-11 15:18:04.298,22881,22883,22883,1,1
2024-10-11 15:18:14.364,22887,22889,22887,1,-1
2024-10-11 15:18:16.614,22887,22890,22890,1,1
2024-10-11 15:18:17.376,22888,22891,22888,1,-1
2024-10-11 15:18:20.266,22887,22890,22887,1,-1
2024-10-11 15:18:21.577,22888,22890,22888,1,-1
2024-10-11 15:18:21.579,22888,22890,22888,1,-1
2024-10-11 15:18:23.152,22888,22891,22891,3,3
2024-10-11 15:18:27.089,22888,22891,22888,1,-1
2024-10-11 15:18:29.659,22888,22891,22891,1,1
2024-10-11 15:18:30.939,22890,22891,22891,4,4
2024-10-11 15:18:30.971,22890,22891,22892,1,1
2024-10-11 15:18:30.971,22890,22891,22892,2,2
2024-10-11 15:18:33.097,22892,22894,22894,1,1
2024-10-11 15:18:35.955,22892,22895,22895,2,2
2024-10-11 15:18:36.931,22894,22895,22894,1,-1
2024-10-11 15:18:37.229,22894,22895,22895,3,3
2024-10-11 15:18:37.229,22894,22895,22896,2,2
2024-10-11 15:18:37.550,22896,22897,22896,1,-1
2024-10-11 15:18:37.550,22896,22897,22896,1,-1
2024-10-11 15:18:37.551,22896,22897,22896,3,-3
2024-10-11 15:18:37.551,22896,22897,22896,1,-1
2024-10-11 15:18:37.551,22896,22897,22896,1,-1
2024-10-11 15:18:38.890,22892,22895,22892,1,-1
2024-10-11 15:18:39.951,22890,22893,22893,2,2
2024-10-11 15:18:40.341,22891,22894,22891,1,-1
2024-10-11 15:18:46.680,22893,22894,22894,1,1
2024-10-11 15:18:46.680,22893,22894,22894,1,1
2024-10-11 15:18:48.041,22893,22896,22896,6,6
2024-10-11 15:18:48.041,22893,22896,22897,2,2
2024-10-11 15:18:48.277,22895,22897,22897,2,2
2024-10-11 15:18:50.683,22894,22896,22893,1,-1
2024-10-11 15:18:50.919,22893,22896,22893,1,-1
2024-10-11 15:19:05.053,22893,22896,22894,1,-1
2024-10-11 15:19:10.711,22893,22895,22893,1,-1
2024-10-11 15:19:10.772,22893,22895,22893,1,-1
2024-10-11 15:19:13.274,22892,22893,22893,1,1
2024-10-11 15:19:14.271,22892,22893,22892,1,-1
2024-10-11 15:19:14.272,22892,22893,22892,2,-2
2024-10-11 15:19:14.272,22892,22893,22892,1,-1
2024-10-11 15:19:16.512,22890,22893,22890,2,-2
2024-10-11 15:19:16.937,22890,22893,22893,1,1
2024-10-11 15:19:23.629,22892,22893,22892,3,-3
2024-10-11 15:19:29.061,22890,22892,22892,1,1
2024-10-11 15:19:39.251,22892,22893,22893,1,1
2024-10-11 15:19:39.988,22893,22894,22894,2,2
2024-10-11 15:19:42.909,22893,22895,22893,1,-1
2024-10-11 15:19:42.909,22893,22895,22892,4,-4
2024-10-11 15:19:52.784,22891,22894,22894,1,1
2024-10-11 15:19:59.260,22892,22894,22894,1,1
2024-10-11 15:20:00.239,22892,22895,22892,1,-1
2024-10-11 15:20:00.561,22893,22896,22896,1,1
2024-10-11 15:20:07.932,22895,22896,22895,3,-3
2024-10-11 15:20:08.964,22893,22896,22896,1,1
2024-10-11 15:20:10.148,22892,22895,22892,2,-2
2024-10-11 15:20:10.148,22892,22895,22892,2,-2
2024-10-11 15:20:11.373,22890,22892,22892,1,1
2024-10-11 15:20:17.606,22891,22894,22891,1,-1
2024-10-11 15:20:17.802,22891,22893,22891,1,-1
2024-10-11 15:20:22.014,22890,22891,22890,1,-1
2024-10-11 15:20:22.015,22890,22891,22890,1,-1
2024-10-11 15:20:35.080,22888,22891,22891,2,2
2024-10-11 15:20:38.942,22890,22892,22892,13,13
2024-10-11 15:20:43.414,22894,22895,22894,1,-1
2024-10-11 15:20:50.464,22893,22894,22894,2,2
2024-10-11 15:20:50.464,22893,22894,22895,5,5
2024-10-11 15:20:54.472,22895,22896,22896,2,2
2024-10-11 15:20:54.472,22895,22896,22897,3,3
2024-10-11 15:20:56.533,22897,22898,22898,8,8
2024-10-11 15:20:56.533,22897,22898,22898,3,3
2024-10-11 15:20:59.892,22898,22899,22898,1,-1
2024-10-11 15:21:02.339,22896,22899,22899,1,1
2024-10-11 15:21:02.544,22897,22899,22899,1,1
2024-10-11 15:21:06.299,22896,22899,22899,2,2
2024-10-11 15:21:07.383,22896,22899,22896,2,-2
2024-10-11 15:21:10.645,22895,22898,22895,1,-1
2024-10-11 15:21:10.888,22894,22897,22897,2,2
2024-10-11 15:21:15.141,22894,22895,22894,1,-1
2024-10-11 15:21:22.607,22890,22892,22890,4,-4
2024-10-11 15:21:22.623,22890,22892,22890,2,-2
2024-10-11 15:21:27.015,22889,22890,22889,1,-1
2024-10-11 15:21:27.949,22888,22889,22888,1,-1
2024-10-11 15:21:28.426,22888,22889,22888,1,-1
2024-10-11 15:21:28.895,22887,22889,22887,1,-1
2024-10-11 15:21:42.644,22887,22888,22888,1,1
2024-10-11 15:21:52.823,22888,22890,22888,1,-1
2024-10-11 15:21:53.867,22889,22890,22889,3,-3
2024-10-11 15:21:53.867,22889,22890,22888,5,-5
2024-10-11 15:21:53.868,22889,22890,22888,1,-1
2024-10-11 15:21:53.868,22889,22890,22888,1,-1
2024-10-11 15:21:55.724,22887,22889,22887,3,-3
2024-10-11 15:21:56.326,22886,22888,22888,1,1
2024-10-11 15:21:58.859,22887,22888,22887,1,-1
2024-10-11 15:21:59.577,22886,22888,22886,1,-1
2024-10-11 15:21:59.578,22886,22888,22886,4,-4
2024-10-11 15:21:59.578,22886,22888,22886,1,-1
2024-10-11 15:22:00.432,22885,22886,22885,1,-1
2024-10-11 15:22:00.432,22885,22886,22885,2,-2
2024-10-11 15:22:03.883,22884,22886,22884,3,-3
2024-10-11 15:22:05.812,22885,22886,22886,1,1
2024-10-11 15:22:12.739,22887,22888,22887,1,-1
2024-10-11 15:22:12.739,22887,22888,22886,1,-1
2024-10-11 15:22:14.135,22887,22888,22887,1,-1
2024-10-11 15:22:17.238,22885,22886,22885,1,-1
2024-10-11 15:22:18.327,22884,22885,22884,1,-1
2024-10-11 15:22:19.990,22883,22884,22883,1,-1
2024-10-11 15:22:19.990,22883,22884,22883,1,-1
2024-10-11 15:22:19.991,22883,22884,22882,8,-8
2024-10-11 15:22:27.389,22880,22882,22880,3,-3
2024-10-11 15:22:28.775,22878,22881,22878,1,-1
2024-10-11 15:22:30.332,22877,22880,22877,2,-2
2024-10-11 15:22:33.316,22877,22879,22877,1,-1
2024-10-11 15:22:39.287,22878,22879,22879,1,1
2024-10-11 15:22:42.644,22878,22880,22878,1,-1
2024-10-11 15:22:46.914,22879,22880,22880,3,3
2024-10-11 15:22:46.915,22879,22880,22880,1,1
2024-10-11 15:22:46.915,22879,22880,22880,2,2
2024-10-11 15:22:51.826,22881,22884,22884,1,1
2024-10-11 15:22:55.235,22881,22883,22884,1,1
2024-10-11 15:22:55.235,22881,22883,22883,1,1
2024-10-11 15:23:00.094,22882,22885,22883,1,-1
2024-10-11 15:23:04.260,22883,22886,22883,1,-1
2024-10-11 15:23:07.399,22883,22884,22884,1,1
2024-10-11 15:23:10.686,22888,22890,22889,1,1
2024-10-11 15:23:12.574,22889,22890,22890,1,1
2024-10-11 15:23:16.867,22890,22891,22891,1,1
2024-10-11 15:23:23.458,22890,22891,22891,1,1
2024-10-11 15:23:23.922,22890,22892,22890,1,-1
2024-10-11 15:23:23.922,22890,22892,22890,2,-2
2024-10-11 15:23:23.964,22888,22890,22888,1,-1
2024-10-11 15:23:23.964,22888,22890,22888,6,-6
2024-10-11 15:23:23.966,22888,22890,22887,1,-1
2024-10-11 15:23:26.138,22884,22886,22884,1,-1
2024-10-11 15:23:26.419,22883,22884,22884,1,1
2024-10-11 15:23:29.288,22883,22886,22883,1,-1
2024-10-11 15:23:32.353,22884,22885,22885,1,1
2024-10-11 15:23:32.353,22884,22885,22885,1,1
2024-10-11 15:23:36.062,22884,22885,22885,1,1
2024-10-11 15:23:37.880,22882,22885,22882,1,-1
2024-10-11 15:23:43.509,22882,22883,22882,1,-1
2024-10-11 15:23:43.509,22882,22883,22882,1,-1
2024-10-11 15:23:43.509,22882,22883,22882,1,-1
2024-10-11 15:23:48.239,22880,22883,22880,1,-1
2024-10-11 15:23:48.239,22880,22883,22880,1,-1
2024-10-11 15:23:48.239,22880,22883,22880,1,-1
2024-10-11 15:23:48.763,22878,22879,22878,1,-1
2024-10-11 15:23:48.764,22878,22879,22878,1,-1
2024-10-11 15:23:49.003,22877,22878,22877,5,-5
2024-10-11 15:23:49.004,22877,22878,22877,1,-1
2024-10-11 15:23:49.004,22877,22878,22877,1,-1
2024-10-11 15:23:49.005,22877,22878,22876,7,-7
2024-10-11 15:23:49.079,22875,22877,22875,2,-2
2024-10-11 15:23:49.335,22875,22877,22875,1,-1
2024-10-11 15:23:49.648,22875,22877,22875,1,-1
2024-10-11 15:23:49.648,22875,22877,22875,3,-3
2024-10-11 15:23:56.974,22877,22878,22877,1,-1
2024-10-11 15:23:56.974,22877,22878,22876,3,-3
2024-10-11 15:23:56.974,22877,22878,22875,3,-3
2024-10-11 15:23:57.717,22875,22877,22875,2,-2
2024-10-11 15:24:00.208,22875,22876,22875,1,-1
2024-10-11 15:24:00.208,22875,22876,22875,2,-2
2024-10-11 15:24:01.081,22874,22875,22874,3,-3
2024-10-11 15:24:01.081,22874,22875,22874,1,-1
2024-10-11 15:24:01.081,22874,22875,22874,1,-1
2024-10-11 15:24:01.081,22874,22875,22874,1,-1
2024-10-11 15:24:01.082,22874,22875,22873,7,-7
2024-10-11 15:24:01.125,22874,22875,22872,1,-1
2024-10-11 15:24:01.194,22871,22874,22871,1,-1
2024-10-11 15:24:01.194,22871,22874,22871,1,-1
2024-10-11 15:24:01.195,22871,22874,22871,1,-1
2024-10-11 15:24:01.195,22871,22874,22871,1,-1
2024-10-11 15:24:01.196,22871,22874,22872,1,-1
2024-10-11 15:24:01.196,22871,22874,22871,1,-1
2024-10-11 15:24:01.196,22871,22874,22872,1,-1
2024-10-11 15:24:01.358,22871,22872,22874,1,1
2024-10-11 15:24:01.392,22871,22872,22872,1,1
2024-10-11 15:24:01.701,22871,22874,22871,1,-1
2024-10-11 15:24:01.719,22871,22874,22871,1,-1
2024-10-11 15:24:01.775,22871,22874,22871,1,-1
2024-10-11 15:24:01.787,22871,22874,22870,2,-2
2024-10-11 15:24:01.787,22871,22874,22870,1,-1
2024-10-11 15:24:01.792,22871,22874,22870,1,-1
2024-10-11 15:24:01.794,22871,22874,22870,1,-1
2024-10-11 15:24:01.878,22870,22872,22870,2,-2
2024-10-11 15:24:01.878,22870,22872,22869,5,-5
2024-10-11 15:24:01.878,22870,22872,22868,3,-3
2024-10-11 15:24:01.983,22868,22870,22869,1,-1
2024-10-11 15:24:02.115,22869,22872,22869,1,-1
2024-10-11 15:24:02.116,22869,22872,22869,1,-1
2024-10-11 15:24:02.123,22869,22872,22868,1,-1
2024-10-11 15:24:02.279,22868,22871,22869,2,-2
2024-10-11 15:24:02.686,22869,22872,22869,5,-5
2024-10-11 15:24:02.686,22869,22872,22868,6,-6
2024-10-11 15:24:02.780,22868,22870,22870,1,1
2024-10-11 15:24:03.224,22869,22871,22869,1,-1
2024-10-11 15:24:03.227,22869,22871,22870,1,-1
2024-10-11 15:24:04.003,22870,22873,22870,1,-1
2024-10-11 15:24:04.772,22870,22873,22870,1,-1
2024-10-11 15:24:06.987,22869,22871,22869,1,-1
2024-10-11 15:24:06.987,22869,22871,22868,4,-4
2024-10-11 15:24:08.960,22869,22870,22869,1,-1
2024-10-11 15:24:09.021,22869,22870,22868,1,-1
2024-10-11 15:24:09.070,22867,22869,22867,1,-1
2024-10-11 15:24:09.070,22867,22869,22867,1,-1
2024-10-11 15:24:09.070,22867,22869,22867,1,-1
2024-10-11 15:24:09.071,22867,22869,22867,1,-1
2024-10-11 15:24:09.071,22867,22869,22867,1,-1
2024-10-11 15:24:09.071,22867,22869,22867,1,-1
2024-10-11 15:24:11.326,22867,22868,22868,1,1
2024-10-11 15:24:11.886,22868,22870,22868,1,-1
2024-10-11 15:24:12.194,22867,22870,22867,1,-1
2024-10-11 15:24:13.581,22867,22870,22867,1,-1
2024-10-11 15:24:14.329,22867,22869,22867,1,-1
2024-10-11 15:24:15.954,22868,22869,22868,1,-1
2024-10-11 15:24:16.130,22868,22869,22868,1,-1
2024-10-11 15:24:16.139,22868,22869,22867,2,-2
2024-10-11 15:24:17.460,22866,22868,22866,1,-1
2024-10-11 15:24:17.460,22866,22868,22866,1,-1
2024-10-11 15:24:17.460,22866,22868,22866,1,-1
2024-10-11 15:24:21.270,22867,22868,22868,1,1
2024-10-11 15:24:22.885,22867,22869,22869,3,3
2024-10-11 15:24:22.885,22867,22869,22870,9,9
2024-10-11 15:24:23.922,22868,22870,22868,1,-1
2024-10-11 15:24:24.161,22868,22870,22870,1,1
2024-10-11 15:24:25.483,22870,22871,22870,1,-1
2024-10-11 15:24:32.507,22868,22869,22869,1,1
2024-10-11 15:24:32.612,22868,22870,22868,2,-2
2024-10-11 15:24:33.663,22869,22870,22869,1,-1
2024-10-11 15:24:37.618,22869,22870,22870,4,4
2024-10-11 15:24:37.619,22869,22870,22870,1,1
2024-10-11 15:24:41.510,22870,22871,22871,1,1
2024-10-11 15:24:41.520,22870,22871,22870,2,-2
2024-10-11 15:24:48.954,22868,22870,22867,1,-1
2024-10-11 15:24:48.954,22868,22870,22868,5,-5
2024-10-11 15:24:59.998,22868,22870,22870,2,2
2024-10-11 15:25:00.012,22868,22870,22871,8,8
2024-10-11 15:25:00.259,22871,22874,22874,1,1
2024-10-11 15:25:03.476,22874,22875,22874,1,-1
2024-10-11 15:25:03.856,22873,22875,22873,1,-1
2024-10-11 15:25:03.856,22873,22875,22873,1,-1
2024-10-11 15:25:05.266,22873,22875,22875,1,1
2024-10-11 15:25:08.941,22873,22875,22875,2,2
2024-10-11 15:25:10.127,22873,22875,22875,1,1
2024-10-11 15:25:10.160,22873,22875,22874,1,1
2024-10-11 15:25:13.856,22875,22876,22876,1,1
2024-10-11 15:25:17.368,22876,22877,22876,1,-1
2024-10-11 15:25:20.248,22875,22876,22877,1,1
2024-10-11 15:25:20.248,22875,22876,22876,1,1
2024-10-11 15:25:21.763,22876,22877,22877,1,1
2024-10-11 15:25:27.307,22876,22877,22877,1,1
2024-10-11 15:25:33.947,22876,22877,22877,1,1
2024-10-11 15:25:34.007,22876,22877,22878,1,1
2024-10-11 15:25:37.878,22878,22881,22878,1,-1
2024-10-11 15:25:43.703,22876,22878,22878,2,2
2024-10-11 15:25:46.375,22876,22878,22876,3,-3
2024-10-11 15:25:52.028,22876,22878,22876,1,-1
2024-10-11 15:25:54.821,22876,22878,22878,1,1
2024-10-11 15:26:07.466,22877,22878,22877,2,-2
2024-10-11 15:26:09.213,22876,22878,22878,1,1
2024-10-11 15:26:13.752,22877,22878,22878,2,2
2024-10-11 15:26:18.670,22879,22880,22880,1,1
2024-10-11 15:26:25.056,22878,22880,22880,1,1
2024-10-11 15:26:26.421,22880,22881,22881,1,1
2024-10-11 15:26:26.422,22880,22881,22881,1,1
2024-10-11 15:26:26.422,22880,22881,22881,1,1
2024-10-11 15:26:26.508,22879,22882,22880,1,-1
2024-10-11 15:26:28.990,22879,22880,22880,1,1
2024-10-11 15:26:30.115,22880,22881,22881,1,1
2024-10-11 15:26:30.467,22881,22882,22882,8,8
2024-10-11 15:26:30.487,22881,22882,22882,2,2
2024-10-11 15:26:31.270,22881,22883,22883,2,2
2024-10-11 15:26:37.715,22882,22883,22883,1,1
2024-10-11 15:26:37.715,22882,22883,22883,1,1
2024-10-11 15:26:42.990,22882,22883,22883,1,1
2024-10-11 15:26:49.274,22884,22885,22885,1,1
2024-10-11 15:26:54.096,22885,22886,22886,1,1
2024-10-11 15:26:54.533,22886,22887,22887,1,1
2024-10-11 15:26:54.533,22886,22887,22887,3,3
2024-10-11 15:26:54.554,22886,22887,22888,1,1
2024-10-11 15:26:56.433,22887,22888,22888,1,1
2024-10-11 15:26:58.943,22887,22888,22888,1,1
2024-10-11 15:27:01.424,22886,22888,22888,1,1
2024-10-11 15:27:06.931,22889,22890,22890,4,4
2024-10-11 15:27:10.841,22890,22891,22890,1,-1
2024-10-11 15:27:11.633,22890,22891,22890,1,-1
2024-10-11 15:27:14.895,22890,22891,22890,1,-1
2024-10-11 15:27:16.183,22890,22891,22891,1,1
2024-10-11 15:27:16.183,22890,22891,22891,3,3
2024-10-11 15:27:16.211,22891,22892,22892,1,1
2024-10-11 15:27:16.211,22891,22892,22892,1,1
2024-10-11 15:27:16.211,22891,22892,22892,4,4
2024-10-11 15:27:17.800,22890,22893,22891,1,-1
2024-10-11 15:27:22.393,22892,22893,22893,1,1
2024-10-11 15:27:22.393,22892,22893,22893,2,2
2024-10-11 15:27:26.820,22893,22895,22895,1,1
2024-10-11 15:27:27.979,22893,22894,22893,1,-1
2024-10-11 15:27:27.980,22893,22894,22893,1,-1
2024-10-11 15:27:28.034,22893,22894,22892,1,-1
2024-10-11 15:27:28.034,22893,22894,22892,1,-1
2024-10-11 15:27:28.034,22893,22894,22892,3,-3
2024-10-11 15:27:28.034,22893,22894,22892,1,-1
2024-10-11 15:27:28.034,22893,22894,22892,1,-1
2024-10-11 15:27:33.136,22890,22891,22890,1,-1
2024-10-11 15:27:34.292,22888,22889,22888,1,-1
2024-10-11 15:27:39.286,22886,22888,22888,1,1
2024-10-11 15:27:41.207,22886,22888,22888,1,1
2024-10-11 15:27:52.039,22886,22889,22886,1,-1
2024-10-11 15:28:01.358,22883,22886,22883,2,-2
2024-10-11 15:28:01.940,22884,22886,22884,1,-1
2024-10-11 15:28:04.299,22885,22886,22886,1,1
2024-10-11 15:28:34.955,22886,22889,22886,2,-2
2024-10-11 15:28:55.366,22886,22889,22886,2,-2
2024-10-11 15:28:59.563,22888,22889,22889,2,2
2024-10-11 15:29:03.920,22890,22892,22892,3,3
2024-10-11 15:29:03.920,22890,22892,22892,1,1
2024-10-11 15:29:03.920,22890,22892,22892,1,1
2024-10-11 15:29:03.921,22890,22892,22894,1,1
2024-10-11 15:29:04.005,22893,22894,22893,2,-2
2024-10-11 15:29:04.006,22893,22894,22892,1,-1
2024-10-11 15:29:05.925,22892,22894,22894,1,1
2024-10-11 15:29:09.762,22892,22894,22892,1,-1
2024-10-11 15:29:12.194,22891,22894,22893,1,1
2024-10-11 15:29:20.548,22890,22893,22893,1,1
2024-10-11 15:29:34.094,22891,22893,22893,1,1
2024-10-11 15:29:34.486,22893,22894,22893,1,-1
2024-10-11 15:29:39.723,22892,22893,22892,1,-1
2024-10-11 15:29:39.723,22892,22893,22892,1,-1
2024-10-11 15:29:40.077,22890,22892,22892,1,1
2024-10-11 15:29:40.378,22890,22892,22892,2,2
2024-10-11 15:29:49.982,22890,22891,22890,1,-1
2024-10-11 15:29:50.267,22887,22890,22890,1,1
2024-10-11 15:29:59.933,22890,22891,22891,1,1
2024-10-11 15:29:59.933,22890,22891,22891,1,1
2024-10-11 15:29:59.933,22890,22891,22891,1,1
2024-10-11 15:30:01.090,22892,22893,22892,1,-1
2024-10-11 15:30:02.731,22885,22887,22885,1,-1
2024-10-11 15:30:10.296,22885,22887,22885,1,-1
2024-10-11 15:30:14.444,22885,22886,22886,1,1
2024-10-11 15:30:15.951,22885,22887,22887,2,2
2024-10-11 15:30:21.192,22885,22886,22886,1,1
2024-10-11 15:30:21.628,22885,22887,22885,1,-1
2024-10-11 15:30:21.629,22885,22887,22885,3,-3
2024-10-11 15:30:32.421,22884,22887,22884,1,-1
2024-10-11 15:30:37.863,22883,22884,22884,1,1
2024-10-11 15:30:42.075,22883,22886,22883,1,-1
2024-10-11 15:30:50.776,22885,22886,22886,1,1
2024-10-11 15:30:51.348,22885,22887,22887,2,2
2024-10-11 15:30:51.348,22885,22887,22887,1,1
2024-10-11 15:31:03.976,22888,22890,22890,1,1
2024-10-11 15:31:04.070,22888,22891,22891,1,1
2024-10-11 15:31:04.079,22888,22891,22891,1,1
2024-10-11 15:31:10.885,22889,22891,22889,1,-1
2024-10-11 15:31:28.530,22888,22890,22888,1,-1
2024-10-11 15:31:39.100,22886,22888,22887,2,-2
2024-10-11 15:31:39.195,22886,22888,22888,1,1
2024-10-11 15:31:39.196,22886,22888,22890,1,1
2024-10-11 15:31:39.196,22886,22888,22890,1,1
2024-10-11 15:31:39.196,22886,22888,22890,1,1
2024-10-11 15:31:39.196,22886,22888,22890,1,1
2024-10-11 15:31:39.196,22886,22888,22890,1,1
2024-10-11 15:31:39.196,22886,22888,22890,1,1
2024-10-11 15:31:39.196,22886,22888,22888,1,1
2024-10-11 15:31:39.196,22886,22888,22888,1,1
2024-10-11 15:31:39.196,22886,22888,22888,1,1
2024-10-11 15:31:39.197,22886,22888,22891,1,1
2024-10-11 15:31:39.197,22886,22888,22891,1,1
2024-10-11 15:31:39.197,22886,22888,22891,1,1
2024-10-11 15:31:39.197,22886,22888,22891,1,1
2024-10-11 15:31:39.198,22886,22888,22892,1,1
2024-10-11 15:31:39.198,22886,22888,22892,1,1
2024-10-11 15:31:39.198,22886,22888,22892,1,1
2024-10-11 15:31:39.794,22891,22892,22892,2,2
2024-10-11 15:31:43.753,22892,22893,22893,1,1
2024-10-11 15:31:43.820,22893,22894,22894,1,1
2024-10-11 15:31:43.820,22893,22894,22894,1,1
2024-10-11 15:31:43.821,22893,22894,22895,1,1
2024-10-11 15:31:43.822,22893,22894,22895,1,1
2024-10-11 15:31:43.822,22893,22894,22895,1,1
2024-10-11 15:31:43.822,22893,22894,22895,1,1
2024-10-11 15:31:43.822,22893,22894,22896,1,1
2024-10-11 15:31:43.822,22893,22894,22896,1,1
2024-10-11 15:31:43.822,22893,22894,22896,1,1
2024-10-11 15:31:43.827,22893,22894,22896,1,1
2024-10-11 15:31:43.829,22893,22894,22897,1,1
2024-10-11 15:31:47.630,22893,22895,22895,1,1
2024-10-11 15:31:49.641,22892,22895,22895,5,5
2024-10-11 15:31:49.642,22892,22895,22895,1,1
2024-10-11 15:31:49.696,22892,22895,22895,1,1
2024-10-11 15:31:55.563,22894,22895,22895,1,1
2024-10-11 15:31:55.563,22894,22895,22895,1,1
2024-10-11 15:31:59.087,22894,22895,22894,1,-1
2024-10-11 15:32:00.299,22894,22895,22894,1,-1
2024-10-11 15:32:00.855,22893,22895,22895,1,1
2024-10-11 15:32:07.467,22894,22895,22895,1,1
2024-10-11 15:32:08.126,22895,22896,22896,1,1
2024-10-11 15:32:08.126,22895,22896,22896,1,1
2024-10-11 15:32:08.126,22895,22896,22896,2,2
2024-10-11 15:32:14.320,22894,22896,22894,1,-1
2024-10-11 15:32:23.366,22892,22893,22893,1,1
2024-10-11 15:32:31.992,22892,22895,22892,1,-1
2024-10-11 15:32:35.087,22889,22892,22889,1,-1
2024-10-11 15:32:40.333,22887,22889,22887,1,-1
2024-10-11 15:32:41.911,22887,22888,22887,2,-2
2024-10-11 15:32:46.735,22887,22888,22888,1,1
2024-10-11 15:32:53.533,22890,22892,22891,1,1
2024-10-11 15:33:07.152,22890,22893,22893,5,5
2024-10-11 15:33:07.152,22890,22893,22894,1,1
2024-10-11 15:33:17.230,22894,22895,22894,2,-2
2024-10-11 15:33:17.230,22894,22895,22893,2,-2
2024-10-11 15:33:20.207,22891,22894,22894,1,1
2024-10-11 15:33:27.952,22892,22895,22892,1,-1
2024-10-11 15:33:36.642,22891,22894,22892,1,-1
2024-10-11 15:33:48.387,22891,22892,22892,1,1
2024-10-11 15:33:48.388,22891,22892,22892,2,2
2024-10-11 15:33:51.441,22891,22893,22891,1,-1
2024-10-11 15:34:00.046,22890,22892,22890,1,-1
2024-10-11 15:34:00.047,22890,22892,22890,3,-3
2024-10-11 15:34:05.073,22888,22889,22888,1,-1
2024-10-11 15:34:05.262,22887,22889,22887,2,-2
2024-10-11 15:34:11.431,22887,22889,22887,2,-2
2024-10-11 15:34:19.904,22887,22889,22887,1,-1
2024-10-11 15:34:26.152,22885,22887,22887,1,1
2024-10-11 15:34:34.032,22885,22887,22885,5,-5
2024-10-11 15:34:40.521,22885,22887,22885,1,-1
2024-10-11 15:34:40.521,22885,22887,22884,1,-1
2024-10-11 15:34:44.472,22885,22886,22885,1,-1
2024-10-11 15:34:46.132,22883,22886,22883,1,-1
2024-10-11 15:35:02.745,22884,22886,22886,1,1
2024-10-11 15:35:02.821,22884,22886,22884,1,-1
2024-10-11 15:35:02.823,22884,22886,22883,1,-1
2024-10-11 15:35:02.824,22884,22886,22883,1,-1
2024-10-11 15:35:06.856,22882,22885,22882,4,-4
2024-10-11 15:35:06.856,22882,22885,22882,1,-1
2024-10-11 15:35:06.857,22882,22885,22882,1,-1
2024-10-11 15:35:06.944,22881,22883,22881,1,-1
2024-10-11 15:35:06.944,22881,22883,22881,1,-1
2024-10-11 15:35:06.945,22881,22883,22881,1,-1
2024-10-11 15:35:06.946,22881,22883,22879,1,-1
2024-10-11 15:35:06.946,22881,22883,22879,1,-1
2024-10-11 15:35:06.946,22881,22883,22878,1,-1
2024-10-11 15:35:06.946,22881,22883,22878,1,-1
2024-10-11 15:35:06.950,22881,22883,22878,1,-1
2024-10-11 15:35:11.057,22880,22882,22881,1,-1
2024-10-11 15:35:11.069,22880,22882,22880,1,-1
2024-10-11 15:35:11.070,22880,22882,22878,1,-1
2024-10-11 15:35:11.070,22880,22882,22878,1,-1
2024-10-11 15:35:11.070,22880,22882,22878,1,-1
2024-10-11 15:35:11.070,22880,22882,22879,1,-1
2024-10-11 15:35:11.070,22880,22882,22879,1,-1
2024-10-11 15:35:11.070,22880,22882,22879,1,-1
2024-10-11 15:35:11.070,22880,22882,22879,1,-1
2024-10-11 15:35:11.071,22880,22882,22878,1,-1
2024-10-11 15:35:11.071,22880,22882,22878,1,-1
2024-10-11 15:35:11.071,22880,22882,22878,1,-1
2024-10-11 15:35:11.072,22880,22882,22877,1,-1
2024-10-11 15:35:11.072,22880,22882,22877,1,-1
2024-10-11 15:35:11.072,22880,22882,22877,1,-1
2024-10-11 15:35:11.072,22880,22882,22877,1,-1
2024-10-11 15:35:11.072,22880,22882,22877,1,-1
2024-10-11 15:35:11.072,22880,22882,22877,1,-1
2024-10-11 15:35:11.073,22880,22882,22877,1,-1
2024-10-11 15:35:11.073,22880,22882,22876,1,-1
2024-10-11 15:35:11.074,22880,22882,22876,1,-1
2024-10-11 15:35:11.076,22880,22882,22877,1,-1
2024-10-11 15:35:11.077,22880,22882,22877,1,-1
2024-10-11 15:35:12.240,22876,22878,22878,1,1
2024-10-11 15:35:13.086,22878,22879,22879,1,1
2024-10-11 15:35:13.087,22878,22879,22879,1,1
2024-10-11 15:35:14.673,22879,22880,22879,1,-1
2024-10-11 15:35:21.783,22879,22880,22879,1,-1
2024-10-11 15:35:24.662,22878,22879,22878,2,-2
2024-10-11 15:35:29.788,22877,22879,22878,1,-1
2024-10-11 15:35:30.278,22877,22879,22879,5,5
2024-10-11 15:35:32.132,22877,22878,22878,1,1
2024-10-11 15:35:35.381,22878,22879,22879,5,5
2024-10-11 15:35:37.455,22880,22881,22881,1,1
2024-10-11 15:35:41.163,22881,22883,22881,1,-1
2024-10-11 15:35:43.047,22880,22882,22881,2,-2
2024-10-11 15:35:53.197,22879,22881,22881,1,1
2024-10-11 15:35:53.197,22879,22881,22881,1,1
2024-10-11 15:35:53.900,22881,22882,22882,1,1
2024-10-11 15:36:01.743,22882,22884,22882,1,-1
2024-10-11 15:36:01.820,22881,22883,22881,1,-1
2024-10-11 15:36:01.821,22881,22883,22880,1,-1
2024-10-11 15:36:02.465,22879,22882,22879,1,-1
2024-10-11 15:36:04.816,22879,22881,22879,1,-1
2024-10-11 15:36:10.064,22879,22880,22880,1,1
2024-10-11 15:36:22.399,22880,22881,22880,1,-1
2024-10-11 15:36:34.060,22879,22880,22880,1,1
2024-10-11 15:36:42.973,22881,22882,22881,1,-1
2024-10-11 15:36:50.899,22881,22882,22882,1,1
2024-10-11 15:36:50.899,22881,22882,22882,2,2
2024-10-11 15:36:51.808,22882,22885,22882,1,-1
2024-10-11 15:37:00.553,22880,22882,22882,1,1
2024-10-11 15:37:01.315,22880,22882,22880,1,-1
2024-10-11 15:37:05.894,22880,22882,22880,4,-4
2024-10-11 15:37:05.910,22880,22882,22881,1,-1
2024-10-11 15:37:07.289,22879,22881,22879,1,-1
2024-10-11 15:37:08.987,22879,22880,22879,2,-2
2024-10-11 15:37:10.824,22878,22879,22878,10,-10
2024-10-11 15:37:10.824,22878,22879,22878,1,-1
2024-10-11 15:37:11.045,22876,22879,22877,1,-1
2024-10-11 15:37:17.659,22877,22880,22880,1,1
2024-10-11 15:37:23.020,22877,22879,22878,1,1
2024-10-11 15:37:34.974,22877,22878,22878,1,1
2024-10-11 15:37:49.544,22877,22878,22877,2,-2
2024-10-11 15:37:50.109,22876,22877,22876,1,-1
2024-10-11 15:37:50.109,22876,22877,22876,1,-1
2024-10-11 15:37:50.109,22876,22877,22876,2,-2
2024-10-11 15:37:57.672,22876,22878,22878,1,1
2024-10-11 15:37:58.680,22877,22879,22879,1,1
2024-10-11 15:37:58.681,22877,22879,22879,1,1
2024-10-11 15:38:00.251,22878,22881,22881,5,5
2024-10-11 15:38:08.966,22880,22881,22881,1,1
2024-10-11 15:38:08.967,22880,22881,22881,1,1
2024-10-11 15:38:25.591,22876,22879,22879,1,1
2024-10-11 15:38:31.731,22877,22879,22878,1,1
2024-10-11 15:38:32.075,22877,22879,22879,1,1
2024-10-11 15:38:32.816,22878,22881,22878,2,-2
2024-10-11 15:38:39.911,22877,22879,22877,1,-1
2024-10-11 15:38:50.956,22877,22878,22878,1,1
2024-10-11 15:38:50.957,22877,22878,22878,1,1
2024-10-11 15:38:54.272,22878,22880,22880,2,2
2024-10-11 15:39:00.837,22880,22881,22881,1,1
2024-10-11 15:39:00.837,22880,22881,22881,2,2
2024-10-11 15:39:14.431,22880,22881,22880,1,-1
2024-10-11 15:39:17.834,22879,22881,22879,1,-1
2024-10-11 15:39:30.699,22876,22878,22878,1,1
2024-10-11 15:39:37.581,22876,22878,22878,1,1
2024-10-11 15:39:37.801,22877,22879,22877,1,-1
2024-10-11 15:39:46.190,22876,22877,22877,1,1
2024-10-11 15:39:52.706,22876,22877,22876,1,-1
2024-10-11 15:39:52.990,22876,22877,22876,1,-1
2024-10-11 15:39:52.990,22876,22877,22876,1,-1
2024-10-11 15:39:52.990,22876,22877,22876,2,-2
2024-10-11 15:40:00.149,22875,22877,22876,1,-1
2024-10-11 15:40:00.549,22875,22877,22875,1,-1
2024-10-11 15:40:00.642,22875,22877,22875,1,-1
2024-10-11 15:40:00.661,22875,22877,22875,1,-1
2024-10-11 15:40:00.667,22875,22877,22875,1,-1
2024-10-11 15:40:00.731,22875,22877,22875,1,-1
2024-10-11 15:40:01.629,22875,22876,22876,1,1
2024-10-11 15:40:01.630,22875,22876,22876,1,1
2024-10-11 15:40:10.788,22877,22879,22879,1,1
2024-10-11 15:40:11.008,22879,22882,22879,1,-1
2024-10-11 15:40:30.245,22879,22882,22882,4,4
2024-10-11 15:40:30.245,22879,22882,22883,1,1
2024-10-11 15:40:37.517,22884,22886,22884,1,-1
2024-10-11 15:40:40.976,22884,22886,22884,1,-1
2024-10-11 15:40:52.556,22881,22884,22884,1,1
2024-10-11 15:41:01.182,22882,22884,22883,2,2
2024-10-11 15:41:11.499,22881,22882,22881,1,-1
2024-10-11 15:41:22.531,22879,22880,22880,1,1
2024-10-11 15:41:27.077,22879,22880,22879,1,-1
2024-10-11 15:41:27.570,22878,22879,22878,2,-2
2024-10-11 15:41:34.021,22877,22879,22877,1,-1
2024-10-11 15:41:48.544,22877,22879,22877,1,-1
2024-10-11 15:41:51.203,22877,22879,22879,5,5
2024-10-11 15:41:55.747,22880,22881,22881,1,1
2024-10-11 15:41:55.812,22880,22881,22882,1,1
2024-10-11 15:41:55.812,22880,22881,22882,2,2
2024-10-11 15:41:55.812,22880,22881,22882,1,1
2024-10-11 15:41:55.812,22880,22881,22882,1,1
2024-10-11 15:41:55.812,22880,22881,22882,1,1
2024-10-11 15:41:55.812,22880,22881,22882,1,1
2024-10-11 15:42:04.464,22882,22884,22882,1,-1
2024-10-11 15:42:19.339,22881,22884,22881,1,-1
2024-10-11 15:43:00.249,22881,22884,22884,5,5
2024-10-11 15:43:09.107,22882,22885,22882,1,-1
2024-10-11 15:43:13.885,22881,22884,22881,4,-4
2024-10-11 15:43:13.907,22881,22884,22881,3,-3
2024-10-11 15:43:53.216,22881,22883,22882,2,-2
2024-10-11 15:43:53.393,22881,22883,22881,1,-1
2024-10-11 15:43:53.393,22881,22883,22881,1,-1
2024-10-11 15:43:55.024,22880,22881,22881,1,1
2024-10-11 15:44:05.570,22880,22881,22880,1,-1
2024-10-11 15:44:05.570,22880,22881,22880,2,-2
2024-10-11 15:44:06.605,22879,22881,22881,1,1
2024-10-11 15:44:11.962,22881,22882,22881,1,-1
2024-10-11 15:44:12.107,22881,22882,22881,1,-1
2024-10-11 15:44:17.247,22879,22881,22881,1,1
2024-10-11 15:44:40.204,22881,22882,22882,1,1
2024-10-11 15:44:44.563,22882,22883,22882,1,-1
2024-10-11 15:44:47.226,22881,22883,22882,1,-1
2024-10-11 15:44:48.653,22881,22883,22883,2,2
2024-10-11 15:44:59.374,22882,22883,22882,1,-1
2024-10-11 15:45:03.907,22881,22883,22883,1,1
2024-10-11 15:45:03.953,22882,22885,22882,1,-1
2024-10-11 15:45:03.953,22882,22885,22882,1,-1
2024-10-11 15:45:03.961,22882,22885,22880,1,-1
2024-10-11 15:45:04.466,22880,22882,22880,1,-1
2024-10-11 15:45:04.467,22880,22882,22880,1,-1
2024-10-11 15:45:04.569,22879,22881,22879,1,-1
2024-10-11 15:45:04.570,22879,22881,22879,1,-1
2024-10-11 15:45:16.309,22879,22881,22879,2,-2
2024-10-11 15:45:30.252,22878,22881,22880,2,2
2024-10-11 15:45:30.252,22878,22881,22881,3,3
2024-10-11 15:45:30.320,22878,22881,22878,1,-1
2024-10-11 15:45:30.320,22878,22881,22878,1,-1
2024-10-11 15:45:30.320,22878,22881,22878,1,-1
2024-10-11 15:45:30.321,22878,22881,22877,1,-1
2024-10-11 15:45:30.321,22878,22881,22877,1,-1
2024-10-11 15:45:52.694,22880,22881,22881,2,2
2024-10-11 15:45:52.694,22880,22881,22881,1,1
2024-10-11 15:45:52.818,22880,22883,22880,1,-1
2024-10-11 15:45:52.820,22880,22883,22879,1,-1
2024-10-11 15:45:52.821,22880,22883,22879,1,-1
2024-10-11 15:45:52.821,22880,22883,22878,1,-1
2024-10-11 15:45:52.822,22880,22883,22878,1,-1
2024-10-11 15:45:52.825,22880,22883,22878,1,-1
2024-10-11 15:46:01.037,22880,22882,22882,3,3
2024-10-11 15:46:01.038,22880,22882,22883,3,3
2024-10-11 15:46:01.069,22882,22885,22882,1,-1
2024-10-11 15:46:01.069,22882,22885,22882,1,-1
2024-10-11 15:46:01.070,22882,22885,22881,1,-1
2024-10-11 15:46:01.070,22882,22885,22881,1,-1
2024-10-11 15:46:01.072,22882,22885,22881,1,-1
2024-10-11 15:46:01.072,22882,22885,22880,1,-1
2024-10-11 15:46:01.080,22882,22885,22880,1,-1
2024-10-11 15:46:01.177,22882,22885,22883,1,-1
2024-10-11 15:46:01.182,22882,22885,22884,1,1
2024-10-11 15:46:01.202,22881,22884,22884,1,1
2024-10-11 15:46:02.408,22881,22884,22881,1,-1
2024-10-11 15:46:02.409,22881,22884,22883,1,1
2024-10-11 15:46:02.444,22881,22884,22884,1,1
2024-10-11 15:46:06.488,22881,22883,22882,2,2
2024-10-11 15:46:23.811,22883,22884,22884,1,1
2024-10-11 15:46:23.819,22882,22885,22885,1,1
2024-10-11 15:46:24.094,22882,22885,22885,1,1
2024-10-11 15:46:24.194,22882,22885,22885,1,1
2024-10-11 15:46:24.194,22882,22885,22885,1,1
2024-10-11 15:46:32.715,22884,22885,22884,1,-1
2024-10-11 15:46:36.589,22883,22884,22884,1,1
2024-10-11 15:46:36.695,22883,22885,22885,1,1
2024-10-11 15:46:44.953,22885,22886,22885,1,-1
2024-10-11 15:46:45.071,22884,22885,22885,1,1
2024-10-11 15:46:48.689,22884,22886,22884,1,-1
2024-10-11 15:46:53.647,22883,22886,22884,1,-1
2024-10-11 15:47:06.820,22885,22886,22885,1,-1
2024-10-11 15:47:07.436,22884,22886,22884,1,-1
2024-10-11 15:47:16.497,22884,22886,22885,3,-3
2024-10-11 15:47:27.916,22885,22886,22886,2,2
2024-10-11 15:47:30.833,22886,22887,22885,1,-1
2024-10-11 15:47:30.833,22886,22887,22886,2,-2
2024-10-11 15:47:33.922,22886,22887,22886,1,-1
2024-10-11 15:47:35.747,22885,22886,22885,1,-1
2024-10-11 15:47:40.215,22885,22886,22886,1,1
2024-10-11 15:47:43.928,22886,22887,22887,1,1
2024-10-11 15:47:43.928,22886,22887,22887,1,1
2024-10-11 15:47:45.857,22886,22888,22888,1,1
2024-10-11 15:47:45.857,22886,22888,22888,2,2
2024-10-11 15:47:48.491,22889,22891,22891,1,1
2024-10-11 15:47:49.086,22890,22892,22892,1,1
2024-10-11 15:47:50.251,22890,22892,22892,2,2
2024-10-11 15:47:52.032,22890,22893,22893,1,1
2024-10-11 15:47:52.588,22890,22892,22892,1,1
2024-10-11 15:47:53.827,22891,22893,22892,2,2
2024-10-11 15:47:53.827,22891,22893,22892,2,2
2024-10-11 15:47:54.764,22891,22893,22893,2,2
2024-10-11 15:47:55.478,22893,22895,22895,8,8
2024-10-11 15:47:55.479,22893,22895,22895,3,3
2024-10-11 15:47:55.479,22893,22895,22895,3,3
2024-10-11 15:47:55.903,22894,22896,22894,1,-1
2024-10-11 15:47:58.355,22893,22895,22894,1,-1
2024-10-11 15:47:59.257,22894,22896,22894,1,-1
2024-10-11 15:47:59.893,22894,22896,22894,1,-1
2024-10-11 15:48:00.203,22894,22896,22896,2,2
2024-10-11 15:48:00.204,22894,22896,22897,3,3
2024-10-11 15:48:00.205,22894,22896,22898,1,1
2024-10-11 15:48:00.207,22894,22896,22898,2,2
2024-10-11 15:48:00.207,22894,22896,22898,1,1
2024-10-11 15:48:00.246,22894,22896,22899,1,1
2024-10-11 15:48:00.246,22894,22896,22899,5,5
2024-10-11 15:48:00.247,22894,22896,22900,32,32
2024-10-11 15:48:00.248,22894,22896,22901,1,1
2024-10-11 15:48:00.248,22894,22896,22901,1,1
2024-10-11 15:48:00.248,22894,22896,22901,1,1
2024-10-11 15:48:00.354,22900,22902,22900,1,-1
2024-10-11 15:48:00.382,22900,22902,22901,1,-1
2024-10-11 15:48:00.404,22900,22902,22900,1,-1
2024-10-11 15:48:00.465,22899,22901,22901,1,1
2024-10-11 15:48:00.518,22899,22901,22901,1,1
2024-10-11 15:48:00.519,22899,22901,22901,1,1
2024-10-11 15:48:00.534,22899,22901,22901,1,1
2024-10-11 15:48:00.534,22899,22901,22902,1,1
2024-10-11 15:48:00.549,22899,22901,22902,1,1
2024-10-11 15:48:00.559,22899,22901,22902,1,1
2024-10-11 15:48:00.690,22900,22902,22899,2,-2
2024-10-11 15:48:00.817,22899,22901,22901,1,1
2024-10-11 15:48:00.969,22899,22900,22900,1,1
2024-10-11 15:48:01.096,22899,22900,22900,1,1
2024-10-11 15:48:01.236,22899,22900,22900,1,1
2024-10-11 15:48:01.307,22899,22900,22899,1,-1
2024-10-11 15:48:01.426,22899,22900,22900,1,1
2024-10-11 15:48:01.626,22899,22900,22900,1,1
2024-10-11 15:48:01.762,22898,22900,22900,1,1
2024-10-11 15:48:01.917,22898,22900,22900,1,1
2024-10-11 15:48:02.059,22898,22900,22900,1,1
2024-10-11 15:48:02.208,22898,22901,22901,1,1
2024-10-11 15:48:02.404,22898,22901,22901,1,1
2024-10-11 15:48:02.575,22898,22901,22901,1,1
2024-10-11 15:48:02.732,22898,22901,22901,1,1
2024-10-11 15:48:02.919,22898,22901,22901,1,1
2024-10-11 15:48:03.116,22898,22901,22901,1,1
2024-10-11 15:48:03.309,22898,22901,22901,1,1
2024-10-11 15:48:03.478,22898,22901,22901,1,1
2024-10-11 15:48:03.635,22898,22901,22901,1,1
2024-10-11 15:48:03.795,22899,22901,22901,1,1
2024-10-11 15:48:03.948,22899,22902,22902,1,1
2024-10-11 15:48:04.383,22899,22901,22901,3,3
2024-10-11 15:48:04.383,22899,22901,22902,2,2
2024-10-11 15:48:10.341,22901,22903,22901,1,-1
2024-10-11 15:48:11.629,22899,22902,22901,2,2
2024-10-11 15:48:11.768,22899,22902,22899,1,-1
2024-10-11 15:48:13.605,22900,22902,22902,4,4
2024-10-11 15:48:15.274,22900,22901,22901,1,1
2024-10-11 15:48:16.406,22900,22901,22900,1,-1
2024-10-11 15:48:17.473,22900,22901,22901,1,1
2024-10-11 15:48:17.774,22900,22902,22902,1,1
2024-10-11 15:48:20.203,22900,22902,22902,1,1
2024-10-11 15:48:20.970,22901,22903,22901,1,-1
2024-10-11 15:48:22.095,22901,22903,22903,1,1
2024-10-11 15:48:24.609,22901,22903,22903,2,2
2024-10-11 15:48:25.138,22901,22903,22903,1,1
2024-10-11 15:48:25.351,22902,22903,22902,1,-1
2024-10-11 15:48:27.326,22902,22903,22903,1,1
2024-10-11 15:48:27.326,22902,22903,22903,1,1
2024-10-11 15:48:27.326,22902,22903,22903,1,1
2024-10-11 15:48:27.326,22902,22903,22903,3,3
2024-10-11 15:48:27.326,22902,22903,22903,1,1
2024-10-11 15:48:29.797,22903,22904,22903,1,-1
2024-10-11 15:48:30.223,22903,22904,22904,2,2
2024-10-11 15:48:30.223,22903,22904,22904,1,1
2024-10-11 15:48:32.500,22904,22905,22904,1,-1
2024-10-11 15:48:34.141,22903,22905,22905,1,1
2024-10-11 15:48:34.215,22903,22905,22905,1,1
2024-10-11 15:48:34.332,22903,22905,22905,1,1
2024-10-11 15:48:35.399,22903,22905,22905,1,1
2024-10-11 15:48:36.692,22903,22905,22905,2,2
2024-10-11 15:48:37.144,22903,22905,22905,1,1
2024-10-11 15:48:37.755,22903,22904,22904,1,1
2024-10-11 15:48:37.775,22903,22904,22903,1,-1
2024-10-11 15:48:38.837,22903,22905,22903,2,-2
2024-10-11 15:48:39.567,22902,22903,22903,1,1
2024-10-11 15:48:44.416,22903,22904,22904,1,1
2024-10-11 15:48:44.761,22903,22904,22904,1,1
2024-10-11 15:48:47.944,22903,22904,22904,1,1
2024-10-11 15:48:48.498,22903,22904,22904,1,1
2024-10-11 15:48:48.498,22903,22904,22904,1,1
2024-10-11 15:48:49.032,22903,22906,22906,1,1
2024-10-11 15:48:53.529,22904,22905,22905,1,1
2024-10-11 15:48:54.840,22904,22905,22904,1,-1
2024-10-11 15:48:54.980,22904,22905,22905,1,1
2024-10-11 15:48:55.275,22904,22905,22905,1,1
2024-10-11 15:48:56.684,22904,22905,22905,1,1
2024-10-11 15:48:57.999,22904,22905,22904,3,-3
2024-10-11 15:48:58.941,22903,22904,22904,1,1
2024-10-11 15:48:59.327,22903,22905,22905,1,1
2024-10-11 15:49:00.492,22904,22905,22904,1,-1
2024-10-11 15:49:01.032,22903,22904,22904,1,1
2024-10-11 15:49:01.032,22903,22904,22905,1,1
2024-10-11 15:49:01.070,22903,22905,22905,1,1
2024-10-11 15:49:05.596,22905,22906,22905,1,-1
2024-10-11 15:49:05.855,22903,22905,22905,1,1
2024-10-11 15:49:06.345,22903,22905,22905,1,1
2024-10-11 15:49:06.345,22903,22905,22905,1,1
2024-10-11 15:49:08.312,22904,22906,22906,2,2
2024-10-11 15:49:08.319,22904,22906,22906,1,1
2024-10-11 15:49:08.393,22904,22906,22907,1,1
2024-10-11 15:49:11.558,22905,22907,22905,1,-1
2024-10-11 15:49:17.863,22906,22907,22907,2,2
2024-10-11 15:49:17.863,22906,22907,22907,1,1
2024-10-11 15:49:17.863,22906,22907,22907,1,1
2024-10-11 15:49:17.864,22906,22907,22907,1,1
2024-10-11 15:49:24.115,22907,22909,22909,3,3
2024-10-11 15:49:24.115,22907,22909,22909,1,1
2024-10-11 15:49:24.115,22907,22909,22909,1,1
2024-10-11 15:49:24.156,22907,22909,22909,6,6
2024-10-11 15:49:24.157,22907,22909,22909,3,3
2024-10-11 15:49:24.157,22907,22909,22909,1,1
2024-10-11 15:49:24.157,22907,22909,22909,1,1
2024-10-11 15:49:24.157,22907,22909,22909,1,1
2024-10-11 15:49:24.157,22907,22909,22909,5,5
2024-10-11 15:49:24.157,22907,22909,22909,2,2
2024-10-11 15:49:24.157,22907,22909,22909,1,1
2024-10-11 15:49:24.157,22907,22909,22909,9,9
2024-10-11 15:49:24.157,22907,22909,22909,2,2
2024-10-11 15:49:24.157,22907,22909,22909,4,4
2024-10-11 15:49:24.158,22907,22909,22909,1,1
2024-10-11 15:49:24.195,22908,22910,22910,1,1
2024-10-11 15:49:24.199,22908,22910,22910,1,1
2024-10-11 15:49:24.290,22908,22910,22910,3,3
2024-10-11 15:49:24.290,22908,22910,22911,6,6
2024-10-11 15:49:24.374,22910,22911,22911,7,7
2024-10-11 15:49:24.375,22910,22911,22911,3,3
2024-10-11 15:49:29.783,22911,22912,22912,1,1
2024-10-11 15:49:29.796,22911,22912,22911,1,-1
2024-10-11 15:49:29.796,22911,22912,22911,1,-1
2024-10-11 15:49:29.837,22910,22911,22911,1,1
2024-10-11 15:49:29.844,22910,22911,22912,1,1
2024-10-11 15:49:29.848,22910,22911,22912,1,1
2024-10-11 15:49:30.981,22911,22912,22911,1,-1
2024-10-11 15:49:30.981,22911,22912,22911,1,-1
2024-10-11 15:49:30.986,22911,22912,22910,1,-1
2024-10-11 15:49:31.263,22908,22911,22911,1,1
2024-10-11 15:49:32.963,22908,22910,22910,1,1
2024-10-11 15:49:36.913,22907,22909,22909,5,5
2024-10-11 15:49:37.347,22907,22910,22909,1,1
2024-10-11 15:49:37.354,22907,22910,22909,3,3
2024-10-11 15:49:37.446,22907,22910,22910,1,1
2024-10-11 15:49:38.149,22907,22910,22910,1,1
2024-10-11 15:49:40.861,22909,22910,22910,1,1
2024-10-11 15:49:40.863,22909,22910,22910,2,2
2024-10-11 15:49:42.264,22910,22911,22910,1,-1
2024-10-11 15:49:43.344,22910,22911,22910,1,-1
2024-10-11 15:49:45.906,22909,22911,22911,1,1
2024-10-11 15:49:45.906,22909,22911,22911,3,3
2024-10-11 15:49:46.399,22911,22912,22912,2,2
2024-10-11 15:49:49.155,22911,22912,22912,2,2
2024-10-11 15:49:49.155,22911,22912,22913,1,1
2024-10-11 15:49:49.155,22911,22912,22914,1,1
2024-10-11 15:49:49.230,22912,22914,22914,3,3
2024-10-11 15:49:53.925,22913,22914,22914,1,1
2024-10-11 15:49:55.276,22912,22914,22914,3,3
2024-10-11 15:49:56.402,22912,22913,22914,1,1
2024-10-11 15:49:56.402,22912,22913,22913,1,1
2024-10-11 15:49:57.945,22913,22914,22914,2,2
2024-10-11 15:49:57.945,22913,22914,22914,3,3
2024-10-11 15:50:00.187,22912,22913,22913,1,1
2024-10-11 15:50:00.205,22912,22913,22913,1,1
2024-10-11 15:50:00.206,22912,22913,22913,1,1
2024-10-11 15:50:00.739,22912,22913,22913,1,1
2024-10-11 15:50:00.895,22912,22914,22914,3,3
2024-10-11 15:50:01.091,22914,22915,22914,1,-1
2024-10-11 15:50:01.106,22914,22915,22914,1,-1
2024-10-11 15:50:01.106,22914,22915,22914,2,-2
2024-10-11 15:50:01.576,22912,22914,22914,1,1
2024-10-11 15:50:01.638,22912,22914,22912,2,-2
2024-10-11 15:50:01.661,22912,22914,22912,2,-2
2024-10-11 15:50:01.669,22912,22914,22912,2,-2
2024-10-11 15:50:01.691,22911,22914,22911,2,-2
2024-10-11 15:50:01.699,22911,22914,22910,2,-2
2024-10-11 15:50:01.723,22911,22914,22910,1,-1
2024-10-11 15:50:01.828,22910,22912,22912,1,1
2024-10-11 15:50:01.840,22910,22912,22912,1,1
2024-10-11 15:50:03.731,22912,22913,22913,1,1
2024-10-11 15:50:03.846,22912,22913,22912,1,-1
2024-10-11 15:50:03.846,22912,22913,22911,1,-1
2024-10-11 15:50:11.614,22911,22913,22912,1,-1
2024-10-11 15:50:12.384,22911,22913,22911,1,-1
2024-10-11 15:50:15.631,22911,22913,22911,1,-1
2024-10-11 15:50:16.445,22912,22913,22912,1,-1
2024-10-11 15:50:16.445,22912,22913,22911,2,-2
2024-10-11 15:50:17.689,22912,22913,22913,1,1
2024-10-11 15:50:18.548,22911,22913,22913,1,1
2024-10-11 15:50:20.284,22911,22913,22912,1,1
2024-10-11 15:50:23.540,22912,22913,22913,1,1
2024-10-11 15:50:25.540,22912,22913,22913,1,1
2024-10-11 15:50:25.914,22912,22913,22912,2,-2
2024-10-11 15:50:26.143,22911,22912,22912,1,1
2024-10-11 15:50:33.243,22911,22912,22912,5,5
2024-10-11 15:50:33.243,22911,22912,22912,1,1
2024-10-11 15:50:33.244,22911,22912,22912,2,2
2024-10-11 15:50:33.736,22911,22913,22911,1,-1
2024-10-11 15:50:34.077,22911,22913,22913,1,1
2024-10-11 15:50:35.163,22911,22913,22913,1,1
2024-10-11 15:50:35.164,22911,22913,22913,1,1
2024-10-11 15:50:35.275,22913,22915,22915,6,6
2024-10-11 15:50:35.275,22913,22915,22915,3,3
2024-10-11 15:50:35.275,22913,22915,22915,6,6
2024-10-11 15:50:35.276,22913,22915,22915,1,1
2024-10-11 15:50:35.277,22913,22915,22916,3,3
2024-10-11 15:50:35.412,22917,22918,22917,1,-1
2024-10-11 15:50:38.405,22915,22918,22918,2,2
2024-10-11 15:50:38.454,22916,22918,22918,2,2
2024-10-11 15:50:39.521,22916,22919,22917,1,-1
2024-10-11 15:50:40.457,22918,22919,22918,2,-2
2024-10-11 15:50:42.213,22916,22917,22917,1,1
2024-10-11 15:50:43.955,22916,22917,22917,3,3
2024-10-11 15:50:44.226,22916,22918,22916,1,-1
2024-10-11 15:50:44.980,22916,22917,22917,2,2
2024-10-11 15:50:45.775,22917,22918,22917,2,-2
2024-10-11 15:50:46.282,22917,22918,22917,9,-9
2024-10-11 15:50:46.788,22916,22917,22916,2,-2
2024-10-11 15:50:48.955,22915,22916,22915,2,-2
2024-10-11 15:50:48.955,22915,22916,22915,2,-2
2024-10-11 15:50:48.955,22915,22916,22915,3,-3
2024-10-11 15:50:49.972,22913,22916,22916,1,1
2024-10-11 15:50:50.709,22914,22917,22917,3,3
2024-10-11 15:50:55.062,22913,22916,22915,1,1
2024-10-11 15:51:01.495,22914,22915,22915,2,2
2024-10-11 15:51:01.825,22914,22916,22914,1,-1
2024-10-11 15:51:01.931,22914,22916,22915,2,-2
2024-10-11 15:51:02.401,22913,22916,22915,1,1
2024-10-11 15:51:02.445,22914,22916,22914,1,-1
2024-10-11 15:51:03.164,22915,22916,22915,1,-1
2024-10-11 15:51:03.248,22913,22915,22916,1,1
2024-10-11 15:51:06.666,22915,22917,22917,4,4
2024-10-11 15:51:06.666,22915,22917,22918,1,1
2024-10-11 15:51:10.358,22916,22918,22916,1,-1
2024-10-11 15:51:11.039,22915,22918,22915,2,-2
2024-10-11 15:51:11.990,22915,22918,22918,1,1
2024-10-11 15:51:14.689,22916,22917,22916,1,-1
2024-10-11 15:51:17.674,22916,22917,22917,1,1
2024-10-11 15:51:17.675,22916,22917,22917,2,2
2024-10-11 15:51:18.840,22916,22917,22916,1,-1
2024-10-11 15:51:18.946,22916,22917,22916,1,-1
2024-10-11 15:51:20.398,22916,22918,22916,1,-1
2024-10-11 15:51:21.665,22916,22918,22917,1,-1
2024-10-11 15:51:22.607,22916,22917,22918,1,1
2024-10-11 15:51:22.607,22916,22917,22917,2,2
2024-10-11 15:51:24.134,22917,22918,22918,1,1
2024-10-11 15:51:25.638,22917,22918,22918,1,1
2024-10-11 15:51:25.638,22917,22918,22919,7,7
2024-10-11 15:51:25.638,22917,22918,22920,2,2
2024-10-11 15:51:25.767,22918,22920,22920,1,1
2024-10-11 15:51:26.608,22918,22920,22920,3,3
2024-10-11 15:51:26.668,22918,22920,22919,1,1
2024-10-11 15:51:31.484,22919,22920,22919,1,-1
2024-10-11 15:51:31.935,22918,22920,22919,1,-1
2024-10-11 15:51:35.387,22918,22919,22918,1,-1
2024-10-11 15:51:36.937,22918,22919,22918,2,-2
2024-10-11 15:51:36.948,22916,22919,22916,1,-1
2024-10-11 15:51:38.532,22916,22918,22914,5,-5
2024-10-11 15:51:38.532,22916,22918,22915,8,-8
2024-10-11 15:51:38.532,22916,22918,22916,7,-7
2024-10-11 15:51:38.576,22914,22916,22916,1,1
2024-10-11 15:51:44.576,22915,22916,22915,2,-2
2024-10-11 15:51:44.817,22914,22915,22915,1,1
2024-10-11 15:51:44.882,22914,22915,22916,3,3
2024-10-11 15:51:51.667,22914,22917,22917,5,5
2024-10-11 15:51:54.054,22915,22917,22917,1,1
2024-10-11 15:51:54.191,22915,22918,22918,2,2
2024-10-11 15:52:01.935,22915,22917,22917,1,1
2024-10-11 15:52:02.112,22915,22917,22917,1,1
2024-10-11 15:52:02.142,22915,22917,22915,1,-1
2024-10-11 15:52:02.891,22915,22917,22917,1,1
2024-10-11 15:52:02.969,22915,22918,22915,1,-1
2024-10-11 15:52:05.010,22915,22918,22918,1,1
2024-10-11 15:52:09.654,22915,22917,22915,1,-1
2024-10-11 15:52:15.513,22915,22917,22915,2,-2
2024-10-11 15:52:15.513,22915,22917,22914,2,-2
2024-10-11 15:52:20.569,22915,22918,22915,1,-1
2024-10-11 15:52:22.988,22917,22918,22918,2,2
2024-10-11 15:52:22.989,22917,22918,22919,1,1
2024-10-11 15:52:22.990,22917,22918,22919,1,1
2024-10-11 15:52:22.990,22917,22918,22919,1,1
2024-10-11 15:52:22.990,22917,22918,22919,2,2
2024-10-11 15:52:22.990,22917,22918,22919,1,1
2024-10-11 15:52:23.194,22919,22920,22920,2,2
2024-10-11 15:52:23.194,22919,22920,22920,1,1
2024-10-11 15:52:23.194,22919,22920,22920,2,2
2024-10-11 15:52:23.194,22919,22920,22920,1,1
2024-10-11 15:52:23.194,22919,22920,22920,2,2
2024-10-11 15:52:23.195,22919,22920,22920,1,1
2024-10-11 15:52:23.195,22919,22920,22920,1,1
2024-10-11 15:52:23.195,22919,22920,22920,2,2
2024-10-11 15:52:23.195,22919,22920,22920,1,1
2024-10-11 15:52:23.195,22919,22920,22920,2,2
2024-10-11 15:52:24.156,22919,22921,22919,2,-2
2024-10-11 15:52:25.821,22918,22921,22921,6,6
2024-10-11 15:52:26.093,22919,22921,22921,1,1
2024-10-11 15:52:29.001,22921,22922,22922,8,8
2024-10-11 15:52:29.085,22922,22923,22923,1,1
2024-10-11 15:52:32.488,22922,22923,22923,1,1
2024-10-11 15:52:32.538,22922,22923,22922,1,-1
2024-10-11 15:52:32.819,22922,22923,22923,1,1
2024-10-11 15:52:39.087,22921,22922,22922,2,2
2024-10-11 15:52:40.204,22922,22923,22923,7,7
2024-10-11 15:52:40.205,22922,22923,22923,1,1
2024-10-11 15:52:40.205,22922,22923,22923,1,1
2024-10-11 15:52:42.131,22922,22923,22923,1,1
2024-10-11 15:52:42.131,22922,22923,22923,1,1
2024-10-11 15:52:43.499,22923,22924,22924,1,1
2024-10-11 15:52:43.499,22923,22924,22924,1,1
2024-10-11 15:52:43.500,22923,22924,22924,2,2
2024-10-11 15:52:43.500,22923,22924,22924,5,5
2024-10-11 15:52:43.523,22923,22924,22924,1,1
2024-10-11 15:52:43.594,22924,22925,22925,1,1
2024-10-11 15:52:45.650,22924,22925,22925,1,1
2024-10-11 15:52:46.319,22924,22925,22925,9,9
2024-10-11 15:52:46.319,22924,22925,22925,3,3
2024-10-11 15:52:46.319,22924,22925,22925,1,1
2024-10-11 15:52:46.454,22924,22926,22926,1,1
2024-10-11 15:52:46.899,22924,22926,22924,1,-1
2024-10-11 15:52:51.530,22925,22926,22925,1,-1
2024-10-11 15:52:56.342,22925,22926,22925,1,-1
2024-10-11 15:52:59.277,22925,22926,22925,3,-3
2024-10-11 15:52:59.278,22925,22926,22925,4,-4
2024-10-11 15:52:59.281,22925,22926,22924,1,-1
2024-10-11 15:53:00.348,22922,22925,22925,5,5
2024-10-11 15:53:04.506,22922,22925,22925,1,1
2024-10-11 15:53:09.299,22922,22924,22924,1,1
2024-10-11 15:53:09.828,22922,22925,22925,1,1
2024-10-11 15:53:10.598,22922,22924,22922,1,-1
2024-10-11 15:53:11.384,22922,22923,22923,1,1
2024-10-11 15:53:14.955,22922,22923,22923,1,1
2024-10-11 15:53:15.704,22923,22925,22923,3,-3
2024-10-11 15:53:15.974,22923,22925,22923,1,-1
2024-10-11 15:53:17.194,22922,22924,22923,1,-1
2024-10-11 15:53:29.019,22922,22923,22923,1,1
2024-10-11 15:53:30.044,22923,22924,22924,1,1
2024-10-11 15:53:30.952,22923,22924,22924,1,1
2024-10-11 15:53:37.602,22923,22924,22924,1,1
2024-10-11 15:53:40.201,22923,22924,22924,4,4
2024-10-11 15:53:42.575,22923,22924,22924,3,3
2024-10-11 15:53:42.576,22923,22924,22925,7,7
2024-10-11 15:53:42.577,22923,22924,22924,2,2
2024-10-11 15:53:47.477,22923,22925,22925,1,1
2024-10-11 15:53:50.605,22924,22925,22925,1,1
2024-10-11 15:53:50.605,22924,22925,22925,1,1
2024-10-11 15:53:50.605,22924,22925,22925,1,1
2024-10-11 15:53:51.340,22925,22926,22926,4,4
2024-10-11 15:53:51.340,22925,22926,22926,1,1
2024-10-11 15:53:51.340,22925,22926,22926,2,2
2024-10-11 15:53:51.421,22925,22926,22927,1,1
2024-10-11 15:53:51.423,22925,22926,22927,3,3
2024-10-11 15:53:51.524,22925,22928,22928,1,1
2024-10-11 15:53:56.789,22926,22928,22926,2,-2
2024-10-11 15:53:56.789,22926,22928,22925,1,-1
2024-10-11 15:53:57.375,22925,22927,22927,1,1
2024-10-11 15:54:00.251,22925,22927,22927,3,3
2024-10-11 15:54:00.395,22925,22927,22927,1,1
2024-10-11 15:54:00.951,22925,22927,22927,1,1
2024-10-11 15:54:02.160,22925,22927,22925,2,-2
2024-10-11 15:54:02.161,22925,22927,22925,2,-2
2024-10-11 15:54:02.206,22924,22925,22924,1,-1
2024-10-11 15:54:02.703,22923,22925,22925,1,1
2024-10-11 15:54:03.922,22924,22926,22926,1,1
2024-10-11 15:54:05.193,22923,22926,22926,1,1
2024-10-11 15:54:06.210,22923,22925,22923,1,-1
2024-10-11 15:54:06.210,22923,22925,22922,2,-2
2024-10-11 15:54:07.840,22922,22924,22924,1,1
2024-10-11 15:54:17.536,22922,22925,22922,2,-2
2024-10-11 15:54:19.517,22921,22923,22921,2,-2
2024-10-11 15:54:19.841,22920,22922,22920,1,-1
2024-10-11 15:54:22.135,22920,22921,22920,1,-1
2024-10-11 15:54:24.765,22919,22920,22919,1,-1
2024-10-11 15:54:25.215,22919,22920,22919,1,-1
2024-10-11 15:54:26.409,22918,22920,22919,1,-1
2024-10-11 15:54:29.400,22918,22919,22918,1,-1
2024-10-11 15:54:29.543,22918,22919,22918,1,-1
2024-10-11 15:54:31.995,22916,22918,22918,1,1
2024-10-11 15:54:39.250,22916,22918,22918,1,1
2024-10-11 15:54:46.426,22916,22919,22919,1,1
2024-10-11 15:54:51.463,22917,22918,22917,1,-1
2024-10-11 15:54:57.609,22918,22920,22918,1,-1
2024-10-11 15:55:00.132,22917,22918,22918,1,1
2024-10-11 15:55:03.375,22918,22920,22918,1,-1
2024-10-11 15:55:03.549,22918,22920,22918,1,-1
2024-10-11 15:55:03.549,22918,22920,22918,1,-1
2024-10-11 15:55:09.960,22917,22919,22919,1,1
2024-10-11 15:55:17.974,22918,22919,22918,1,-1
2024-10-11 15:55:20.220,22918,22919,22919,1,1
2024-10-11 15:55:23.382,22917,22920,22920,1,1
2024-10-11 15:55:32.233,22918,22919,22919,1,1
2024-10-11 15:55:32.233,22918,22919,22919,1,1
2024-10-11 15:55:32.233,22918,22919,22919,2,2
2024-10-11 15:55:35.934,22919,22920,22920,1,1
2024-10-11 15:55:39.020,22919,22922,22922,1,1
2024-10-11 15:55:40.231,22920,22922,22920,1,-1
2024-10-11 15:55:41.968,22920,22923,22923,1,1
2024-10-11 15:55:44.204,22920,22922,22922,1,1
2024-10-11 15:55:44.204,22920,22922,22922,1,1
2024-10-11 15:55:50.811,22920,22922,22922,1,1
2024-10-11 15:55:50.833,22922,22923,22922,1,-1
2024-10-11 15:55:57.436,22921,22923,22921,1,-1
2024-10-11 15:56:00.829,22921,22923,22923,10,10
2024-10-11 15:56:01.067,22923,22924,22923,1,-1
2024-10-11 15:56:01.383,22923,22924,22924,1,1
2024-10-11 15:56:01.384,22923,22924,22924,1,1
2024-10-11 15:56:01.705,22924,22925,22925,2,2
2024-10-11 15:56:04.618,22925,22926,22925,1,-1
2024-10-11 15:56:12.999,22921,22923,22923,2,2
2024-10-11 15:56:20.205,22922,22923,22923,1,1
2024-10-11 15:56:22.844,22923,22924,22924,1,1
2024-10-11 15:56:32.308,22923,22925,22923,1,-1
2024-10-11 15:56:40.198,22924,22925,22925,7,7
2024-10-11 15:56:40.259,22924,22925,22924,1,-1
2024-10-11 15:56:41.823,22925,22926,22926,1,1
2024-10-11 15:56:42.038,22925,22926,22928,4,4
2024-10-11 15:56:42.038,22925,22926,22926,1,1
2024-10-11 15:56:42.038,22925,22926,22927,5,5
2024-10-11 15:56:42.177,22925,22928,22928,1,1
2024-10-11 15:56:46.793,22926,22928,22928,1,1
2024-10-11 15:56:49.120,22926,22927,22927,1,1
2024-10-11 15:56:49.121,22926,22927,22927,1,1
2024-10-11 15:56:49.121,22926,22927,22927,1,1
2024-10-11 15:56:49.121,22926,22927,22928,9,9
2024-10-11 15:56:49.754,22928,22929,22928,1,-1
2024-10-11 15:56:51.531,22928,22929,22928,1,-1
2024-10-11 15:56:52.868,22926,22928,22928,1,1
2024-10-11 15:56:55.790,22926,22928,22928,2,2
2024-10-11 15:56:57.106,22926,22927,22926,5,-5
2024-10-11 15:56:58.526,22925,22926,22925,2,-2
2024-10-11 15:56:58.526,22925,22926,22925,1,-1
2024-10-11 15:56:58.647,22923,22926,22926,1,1
2024-10-11 15:57:01.316,22923,22926,22926,1,1
2024-10-11 15:57:02.107,22925,22926,22925,1,-1
2024-10-11 15:57:11.742,22924,22926,22924,1,-1
2024-10-11 15:57:14.933,22924,22925,22925,1,1
2024-10-11 15:57:20.160,22925,22926,22925,2,-2
2024-10-11 15:57:20.217,22924,22926,22926,1,1
2024-10-11 15:57:27.517,22924,22926,22926,3,3
2024-10-11 15:57:28.349,22926,22927,22927,3,3
2024-10-11 15:57:28.351,22926,22927,22928,1,1
2024-10-11 15:57:33.762,22928,22929,22928,1,-1
2024-10-11 15:57:34.162,22926,22928,22926,1,-1
2024-10-11 15:57:39.111,22926,22928,22926,1,-1
2024-10-11 15:57:39.277,22926,22928,22928,1,1
2024-10-11 15:57:45.243,22926,22927,22927,1,1
2024-10-11 15:57:45.243,22926,22927,22928,1,1
2024-10-11 15:57:45.840,22926,22928,22926,3,-3
2024-10-11 15:57:53.240,22926,22927,22926,1,-1
2024-10-11 15:58:00.218,22925,22926,22926,1,1
2024-10-11 15:58:00.430,22925,22928,22928,1,1
2024-10-11 15:58:02.427,22927,22928,22928,1,1
2024-10-11 15:58:03.863,22927,22928,22928,1,1
2024-10-11 15:58:03.863,22927,22928,22928,2,2
2024-10-11 15:58:05.089,22927,22929,22929,2,2
2024-10-11 15:58:05.089,22927,22929,22929,3,3
2024-10-11 15:58:05.090,22927,22929,22930,10,10
2024-10-11 15:58:05.090,22927,22929,22930,3,3
2024-10-11 15:58:05.111,22927,22929,22930,1,1
2024-10-11 15:58:05.111,22927,22929,22929,1,1
2024-10-11 15:58:05.499,22929,22931,22931,1,1
2024-10-11 15:58:05.543,22929,22931,22931,1,1
2024-10-11 15:58:05.639,22930,22931,22931,1,1
2024-10-11 15:58:05.955,22928,22930,22928,1,-1
2024-10-11 15:58:06.954,22928,22930,22930,1,1
2024-10-11 15:58:06.954,22928,22930,22931,1,1
2024-10-11 15:58:10.678,22928,22931,22928,1,-1
2024-10-11 15:58:10.986,22928,22930,22930,1,1
2024-10-11 15:58:17.325,22930,22931,22931,1,1
2024-10-11 15:58:17.326,22930,22931,22931,3,3
2024-10-11 15:58:17.368,22930,22931,22932,2,2
2024-10-11 15:58:17.368,22930,22931,22932,3,3
2024-10-11 15:58:17.368,22930,22931,22932,2,2
2024-10-11 15:58:17.368,22930,22931,22932,2,2
2024-10-11 15:58:17.368,22930,22931,22932,2,2
2024-10-11 15:58:17.768,22931,22933,22931,9,-9
2024-10-11 15:58:17.768,22931,22933,22931,1,-1
2024-10-11 15:58:20.050,22929,22932,22932,1,1
2024-10-11 15:58:21.126,22930,22933,22931,1,-1
2024-10-11 15:58:22.443,22931,22933,22931,1,-1
2024-10-11 15:58:22.443,22931,22933,22930,2,-2
2024-10-11 15:58:24.096,22930,22932,22932,3,3
2024-10-11 15:58:24.096,22930,22932,22933,5,5
2024-10-11 15:58:27.243,22931,22933,22933,1,1
2024-10-11 15:58:30.987,22930,22932,22930,2,-2
2024-10-11 15:58:31.429,22928,22930,22929,1,-1
2024-10-11 15:58:33.895,22928,22929,22928,1,-1
2024-10-11 15:58:34.914,22927,22928,22927,1,-1
2024-10-11 15:58:35.753,22926,22928,22928,1,1
2024-10-11 15:58:39.362,22926,22927,22926,1,-1
2024-10-11 15:58:39.900,22925,22927,22926,1,-1
2024-10-11 15:58:40.480,22926,22928,22926,1,-1
2024-10-11 15:58:41.619,22925,22928,22928,2,2
2024-10-11 15:58:42.010,22925,22928,22928,3,3
2024-10-11 15:58:51.861,22925,22928,22928,5,5
2024-10-11 15:58:51.862,22925,22928,22928,1,1
2024-10-11 15:58:52.450,22927,22930,22927,4,-4
2024-10-11 15:58:52.450,22927,22930,22927,1,-1
2024-10-11 15:58:54.064,22926,22929,22929,1,1
2024-10-11 15:58:57.152,22927,22929,22929,1,1
2024-10-11 15:58:58.251,22927,22929,22929,1,1
2024-10-11 15:58:58.251,22927,22929,22930,2,2
2024-10-11 15:59:01.514,22928,22929,22929,1,1
2024-10-11 15:59:01.990,22928,22930,22931,2,2
2024-10-11 15:59:06.265,22928,22931,22930,1,1
2024-10-11 15:59:14.635,22930,22931,22930,1,-1
2024-10-11 15:59:14.699,22929,22930,22930,1,1
2024-10-11 15:59:15.338,22929,22930,22930,3,3
2024-10-11 15:59:15.338,22929,22930,22931,3,3
2024-10-11 15:59:20.634,22929,22931,22931,1,1
2024-10-11 15:59:23.177,22930,22931,22930,1,-1
2024-10-11 15:59:25.297,22930,22931,22930,1,-1
2024-10-11 15:59:26.530,22929,22931,22931,1,1
2024-10-11 15:59:27.509,22929,22931,22929,2,-2
2024-10-11 15:59:32.564,22929,22930,22929,2,-2
2024-10-11 15:59:32.564,22929,22930,22928,1,-1
2024-10-11 15:59:36.866,22928,22930,22930,1,1
2024-10-11 15:59:37.574,22928,22930,22930,2,2
2024-10-11 15:59:41.751,22928,22930,22930,1,1
2024-10-11 15:59:44.629,22929,22930,22930,1,1
2024-10-11 15:59:50.047,22929,22930,22930,1,1
2024-10-11 15:59:51.087,22929,22930,22930,1,1
2024-10-11 15:59:52.162,22929,22930,22929,1,-1
2024-10-11 15:59:52.162,22929,22930,22929,1,-1
2024-10-11 16:00:00.483,22926,22928,22926,3,-3
2024-10-11 16:00:00.483,22926,22928,22925,5,-5
2024-10-11 16:00:00.485,22926,22928,22924,5,-5
2024-10-11 16:00:00.485,22926,22928,22925,3,-3
2024-10-11 16:00:00.538,22926,22928,22924,4,-4
2024-10-11 16:00:00.538,22926,22928,22923,4,-4
2024-10-11 16:00:00.590,22924,22926,22926,1,1
2024-10-11 16:00:00.642,22924,22926,22924,1,-1
2024-10-11 16:00:00.789,22924,22927,22927,3,3
2024-10-11 16:00:00.896,22925,22927,22928,1,1
2024-10-11 16:00:01.137,22926,22929,22926,1,-1
2024-10-11 16:00:01.181,22926,22929,22926,1,-1
2024-10-11 16:00:01.208,22926,22928,22926,1,-1
2024-10-11 16:00:01.275,22926,22928,22926,1,-1
2024-10-11 16:00:01.318,22926,22929,22926,1,-1
2024-10-11 16:00:01.691,22926,22927,22927,2,2
2024-10-11 16:00:01.710,22926,22927,22927,2,2
2024-10-11 16:00:01.720,22926,22927,22929,3,3
2024-10-11 16:00:01.720,22926,22927,22927,1,1
2024-10-11 16:00:01.728,22926,22927,22929,1,1
2024-10-11 16:00:01.728,22926,22927,22929,1,1
2024-10-11 16:00:01.739,22926,22927,22930,3,3
