2019-06-20,15:00:00.042000,10601,10602,10602,86
2019-06-20,15:00:00.044000,10601,10602,10602,1
2019-06-20,15:00:00.134000,10601,10602,10601,3
2019-06-20,15:00:00.289000,10601,10602,10602,1
2019-06-20,15:00:00.425000,10601,10602,10602,2
2019-06-20,15:00:00.425000,10601,10602,10603,2
2019-06-20,15:00:00.467000,10601,10602,10601,1
2019-06-20,15:00:00.547000,10601,10602,10601,1
2019-06-20,15:00:00.633000,10601,10602,10602,1
2019-06-20,15:00:00.722000,10601,10602,10601,1
2019-06-20,15:00:00.725000,10601,10602,10601,1
2019-06-20,15:00:00.782000,10601,10602,10601,1
2019-06-20,15:00:00.798000,10601,10602,10601,1
2019-06-20,15:00:00.798000,10601,10602,10601,1
2019-06-20,15:00:01.039000,10601,10602,10602,2
2019-06-20,15:00:01.043000,10601,10602,10602,2
2019-06-20,15:00:01.045000,10601,10602,10602,3
2019-06-20,15:00:01.047000,10601,10602,10602,2
2019-06-20,15:00:01.117000,10602,10603,10603,2
2019-06-20,15:00:01.266000,10602,10603,10603,3
2019-06-20,15:00:01.776000,10602,10603,10602,2
2019-06-20,15:00:01.860000,10602,10603,10602,1
2019-06-20,15:00:02.254000,10601,10603,10601,1
2019-06-20,15:00:02.278000,10601,10603,10601,1
2019-06-20,15:00:02.351000,10601,10603,10601,1
2019-06-20,15:00:02.446000,10601,10603,10601,1
2019-06-20,15:00:02.463000,10601,10603,10603,4
2019-06-20,15:00:03.858000,10602,10603,10602,1
2019-06-20,15:00:04.075000,10602,10603,10602,1
2019-06-20,15:00:04.868000,10602,10603,10603,1
2019-06-20,15:00:04.961000,10602,10603,10603,5
2019-06-20,15:00:05.263000,10603,10604,10603,2
2019-06-20,15:00:05.907000,10602,10603,10602,1
2019-06-20,15:00:07.362000,10602,10603,10602,1
2019-06-20,15:00:07.480000,10602,10603,10602,4
2019-06-20,15:00:07.562000,10602,10603,10603,2
2019-06-20,15:00:09.812000,10602,10603,10603,13
2019-06-20,15:00:09.996000,10603,10604,10603,2
2019-06-20,15:00:10.154000,10603,10604,10603,1
2019-06-20,15:00:11.140000,10603,10604,10603,1
2019-06-20,15:00:11.324000,10603,10604,10603,2
2019-06-20,15:00:11.485000,10603,10604,10603,2
2019-06-20,15:00:11.525000,10603,10604,10603,1
2019-06-20,15:00:11.576000,10603,10604,10603,3
2019-06-20,15:00:11.743000,10603,10604,10603,1
2019-06-20,15:00:11.743000,10603,10604,10602,1
2019-06-20,15:00:11.764000,10603,10604,10602,1
2019-06-20,15:00:12.025000,10602,10603,10602,3
2019-06-20,15:00:12.839000,10602,10603,10603,4
2019-06-20,15:00:13.877000,10602,10603,10603,1
2019-06-20,15:00:14.024000,10602,10603,10603,1
2019-06-20,15:00:14.324000,10603,10604,10603,1
2019-06-20,15:00:15.108000,10603,10604,10603,1
2019-06-20,15:00:15.680000,10602,10604,10603,1
2019-06-20,15:00:15.907000,10603,10604,10603,1
2019-06-20,15:00:16.427000,10602,10604,10602,1
2019-06-20,15:00:19.550000,10602,10603,10602,1
2019-06-20,15:00:22.591000,10602,10603,10603,2
2019-06-20,15:00:22.857000,10602,10603,10602,2
2019-06-20,15:00:23.255000,10602,10603,10602,1
2019-06-20,15:00:23.779000,10602,10603,10602,1
2019-06-20,15:00:26.468000,10602,10603,10603,10
2019-06-20,15:00:26.559000,10602,10603,10602,1
2019-06-20,15:00:29.420000,10602,10603,10602,2
2019-06-20,15:00:29.510000,10602,10603,10602,1
2019-06-20,15:00:30.795000,10602,10603,10602,1
2019-06-20,15:00:31.516000,10602,10603,10603,1
2019-06-20,15:00:31.585000,10602,10603,10603,2
2019-06-20,15:00:31.735000,10602,10603,10602,1
2019-06-20,15:00:31.783000,10602,10603,10603,1
2019-06-20,15:00:31.951000,10602,10603,10603,1
2019-06-20,15:00:32.085000,10602,10603,10603,5
2019-06-20,15:00:32.094000,10602,10603,10603,1
2019-06-20,15:00:32.130000,10602,10603,10602,1
2019-06-20,15:00:32.277000,10602,10603,10603,1
2019-06-20,15:00:32.490000,10602,10603,10602,1
2019-06-20,15:00:32.606000,10602,10603,10602,1
2019-06-20,15:00:32.739000,10602,10603,10603,3
2019-06-20,15:00:34.518000,10603,10604,10603,1
2019-06-20,15:00:36.690000,10603,10604,10604,1
2019-06-20,15:00:36.869000,10603,10604,10603,1
2019-06-20,15:00:37.687000,10603,10604,10603,1
2019-06-20,15:00:39.408000,10603,10604,10604,1
2019-06-20,15:00:39.581000,10603,10604,10604,1
2019-06-20,15:00:39.776000,10603,10604,10604,1
2019-06-20,15:00:41.322000,10603,10604,10604,1
2019-06-20,15:00:41.921000,10603,10604,10604,2
2019-06-20,15:00:42.472000,10603,10604,10603,1
2019-06-20,15:00:43.523000,10603,10604,10604,2
2019-06-20,15:00:43.523000,10603,10604,10604,2
2019-06-20,15:00:43.524000,10603,10604,10604,2
2019-06-20,15:00:43.524000,10603,10604,10604,2
2019-06-20,15:00:43.524000,10603,10604,10604,2
2019-06-20,15:00:43.610000,10603,10604,10604,14
2019-06-20,15:00:43.610000,10603,10604,10604,1
2019-06-20,15:00:43.610000,10603,10604,10604,4
2019-06-20,15:00:43.735000,10603,10605,10604,2
2019-06-20,15:00:43.735000,10603,10605,10604,2
2019-06-20,15:00:43.767000,10603,10605,10604,26
2019-06-20,15:00:44.190000,10604,10605,10605,9
2019-06-20,15:00:44.270000,10604,10605,10605,2
2019-06-20,15:00:44.279000,10604,10605,10605,7
2019-06-20,15:00:44.311000,10604,10605,10605,1
2019-06-20,15:00:44.622000,10604,10605,10605,1
2019-06-20,15:00:44.800000,10604,10605,10605,1
2019-06-20,15:00:44.878000,10604,10605,10605,1
2019-06-20,15:00:44.919000,10604,10605,10605,7
2019-06-20,15:00:44.925000,10604,10605,10605,1
2019-06-20,15:00:45.151000,10605,10606,10605,1
2019-06-20,15:00:45.383000,10605,10606,10606,1
2019-06-20,15:00:45.510000,10605,10606,10606,5
2019-06-20,15:00:45.781000,10605,10606,10606,1
2019-06-20,15:00:45.796000,10605,10606,10606,12
2019-06-20,15:00:46.410000,10605,10606,10606,1
2019-06-20,15:00:46.678000,10605,10606,10606,1
2019-06-20,15:00:46.749000,10605,10606,10605,1
2019-06-20,15:00:46.813000,10605,10606,10606,5
2019-06-20,15:00:47.101000,10605,10606,10606,1
2019-06-20,15:00:47.182000,10605,10606,10606,5
2019-06-20,15:00:47.396000,10605,10606,10606,1
2019-06-20,15:00:47.776000,10605,10606,10606,1
2019-06-20,15:00:47.820000,10605,10606,10606,1
2019-06-20,15:00:48.230000,10605,10606,10606,1
2019-06-20,15:00:48.554000,10605,10606,10606,1
2019-06-20,15:00:50.965000,10605,10606,10605,1
2019-06-20,15:00:51.403000,10605,10606,10606,5
2019-06-20,15:00:51.667000,10605,10606,10606,5
2019-06-20,15:00:52.858000,10605,10606,10606,2
2019-06-20,15:00:53.086000,10605,10607,10607,3
2019-06-20,15:00:53.360000,10605,10607,10607,1
2019-06-20,15:00:54.448000,10605,10606,10605,1
2019-06-20,15:00:54.692000,10605,10606,10606,1
2019-06-20,15:00:55.051000,10605,10606,10606,1
2019-06-20,15:00:55.986000,10605,10606,10605,1
2019-06-20,15:00:56.494000,10605,10606,10606,1
2019-06-20,15:00:56.765000,10605,10606,10605,10
2019-06-20,15:00:56.978000,10605,10606,10606,5
2019-06-20,15:00:57.759000,10606,10607,10607,1
2019-06-20,15:00:57.948000,10605,10607,10606,1
2019-06-20,15:00:58.005000,10606,10607,10606,3
2019-06-20,15:00:58.860000,10605,10606,10606,1
2019-06-20,15:00:59.282000,10605,10606,10606,1
2019-06-20,15:01:00.059000,10605,10606,10606,5
2019-06-20,15:01:00.096000,10605,10606,10606,8
2019-06-20,15:01:00.132000,10605,10607,10607,5
2019-06-20,15:01:00.151000,10605,10607,10606,2
2019-06-20,15:01:00.153000,10605,10607,10606,1
2019-06-20,15:01:00.153000,10605,10607,10607,6
2019-06-20,15:01:00.153000,10605,10607,10608,1
2019-06-20,15:01:00.156000,10605,10607,10606,2
2019-06-20,15:01:00.158000,10605,10607,10606,1
2019-06-20,15:01:00.158000,10605,10607,10608,11
2019-06-20,15:01:00.158000,10605,10607,10608,2
2019-06-20,15:01:00.174000,10605,10607,10606,3
2019-06-20,15:01:00.174000,10605,10607,10608,5
2019-06-20,15:01:00.231000,10605,10607,10608,3
2019-06-20,15:01:00.298000,10605,10608,10608,1
2019-06-20,15:01:00.372000,10606,10608,10606,6
2019-06-20,15:01:00.437000,10606,10608,10607,2
2019-06-20,15:01:00.485000,10606,10607,10607,3
2019-06-20,15:01:00.488000,10606,10607,10606,1
2019-06-20,15:01:00.576000,10606,10607,10607,1
2019-06-20,15:01:00.924000,10607,10608,10608,8
2019-06-20,15:01:00.924000,10607,10608,10608,8
2019-06-20,15:01:00.980000,10607,10608,10608,4
2019-06-20,15:01:00.980000,10607,10608,10609,2
2019-06-20,15:01:00.986000,10607,10609,10609,5
2019-06-20,15:01:00.993000,10607,10609,10609,5
2019-06-20,15:01:01.079000,10607,10609,10608,1
2019-06-20,15:01:01.110000,10607,10608,10608,2
2019-06-20,15:01:01.257000,10608,10609,10609,1
2019-06-20,15:01:01.265000,10608,10609,10609,2
2019-06-20,15:01:01.265000,10608,10609,10609,1
2019-06-20,15:01:01.282000,10608,10609,10609,1
2019-06-20,15:01:01.298000,10608,10609,10609,1
2019-06-20,15:01:01.373000,10608,10609,10609,2
2019-06-20,15:01:01.985000,10609,10610,10609,3
2019-06-20,15:01:02.073000,10609,10610,10609,1
2019-06-20,15:01:02.110000,10609,10610,10609,2
2019-06-20,15:01:02.126000,10609,10610,10609,1
2019-06-20,15:01:02.238000,10609,10610,10609,1
2019-06-20,15:01:02.850000,10608,10609,10609,4
2019-06-20,15:01:02.974000,10608,10609,10608,1
2019-06-20,15:01:04.645000,10608,10609,10608,1
2019-06-20,15:01:05.408000,10608,10609,10608,2
2019-06-20,15:01:05.950000,10608,10609,10608,1
2019-06-20,15:01:06.947000,10608,10609,10608,2
2019-06-20,15:01:07.202000,10608,10609,10608,1
2019-06-20,15:01:08.492000,10608,10609,10608,2
2019-06-20,15:01:08.979000,10607,10609,10607,1
2019-06-20,15:01:09.199000,10607,10609,10608,6
2019-06-20,15:01:09.503000,10607,10608,10608,1
2019-06-20,15:01:09.630000,10607,10608,10608,1
2019-06-20,15:01:11.398000,10607,10608,10608,1
2019-06-20,15:01:11.881000,10607,10608,10608,1
2019-06-20,15:01:15.359000,10607,10608,10607,1
2019-06-20,15:01:15.696000,10607,10608,10608,3
2019-06-20,15:01:17.052000,10607,10608,10607,1
2019-06-20,15:01:18.263000,10607,10608,10607,1
2019-06-20,15:01:19.124000,10606,10608,10606,1
2019-06-20,15:01:21.122000,10607,10608,10607,1
2019-06-20,15:01:21.223000,10607,10608,10607,1
2019-06-20,15:01:22.801000,10606,10608,10607,1
2019-06-20,15:01:24.329000,10606,10607,10606,1
2019-06-20,15:01:27.979000,10606,10607,10606,1
2019-06-20,15:01:28.139000,10606,10607,10607,1
2019-06-20,15:01:28.966000,10607,10608,10608,1
2019-06-20,15:01:29.006000,10607,10608,10607,1
2019-06-20,15:01:29.664000,10607,10608,10607,1
2019-06-20,15:01:29.724000,10607,10608,10607,2
2019-06-20,15:01:29.783000,10606,10607,10606,1
2019-06-20,15:01:30.121000,10607,10608,10607,2
2019-06-20,15:01:30.932000,10606,10607,10607,1
2019-06-20,15:01:31.966000,10606,10607,10606,1
2019-06-20,15:01:31.987000,10606,10607,10607,5
2019-06-20,15:01:31.990000,10606,10607,10607,3
2019-06-20,15:01:31.993000,10606,10607,10607,3
2019-06-20,15:01:31.997000,10606,10607,10607,3
2019-06-20,15:01:32.001000,10606,10607,10607,1
2019-06-20,15:01:32.403000,10606,10607,10607,1
2019-06-20,15:01:34.599000,10606,10607,10606,1
2019-06-20,15:01:34.773000,10606,10607,10606,3
2019-06-20,15:01:36.331000,10606,10607,10607,4
2019-06-20,15:01:36.385000,10606,10607,10606,4
2019-06-20,15:01:36.793000,10606,10607,10607,1
2019-06-20,15:01:38.950000,10606,10607,10606,1
2019-06-20,15:01:39.450000,10606,10607,10606,1
2019-06-20,15:01:40.896000,10606,10607,10606,1
2019-06-20,15:01:41.703000,10606,10607,10606,1
2019-06-20,15:01:43.559000,10606,10607,10607,10
2019-06-20,15:01:45.480000,10606,10607,10606,1
2019-06-20,15:01:45.742000,10606,10607,10606,3
2019-06-20,15:01:46.196000,10606,10607,10606,1
2019-06-20,15:01:47.284000,10606,10607,10607,1
2019-06-20,15:01:50.096000,10606,10607,10607,1
2019-06-20,15:01:50.958000,10606,10607,10607,3
2019-06-20,15:01:57.001000,10606,10607,10606,2
2019-06-20,15:01:58.609000,10606,10607,10606,1
2019-06-20,15:01:59.953000,10606,10607,10606,7
2019-06-20,15:02:00.059000,10605,10607,10607,3
2019-06-20,15:02:00.065000,10605,10607,10607,10
2019-06-20,15:02:00.088000,10605,10607,10607,3
2019-06-20,15:02:00.088000,10605,10607,10607,4
2019-06-20,15:02:00.089000,10605,10607,10608,4
2019-06-20,15:02:00.125000,10605,10608,10608,3
2019-06-20,15:02:04.989000,10606,10607,10607,1
2019-06-20,15:02:05.257000,10606,10607,10607,1
2019-06-20,15:02:07.286000,10606,10607,10606,1
2019-06-20,15:02:07.403000,10606,10607,10607,1
2019-06-20,15:02:10.117000,10606,10607,10607,1
2019-06-20,15:02:10.383000,10606,10607,10607,1
2019-06-20,15:02:11.033000,10606,10607,10607,2
2019-06-20,15:02:14.096000,10606,10607,10607,1
2019-06-20,15:02:14.402000,10606,10607,10607,1
2019-06-20,15:02:14.808000,10606,10607,10607,4
2019-06-20,15:02:14.996000,10607,10608,10607,1
2019-06-20,15:02:15.415000,10606,10607,10606,4
2019-06-20,15:02:15.545000,10606,10607,10606,2
2019-06-20,15:02:15.945000,10606,10607,10607,5
2019-06-20,15:02:16.801000,10607,10608,10607,1
2019-06-20,15:02:17.979000,10607,10608,10607,1
2019-06-20,15:02:18.380000,10607,10608,10607,1
2019-06-20,15:02:19.527000,10607,10608,10607,1
2019-06-20,15:02:19.904000,10607,10608,10607,1
2019-06-20,15:02:20.015000,10607,10608,10607,2
2019-06-20,15:02:23.842000,10606,10607,10607,1
2019-06-20,15:02:25.497000,10606,10607,10607,1
2019-06-20,15:02:26.488000,10606,10607,10607,1
2019-06-20,15:02:28.327000,10606,10607,10607,1
2019-06-20,15:02:28.432000,10606,10607,10607,6
2019-06-20,15:02:29.504000,10607,10608,10607,1
2019-06-20,15:02:29.860000,10607,10608,10607,2
2019-06-20,15:02:32.346000,10607,10608,10607,4
2019-06-20,15:02:33.149000,10607,10608,10607,1
2019-06-20,15:02:34.366000,10607,10608,10607,1
2019-06-20,15:02:36.006000,10607,10608,10608,1
2019-06-20,15:02:36.348000,10607,10608,10607,4
2019-06-20,15:02:43.200000,10607,10608,10608,1
2019-06-20,15:02:43.247000,10607,10608,10607,4
2019-06-20,15:02:43.348000,10607,10608,10608,1
2019-06-20,15:02:43.535000,10607,10608,10608,1
2019-06-20,15:02:43.716000,10607,10608,10608,1
2019-06-20,15:02:44.486000,10607,10608,10607,1
2019-06-20,15:02:48.236000,10607,10608,10608,4
2019-06-20,15:02:48.783000,10607,10608,10607,1
2019-06-20,15:02:49.464000,10607,10608,10607,3
2019-06-20,15:02:50.623000,10607,10608,10608,1
2019-06-20,15:02:50.996000,10607,10608,10608,1
2019-06-20,15:02:51.925000,10607,10608,10607,1
2019-06-20,15:02:51.956000,10607,10608,10607,4
2019-06-20,15:02:54.115000,10607,10608,10607,1
2019-06-20,15:02:54.789000,10607,10608,10608,1
2019-06-20,15:02:55.271000,10607,10608,10607,2
2019-06-20,15:02:59.457000,10607,10608,10607,5
2019-06-20,15:03:00.058000,10606,10607,10607,3
2019-06-20,15:03:00.077000,10606,10607,10607,2
2019-06-20,15:03:00.081000,10606,10607,10607,2
2019-06-20,15:03:00.081000,10606,10607,10608,1
2019-06-20,15:03:02.586000,10606,10607,10607,1
2019-06-20,15:03:02.679000,10606,10607,10607,1
2019-06-20,15:03:05.298000,10607,10608,10607,2
2019-06-20,15:03:05.314000,10607,10608,10608,1
2019-06-20,15:03:05.323000,10607,10608,10606,1
2019-06-20,15:03:13.927000,10606,10607,10607,3
2019-06-20,15:03:16.701000,10606,10607,10607,1
2019-06-20,15:03:22.287000,10606,10607,10607,1
2019-06-20,15:03:25.252000,10606,10607,10607,1
2019-06-20,15:03:25.326000,10606,10607,10606,15
2019-06-20,15:03:34.944000,10606,10607,10607,1
2019-06-20,15:03:38.994000,10606,10607,10607,4
2019-06-20,15:03:42.089000,10606,10607,10607,2
2019-06-20,15:03:42.399000,10607,10608,10607,3
2019-06-20,15:03:42.921000,10607,10608,10607,1
2019-06-20,15:03:50.191000,10607,10608,10607,1
2019-06-20,15:03:52.062000,10607,10608,10607,1
2019-06-20,15:03:54.601000,10607,10608,10607,1
2019-06-20,15:03:56.867000,10607,10608,10607,3
2019-06-20,15:03:59.886000,10606,10607,10607,1
2019-06-20,15:04:00.059000,10606,10607,10607,3
2019-06-20,15:04:00.066000,10606,10607,10608,3
2019-06-20,15:04:00.263000,10607,10608,10608,6
2019-06-20,15:04:02.345000,10607,10608,10607,1
2019-06-20,15:04:03.734000,10607,10608,10607,1
2019-06-20,15:04:06.622000,10607,10608,10607,1
2019-06-20,15:04:16.068000,10607,10608,10607,1
2019-06-20,15:04:16.071000,10607,10608,10607,4
2019-06-20,15:04:16.783000,10607,10608,10607,8
2019-06-20,15:04:16.860000,10607,10608,10607,1
2019-06-20,15:04:21.167000,10606,10607,10607,1
2019-06-20,15:04:28.645000,10606,10607,10606,1
2019-06-20,15:04:29.460000,10606,10607,10607,2
2019-06-20,15:04:30.531000,10606,10607,10607,1
2019-06-20,15:04:41.332000,10606,10607,10606,2
2019-06-20,15:04:43.866000,10606,10607,10607,1
2019-06-20,15:04:46.067000,10606,10607,10607,1
2019-06-20,15:04:47.288000,10606,10607,10607,1
2019-06-20,15:04:48.874000,10606,10607,10607,1
2019-06-20,15:04:50.657000,10606,10607,10606,2
2019-06-20,15:04:53.663000,10606,10607,10606,1
2019-06-20,15:05:00.096000,10606,10607,10607,4
2019-06-20,15:05:02.295000,10606,10607,10607,1
2019-06-20,15:05:02.695000,10606,10607,10607,1
2019-06-20,15:05:05.372000,10606,10607,10607,1
2019-06-20,15:05:07.543000,10606,10607,10607,2
2019-06-20,15:05:08.616000,10606,10607,10606,1
2019-06-20,15:05:19.032000,10606,10607,10606,2
2019-06-20,15:05:21.782000,10606,10607,10607,10
2019-06-20,15:05:24.437000,10606,10607,10607,4
2019-06-20,15:05:24.738000,10607,10608,10607,1
2019-06-20,15:05:26.607000,10606,10607,10606,1
2019-06-20,15:05:30.153000,10606,10607,10606,1
2019-06-20,15:05:31.608000,10606,10607,10606,5
2019-06-20,15:05:35.718000,10606,10607,10606,1
2019-06-20,15:05:41.769000,10606,10607,10606,1
2019-06-20,15:05:42.071000,10606,10607,10607,1
2019-06-20,15:05:47.198000,10606,10607,10607,5
2019-06-20,15:05:50.310000,10606,10607,10607,1
2019-06-20,15:05:57.408000,10606,10607,10607,1
2019-06-20,15:05:59.237000,10606,10607,10607,1
2019-06-20,15:05:59.933000,10606,10607,10607,3
2019-06-20,15:06:02.019000,10606,10607,10607,1
2019-06-20,15:06:10.449000,10606,10607,10607,3
2019-06-20,15:06:10.779000,10606,10607,10607,3
2019-06-20,15:06:12.809000,10606,10607,10607,1
2019-06-20,15:06:18.382000,10606,10607,10606,1
2019-06-20,15:06:21.142000,10606,10607,10606,1
2019-06-20,15:06:21.744000,10606,10607,10607,1
2019-06-20,15:06:25.768000,10606,10607,10607,1
2019-06-20,15:06:28.069000,10606,10607,10607,1
2019-06-20,15:06:31.465000,10606,10607,10606,2
2019-06-20,15:06:32.850000,10606,10607,10607,1
2019-06-20,15:06:32.972000,10606,10607,10606,5
2019-06-20,15:06:34.027000,10606,10607,10606,1
2019-06-20,15:06:37.206000,10606,10607,10607,17
2019-06-20,15:06:38.215000,10607,10608,10608,1
2019-06-20,15:06:38.674000,10607,10608,10607,1
2019-06-20,15:06:38.674000,10607,10608,10607,1
2019-06-20,15:06:38.735000,10607,10608,10607,1
2019-06-20,15:06:38.735000,10607,10608,10607,3
2019-06-20,15:06:38.860000,10607,10608,10607,1
2019-06-20,15:06:38.860000,10607,10608,10607,1
2019-06-20,15:06:39.969000,10606,10607,10606,1
2019-06-20,15:06:43.206000,10606,10607,10607,1
2019-06-20,15:06:44.213000,10606,10608,10607,1
2019-06-20,15:06:44.405000,10606,10608,10608,1
2019-06-20,15:06:49.833000,10606,10607,10607,1
2019-06-20,15:06:51.903000,10606,10607,10607,2
2019-06-20,15:06:53.290000,10606,10607,10607,1
2019-06-20,15:07:02.775000,10606,10607,10607,1
2019-06-20,15:07:02.776000,10606,10607,10607,1
2019-06-20,15:07:02.777000,10606,10607,10607,9
2019-06-20,15:07:02.777000,10606,10607,10607,7
2019-06-20,15:07:06.411000,10607,10608,10607,6
2019-06-20,15:07:09.781000,10607,10608,10607,1
2019-06-20,15:07:10.109000,10607,10608,10607,1
2019-06-20,15:07:16.224000,10607,10608,10607,1
2019-06-20,15:07:16.538000,10607,10608,10607,2
2019-06-20,15:07:27.426000,10607,10608,10607,1
2019-06-20,15:07:27.559000,10607,10608,10607,1
2019-06-20,15:07:32.694000,10607,10608,10608,1
2019-06-20,15:07:33.360000,10607,10608,10607,9
2019-06-20,15:07:36.197000,10607,10608,10607,3
2019-06-20,15:07:38.053000,10607,10608,10607,1
2019-06-20,15:07:41.392000,10606,10607,10607,3
2019-06-20,15:07:45.368000,10607,10608,10607,1
2019-06-20,15:07:51.668000,10607,10608,10607,1
2019-06-20,15:07:52.551000,10607,10608,10607,1
2019-06-20,15:07:53.435000,10607,10608,10607,1
2019-06-20,15:07:57.545000,10607,10608,10607,1
2019-06-20,15:07:58.350000,10607,10608,10607,1
2019-06-20,15:07:59.261000,10607,10608,10607,1
2019-06-20,15:08:06.761000,10607,10608,10607,1
2019-06-20,15:08:11.249000,10607,10608,10607,1
2019-06-20,15:08:13.536000,10607,10608,10607,1
2019-06-20,15:08:22.890000,10607,10608,10607,1
2019-06-20,15:08:25.274000,10607,10608,10607,3
2019-06-20,15:08:33.877000,10607,10608,10608,1
2019-06-20,15:08:37.007000,10607,10608,10608,2
2019-06-20,15:08:37.709000,10607,10608,10608,1
2019-06-20,15:08:42.250000,10607,10608,10608,4
2019-06-20,15:08:42.265000,10607,10608,10607,2
2019-06-20,15:08:45.664000,10607,10608,10608,5
2019-06-20,15:08:45.753000,10607,10608,10608,10
2019-06-20,15:08:46.201000,10607,10608,10607,1
2019-06-20,15:08:46.344000,10607,10608,10608,5
2019-06-20,15:08:46.613000,10607,10608,10608,38
2019-06-20,15:08:47.536000,10608,10609,10608,1
2019-06-20,15:08:49.517000,10608,10609,10609,1
2019-06-20,15:08:49.973000,10608,10609,10609,1
2019-06-20,15:08:50.241000,10608,10609,10609,1
2019-06-20,15:08:50.356000,10608,10609,10609,1
2019-06-20,15:08:50.357000,10608,10609,10609,1
2019-06-20,15:08:50.367000,10608,10609,10609,1
2019-06-20,15:08:50.462000,10608,10609,10609,1
2019-06-20,15:08:50.464000,10608,10609,10609,1
2019-06-20,15:08:51.069000,10608,10609,10608,1
2019-06-20,15:08:51.089000,10608,10609,10608,2
2019-06-20,15:08:53.583000,10608,10609,10608,2
2019-06-20,15:09:01.527000,10608,10609,10609,5
2019-06-20,15:09:01.684000,10608,10609,10609,5
2019-06-20,15:09:01.860000,10608,10609,10609,4
2019-06-20,15:09:02.268000,10608,10609,10609,1
2019-06-20,15:09:05.201000,10608,10609,10609,1
2019-06-20,15:09:06.542000,10608,10609,10609,2
2019-06-20,15:09:07.120000,10608,10609,10609,1
2019-06-20,15:09:07.545000,10608,10609,10609,1
2019-06-20,15:09:09.325000,10608,10609,10609,1
2019-06-20,15:09:11.488000,10608,10609,10609,2
2019-06-20,15:09:13.100000,10608,10609,10609,1
2019-06-20,15:09:13.734000,10608,10609,10609,1
2019-06-20,15:09:14.739000,10608,10609,10609,1
2019-06-20,15:09:16.677000,10608,10609,10608,1
2019-06-20,15:09:24.259000,10608,10609,10608,3
2019-06-20,15:09:25.640000,10608,10609,10609,9
2019-06-20,15:09:32.792000,10608,10609,10608,1
2019-06-20,15:09:35.584000,10608,10609,10609,1
2019-06-20,15:09:38.737000,10608,10609,10609,7
2019-06-20,15:09:47.125000,10609,10610,10609,1
2019-06-20,15:09:59.436000,10609,10610,10609,1
2019-06-20,15:10:00.456000,10609,10610,10610,1
2019-06-20,15:10:00.513000,10609,10610,10610,1
2019-06-20,15:10:00.567000,10609,10610,10610,5
2019-06-20,15:10:00.576000,10609,10610,10610,5
2019-06-20,15:10:00.576000,10609,10610,10610,5
2019-06-20,15:10:01.315000,10609,10610,10610,5
2019-06-20,15:10:01.360000,10609,10610,10610,3
2019-06-20,15:10:01.374000,10609,10610,10610,1
2019-06-20,15:10:01.400000,10609,10610,10610,49
2019-06-20,15:10:01.487000,10610,10611,10610,5
2019-06-20,15:10:01.674000,10610,10611,10611,1
2019-06-20,15:10:01.985000,10610,10611,10611,6
2019-06-20,15:10:01.999000,10610,10611,10611,2
2019-06-20,15:10:02,10610,10611,10611,2
2019-06-20,15:10:02,10610,10611,10611,2
2019-06-20,15:10:02.007000,10610,10611,10611,4
2019-06-20,15:10:02.007000,10610,10611,10612,1
2019-06-20,15:10:02.112000,10611,10612,10611,5
2019-06-20,15:10:02.144000,10611,10612,10612,1
2019-06-20,15:10:02.167000,10611,10612,10612,1
2019-06-20,15:10:02.323000,10611,10612,10612,1
2019-06-20,15:10:02.346000,10611,10612,10612,1
2019-06-20,15:10:02.389000,10611,10612,10612,2
2019-06-20,15:10:02.521000,10611,10612,10612,4
2019-06-20,15:10:02.600000,10611,10612,10612,5
2019-06-20,15:10:02.646000,10611,10612,10612,2
2019-06-20,15:10:03.116000,10611,10612,10612,5
2019-06-20,15:10:03.444000,10611,10612,10612,1
2019-06-20,15:10:08.152000,10611,10612,10611,1
2019-06-20,15:10:08.952000,10611,10612,10612,2
2019-06-20,15:10:10.976000,10611,10612,10612,1
2019-06-20,15:10:12.579000,10611,10612,10611,1
2019-06-20,15:10:12.706000,10611,10612,10611,1
2019-06-20,15:10:13.377000,10611,10612,10612,5
2019-06-20,15:10:16.066000,10611,10612,10611,1
2019-06-20,15:10:16.727000,10611,10612,10612,1
2019-06-20,15:10:16.738000,10611,10612,10612,10
2019-06-20,15:10:16.862000,10611,10612,10612,1
2019-06-20,15:10:17.303000,10612,10613,10612,2
2019-06-20,15:10:17.525000,10612,10613,10612,1
2019-06-20,15:10:19.211000,10612,10613,10612,1
2019-06-20,15:10:19.525000,10612,10613,10612,1
2019-06-20,15:10:19.995000,10612,10613,10612,1
2019-06-20,15:10:20.586000,10612,10613,10612,1
2019-06-20,15:10:21.101000,10612,10613,10612,1
2019-06-20,15:10:21.246000,10612,10613,10613,1
2019-06-20,15:10:21.421000,10612,10613,10613,1
2019-06-20,15:10:21.764000,10612,10613,10613,1
2019-06-20,15:10:22.663000,10612,10613,10613,2
2019-06-20,15:10:22.699000,10612,10613,10613,1
2019-06-20,15:10:23.067000,10612,10613,10613,1
2019-06-20,15:10:23.361000,10612,10613,10613,2
2019-06-20,15:10:23.828000,10612,10613,10612,1
2019-06-20,15:10:23.933000,10612,10613,10613,3
2019-06-20,15:10:24.703000,10613,10614,10614,1
2019-06-20,15:10:24.935000,10613,10614,10614,1
2019-06-20,15:10:25.122000,10613,10614,10614,1
2019-06-20,15:10:25.327000,10613,10614,10614,1
2019-06-20,15:10:25.394000,10613,10614,10613,1
2019-06-20,15:10:25.960000,10613,10614,10613,1
2019-06-20,15:10:26.154000,10613,10614,10614,3
2019-06-20,15:10:26.778000,10613,10614,10614,1
2019-06-20,15:10:26.884000,10613,10614,10613,1
2019-06-20,15:10:27.257000,10613,10614,10614,1
2019-06-20,15:10:27.853000,10613,10614,10614,1
2019-06-20,15:10:28.214000,10613,10614,10614,2
2019-06-20,15:10:29.312000,10613,10614,10614,1
2019-06-20,15:10:29.724000,10613,10614,10614,1
2019-06-20,15:10:29.803000,10613,10614,10613,1
2019-06-20,15:10:29.956000,10613,10614,10614,2
2019-06-20,15:10:30.264000,10614,10615,10614,1
2019-06-20,15:10:30.533000,10614,10615,10615,5
2019-06-20,15:10:30.698000,10614,10615,10614,2
2019-06-20,15:10:31.068000,10614,10615,10614,1
2019-06-20,15:10:31.086000,10614,10615,10614,1
2019-06-20,15:10:31.191000,10614,10615,10615,1
2019-06-20,15:10:31.711000,10614,10615,10615,1
2019-06-20,15:10:31.929000,10614,10615,10615,5
2019-06-20,15:10:32.073000,10614,10615,10615,1
2019-06-20,15:10:32.112000,10614,10615,10615,9
2019-06-20,15:10:32.236000,10615,10616,10615,4
2019-06-20,15:10:32.352000,10615,10616,10616,5
2019-06-20,15:10:32.406000,10615,10616,10616,1
2019-06-20,15:10:32.531000,10615,10616,10616,1
2019-06-20,15:10:32.544000,10615,10616,10616,1
2019-06-20,15:10:32.853000,10615,10616,10615,2
2019-06-20,15:10:33.821000,10615,10616,10616,1
2019-06-20,15:10:34.164000,10615,10616,10616,1
2019-06-20,15:10:34.554000,10616,10617,10616,1
2019-06-20,15:10:34.732000,10616,10617,10616,1
2019-06-20,15:10:34.833000,10616,10617,10617,1
2019-06-20,15:10:35.872000,10616,10617,10617,2
2019-06-20,15:10:36.294000,10616,10617,10617,3
2019-06-20,15:10:36.547000,10616,10617,10617,1
2019-06-20,15:10:36.593000,10616,10617,10617,1
2019-06-20,15:10:36.695000,10616,10617,10616,1
2019-06-20,15:10:38.243000,10616,10617,10616,1
2019-06-20,15:10:39.008000,10616,10617,10617,1
2019-06-20,15:10:39.100000,10616,10617,10616,2
2019-06-20,15:10:39.613000,10616,10617,10616,3
2019-06-20,15:10:40.692000,10615,10616,10616,1
2019-06-20,15:10:41.318000,10615,10616,10616,1
2019-06-20,15:10:41.391000,10615,10616,10616,1
2019-06-20,15:10:41.925000,10615,10616,10616,1
2019-06-20,15:10:41.975000,10615,10616,10616,3
2019-06-20,15:10:42.125000,10615,10616,10615,1
2019-06-20,15:10:42.154000,10615,10616,10616,1
2019-06-20,15:10:42.736000,10616,10617,10616,1
2019-06-20,15:10:43.411000,10616,10617,10616,1
2019-06-20,15:10:44.684000,10616,10617,10616,1
2019-06-20,15:10:44.795000,10616,10617,10616,1
2019-06-20,15:10:44.900000,10616,10617,10617,2
2019-06-20,15:10:45.777000,10616,10617,10616,1
2019-06-20,15:10:46.223000,10616,10617,10616,2
2019-06-20,15:10:47.909000,10616,10617,10617,1
2019-06-20,15:10:49.763000,10616,10617,10617,4
2019-06-20,15:10:50.143000,10616,10617,10616,1
2019-06-20,15:10:53.734000,10616,10617,10616,1
2019-06-20,15:10:53.860000,10616,10617,10616,1
2019-06-20,15:10:56.497000,10616,10617,10616,6
2019-06-20,15:10:56.610000,10616,10617,10616,1
2019-06-20,15:10:57.389000,10615,10616,10616,5
2019-06-20,15:10:57.650000,10615,10616,10616,5
2019-06-20,15:10:57.736000,10615,10616,10616,1
2019-06-20,15:10:58.238000,10615,10616,10616,1
2019-06-20,15:11:00.518000,10615,10616,10615,1
2019-06-20,15:11:00.520000,10615,10616,10616,1
2019-06-20,15:11:01.367000,10615,10616,10616,1
2019-06-20,15:11:02.994000,10615,10616,10616,1
2019-06-20,15:11:03.846000,10615,10616,10616,1
2019-06-20,15:11:04.429000,10615,10616,10616,4
2019-06-20,15:11:04.625000,10615,10616,10616,3
2019-06-20,15:11:05.619000,10615,10616,10616,1
2019-06-20,15:11:06.963000,10615,10616,10615,1
2019-06-20,15:11:08.974000,10615,10616,10616,5
2019-06-20,15:11:14.197000,10615,10616,10616,1
2019-06-20,15:11:16.455000,10615,10616,10616,10
2019-06-20,15:11:18,10615,10616,10616,4
2019-06-20,15:11:19.944000,10615,10616,10616,1
2019-06-20,15:11:20.723000,10615,10616,10615,1
2019-06-20,15:11:20.992000,10615,10616,10616,1
2019-06-20,15:11:22.283000,10616,10617,10617,1
2019-06-20,15:11:22.809000,10616,10617,10617,1
2019-06-20,15:11:22.823000,10616,10617,10617,1
2019-06-20,15:11:22.826000,10616,10617,10617,1
2019-06-20,15:11:23.301000,10616,10617,10617,1
2019-06-20,15:11:23.708000,10616,10617,10617,1
2019-06-20,15:11:23.734000,10616,10617,10617,2
2019-06-20,15:11:23.965000,10616,10617,10617,1
2019-06-20,15:11:24.006000,10616,10617,10617,1
2019-06-20,15:11:24.168000,10616,10617,10617,1
2019-06-20,15:11:24.198000,10616,10617,10618,1
2019-06-20,15:11:24.601000,10616,10618,10618,1
2019-06-20,15:11:24.627000,10616,10618,10618,1
2019-06-20,15:11:25.012000,10617,10618,10617,1
2019-06-20,15:11:25.171000,10617,10618,10618,1
2019-06-20,15:11:25.377000,10617,10618,10618,1
2019-06-20,15:11:25.388000,10617,10618,10618,4
2019-06-20,15:11:25.483000,10617,10618,10617,1
2019-06-20,15:11:25.541000,10617,10618,10618,2
2019-06-20,15:11:27.388000,10617,10618,10618,1
2019-06-20,15:11:27.396000,10617,10618,10618,1
2019-06-20,15:11:28.482000,10617,10618,10617,2
2019-06-20,15:11:29.021000,10617,10618,10618,1
2019-06-20,15:11:30.986000,10617,10618,10617,1
2019-06-20,15:11:33.353000,10617,10618,10618,1
2019-06-20,15:11:33.610000,10617,10618,10618,1
2019-06-20,15:11:33.791000,10617,10618,10618,1
2019-06-20,15:11:34.016000,10617,10618,10618,1
2019-06-20,15:11:34.277000,10617,10618,10618,1
2019-06-20,15:11:34.737000,10617,10618,10618,1
2019-06-20,15:11:35.793000,10617,10618,10618,1
2019-06-20,15:11:36.045000,10617,10618,10618,2
2019-06-20,15:11:36.045000,10617,10618,10619,1
2019-06-20,15:11:36.454000,10617,10619,10619,1
2019-06-20,15:11:36.690000,10617,10619,10619,1
2019-06-20,15:11:36.750000,10617,10619,10618,1
2019-06-20,15:11:36.924000,10618,10619,10619,1
2019-06-20,15:11:36.961000,10618,10619,10619,1
2019-06-20,15:11:38.079000,10618,10619,10618,1
2019-06-20,15:11:39.418000,10617,10618,10618,1
2019-06-20,15:11:41.690000,10617,10618,10618,2
2019-06-20,15:11:42.243000,10617,10618,10618,1
2019-06-20,15:11:43.863000,10617,10618,10618,1
2019-06-20,15:11:45.947000,10617,10618,10617,1
2019-06-20,15:11:47.421000,10617,10618,10617,1
2019-06-20,15:11:47.812000,10617,10618,10618,1
2019-06-20,15:11:48.168000,10617,10618,10618,4
2019-06-20,15:11:50.378000,10617,10618,10617,14
2019-06-20,15:11:51.239000,10616,10617,10617,3
2019-06-20,15:11:54.229000,10616,10617,10617,2
2019-06-20,15:11:54.605000,10616,10617,10617,1
2019-06-20,15:11:56.436000,10616,10617,10616,1
2019-06-20,15:11:58.669000,10616,10617,10617,4
2019-06-20,15:11:58.751000,10616,10617,10617,2
2019-06-20,15:11:59.427000,10616,10617,10617,1
2019-06-20,15:11:59.775000,10616,10617,10617,1
2019-06-20,15:12:03.712000,10616,10617,10617,1
2019-06-20,15:12:03.897000,10616,10617,10617,1
2019-06-20,15:12:03.897000,10616,10617,10618,3
2019-06-20,15:12:04.009000,10616,10618,10618,4
2019-06-20,15:12:04.010000,10616,10618,10618,4
2019-06-20,15:12:04.011000,10616,10618,10618,3
2019-06-20,15:12:04.012000,10616,10618,10618,2
2019-06-20,15:12:04.022000,10616,10618,10618,5
2019-06-20,15:12:04.042000,10616,10618,10618,5
2019-06-20,15:12:04.045000,10616,10618,10618,5
2019-06-20,15:12:04.050000,10616,10618,10618,4
2019-06-20,15:12:04.050000,10616,10618,10619,1
2019-06-20,15:12:04.050000,10616,10618,10619,5
2019-06-20,15:12:04.050000,10616,10618,10619,5
2019-06-20,15:12:04.079000,10616,10618,10619,2
2019-06-20,15:12:04.094000,10616,10618,10619,6
2019-06-20,15:12:04.097000,10616,10618,10619,2
2019-06-20,15:12:04.100000,10616,10618,10619,1
2019-06-20,15:12:04.105000,10616,10618,10619,1
2019-06-20,15:12:04.107000,10616,10618,10619,2
2019-06-20,15:12:04.108000,10616,10618,10619,1
2019-06-20,15:12:04.109000,10616,10618,10619,2
2019-06-20,15:12:04.112000,10618,10619,10618,1
2019-06-20,15:12:04.140000,10618,10619,10619,1
2019-06-20,15:12:04.140000,10618,10619,10619,1
2019-06-20,15:12:04.141000,10618,10619,10619,1
2019-06-20,15:12:04.164000,10618,10619,10620,1
2019-06-20,15:12:04.165000,10618,10619,10620,1
2019-06-20,15:12:04.212000,10618,10619,10620,1
2019-06-20,15:12:04.215000,10618,10619,10620,1
2019-06-20,15:12:04.223000,10618,10619,10620,1
2019-06-20,15:12:04.228000,10618,10619,10620,2
2019-06-20,15:12:04.231000,10618,10619,10620,2
2019-06-20,15:12:04.231000,10618,10619,10620,2
2019-06-20,15:12:04.232000,10618,10619,10620,1
2019-06-20,15:12:04.235000,10619,10620,10619,1
2019-06-20,15:12:04.235000,10619,10620,10619,1
2019-06-20,15:12:04.242000,10619,10620,10619,1
2019-06-20,15:12:04.253000,10619,10620,10619,1
2019-06-20,15:12:04.256000,10619,10620,10620,1
2019-06-20,15:12:04.256000,10619,10620,10620,1
2019-06-20,15:12:04.271000,10619,10620,10620,1
2019-06-20,15:12:04.293000,10619,10620,10620,1
2019-06-20,15:12:04.302000,10619,10620,10619,1
2019-06-20,15:12:04.328000,10619,10620,10620,1
2019-06-20,15:12:04.341000,10619,10620,10620,1
2019-06-20,15:12:04.346000,10619,10620,10620,1
2019-06-20,15:12:04.352000,10619,10620,10620,2
2019-06-20,15:12:04.353000,10619,10620,10620,2
2019-06-20,15:12:04.354000,10619,10620,10620,4
2019-06-20,15:12:04.354000,10619,10620,10620,2
2019-06-20,15:12:04.360000,10619,10620,10619,1
2019-06-20,15:12:04.403000,10619,10620,10620,1
2019-06-20,15:12:04.485000,10619,10620,10619,6
2019-06-20,15:12:04.487000,10619,10620,10620,1
2019-06-20,15:12:04.548000,10619,10620,10620,3
2019-06-20,15:12:04.610000,10619,10620,10619,1
2019-06-20,15:12:05.447000,10618,10619,10619,1
2019-06-20,15:12:05.742000,10618,10619,10618,1
2019-06-20,15:12:08.574000,10617,10619,10619,1
2019-06-20,15:12:08.849000,10618,10619,10619,1
2019-06-20,15:12:09.318000,10618,10619,10619,1
2019-06-20,15:12:13.250000,10618,10619,10619,1
2019-06-20,15:12:14.763000,10618,10619,10619,1
2019-06-20,15:12:15.226000,10618,10619,10619,1
2019-06-20,15:12:18.602000,10618,10619,10619,2
2019-06-20,15:12:19.200000,10618,10619,10619,3
2019-06-20,15:12:19.909000,10618,10619,10619,1
2019-06-20,15:12:20.770000,10618,10619,10619,2
2019-06-20,15:12:20.873000,10618,10619,10619,1
2019-06-20,15:12:24.376000,10618,10619,10618,1
2019-06-20,15:12:29.062000,10618,10619,10618,1
2019-06-20,15:12:29.218000,10618,10619,10618,1
2019-06-20,15:12:30.068000,10618,10619,10618,1
2019-06-20,15:12:30.110000,10618,10619,10618,1
2019-06-20,15:12:34.310000,10618,10619,10619,5
2019-06-20,15:12:34.360000,10618,10619,10619,2
2019-06-20,15:12:34.381000,10618,10619,10619,2
2019-06-20,15:12:34.458000,10618,10619,10619,2
2019-06-20,15:12:37.200000,10619,10620,10619,2
2019-06-20,15:12:37.300000,10619,10620,10619,1
2019-06-20,15:12:37.427000,10619,10620,10619,12
2019-06-20,15:12:37.715000,10619,10620,10619,1
2019-06-20,15:12:37.715000,10619,10620,10618,4
2019-06-20,15:12:38.895000,10618,10619,10619,1
2019-06-20,15:12:39.020000,10618,10619,10619,1
2019-06-20,15:12:40.606000,10618,10619,10619,1
2019-06-20,15:12:41.087000,10618,10619,10619,1
2019-06-20,15:12:41.360000,10618,10619,10619,1
2019-06-20,15:12:42.029000,10618,10619,10619,3
2019-06-20,15:12:43.306000,10618,10619,10618,1
2019-06-20,15:12:43.950000,10618,10619,10619,1
2019-06-20,15:12:44.215000,10618,10619,10619,20
2019-06-20,15:12:45.580000,10618,10619,10618,2
2019-06-20,15:12:45.735000,10618,10619,10618,1
2019-06-20,15:12:45.795000,10618,10619,10618,2
2019-06-20,15:12:48.544000,10618,10619,10619,2
2019-06-20,15:12:48.902000,10618,10619,10618,1
2019-06-20,15:12:49.550000,10618,10619,10618,1
2019-06-20,15:12:51.118000,10618,10619,10619,6
2019-06-20,15:12:51.999000,10618,10619,10619,2
2019-06-20,15:12:57.118000,10618,10619,10619,2
2019-06-20,15:12:59.966000,10618,10619,10619,5
2019-06-20,15:13:00.149000,10619,10620,10619,1
2019-06-20,15:13:01.404000,10619,10620,10619,1
2019-06-20,15:13:01.532000,10619,10620,10620,2
2019-06-20,15:13:02.037000,10619,10620,10619,1
2019-06-20,15:13:02.892000,10619,10620,10619,1
2019-06-20,15:13:04.082000,10619,10620,10620,1
2019-06-20,15:13:05.302000,10619,10620,10620,1
2019-06-20,15:13:05.420000,10619,10620,10620,1
2019-06-20,15:13:05.575000,10619,10620,10620,1
2019-06-20,15:13:05.866000,10619,10620,10619,1
2019-06-20,15:13:05.932000,10619,10620,10620,1
2019-06-20,15:13:06.352000,10619,10620,10620,1
2019-06-20,15:13:08.190000,10619,10620,10620,1
2019-06-20,15:13:08.949000,10619,10620,10620,1
2019-06-20,15:13:09.314000,10619,10620,10620,1
2019-06-20,15:13:09.646000,10619,10620,10620,1
2019-06-20,15:13:11.235000,10619,10620,10620,1
2019-06-20,15:13:11.881000,10619,10620,10620,1
2019-06-20,15:13:13.736000,10619,10620,10619,1
2019-06-20,15:13:17.333000,10619,10620,10620,5
2019-06-20,15:13:20.001000,10619,10620,10619,2
2019-06-20,15:13:21.092000,10619,10620,10619,1
2019-06-20,15:13:21.513000,10619,10620,10619,1
2019-06-20,15:13:22.047000,10619,10620,10620,1
2019-06-20,15:13:22.753000,10619,10620,10619,1
2019-06-20,15:13:23.146000,10619,10620,10619,1
2019-06-20,15:13:23.160000,10619,10620,10620,3
2019-06-20,15:13:24.854000,10619,10620,10619,1
2019-06-20,15:13:25.045000,10619,10620,10619,1
2019-06-20,15:13:25.759000,10619,10620,10620,1
2019-06-20,15:13:26.423000,10619,10620,10620,1
2019-06-20,15:13:32.605000,10619,10620,10620,5
2019-06-20,15:13:33.949000,10619,10620,10620,1
2019-06-20,15:13:33.991000,10619,10620,10620,1
2019-06-20,15:13:34.950000,10619,10620,10619,2
2019-06-20,15:13:36.069000,10619,10620,10619,2
2019-06-20,15:13:39.496000,10619,10620,10619,1
2019-06-20,15:13:39.994000,10619,10620,10619,5
2019-06-20,15:13:40.112000,10619,10620,10619,1
2019-06-20,15:13:42.863000,10619,10620,10619,2
2019-06-20,15:13:43.293000,10619,10620,10619,1
2019-06-20,15:13:44.777000,10619,10620,10619,1
2019-06-20,15:13:45.115000,10619,10620,10619,2
2019-06-20,15:13:45.852000,10618,10619,10618,1
2019-06-20,15:13:48.016000,10618,10619,10618,1
2019-06-20,15:13:48.158000,10618,10619,10619,2
2019-06-20,15:13:50.118000,10618,10619,10618,39
2019-06-20,15:13:50.485000,10617,10618,10617,7
2019-06-20,15:13:50.610000,10617,10618,10617,5
2019-06-20,15:13:51.735000,10616,10617,10617,2
2019-06-20,15:13:55.738000,10616,10617,10616,2
2019-06-20,15:13:56.251000,10616,10617,10617,3
2019-06-20,15:14:09.704000,10616,10617,10617,1
2019-06-20,15:14:09.984000,10616,10617,10617,1
2019-06-20,15:14:14.098000,10616,10617,10617,1
2019-06-20,15:14:15.699000,10616,10617,10616,2
2019-06-20,15:14:16.701000,10616,10617,10616,2
2019-06-20,15:14:16.756000,10616,10617,10617,1
2019-06-20,15:14:16.892000,10616,10617,10617,2
2019-06-20,15:14:18.049000,10616,10617,10616,1
2019-06-20,15:14:19.307000,10616,10617,10616,2
2019-06-20,15:14:21.221000,10616,10617,10617,2
2019-06-20,15:14:23.390000,10616,10617,10617,1
2019-06-20,15:14:23.510000,10616,10617,10617,19
2019-06-20,15:14:23.666000,10617,10618,10617,1
2019-06-20,15:14:23.666000,10617,10618,10617,1
2019-06-20,15:14:26.150000,10616,10617,10617,1
2019-06-20,15:14:27.893000,10616,10617,10617,1
2019-06-20,15:14:31.077000,10617,10618,10617,1
2019-06-20,15:14:33.028000,10616,10618,10618,1
2019-06-20,15:14:37.545000,10617,10618,10617,1
2019-06-20,15:14:45.629000,10617,10618,10617,1
2019-06-20,15:14:46.595000,10617,10618,10617,1
2019-06-20,15:14:48.109000,10617,10618,10617,5
2019-06-20,15:14:49.485000,10617,10618,10617,8
2019-06-20,15:14:49.828000,10616,10617,10617,1
2019-06-20,15:14:51.600000,10616,10617,10617,1
2019-06-20,15:14:52.431000,10617,10618,10618,2
2019-06-20,15:14:52.475000,10617,10618,10617,1
2019-06-20,15:14:56.437000,10616,10617,10616,1
2019-06-20,15:14:57.812000,10616,10617,10617,1
2019-06-20,15:15:01.192000,10616,10617,10616,1
2019-06-20,15:15:01.262000,10616,10617,10616,1
2019-06-20,15:15:01.377000,10616,10617,10616,1
2019-06-20,15:15:01.579000,10616,10617,10617,2
2019-06-20,15:15:01.608000,10616,10617,10617,1
2019-06-20,15:15:01.614000,10616,10617,10617,1
2019-06-20,15:15:01.794000,10616,10617,10617,1
2019-06-20,15:15:02.097000,10616,10617,10617,1
2019-06-20,15:15:07.616000,10616,10617,10617,1
2019-06-20,15:15:11.435000,10616,10617,10617,1
2019-06-20,15:15:11.435000,10616,10617,10617,3
2019-06-20,15:15:11.436000,10616,10617,10617,2
2019-06-20,15:15:11.436000,10616,10617,10617,1
2019-06-20,15:15:11.436000,10616,10617,10617,3
2019-06-20,15:15:11.436000,10616,10617,10617,1
2019-06-20,15:15:11.436000,10616,10617,10617,1
2019-06-20,15:15:13.408000,10617,10618,10617,1
2019-06-20,15:15:13.408000,10617,10618,10616,14
2019-06-20,15:15:16.352000,10616,10617,10617,1
2019-06-20,15:15:16.747000,10616,10617,10617,1
2019-06-20,15:15:21.549000,10616,10617,10616,1
2019-06-20,15:15:31.750000,10616,10617,10617,1
2019-06-20,15:15:36.940000,10616,10617,10617,1
2019-06-20,15:15:42.629000,10616,10617,10617,1
2019-06-20,15:15:45.074000,10616,10617,10617,1
2019-06-20,15:15:47.625000,10616,10617,10617,1
2019-06-20,15:15:50.265000,10616,10617,10617,1
2019-06-20,15:15:57.795000,10616,10617,10617,1
2019-06-20,15:15:59.027000,10616,10617,10617,5
2019-06-20,15:15:59.110000,10616,10617,10617,1
2019-06-20,15:16:00.839000,10617,10618,10617,3
2019-06-20,15:16:01.649000,10617,10618,10617,1
2019-06-20,15:16:02.714000,10616,10618,10618,1
2019-06-20,15:16:03.548000,10616,10617,10617,6
2019-06-20,15:16:04.527000,10617,10618,10617,1
2019-06-20,15:16:05.089000,10617,10618,10617,2
2019-06-20,15:16:08.360000,10617,10618,10618,13
2019-06-20,15:16:08.485000,10617,10618,10618,6
2019-06-20,15:16:08.485000,10617,10618,10618,4
2019-06-20,15:16:10.588000,10617,10618,10618,1
2019-06-20,15:16:20.447000,10617,10618,10618,2
2019-06-20,15:16:25.947000,10617,10618,10618,1
2019-06-20,15:16:32.240000,10617,10618,10618,4
2019-06-20,15:16:34.279000,10617,10618,10618,2
2019-06-20,15:16:35.440000,10617,10618,10618,2
2019-06-20,15:16:39.107000,10617,10618,10618,1
2019-06-20,15:16:42.514000,10617,10618,10618,1
2019-06-20,15:16:44.310000,10617,10618,10618,1
2019-06-20,15:16:44.419000,10617,10618,10618,2
2019-06-20,15:16:50.648000,10617,10618,10618,2
2019-06-20,15:16:52.692000,10617,10618,10618,1
2019-06-20,15:16:54.785000,10617,10618,10618,15
2019-06-20,15:16:54.986000,10618,10619,10618,2
2019-06-20,15:17:00.901000,10618,10619,10618,1
2019-06-20,15:17:02.138000,10618,10619,10618,2
2019-06-20,15:17:02.488000,10617,10619,10619,1
2019-06-20,15:17:02.861000,10618,10619,10618,2
2019-06-20,15:17:03.537000,10617,10619,10617,1
2019-06-20,15:17:07.120000,10618,10619,10619,1
2019-06-20,15:17:13.830000,10618,10619,10619,1
2019-06-20,15:17:28.261000,10618,10619,10619,1
2019-06-20,15:17:31.140000,10618,10619,10619,1
2019-06-20,15:17:34.162000,10618,10619,10618,1
2019-06-20,15:17:34.506000,10618,10619,10618,1
2019-06-20,15:17:35.236000,10618,10619,10618,1
2019-06-20,15:17:35.587000,10618,10619,10618,1
2019-06-20,15:17:35.715000,10618,10619,10618,1
2019-06-20,15:17:37.574000,10617,10618,10618,1
2019-06-20,15:17:41.541000,10617,10618,10617,1
2019-06-20,15:17:42.294000,10617,10618,10618,1
2019-06-20,15:17:42.786000,10617,10618,10618,1
2019-06-20,15:17:43.030000,10617,10618,10618,1
2019-06-20,15:17:53.106000,10617,10618,10618,3
2019-06-20,15:17:58.866000,10617,10618,10617,1
2019-06-20,15:18:01.725000,10617,10618,10618,3
2019-06-20,15:18:07.068000,10617,10618,10618,2
2019-06-20,15:18:11.703000,10617,10618,10618,1
2019-06-20,15:18:15.137000,10617,10618,10618,2
2019-06-20,15:18:18.450000,10617,10618,10618,1
2019-06-20,15:18:18.918000,10617,10618,10618,1
2019-06-20,15:18:21.600000,10617,10618,10618,1
2019-06-20,15:18:26.695000,10617,10618,10618,2
2019-06-20,15:18:35.629000,10618,10619,10618,1
2019-06-20,15:18:40.457000,10618,10619,10618,1
2019-06-20,15:18:41.451000,10618,10619,10618,1
2019-06-20,15:18:44.142000,10618,10619,10618,1
2019-06-20,15:18:45.798000,10618,10619,10619,4
2019-06-20,15:18:46.988000,10618,10619,10618,4
2019-06-20,15:18:55.948000,10618,10619,10618,2
2019-06-20,15:18:56.022000,10618,10619,10619,5
2019-06-20,15:18:56.245000,10618,10619,10618,1
2019-06-20,15:18:56.360000,10618,10619,10618,3
2019-06-20,15:18:56.376000,10618,10619,10618,1
2019-06-20,15:18:59.899000,10618,10619,10618,1
2019-06-20,15:19:00.336000,10618,10619,10618,1
2019-06-20,15:19:00.432000,10618,10619,10618,1
2019-06-20,15:19:00.683000,10617,10619,10619,2
2019-06-20,15:19:00.897000,10617,10619,10619,1
2019-06-20,15:19:01.100000,10618,10619,10618,1
2019-06-20,15:19:01.432000,10618,10619,10619,3
2019-06-20,15:19:02.540000,10618,10619,10618,1
2019-06-20,15:19:02.683000,10618,10619,10618,1
2019-06-20,15:19:02.927000,10618,10619,10618,1
2019-06-20,15:19:06.681000,10617,10618,10618,1
2019-06-20,15:19:08.211000,10617,10618,10618,1
2019-06-20,15:19:08.927000,10617,10618,10618,1
2019-06-20,15:19:11.695000,10617,10618,10618,1
2019-06-20,15:19:12.784000,10617,10618,10618,1
2019-06-20,15:19:13.158000,10617,10618,10618,3
2019-06-20,15:19:17.125000,10617,10618,10618,1
2019-06-20,15:19:21.563000,10617,10618,10618,1
2019-06-20,15:19:23.322000,10617,10618,10618,1
2019-06-20,15:19:30.506000,10617,10618,10617,25
2019-06-20,15:19:31.334000,10617,10618,10617,2
2019-06-20,15:19:31.335000,10617,10618,10617,2
2019-06-20,15:19:31.335000,10617,10618,10617,4
2019-06-20,15:19:31.336000,10617,10618,10617,6
2019-06-20,15:19:31.337000,10617,10618,10617,2
2019-06-20,15:19:31.340000,10617,10618,10617,1
2019-06-20,15:19:31.340000,10617,10618,10617,1
2019-06-20,15:19:31.340000,10617,10618,10617,3
2019-06-20,15:19:31.346000,10617,10618,10617,1
2019-06-20,15:19:31.346000,10617,10618,10617,1
2019-06-20,15:19:31.346000,10617,10618,10617,1
2019-06-20,15:19:31.346000,10617,10618,10617,1
2019-06-20,15:19:31.346000,10617,10618,10617,1
2019-06-20,15:19:31.346000,10617,10618,10617,1
2019-06-20,15:19:31.346000,10617,10618,10617,2
2019-06-20,15:19:31.346000,10617,10618,10617,1
2019-06-20,15:19:31.346000,10617,10618,10617,1
2019-06-20,15:19:31.360000,10617,10618,10617,15
2019-06-20,15:19:44.001000,10616,10617,10616,1
2019-06-20,15:19:45.592000,10616,10617,10617,1
2019-06-20,15:19:46.552000,10616,10617,10617,1
2019-06-20,15:19:51.953000,10616,10617,10617,5
2019-06-20,15:20:00.100000,10616,10617,10617,1
2019-06-20,15:20:03.065000,10616,10617,10617,1
2019-06-20,15:20:09.231000,10617,10618,10617,1
2019-06-20,15:20:15.223000,10617,10618,10617,1
2019-06-20,15:20:15.881000,10617,10618,10617,15
2019-06-20,15:20:17.343000,10616,10618,10617,1
2019-06-20,15:20:25.831000,10616,10617,10617,1
2019-06-20,15:20:36.403000,10616,10617,10616,1
2019-06-20,15:20:46.268000,10616,10617,10616,25
2019-06-20,15:20:48,10616,10617,10616,1
2019-06-20,15:20:48.112000,10616,10617,10616,43
2019-06-20,15:20:56.665000,10615,10616,10616,5
2019-06-20,15:20:56.674000,10615,10616,10616,1
2019-06-20,15:20:57.467000,10615,10617,10616,1
2019-06-20,15:21:04.110000,10616,10617,10616,1
2019-06-20,15:21:06.239000,10616,10617,10616,1
2019-06-20,15:21:06.818000,10616,10617,10616,2
2019-06-20,15:21:08.402000,10616,10617,10616,1
2019-06-20,15:21:08.402000,10616,10617,10615,1
2019-06-20,15:21:08.797000,10615,10617,10615,1
2019-06-20,15:21:11.475000,10615,10617,10615,1
2019-06-20,15:21:14.849000,10615,10616,10615,5
2019-06-20,15:21:19.055000,10615,10616,10615,1
2019-06-20,15:21:19.335000,10615,10616,10615,1
2019-06-20,15:21:22.839000,10615,10616,10615,1
2019-06-20,15:21:23.514000,10615,10616,10615,1
2019-06-20,15:21:26.411000,10615,10616,10615,7
2019-06-20,15:21:27.229000,10615,10616,10615,1
2019-06-20,15:21:29.029000,10615,10616,10616,5
2019-06-20,15:21:31.481000,10615,10617,10615,1
2019-06-20,15:21:41.444000,10615,10616,10615,1
2019-06-20,15:21:45.242000,10615,10616,10616,3
2019-06-20,15:21:49.444000,10615,10616,10616,5
2019-06-20,15:21:51.864000,10615,10616,10616,1
2019-06-20,15:21:52.570000,10615,10616,10615,1
2019-06-20,15:21:56.552000,10615,10616,10615,1
2019-06-20,15:21:59.789000,10615,10616,10615,1
2019-06-20,15:22:04.349000,10615,10616,10615,1
2019-06-20,15:22:05.951000,10615,10616,10615,1
2019-06-20,15:22:07.986000,10615,10616,10615,1
2019-06-20,15:22:08.747000,10615,10616,10615,1
2019-06-20,15:22:20.447000,10615,10616,10615,1
2019-06-20,15:22:21.305000,10615,10616,10615,1
2019-06-20,15:22:22.929000,10615,10616,10616,1
2019-06-20,15:22:23.443000,10615,10616,10615,1
2019-06-20,15:22:26.048000,10615,10616,10615,1
2019-06-20,15:22:31.238000,10615,10616,10615,1
2019-06-20,15:22:31.587000,10615,10616,10615,22
2019-06-20,15:22:31.588000,10615,10616,10615,1
2019-06-20,15:22:33.306000,10614,10615,10615,8
2019-06-20,15:22:35.090000,10615,10616,10615,1
2019-06-20,15:22:38.592000,10615,10616,10615,5
2019-06-20,15:22:39.714000,10615,10616,10615,1
2019-06-20,15:22:42.998000,10615,10616,10615,2
2019-06-20,15:22:47.211000,10615,10616,10615,2
2019-06-20,15:22:48.141000,10615,10616,10615,2
2019-06-20,15:22:53.457000,10615,10616,10615,1
2019-06-20,15:23:00.381000,10615,10616,10615,1
2019-06-20,15:23:02.362000,10615,10616,10615,1
2019-06-20,15:23:07.691000,10614,10615,10615,1
2019-06-20,15:23:13.756000,10614,10615,10614,1
2019-06-20,15:23:25.434000,10614,10615,10614,1
2019-06-20,15:23:25.480000,10614,10615,10614,1
2019-06-20,15:23:28.338000,10614,10615,10614,1
2019-06-20,15:23:29.180000,10614,10615,10614,3
2019-06-20,15:23:29.715000,10614,10615,10614,3
2019-06-20,15:23:31.391000,10614,10615,10614,1
2019-06-20,15:23:33.116000,10614,10615,10614,2
2019-06-20,15:23:33.152000,10614,10615,10614,1
2019-06-20,15:23:34.900000,10614,10615,10614,5
2019-06-20,15:23:36.730000,10614,10615,10614,2
2019-06-20,15:23:40.242000,10614,10615,10614,1
2019-06-20,15:23:41.109000,10614,10615,10614,7
2019-06-20,15:23:44.179000,10614,10615,10614,1
2019-06-20,15:23:44.742000,10614,10615,10614,1
2019-06-20,15:23:45.450000,10614,10615,10614,1
2019-06-20,15:23:46.207000,10614,10615,10614,2
2019-06-20,15:23:46.302000,10614,10615,10614,1
2019-06-20,15:23:47.272000,10614,10615,10614,1
2019-06-20,15:23:47.804000,10614,10615,10614,1
2019-06-20,15:23:48.720000,10613,10614,10613,1
2019-06-20,15:23:48.767000,10613,10614,10613,2
2019-06-20,15:23:49.371000,10613,10614,10613,1
2019-06-20,15:23:57.099000,10613,10614,10614,1
2019-06-20,15:23:57.099000,10613,10614,10614,1
2019-06-20,15:23:57.099000,10613,10614,10614,1
2019-06-20,15:23:57.306000,10614,10615,10614,1
2019-06-20,15:23:57.648000,10614,10615,10614,1
2019-06-20,15:23:58.445000,10614,10615,10614,1
2019-06-20,15:24:00.922000,10614,10615,10614,1
2019-06-20,15:24:01.139000,10614,10615,10614,1
2019-06-20,15:24:04.089000,10614,10615,10614,1
2019-06-20,15:24:06.752000,10613,10614,10614,1
2019-06-20,15:24:17.112000,10614,10615,10615,51
2019-06-20,15:24:18.204000,10615,10616,10615,1
2019-06-20,15:24:27.226000,10615,10616,10616,25
2019-06-20,15:24:27.383000,10616,10617,10617,2
2019-06-20,15:24:28.363000,10616,10617,10617,3
2019-06-20,15:24:29.346000,10616,10617,10616,1
2019-06-20,15:24:36.574000,10616,10617,10616,1
2019-06-20,15:24:38.311000,10616,10617,10616,1
2019-06-20,15:24:42.332000,10616,10617,10617,1
2019-06-20,15:24:42.872000,10616,10617,10617,1
2019-06-20,15:24:44.122000,10616,10617,10617,1
2019-06-20,15:24:44.209000,10616,10617,10617,1
2019-06-20,15:24:44.235000,10616,10617,10617,1
2019-06-20,15:24:46.269000,10616,10618,10616,1
2019-06-20,15:24:47.933000,10616,10618,10616,1
2019-06-20,15:24:57.668000,10617,10618,10618,1
2019-06-20,15:24:58.471000,10617,10618,10618,1
2019-06-20,15:25:02.125000,10617,10618,10617,1
2019-06-20,15:25:06.294000,10617,10618,10618,4
2019-06-20,15:25:09.079000,10617,10618,10618,5
2019-06-20,15:25:09.518000,10617,10618,10618,1
2019-06-20,15:25:10.165000,10617,10618,10618,1
2019-06-20,15:25:12.577000,10617,10618,10618,1
2019-06-20,15:25:13.076000,10617,10618,10618,1
2019-06-20,15:25:16.305000,10617,10618,10618,1
2019-06-20,15:25:19.459000,10617,10618,10618,2
2019-06-20,15:25:23.497000,10617,10618,10618,1
2019-06-20,15:25:28.285000,10617,10618,10617,1
2019-06-20,15:25:31.005000,10617,10618,10617,1
2019-06-20,15:25:36.794000,10617,10618,10617,1
2019-06-20,15:25:38.178000,10617,10618,10617,5
2019-06-20,15:25:38.444000,10616,10617,10617,1
2019-06-20,15:25:39.272000,10616,10617,10617,1
2019-06-20,15:25:39.273000,10616,10617,10617,1
2019-06-20,15:25:48.200000,10617,10618,10617,1
2019-06-20,15:26:07.475000,10616,10617,10617,1
2019-06-20,15:26:07.569000,10616,10617,10617,3
2019-06-20,15:26:07.638000,10616,10617,10617,1
2019-06-20,15:26:07.638000,10616,10617,10618,3
2019-06-20,15:26:07.957000,10616,10618,10618,2
2019-06-20,15:26:08.431000,10616,10618,10616,1
2019-06-20,15:26:15.008000,10616,10617,10617,1
2019-06-20,15:26:27.888000,10617,10618,10617,5
2019-06-20,15:26:28.878000,10616,10617,10616,1
2019-06-20,15:26:37.229000,10616,10617,10616,1
2019-06-20,15:26:40.296000,10616,10617,10617,1
2019-06-20,15:26:52.989000,10616,10617,10617,3
2019-06-20,15:26:52.989000,10616,10617,10617,3
2019-06-20,15:26:55.518000,10616,10617,10616,2
2019-06-20,15:26:59.678000,10616,10617,10616,1
2019-06-20,15:27:07.324000,10616,10617,10617,1
2019-06-20,15:27:07.668000,10616,10617,10617,4
2019-06-20,15:27:07.672000,10616,10617,10617,4
2019-06-20,15:27:07.680000,10616,10617,10617,1
2019-06-20,15:27:07.689000,10616,10617,10617,3
2019-06-20,15:27:07.763000,10616,10618,10618,6
2019-06-20,15:27:07.878000,10617,10618,10618,1
2019-06-20,15:27:07.887000,10617,10618,10618,1
2019-06-20,15:27:07.888000,10617,10618,10618,1
2019-06-20,15:27:07.889000,10617,10618,10618,1
2019-06-20,15:27:07.949000,10617,10618,10618,1
2019-06-20,15:27:08.002000,10617,10618,10618,1
2019-06-20,15:27:08.004000,10617,10618,10618,2
2019-06-20,15:27:08.036000,10617,10618,10618,1
2019-06-20,15:27:08.052000,10617,10618,10618,2
2019-06-20,15:27:08.055000,10617,10618,10618,4
2019-06-20,15:27:08.059000,10617,10618,10618,1
2019-06-20,15:27:08.060000,10617,10618,10618,2
2019-06-20,15:27:08.064000,10617,10618,10618,2
2019-06-20,15:27:08.077000,10617,10618,10618,1
2019-06-20,15:27:08.092000,10617,10618,10618,2
2019-06-20,15:27:08.092000,10617,10618,10618,3
2019-06-20,15:27:08.092000,10617,10618,10618,2
2019-06-20,15:27:08.092000,10617,10618,10618,3
2019-06-20,15:27:08.093000,10617,10618,10618,1
2019-06-20,15:27:08.093000,10617,10618,10618,3
2019-06-20,15:27:08.093000,10617,10618,10618,1
2019-06-20,15:27:08.093000,10617,10618,10618,3
2019-06-20,15:27:08.093000,10617,10618,10618,3
2019-06-20,15:27:08.094000,10617,10618,10618,1
2019-06-20,15:27:11.602000,10618,10619,10618,3
2019-06-20,15:27:11.602000,10618,10619,10617,3
2019-06-20,15:27:27.485000,10617,10618,10618,3
2019-06-20,15:27:31.890000,10618,10619,10618,1
2019-06-20,15:27:33.289000,10618,10619,10618,1
2019-06-20,15:27:38.449000,10618,10619,10619,2
2019-06-20,15:27:38.485000,10618,10619,10619,10
2019-06-20,15:27:39.050000,10618,10619,10618,5
2019-06-20,15:27:39.163000,10618,10619,10619,1
2019-06-20,15:27:39.980000,10618,10619,10619,8
2019-06-20,15:27:39.980000,10618,10619,10619,4
2019-06-20,15:27:39.980000,10618,10619,10619,2
2019-06-20,15:27:39.981000,10618,10619,10619,3
2019-06-20,15:27:39.985000,10618,10619,10619,1
2019-06-20,15:27:39.985000,10618,10619,10619,1
2019-06-20,15:27:41.077000,10618,10619,10619,2
2019-06-20,15:27:41.078000,10618,10619,10619,1
2019-06-20,15:27:41.078000,10618,10619,10619,4
2019-06-20,15:27:41.699000,10619,10620,10620,10
2019-06-20,15:27:41.700000,10619,10620,10620,2
2019-06-20,15:27:41.700000,10619,10620,10620,3
2019-06-20,15:27:41.735000,10619,10620,10620,3
2019-06-20,15:27:41.767000,10619,10620,10620,1
2019-06-20,15:27:41.781000,10619,10620,10620,2
2019-06-20,15:27:41.860000,10619,10620,10620,6
2019-06-20,15:27:41.860000,10619,10620,10620,3
2019-06-20,15:27:41.860000,10619,10620,10620,4
2019-06-20,15:27:41.868000,10619,10620,10620,1
2019-06-20,15:27:41.888000,10619,10620,10620,2
2019-06-20,15:27:41.985000,10619,10620,10620,1
2019-06-20,15:27:41.985000,10619,10620,10620,1
2019-06-20,15:27:41.985000,10619,10620,10620,1
2019-06-20,15:27:41.985000,10619,10620,10620,1
2019-06-20,15:27:41.985000,10619,10620,10620,1
2019-06-20,15:27:41.985000,10619,10620,10620,1
2019-06-20,15:27:41.986000,10619,10620,10620,2
2019-06-20,15:27:41.986000,10619,10620,10620,1
2019-06-20,15:27:41.986000,10619,10620,10620,1
2019-06-20,15:27:41.986000,10619,10620,10620,1
2019-06-20,15:27:41.986000,10619,10620,10620,1
2019-06-20,15:27:42.013000,10619,10620,10620,1
2019-06-20,15:27:42.058000,10619,10620,10620,1
2019-06-20,15:27:42.059000,10619,10620,10620,6
2019-06-20,15:27:42.059000,10619,10620,10620,1
2019-06-20,15:27:42.059000,10619,10620,10620,1
2019-06-20,15:27:42.059000,10619,10620,10620,1
2019-06-20,15:27:42.110000,10619,10620,10620,3
2019-06-20,15:27:42.110000,10619,10620,10620,1
2019-06-20,15:27:42.110000,10619,10620,10620,2
2019-06-20,15:27:42.151000,10619,10620,10621,1
2019-06-20,15:27:42.193000,10619,10620,10621,1
2019-06-20,15:27:42.209000,10619,10620,10621,1
2019-06-20,15:27:42.214000,10619,10620,10621,1
2019-06-20,15:27:42.243000,10620,10621,10621,1
2019-06-20,15:27:42.285000,10620,10621,10621,1
2019-06-20,15:27:42.289000,10620,10621,10621,1
2019-06-20,15:27:42.318000,10620,10621,10621,1
2019-06-20,15:27:42.333000,10620,10621,10621,1
2019-06-20,15:27:42.971000,10620,10621,10621,5
2019-06-20,15:27:43.047000,10620,10621,10621,1
2019-06-20,15:27:43.047000,10620,10621,10621,1
2019-06-20,15:27:43.728000,10620,10621,10621,1
2019-06-20,15:27:43.905000,10620,10621,10620,2
2019-06-20,15:27:44.862000,10620,10621,10621,4
2019-06-20,15:27:45.401000,10621,10622,10621,1
2019-06-20,15:27:45.401000,10621,10622,10621,2
2019-06-20,15:27:45.401000,10621,10622,10621,3
2019-06-20,15:27:45.402000,10621,10622,10621,1
2019-06-20,15:27:45.608000,10620,10621,10621,1
2019-06-20,15:27:48.510000,10620,10621,10621,1
2019-06-20,15:27:48.682000,10620,10621,10621,1
2019-06-20,15:27:51.211000,10620,10621,10621,1
2019-06-20,15:27:51.255000,10620,10621,10621,1
2019-06-20,15:27:55.963000,10620,10621,10621,1
2019-06-20,15:27:57.136000,10620,10621,10621,1
2019-06-20,15:28:01.009000,10620,10621,10621,3
2019-06-20,15:28:01.363000,10620,10621,10621,2
2019-06-20,15:28:01.379000,10620,10621,10621,1
2019-06-20,15:28:01.416000,10620,10621,10621,1
2019-06-20,15:28:01.416000,10620,10621,10622,1
2019-06-20,15:28:01.423000,10620,10621,10622,2
2019-06-20,15:28:01.474000,10620,10621,10622,2
2019-06-20,15:28:01.477000,10620,10621,10622,1
2019-06-20,15:28:01.539000,10620,10622,10622,1
2019-06-20,15:28:01.884000,10621,10622,10622,1
2019-06-20,15:28:02.540000,10621,10622,10622,1
2019-06-20,15:28:03.720000,10621,10622,10621,1
2019-06-20,15:28:03.724000,10621,10622,10622,10
2019-06-20,15:28:05.041000,10621,10622,10622,1
2019-06-20,15:28:05.343000,10621,10622,10622,1
2019-06-20,15:28:06.386000,10621,10622,10622,10
2019-06-20,15:28:07.333000,10621,10622,10622,1
2019-06-20,15:28:07.361000,10622,10623,10622,1
2019-06-20,15:28:07.362000,10622,10623,10622,1
2019-06-20,15:28:07.388000,10622,10623,10622,2
2019-06-20,15:28:07.485000,10622,10623,10622,1
2019-06-20,15:28:07.485000,10622,10623,10622,1
2019-06-20,15:28:08.217000,10622,10623,10622,1
2019-06-20,15:28:08.373000,10622,10623,10622,1
2019-06-20,15:28:09.262000,10621,10622,10622,2
2019-06-20,15:28:11.113000,10621,10622,10622,2
2019-06-20,15:28:11.649000,10621,10622,10622,4
2019-06-20,15:28:12.760000,10621,10622,10622,4
2019-06-20,15:28:12.896000,10621,10623,10621,1
2019-06-20,15:28:14.539000,10621,10622,10622,2
2019-06-20,15:28:15.452000,10621,10622,10622,1
2019-06-20,15:28:16.883000,10621,10622,10622,1
2019-06-20,15:28:17.194000,10621,10622,10622,1
2019-06-20,15:28:17.613000,10621,10622,10621,1
2019-06-20,15:28:18.799000,10621,10622,10622,5
2019-06-20,15:28:22.746000,10621,10622,10622,9
2019-06-20,15:28:23.701000,10621,10622,10622,1
2019-06-20,15:28:24.112000,10621,10622,10622,1
2019-06-20,15:28:29.540000,10621,10622,10622,1
2019-06-20,15:28:31.337000,10621,10622,10622,1
2019-06-20,15:28:31.739000,10621,10622,10622,1
2019-06-20,15:28:31.860000,10621,10622,10622,1
2019-06-20,15:28:40.966000,10622,10623,10623,1
2019-06-20,15:28:41.014000,10622,10623,10623,2
2019-06-20,15:28:41.024000,10622,10623,10623,1
2019-06-20,15:28:41.096000,10622,10623,10622,1
2019-06-20,15:28:41.514000,10622,10623,10623,1
2019-06-20,15:28:43.977000,10622,10623,10623,1
2019-06-20,15:28:47.580000,10622,10623,10623,1
2019-06-20,15:28:47.878000,10622,10623,10622,6
2019-06-20,15:28:48.110000,10621,10622,10622,1
2019-06-20,15:28:48.360000,10622,10623,10622,1
2019-06-20,15:28:51.207000,10621,10622,10622,1
2019-06-20,15:28:51.207000,10621,10622,10623,4
2019-06-20,15:28:53.423000,10621,10622,10622,2
2019-06-20,15:28:54.252000,10622,10623,10623,1
2019-06-20,15:28:56.038000,10622,10623,10623,1
2019-06-20,15:28:57.994000,10622,10623,10622,1
2019-06-20,15:29:04.397000,10622,10623,10623,1
2019-06-20,15:29:07.159000,10622,10623,10623,3
2019-06-20,15:29:07.463000,10622,10623,10623,1
2019-06-20,15:29:08.780000,10622,10623,10623,1
2019-06-20,15:29:14.127000,10622,10623,10623,1
2019-06-20,15:29:15.841000,10622,10623,10623,1
2019-06-20,15:29:16.054000,10622,10623,10623,1
2019-06-20,15:29:17.733000,10622,10623,10623,1
2019-06-20,15:29:17.785000,10622,10623,10623,5
2019-06-20,15:29:17.897000,10622,10623,10623,5
2019-06-20,15:29:18.627000,10622,10623,10623,1
2019-06-20,15:29:19.127000,10622,10623,10623,5
2019-06-20,15:29:19.743000,10622,10623,10623,3
2019-06-20,15:29:23.244000,10622,10623,10623,1
2019-06-20,15:29:27.483000,10622,10623,10623,1
2019-06-20,15:29:29.010000,10622,10623,10623,1
2019-06-20,15:29:30.519000,10622,10623,10623,1
2019-06-20,15:29:32.544000,10622,10623,10622,5
2019-06-20,15:29:33.576000,10622,10623,10623,1
2019-06-20,15:29:34.032000,10622,10623,10623,2
2019-06-20,15:29:37.722000,10622,10623,10623,1
2019-06-20,15:29:42.778000,10622,10623,10623,1
2019-06-20,15:29:46.676000,10622,10623,10623,10
2019-06-20,15:29:47.396000,10622,10623,10622,1
2019-06-20,15:29:49.336000,10622,10623,10623,5
2019-06-20,15:29:49.433000,10622,10623,10623,1
2019-06-20,15:29:54.207000,10622,10623,10623,1
2019-06-20,15:29:54.244000,10622,10623,10623,6
2019-06-20,15:29:54.272000,10622,10623,10623,1
2019-06-20,15:29:54.360000,10623,10624,10623,1
2019-06-20,15:29:54.575000,10623,10624,10623,1
2019-06-20,15:29:56.262000,10623,10624,10623,1
2019-06-20,15:29:56.262000,10623,10624,10623,1
2019-06-20,15:29:56.275000,10623,10624,10623,1
2019-06-20,15:29:56.860000,10623,10624,10623,1
2019-06-20,15:29:57.610000,10623,10624,10623,1
2019-06-20,15:30:01.075000,10622,10623,10623,2
2019-06-20,15:30:01.077000,10622,10623,10623,2
2019-06-20,15:30:01.240000,10622,10623,10623,12
2019-06-20,15:30:01.245000,10622,10623,10623,7
2019-06-20,15:30:01.245000,10622,10623,10624,1
2019-06-20,15:30:01.301000,10622,10623,10624,1
2019-06-20,15:30:01.316000,10622,10623,10624,1
2019-06-20,15:30:01.363000,10622,10624,10624,2
2019-06-20,15:30:01.383000,10622,10624,10624,8
2019-06-20,15:30:01.385000,10622,10624,10624,2
2019-06-20,15:30:01.395000,10622,10624,10624,6
2019-06-20,15:30:01.475000,10622,10624,10624,2
2019-06-20,15:30:01.503000,10622,10624,10624,4
2019-06-20,15:30:01.517000,10622,10624,10624,2
2019-06-20,15:30:01.521000,10622,10624,10624,2
2019-06-20,15:30:01.564000,10622,10624,10623,2
2019-06-20,15:30:01.572000,10622,10624,10625,6
2019-06-20,15:30:01.648000,10623,10625,10624,1
2019-06-20,15:30:01.666000,10623,10625,10624,1
2019-06-20,15:30:01.695000,10623,10625,10625,2
2019-06-20,15:30:01.770000,10623,10625,10625,1
2019-06-20,15:30:01.827000,10623,10625,10625,1
2019-06-20,15:30:01.879000,10624,10625,10625,1
2019-06-20,15:30:01.901000,10624,10625,10625,1
2019-06-20,15:30:01.966000,10624,10625,10625,1
2019-06-20,15:30:02.300000,10624,10625,10624,2
2019-06-20,15:30:02.305000,10624,10625,10624,1
2019-06-20,15:30:02.360000,10624,10625,10624,2
2019-06-20,15:30:02.595000,10623,10624,10625,1
2019-06-20,15:30:02.857000,10623,10625,10625,1
2019-06-20,15:30:03.485000,10623,10625,10625,1
2019-06-20,15:30:04.436000,10623,10625,10625,1
2019-06-20,15:30:04.814000,10623,10625,10625,1
2019-06-20,15:30:05.334000,10624,10625,10625,2
2019-06-20,15:30:06.029000,10624,10625,10624,1
2019-06-20,15:30:06.235000,10623,10624,10624,1
2019-06-20,15:30:06.627000,10623,10624,10623,1
2019-06-20,15:30:06.770000,10623,10624,10624,1
2019-06-20,15:30:09.168000,10623,10624,10624,2
2019-06-20,15:30:09.235000,10624,10625,10624,1
2019-06-20,15:30:12.433000,10623,10624,10624,2
2019-06-20,15:30:13.413000,10623,10624,10624,1
2019-06-20,15:30:13.735000,10624,10625,10624,5
2019-06-20,15:30:14.110000,10624,10625,10624,2
2019-06-20,15:30:15.846000,10624,10625,10624,1
2019-06-20,15:30:16.147000,10624,10625,10624,1
2019-06-20,15:30:16.462000,10624,10625,10624,1
2019-06-20,15:30:16.665000,10623,10624,10624,1
2019-06-20,15:30:19.128000,10623,10624,10624,2
2019-06-20,15:30:19.566000,10623,10624,10624,1
2019-06-20,15:30:19.610000,10624,10625,10624,1
2019-06-20,15:30:20.208000,10624,10625,10624,1
2019-06-20,15:30:20.235000,10624,10625,10624,1
2019-06-20,15:30:23.049000,10623,10624,10624,1
2019-06-20,15:30:23.922000,10623,10624,10624,3
2019-06-20,15:30:24.538000,10624,10625,10624,3
2019-06-20,15:30:27.257000,10624,10625,10624,1
2019-06-20,15:30:27.644000,10623,10625,10625,1
2019-06-20,15:30:38.436000,10624,10625,10625,1
2019-06-20,15:30:41.863000,10624,10625,10625,2
2019-06-20,15:30:42.117000,10624,10625,10625,2
2019-06-20,15:30:42.153000,10624,10625,10625,2
2019-06-20,15:30:42.154000,10624,10625,10625,1
2019-06-20,15:30:42.154000,10624,10625,10625,2
2019-06-20,15:30:42.154000,10624,10625,10625,1
2019-06-20,15:30:42.155000,10624,10625,10625,2
2019-06-20,15:30:42.155000,10624,10625,10625,1
2019-06-20,15:30:42.155000,10624,10625,10625,1
2019-06-20,15:30:42.155000,10624,10625,10625,2
2019-06-20,15:30:42.155000,10624,10625,10625,1
2019-06-20,15:30:42.155000,10624,10625,10625,1
2019-06-20,15:30:42.155000,10624,10625,10625,2
2019-06-20,15:30:42.155000,10624,10625,10625,1
2019-06-20,15:30:42.155000,10624,10625,10625,1
2019-06-20,15:30:42.155000,10624,10625,10625,1
2019-06-20,15:30:42.155000,10624,10625,10625,1
2019-06-20,15:30:42.434000,10625,10626,10626,1
2019-06-20,15:30:42.644000,10625,10626,10626,2
2019-06-20,15:30:43.075000,10625,10626,10626,1
2019-06-20,15:30:43.225000,10625,10626,10626,1
2019-06-20,15:30:43.402000,10625,10626,10625,6
2019-06-20,15:30:43.414000,10625,10626,10626,1
2019-06-20,15:30:46.613000,10625,10626,10625,1
2019-06-20,15:30:47.988000,10625,10626,10626,1
2019-06-20,15:30:53.196000,10625,10626,10626,1
2019-06-20,15:30:54.308000,10625,10626,10626,2
2019-06-20,15:30:54.420000,10625,10626,10626,1
2019-06-20,15:30:54.631000,10625,10626,10626,1
2019-06-20,15:30:55.475000,10625,10626,10625,1
2019-06-20,15:30:56.425000,10625,10626,10626,1
2019-06-20,15:30:56.989000,10625,10626,10626,1
2019-06-20,15:30:57.094000,10625,10626,10626,1
2019-06-20,15:30:57.251000,10625,10626,10625,1
2019-06-20,15:30:57.332000,10625,10626,10626,1
2019-06-20,15:30:57.745000,10625,10626,10625,1
2019-06-20,15:30:57.828000,10625,10626,10625,1
2019-06-20,15:30:58.759000,10625,10626,10626,2
2019-06-20,15:30:59.269000,10625,10626,10626,1
2019-06-20,15:30:59.612000,10625,10626,10626,2
2019-06-20,15:31:01.439000,10625,10626,10626,10
2019-06-20,15:31:01.884000,10625,10626,10626,1
2019-06-20,15:31:01.899000,10625,10626,10626,1
2019-06-20,15:31:01.924000,10625,10626,10626,1
2019-06-20,15:31:02.052000,10625,10626,10626,2
2019-06-20,15:31:02.052000,10625,10626,10627,1
2019-06-20,15:31:02.465000,10626,10627,10627,1
2019-06-20,15:31:02.476000,10626,10627,10627,1
2019-06-20,15:31:03.317000,10626,10627,10626,3
2019-06-20,15:31:06.238000,10626,10627,10626,1
2019-06-20,15:31:07.002000,10626,10627,10626,2
2019-06-20,15:31:08.391000,10626,10627,10626,3
2019-06-20,15:31:09.176000,10626,10627,10627,1
2019-06-20,15:31:09.350000,10626,10627,10627,2
2019-06-20,15:31:09.588000,10626,10627,10626,1
2019-06-20,15:31:10.394000,10626,10627,10627,1
2019-06-20,15:31:12.438000,10626,10627,10627,1
2019-06-20,15:31:13.422000,10626,10627,10627,1
2019-06-20,15:31:13.484000,10626,10627,10626,1
2019-06-20,15:31:14.315000,10626,10627,10627,16
2019-06-20,15:31:14.316000,10626,10627,10627,1
2019-06-20,15:31:15.153000,10626,10627,10627,1
2019-06-20,15:31:16.358000,10627,10628,10627,1
2019-06-20,15:31:16.456000,10626,10628,10626,1
2019-06-20,15:31:16.854000,10626,10627,10626,10
2019-06-20,15:31:17.192000,10626,10627,10627,4
2019-06-20,15:31:18.024000,10626,10627,10627,1
2019-06-20,15:31:18.774000,10626,10627,10627,1
2019-06-20,15:31:20.576000,10626,10627,10627,3
2019-06-20,15:31:22.179000,10626,10627,10627,1
2019-06-20,15:31:22.409000,10626,10627,10627,2
2019-06-20,15:31:22.998000,10626,10627,10627,1
2019-06-20,15:31:23.380000,10626,10627,10627,1
2019-06-20,15:31:23.439000,10626,10627,10627,2
2019-06-20,15:31:24.095000,10626,10627,10626,3
2019-06-20,15:31:24.491000,10626,10627,10627,1
2019-06-20,15:31:26.113000,10626,10627,10627,2
2019-06-20,15:31:31.025000,10626,10627,10626,1
2019-06-20,15:31:31.394000,10626,10627,10626,1
2019-06-20,15:31:32.321000,10626,10627,10626,3
2019-06-20,15:31:33.922000,10626,10627,10627,1
2019-06-20,15:31:35.583000,10626,10627,10626,1
2019-06-20,15:31:36.455000,10626,10627,10627,1
2019-06-20,15:31:39.258000,10626,10627,10627,4
2019-06-20,15:31:39.544000,10626,10627,10627,1
2019-06-20,15:31:41.175000,10626,10627,10626,1
2019-06-20,15:31:43.708000,10626,10627,10627,1
2019-06-20,15:31:46.685000,10626,10627,10626,5
2019-06-20,15:31:46.859000,10626,10627,10627,1
2019-06-20,15:31:49.738000,10626,10627,10626,5
2019-06-20,15:32:00.959000,10626,10627,10626,1
2019-06-20,15:32:01.588000,10626,10627,10627,1
2019-06-20,15:32:01.601000,10626,10627,10627,1
2019-06-20,15:32:03.238000,10626,10627,10626,1
2019-06-20,15:32:05.237000,10626,10627,10626,1
2019-06-20,15:32:06.104000,10626,10627,10626,1
2019-06-20,15:32:06.275000,10626,10627,10626,1
2019-06-20,15:32:07.667000,10626,10627,10626,1
2019-06-20,15:32:07.731000,10626,10627,10626,1
2019-06-20,15:32:08.362000,10626,10627,10626,1
2019-06-20,15:32:08.506000,10626,10627,10627,1
2019-06-20,15:32:08.948000,10626,10627,10626,1
2019-06-20,15:32:09.780000,10626,10627,10626,1
2019-06-20,15:32:10.003000,10626,10627,10626,1
2019-06-20,15:32:10.078000,10626,10627,10626,1
2019-06-20,15:32:10.659000,10626,10627,10626,1
2019-06-20,15:32:10.798000,10626,10627,10627,1
2019-06-20,15:32:12.629000,10626,10627,10626,1
2019-06-20,15:32:13.648000,10626,10627,10626,1
2019-06-20,15:32:14.747000,10626,10627,10626,1
2019-06-20,15:32:15.011000,10626,10627,10627,3
2019-06-20,15:32:17.067000,10626,10627,10626,1
2019-06-20,15:32:17.326000,10626,10627,10626,1
2019-06-20,15:32:18.457000,10626,10627,10626,1
2019-06-20,15:32:18.476000,10626,10627,10627,1
2019-06-20,15:32:24.967000,10626,10627,10626,1
2019-06-20,15:32:26.971000,10626,10627,10627,2
2019-06-20,15:32:28.725000,10626,10627,10627,5
2019-06-20,15:32:29.766000,10626,10627,10627,1
2019-06-20,15:32:33.377000,10626,10627,10627,1
2019-06-20,15:32:33.960000,10626,10627,10627,1
2019-06-20,15:32:39.971000,10626,10627,10627,1
2019-06-20,15:32:41.157000,10626,10627,10627,3
2019-06-20,15:32:46.229000,10626,10627,10627,5
2019-06-20,15:32:46.563000,10626,10627,10627,15
2019-06-20,15:32:46.564000,10626,10627,10627,1
2019-06-20,15:32:46.564000,10626,10627,10627,1
2019-06-20,15:32:52.583000,10627,10628,10628,50
2019-06-20,15:32:52.610000,10627,10628,10628,3
2019-06-20,15:32:52.839000,10628,10629,10629,6
2019-06-20,15:32:52.858000,10628,10629,10629,3
2019-06-20,15:32:52.862000,10628,10629,10629,3
2019-06-20,15:32:52.913000,10628,10629,10629,1
2019-06-20,15:32:54.392000,10628,10629,10629,1
2019-06-20,15:32:54.470000,10628,10629,10629,1
2019-06-20,15:32:56.484000,10628,10629,10629,1
2019-06-20,15:32:57.703000,10628,10629,10629,1
2019-06-20,15:32:57.762000,10628,10629,10629,1
2019-06-20,15:32:57.810000,10628,10629,10629,1
2019-06-20,15:32:58.102000,10628,10629,10629,1
2019-06-20,15:32:58.308000,10628,10629,10629,1
2019-06-20,15:32:58.470000,10628,10629,10629,1
2019-06-20,15:32:59.297000,10628,10629,10629,1
2019-06-20,15:33:01.501000,10628,10629,10629,1
2019-06-20,15:33:01.563000,10628,10629,10628,7
2019-06-20,15:33:01.846000,10628,10629,10629,4
2019-06-20,15:33:02.091000,10628,10629,10629,1
2019-06-20,15:33:02.091000,10628,10629,10629,1
2019-06-20,15:33:02.093000,10628,10629,10629,1
2019-06-20,15:33:02.161000,10628,10629,10628,2
2019-06-20,15:33:02.372000,10628,10629,10628,3
2019-06-20,15:33:03.140000,10628,10629,10629,1
2019-06-20,15:33:04.094000,10628,10629,10629,1
2019-06-20,15:33:04.501000,10628,10629,10629,1
2019-06-20,15:33:06.158000,10628,10629,10629,1
2019-06-20,15:33:06.254000,10628,10629,10629,1
2019-06-20,15:33:06.497000,10628,10629,10629,1
2019-06-20,15:33:07.106000,10628,10629,10629,4
2019-06-20,15:33:07.535000,10628,10629,10628,1
2019-06-20,15:33:08.103000,10628,10629,10629,1
2019-06-20,15:33:09.725000,10628,10629,10628,1
2019-06-20,15:33:11.428000,10628,10629,10628,1
2019-06-20,15:33:12.501000,10628,10629,10629,2
2019-06-20,15:33:14.788000,10628,10629,10629,1
2019-06-20,15:33:17.070000,10628,10629,10629,1
2019-06-20,15:33:17.777000,10628,10629,10628,1
2019-06-20,15:33:19.666000,10628,10629,10629,1
2019-06-20,15:33:20.506000,10628,10629,10629,1
2019-06-20,15:33:24.167000,10628,10629,10628,1
2019-06-20,15:33:25.904000,10628,10629,10628,1
2019-06-20,15:33:26.094000,10628,10629,10628,1
2019-06-20,15:33:26.830000,10628,10629,10629,1
2019-06-20,15:33:31.235000,10628,10629,10629,1
2019-06-20,15:33:33.194000,10628,10629,10629,1
2019-06-20,15:33:34.797000,10628,10629,10629,1
2019-06-20,15:33:35.224000,10628,10629,10629,1
2019-06-20,15:33:37.387000,10628,10629,10629,3
2019-06-20,15:33:37.433000,10628,10629,10629,1
2019-06-20,15:33:39.799000,10628,10629,10629,1
2019-06-20,15:33:39.881000,10628,10629,10628,1
2019-06-20,15:33:40.606000,10628,10629,10629,1
2019-06-20,15:33:40.618000,10628,10629,10629,5
2019-06-20,15:33:41.269000,10628,10629,10629,4
2019-06-20,15:33:42.274000,10628,10629,10629,3
2019-06-20,15:33:43.055000,10628,10629,10629,5
2019-06-20,15:33:43.269000,10628,10629,10629,1
2019-06-20,15:33:43.876000,10628,10629,10628,1
2019-06-20,15:33:44.348000,10628,10629,10629,1
2019-06-20,15:33:44.350000,10628,10629,10629,3
2019-06-20,15:33:44.350000,10628,10629,10629,1
2019-06-20,15:33:49.489000,10629,10630,10630,1
2019-06-20,15:33:49.629000,10629,10630,10630,1
2019-06-20,15:33:55.183000,10629,10630,10630,1
2019-06-20,15:33:56.299000,10629,10630,10630,2
2019-06-20,15:33:57.369000,10629,10630,10630,1
2019-06-20,15:33:57.599000,10629,10630,10630,1
2019-06-20,15:33:57.636000,10629,10630,10630,4
2019-06-20,15:33:57.821000,10629,10630,10630,1
2019-06-20,15:34:00.922000,10629,10630,10630,1
2019-06-20,15:34:01.314000,10629,10630,10630,1
2019-06-20,15:34:01.953000,10629,10630,10630,1
2019-06-20,15:34:02.252000,10629,10630,10630,1
2019-06-20,15:34:02.397000,10629,10630,10630,1
2019-06-20,15:34:04.014000,10629,10630,10630,1
2019-06-20,15:34:04.193000,10629,10630,10630,2
2019-06-20,15:34:04.364000,10629,10630,10630,1
2019-06-20,15:34:04.537000,10629,10630,10629,5
2019-06-20,15:34:04.991000,10629,10630,10630,1
2019-06-20,15:34:05.179000,10629,10630,10630,1
2019-06-20,15:34:05.633000,10629,10630,10630,2
2019-06-20,15:34:05.937000,10629,10630,10630,1
2019-06-20,15:34:05.971000,10629,10630,10630,1
2019-06-20,15:34:06.348000,10629,10630,10630,17
2019-06-20,15:34:06.360000,10629,10630,10630,1
2019-06-20,15:34:06.360000,10629,10630,10630,1
2019-06-20,15:34:06.402000,10629,10630,10630,1
2019-06-20,15:34:08.977000,10629,10630,10630,8
2019-06-20,15:34:10.057000,10629,10630,10630,1
2019-06-20,15:34:10.262000,10629,10630,10630,2
2019-06-20,15:34:10.689000,10629,10630,10630,1
2019-06-20,15:34:10.735000,10629,10630,10630,1
2019-06-20,15:34:10.942000,10629,10630,10630,1
2019-06-20,15:34:11.767000,10629,10630,10630,1
2019-06-20,15:34:12.913000,10630,10631,10630,1
2019-06-20,15:34:14.695000,10630,10631,10630,1
2019-06-20,15:34:14.738000,10630,10631,10630,1
2019-06-20,15:34:16.250000,10630,10631,10630,1
2019-06-20,15:34:17.956000,10630,10631,10631,1
2019-06-20,15:34:18.010000,10630,10631,10631,1
2019-06-20,15:34:18.048000,10630,10631,10631,3
2019-06-20,15:34:18.066000,10630,10631,10630,1
2019-06-20,15:34:18.173000,10630,10631,10631,2
2019-06-20,15:34:18.846000,10630,10631,10631,1
2019-06-20,15:34:20.494000,10630,10631,10630,1
2019-06-20,15:34:21.921000,10630,10631,10630,1
2019-06-20,15:34:23.778000,10630,10631,10631,4
2019-06-20,15:34:24.347000,10630,10631,10631,1
2019-06-20,15:34:26.722000,10630,10631,10631,1
2019-06-20,15:34:30.091000,10630,10631,10631,1
2019-06-20,15:34:31.338000,10630,10631,10631,1
2019-06-20,15:34:31.776000,10630,10631,10631,1
2019-06-20,15:34:32.074000,10630,10631,10631,1
2019-06-20,15:34:33.920000,10630,10631,10630,2
2019-06-20,15:34:38.587000,10630,10631,10630,1
2019-06-20,15:34:39.739000,10630,10631,10631,1
2019-06-20,15:34:40.316000,10630,10631,10631,1
2019-06-20,15:34:44.409000,10630,10631,10631,1
2019-06-20,15:34:45.870000,10630,10631,10631,1
2019-06-20,15:34:48.763000,10630,10631,10631,2
2019-06-20,15:34:49.420000,10630,10631,10631,1
2019-06-20,15:34:49.481000,10630,10631,10631,5
2019-06-20,15:34:50.517000,10630,10631,10630,1
2019-06-20,15:34:52.490000,10630,10631,10630,1
2019-06-20,15:34:53.574000,10630,10631,10631,9
2019-06-20,15:34:54.843000,10630,10631,10631,1
2019-06-20,15:34:55.996000,10630,10631,10630,2
2019-06-20,15:34:56.338000,10630,10631,10630,8
2019-06-20,15:34:56.360000,10630,10631,10630,9
2019-06-20,15:34:56.360000,10630,10631,10630,3
2019-06-20,15:34:56.360000,10630,10631,10630,4
2019-06-20,15:34:56.552000,10629,10630,10630,1
2019-06-20,15:34:56.579000,10629,10630,10629,1
2019-06-20,15:34:57.111000,10629,10630,10630,1
2019-06-20,15:34:57.196000,10629,10630,10630,1
2019-06-20,15:34:58.390000,10629,10630,10630,1
2019-06-20,15:34:58.779000,10629,10630,10630,1
2019-06-20,15:34:58.910000,10629,10630,10630,4
2019-06-20,15:34:59.197000,10629,10630,10630,1
2019-06-20,15:34:59.277000,10629,10630,10630,1
2019-06-20,15:34:59.686000,10629,10630,10630,1
2019-06-20,15:35:00.938000,10629,10630,10630,1
2019-06-20,15:35:00.969000,10629,10630,10630,1
2019-06-20,15:35:01.512000,10629,10630,10630,1
2019-06-20,15:35:01.654000,10629,10630,10630,1
2019-06-20,15:35:01.708000,10629,10630,10630,1
2019-06-20,15:35:02.364000,10629,10630,10630,2
2019-06-20,15:35:03.992000,10630,10631,10630,1
2019-06-20,15:35:04.405000,10630,10631,10630,2
2019-06-20,15:35:05.106000,10630,10631,10630,8
2019-06-20,15:35:05.454000,10629,10630,10630,1
2019-06-20,15:35:05.564000,10629,10630,10630,1
2019-06-20,15:35:05.676000,10629,10630,10630,1
2019-06-20,15:35:05.778000,10629,10630,10630,1
2019-06-20,15:35:06.371000,10629,10630,10630,1
2019-06-20,15:35:06.461000,10629,10630,10629,5
2019-06-20,15:35:07.738000,10629,10630,10630,19
2019-06-20,15:35:08.048000,10630,10631,10630,2
2019-06-20,15:35:09.316000,10630,10631,10630,1
2019-06-20,15:35:10.420000,10630,10631,10630,1
2019-06-20,15:35:11.100000,10630,10631,10630,1
2019-06-20,15:35:12.163000,10630,10631,10630,1
2019-06-20,15:35:12.742000,10630,10631,10630,1
2019-06-20,15:35:12.828000,10630,10631,10631,1
2019-06-20,15:35:12.964000,10630,10631,10630,1
2019-06-20,15:35:14.778000,10630,10631,10630,1
2019-06-20,15:35:17.114000,10630,10631,10630,1
2019-06-20,15:35:17.368000,10630,10631,10630,1
2019-06-20,15:35:22.151000,10629,10630,10630,1
2019-06-20,15:35:22.465000,10629,10630,10630,11
2019-06-20,15:35:23.358000,10630,10631,10630,1
2019-06-20,15:35:23.428000,10630,10631,10630,1
2019-06-20,15:35:24.066000,10630,10631,10631,1
2019-06-20,15:35:24.287000,10630,10631,10630,1
2019-06-20,15:35:24.630000,10630,10631,10630,1
2019-06-20,15:35:25.030000,10630,10631,10631,1
2019-06-20,15:35:25.502000,10630,10631,10630,1
2019-06-20,15:35:29.579000,10630,10631,10630,5
2019-06-20,15:35:30.246000,10630,10631,10630,1
2019-06-20,15:35:30.667000,10630,10631,10630,1
2019-06-20,15:35:30.947000,10630,10631,10630,1
2019-06-20,15:35:31.046000,10630,10631,10631,1
2019-06-20,15:35:31.148000,10630,10631,10630,1
2019-06-20,15:35:31.741000,10630,10631,10630,1
2019-06-20,15:35:35.205000,10630,10631,10630,1
2019-06-20,15:35:41.474000,10629,10630,10630,1
2019-06-20,15:35:41.758000,10629,10630,10629,1
2019-06-20,15:35:41.767000,10629,10630,10630,6
2019-06-20,15:35:44.977000,10629,10630,10630,1
2019-06-20,15:35:50.149000,10629,10630,10630,1
2019-06-20,15:35:53.585000,10629,10630,10629,1
2019-06-20,15:35:53.610000,10629,10630,10630,1
2019-06-20,15:35:55.674000,10629,10630,10629,1
2019-06-20,15:35:55.873000,10629,10630,10629,1
2019-06-20,15:35:57.661000,10629,10630,10630,1
2019-06-20,15:36:01.654000,10629,10630,10630,1
2019-06-20,15:36:03.107000,10629,10630,10630,1
2019-06-20,15:36:07.622000,10629,10630,10629,1
2019-06-20,15:36:11.820000,10629,10630,10629,1
2019-06-20,15:36:12.588000,10629,10630,10630,1
2019-06-20,15:36:25.038000,10629,10630,10629,1
2019-06-20,15:36:28.013000,10629,10630,10629,2
2019-06-20,15:36:32.189000,10629,10630,10629,1
2019-06-20,15:36:32.235000,10629,10630,10629,22
2019-06-20,15:36:32.360000,10629,10630,10629,1
2019-06-20,15:36:32.360000,10629,10630,10629,12
2019-06-20,15:36:34.220000,10628,10629,10628,4
2019-06-20,15:36:34.756000,10628,10629,10629,2
2019-06-20,15:36:37.444000,10628,10629,10628,1
2019-06-20,15:36:38.801000,10628,10629,10628,1
2019-06-20,15:36:40.405000,10628,10629,10628,1
2019-06-20,15:36:42.055000,10628,10629,10628,1
2019-06-20,15:36:45.079000,10628,10629,10628,1
2019-06-20,15:36:46.080000,10628,10629,10628,1
2019-06-20,15:36:46.996000,10628,10629,10628,1
2019-06-20,15:36:47.577000,10628,10629,10628,1
2019-06-20,15:36:49.898000,10628,10629,10628,1
2019-06-20,15:36:56.374000,10628,10629,10628,1
2019-06-20,15:37:01.339000,10628,10629,10628,1
2019-06-20,15:37:01.961000,10628,10629,10628,1
2019-06-20,15:37:02.001000,10628,10629,10629,8
2019-06-20,15:37:02.001000,10628,10629,10629,8
2019-06-20,15:37:02.110000,10628,10629,10629,3
2019-06-20,15:37:02.110000,10628,10629,10629,2
2019-06-20,15:37:02.110000,10628,10629,10629,1
2019-06-20,15:37:02.662000,10629,10630,10628,1
2019-06-20,15:37:06.476000,10628,10629,10629,1
2019-06-20,15:37:08.731000,10628,10629,10629,5
2019-06-20,15:37:21.785000,10629,10630,10629,2
2019-06-20,15:37:29.399000,10629,10630,10629,40
2019-06-20,15:37:29.485000,10629,10630,10629,8
2019-06-20,15:37:29.485000,10629,10630,10629,1
2019-06-20,15:37:29.485000,10629,10630,10629,2
2019-06-20,15:37:29.485000,10629,10630,10629,20
2019-06-20,15:37:29.485000,10629,10630,10629,32
2019-06-20,15:37:36.518000,10628,10629,10628,1
2019-06-20,15:37:43.982000,10628,10629,10629,1
2019-06-20,15:37:44.374000,10628,10629,10629,1
2019-06-20,15:37:47.652000,10628,10629,10628,3
2019-06-20,15:37:48.280000,10628,10629,10629,1
2019-06-20,15:37:54.197000,10628,10629,10628,2
2019-06-20,15:37:57.928000,10628,10629,10628,3
2019-06-20,15:37:58.446000,10628,10629,10629,1
2019-06-20,15:38:02.603000,10628,10629,10628,1
2019-06-20,15:38:06.585000,10628,10629,10628,90
2019-06-20,15:38:06.817000,10627,10628,10627,1
2019-06-20,15:38:06.818000,10627,10628,10627,1
2019-06-20,15:38:06.819000,10627,10628,10627,1
2019-06-20,15:38:06.882000,10627,10628,10627,2
2019-06-20,15:38:07.053000,10627,10628,10628,1
2019-06-20,15:38:16.745000,10627,10628,10627,1
2019-06-20,15:38:20.108000,10626,10627,10626,5
2019-06-20,15:38:20.609000,10626,10627,10626,1
2019-06-20,15:38:23.103000,10626,10627,10626,1
2019-06-20,15:38:24.454000,10626,10627,10626,2
2019-06-20,15:38:27.438000,10626,10627,10627,1
2019-06-20,15:38:28.620000,10626,10627,10626,1
2019-06-20,15:38:30.402000,10626,10627,10626,1
2019-06-20,15:38:37.370000,10626,10627,10627,1
2019-06-20,15:38:40.804000,10626,10627,10627,1
2019-06-20,15:38:42.550000,10626,10627,10627,1
2019-06-20,15:38:42.962000,10626,10627,10627,1
2019-06-20,15:38:43.518000,10626,10627,10627,1
2019-06-20,15:38:44.942000,10626,10627,10627,1
2019-06-20,15:38:55.458000,10626,10627,10626,1
2019-06-20,15:39:02.380000,10626,10627,10626,1
2019-06-20,15:39:05.413000,10626,10627,10626,3
2019-06-20,15:39:06.156000,10626,10627,10626,10
2019-06-20,15:39:06.842000,10626,10627,10626,1
2019-06-20,15:39:07.294000,10626,10627,10626,1
2019-06-20,15:39:11.423000,10626,10627,10626,1
2019-06-20,15:39:32.840000,10626,10627,10626,1
2019-06-20,15:39:35.312000,10626,10627,10626,7
2019-06-20,15:39:44.415000,10626,10627,10626,1
2019-06-20,15:39:56.278000,10626,10627,10626,5
2019-06-20,15:39:58.622000,10626,10627,10626,1
2019-06-20,15:39:59.058000,10626,10627,10626,1
2019-06-20,15:40:01.451000,10626,10627,10626,3
2019-06-20,15:40:02.018000,10626,10627,10626,1
2019-06-20,15:40:02.844000,10626,10627,10626,4
2019-06-20,15:40:03.025000,10626,10627,10626,4
2019-06-20,15:40:03.236000,10626,10627,10626,2
2019-06-20,15:40:14.532000,10625,10626,10626,1
2019-06-20,15:40:16.492000,10625,10626,10626,12
2019-06-20,15:40:19.050000,10626,10627,10626,6
2019-06-20,15:40:28.013000,10626,10627,10626,1
2019-06-20,15:40:30.675000,10626,10627,10626,10
2019-06-20,15:40:31.062000,10626,10627,10626,1
2019-06-20,15:40:35.194000,10626,10627,10626,1
2019-06-20,15:40:39.080000,10625,10626,10626,1
2019-06-20,15:40:39.112000,10625,10626,10626,5
2019-06-20,15:40:40.842000,10625,10627,10626,1
2019-06-20,15:40:44.605000,10626,10627,10626,1
2019-06-20,15:40:46.754000,10626,10627,10626,1
2019-06-20,15:40:47.359000,10626,10627,10626,2
2019-06-20,15:40:49.498000,10625,10626,10625,1
2019-06-20,15:40:49.876000,10625,10626,10626,1
2019-06-20,15:40:51.135000,10625,10626,10626,1
2019-06-20,15:41:05.010000,10626,10627,10626,2
2019-06-20,15:41:08.962000,10626,10627,10627,1
2019-06-20,15:41:12.334000,10626,10627,10627,2
2019-06-20,15:41:12.360000,10626,10627,10627,14
2019-06-20,15:41:12.485000,10626,10627,10627,5
2019-06-20,15:41:21.551000,10627,10628,10627,1
2019-06-20,15:41:23.509000,10627,10628,10628,1
2019-06-20,15:41:25.949000,10627,10628,10627,1
2019-06-20,15:41:28.357000,10627,10628,10627,1
2019-06-20,15:41:29.849000,10627,10628,10627,1
2019-06-20,15:41:32.227000,10627,10628,10627,1
2019-06-20,15:41:34.569000,10627,10628,10627,1
2019-06-20,15:41:37.864000,10627,10628,10627,1
2019-06-20,15:41:42.545000,10627,10628,10628,1
2019-06-20,15:41:54.017000,10627,10628,10627,1
2019-06-20,15:42:02.379000,10627,10628,10628,1
2019-06-20,15:42:02.458000,10627,10628,10628,1
2019-06-20,15:42:08.252000,10627,10628,10627,1
2019-06-20,15:42:16.507000,10627,10628,10628,2
2019-06-20,15:42:30.975000,10627,10628,10628,1
2019-06-20,15:42:33.368000,10627,10628,10628,1
2019-06-20,15:42:41.302000,10627,10628,10628,1
2019-06-20,15:42:50.381000,10627,10628,10628,1
2019-06-20,15:42:51.844000,10627,10628,10627,1
2019-06-20,15:42:54.704000,10627,10628,10628,1
2019-06-20,15:42:55.321000,10627,10628,10627,1
2019-06-20,15:42:59.024000,10627,10628,10627,1
2019-06-20,15:43:03.906000,10627,10628,10627,2
2019-06-20,15:43:05.741000,10627,10628,10627,19
2019-06-20,15:43:05.862000,10626,10627,10626,1
2019-06-20,15:43:06.015000,10626,10627,10627,1
2019-06-20,15:43:06.031000,10626,10627,10627,2
2019-06-20,15:43:11.942000,10626,10627,10627,2
2019-06-20,15:43:13.203000,10626,10627,10627,1
2019-06-20,15:43:13.580000,10626,10627,10627,1
2019-06-20,15:43:14.619000,10626,10627,10627,1
2019-06-20,15:43:18.643000,10626,10627,10627,2
2019-06-20,15:43:18.737000,10627,10628,10627,1
2019-06-20,15:43:22.432000,10626,10627,10627,3
2019-06-20,15:43:22.997000,10626,10627,10627,1
2019-06-20,15:43:27.098000,10626,10627,10627,1
2019-06-20,15:43:29.479000,10626,10627,10627,2
2019-06-20,15:43:34.473000,10627,10628,10627,1
2019-06-20,15:43:35.755000,10627,10628,10627,2
2019-06-20,15:43:50.424000,10627,10628,10628,1
2019-06-20,15:43:50.485000,10627,10628,10628,17
2019-06-20,15:43:50.610000,10627,10628,10628,6
2019-06-20,15:43:51.094000,10628,10629,10628,1
2019-06-20,15:43:51.508000,10628,10629,10628,2
2019-06-20,15:43:52.447000,10628,10629,10628,2
2019-06-20,15:43:53.017000,10628,10629,10628,1
2019-06-20,15:43:53.102000,10628,10629,10629,1
2019-06-20,15:43:53.546000,10628,10629,10629,1
2019-06-20,15:43:54.569000,10628,10629,10629,1
2019-06-20,15:44:01.113000,10628,10629,10629,5
2019-06-20,15:44:05.673000,10628,10629,10629,3
2019-06-20,15:44:10.384000,10628,10629,10629,2
2019-06-20,15:44:10.638000,10628,10629,10629,1
2019-06-20,15:44:12.638000,10628,10629,10628,1
2019-06-20,15:44:13.052000,10628,10629,10629,1
2019-06-20,15:44:13.553000,10628,10629,10629,1
2019-06-20,15:44:15.088000,10628,10629,10629,1
2019-06-20,15:44:16.712000,10628,10629,10629,1
2019-06-20,15:44:25.037000,10628,10629,10628,1
2019-06-20,15:44:26.245000,10628,10629,10629,3
2019-06-20,15:44:28.188000,10628,10629,10629,1
2019-06-20,15:44:37.025000,10628,10629,10628,1
2019-06-20,15:44:40.945000,10628,10629,10629,2
2019-06-20,15:44:45.644000,10628,10629,10628,1
2019-06-20,15:44:50.645000,10628,10629,10628,16
2019-06-20,15:44:51.623000,10627,10628,10628,2
2019-06-20,15:44:54.672000,10627,10628,10628,5
2019-06-20,15:44:56.164000,10627,10628,10628,1
2019-06-20,15:44:56.491000,10627,10628,10627,1
2019-06-20,15:44:58.694000,10627,10628,10628,4
2019-06-20,15:45:02.870000,10627,10628,10628,5
2019-06-20,15:45:06.751000,10627,10628,10628,1
2019-06-20,15:45:09.366000,10627,10628,10628,1
2019-06-20,15:45:09.726000,10627,10628,10628,1
2019-06-20,15:45:09.726000,10627,10628,10629,4
2019-06-20,15:45:11.253000,10628,10629,10628,1
2019-06-20,15:45:18.738000,10628,10629,10628,1
2019-06-20,15:45:19.416000,10627,10628,10628,1
2019-06-20,15:45:22.652000,10628,10629,10628,2
2019-06-20,15:45:38.370000,10627,10628,10628,2
2019-06-20,15:45:59.942000,10627,10628,10628,2
2019-06-20,15:46:02.712000,10627,10628,10628,2
2019-06-20,15:46:14.510000,10627,10628,10628,1
2019-06-20,15:46:20.452000,10627,10628,10627,1
2019-06-20,15:46:21.749000,10627,10628,10628,1
2019-06-20,15:46:24.154000,10627,10628,10627,10
2019-06-20,15:46:30.020000,10626,10628,10628,1
2019-06-20,15:46:30.915000,10626,10628,10628,1
2019-06-20,15:46:35.596000,10627,10628,10628,2
2019-06-20,15:46:57.614000,10627,10628,10628,5
2019-06-20,15:47:03.323000,10627,10628,10628,3
2019-06-20,15:47:03.324000,10627,10628,10628,8
2019-06-20,15:47:03.375000,10628,10629,10629,1
2019-06-20,15:47:03.400000,10628,10629,10629,1
2019-06-20,15:47:03.485000,10628,10629,10629,2
2019-06-20,15:47:07.805000,10627,10628,10628,2
2019-06-20,15:47:07.887000,10627,10628,10628,1
2019-06-20,15:47:07.985000,10627,10628,10628,1
2019-06-20,15:47:13.562000,10627,10628,10627,1
2019-06-20,15:47:15.553000,10627,10628,10628,1
2019-06-20,15:47:18.703000,10627,10628,10627,1
2019-06-20,15:47:32.008000,10627,10628,10628,1
2019-06-20,15:47:46.929000,10627,10628,10627,1
2019-06-20,15:47:48.236000,10627,10628,10628,5
2019-06-20,15:47:53.679000,10627,10628,10628,1
2019-06-20,15:47:56.222000,10627,10628,10627,8
2019-06-20,15:47:59.830000,10626,10627,10627,1
2019-06-20,15:48:05.363000,10626,10627,10627,1
2019-06-20,15:48:05.613000,10626,10627,10627,1
2019-06-20,15:48:09.064000,10626,10627,10626,5
2019-06-20,15:48:09.110000,10626,10627,10626,17
2019-06-20,15:48:09.110000,10626,10627,10626,1
2019-06-20,15:48:09.110000,10626,10627,10626,4
2019-06-20,15:48:09.235000,10626,10627,10626,1
2019-06-20,15:48:09.235000,10626,10627,10626,1
2019-06-20,15:48:09.235000,10626,10627,10626,1
2019-06-20,15:48:12.230000,10625,10626,10626,1
2019-06-20,15:48:14.418000,10625,10626,10625,1
2019-06-20,15:48:14.512000,10625,10626,10625,1
2019-06-20,15:48:14.607000,10625,10626,10625,1
2019-06-20,15:48:22.535000,10625,10626,10625,3
2019-06-20,15:48:23.716000,10625,10626,10625,1
2019-06-20,15:48:33.401000,10625,10626,10625,1
2019-06-20,15:48:41.099000,10625,10626,10626,1
2019-06-20,15:48:50.237000,10625,10626,10626,2
2019-06-20,15:48:54.062000,10625,10626,10626,1
2019-06-20,15:48:54.674000,10625,10626,10625,14
2019-06-20,15:48:54.735000,10625,10626,10625,4
2019-06-20,15:48:54.735000,10625,10626,10625,18
2019-06-20,15:48:54.735000,10625,10626,10625,1
2019-06-20,15:48:54.735000,10625,10626,10625,2
2019-06-20,15:48:54.735000,10625,10626,10625,3
2019-06-20,15:48:54.735000,10625,10626,10625,2
2019-06-20,15:48:55.986000,10624,10625,10624,1
2019-06-20,15:48:56.176000,10624,10625,10624,1
2019-06-20,15:48:56.381000,10624,10625,10624,1
2019-06-20,15:48:57.898000,10624,10625,10624,1
2019-06-20,15:48:58.951000,10624,10625,10624,1
2019-06-20,15:49:00.440000,10624,10625,10624,1
2019-06-20,15:49:00.704000,10624,10625,10625,1
2019-06-20,15:49:03.257000,10624,10625,10624,1
2019-06-20,15:49:10.154000,10624,10625,10624,1
2019-06-20,15:49:10.521000,10624,10625,10624,1
2019-06-20,15:49:11.300000,10624,10625,10624,1
2019-06-20,15:49:13.851000,10624,10625,10624,1
2019-06-20,15:49:14.439000,10624,10625,10624,2
2019-06-20,15:49:14.677000,10624,10625,10624,2
2019-06-20,15:49:14.921000,10624,10625,10624,1
2019-06-20,15:49:14.940000,10624,10625,10624,1
2019-06-20,15:49:16.777000,10624,10625,10624,3
2019-06-20,15:49:17.298000,10624,10625,10624,2
2019-06-20,15:49:17.719000,10623,10624,10623,1
2019-06-20,15:49:17.724000,10623,10624,10624,1
2019-06-20,15:49:17.864000,10623,10624,10623,2
2019-06-20,15:49:18.448000,10623,10624,10623,1
2019-06-20,15:49:24.707000,10623,10624,10623,1
2019-06-20,15:49:28.838000,10623,10624,10623,20
2019-06-20,15:49:28.862000,10623,10624,10623,4
2019-06-20,15:49:29.864000,10622,10623,10622,1
2019-06-20,15:49:29.865000,10622,10623,10622,2
2019-06-20,15:49:29.865000,10622,10623,10622,3
2019-06-20,15:49:30.017000,10622,10623,10622,2
2019-06-20,15:49:31.840000,10622,10623,10622,5
2019-06-20,15:49:31.841000,10622,10623,10622,3
2019-06-20,15:49:31.841000,10622,10623,10622,1
2019-06-20,15:49:32.303000,10621,10623,10621,1
2019-06-20,15:49:32.396000,10621,10623,10621,1
2019-06-20,15:49:32.416000,10621,10623,10621,1
2019-06-20,15:49:32.428000,10621,10623,10621,3
2019-06-20,15:49:32.485000,10621,10622,10621,2
2019-06-20,15:49:32.485000,10621,10622,10621,1
2019-06-20,15:49:32.547000,10621,10622,10621,2
2019-06-20,15:49:37.984000,10622,10623,10622,1
2019-06-20,15:49:38.763000,10621,10623,10621,1
2019-06-20,15:49:42.263000,10622,10623,10622,1
2019-06-20,15:49:42.278000,10622,10623,10621,5
2019-06-20,15:49:47.168000,10621,10622,10621,1
2019-06-20,15:49:47.309000,10621,10622,10621,1
2019-06-20,15:49:47.887000,10621,10622,10621,1
2019-06-20,15:49:48.043000,10621,10622,10622,1
2019-06-20,15:49:48.453000,10621,10622,10621,1
2019-06-20,15:49:48.602000,10621,10622,10621,1
2019-06-20,15:49:49.099000,10621,10622,10621,1
2019-06-20,15:49:49.466000,10621,10622,10621,2
2019-06-20,15:49:50.172000,10621,10622,10622,1
2019-06-20,15:49:57.235000,10621,10622,10622,12
2019-06-20,15:49:58.051000,10622,10623,10622,10
2019-06-20,15:49:59.312000,10622,10623,10622,1
2019-06-20,15:50:00.160000,10622,10623,10623,1
2019-06-20,15:50:00.161000,10622,10623,10623,2
2019-06-20,15:50:00.161000,10622,10623,10623,3
2019-06-20,15:50:00.161000,10622,10623,10623,2
2019-06-20,15:50:00.161000,10622,10623,10623,3
2019-06-20,15:50:00.161000,10622,10623,10623,1
2019-06-20,15:50:00.161000,10622,10623,10623,3
2019-06-20,15:50:02.514000,10623,10624,10623,1
2019-06-20,15:50:03.462000,10623,10624,10624,1
2019-06-20,15:50:04.371000,10623,10624,10623,1
2019-06-20,15:50:11.760000,10623,10624,10623,1
2019-06-20,15:50:14.362000,10623,10624,10623,1
2019-06-20,15:50:17.148000,10623,10624,10623,2
2019-06-20,15:50:17.269000,10623,10624,10624,1
2019-06-20,15:50:26.922000,10623,10624,10624,1
2019-06-20,15:50:28.850000,10623,10624,10623,1
2019-06-20,15:50:28.850000,10623,10624,10623,1
2019-06-20,15:50:39.740000,10623,10624,10623,2
2019-06-20,15:50:46.407000,10623,10624,10623,1
2019-06-20,15:50:55.103000,10623,10624,10623,1
2019-06-20,15:51:00.383000,10623,10624,10623,1
2019-06-20,15:51:00.522000,10623,10624,10623,1
2019-06-20,15:51:01.795000,10623,10624,10623,2
2019-06-20,15:51:01.841000,10623,10624,10623,9
2019-06-20,15:51:13.301000,10622,10623,10622,1
2019-06-20,15:51:13.894000,10622,10623,10622,1
2019-06-20,15:51:17.302000,10622,10623,10622,1
2019-06-20,15:51:26.898000,10622,10623,10622,5
2019-06-20,15:51:28.791000,10622,10623,10622,1
2019-06-20,15:51:31.868000,10622,10623,10622,1
2019-06-20,15:51:37.338000,10622,10623,10622,1
2019-06-20,15:51:50.010000,10622,10623,10622,1
2019-06-20,15:51:51.932000,10622,10623,10622,1
2019-06-20,15:51:55.981000,10622,10623,10622,1
2019-06-20,15:51:57.356000,10622,10623,10622,2
2019-06-20,15:52:03.441000,10622,10623,10622,2
2019-06-20,15:52:04.474000,10622,10623,10622,3
2019-06-20,15:52:04.486000,10622,10623,10622,3
2019-06-20,15:52:04.702000,10622,10623,10622,2
2019-06-20,15:52:04.879000,10622,10623,10623,2
2019-06-20,15:52:04.937000,10622,10623,10623,4
2019-06-20,15:52:04.947000,10622,10623,10623,3
2019-06-20,15:52:04.953000,10622,10623,10623,2
2019-06-20,15:52:04.955000,10622,10623,10623,3
2019-06-20,15:52:04.956000,10622,10623,10623,4
2019-06-20,15:52:07.807000,10622,10623,10623,1
2019-06-20,15:52:08.510000,10622,10623,10622,1
2019-06-20,15:52:10.373000,10622,10623,10622,2
2019-06-20,15:52:14.984000,10622,10623,10622,1
2019-06-20,15:52:26.996000,10622,10623,10622,1
2019-06-20,15:52:38.631000,10622,10623,10622,2
2019-06-20,15:52:43.612000,10622,10623,10622,1
2019-06-20,15:52:45.385000,10622,10623,10622,1
2019-06-20,15:52:45.993000,10622,10623,10623,1
2019-06-20,15:52:47.595000,10622,10623,10622,1
2019-06-20,15:52:47.923000,10622,10623,10622,7
2019-06-20,15:52:59.865000,10622,10623,10622,1
2019-06-20,15:53:00.046000,10622,10623,10622,1
2019-06-20,15:53:06.127000,10622,10623,10622,1
2019-06-20,15:53:09.904000,10622,10623,10623,1
2019-06-20,15:53:11.370000,10622,10623,10623,1
2019-06-20,15:53:11.613000,10622,10623,10622,1
2019-06-20,15:53:13.363000,10622,10623,10622,1
2019-06-20,15:53:13.680000,10622,10623,10623,1
2019-06-20,15:53:19.618000,10622,10623,10623,1
2019-06-20,15:53:20.114000,10622,10623,10623,1
2019-06-20,15:53:20.114000,10622,10623,10624,1
2019-06-20,15:53:20.388000,10623,10624,10623,2
2019-06-20,15:53:21.365000,10623,10624,10623,1
2019-06-20,15:53:26.462000,10623,10624,10623,2
2019-06-20,15:53:26.462000,10623,10624,10623,1
2019-06-20,15:53:26.464000,10623,10624,10623,2
2019-06-20,15:53:27.342000,10623,10624,10623,1
2019-06-20,15:53:32.613000,10623,10624,10623,1
2019-06-20,15:53:32.613000,10623,10624,10623,2
2019-06-20,15:53:32.638000,10623,10624,10623,1
2019-06-20,15:53:33.434000,10622,10623,10623,1
2019-06-20,15:53:33.566000,10622,10623,10623,8
2019-06-20,15:53:37.083000,10623,10624,10624,1
2019-06-20,15:53:51.811000,10623,10624,10624,3
2019-06-20,15:53:59.114000,10623,10624,10624,1
2019-06-20,15:54:05.629000,10623,10624,10624,3
2019-06-20,15:54:12.573000,10623,10624,10624,1
2019-06-20,15:54:22.455000,10623,10624,10623,1
2019-06-20,15:54:25.748000,10623,10624,10623,1
2019-06-20,15:54:27.509000,10623,10624,10623,1
2019-06-20,15:54:39.087000,10623,10624,10624,1
2019-06-20,15:54:52.436000,10623,10624,10624,1
2019-06-20,15:55:25.646000,10623,10624,10624,12
2019-06-20,15:55:29.311000,10623,10624,10624,1
2019-06-20,15:55:40.240000,10623,10624,10624,1
2019-06-20,15:55:44.282000,10623,10624,10624,3
2019-06-20,15:55:49.941000,10623,10624,10623,10
2019-06-20,15:55:52.711000,10623,10624,10624,1
2019-06-20,15:55:57.908000,10623,10624,10624,2
2019-06-20,15:55:59.740000,10623,10624,10624,1
2019-06-20,15:56:02.986000,10623,10624,10624,1
2019-06-20,15:56:05.241000,10623,10624,10623,1
2019-06-20,15:56:08.629000,10623,10624,10624,1
2019-06-20,15:56:09.503000,10623,10624,10623,2
2019-06-20,15:56:09.503000,10623,10624,10623,1
2019-06-20,15:56:11.156000,10623,10624,10624,8
2019-06-20,15:56:13.649000,10623,10624,10623,1
2019-06-20,15:56:27.299000,10623,10624,10623,1
2019-06-20,15:56:29.506000,10623,10624,10624,1
2019-06-20,15:56:38.788000,10623,10624,10624,1
2019-06-20,15:56:41.240000,10623,10624,10624,1
2019-06-20,15:56:48.662000,10623,10624,10624,1
2019-06-20,15:56:48.870000,10623,10624,10624,1
2019-06-20,15:56:58.009000,10623,10624,10624,1
2019-06-20,15:56:59.729000,10623,10624,10623,1
2019-06-20,15:57:04.830000,10623,10624,10624,1
2019-06-20,15:57:11.440000,10623,10624,10624,1
2019-06-20,15:57:11.442000,10623,10624,10624,1
2019-06-20,15:57:11.442000,10623,10624,10624,1
2019-06-20,15:57:11.442000,10623,10624,10624,1
2019-06-20,15:57:14.395000,10623,10624,10624,1
2019-06-20,15:57:14.395000,10623,10624,10624,1
2019-06-20,15:57:14.396000,10623,10624,10624,1
2019-06-20,15:57:14.488000,10624,10625,10624,1
2019-06-20,15:57:16.769000,10624,10625,10624,1
2019-06-20,15:57:17.880000,10624,10625,10624,2
2019-06-20,15:57:19.752000,10624,10625,10624,2
2019-06-20,15:57:25.505000,10623,10624,10624,1
2019-06-20,15:57:46.470000,10623,10624,10624,1
2019-06-20,15:57:54.987000,10623,10624,10624,1
2019-06-20,15:57:56.062000,10623,10624,10624,2
2019-06-20,15:57:57.814000,10623,10624,10624,1
2019-06-20,15:57:59.143000,10623,10624,10624,1
2019-06-20,15:58:01.320000,10623,10624,10624,1
