2024-02-29 15:00:00.045,18960,18961,18961,283,283
2024-02-29 15:00:00.046,18960,18961,18961,19,19
2024-02-29 15:00:00.046,18960,18961,18963,2,2
2024-02-29 15:00:00.046,18960,18961,18964,4,4
2024-02-29 15:00:00.046,18960,18961,18960,9,-9
2024-02-29 15:00:00.057,18960,18961,18964,2,2
2024-02-29 15:00:00.081,18959,18964,18961,1,-1
2024-02-29 15:00:00.086,18959,18964,18961,4,-4
2024-02-29 15:00:00.086,18959,18964,18961,1,-1
2024-02-29 15:00:00.087,18959,18964,18960,1,-1
2024-02-29 15:00:00.103,18959,18962,18959,5,-5
2024-02-29 15:00:00.128,18959,18962,18961,5,5
2024-02-29 15:00:00.157,18959,18961,18961,1,1
2024-02-29 15:00:00.253,18959,18961,18962,5,5
2024-02-29 15:00:00.253,18959,18961,18961,2,2
2024-02-29 15:00:00.255,18959,18961,18962,3,3
2024-02-29 15:00:00.310,18960,18963,18961,1,-1
2024-02-29 15:00:00.310,18960,18963,18962,1,1
2024-02-29 15:00:00.315,18960,18963,18962,1,1
2024-02-29 15:00:00.315,18960,18963,18963,2,2
2024-02-29 15:00:00.319,18960,18963,18961,2,-2
2024-02-29 15:00:00.341,18960,18963,18962,2,2
2024-02-29 15:00:00.385,18960,18961,18961,1,1
2024-02-29 15:00:00.385,18960,18961,18962,1,1
2024-02-29 15:00:00.402,18960,18961,18960,1,-1
2024-02-29 15:00:00.408,18960,18961,18960,1,-1
2024-02-29 15:00:00.446,18960,18961,18960,1,-1
2024-02-29 15:00:00.500,18960,18961,18959,1,-1
2024-02-29 15:00:00.500,18960,18961,18960,1,-1
2024-02-29 15:00:00.503,18960,18961,18959,1,-1
2024-02-29 15:00:00.506,18960,18961,18960,1,-1
2024-02-29 15:00:00.506,18960,18961,18961,1,1
2024-02-29 15:00:00.519,18959,18961,18961,1,1
2024-02-29 15:00:00.522,18959,18961,18960,1,1
2024-02-29 15:00:00.557,18959,18961,18960,1,1
2024-02-29 15:00:00.563,18959,18961,18960,1,1
2024-02-29 15:00:00.613,18959,18961,18959,1,-1
2024-02-29 15:00:00.726,18959,18960,18959,1,-1
2024-02-29 15:00:00.775,18958,18959,18959,1,1
2024-02-29 15:00:00.775,18958,18959,18960,1,1
2024-02-29 15:00:00.809,18958,18959,18960,1,1
2024-02-29 15:00:00.919,18959,18960,18959,1,-1
2024-02-29 15:00:00.953,18959,18960,18959,1,-1
2024-02-29 15:00:01.034,18959,18960,18959,1,-1
2024-02-29 15:00:01.218,18959,18960,18960,1,1
2024-02-29 15:00:01.333,18959,18960,18960,2,2
2024-02-29 15:00:01.343,18959,18960,18960,1,1
2024-02-29 15:00:01.344,18959,18960,18960,3,3
2024-02-29 15:00:01.524,18960,18961,18961,1,1
2024-02-29 15:00:01.578,18960,18961,18961,1,1
2024-02-29 15:00:01.578,18960,18961,18962,1,1
2024-02-29 15:00:01.578,18960,18961,18962,2,2
2024-02-29 15:00:01.579,18960,18961,18962,2,2
2024-02-29 15:00:01.580,18960,18961,18963,1,1
2024-02-29 15:00:01.878,18961,18963,18961,1,-1
2024-02-29 15:00:02.144,18961,18963,18961,3,-3
2024-02-29 15:00:02.551,18961,18962,18962,2,2
2024-02-29 15:00:02.692,18963,18964,18963,5,-5
2024-02-29 15:00:02.818,18962,18964,18961,5,-5
2024-02-29 15:00:02.819,18962,18964,18961,5,-5
2024-02-29 15:00:02.853,18962,18964,18960,1,-1
2024-02-29 15:00:02.903,18960,18961,18960,1,-1
2024-02-29 15:00:03.124,18960,18963,18962,1,1
2024-02-29 15:00:03.124,18960,18963,18962,6,6
2024-02-29 15:00:03.422,18960,18962,18960,1,-1
2024-02-29 15:00:03.553,18960,18962,18960,1,-1
2024-02-29 15:00:04.194,18960,18962,18962,1,1
2024-02-29 15:00:05.218,18960,18962,18960,3,-3
2024-02-29 15:00:05.726,18960,18962,18960,3,-3
2024-02-29 15:00:05.993,18960,18961,18961,2,2
2024-02-29 15:00:06.242,18960,18961,18960,3,-3
2024-02-29 15:00:06.242,18960,18961,18960,8,-8
2024-02-29 15:00:06.319,18959,18961,18961,3,3
2024-02-29 15:00:06.319,18959,18961,18962,5,5
2024-02-29 15:00:06.582,18960,18962,18962,1,1
2024-02-29 15:00:06.673,18960,18962,18960,3,-3
2024-02-29 15:00:07.234,18960,18962,18960,3,-3
2024-02-29 15:00:07.335,18960,18962,18961,1,-1
2024-02-29 15:00:10.002,18960,18961,18961,13,13
2024-02-29 15:00:10.022,18961,18962,18961,4,-4
2024-02-29 15:00:10.421,18960,18962,18960,1,-1
2024-02-29 15:00:10.661,18960,18961,18961,1,1
2024-02-29 15:00:11.011,18960,18961,18961,3,3
2024-02-29 15:00:11.739,18960,18961,18961,1,1
2024-02-29 15:00:12.011,18960,18961,18961,2,2
2024-02-29 15:00:13.012,18960,18961,18961,1,1
2024-02-29 15:00:13.943,18960,18961,18960,1,-1
2024-02-29 15:00:14.578,18960,18961,18961,7,7
2024-02-29 15:00:15.012,18960,18961,18961,10,10
2024-02-29 15:00:15.554,18960,18962,18960,1,-1
2024-02-29 15:00:15.732,18960,18962,18960,1,-1
2024-02-29 15:00:15.748,18960,18962,18960,1,-1
2024-02-29 15:00:16.012,18960,18961,18961,4,4
2024-02-29 15:00:16.035,18960,18961,18961,4,4
2024-02-29 15:00:16.228,18961,18962,18961,1,-1
2024-02-29 15:00:17.222,18960,18961,18960,12,-12
2024-02-29 15:00:17.506,18959,18960,18959,4,-4
2024-02-29 15:00:17.658,18958,18959,18959,1,1
2024-02-29 15:00:17.810,18958,18959,18958,6,-6
2024-02-29 15:00:17.851,18958,18959,18958,1,-1
2024-02-29 15:00:19.506,18957,18958,18958,1,1
2024-02-29 15:00:19.639,18957,18958,18957,1,-1
2024-02-29 15:00:19.791,18957,18958,18957,13,-13
2024-02-29 15:00:19.880,18957,18958,18957,1,-1
2024-02-29 15:00:21.805,18956,18957,18956,1,-1
2024-02-29 15:00:21.805,18956,18957,18956,5,-5
2024-02-29 15:00:21.958,18955,18956,18955,1,-1
2024-02-29 15:00:22.088,18955,18956,18955,19,-19
2024-02-29 15:00:22.089,18955,18956,18955,1,-1
2024-02-29 15:00:22.099,18955,18956,18955,5,-5
2024-02-29 15:00:23.017,18954,18955,18954,2,-2
2024-02-29 15:00:23.094,18954,18955,18955,7,7
2024-02-29 15:00:25.019,18955,18956,18956,1,1
2024-02-29 15:00:25.154,18955,18956,18955,1,-1
2024-02-29 15:00:25.961,18955,18956,18955,1,-1
2024-02-29 15:00:25.962,18955,18956,18955,7,-7
2024-02-29 15:00:26.363,18955,18956,18955,2,-2
2024-02-29 15:00:26.991,18955,18956,18955,1,-1
2024-02-29 15:00:27.258,18955,18956,18955,2,-2
2024-02-29 15:00:27.258,18955,18956,18955,3,-3
2024-02-29 15:00:28.414,18954,18955,18954,3,-3
2024-02-29 15:00:29.305,18953,18954,18954,1,1
2024-02-29 15:00:29.923,18953,18954,18954,1,1
2024-02-29 15:00:30.232,18953,18954,18954,3,3
2024-02-29 15:00:30.314,18953,18954,18954,2,2
2024-02-29 15:00:30.314,18953,18954,18954,3,3
2024-02-29 15:00:30.411,18954,18955,18954,1,-1
2024-02-29 15:00:30.641,18953,18955,18955,1,1
2024-02-29 15:00:30.842,18953,18954,18954,1,1
2024-02-29 15:00:33.392,18955,18956,18955,1,-1
2024-02-29 15:00:34.536,18955,18956,18956,1,1
2024-02-29 15:00:34.905,18955,18956,18956,1,1
2024-02-29 15:00:35.741,18955,18956,18956,1,1
2024-02-29 15:00:36.040,18956,18957,18957,2,2
2024-02-29 15:00:37.056,18956,18958,18956,1,-1
2024-02-29 15:00:41.096,18956,18957,18956,4,-4
2024-02-29 15:00:41.097,18956,18957,18956,7,-7
2024-02-29 15:00:41.489,18956,18957,18956,1,-1
2024-02-29 15:00:46.294,18956,18957,18956,1,-1
2024-02-29 15:00:47.712,18956,18957,18956,2,-2
2024-02-29 15:00:48.945,18956,18957,18956,1,-1
2024-02-29 15:00:49.314,18955,18956,18956,1,1
2024-02-29 15:00:49.320,18955,18956,18956,2,2
2024-02-29 15:00:49.905,18956,18957,18956,1,-1
2024-02-29 15:00:51.125,18955,18956,18955,3,-3
2024-02-29 15:00:51.411,18955,18956,18955,10,-10
2024-02-29 15:00:54.235,18954,18955,18954,1,-1
2024-02-29 15:00:56.411,18954,18955,18954,2,-2
2024-02-29 15:00:56.553,18954,18955,18954,4,-4
2024-02-29 15:00:56.553,18954,18955,18954,5,-5
2024-02-29 15:00:56.568,18954,18955,18954,3,-3
2024-02-29 15:00:58.318,18954,18955,18955,3,3
2024-02-29 15:00:58.388,18954,18955,18955,2,2
2024-02-29 15:00:59.732,18954,18955,18954,1,-1
2024-02-29 15:01:00.221,18954,18955,18954,1,-1
2024-02-29 15:01:00.319,18954,18955,18955,1,1
2024-02-29 15:01:00.319,18954,18955,18955,1,1
2024-02-29 15:01:00.319,18954,18955,18955,1,1
2024-02-29 15:01:00.319,18954,18955,18955,1,1
2024-02-29 15:01:00.319,18954,18955,18955,1,1
2024-02-29 15:01:00.319,18954,18955,18956,1,1
2024-02-29 15:01:00.389,18955,18956,18956,1,1
2024-02-29 15:01:00.546,18955,18956,18956,1,1
2024-02-29 15:01:00.587,18955,18956,18955,1,-1
2024-02-29 15:01:00.691,18955,18957,18957,2,2
2024-02-29 15:01:00.721,18955,18957,18957,1,1
2024-02-29 15:01:00.883,18955,18957,18957,1,1
2024-02-29 15:01:01.018,18955,18957,18956,1,1
2024-02-29 15:01:01.087,18955,18957,18955,4,-4
2024-02-29 15:01:01.135,18955,18957,18957,1,1
2024-02-29 15:01:01.162,18955,18957,18957,1,1
2024-02-29 15:01:01.316,18955,18957,18957,1,1
2024-02-29 15:01:01.461,18955,18957,18957,1,1
2024-02-29 15:01:01.601,18955,18957,18957,1,1
2024-02-29 15:01:01.743,18955,18957,18957,1,1
2024-02-29 15:01:03.910,18956,18957,18956,1,-1
2024-02-29 15:01:03.912,18956,18957,18955,7,-7
2024-02-29 15:01:03.912,18956,18957,18955,1,-1
2024-02-29 15:01:07.800,18955,18956,18955,1,-1
2024-02-29 15:01:07.884,18955,18956,18955,1,-1
2024-02-29 15:01:09.756,18955,18956,18955,4,-4
2024-02-29 15:01:09.759,18955,18956,18956,1,1
2024-02-29 15:01:10.370,18955,18956,18956,1,1
2024-02-29 15:01:10.384,18955,18956,18955,1,-1
2024-02-29 15:01:22.504,18955,18956,18955,2,-2
2024-02-29 15:01:23.907,18955,18956,18955,1,-1
2024-02-29 15:01:24.010,18955,18956,18955,1,-1
2024-02-29 15:01:24.010,18955,18956,18956,1,1
2024-02-29 15:01:26.762,18955,18956,18956,1,1
2024-02-29 15:01:29.767,18955,18956,18955,1,-1
2024-02-29 15:01:29.885,18955,18956,18956,1,1
2024-02-29 15:01:31.886,18955,18956,18955,1,-1
2024-02-29 15:01:34.226,18955,18956,18955,1,-1
2024-02-29 15:01:36.655,18955,18956,18955,1,-1
2024-02-29 15:01:38.824,18955,18956,18955,1,-1
2024-02-29 15:01:40.021,18955,18956,18956,1,1
2024-02-29 15:01:40.026,18955,18956,18956,1,1
2024-02-29 15:01:40.249,18955,18956,18955,6,-6
2024-02-29 15:01:40.250,18955,18956,18956,1,1
2024-02-29 15:01:41.394,18954,18955,18954,1,-1
2024-02-29 15:01:41.395,18954,18955,18954,2,-2
2024-02-29 15:01:41.395,18954,18955,18954,1,-1
2024-02-29 15:01:41.411,18954,18955,18955,1,1
2024-02-29 15:01:45.207,18953,18955,18955,1,1
2024-02-29 15:01:54.028,18954,18955,18955,1,1
2024-02-29 15:01:55.745,18954,18955,18954,1,-1
2024-02-29 15:01:58.821,18954,18955,18954,2,-2
2024-02-29 15:01:59.340,18954,18955,18954,1,-1
2024-02-29 15:02:01.328,18954,18955,18954,1,-1
2024-02-29 15:02:01.758,18954,18955,18954,4,-4
2024-02-29 15:02:02.226,18953,18954,18953,1,-1
2024-02-29 15:02:02.344,18953,18954,18953,12,-12
2024-02-29 15:02:02.344,18953,18954,18952,1,-1
2024-02-29 15:02:02.413,18952,18953,18953,1,1
2024-02-29 15:02:04.667,18952,18953,18952,2,-2
2024-02-29 15:02:04.832,18951,18952,18952,1,1
2024-02-29 15:02:07.619,18951,18952,18951,1,-1
2024-02-29 15:02:08.161,18951,18952,18951,5,-5
2024-02-29 15:02:08.404,18951,18952,18952,1,1
2024-02-29 15:02:08.888,18951,18953,18951,1,-1
2024-02-29 15:02:10.985,18951,18952,18952,1,1
2024-02-29 15:02:10.985,18951,18952,18952,1,1
2024-02-29 15:02:11.015,18952,18953,18952,1,-1
2024-02-29 15:02:11.610,18952,18953,18952,1,-1
2024-02-29 15:02:11.851,18952,18953,18952,1,-1
2024-02-29 15:02:14.011,18951,18952,18952,1,1
2024-02-29 15:02:15.276,18951,18953,18953,7,7
2024-02-29 15:02:15.472,18953,18954,18954,6,6
2024-02-29 15:02:16.553,18953,18955,18953,1,-1
2024-02-29 15:02:18.021,18953,18955,18953,4,-4
2024-02-29 15:02:21.384,18953,18954,18953,1,-1
2024-02-29 15:02:23.398,18953,18954,18953,1,-1
2024-02-29 15:02:25.867,18953,18954,18954,1,1
2024-02-29 15:02:27.630,18953,18954,18954,1,1
2024-02-29 15:02:27.631,18953,18954,18954,1,1
2024-02-29 15:02:28.100,18953,18954,18954,1,1
2024-02-29 15:02:28.950,18953,18954,18954,1,1
2024-02-29 15:02:29.070,18954,18955,18955,1,1
2024-02-29 15:02:38.344,18954,18955,18955,1,1
2024-02-29 15:02:41.562,18954,18955,18955,1,1
2024-02-29 15:02:43.460,18953,18955,18955,1,1
2024-02-29 15:02:49.327,18954,18955,18954,2,-2
2024-02-29 15:02:58.034,18954,18955,18955,1,1
2024-02-29 15:03:00.045,18954,18955,18955,2,2
2024-02-29 15:03:00.054,18954,18955,18955,1,1
2024-02-29 15:03:00.069,18954,18955,18955,1,1
2024-02-29 15:03:00.085,18954,18955,18955,1,1
2024-02-29 15:03:00.085,18954,18955,18956,2,2
2024-02-29 15:03:07.063,18954,18955,18955,1,1
2024-02-29 15:03:09.721,18954,18955,18955,1,1
2024-02-29 15:03:11.900,18955,18956,18955,1,-1
2024-02-29 15:03:19.549,18955,18956,18956,1,1
2024-02-29 15:03:19.550,18955,18956,18956,1,1
2024-02-29 15:03:19.667,18956,18957,18956,1,-1
2024-02-29 15:03:21.841,18955,18956,18955,1,-1
2024-02-29 15:03:22.760,18955,18956,18956,1,1
2024-02-29 15:03:25.253,18956,18957,18957,4,4
2024-02-29 15:03:27.104,18957,18958,18958,6,6
2024-02-29 15:03:31.192,18958,18959,18959,1,1
2024-02-29 15:03:33.246,18958,18959,18958,1,-1
2024-02-29 15:03:33.246,18958,18959,18958,2,-2
2024-02-29 15:03:35.970,18958,18959,18958,1,-1
2024-02-29 15:03:36.252,18958,18959,18959,1,1
2024-02-29 15:03:36.606,18958,18959,18958,1,-1
2024-02-29 15:03:37.890,18958,18959,18959,4,4
2024-02-29 15:03:40.268,18958,18959,18958,1,-1
2024-02-29 15:03:43.877,18958,18959,18959,1,1
2024-02-29 15:03:48.050,18958,18959,18959,2,2
2024-02-29 15:03:49.991,18958,18959,18958,1,-1
2024-02-29 15:03:52.077,18958,18959,18959,1,1
2024-02-29 15:03:57.251,18958,18959,18958,3,-3
2024-02-29 15:04:01.697,18957,18958,18957,1,-1
2024-02-29 15:04:05.664,18957,18958,18958,1,1
2024-02-29 15:04:07.263,18957,18958,18958,1,1
2024-02-29 15:04:11.641,18957,18958,18958,3,3
2024-02-29 15:04:11.641,18957,18958,18958,1,1
2024-02-29 15:04:11.641,18957,18958,18958,1,1
2024-02-29 15:04:11.641,18957,18958,18958,1,1
2024-02-29 15:04:13.164,18958,18959,18958,2,-2
2024-02-29 15:04:17.387,18958,18959,18959,1,1
2024-02-29 15:04:20.498,18958,18959,18959,1,1
2024-02-29 15:04:21.894,18958,18959,18959,1,1
2024-02-29 15:04:27.177,18958,18959,18958,1,-1
2024-02-29 15:04:27.224,18958,18959,18959,6,6
2024-02-29 15:04:30.132,18958,18960,18960,1,1
2024-02-29 15:04:31.268,18959,18960,18959,1,-1
2024-02-29 15:04:36.878,18959,18960,18959,1,-1
2024-02-29 15:04:42.864,18959,18960,18960,6,6
2024-02-29 15:04:42.865,18959,18960,18960,1,1
2024-02-29 15:04:43.343,18960,18961,18960,2,-2
2024-02-29 15:04:47.635,18960,18961,18961,1,1
2024-02-29 15:04:47.911,18960,18961,18961,1,1
2024-02-29 15:04:47.999,18960,18961,18960,1,-1
2024-02-29 15:04:48.560,18960,18961,18961,1,1
2024-02-29 15:04:48.784,18960,18961,18960,1,-1
2024-02-29 15:04:49.172,18960,18961,18961,1,1
2024-02-29 15:04:49.497,18960,18961,18961,1,1
2024-02-29 15:04:51.089,18960,18962,18961,1,1
2024-02-29 15:04:52.980,18961,18962,18962,9,9
2024-02-29 15:04:53.049,18961,18962,18962,1,1
2024-02-29 15:04:54.277,18961,18962,18961,1,-1
2024-02-29 15:04:58.627,18961,18962,18962,1,1
2024-02-29 15:05:02.011,18961,18962,18962,1,1
2024-02-29 15:05:03.182,18961,18962,18962,1,1
2024-02-29 15:05:03.269,18961,18962,18962,1,1
2024-02-29 15:05:03.343,18961,18962,18962,1,1
2024-02-29 15:05:10.388,18962,18963,18963,5,5
2024-02-29 15:05:10.561,18962,18963,18963,7,7
2024-02-29 15:05:13.006,18962,18964,18964,12,12
2024-02-29 15:05:17.679,18962,18964,18964,1,1
2024-02-29 15:05:18.980,18962,18964,18964,2,2
2024-02-29 15:05:22.181,18962,18963,18962,4,-4
2024-02-29 15:05:22.667,18961,18962,18961,1,-1
2024-02-29 15:05:22.667,18961,18962,18961,4,-4
2024-02-29 15:05:22.817,18960,18962,18960,1,-1
2024-02-29 15:05:32.220,18960,18961,18960,1,-1
2024-02-29 15:05:34.785,18960,18961,18961,1,1
2024-02-29 15:05:35.686,18960,18961,18961,1,1
2024-02-29 15:05:37.677,18960,18961,18960,1,-1
2024-02-29 15:05:39.047,18960,18961,18961,1,1
2024-02-29 15:05:41.995,18960,18961,18961,1,1
2024-02-29 15:05:46.528,18960,18961,18961,1,1
2024-02-29 15:05:55.353,18960,18961,18961,1,1
2024-02-29 15:05:55.451,18961,18962,18962,5,5
2024-02-29 15:05:57.091,18962,18963,18962,1,-1
2024-02-29 15:05:57.765,18962,18963,18962,2,-2
2024-02-29 15:06:02.367,18962,18963,18963,4,4
2024-02-29 15:06:02.981,18963,18964,18963,5,-5
2024-02-29 15:06:04.335,18963,18964,18964,1,1
2024-02-29 15:06:05.004,18963,18964,18963,1,-1
2024-02-29 15:06:07.489,18963,18964,18963,10,-10
2024-02-29 15:06:07.729,18962,18963,18962,1,-1
2024-02-29 15:06:08.550,18961,18963,18963,1,1
2024-02-29 15:06:08.862,18961,18963,18963,1,1
2024-02-29 15:06:09.606,18961,18963,18963,2,2
2024-02-29 15:06:15.029,18961,18963,18963,1,1
2024-02-29 15:06:16.122,18962,18963,18963,1,1
2024-02-29 15:06:16.660,18962,18963,18963,1,1
2024-02-29 15:06:20.884,18962,18963,18962,1,-1
2024-02-29 15:06:22.558,18962,18963,18962,1,-1
2024-02-29 15:06:27.093,18961,18962,18962,10,10
2024-02-29 15:06:28.372,18961,18963,18962,1,1
2024-02-29 15:06:30.685,18961,18962,18961,5,-5
2024-02-29 15:06:32.033,18960,18961,18961,3,3
2024-02-29 15:06:38.275,18960,18961,18960,1,-1
2024-02-29 15:06:41.261,18960,18961,18960,1,-1
2024-02-29 15:06:41.261,18960,18961,18960,9,-9
2024-02-29 15:06:47.856,18959,18960,18959,2,-2
2024-02-29 15:06:49.144,18959,18960,18960,1,1
2024-02-29 15:06:57.560,18960,18961,18961,4,4
2024-02-29 15:07:13.153,18960,18961,18961,1,1
2024-02-29 15:07:16.625,18960,18961,18961,5,5
2024-02-29 15:07:20.230,18960,18961,18961,4,4
2024-02-29 15:07:21.820,18960,18961,18961,1,1
2024-02-29 15:07:23.549,18961,18962,18962,1,1
2024-02-29 15:07:24.693,18961,18963,18963,1,1
2024-02-29 15:07:25.085,18961,18963,18961,3,-3
2024-02-29 15:07:25.930,18961,18962,18961,1,-1
2024-02-29 15:07:25.930,18961,18962,18961,1,-1
2024-02-29 15:07:30.202,18961,18962,18961,1,-1
2024-02-29 15:07:33.447,18960,18961,18961,2,2
2024-02-29 15:07:33.448,18960,18961,18961,1,1
2024-02-29 15:07:33.448,18960,18961,18961,2,2
2024-02-29 15:07:35.769,18961,18962,18962,1,1
2024-02-29 15:07:40.216,18962,18963,18963,8,8
2024-02-29 15:07:42.990,18963,18964,18964,4,4
2024-02-29 15:07:42.991,18963,18964,18964,10,10
2024-02-29 15:07:44.674,18964,18965,18964,1,-1
2024-02-29 15:07:44.983,18964,18965,18964,1,-1
2024-02-29 15:07:47.026,18963,18965,18965,1,1
2024-02-29 15:07:49.823,18964,18965,18965,1,1
2024-02-29 15:07:51.386,18964,18965,18965,6,6
2024-02-29 15:07:53.313,18965,18966,18966,5,5
2024-02-29 15:07:53.459,18965,18966,18965,1,-1
2024-02-29 15:07:53.866,18965,18966,18965,1,-1
2024-02-29 15:07:54.930,18965,18966,18966,1,1
2024-02-29 15:07:55.476,18965,18966,18965,1,-1
2024-02-29 15:07:55.595,18965,18966,18965,1,-1
2024-02-29 15:07:56.875,18965,18966,18966,1,1
2024-02-29 15:07:57.853,18965,18966,18966,1,1
2024-02-29 15:07:58.035,18965,18966,18966,1,1
2024-02-29 15:07:58.217,18965,18966,18966,1,1
2024-02-29 15:08:00.221,18965,18966,18966,1,1
2024-02-29 15:08:00.757,18966,18967,18966,1,-1
2024-02-29 15:08:02.924,18966,18967,18967,1,1
2024-02-29 15:08:04.120,18966,18967,18967,4,4
2024-02-29 15:08:04.514,18966,18967,18967,5,5
2024-02-29 15:08:05.286,18966,18968,18966,1,-1
2024-02-29 15:08:07.260,18966,18968,18968,1,1
2024-02-29 15:08:07.628,18966,18968,18968,1,1
2024-02-29 15:08:07.756,18966,18968,18968,1,1
2024-02-29 15:08:07.804,18966,18968,18968,1,1
2024-02-29 15:08:08.561,18967,18968,18968,4,4
2024-02-29 15:08:10.313,18967,18968,18968,1,1
2024-02-29 15:08:10.831,18967,18968,18967,1,-1
2024-02-29 15:08:11.157,18967,18968,18967,2,-2
2024-02-29 15:08:11.876,18966,18968,18968,1,1
2024-02-29 15:08:12.159,18966,18968,18968,1,1
2024-02-29 15:08:15.363,18966,18968,18968,2,2
2024-02-29 15:08:16.090,18966,18968,18968,1,1
2024-02-29 15:08:20.225,18966,18967,18967,1,1
2024-02-29 15:08:20.934,18967,18968,18967,1,-1
2024-02-29 15:08:20.934,18967,18968,18966,9,-9
2024-02-29 15:08:21.123,18966,18967,18967,1,1
2024-02-29 15:08:21.611,18966,18967,18967,1,1
2024-02-29 15:08:22.086,18966,18967,18966,6,-6
2024-02-29 15:08:22.347,18965,18966,18965,1,-1
2024-02-29 15:08:22.347,18965,18966,18965,1,-1
2024-02-29 15:08:22.507,18963,18965,18965,1,1
2024-02-29 15:08:23.228,18964,18966,18966,1,1
2024-02-29 15:08:23.873,18964,18966,18964,1,-1
2024-02-29 15:08:25.681,18965,18966,18966,1,1
2024-02-29 15:08:26.002,18965,18966,18966,1,1
2024-02-29 15:08:26.025,18966,18967,18966,1,-1
2024-02-29 15:08:26.127,18966,18967,18967,1,1
2024-02-29 15:08:29.720,18966,18967,18966,1,-1
2024-02-29 15:08:32.758,18966,18967,18967,1,1
2024-02-29 15:08:33.905,18966,18967,18966,1,-1
2024-02-29 15:08:36.946,18966,18967,18966,1,-1
2024-02-29 15:08:37.644,18966,18967,18966,3,-3
2024-02-29 15:08:37.738,18966,18967,18966,1,-1
2024-02-29 15:08:45.173,18966,18967,18966,1,-1
2024-02-29 15:08:45.218,18966,18967,18966,1,-1
2024-02-29 15:08:49.772,18966,18967,18966,1,-1
2024-02-29 15:08:49.879,18966,18967,18967,8,8
2024-02-29 15:08:54.898,18966,18967,18966,1,-1
2024-02-29 15:08:56.354,18966,18967,18966,1,-1
2024-02-29 15:08:58.139,18966,18967,18966,1,-1
2024-02-29 15:08:59.171,18966,18967,18966,1,-1
2024-02-29 15:09:00.450,18966,18967,18967,2,2
2024-02-29 15:09:01.417,18966,18967,18966,1,-1
2024-02-29 15:09:01.897,18966,18967,18966,1,-1
2024-02-29 15:09:01.963,18966,18967,18966,1,-1
2024-02-29 15:09:05.786,18965,18966,18966,1,1
2024-02-29 15:09:06.747,18965,18966,18965,1,-1
2024-02-29 15:09:09.176,18965,18966,18966,1,1
2024-02-29 15:09:09.176,18965,18966,18966,1,1
2024-02-29 15:09:15.310,18966,18967,18966,2,-2
2024-02-29 15:09:17.144,18966,18967,18967,1,1
2024-02-29 15:09:17.144,18966,18967,18967,5,5
2024-02-29 15:09:17.283,18967,18968,18968,1,1
2024-02-29 15:09:20.239,18967,18968,18968,2,2
2024-02-29 15:09:21.292,18968,18969,18968,1,-1
2024-02-29 15:09:22.957,18968,18969,18969,1,1
2024-02-29 15:09:23.563,18968,18969,18969,2,2
2024-02-29 15:09:26.453,18968,18969,18969,8,8
2024-02-29 15:09:27.370,18968,18969,18969,1,1
2024-02-29 15:09:27.759,18968,18969,18969,1,1
2024-02-29 15:09:28.476,18968,18969,18969,1,1
2024-02-29 15:09:29.092,18968,18969,18969,2,2
2024-02-29 15:09:31.892,18968,18969,18969,1,1
2024-02-29 15:09:32.616,18968,18969,18968,1,-1
2024-02-29 15:09:34.256,18968,18969,18969,1,1
2024-02-29 15:09:37.320,18968,18969,18969,1,1
2024-02-29 15:09:39.194,18968,18969,18969,2,2
2024-02-29 15:09:41.624,18968,18969,18969,4,4
2024-02-29 15:09:43.565,18968,18969,18969,2,2
2024-02-29 15:09:48.859,18969,18970,18969,7,-7
2024-02-29 15:09:50.868,18968,18969,18969,1,1
2024-02-29 15:09:52.180,18968,18969,18969,1,1
2024-02-29 15:09:53.129,18968,18969,18969,2,2
2024-02-29 15:09:54.543,18968,18969,18969,1,1
2024-02-29 15:09:55.309,18968,18969,18968,10,-10
2024-02-29 15:10:00.360,18967,18968,18967,1,-1
2024-02-29 15:10:00.399,18966,18968,18966,1,-1
2024-02-29 15:10:01.004,18967,18968,18967,1,-1
2024-02-29 15:10:04.023,18966,18967,18966,1,-1
2024-02-29 15:10:04.024,18966,18967,18966,3,-3
2024-02-29 15:10:14.790,18966,18967,18967,1,1
2024-02-29 15:10:16.293,18966,18967,18967,1,1
2024-02-29 15:10:25.822,18966,18967,18967,4,4
2024-02-29 15:10:28.513,18967,18968,18967,2,-2
2024-02-29 15:10:34.714,18967,18968,18968,3,3
2024-02-29 15:10:44.884,18968,18969,18969,2,2
2024-02-29 15:10:46.346,18968,18969,18968,1,-1
2024-02-29 15:10:49.255,18968,18969,18969,20,20
2024-02-29 15:11:02.414,18969,18970,18969,1,-1
2024-02-29 15:11:02.911,18969,18970,18969,1,-1
2024-02-29 15:11:02.911,18969,18970,18969,3,-3
2024-02-29 15:11:02.929,18969,18970,18969,1,-1
2024-02-29 15:11:03.326,18968,18970,18969,1,-1
2024-02-29 15:11:06.491,18969,18970,18969,1,-1
2024-02-29 15:11:06.493,18969,18970,18968,5,-5
2024-02-29 15:11:13.912,18967,18968,18968,1,1
2024-02-29 15:11:17.645,18967,18968,18967,1,-1
2024-02-29 15:11:19.962,18967,18968,18968,2,2
2024-02-29 15:11:21.236,18967,18968,18967,1,-1
2024-02-29 15:11:29.655,18967,18968,18967,4,-4
2024-02-29 15:11:33.714,18966,18967,18966,3,-3
2024-02-29 15:11:33.714,18966,18967,18966,1,-1
2024-02-29 15:11:35.286,18965,18966,18965,10,-10
2024-02-29 15:11:35.787,18964,18965,18964,1,-1
2024-02-29 15:11:35.787,18964,18965,18964,1,-1
2024-02-29 15:11:36.533,18963,18965,18963,1,-1
2024-02-29 15:11:37.587,18963,18965,18962,30,-30
2024-02-29 15:11:37.587,18963,18965,18963,17,-17
2024-02-29 15:11:37.588,18963,18965,18962,2,-2
2024-02-29 15:11:37.588,18963,18965,18962,2,-2
2024-02-29 15:11:37.589,18963,18965,18962,4,-4
2024-02-29 15:11:37.589,18963,18965,18962,2,-2
2024-02-29 15:11:37.654,18962,18963,18962,1,-1
2024-02-29 15:11:40.797,18962,18963,18962,3,-3
2024-02-29 15:11:40.797,18962,18963,18961,6,-6
2024-02-29 15:11:41.094,18961,18963,18961,1,-1
2024-02-29 15:11:41.503,18962,18963,18962,2,-2
2024-02-29 15:11:44.145,18962,18963,18962,1,-1
2024-02-29 15:11:44.145,18962,18963,18961,4,-4
2024-02-29 15:11:48.383,18962,18963,18962,1,-1
2024-02-29 15:11:49.864,18962,18963,18962,1,-1
2024-02-29 15:11:51.165,18962,18963,18962,11,-11
2024-02-29 15:11:51.165,18962,18963,18961,24,-24
2024-02-29 15:11:51.166,18962,18963,18961,2,-2
2024-02-29 15:11:51.167,18962,18963,18961,22,-22
2024-02-29 15:11:51.168,18962,18963,18961,1,-1
2024-02-29 15:11:52.866,18962,18963,18962,1,-1
2024-02-29 15:11:53.767,18962,18963,18962,1,-1
2024-02-29 15:11:53.768,18962,18963,18962,3,-3
2024-02-29 15:11:56.076,18962,18963,18962,7,-7
2024-02-29 15:11:56.080,18962,18963,18961,1,-1
2024-02-29 15:12:00.028,18961,18962,18961,5,-5
2024-02-29 15:12:01.280,18961,18962,18961,18,-18
2024-02-29 15:12:03.031,18960,18961,18960,1,-1
2024-02-29 15:12:05.461,18960,18961,18960,1,-1
2024-02-29 15:12:05.968,18960,18961,18960,3,-3
2024-02-29 15:12:05.969,18960,18961,18960,6,-6
2024-02-29 15:12:07.259,18959,18960,18959,3,-3
2024-02-29 15:12:07.611,18959,18960,18960,1,1
2024-02-29 15:12:08.447,18959,18960,18959,3,-3
2024-02-29 15:12:09.169,18958,18960,18960,1,1
2024-02-29 15:12:09.933,18958,18960,18960,1,1
2024-02-29 15:12:11.520,18958,18960,18958,13,-13
2024-02-29 15:12:13.822,18958,18959,18958,5,-5
2024-02-29 15:12:13.851,18958,18959,18958,1,-1
2024-02-29 15:12:14.358,18958,18959,18958,1,-1
2024-02-29 15:12:17.183,18958,18959,18959,1,1
2024-02-29 15:12:17.912,18958,18959,18958,4,-4
2024-02-29 15:12:24.334,18958,18959,18959,1,1
2024-02-29 15:12:26.326,18958,18959,18958,12,-12
2024-02-29 15:12:26.855,18958,18959,18959,1,1
2024-02-29 15:12:27.445,18958,18959,18959,1,1
2024-02-29 15:12:30.917,18958,18959,18959,1,1
2024-02-29 15:12:31.109,18958,18959,18959,1,1
2024-02-29 15:12:36.628,18958,18959,18958,1,-1
2024-02-29 15:12:36.914,18958,18959,18959,1,1
2024-02-29 15:12:37.285,18958,18959,18959,1,1
2024-02-29 15:12:38.521,18958,18959,18958,1,-1
2024-02-29 15:12:38.693,18958,18959,18958,1,-1
2024-02-29 15:12:40.124,18958,18959,18958,5,-5
2024-02-29 15:12:42.919,18958,18959,18958,2,-2
2024-02-29 15:12:43.724,18958,18959,18958,4,-4
2024-02-29 15:12:45.110,18958,18959,18957,27,-27
2024-02-29 15:12:45.110,18958,18959,18958,19,-19
2024-02-29 15:12:45.230,18957,18958,18958,1,1
2024-02-29 15:12:45.241,18957,18958,18958,2,2
2024-02-29 15:12:50.794,18957,18958,18958,1,1
2024-02-29 15:12:55.853,18957,18958,18957,1,-1
2024-02-29 15:12:58.184,18957,18958,18957,5,-5
2024-02-29 15:12:58.499,18957,18958,18957,1,-1
2024-02-29 15:12:58.499,18957,18958,18957,4,-4
2024-02-29 15:12:58.514,18956,18957,18956,5,-5
2024-02-29 15:13:00.418,18956,18957,18957,1,1
2024-02-29 15:13:00.805,18956,18957,18956,1,-1
2024-02-29 15:13:00.922,18956,18957,18956,1,-1
2024-02-29 15:13:00.953,18956,18957,18956,1,-1
2024-02-29 15:13:01.441,18956,18957,18957,2,2
2024-02-29 15:13:10.764,18956,18957,18956,1,-1
2024-02-29 15:13:11.844,18956,18957,18956,1,-1
2024-02-29 15:13:11.945,18956,18957,18956,2,-2
2024-02-29 15:13:13.831,18956,18957,18957,1,1
2024-02-29 15:13:31.695,18956,18957,18957,1,1
2024-02-29 15:13:31.759,18956,18957,18956,1,-1
2024-02-29 15:13:33.600,18956,18957,18957,1,1
2024-02-29 15:13:36.806,18956,18957,18956,2,-2
2024-02-29 15:13:38.227,18956,18957,18957,28,28
2024-02-29 15:13:39.777,18957,18958,18958,3,3
2024-02-29 15:13:41.635,18958,18959,18959,2,2
2024-02-29 15:13:44.761,18958,18959,18959,2,2
2024-02-29 15:13:46.969,18959,18960,18960,1,1
2024-02-29 15:13:49.923,18959,18960,18959,1,-1
2024-02-29 15:13:51.120,18959,18960,18959,1,-1
2024-02-29 15:13:55.062,18959,18960,18959,4,-4
2024-02-29 15:13:59.104,18959,18960,18959,1,-1
2024-02-29 15:13:59.827,18959,18960,18959,1,-1
2024-02-29 15:14:01.715,18959,18960,18960,1,1
2024-02-29 15:14:02.535,18959,18960,18960,1,1
2024-02-29 15:14:02.976,18959,18960,18960,1,1
2024-02-29 15:14:03.123,18959,18960,18959,1,-1
2024-02-29 15:14:05.241,18959,18960,18959,16,-16
2024-02-29 15:14:05.241,18959,18960,18958,2,-2
2024-02-29 15:14:55.335,18958,18959,18958,3,-3
2024-02-29 15:14:55.335,18958,18959,18958,3,-3
2024-02-29 15:14:55.335,18958,18959,18958,1,-1
2024-02-29 15:14:55.448,18957,18958,18957,3,-3
2024-02-29 15:14:55.448,18957,18958,18957,1,-1
2024-02-29 15:15:15.668,18956,18957,18957,1,1
2024-02-29 15:15:15.991,18956,18957,18957,1,1
2024-02-29 15:15:16.757,18956,18957,18957,1,1
2024-02-29 15:15:21.319,18956,18957,18957,1,1
2024-02-29 15:15:26.104,18956,18957,18956,3,-3
2024-02-29 15:15:27.481,18956,18957,18956,3,-3
2024-02-29 15:15:33.113,18956,18957,18956,1,-1
2024-02-29 15:15:35.486,18956,18957,18956,1,-1
2024-02-29 15:15:39.172,18956,18957,18957,1,1
2024-02-29 15:15:41.676,18956,18957,18956,10,-10
2024-02-29 15:15:44.190,18956,18957,18957,1,1
2024-02-29 15:15:49.989,18956,18957,18957,9,9
2024-02-29 15:15:53.536,18956,18958,18957,1,1
2024-02-29 15:15:56.885,18957,18958,18957,2,-2
2024-02-29 15:15:57.424,18957,18958,18958,5,5
2024-02-29 15:16:02.535,18958,18959,18959,3,3
2024-02-29 15:16:02.642,18959,18960,18960,1,1
2024-02-29 15:16:02.642,18959,18960,18960,1,1
2024-02-29 15:16:02.673,18959,18960,18961,1,1
2024-02-29 15:16:02.674,18959,18960,18961,1,1
2024-02-29 15:16:02.987,18960,18961,18961,1,1
2024-02-29 15:16:03.020,18960,18961,18960,1,-1
2024-02-29 15:16:03.135,18959,18961,18961,1,1
2024-02-29 15:16:03.135,18959,18961,18961,1,1
2024-02-29 15:16:03.135,18959,18961,18961,1,1
2024-02-29 15:16:04.535,18960,18961,18961,1,1
2024-02-29 15:16:04.839,18960,18961,18960,1,-1
2024-02-29 15:16:10.121,18960,18961,18960,1,-1
2024-02-29 15:16:10.856,18960,18961,18960,1,-1
2024-02-29 15:16:12.534,18960,18961,18960,1,-1
2024-02-29 15:16:12.534,18960,18961,18960,1,-1
2024-02-29 15:16:12.635,18959,18961,18961,1,1
2024-02-29 15:16:12.635,18959,18961,18961,1,1
2024-02-29 15:16:12.635,18959,18961,18961,1,1
2024-02-29 15:16:12.636,18959,18961,18961,1,1
2024-02-29 15:16:12.636,18959,18961,18961,1,1
2024-02-29 15:16:12.637,18959,18961,18962,1,1
2024-02-29 15:16:12.661,18959,18961,18962,1,1
2024-02-29 15:16:23.096,18961,18962,18962,2,2
2024-02-29 15:16:36.674,18961,18962,18962,2,2
2024-02-29 15:16:36.760,18961,18962,18962,1,1
2024-02-29 15:16:36.760,18961,18962,18962,1,1
2024-02-29 15:16:36.760,18961,18962,18962,1,1
2024-02-29 15:16:36.761,18961,18962,18962,1,1
2024-02-29 15:16:36.761,18961,18962,18962,2,2
2024-02-29 15:16:36.761,18961,18962,18962,1,1
2024-02-29 15:16:37.469,18961,18962,18962,1,1
2024-02-29 15:16:37.510,18961,18962,18962,1,1
2024-02-29 15:16:37.510,18961,18962,18962,1,1
2024-02-29 15:16:37.512,18961,18962,18962,1,1
2024-02-29 15:16:42.774,18962,18963,18962,1,-1
2024-02-29 15:16:45.829,18962,18963,18963,1,1
2024-02-29 15:16:46.289,18962,18963,18963,1,1
2024-02-29 15:16:56.658,18962,18963,18962,1,-1
2024-02-29 15:16:58.066,18962,18963,18962,1,-1
2024-02-29 15:17:14.768,18961,18962,18962,1,1
2024-02-29 15:17:15.439,18961,18962,18961,1,-1
2024-02-29 15:17:23.802,18961,18962,18961,1,-1
2024-02-29 15:17:26.189,18961,18962,18961,1,-1
2024-02-29 15:17:35.008,18961,18962,18961,1,-1
2024-02-29 15:17:36.882,18960,18962,18960,1,-1
2024-02-29 15:17:37.030,18960,18962,18960,1,-1
2024-02-29 15:17:39.925,18960,18961,18961,1,1
2024-02-29 15:17:45.572,18960,18961,18960,2,-2
2024-02-29 15:17:48.573,18960,18961,18960,1,-1
2024-02-29 15:17:48.573,18960,18961,18960,5,-5
2024-02-29 15:17:55.528,18959,18960,18959,2,-2
2024-02-29 15:18:02.652,18958,18959,18958,2,-2
2024-02-29 15:18:02.907,18957,18958,18957,2,-2
2024-02-29 15:18:02.907,18957,18958,18957,1,-1
2024-02-29 15:18:03.262,18956,18957,18956,1,-1
2024-02-29 15:18:03.512,18956,18957,18956,1,-1
2024-02-29 15:18:04.315,18956,18957,18956,1,-1
2024-02-29 15:18:06.132,18956,18957,18957,2,2
2024-02-29 15:18:11.861,18957,18958,18957,1,-1
2024-02-29 15:18:37.118,18957,18958,18957,1,-1
2024-02-29 15:18:43.832,18957,18958,18957,2,-2
2024-02-29 15:18:52.476,18957,18958,18957,3,-3
2024-02-29 15:18:53.172,18956,18957,18957,1,1
2024-02-29 15:18:57.427,18956,18957,18956,1,-1
2024-02-29 15:18:59.648,18956,18957,18956,1,-1
2024-02-29 15:19:02.352,18956,18957,18957,4,4
2024-02-29 15:19:03.504,18956,18957,18956,2,-2
2024-02-29 15:19:08.577,18956,18957,18956,11,-11
2024-02-29 15:19:08.830,18956,18957,18956,1,-1
2024-02-29 15:19:11.608,18956,18957,18956,7,-7
2024-02-29 15:19:15.522,18955,18957,18955,2,-2
2024-02-29 15:19:15.528,18955,18957,18955,1,-1
2024-02-29 15:19:15.716,18955,18957,18955,1,-1
2024-02-29 15:19:27.751,18955,18956,18955,2,-2
2024-02-29 15:19:35.383,18955,18956,18955,1,-1
2024-02-29 15:19:36.323,18955,18956,18955,1,-1
2024-02-29 15:19:45.803,18955,18956,18955,2,-2
2024-02-29 15:19:48.995,18955,18956,18956,1,1
2024-02-29 15:19:49.261,18955,18956,18955,1,-1
2024-02-29 15:19:49.446,18955,18956,18956,1,1
2024-02-29 15:19:49.446,18955,18956,18956,1,1
2024-02-29 15:19:49.446,18955,18956,18956,1,1
2024-02-29 15:19:49.446,18955,18956,18956,1,1
2024-02-29 15:19:55.698,18955,18956,18956,3,3
2024-02-29 15:20:03.472,18955,18956,18956,3,3
2024-02-29 15:20:03.988,18955,18956,18955,1,-1
2024-02-29 15:20:09.118,18955,18956,18956,1,1
2024-02-29 15:20:12.665,18955,18956,18956,1,1
2024-02-29 15:20:19.701,18956,18958,18957,1,1
2024-02-29 15:20:21.464,18957,18958,18957,1,-1
2024-02-29 15:20:26.365,18957,18958,18958,1,1
2024-02-29 15:20:26.365,18957,18958,18958,1,1
2024-02-29 15:20:26.365,18957,18958,18958,1,1
2024-02-29 15:20:37.574,18958,18959,18959,1,1
2024-02-29 15:20:40.923,18959,18960,18960,1,1
2024-02-29 15:20:48.700,18960,18961,18960,1,-1
2024-02-29 15:20:57.825,18959,18960,18959,3,-3
2024-02-29 15:21:05.111,18958,18959,18958,5,-5
2024-02-29 15:21:07.177,18957,18959,18957,1,-1
2024-02-29 15:21:12.430,18956,18958,18956,1,-1
2024-02-29 15:21:32.626,18957,18958,18958,3,3
2024-02-29 15:21:43.758,18957,18959,18957,1,-1
2024-02-29 15:21:44.580,18957,18959,18957,1,-1
2024-02-29 15:21:45.557,18957,18959,18957,1,-1
2024-02-29 15:22:11.011,18959,18960,18959,1,-1
2024-02-29 15:22:13.550,18957,18959,18957,2,-2
2024-02-29 15:22:18.856,18958,18959,18959,1,1
2024-02-29 15:22:19.118,18958,18960,18958,1,-1
2024-02-29 15:22:33.869,18959,18960,18960,2,2
2024-02-29 15:22:41.231,18959,18960,18959,1,-1
2024-02-29 15:22:47.028,18958,18959,18959,2,2
2024-02-29 15:22:59.694,18958,18959,18959,1,1
2024-02-29 15:23:13.512,18958,18959,18958,2,-2
2024-02-29 15:23:13.512,18958,18959,18958,1,-1
2024-02-29 15:23:16.370,18957,18958,18957,1,-1
2024-02-29 15:23:16.370,18957,18958,18957,15,-15
2024-02-29 15:23:16.370,18957,18958,18957,4,-4
2024-02-29 15:23:21.768,18956,18957,18957,1,1
2024-02-29 15:23:22.579,18956,18957,18956,1,-1
2024-02-29 15:23:23.834,18956,18957,18957,5,5
2024-02-29 15:23:27.534,18956,18957,18957,1,1
2024-02-29 15:23:27.534,18956,18957,18957,2,2
2024-02-29 15:23:34.571,18957,18958,18957,1,-1
2024-02-29 15:23:40.259,18956,18958,18956,1,-1
2024-02-29 15:23:42.397,18956,18957,18957,1,1
2024-02-29 15:24:12.940,18957,18958,18957,1,-1
2024-02-29 15:24:13.522,18957,18958,18957,1,-1
2024-02-29 15:24:16.528,18957,18958,18958,1,1
2024-02-29 15:24:21.015,18957,18958,18958,1,1
2024-02-29 15:24:21.015,18957,18958,18958,4,4
2024-02-29 15:24:21.132,18958,18959,18959,1,1
2024-02-29 15:24:29.572,18958,18959,18958,1,-1
2024-02-29 15:24:32.121,18958,18959,18958,1,-1
2024-02-29 15:24:34.761,18958,18959,18958,1,-1
2024-02-29 15:24:34.806,18958,18959,18957,1,-1
2024-02-29 15:24:38.730,18957,18958,18958,1,1
2024-02-29 15:25:00.205,18957,18958,18958,1,1
2024-02-29 15:25:00.205,18957,18958,18958,1,1
2024-02-29 15:25:01.040,18958,18959,18958,1,-1
2024-02-29 15:25:14.061,18957,18958,18958,1,1
2024-02-29 15:25:21.618,18958,18959,18958,1,-1
2024-02-29 15:25:23.237,18957,18958,18958,1,1
2024-02-29 15:25:43.501,18957,18958,18958,2,2
2024-02-29 15:25:53.542,18958,18959,18958,1,-1
2024-02-29 15:25:56.585,18958,18959,18958,1,-1
2024-02-29 15:25:59.578,18957,18958,18958,1,1
2024-02-29 15:26:00.222,18957,18958,18957,3,-3
2024-02-29 15:26:01.379,18957,18958,18957,1,-1
2024-02-29 15:26:01.379,18957,18958,18957,4,-4
2024-02-29 15:26:01.607,18956,18957,18956,1,-1
2024-02-29 15:26:01.607,18956,18957,18956,3,-3
2024-02-29 15:26:01.915,18955,18956,18955,1,-1
2024-02-29 15:26:03.886,18956,18958,18958,1,1
2024-02-29 15:26:20.216,18956,18957,18956,3,-3
2024-02-29 15:26:20.217,18956,18957,18956,5,-5
2024-02-29 15:26:30.626,18956,18957,18956,1,-1
2024-02-29 15:26:44.578,18956,18957,18956,1,-1
2024-02-29 15:26:44.578,18956,18957,18955,4,-4
2024-02-29 15:26:50.489,18955,18956,18955,2,-2
2024-02-29 15:26:54.728,18955,18956,18955,1,-1
2024-02-29 15:26:57.148,18955,18956,18955,1,-1
2024-02-29 15:26:57.924,18955,18956,18956,2,2
2024-02-29 15:26:58.275,18955,18956,18956,3,3
2024-02-29 15:26:59.781,18956,18957,18956,1,-1
2024-02-29 15:27:03.607,18956,18957,18957,1,1
2024-02-29 15:27:03.851,18957,18958,18957,1,-1
2024-02-29 15:27:04.036,18957,18958,18957,1,-1
2024-02-29 15:27:04.174,18957,18958,18957,1,-1
2024-02-29 15:27:17.609,18957,18958,18958,1,1
2024-02-29 15:27:19.176,18957,18958,18958,1,1
2024-02-29 15:27:21.664,18957,18958,18958,1,1
2024-02-29 15:27:21.665,18957,18958,18958,3,3
2024-02-29 15:27:21.665,18957,18958,18958,3,3
2024-02-29 15:27:22.008,18958,18959,18958,1,-1
2024-02-29 15:27:38.918,18958,18959,18958,1,-1
2024-02-29 15:27:49.774,18958,18959,18958,1,-1
2024-02-29 15:28:00.261,18958,18959,18958,1,-1
2024-02-29 15:28:00.876,18958,18959,18959,1,1
2024-02-29 15:28:17.603,18958,18959,18959,1,1
2024-02-29 15:28:30.179,18958,18959,18958,2,-2
2024-02-29 15:28:30.179,18958,18959,18958,5,-5
2024-02-29 15:28:30.179,18958,18959,18958,2,-2
2024-02-29 15:28:30.179,18958,18959,18958,1,-1
2024-02-29 15:28:30.179,18958,18959,18958,1,-1
2024-02-29 15:28:30.179,18958,18959,18958,1,-1
2024-02-29 15:28:30.179,18958,18959,18958,3,-3
2024-02-29 15:28:30.179,18958,18959,18958,1,-1
2024-02-29 15:28:30.359,18957,18958,18957,1,-1
2024-02-29 15:28:30.359,18957,18958,18957,2,-2
2024-02-29 15:28:37.298,18957,18958,18957,6,-6
2024-02-29 15:28:42.654,18956,18957,18956,1,-1
2024-02-29 15:28:42.654,18956,18957,18956,1,-1
2024-02-29 15:28:42.808,18955,18956,18955,1,-1
2024-02-29 15:28:48.078,18955,18956,18955,1,-1
2024-02-29 15:29:05.012,18955,18956,18955,2,-2
2024-02-29 15:29:13.610,18955,18956,18956,4,4
2024-02-29 15:29:20.652,18955,18956,18955,16,-16
2024-02-29 15:29:20.890,18954,18955,18954,1,-1
2024-02-29 15:29:21.106,18954,18955,18954,4,-4
2024-02-29 15:29:21.187,18953,18955,18954,1,-1
2024-02-29 15:29:21.187,18953,18955,18955,1,1
2024-02-29 15:29:21.828,18953,18955,18955,1,1
2024-02-29 15:29:28.922,18953,18954,18954,1,1
2024-02-29 15:29:33.162,18954,18955,18954,1,-1
2024-02-29 15:29:42.062,18953,18954,18954,1,1
2024-02-29 15:29:48.146,18953,18954,18953,1,-1
2024-02-29 15:29:49.729,18953,18954,18953,1,-1
2024-02-29 15:29:57.023,18953,18954,18953,2,-2
2024-02-29 15:30:00.049,18953,18954,18953,1,-1
2024-02-29 15:30:00.601,18953,18954,18953,1,-1
2024-02-29 15:30:02.749,18953,18954,18953,1,-1
2024-02-29 15:30:02.979,18953,18954,18953,1,-1
2024-02-29 15:30:03.110,18953,18954,18953,1,-1
2024-02-29 15:30:03.148,18953,18954,18954,2,2
2024-02-29 15:30:03.159,18953,18954,18954,1,1
2024-02-29 15:30:03.606,18953,18954,18953,1,-1
2024-02-29 15:30:05.310,18953,18954,18953,1,-1
2024-02-29 15:30:11.292,18953,18954,18953,1,-1
2024-02-29 15:30:15.322,18953,18954,18953,1,-1
2024-02-29 15:30:18.982,18953,18954,18953,2,-2
2024-02-29 15:30:20.227,18953,18954,18953,1,-1
2024-02-29 15:30:21.054,18953,18954,18953,1,-1
2024-02-29 15:30:32.971,18953,18954,18953,1,-1
2024-02-29 15:30:33.681,18953,18954,18954,1,1
2024-02-29 15:30:33.845,18953,18954,18954,1,1
2024-02-29 15:30:34.499,18953,18954,18954,1,1
2024-02-29 15:30:35.155,18953,18954,18954,2,2
2024-02-29 15:30:35.523,18953,18954,18954,3,3
2024-02-29 15:30:35.523,18953,18954,18954,1,1
2024-02-29 15:30:35.523,18953,18954,18954,1,1
2024-02-29 15:30:37.593,18954,18955,18954,1,-1
2024-02-29 15:30:44.933,18954,18955,18954,1,-1
2024-02-29 15:30:47.182,18953,18954,18954,1,1
2024-02-29 15:30:48.937,18953,18954,18953,1,-1
2024-02-29 15:30:49.497,18953,18954,18954,1,1
2024-02-29 15:30:51.897,18953,18954,18953,15,-15
2024-02-29 15:30:52.068,18952,18953,18952,16,-16
2024-02-29 15:30:52.069,18952,18953,18952,6,-6
2024-02-29 15:30:52.069,18952,18953,18952,1,-1
2024-02-29 15:30:53.856,18951,18952,18951,1,-1
2024-02-29 15:30:57.463,18951,18952,18951,5,-5
2024-02-29 15:30:57.933,18951,18952,18952,4,4
2024-02-29 15:31:00.223,18951,18952,18951,1,-1
2024-02-29 15:31:00.223,18951,18952,18951,6,-6
2024-02-29 15:31:00.597,18950,18952,18950,1,-1
2024-02-29 15:31:00.649,18950,18951,18950,2,-2
2024-02-29 15:31:00.750,18950,18951,18951,2,2
2024-02-29 15:31:01.035,18950,18951,18950,2,-2
2024-02-29 15:31:01.784,18950,18951,18951,1,1
2024-02-29 15:31:07.614,18950,18951,18951,2,2
2024-02-29 15:31:07.666,18951,18953,18951,1,-1
2024-02-29 15:31:10.438,18951,18952,18951,14,-14
2024-02-29 15:31:10.438,18951,18952,18950,10,-10
2024-02-29 15:31:10.510,18950,18952,18952,1,1
2024-02-29 15:31:10.511,18950,18952,18952,1,1
2024-02-29 15:31:10.511,18950,18952,18952,1,1
2024-02-29 15:31:11.489,18950,18952,18950,1,-1
2024-02-29 15:31:11.779,18950,18951,18951,2,2
2024-02-29 15:31:16.831,18951,18953,18951,1,-1
2024-02-29 15:31:18.253,18951,18952,18952,1,1
2024-02-29 15:31:25.405,18951,18952,18952,1,1
2024-02-29 15:31:36.490,18951,18952,18952,2,2
2024-02-29 15:31:36.490,18951,18952,18952,2,2
2024-02-29 15:31:40.212,18952,18953,18952,5,-5
2024-02-29 15:31:41.396,18952,18953,18952,1,-1
2024-02-29 15:31:43.221,18952,18953,18953,1,1
2024-02-29 15:31:51.600,18953,18954,18953,1,-1
2024-02-29 15:31:53.145,18953,18954,18953,1,-1
2024-02-29 15:31:55.056,18952,18953,18953,1,1
2024-02-29 15:32:01.005,18952,18953,18952,1,-1
2024-02-29 15:32:01.086,18951,18952,18952,1,1
2024-02-29 15:32:19.084,18952,18953,18952,1,-1
2024-02-29 15:32:26.803,18952,18953,18953,1,1
2024-02-29 15:32:26.967,18952,18953,18952,1,-1
2024-02-29 15:32:32.071,18952,18953,18952,8,-8
2024-02-29 15:32:33.481,18951,18953,18952,1,-1
2024-02-29 15:32:37.718,18951,18952,18951,6,-6
2024-02-29 15:32:40.216,18951,18952,18951,1,-1
2024-02-29 15:32:40.543,18951,18952,18951,1,-1
2024-02-29 15:32:44.674,18951,18952,18951,2,-2
2024-02-29 15:32:44.674,18951,18952,18950,2,-2
2024-02-29 15:32:48.524,18951,18952,18951,1,-1
2024-02-29 15:32:50.248,18951,18952,18951,3,-3
2024-02-29 15:32:50.942,18950,18951,18950,1,-1
2024-02-29 15:32:52.908,18950,18951,18951,1,1
2024-02-29 15:32:55.318,18950,18951,18950,1,-1
2024-02-29 15:33:04.262,18950,18951,18950,1,-1
2024-02-29 15:33:04.529,18950,18951,18950,4,-4
2024-02-29 15:33:05.350,18950,18951,18950,1,-1
2024-02-29 15:33:05.350,18950,18951,18950,14,-14
2024-02-29 15:33:05.499,18949,18950,18949,1,-1
2024-02-29 15:33:05.504,18949,18950,18949,1,-1
2024-02-29 15:33:05.601,18949,18950,18949,1,-1
2024-02-29 15:33:05.609,18949,18950,18949,1,-1
2024-02-29 15:33:05.742,18949,18950,18949,1,-1
2024-02-29 15:33:09.868,18949,18951,18949,1,-1
2024-02-29 15:33:11.020,18949,18950,18949,1,-1
2024-02-29 15:33:12.033,18949,18950,18949,2,-2
2024-02-29 15:33:16.257,18949,18950,18949,1,-1
2024-02-29 15:33:16.607,18949,18950,18949,3,-3
2024-02-29 15:33:16.712,18949,18950,18949,1,-1
2024-02-29 15:33:19.238,18949,18950,18949,1,-1
2024-02-29 15:33:19.331,18949,18950,18949,1,-1
2024-02-29 15:33:20.219,18949,18950,18949,1,-1
2024-02-29 15:33:20.752,18949,18950,18950,7,7
2024-02-29 15:33:20.752,18949,18950,18950,2,2
2024-02-29 15:33:20.753,18949,18950,18950,1,1
2024-02-29 15:33:23.795,18949,18950,18950,1,1
2024-02-29 15:33:23.876,18949,18950,18950,1,1
2024-02-29 15:33:23.877,18949,18950,18950,3,3
2024-02-29 15:33:23.877,18949,18950,18950,1,1
2024-02-29 15:33:24.868,18949,18950,18950,2,2
2024-02-29 15:33:29.164,18950,18951,18951,1,1
2024-02-29 15:33:31.112,18950,18952,18951,1,1
2024-02-29 15:33:33.652,18950,18952,18951,1,1
2024-02-29 15:33:34.233,18951,18952,18951,5,-5
2024-02-29 15:33:35.714,18950,18952,18951,5,-5
2024-02-29 15:33:39.694,18951,18952,18951,3,-3
2024-02-29 15:33:40.445,18951,18952,18952,2,2
2024-02-29 15:33:55.673,18951,18952,18952,1,1
2024-02-29 15:34:02.069,18951,18952,18951,1,-1
2024-02-29 15:34:02.634,18951,18952,18951,1,-1
2024-02-29 15:34:07.101,18951,18952,18951,1,-1
2024-02-29 15:34:10.564,18951,18952,18952,3,3
2024-02-29 15:34:17.024,18952,18953,18952,3,-3
2024-02-29 15:34:19.741,18952,18953,18953,1,1
2024-02-29 15:34:19.741,18952,18953,18953,6,6
2024-02-29 15:34:27.637,18953,18954,18953,1,-1
2024-02-29 15:34:36.450,18953,18954,18954,1,1
2024-02-29 15:34:43.230,18953,18954,18954,1,1
2024-02-29 15:34:51.245,18954,18955,18954,1,-1
2024-02-29 15:35:00.338,18954,18955,18955,1,1
2024-02-29 15:35:00.338,18954,18955,18955,1,1
2024-02-29 15:35:00.338,18954,18955,18955,1,1
2024-02-29 15:35:00.338,18954,18955,18955,1,1
2024-02-29 15:35:00.397,18955,18956,18956,1,1
2024-02-29 15:35:00.521,18954,18956,18956,2,2
2024-02-29 15:35:01.280,18954,18956,18956,1,1
2024-02-29 15:35:03.233,18954,18956,18956,1,1
2024-02-29 15:35:15.731,18955,18956,18956,3,3
2024-02-29 15:35:19.542,18955,18956,18956,1,1
2024-02-29 15:35:22.741,18955,18957,18957,2,2
2024-02-29 15:35:31.547,18956,18957,18956,1,-1
2024-02-29 15:35:31.547,18956,18957,18955,1,-1
2024-02-29 15:35:33.599,18956,18957,18957,5,5
2024-02-29 15:35:35.398,18956,18957,18956,1,-1
2024-02-29 15:35:35.398,18956,18957,18955,1,-1
2024-02-29 15:35:37.252,18955,18957,18955,1,-1
2024-02-29 15:35:57.131,18955,18956,18955,2,-2
2024-02-29 15:35:57.132,18955,18956,18955,2,-2
2024-02-29 15:36:11.486,18955,18956,18956,1,1
2024-02-29 15:36:14.817,18956,18957,18956,1,-1
2024-02-29 15:36:21.265,18956,18957,18957,2,2
2024-02-29 15:36:21.562,18956,18958,18958,1,1
2024-02-29 15:36:21.575,18956,18958,18957,1,1
2024-02-29 15:36:21.600,18956,18958,18956,1,-1
2024-02-29 15:36:21.882,18956,18958,18958,1,1
2024-02-29 15:36:27.435,18956,18957,18957,2,2
2024-02-29 15:36:48.506,18957,18958,18957,1,-1
2024-02-29 15:36:55.315,18957,18958,18958,1,1
2024-02-29 15:36:55.315,18957,18958,18958,2,2
2024-02-29 15:36:55.315,18957,18958,18958,1,1
2024-02-29 15:36:55.315,18957,18958,18958,8,8
2024-02-29 15:36:55.315,18957,18958,18958,1,1
2024-02-29 15:36:55.315,18957,18958,18958,1,1
2024-02-29 15:36:55.316,18957,18958,18958,3,3
2024-02-29 15:37:02.127,18958,18959,18958,1,-1
2024-02-29 15:37:09.434,18957,18958,18957,1,-1
2024-02-29 15:37:32.745,18957,18958,18957,6,-6
2024-02-29 15:37:32.746,18957,18958,18957,4,-4
2024-02-29 15:37:32.771,18956,18957,18956,3,-3
2024-02-29 15:37:33.017,18956,18957,18956,1,-1
2024-02-29 15:37:33.018,18956,18957,18956,1,-1
2024-02-29 15:37:50.935,18956,18957,18956,1,-1
2024-02-29 15:37:50.935,18956,18957,18956,3,-3
2024-02-29 15:37:59.084,18955,18956,18955,1,-1
2024-02-29 15:38:01.023,18955,18956,18956,1,1
2024-02-29 15:38:01.023,18955,18956,18956,1,1
2024-02-29 15:38:01.024,18955,18956,18956,1,1
2024-02-29 15:38:01.564,18955,18957,18955,1,-1
2024-02-29 15:38:01.652,18955,18957,18955,1,-1
2024-02-29 15:38:11.007,18955,18957,18955,1,-1
2024-02-29 15:38:31.287,18955,18956,18956,1,1
2024-02-29 15:38:42.169,18955,18956,18956,1,1
2024-02-29 15:38:48.271,18956,18957,18956,1,-1
2024-02-29 15:39:03.297,18956,18957,18957,1,1
2024-02-29 15:39:03.468,18956,18957,18956,1,-1
2024-02-29 15:39:08.110,18956,18957,18957,1,1
2024-02-29 15:39:08.200,18956,18957,18957,1,1
2024-02-29 15:39:47.642,18956,18957,18957,2,2
2024-02-29 15:39:49.331,18956,18957,18957,2,2
2024-02-29 15:39:56.457,18956,18957,18956,9,-9
2024-02-29 15:39:57.111,18955,18956,18955,1,-1
2024-02-29 15:39:57.111,18955,18956,18955,6,-6
2024-02-29 15:40:06.821,18955,18956,18955,1,-1
2024-02-29 15:40:07.012,18954,18956,18954,1,-1
2024-02-29 15:40:20.238,18954,18955,18954,2,-2
2024-02-29 15:40:20.334,18954,18955,18954,1,-1
2024-02-29 15:40:28.391,18954,18955,18954,1,-1
2024-02-29 15:40:44.024,18954,18955,18954,4,-4
2024-02-29 15:40:49.743,18954,18955,18954,1,-1
2024-02-29 15:40:51.407,18954,18955,18954,12,-12
2024-02-29 15:40:52.924,18953,18954,18953,10,-10
2024-02-29 15:40:53.086,18952,18954,18954,2,2
2024-02-29 15:40:53.167,18952,18954,18954,2,2
2024-02-29 15:40:53.220,18952,18954,18954,2,2
2024-02-29 15:40:57.199,18952,18954,18954,1,1
2024-02-29 15:41:06.635,18953,18954,18954,1,1
2024-02-29 15:41:06.666,18953,18954,18953,1,-1
2024-02-29 15:41:07.165,18952,18954,18952,1,-1
2024-02-29 15:41:30.473,18953,18954,18954,1,1
2024-02-29 15:41:30.473,18953,18954,18954,1,1
2024-02-29 15:41:48.570,18955,18956,18956,3,3
2024-02-29 15:42:13.421,18956,18957,18957,1,1
2024-02-29 15:42:15.641,18956,18957,18956,5,-5
2024-02-29 15:42:28.889,18956,18957,18957,1,1
2024-02-29 15:42:42.459,18956,18957,18957,1,1
2024-02-29 15:42:43.349,18956,18957,18957,1,1
2024-02-29 15:42:53.217,18956,18957,18957,1,1
2024-02-29 15:42:54.452,18956,18957,18957,1,1
2024-02-29 15:42:57.662,18956,18957,18957,1,1
2024-02-29 15:42:58.213,18956,18957,18957,1,1
2024-02-29 15:43:12.594,18956,18957,18957,1,1
2024-02-29 15:43:13.390,18956,18957,18957,2,2
2024-02-29 15:43:15.124,18957,18958,18958,5,5
2024-02-29 15:43:18.079,18957,18959,18957,1,-1
2024-02-29 15:43:34.038,18958,18959,18959,1,1
2024-02-29 15:43:34.038,18958,18959,18959,3,3
2024-02-29 15:43:34.039,18958,18959,18959,2,2
2024-02-29 15:43:34.039,18958,18959,18959,1,1
2024-02-29 15:43:34.251,18959,18960,18960,3,3
2024-02-29 15:43:34.278,18959,18960,18960,1,1
2024-02-29 15:43:34.378,18959,18960,18960,1,1
2024-02-29 15:43:34.378,18959,18960,18960,2,2
2024-02-29 15:43:34.915,18959,18960,18959,1,-1
2024-02-29 15:43:35.377,18959,18960,18959,1,-1
2024-02-29 15:43:48.195,18959,18960,18959,1,-1
2024-02-29 15:43:52.600,18959,18960,18960,1,1
2024-02-29 15:44:07.100,18959,18960,18959,3,-3
2024-02-29 15:44:07.550,18959,18960,18960,1,1
2024-02-29 15:44:07.728,18959,18960,18960,1,1
2024-02-29 15:44:07.928,18959,18960,18959,1,-1
2024-02-29 15:44:07.982,18959,18960,18960,1,1
2024-02-29 15:44:08.145,18959,18960,18960,1,1
2024-02-29 15:44:08.298,18959,18960,18960,1,1
2024-02-29 15:44:08.459,18959,18960,18960,1,1
2024-02-29 15:44:08.597,18959,18960,18960,1,1
2024-02-29 15:44:08.750,18959,18960,18960,1,1
2024-02-29 15:44:08.911,18959,18960,18960,1,1
2024-02-29 15:44:09.056,18959,18960,18960,1,1
2024-02-29 15:44:09.227,18959,18960,18960,1,1
2024-02-29 15:44:09.397,18959,18960,18960,1,1
2024-02-29 15:44:09.567,18959,18960,18960,1,1
2024-02-29 15:44:09.719,18959,18960,18960,1,1
2024-02-29 15:44:09.748,18959,18960,18960,5,5
2024-02-29 15:44:09.875,18960,18961,18961,1,1
2024-02-29 15:44:10.090,18960,18961,18961,1,1
2024-02-29 15:44:10.587,18959,18961,18959,4,-4
2024-02-29 15:44:24.782,18960,18961,18960,1,-1
2024-02-29 15:44:32.437,18960,18961,18961,1,1
2024-02-29 15:44:32.708,18960,18961,18961,1,1
2024-02-29 15:44:34.331,18960,18961,18960,1,-1
2024-02-29 15:44:37.249,18960,18961,18961,1,1
2024-02-29 15:44:37.744,18960,18961,18961,1,1
2024-02-29 15:44:47.374,18960,18961,18960,3,-3
2024-02-29 15:44:47.784,18958,18960,18960,3,3
2024-02-29 15:44:48.678,18959,18960,18960,1,1
2024-02-29 15:44:59.413,18959,18960,18959,1,-1
2024-02-29 15:45:00.114,18958,18959,18958,1,-1
2024-02-29 15:45:00.114,18958,18959,18958,2,-2
2024-02-29 15:45:00.159,18957,18958,18958,1,1
2024-02-29 15:45:00.159,18957,18958,18958,1,1
2024-02-29 15:45:00.160,18957,18958,18958,1,1
2024-02-29 15:45:00.708,18957,18959,18957,1,-1
2024-02-29 15:45:02.478,18957,18958,18957,1,-1
2024-02-29 15:45:02.478,18957,18958,18957,1,-1
2024-02-29 15:45:02.510,18956,18958,18958,1,1
2024-02-29 15:45:05.748,18956,18958,18958,3,3
2024-02-29 15:45:06.923,18957,18958,18958,3,3
2024-02-29 15:45:06.923,18957,18958,18957,2,-2
2024-02-29 15:45:08.245,18956,18958,18958,3,3
2024-02-29 15:45:08.260,18957,18958,18958,1,1
2024-02-29 15:45:32.001,18957,18958,18958,1,1
2024-02-29 15:45:44.003,18957,18958,18958,1,1
2024-02-29 15:45:44.010,18957,18958,18958,1,1
2024-02-29 15:45:44.011,18957,18958,18958,1,1
2024-02-29 15:45:44.016,18957,18958,18959,1,1
2024-02-29 15:45:52.091,18957,18958,18958,1,1
2024-02-29 15:46:06.721,18958,18959,18958,1,-1
2024-02-29 15:46:17.829,18958,18959,18959,1,1
2024-02-29 15:46:18.018,18959,18960,18960,2,2
2024-02-29 15:46:29.265,18959,18960,18959,2,-2
2024-02-29 15:46:29.265,18959,18960,18959,1,-1
2024-02-29 15:46:30.916,18957,18959,18959,1,1
2024-02-29 15:46:31.010,18957,18959,18959,1,1
2024-02-29 15:46:31.010,18957,18959,18959,1,1
2024-02-29 15:46:37.434,18958,18959,18958,2,-2
2024-02-29 15:46:40.219,18957,18958,18957,1,-1
2024-02-29 15:46:43.546,18956,18958,18958,1,1
2024-02-29 15:46:56.301,18957,18958,18958,1,1
2024-02-29 15:46:59.876,18958,18959,18958,1,-1
2024-02-29 15:47:02.389,18958,18959,18959,1,1
2024-02-29 15:47:18.039,18959,18960,18959,1,-1
2024-02-29 15:47:58.696,18959,18960,18960,1,1
2024-02-29 15:47:58.985,18959,18960,18959,1,-1
2024-02-29 15:48:18.208,18959,18960,18960,1,1
2024-02-29 15:48:18.732,18959,18960,18959,1,-1
2024-02-29 15:48:19.655,18959,18960,18960,5,5
2024-02-29 15:48:19.954,18959,18960,18959,1,-1
2024-02-29 15:48:20.217,18959,18960,18959,4,-4
2024-02-29 15:48:30.624,18956,18958,18956,2,-2
2024-02-29 15:48:33.418,18956,18958,18958,4,4
2024-02-29 15:48:42.094,18957,18958,18957,1,-1
2024-02-29 15:49:21.953,18957,18958,18958,1,1
2024-02-29 15:49:33.659,18958,18959,18958,1,-1
2024-02-29 15:49:36.042,18958,18959,18958,1,-1
2024-02-29 15:49:36.235,18957,18958,18957,1,-1
2024-02-29 15:49:36.236,18957,18958,18957,4,-4
2024-02-29 15:49:40.080,18956,18957,18957,1,1
2024-02-29 15:49:40.886,18956,18958,18958,4,4
2024-02-29 15:49:49.626,18956,18958,18958,9,9
2024-02-29 15:50:00.220,18957,18958,18957,2,-2
2024-02-29 15:50:01.072,18956,18958,18958,2,2
2024-02-29 15:50:01.700,18956,18958,18958,1,1
2024-02-29 15:50:26.103,18956,18957,18956,1,-1
2024-02-29 15:50:26.103,18956,18957,18956,2,-2
2024-02-29 15:50:31.651,18955,18956,18955,1,-1
2024-02-29 15:50:36.197,18955,18956,18955,1,-1
2024-02-29 15:50:37.802,18955,18956,18955,1,-1
2024-02-29 15:50:38.099,18955,18956,18955,1,-1
2024-02-29 15:50:40.231,18954,18955,18954,1,-1
2024-02-29 15:50:40.450,18954,18955,18954,1,-1
2024-02-29 15:50:47.084,18954,18955,18954,6,-6
2024-02-29 15:50:48.558,18953,18954,18953,1,-1
2024-02-29 15:50:48.558,18953,18954,18953,1,-1
2024-02-29 15:50:55.143,18952,18953,18952,4,-4
2024-02-29 15:50:57.780,18952,18953,18953,3,3
2024-02-29 15:51:00.222,18952,18953,18952,6,-6
2024-02-29 15:51:02.563,18952,18953,18952,1,-1
2024-02-29 15:51:04.968,18951,18952,18952,1,1
2024-02-29 15:51:06.159,18951,18952,18952,1,1
2024-02-29 15:51:09.170,18951,18952,18951,1,-1
2024-02-29 15:51:09.278,18951,18952,18951,1,-1
2024-02-29 15:51:11.964,18951,18952,18951,1,-1
2024-02-29 15:51:14.293,18951,18952,18951,1,-1
2024-02-29 15:51:17.870,18951,18952,18951,1,-1
2024-02-29 15:51:20.235,18951,18952,18951,7,-7
2024-02-29 15:51:23.680,18951,18952,18951,1,-1
2024-02-29 15:51:24.100,18951,18952,18951,1,-1
2024-02-29 15:51:24.432,18951,18952,18951,1,-1
2024-02-29 15:51:24.870,18951,18952,18951,1,-1
2024-02-29 15:51:25.899,18951,18952,18951,1,-1
2024-02-29 15:51:26.088,18950,18951,18950,1,-1
2024-02-29 15:51:26.772,18950,18951,18951,4,4
2024-02-29 15:51:29.472,18951,18952,18951,1,-1
2024-02-29 15:51:31.354,18951,18952,18951,1,-1
2024-02-29 15:51:33.624,18951,18952,18951,1,-1
2024-02-29 15:51:34.231,18951,18952,18951,4,-4
2024-02-29 15:51:34.248,18951,18952,18951,4,-4
2024-02-29 15:51:36.760,18951,18952,18952,3,3
2024-02-29 15:51:36.760,18951,18952,18952,1,1
2024-02-29 15:51:36.761,18951,18952,18952,1,1
2024-02-29 15:51:36.761,18951,18952,18952,1,1
2024-02-29 15:51:36.761,18951,18952,18952,1,1
2024-02-29 15:51:36.761,18951,18952,18952,1,1
2024-02-29 15:51:40.133,18951,18952,18952,1,1
2024-02-29 15:51:44.088,18952,18953,18953,2,2
2024-02-29 15:51:50.130,18951,18952,18952,1,1
2024-02-29 15:51:52.890,18951,18952,18952,1,1
2024-02-29 15:51:54.348,18952,18953,18952,2,-2
2024-02-29 15:51:56.831,18952,18953,18952,2,-2
2024-02-29 15:52:00.666,18952,18953,18952,1,-1
2024-02-29 15:52:16.236,18952,18953,18952,5,-5
2024-02-29 15:52:22.095,18952,18953,18952,1,-1
2024-02-29 15:52:36.517,18952,18953,18952,1,-1
2024-02-29 15:52:36.654,18952,18953,18952,4,-4
2024-02-29 15:52:40.225,18952,18953,18952,1,-1
2024-02-29 15:52:42.799,18952,18953,18952,1,-1
2024-02-29 15:52:53.884,18952,18953,18953,1,1
2024-02-29 15:52:57.163,18952,18953,18953,1,1
2024-02-29 15:52:57.163,18952,18953,18953,1,1
2024-02-29 15:52:57.230,18952,18953,18953,1,1
2024-02-29 15:53:11.049,18953,18954,18954,1,1
2024-02-29 15:53:11.649,18953,18954,18953,4,-4
2024-02-29 15:53:12.608,18953,18954,18954,1,1
2024-02-29 15:53:13.679,18953,18955,18954,1,1
2024-02-29 15:53:15.407,18953,18955,18953,1,-1
2024-02-29 15:53:36.900,18953,18954,18954,1,1
2024-02-29 15:53:53.367,18953,18954,18954,1,1
2024-02-29 15:53:58.802,18953,18954,18954,2,2
2024-02-29 15:54:03.632,18954,18955,18954,1,-1
2024-02-29 15:54:15.745,18953,18955,18954,1,-1
2024-02-29 15:54:34.530,18953,18954,18954,1,1
2024-02-29 15:54:52.338,18953,18954,18953,5,-5
2024-02-29 15:54:52.339,18953,18954,18953,2,-2
2024-02-29 15:54:52.339,18953,18954,18953,1,-1
2024-02-29 15:54:52.339,18953,18954,18953,10,-10
2024-02-29 15:54:59.197,18952,18953,18952,1,-1
2024-02-29 15:55:00.228,18952,18953,18952,2,-2
2024-02-29 15:55:00.651,18952,18953,18952,1,-1
2024-02-29 15:55:01.548,18951,18953,18951,1,-1
2024-02-29 15:55:03.526,18951,18953,18951,1,-1
2024-02-29 15:55:14.977,18951,18952,18951,4,-4
2024-02-29 15:55:20.070,18951,18952,18952,1,1
2024-02-29 15:55:27.548,18952,18953,18952,1,-1
2024-02-29 15:55:29.761,18952,18953,18952,3,-3
2024-02-29 15:55:29.780,18952,18953,18952,1,-1
2024-02-29 15:55:40.215,18951,18952,18951,2,-2
2024-02-29 15:55:52.563,18951,18952,18951,1,-1
2024-02-29 15:55:52.564,18951,18952,18951,1,-1
2024-02-29 15:56:02.374,18951,18952,18952,1,1
2024-02-29 15:56:02.374,18951,18952,18953,3,3
2024-02-29 15:56:03.656,18951,18953,18952,4,4
2024-02-29 15:56:03.657,18951,18953,18952,1,1
2024-02-29 15:56:23.449,18951,18952,18951,1,-1
2024-02-29 15:56:30.148,18951,18952,18951,1,-1
2024-02-29 15:56:32.622,18951,18952,18952,2,2
2024-02-29 15:56:44.411,18951,18952,18951,1,-1
2024-02-29 15:56:45.423,18951,18952,18951,4,-4
2024-02-29 15:56:53.534,18951,18952,18952,1,1
2024-02-29 15:56:55.641,18951,18952,18952,8,8
2024-02-29 15:56:55.641,18951,18952,18952,1,1
2024-02-29 15:56:55.641,18951,18952,18952,1,1
2024-02-29 15:57:04.414,18952,18953,18952,2,-2
2024-02-29 15:57:09.200,18951,18952,18952,1,1
2024-02-29 15:57:17.952,18951,18952,18951,1,-1
2024-02-29 15:57:17.952,18951,18952,18951,1,-1
2024-02-29 15:57:17.952,18951,18952,18951,4,-4
2024-02-29 15:57:17.952,18951,18952,18951,4,-4
2024-02-29 15:57:20.212,18950,18951,18950,4,-4
2024-02-29 15:57:20.276,18950,18951,18950,1,-1
2024-02-29 15:57:20.621,18950,18951,18951,1,1
2024-02-29 15:57:25.058,18950,18951,18950,2,-2
2024-02-29 15:57:25.058,18950,18951,18950,3,-3
2024-02-29 15:57:25.058,18950,18951,18950,1,-1
2024-02-29 15:57:25.058,18950,18951,18950,1,-1
2024-02-29 15:57:25.058,18950,18951,18950,1,-1
2024-02-29 15:57:25.059,18950,18951,18950,19,-19
2024-02-29 15:57:25.059,18950,18951,18950,2,-2
2024-02-29 15:57:25.059,18950,18951,18950,2,-2
2024-02-29 15:57:25.059,18950,18951,18950,11,-11
2024-02-29 15:57:25.059,18950,18951,18950,1,-1
2024-02-29 15:57:25.059,18950,18951,18950,1,-1
2024-02-29 15:57:25.059,18950,18951,18950,2,-2
2024-02-29 15:57:25.059,18950,18951,18950,1,-1
2024-02-29 15:57:25.059,18950,18951,18950,7,-7
2024-02-29 15:57:33.192,18949,18950,18949,1,-1
2024-02-29 15:57:44.971,18949,18950,18949,2,-2
2024-02-29 15:57:46.745,18949,18950,18949,1,-1
2024-02-29 15:57:46.745,18949,18950,18949,1,-1
2024-02-29 15:57:46.948,18948,18949,18948,1,-1
2024-02-29 15:57:47.024,18948,18949,18948,2,-2
2024-02-29 15:57:47.106,18948,18949,18948,1,-1
2024-02-29 15:57:47.141,18948,18949,18948,1,-1
2024-02-29 15:57:47.145,18948,18949,18948,1,-1
2024-02-29 15:57:47.472,18948,18949,18949,3,3
2024-02-29 15:57:47.605,18948,18949,18948,1,-1
2024-02-29 15:57:50.540,18948,18949,18948,1,-1
2024-02-29 15:57:51.060,18948,18949,18948,1,-1
2024-02-29 15:57:52.259,18948,18949,18949,1,1
2024-02-29 15:57:57.208,18948,18949,18949,1,1
2024-02-29 15:57:57.208,18948,18949,18949,5,5
2024-02-29 15:57:58.089,18949,18950,18950,3,3
2024-02-29 15:57:58.089,18949,18950,18950,1,1
2024-02-29 15:58:00.226,18949,18950,18949,1,-1
2024-02-29 15:58:00.254,18949,18950,18949,2,-2
2024-02-29 15:58:00.315,18949,18950,18949,1,-1
2024-02-29 15:58:01.613,18949,18950,18950,1,1
2024-02-29 15:58:01.872,18949,18951,18949,1,-1
2024-02-29 15:58:07.884,18949,18950,18950,2,2
2024-02-29 15:58:07.885,18949,18950,18950,1,1
2024-02-29 15:58:07.885,18949,18950,18950,1,1
2024-02-29 15:58:07.885,18949,18950,18950,1,1
2024-02-29 15:58:11.766,18950,18951,18950,1,-1
2024-02-29 15:58:16.519,18949,18951,18950,1,-1
2024-02-29 15:58:18.589,18949,18951,18949,1,-1
2024-02-29 15:58:19.767,18949,18951,18949,1,-1
2024-02-29 15:58:19.767,18949,18951,18949,1,-1
2024-02-29 15:58:19.767,18949,18951,18949,1,-1
2024-02-29 15:58:19.918,18949,18950,18949,1,-1
2024-02-29 15:58:20.280,18949,18950,18950,1,1
2024-02-29 15:58:21.907,18949,18950,18950,1,1
2024-02-29 15:58:24.168,18949,18950,18950,3,3
2024-02-29 15:58:24.624,18949,18950,18949,1,-1
2024-02-29 15:58:33.289,18949,18950,18949,1,-1
2024-02-29 15:58:33.503,18949,18950,18949,3,-3
2024-02-29 15:58:46.268,18948,18949,18949,1,1
2024-02-29 15:58:54.760,18948,18949,18948,2,-2
2024-02-29 15:58:54.867,18948,18949,18948,5,-5
2024-02-29 15:58:56.281,18948,18949,18948,1,-1
2024-02-29 15:58:57.048,18948,18949,18948,2,-2
2024-02-29 15:58:57.048,18948,18949,18948,5,-5
2024-02-29 15:59:00.024,18947,18948,18948,1,1
2024-02-29 15:59:00.024,18947,18948,18948,3,3
2024-02-29 15:59:00.024,18947,18948,18948,1,1
2024-02-29 15:59:00.038,18947,18948,18948,2,2
2024-02-29 15:59:00.769,18947,18949,18947,5,-5
2024-02-29 15:59:00.994,18947,18949,18947,1,-1
2024-02-29 15:59:00.995,18947,18949,18947,1,-1
2024-02-29 15:59:01.377,18947,18948,18947,1,-1
2024-02-29 15:59:01.404,18947,18948,18947,1,-1
2024-02-29 15:59:10.302,18947,18948,18947,5,-5
2024-02-29 15:59:10.830,18947,18948,18948,2,2
2024-02-29 15:59:12.543,18947,18949,18947,1,-1
2024-02-29 15:59:18.836,18947,18948,18947,2,-2
2024-02-29 15:59:20.225,18947,18948,18947,1,-1
2024-02-29 15:59:20.225,18947,18948,18948,1,1
2024-02-29 15:59:20.225,18947,18948,18947,3,-3
2024-02-29 15:59:21.000,18947,18948,18947,5,-5
2024-02-29 15:59:21.001,18947,18948,18947,2,-2
2024-02-29 15:59:21.001,18947,18948,18947,2,-2
2024-02-29 15:59:21.001,18947,18948,18947,3,-3
2024-02-29 15:59:21.001,18947,18948,18947,3,-3
2024-02-29 15:59:22.000,18946,18947,18946,13,-13
2024-02-29 15:59:22.001,18946,18947,18947,1,1
2024-02-29 15:59:22.021,18945,18947,18945,2,-2
2024-02-29 15:59:22.025,18945,18947,18945,1,-1
2024-02-29 15:59:22.028,18945,18947,18945,1,-1
2024-02-29 15:59:22.141,18945,18947,18945,1,-1
2024-02-29 15:59:22.151,18945,18947,18945,1,-1
2024-02-29 15:59:22.155,18945,18947,18945,1,-1
2024-02-29 15:59:22.196,18945,18947,18945,1,-1
2024-02-29 15:59:22.222,18945,18947,18945,1,-1
2024-02-29 15:59:22.236,18945,18947,18945,1,-1
2024-02-29 15:59:22.250,18945,18947,18945,1,-1
2024-02-29 15:59:22.708,18945,18946,18946,1,1
2024-02-29 15:59:23.214,18945,18947,18945,1,-1
2024-02-29 15:59:23.404,18945,18946,18945,5,-5
2024-02-29 15:59:24.525,18945,18946,18945,5,-5
2024-02-29 15:59:30.305,18946,18947,18946,1,-1
2024-02-29 15:59:30.722,18945,18947,18945,4,-4
2024-02-29 15:59:32.727,18946,18947,18946,1,-1
2024-02-29 15:59:37.634,18945,18946,18946,1,1
2024-02-29 15:59:38.488,18945,18946,18945,5,-5
2024-02-29 15:59:40.218,18945,18946,18945,3,-3
2024-02-29 15:59:41.497,18945,18946,18945,2,-2
2024-02-29 15:59:42.827,18945,18946,18946,1,1
2024-02-29 15:59:48.674,18945,18946,18946,1,1
2024-02-29 15:59:49.087,18946,18947,18946,1,-1
2024-02-29 15:59:56.292,18946,18947,18946,1,-1
2024-02-29 15:59:58.561,18946,18947,18947,1,1
2024-02-29 16:00:00.208,18946,18947,18946,5,-5
2024-02-29 16:00:00.326,18946,18947,18947,2,2
2024-02-29 16:00:00.349,18946,18947,18948,1,1
2024-02-29 16:00:00.357,18946,18947,18948,1,1
2024-02-29 16:00:00.432,18947,18948,18948,1,1
2024-02-29 16:00:00.598,18947,18948,18949,1,1
2024-02-29 16:00:00.623,18947,18948,18947,1,-1
2024-02-29 16:00:00.654,18947,18949,18947,1,-1
2024-02-29 16:00:00.717,18947,18949,18949,1,1
2024-02-29 16:00:00.761,18948,18949,18948,1,-1
2024-02-29 16:00:01.020,18947,18949,18949,1,1
2024-02-29 16:00:01.065,18947,18949,18948,1,1
2024-02-29 16:00:01.174,18948,18950,18950,1,1
2024-02-29 16:00:01.386,18948,18950,18950,1,1
2024-02-29 16:00:01.430,18948,18950,18950,2,2
2024-02-29 16:00:01.541,18948,18950,18950,1,1
2024-02-29 16:00:01.591,18948,18950,18950,1,1
2024-02-29 16:00:01.621,18948,18950,18950,1,1
2024-02-29 16:00:01.641,18948,18950,18948,1,-1
2024-02-29 16:00:01.739,18948,18950,18949,1,-1
2024-02-29 16:00:01.744,18948,18950,18950,3,3
2024-02-29 16:00:02.134,18948,18950,18950,1,1
2024-02-29 16:00:02.782,18948,18950,18950,1,1
2024-02-29 16:00:08.598,18949,18951,18951,2,2
2024-02-29 16:00:09.490,18950,18951,18950,2,-2
2024-02-29 16:00:09.509,18950,18951,18950,1,-1
2024-02-29 16:00:10.321,18950,18951,18950,1,-1
2024-02-29 16:00:11.107,18950,18951,18951,2,2
2024-02-29 16:00:14.217,18951,18952,18952,1,1
2024-02-29 16:00:14.658,18952,18953,18952,1,-1
2024-02-29 16:00:16.587,18951,18953,18951,4,-4
2024-02-29 16:00:16.601,18951,18953,18952,1,-1
2024-02-29 16:00:16.613,18951,18953,18952,3,-3
2024-02-29 16:00:16.733,18951,18953,18951,1,-1
2024-02-29 16:00:17.329,18951,18953,18952,3,-3
2024-02-29 16:00:17.329,18951,18953,18953,1,1
2024-02-29 16:00:19.670,18951,18953,18951,4,-4
2024-02-29 16:00:23.156,18951,18952,18951,5,-5
2024-02-29 16:00:26.290,18950,18952,18950,1,-1
2024-02-29 16:00:34.703,18949,18951,18949,1,-1
2024-02-29 16:00:35.120,18949,18950,18950,2,2
2024-02-29 16:00:35.849,18949,18951,18949,1,-1
2024-02-29 16:00:37.192,18949,18951,18951,1,1
2024-02-29 16:00:37.403,18949,18951,18949,1,-1
2024-02-29 16:00:38.128,18949,18950,18949,1,-1
2024-02-29 16:00:38.863,18949,18950,18949,1,-1
2024-02-29 16:00:39.490,18948,18950,18949,1,-1
2024-02-29 16:00:39.490,18948,18950,18949,1,-1
2024-02-29 16:00:39.970,18948,18950,18948,1,-1
2024-02-29 16:00:41.811,18948,18950,18950,1,1
2024-02-29 16:00:42.765,18948,18950,18948,1,-1
2024-02-29 16:00:53.640,18948,18949,18948,1,-1
2024-02-29 16:00:53.653,18948,18949,18949,1,1
2024-02-29 16:00:53.653,18948,18949,18949,1,1
2024-02-29 16:00:53.653,18948,18949,18949,1,1
2024-02-29 16:00:53.654,18948,18949,18949,1,1
2024-02-29 16:00:53.654,18948,18949,18949,1,1
2024-02-29 16:00:53.654,18948,18949,18949,1,1
2024-02-29 16:00:53.655,18948,18949,18949,3,3
2024-02-29 16:01:03.200,18949,18951,18949,1,-1
2024-02-29 16:01:11.293,18949,18950,18949,3,-3
2024-02-29 16:01:12.751,18948,18950,18948,1,-1
2024-02-29 16:01:12.993,18948,18950,18948,5,-5
2024-02-29 16:01:13.012,18948,18950,18948,2,-2
2024-02-29 16:01:13.047,18948,18950,18948,2,-2
2024-02-29 16:01:19.794,18948,18949,18949,1,1
2024-02-29 16:01:20.257,18948,18949,18948,1,-1
2024-02-29 16:01:22.309,18948,18949,18948,1,-1
2024-02-29 16:01:23.352,18948,18949,18948,1,-1
2024-02-29 16:01:24.379,18948,18949,18948,5,-5
2024-02-29 16:01:24.379,18948,18949,18948,3,-3
2024-02-29 16:01:24.380,18948,18949,18948,1,-1
2024-02-29 16:01:30.290,18947,18948,18947,1,-1
2024-02-29 16:01:31.870,18947,18948,18947,1,-1
2024-02-29 16:01:32.351,18947,18948,18948,1,1
2024-02-29 16:01:36.661,18947,18948,18948,2,2
2024-02-29 16:01:39.489,18947,18949,18948,2,2
2024-02-29 16:01:43.179,18947,18948,18948,1,1
2024-02-29 16:01:43.179,18947,18948,18948,1,1
2024-02-29 16:01:46.341,18947,18948,18948,1,1
2024-02-29 16:01:46.341,18947,18948,18948,1,1
2024-02-29 16:01:54.016,18947,18949,18947,10,-10
2024-02-29 16:02:01.288,18948,18949,18949,4,4
2024-02-29 16:02:21.345,18948,18949,18949,2,2
2024-02-29 16:02:22.976,18948,18949,18948,6,-6
2024-02-29 16:02:22.977,18948,18949,18947,3,-3
2024-02-29 16:02:22.977,18948,18949,18946,1,-1
2024-02-29 16:02:26.375,18947,18948,18947,1,-1
2024-02-29 16:02:31.091,18946,18948,18947,1,-1
2024-02-29 16:02:31.279,18947,18948,18947,1,-1
2024-02-29 16:02:37.035,18947,18948,18947,4,-4
2024-02-29 16:02:37.036,18947,18948,18947,8,-8
2024-02-29 16:02:37.036,18947,18948,18947,1,-1
2024-02-29 16:02:37.279,18947,18948,18947,2,-2
2024-02-29 16:02:38.801,18947,18948,18948,1,1
2024-02-29 16:02:40.849,18947,18948,18947,1,-1
2024-02-29 16:02:40.919,18947,18948,18947,1,-1
2024-02-29 16:02:43.367,18947,18948,18948,1,1
2024-02-29 16:02:45.198,18948,18949,18949,3,3
2024-02-29 16:02:47.419,18949,18950,18950,1,1
2024-02-29 16:02:47.599,18949,18950,18950,1,1
2024-02-29 16:02:48.809,18949,18950,18950,1,1
2024-02-29 16:02:48.809,18949,18950,18950,1,1
2024-02-29 16:02:48.809,18949,18950,18950,1,1
2024-02-29 16:02:49.487,18950,18951,18951,1,1
2024-02-29 16:02:50.547,18950,18951,18950,1,-1
2024-02-29 16:02:56.380,18950,18951,18950,2,-2
2024-02-29 16:02:56.380,18950,18951,18950,1,-1
2024-02-29 16:03:00.159,18949,18950,18950,1,1
2024-02-29 16:03:00.159,18949,18950,18950,1,1
2024-02-29 16:03:00.223,18949,18950,18949,1,-1
2024-02-29 16:03:02.669,18949,18950,18950,1,1
2024-02-29 16:03:04.587,18949,18950,18950,1,1
2024-02-29 16:03:08.422,18949,18950,18950,1,1
2024-02-29 16:03:09.779,18949,18950,18949,1,-1
2024-02-29 16:03:10.893,18949,18950,18949,4,-4
2024-02-29 16:03:11.284,18947,18949,18949,1,1
2024-02-29 16:03:18.913,18948,18949,18948,1,-1
2024-02-29 16:03:18.914,18948,18949,18948,1,-1
2024-02-29 16:03:19.368,18947,18948,18948,1,1
2024-02-29 16:03:19.906,18947,18948,18947,1,-1
2024-02-29 16:03:38.255,18947,18948,18947,1,-1
2024-02-29 16:03:40.787,18947,18948,18947,1,-1
2024-02-29 16:03:41.710,18947,18948,18947,1,-1
2024-02-29 16:03:41.918,18947,18948,18948,2,2
2024-02-29 16:03:47.189,18948,18949,18948,1,-1
2024-02-29 16:03:59.155,18948,18949,18949,1,1
2024-02-29 16:03:59.946,18948,18949,18949,1,1
2024-02-29 16:04:34.971,18949,18950,18950,1,1
2024-02-29 16:04:35.133,18950,18951,18950,1,-1
2024-02-29 16:04:35.133,18950,18951,18949,1,-1
2024-02-29 16:04:42.660,18949,18951,18950,1,-1
2024-02-29 16:04:43.807,18949,18950,18949,2,-2
2024-02-29 16:04:43.936,18948,18950,18948,3,-3
2024-02-29 16:04:44.945,18948,18949,18948,1,-1
2024-02-29 16:04:45.095,18948,18949,18948,1,-1
2024-02-29 16:04:47.209,18948,18949,18948,1,-1
2024-02-29 16:04:48.815,18948,18949,18948,1,-1
2024-02-29 16:04:48.816,18948,18949,18948,11,-11
2024-02-29 16:04:50.969,18947,18948,18947,1,-1
2024-02-29 16:04:51.546,18947,18948,18948,1,1
2024-02-29 16:04:51.546,18947,18948,18949,1,1
2024-02-29 16:04:52.805,18947,18949,18947,1,-1
2024-02-29 16:04:57.612,18947,18949,18947,1,-1
2024-02-29 16:05:05.608,18947,18949,18947,1,-1
2024-02-29 16:05:11.890,18947,18948,18947,5,-5
2024-02-29 16:05:12.320,18946,18947,18946,4,-4
2024-02-29 16:05:12.320,18946,18947,18946,1,-1
2024-02-29 16:05:12.320,18946,18947,18946,5,-5
2024-02-29 16:05:12.320,18946,18947,18946,1,-1
2024-02-29 16:05:18.392,18945,18946,18946,1,1
2024-02-29 16:05:28.611,18946,18947,18946,2,-2
2024-02-29 16:05:28.711,18945,18946,18945,1,-1
2024-02-29 16:05:28.711,18945,18946,18945,13,-13
2024-02-29 16:05:28.713,18945,18946,18945,2,-2
2024-02-29 16:05:28.801,18944,18946,18944,2,-2
2024-02-29 16:05:28.825,18944,18946,18944,4,-4
2024-02-29 16:05:28.833,18944,18946,18944,4,-4
2024-02-29 16:05:28.854,18944,18946,18944,1,-1
2024-02-29 16:05:28.858,18944,18946,18944,1,-1
2024-02-29 16:05:28.872,18944,18946,18944,4,-4
2024-02-29 16:05:28.910,18944,18945,18944,1,-1
2024-02-29 16:05:29.003,18944,18945,18944,4,-4
2024-02-29 16:05:29.175,18944,18945,18944,1,-1
2024-02-29 16:05:29.188,18944,18945,18943,1,-1
2024-02-29 16:05:29.320,18943,18945,18943,2,-2
2024-02-29 16:05:29.368,18943,18945,18943,2,-2
2024-02-29 16:05:29.528,18943,18945,18943,4,-4
2024-02-29 16:05:32.149,18943,18945,18943,12,-12
2024-02-29 16:05:33.693,18944,18945,18944,1,-1
2024-02-29 16:05:38.460,18944,18945,18944,1,-1
2024-02-29 16:05:38.787,18944,18945,18944,2,-2
2024-02-29 16:05:40.193,18943,18945,18944,2,-2
2024-02-29 16:05:40.228,18943,18945,18943,1,-1
2024-02-29 16:05:50.215,18943,18944,18943,1,-1
2024-02-29 16:05:50.306,18943,18944,18943,1,-1
2024-02-29 16:05:51.043,18943,18944,18943,1,-1
2024-02-29 16:05:52.691,18942,18943,18943,5,5
2024-02-29 16:05:55.702,18943,18944,18943,1,-1
2024-02-29 16:05:56.602,18942,18944,18942,1,-1
2024-02-29 16:05:56.648,18942,18944,18942,1,-1
2024-02-29 16:05:56.712,18942,18944,18942,1,-1
2024-02-29 16:05:56.724,18942,18944,18942,1,-1
2024-02-29 16:05:56.738,18942,18944,18942,1,-1
2024-02-29 16:05:56.778,18942,18944,18942,1,-1
2024-02-29 16:05:56.808,18942,18944,18942,1,-1
2024-02-29 16:05:56.839,18942,18944,18942,1,-1
2024-02-29 16:05:56.878,18942,18944,18942,1,-1
2024-02-29 16:05:56.890,18942,18944,18942,1,-1
2024-02-29 16:05:57.287,18942,18944,18944,1,1
2024-02-29 16:05:57.623,18942,18944,18942,1,-1
2024-02-29 16:05:58.378,18942,18943,18942,5,-5
2024-02-29 16:05:59.397,18942,18943,18943,1,1
2024-02-29 16:05:59.460,18942,18943,18943,2,2
2024-02-29 16:05:59.789,18942,18944,18942,1,-1
2024-02-29 16:06:00.316,18942,18944,18942,3,-3
2024-02-29 16:06:00.527,18943,18944,18943,1,-1
2024-02-29 16:06:00.734,18943,18944,18943,1,-1
2024-02-29 16:06:00.870,18943,18944,18943,1,-1
2024-02-29 16:06:00.870,18943,18944,18942,4,-4
2024-02-29 16:06:00.997,18942,18944,18942,1,-1
2024-02-29 16:06:01.016,18942,18944,18942,1,-1
2024-02-29 16:06:01.196,18942,18944,18942,2,-2
2024-02-29 16:06:05.817,18942,18943,18942,2,-2
2024-02-29 16:06:07.195,18942,18943,18942,2,-2
2024-02-29 16:06:08.469,18942,18943,18943,6,6
2024-02-29 16:06:08.469,18942,18943,18943,5,5
2024-02-29 16:06:09.501,18942,18944,18942,2,-2
2024-02-29 16:06:10.259,18942,18943,18942,1,-1
2024-02-29 16:06:12.025,18942,18943,18942,1,-1
2024-02-29 16:06:20.209,18942,18943,18942,8,-8
2024-02-29 16:06:22.352,18942,18943,18943,1,1
2024-02-29 16:06:22.828,18942,18944,18942,2,-2
2024-02-29 16:06:23.037,18942,18944,18942,1,-1
2024-02-29 16:06:27.441,18943,18944,18944,3,3
2024-02-29 16:06:30.248,18944,18945,18944,1,-1
2024-02-29 16:06:34.974,18944,18945,18944,1,-1
2024-02-29 16:06:40.220,18944,18945,18944,8,-8
2024-02-29 16:06:43.428,18944,18945,18944,1,-1
2024-02-29 16:06:43.428,18944,18945,18943,2,-2
2024-02-29 16:06:44.841,18943,18945,18945,1,1
2024-02-29 16:06:48.889,18944,18945,18944,5,-5
2024-02-29 16:06:50.589,18943,18944,18943,1,-1
2024-02-29 16:06:52.705,18943,18944,18944,4,4
2024-02-29 16:06:52.706,18943,18944,18944,2,2
2024-02-29 16:06:58.020,18944,18945,18944,1,-1
2024-02-29 16:06:58.020,18944,18945,18943,3,-3
2024-02-29 16:07:01.926,18944,18945,18945,6,6
2024-02-29 16:07:01.926,18944,18945,18945,1,1
2024-02-29 16:07:01.926,18944,18945,18945,2,2
2024-02-29 16:07:01.926,18944,18945,18945,2,2
2024-02-29 16:07:06.605,18944,18945,18945,1,1
2024-02-29 16:07:06.912,18944,18945,18944,5,-5
2024-02-29 16:07:11.984,18944,18945,18944,1,-1
2024-02-29 16:07:15.526,18944,18945,18944,1,-1
2024-02-29 16:07:15.526,18944,18945,18943,2,-2
2024-02-29 16:07:15.784,18943,18945,18943,1,-1
2024-02-29 16:07:18.098,18943,18945,18945,1,1
2024-02-29 16:07:23.202,18943,18945,18943,1,-1
2024-02-29 16:07:30.520,18943,18945,18943,1,-1
2024-02-29 16:07:31.648,18943,18945,18943,1,-1
2024-02-29 16:07:31.966,18943,18945,18943,1,-1
2024-02-29 16:07:38.770,18943,18945,18943,3,-3
2024-02-29 16:07:39.942,18943,18945,18943,3,-3
2024-02-29 16:07:40.244,18943,18944,18943,1,-1
2024-02-29 16:07:40.831,18943,18944,18943,5,-5
2024-02-29 16:07:41.074,18942,18944,18942,3,-3
2024-02-29 16:07:49.626,18942,18943,18943,2,2
2024-02-29 16:07:59.563,18943,18944,18943,1,-1
2024-02-29 16:08:02.481,18943,18944,18944,1,1
2024-02-29 16:08:02.847,18943,18944,18943,2,-2
2024-02-29 16:08:02.847,18943,18944,18943,1,-1
2024-02-29 16:08:03.092,18942,18944,18942,1,-1
2024-02-29 16:08:03.172,18942,18944,18942,1,-1
2024-02-29 16:08:05.345,18942,18943,18943,1,1
2024-02-29 16:08:07.584,18942,18943,18943,2,2
2024-02-29 16:08:10.319,18942,18943,18942,1,-1
2024-02-29 16:08:19.879,18942,18943,18942,3,-3
2024-02-29 16:08:20.222,18942,18943,18942,5,-5
2024-02-29 16:08:20.267,18942,18943,18942,1,-1
2024-02-29 16:08:20.604,18942,18943,18942,3,-3
2024-02-29 16:08:20.604,18942,18943,18942,1,-1
2024-02-29 16:08:20.604,18942,18943,18942,2,-2
2024-02-29 16:08:20.604,18942,18943,18942,5,-5
2024-02-29 16:08:32.831,18941,18943,18941,1,-1
2024-02-29 16:08:32.893,18941,18942,18941,2,-2
2024-02-29 16:08:33.108,18941,18942,18941,1,-1
2024-02-29 16:08:34.063,18941,18942,18941,1,-1
2024-02-29 16:08:35.334,18941,18942,18941,1,-1
2024-02-29 16:08:40.219,18941,18942,18941,3,-3
2024-02-29 16:08:40.222,18941,18942,18941,1,-1
2024-02-29 16:08:40.222,18941,18942,18941,6,-6
2024-02-29 16:08:40.223,18941,18942,18941,2,-2
2024-02-29 16:08:40.223,18941,18942,18941,2,-2
2024-02-29 16:08:40.223,18941,18942,18941,4,-4
2024-02-29 16:08:40.223,18941,18942,18941,2,-2
2024-02-29 16:08:40.798,18940,18941,18941,1,1
2024-02-29 16:08:43.313,18940,18941,18940,5,-5
2024-02-29 16:08:43.406,18940,18941,18940,6,-6
2024-02-29 16:08:43.408,18940,18941,18940,6,-6
2024-02-29 16:08:43.429,18940,18941,18940,6,-6
2024-02-29 16:08:43.429,18940,18941,18940,1,-1
2024-02-29 16:08:43.433,18940,18941,18939,6,-6
2024-02-29 16:08:43.445,18940,18941,18940,1,-1
2024-02-29 16:08:43.550,18939,18940,18939,3,-3
2024-02-29 16:08:43.600,18939,18940,18939,1,-1
2024-02-29 16:08:43.600,18939,18940,18939,1,-1
2024-02-29 16:08:46.005,18939,18940,18939,1,-1
2024-02-29 16:08:46.792,18939,18940,18939,5,-5
2024-02-29 16:08:48.264,18939,18940,18940,3,3
2024-02-29 16:08:51.847,18939,18940,18940,2,2
2024-02-29 16:08:51.847,18939,18940,18940,2,2
2024-02-29 16:08:52.644,18940,18941,18940,1,-1
2024-02-29 16:08:53.467,18939,18941,18939,1,-1
2024-02-29 16:08:57.160,18940,18941,18940,4,-4
2024-02-29 16:08:58.521,18940,18941,18940,1,-1
2024-02-29 16:09:00.226,18940,18941,18940,4,-4
2024-02-29 16:09:00.287,18940,18941,18940,1,-1
2024-02-29 16:09:00.445,18940,18941,18940,3,-3
2024-02-29 16:09:02.070,18939,18940,18939,1,-1
2024-02-29 16:09:05.686,18939,18940,18940,1,1
2024-02-29 16:09:05.941,18940,18941,18940,1,-1
2024-02-29 16:09:05.949,18940,18941,18940,2,-2
2024-02-29 16:09:07.046,18940,18941,18940,1,-1
2024-02-29 16:09:08.278,18940,18941,18940,1,-1
2024-02-29 16:09:08.386,18940,18941,18940,1,-1
2024-02-29 16:09:10.414,18940,18941,18940,1,-1
2024-02-29 16:09:15.212,18939,18940,18940,1,1
2024-02-29 16:09:18.665,18939,18940,18939,1,-1
2024-02-29 16:09:20.236,18939,18940,18939,2,-2
2024-02-29 16:09:21.054,18939,18940,18939,1,-1
2024-02-29 16:09:21.054,18939,18940,18939,2,-2
2024-02-29 16:09:21.054,18939,18940,18939,6,-6
2024-02-29 16:09:21.055,18939,18940,18939,1,-1
2024-02-29 16:09:21.055,18939,18940,18939,1,-1
2024-02-29 16:09:21.055,18939,18940,18939,2,-2
2024-02-29 16:09:21.055,18939,18940,18939,1,-1
2024-02-29 16:09:21.055,18939,18940,18939,2,-2
2024-02-29 16:09:21.055,18939,18940,18939,2,-2
2024-02-29 16:09:21.293,18938,18939,18939,1,1
2024-02-29 16:09:22.561,18938,18939,18939,1,1
2024-02-29 16:09:23.362,18938,18939,18938,1,-1
2024-02-29 16:09:23.433,18938,18939,18938,1,-1
2024-02-29 16:09:23.600,18938,18939,18938,1,-1
2024-02-29 16:09:24.163,18938,18939,18938,2,-2
2024-02-29 16:09:25.796,18938,18939,18938,1,-1
2024-02-29 16:09:27.025,18938,18939,18938,1,-1
2024-02-29 16:09:28.793,18938,18939,18938,3,-3
2024-02-29 16:09:29.510,18939,18940,18939,1,-1
2024-02-29 16:09:29.682,18939,18940,18939,1,-1
2024-02-29 16:09:30.780,18938,18940,18938,1,-1
2024-02-29 16:09:32.182,18938,18940,18938,1,-1
2024-02-29 16:09:33.856,18938,18940,18938,1,-1
2024-02-29 16:09:34.177,18938,18939,18938,1,-1
2024-02-29 16:09:35.387,18938,18939,18938,27,-27
2024-02-29 16:09:35.565,18937,18938,18938,1,1
2024-02-29 16:09:37.084,18938,18939,18939,2,2
2024-02-29 16:09:37.212,18938,18939,18938,1,-1
2024-02-29 16:09:37.751,18938,18939,18938,3,-3
2024-02-29 16:09:37.751,18938,18939,18938,1,-1
2024-02-29 16:09:39.136,18938,18940,18938,1,-1
2024-02-29 16:09:40.229,18938,18939,18938,1,-1
2024-02-29 16:09:40.348,18938,18939,18938,1,-1
2024-02-29 16:09:42.004,18937,18939,18937,2,-2
2024-02-29 16:09:42.015,18937,18939,18937,2,-2
2024-02-29 16:09:42.510,18937,18938,18937,35,-35
2024-02-29 16:09:42.636,18936,18937,18936,10,-10
2024-02-29 16:09:42.636,18936,18937,18936,7,-7
2024-02-29 16:09:42.761,18935,18936,18935,1,-1
2024-02-29 16:09:42.841,18935,18936,18935,3,-3
2024-02-29 16:09:42.884,18935,18937,18935,4,-4
2024-02-29 16:09:42.885,18935,18937,18935,17,-17
2024-02-29 16:09:42.886,18935,18937,18935,1,-1
2024-02-29 16:09:42.886,18935,18937,18935,2,-2
2024-02-29 16:09:42.886,18935,18937,18935,2,-2
2024-02-29 16:09:42.886,18935,18937,18935,8,-8
2024-02-29 16:09:43.010,18934,18936,18934,6,-6
2024-02-29 16:09:43.026,18934,18936,18934,2,-2
2024-02-29 16:09:43.080,18934,18936,18934,1,-1
2024-02-29 16:09:43.114,18934,18936,18934,1,-1
2024-02-29 16:09:43.137,18934,18935,18935,2,2
2024-02-29 16:09:43.137,18934,18935,18935,1,1
2024-02-29 16:09:43.237,18934,18935,18935,12,12
2024-02-29 16:09:43.242,18934,18935,18935,9,9
2024-02-29 16:09:43.244,18934,18935,18935,2,2
2024-02-29 16:09:43.246,18934,18935,18935,1,1
2024-02-29 16:09:43.251,18934,18935,18935,1,1
2024-02-29 16:09:43.254,18934,18935,18935,1,1
2024-02-29 16:09:43.763,18935,18936,18935,5,-5
2024-02-29 16:09:44.459,18934,18936,18936,1,1
2024-02-29 16:09:46.733,18934,18936,18934,2,-2
2024-02-29 16:09:48.775,18935,18936,18935,1,-1
2024-02-29 16:09:48.919,18935,18936,18936,1,1
2024-02-29 16:09:49.635,18935,18936,18936,1,1
2024-02-29 16:09:49.863,18935,18937,18935,1,-1
2024-02-29 16:09:51.016,18936,18938,18936,1,-1
2024-02-29 16:09:53.242,18935,18936,18936,2,2
2024-02-29 16:09:54.364,18935,18936,18936,1,1
2024-02-29 16:09:56.655,18935,18936,18935,2,-2
2024-02-29 16:09:58.367,18935,18936,18935,1,-1
2024-02-29 16:09:59.638,18935,18936,18935,1,-1
2024-02-29 16:10:00.232,18935,18936,18935,8,-8
2024-02-29 16:10:00.232,18935,18936,18935,1,-1
2024-02-29 16:10:00.232,18935,18936,18935,2,-2
2024-02-29 16:10:00.420,18934,18935,18934,1,-1
2024-02-29 16:10:00.735,18934,18935,18934,1,-1
2024-02-29 16:10:00.735,18934,18935,18934,1,-1
2024-02-29 16:10:00.735,18934,18935,18934,10,-10
2024-02-29 16:10:00.801,18933,18934,18933,1,-1
2024-02-29 16:10:00.835,18933,18934,18934,1,1
2024-02-29 16:10:00.884,18933,18934,18933,4,-4
2024-02-29 16:10:00.884,18933,18934,18933,4,-4
2024-02-29 16:10:01.010,18933,18934,18933,1,-1
2024-02-29 16:10:01.065,18933,18934,18933,1,-1
2024-02-29 16:10:01.098,18933,18934,18933,1,-1
2024-02-29 16:10:01.098,18933,18934,18932,1,-1
2024-02-29 16:10:01.184,18932,18934,18932,1,-1
2024-02-29 16:10:01.236,18932,18934,18932,1,-1
2024-02-29 16:10:01.246,18932,18934,18932,1,-1
2024-02-29 16:10:01.309,18933,18934,18933,1,-1
2024-02-29 16:10:01.626,18933,18934,18933,1,-1
2024-02-29 16:10:01.733,18933,18934,18934,2,2
2024-02-29 16:10:01.755,18933,18934,18934,1,1
2024-02-29 16:10:01.986,18933,18935,18935,1,1
2024-02-29 16:10:02.154,18933,18935,18933,5,-5
2024-02-29 16:10:02.246,18933,18935,18933,5,-5
2024-02-29 16:10:02.360,18933,18935,18933,2,-2
2024-02-29 16:10:02.704,18933,18935,18934,1,-1
2024-02-29 16:10:03.223,18934,18935,18935,1,1
2024-02-29 16:10:03.916,18934,18935,18934,1,-1
2024-02-29 16:10:04.036,18934,18935,18934,1,-1
2024-02-29 16:10:04.169,18934,18935,18935,3,3
2024-02-29 16:10:04.465,18934,18935,18934,1,-1
2024-02-29 16:10:04.642,18934,18936,18934,2,-2
2024-02-29 16:10:05.609,18934,18936,18934,1,-1
2024-02-29 16:10:05.609,18934,18936,18933,1,-1
2024-02-29 16:10:05.826,18933,18935,18933,3,-3
2024-02-29 16:10:07.202,18933,18935,18933,3,-3
2024-02-29 16:10:07.242,18933,18935,18933,1,-1
2024-02-29 16:10:07.242,18933,18935,18933,1,-1
2024-02-29 16:10:07.242,18933,18935,18933,1,-1
2024-02-29 16:10:07.498,18933,18935,18933,2,-2
2024-02-29 16:10:07.809,18934,18935,18934,1,-1
2024-02-29 16:10:08.502,18934,18935,18934,1,-1
2024-02-29 16:10:08.970,18934,18935,18935,5,5
2024-02-29 16:10:10.258,18934,18935,18934,1,-1
2024-02-29 16:10:12.013,18934,18935,18935,4,4
2024-02-29 16:10:12.444,18935,18936,18935,1,-1
2024-02-29 16:10:14.037,18934,18935,18935,1,1
2024-02-29 16:10:14.320,18934,18935,18934,4,-4
2024-02-29 16:10:14.320,18934,18935,18934,1,-1
2024-02-29 16:10:14.320,18934,18935,18934,1,-1
2024-02-29 16:10:14.324,18934,18935,18934,1,-1
2024-02-29 16:10:14.600,18933,18934,18934,1,1
2024-02-29 16:10:15.318,18933,18935,18933,6,-6
2024-02-29 16:10:15.318,18933,18935,18933,1,-1
2024-02-29 16:10:15.319,18933,18935,18933,1,-1
2024-02-29 16:10:16.076,18932,18934,18934,1,1
2024-02-29 16:10:16.505,18932,18934,18932,4,-4
2024-02-29 16:10:16.509,18932,18934,18932,4,-4
2024-02-29 16:10:18.918,18933,18934,18933,1,-1
2024-02-29 16:10:21.129,18932,18934,18932,2,-2
2024-02-29 16:10:21.186,18932,18934,18932,1,-1
2024-02-29 16:10:21.342,18932,18934,18932,1,-1
2024-02-29 16:10:21.395,18932,18933,18932,1,-1
2024-02-29 16:10:22.549,18933,18934,18933,1,-1
2024-02-29 16:10:22.549,18933,18934,18932,24,-24
2024-02-29 16:10:23.218,18932,18933,18932,1,-1
2024-02-29 16:10:26.477,18931,18932,18932,1,1
2024-02-29 16:10:26.477,18931,18932,18932,1,1
2024-02-29 16:10:26.862,18932,18933,18932,1,-1
2024-02-29 16:10:28.492,18932,18933,18932,1,-1
2024-02-29 16:10:28.643,18932,18933,18933,2,2
2024-02-29 16:10:29.594,18933,18934,18933,3,-3
2024-02-29 16:10:29.846,18932,18934,18932,10,-10
2024-02-29 16:10:30.355,18932,18934,18932,1,-1
2024-02-29 16:10:30.491,18932,18934,18932,1,-1
2024-02-29 16:10:32.094,18932,18933,18932,3,-3
2024-02-29 16:10:32.349,18931,18932,18932,1,1
2024-02-29 16:10:32.929,18931,18933,18931,5,-5
2024-02-29 16:10:33.009,18931,18933,18931,4,-4
2024-02-29 16:10:33.010,18931,18933,18931,31,-31
2024-02-29 16:10:33.075,18931,18933,18930,29,-29
2024-02-29 16:10:33.075,18931,18933,18930,5,-5
2024-02-29 16:10:33.135,18929,18930,18929,3,-3
2024-02-29 16:10:33.154,18929,18930,18930,1,1
2024-02-29 16:10:33.154,18929,18930,18929,2,-2
2024-02-29 16:10:33.155,18929,18930,18929,1,-1
2024-02-29 16:10:33.213,18929,18930,18929,1,-1
2024-02-29 16:10:33.493,18929,18930,18929,1,-1
2024-02-29 16:10:33.494,18929,18930,18929,1,-1
2024-02-29 16:10:33.495,18929,18930,18929,1,-1
2024-02-29 16:10:33.957,18929,18930,18930,1,1
2024-02-29 16:10:34.438,18929,18930,18929,1,-1
2024-02-29 16:10:35.505,18929,18930,18930,2,2
2024-02-29 16:10:35.505,18929,18930,18930,14,14
2024-02-29 16:10:35.509,18929,18930,18930,5,5
2024-02-29 16:10:35.510,18929,18930,18930,1,1
2024-02-29 16:10:36.634,18929,18931,18929,12,-12
2024-02-29 16:10:36.778,18929,18930,18929,1,-1
2024-02-29 16:10:40.213,18929,18930,18929,2,-2
2024-02-29 16:10:41.383,18928,18930,18929,1,-1
2024-02-29 16:10:41.679,18929,18930,18930,7,7
2024-02-29 16:10:41.869,18929,18931,18929,1,-1
2024-02-29 16:10:42.246,18929,18931,18929,3,-3
2024-02-29 16:10:43.094,18928,18929,18928,7,-7
2024-02-29 16:10:43.095,18928,18929,18928,1,-1
2024-02-29 16:10:43.095,18928,18929,18928,1,-1
2024-02-29 16:10:43.095,18928,18929,18928,2,-2
2024-02-29 16:10:43.095,18928,18929,18928,18,-18
2024-02-29 16:10:43.152,18927,18928,18927,2,-2
2024-02-29 16:10:43.361,18927,18928,18928,7,7
2024-02-29 16:10:43.409,18927,18928,18927,2,-2
2024-02-29 16:10:43.485,18927,18928,18928,1,1
2024-02-29 16:10:43.526,18927,18928,18927,1,-1
2024-02-29 16:10:43.527,18927,18928,18927,1,-1
2024-02-29 16:10:43.529,18927,18928,18926,1,-1
2024-02-29 16:10:43.531,18927,18928,18926,1,-1
2024-02-29 16:10:43.535,18927,18928,18926,2,-2
2024-02-29 16:10:43.535,18927,18928,18926,1,-1
2024-02-29 16:10:43.555,18927,18928,18928,1,1
2024-02-29 16:10:43.699,18927,18928,18927,1,-1
2024-02-29 16:10:43.829,18926,18928,18928,1,1
2024-02-29 16:10:43.952,18927,18928,18928,1,1
2024-02-29 16:10:43.957,18927,18928,18927,1,-1
2024-02-29 16:10:43.994,18927,18928,18927,1,-1
2024-02-29 16:10:44.398,18927,18928,18927,1,-1
2024-02-29 16:10:45.066,18926,18928,18928,1,1
2024-02-29 16:10:45.878,18926,18928,18927,1,1
2024-02-29 16:10:45.984,18926,18927,18926,2,-2
2024-02-29 16:10:45.985,18926,18927,18926,2,-2
2024-02-29 16:10:46.018,18926,18927,18926,2,-2
2024-02-29 16:10:46.845,18925,18927,18926,1,-1
2024-02-29 16:10:46.856,18925,18927,18927,1,1
2024-02-29 16:10:47.337,18925,18927,18927,1,1
2024-02-29 16:10:50.798,18926,18927,18927,1,1
2024-02-29 16:10:50.815,18926,18927,18927,5,5
2024-02-29 16:10:50.816,18926,18927,18927,1,1
2024-02-29 16:10:50.816,18926,18927,18927,7,7
2024-02-29 16:10:50.944,18926,18928,18927,1,1
2024-02-29 16:10:52.061,18927,18929,18927,1,-1
2024-02-29 16:10:53.084,18927,18928,18928,1,1
2024-02-29 16:10:54.621,18927,18929,18927,5,-5
2024-02-29 16:10:54.862,18927,18929,18927,1,-1
2024-02-29 16:10:55.601,18928,18929,18928,1,-1
2024-02-29 16:10:56.061,18927,18929,18929,4,4
2024-02-29 16:10:57.360,18928,18929,18929,1,1
2024-02-29 16:11:00.222,18928,18929,18928,2,-2
2024-02-29 16:11:00.262,18927,18929,18927,1,-1
2024-02-29 16:11:00.601,18927,18929,18928,1,-1
2024-02-29 16:11:00.851,18927,18929,18927,1,-1
2024-02-29 16:11:00.994,18927,18928,18927,1,-1
2024-02-29 16:11:01.081,18927,18928,18927,2,-2
2024-02-29 16:11:03.411,18927,18928,18927,2,-2
2024-02-29 16:11:07.811,18927,18928,18928,1,1
2024-02-29 16:11:07.811,18927,18928,18928,1,1
2024-02-29 16:11:07.811,18927,18928,18928,2,2
2024-02-29 16:11:07.811,18927,18928,18928,2,2
2024-02-29 16:11:07.811,18927,18928,18928,4,4
2024-02-29 16:11:07.811,18927,18928,18928,1,1
2024-02-29 16:11:07.811,18927,18928,18928,2,2
2024-02-29 16:11:07.919,18928,18929,18928,1,-1
2024-02-29 16:11:08.373,18928,18929,18928,1,-1
2024-02-29 16:11:08.453,18927,18929,18927,1,-1
2024-02-29 16:11:12.196,18927,18929,18927,4,-4
2024-02-29 16:11:14.045,18928,18929,18929,1,1
2024-02-29 16:11:14.691,18929,18930,18929,1,-1
2024-02-29 16:11:16.503,18928,18930,18930,1,1
2024-02-29 16:11:17.370,18928,18929,18929,1,1
2024-02-29 16:11:18.929,18928,18930,18930,4,4
2024-02-29 16:11:19.010,18928,18930,18928,1,-1
2024-02-29 16:11:19.016,18928,18930,18928,1,-1
2024-02-29 16:11:23.042,18929,18930,18930,1,1
2024-02-29 16:11:24.092,18929,18930,18930,1,1
2024-02-29 16:11:24.621,18929,18930,18930,2,2
2024-02-29 16:11:24.621,18929,18930,18930,1,1
2024-02-29 16:11:24.621,18929,18930,18930,1,1
2024-02-29 16:11:24.622,18929,18930,18930,2,2
2024-02-29 16:11:24.622,18929,18930,18930,4,4
2024-02-29 16:11:25.878,18930,18931,18930,1,-1
2024-02-29 16:11:28.149,18929,18930,18930,1,1
2024-02-29 16:11:29.314,18929,18930,18929,1,-1
2024-02-29 16:11:29.314,18929,18930,18929,2,-2
2024-02-29 16:11:29.315,18929,18930,18929,1,-1
2024-02-29 16:11:29.386,18928,18929,18928,1,-1
2024-02-29 16:11:29.888,18928,18929,18929,1,1
2024-02-29 16:11:30.428,18928,18929,18929,1,1
2024-02-29 16:11:31.123,18928,18929,18929,1,1
2024-02-29 16:11:31.478,18928,18929,18928,2,-2
2024-02-29 16:11:31.478,18928,18929,18928,3,-3
2024-02-29 16:11:31.479,18928,18929,18928,2,-2
2024-02-29 16:11:31.752,18927,18928,18927,1,-1
2024-02-29 16:11:31.752,18927,18928,18927,1,-1
2024-02-29 16:11:31.752,18927,18928,18927,2,-2
2024-02-29 16:11:31.752,18927,18928,18927,5,-5
2024-02-29 16:11:31.752,18927,18928,18927,2,-2
2024-02-29 16:11:31.752,18927,18928,18927,7,-7
2024-02-29 16:11:31.752,18927,18928,18927,1,-1
2024-02-29 16:11:31.753,18927,18928,18927,1,-1
2024-02-29 16:11:33.238,18926,18927,18927,1,1
2024-02-29 16:11:34.562,18926,18927,18927,1,1
2024-02-29 16:11:34.828,18926,18927,18927,1,1
2024-02-29 16:11:35.948,18926,18927,18927,1,1
2024-02-29 16:11:36.467,18926,18927,18926,1,-1
2024-02-29 16:11:36.684,18926,18928,18926,3,-3
2024-02-29 16:11:37.381,18926,18928,18926,1,-1
2024-02-29 16:11:38.279,18926,18928,18928,2,2
2024-02-29 16:11:39.039,18927,18928,18928,1,1
2024-02-29 16:11:40.102,18927,18928,18927,1,-1
2024-02-29 16:11:40.214,18926,18928,18927,1,-1
2024-02-29 16:11:40.357,18926,18927,18926,1,-1
2024-02-29 16:11:40.832,18926,18927,18926,1,-1
2024-02-29 16:11:42.331,18926,18927,18927,1,1
2024-02-29 16:11:42.331,18926,18927,18927,6,6
2024-02-29 16:11:42.730,18927,18928,18928,1,1
2024-02-29 16:11:43.465,18927,18929,18927,3,-3
2024-02-29 16:11:44.709,18928,18929,18929,1,1
2024-02-29 16:11:45.429,18928,18929,18929,1,1
2024-02-29 16:11:45.464,18928,18929,18929,1,1
2024-02-29 16:11:45.652,18928,18929,18929,2,2
2024-02-29 16:11:46.404,18929,18930,18929,1,-1
2024-02-29 16:11:48.364,18929,18930,18929,1,-1
2024-02-29 16:11:49.206,18929,18930,18929,1,-1
2024-02-29 16:11:49.375,18929,18930,18929,1,-1
2024-02-29 16:11:49.900,18929,18930,18929,1,-1
2024-02-29 16:11:50.078,18929,18930,18930,1,1
2024-02-29 16:11:52.312,18928,18930,18928,4,-4
2024-02-29 16:11:53.303,18928,18930,18930,1,1
2024-02-29 16:11:55.317,18929,18930,18929,4,-4
2024-02-29 16:11:56.729,18929,18930,18929,3,-3
2024-02-29 16:11:57.020,18929,18930,18930,1,1
2024-02-29 16:11:57.793,18929,18930,18929,3,-3
2024-02-29 16:11:58.218,18929,18930,18930,15,15
2024-02-29 16:11:58.230,18929,18930,18930,2,2
2024-02-29 16:11:58.604,18930,18931,18930,1,-1
2024-02-29 16:11:58.604,18930,18931,18929,19,-19
2024-02-29 16:11:59.209,18928,18929,18929,1,1
2024-02-29 16:12:01.309,18928,18929,18928,1,-1
2024-02-29 16:12:01.766,18928,18929,18928,2,-2
2024-02-29 16:12:01.767,18928,18929,18928,1,-1
2024-02-29 16:12:01.772,18928,18929,18927,2,-2
2024-02-29 16:12:01.784,18928,18929,18927,1,-1
2024-02-29 16:12:01.786,18928,18929,18927,1,-1
2024-02-29 16:12:01.790,18928,18929,18927,1,-1
2024-02-29 16:12:01.790,18928,18929,18927,4,-4
2024-02-29 16:12:01.829,18928,18929,18926,1,-1
2024-02-29 16:12:01.853,18928,18929,18927,10,-10
2024-02-29 16:12:01.865,18928,18929,18927,2,-2
2024-02-29 16:12:01.882,18927,18928,18927,1,-1
2024-02-29 16:12:01.981,18927,18928,18927,1,-1
2024-02-29 16:12:01.987,18927,18928,18926,1,-1
2024-02-29 16:12:02.214,18927,18928,18927,1,-1
2024-02-29 16:12:03.708,18927,18928,18927,1,-1
2024-02-29 16:12:03.717,18927,18928,18927,1,-1
2024-02-29 16:12:05.211,18927,18928,18927,1,-1
2024-02-29 16:12:05.211,18927,18928,18926,1,-1
2024-02-29 16:12:07.727,18927,18929,18929,5,5
2024-02-29 16:12:08.045,18928,18929,18928,1,-1
2024-02-29 16:12:08.045,18928,18929,18928,2,-2
2024-02-29 16:12:09.016,18927,18929,18929,1,1
2024-02-29 16:12:10.724,18927,18929,18927,1,-1
2024-02-29 16:12:14.766,18927,18928,18927,2,-2
2024-02-29 16:12:15.733,18927,18928,18928,5,5
2024-02-29 16:12:18.031,18927,18928,18927,1,-1
2024-02-29 16:12:19.653,18927,18928,18928,1,1
2024-02-29 16:12:19.653,18927,18928,18928,1,1
2024-02-29 16:12:19.658,18927,18928,18928,1,1
2024-02-29 16:12:23.567,18927,18929,18927,1,-1
2024-02-29 16:12:24.032,18927,18929,18927,2,-2
2024-02-29 16:12:24.584,18927,18929,18929,4,4
2024-02-29 16:12:25.554,18927,18929,18927,2,-2
2024-02-29 16:12:31.729,18927,18929,18927,1,-1
2024-02-29 16:12:32.324,18927,18928,18928,1,1
2024-02-29 16:12:32.325,18927,18928,18928,2,2
2024-02-29 16:12:35.600,18928,18929,18929,1,1
2024-02-29 16:12:38.028,18929,18930,18929,1,-1
2024-02-29 16:12:38.919,18929,18930,18930,8,8
2024-02-29 16:12:41.622,18930,18931,18931,2,2
2024-02-29 16:12:41.622,18930,18931,18931,2,2
2024-02-29 16:12:41.622,18930,18931,18931,2,2
2024-02-29 16:12:42.934,18931,18932,18930,2,-2
2024-02-29 16:12:48.324,18930,18932,18930,2,-2
2024-02-29 16:12:50.134,18930,18932,18930,2,-2
2024-02-29 16:12:52.172,18930,18931,18930,2,-2
2024-02-29 16:12:53.385,18930,18931,18930,1,-1
2024-02-29 16:12:53.888,18930,18931,18930,2,-2
2024-02-29 16:12:58.072,18930,18931,18930,3,-3
2024-02-29 16:12:59.748,18930,18931,18930,2,-2
2024-02-29 16:13:02.113,18930,18931,18930,2,-2
2024-02-29 16:13:02.574,18930,18931,18931,1,1
2024-02-29 16:13:02.741,18930,18931,18930,1,-1
2024-02-29 16:13:03.295,18930,18931,18930,4,-4
2024-02-29 16:13:04.071,18930,18931,18931,1,1
2024-02-29 16:13:04.072,18930,18931,18931,1,1
2024-02-29 16:13:04.072,18930,18931,18931,1,1
2024-02-29 16:13:04.743,18930,18932,18930,2,-2
2024-02-29 16:13:07.221,18931,18932,18931,1,-1
2024-02-29 16:13:07.221,18931,18932,18930,1,-1
2024-02-29 16:13:10.627,18930,18932,18930,1,-1
2024-02-29 16:13:11.158,18930,18931,18931,1,1
2024-02-29 16:13:14.625,18930,18932,18932,1,1
2024-02-29 16:13:17.544,18931,18932,18931,1,-1
2024-02-29 16:13:18.563,18931,18932,18932,1,1
2024-02-29 16:13:18.749,18931,18932,18931,2,-2
2024-02-29 16:13:24.618,18931,18932,18931,1,-1
2024-02-29 16:13:24.723,18930,18931,18931,1,1
2024-02-29 16:13:25.048,18930,18931,18931,1,1
2024-02-29 16:13:29.951,18931,18932,18931,1,-1
2024-02-29 16:13:29.951,18931,18932,18930,1,-1
2024-02-29 16:13:30.965,18930,18932,18931,1,-1
2024-02-29 16:13:32.091,18930,18932,18930,2,-2
2024-02-29 16:13:33.391,18931,18932,18932,1,1
2024-02-29 16:13:35.533,18931,18932,18932,1,1
2024-02-29 16:13:35.670,18931,18932,18931,2,-2
2024-02-29 16:13:37.928,18930,18932,18930,2,-2
2024-02-29 16:13:40.230,18931,18932,18931,1,-1
2024-02-29 16:13:42.778,18931,18932,18931,2,-2
2024-02-29 16:13:45.574,18930,18931,18931,1,1
2024-02-29 16:13:45.585,18930,18931,18930,2,-2
2024-02-29 16:13:47.580,18930,18931,18930,5,-5
2024-02-29 16:13:47.691,18930,18931,18930,2,-2
2024-02-29 16:13:47.691,18930,18931,18930,9,-9
2024-02-29 16:13:47.692,18930,18931,18930,2,-2
2024-02-29 16:13:47.946,18930,18931,18930,5,-5
2024-02-29 16:13:48.195,18930,18931,18930,5,-5
2024-02-29 16:13:49.768,18930,18931,18930,2,-2
2024-02-29 16:13:51.907,18930,18931,18930,2,-2
2024-02-29 16:13:52.215,18930,18931,18931,1,1
2024-02-29 16:13:53.738,18930,18931,18930,2,-2
2024-02-29 16:13:55.728,18930,18931,18930,1,-1
2024-02-29 16:13:55.728,18930,18931,18929,1,-1
2024-02-29 16:13:56.995,18929,18930,18930,1,1
2024-02-29 16:13:57.299,18929,18930,18929,3,-3
2024-02-29 16:13:57.866,18929,18930,18929,2,-2
2024-02-29 16:13:59.734,18929,18930,18929,2,-2
2024-02-29 16:14:01.009,18929,18930,18929,5,-5
2024-02-29 16:14:01.737,18929,18930,18929,2,-2
2024-02-29 16:14:02.063,18928,18930,18930,1,1
2024-02-29 16:14:02.317,18928,18930,18928,1,-1
2024-02-29 16:14:03.191,18929,18930,18929,1,-1
2024-02-29 16:14:04.190,18928,18930,18928,2,-2
2024-02-29 16:14:05.378,18928,18930,18929,1,-1
2024-02-29 16:14:06.110,18928,18930,18930,5,5
2024-02-29 16:14:06.698,18929,18931,18929,1,-1
2024-02-29 16:14:06.740,18929,18931,18929,2,-2
2024-02-29 16:14:11.658,18929,18930,18930,3,3
2024-02-29 16:14:15.066,18930,18931,18931,2,2
2024-02-29 16:14:15.066,18930,18931,18931,1,1
2024-02-29 16:14:15.066,18930,18931,18931,1,1
2024-02-29 16:14:15.066,18930,18931,18931,1,1
2024-02-29 16:14:15.066,18930,18931,18931,2,2
2024-02-29 16:14:15.066,18930,18931,18931,1,1
2024-02-29 16:14:15.447,18931,18932,18931,1,-1
2024-02-29 16:14:16.820,18931,18932,18932,1,1
2024-02-29 16:14:17.982,18931,18932,18932,2,2
2024-02-29 16:14:18.312,18931,18933,18931,1,-1
2024-02-29 16:14:22.121,18932,18933,18932,2,-2
2024-02-29 16:14:24.133,18932,18933,18932,2,-2
2024-02-29 16:14:26.638,18931,18932,18931,2,-2
2024-02-29 16:14:27.790,18930,18932,18932,1,1
2024-02-29 16:14:28.128,18930,18932,18930,1,-1
2024-02-29 16:14:28.652,18930,18932,18932,1,1
2024-02-29 16:14:29.084,18930,18932,18930,2,-2
2024-02-29 16:14:30.145,18930,18932,18930,2,-2
2024-02-29 16:14:32.543,18931,18932,18932,12,12
2024-02-29 16:14:32.543,18931,18932,18933,22,22
2024-02-29 16:14:34.664,18931,18933,18933,2,2
2024-02-29 16:14:35.254,18931,18932,18931,1,-1
2024-02-29 16:14:43.508,18931,18932,18932,1,1
2024-02-29 16:14:44.787,18931,18932,18932,1,1
2024-02-29 16:14:48.698,18932,18933,18932,2,-2
2024-02-29 16:14:49.596,18932,18933,18933,1,1
2024-02-29 16:14:50.504,18933,18934,18933,1,-1
2024-02-29 16:14:52.275,18933,18934,18933,2,-2
2024-02-29 16:14:54.401,18933,18934,18933,1,-1
2024-02-29 16:14:54.785,18932,18934,18934,3,3
2024-02-29 16:14:56.447,18932,18934,18932,2,-2
2024-02-29 16:14:58.826,18932,18934,18932,2,-2
2024-02-29 16:15:01.012,18932,18934,18932,2,-2
2024-02-29 16:15:01.321,18932,18933,18933,2,2
2024-02-29 16:15:01.337,18932,18933,18933,1,1
2024-02-29 16:15:01.338,18932,18933,18933,1,1
2024-02-29 16:15:01.400,18932,18933,18932,1,-1
2024-02-29 16:15:01.735,18932,18933,18932,1,-1
2024-02-29 16:15:05.557,18931,18932,18932,1,1
2024-02-29 16:15:05.732,18932,18933,18932,1,-1
2024-02-29 16:15:17.170,18932,18933,18933,1,1
2024-02-29 16:15:18.839,18932,18934,18934,1,1
2024-02-29 16:15:20.544,18932,18934,18932,2,-2
2024-02-29 16:15:21.464,18932,18934,18932,1,-1
2024-02-29 16:15:21.866,18932,18933,18933,1,1
2024-02-29 16:15:25.888,18932,18933,18933,1,1
2024-02-29 16:15:25.888,18932,18933,18933,1,1
2024-02-29 16:15:25.889,18932,18933,18933,1,1
2024-02-29 16:15:26.408,18933,18934,18934,1,1
2024-02-29 16:15:28.554,18933,18935,18933,2,-2
2024-02-29 16:15:29.523,18933,18934,18933,1,-1
2024-02-29 16:15:30.844,18932,18934,18932,2,-2
2024-02-29 16:15:35.625,18932,18934,18932,2,-2
2024-02-29 16:15:37.639,18932,18934,18934,1,1
2024-02-29 16:15:37.980,18932,18933,18932,2,-2
2024-02-29 16:15:39.011,18932,18933,18932,1,-1
2024-02-29 16:15:40.114,18932,18933,18932,2,-2
2024-02-29 16:15:45.601,18932,18933,18933,1,1
2024-02-29 16:15:46.164,18932,18933,18933,1,1
2024-02-29 16:15:46.165,18932,18933,18933,1,1
2024-02-29 16:15:49.275,18933,18934,18934,2,2
2024-02-29 16:15:50.710,18933,18934,18933,1,-1
2024-02-29 16:15:50.772,18933,18934,18933,1,-1
2024-02-29 16:15:52.728,18933,18934,18933,2,-2
2024-02-29 16:15:53.085,18933,18934,18934,1,1
2024-02-29 16:15:54.701,18933,18934,18933,1,-1
