2019-08-19 15:00:00.018,10493,10494,10494,60
2019-08-19 15:00:00.019,10494,10495,10494,1
2019-08-19 15:00:00.071,10494,10495,10495,1
2019-08-19 15:00:00.083,10494,10495,10495,1
2019-08-19 15:00:00.100,10494,10495,10495,13
2019-08-19 15:00:00.204,10494,10496,10496,1
2019-08-19 15:00:00.216,10494,10496,10495,1
2019-08-19 15:00:00.221,10494,10496,10496,1
2019-08-19 15:00:00.240,10494,10496,10496,1
2019-08-19 15:00:00.253,10494,10496,10496,1
2019-08-19 15:00:00.256,10494,10496,10496,3
2019-08-19 15:00:00.260,10495,10496,10496,1
2019-08-19 15:00:00.268,10495,10496,10496,1
2019-08-19 15:00:00.282,10495,10496,10496,1
2019-08-19 15:00:00.301,10495,10496,10496,1
2019-08-19 15:00:00.315,10495,10496,10496,1
2019-08-19 15:00:00.319,10495,10496,10496,1
2019-08-19 15:00:00.349,10495,10496,10496,1
2019-08-19 15:00:00.488,10495,10496,10496,1
2019-08-19 15:00:00.508,10495,10496,10496,2
2019-08-19 15:00:00.513,10495,10497,10496,2
2019-08-19 15:00:00.529,10495,10497,10497,1
2019-08-19 15:00:00.701,10495,10497,10497,2
2019-08-19 15:00:00.762,10496,10497,10497,2
2019-08-19 15:00:00.792,10496,10497,10497,1
2019-08-19 15:00:00.942,10496,10497,10496,1
2019-08-19 15:00:00.970,10496,10497,10497,2
2019-08-19 15:00:01.133,10496,10497,10497,1
2019-08-19 15:00:01.195,10496,10497,10496,1
2019-08-19 15:00:01.274,10496,10497,10497,1
2019-08-19 15:00:01.294,10496,10497,10496,1
2019-08-19 15:00:01.389,10496,10497,10496,1
2019-08-19 15:00:01.516,10496,10497,10497,1
2019-08-19 15:00:01.551,10496,10497,10496,1
2019-08-19 15:00:01.626,10496,10497,10497,1
2019-08-19 15:00:01.648,10496,10497,10496,1
2019-08-19 15:00:01.967,10495,10497,10496,1
2019-08-19 15:00:01.968,10495,10497,10496,1
2019-08-19 15:00:02.016,10496,10497,10496,1
2019-08-19 15:00:02.963,10495,10496,10496,4
2019-08-19 15:00:03.096,10495,10496,10496,1
2019-08-19 15:00:04.343,10495,10496,10495,3
2019-08-19 15:00:04.355,10495,10496,10496,1
2019-08-19 15:00:04.385,10495,10496,10495,9
2019-08-19 15:00:04.385,10495,10496,10495,2
2019-08-19 15:00:04.528,10494,10496,10495,1
2019-08-19 15:00:05.065,10494,10495,10495,1
2019-08-19 15:00:05.674,10494,10495,10494,4
2019-08-19 15:00:06.199,10494,10495,10495,1
2019-08-19 15:00:07.045,10494,10495,10494,1
2019-08-19 15:00:07.544,10494,10495,10495,5
2019-08-19 15:00:07.962,10494,10495,10494,4
2019-08-19 15:00:08.669,10494,10495,10494,1
2019-08-19 15:00:09.973,10494,10495,10494,1
2019-08-19 15:00:10.420,10493,10494,10494,1
2019-08-19 15:00:10.676,10493,10494,10493,1
2019-08-19 15:00:11.152,10493,10494,10494,1
2019-08-19 15:00:11.416,10493,10494,10494,1
2019-08-19 15:00:11.593,10493,10494,10494,1
2019-08-19 15:00:11.689,10493,10494,10494,4
2019-08-19 15:00:11.689,10493,10494,10495,2
2019-08-19 15:00:11.760,10493,10494,10494,1
2019-08-19 15:00:15.531,10494,10495,10495,4
2019-08-19 15:00:16.041,10495,10496,10495,1
2019-08-19 15:00:16.435,10495,10496,10496,5
2019-08-19 15:00:16.626,10495,10496,10495,2
2019-08-19 15:00:16.659,10495,10496,10496,1
2019-08-19 15:00:16.909,10495,10496,10495,1
2019-08-19 15:00:19.420,10494,10496,10494,5
2019-08-19 15:00:19.479,10494,10496,10495,2
2019-08-19 15:00:19.635,10495,10496,10495,1
2019-08-19 15:00:20.117,10494,10496,10496,1
2019-08-19 15:00:20.602,10495,10496,10495,1
2019-08-19 15:00:21.897,10495,10496,10495,4
2019-08-19 15:00:21.908,10495,10496,10495,2
2019-08-19 15:00:22.019,10495,10496,10495,3
2019-08-19 15:00:25.175,10495,10496,10495,3
2019-08-19 15:00:27.786,10495,10496,10496,1
2019-08-19 15:00:28.528,10495,10496,10496,11
2019-08-19 15:00:29.842,10496,10497,10496,1
2019-08-19 15:00:31.629,10496,10497,10496,3
2019-08-19 15:00:32.035,10496,10497,10496,5
2019-08-19 15:00:33.504,10496,10497,10496,1
2019-08-19 15:00:34.543,10496,10497,10497,1
2019-08-19 15:00:34.815,10496,10497,10496,3
2019-08-19 15:00:35.010,10495,10496,10496,1
2019-08-19 15:00:35.139,10496,10497,10496,1
2019-08-19 15:00:35.161,10496,10497,10496,2
2019-08-19 15:00:36.562,10496,10497,10496,1
2019-08-19 15:00:40.903,10496,10497,10497,2
2019-08-19 15:00:41.175,10496,10497,10497,2
2019-08-19 15:00:41.594,10496,10497,10496,1
2019-08-19 15:00:41.621,10496,10497,10497,2
2019-08-19 15:00:41.667,10496,10497,10496,1
2019-08-19 15:00:41.863,10496,10497,10496,2
2019-08-19 15:00:42.155,10496,10497,10497,7
2019-08-19 15:00:42.880,10497,10498,10496,1
2019-08-19 15:00:43.514,10496,10498,10496,1
2019-08-19 15:00:45.187,10496,10497,10496,10
2019-08-19 15:00:46.536,10496,10497,10497,5
2019-08-19 15:00:47.193,10496,10498,10498,1
2019-08-19 15:00:47.326,10496,10498,10498,1
2019-08-19 15:00:47.356,10496,10498,10498,1
2019-08-19 15:00:47.739,10496,10498,10496,1
2019-08-19 15:00:50.277,10496,10498,10497,1
2019-08-19 15:00:50.717,10496,10498,10498,1
2019-08-19 15:00:51.426,10496,10498,10497,1
2019-08-19 15:00:51.426,10496,10498,10498,1
2019-08-19 15:00:52.760,10496,10497,10497,1
2019-08-19 15:00:53.323,10497,10498,10497,2
2019-08-19 15:00:53.999,10497,10498,10498,7
2019-08-19 15:00:54.510,10497,10498,10498,1
2019-08-19 15:00:54.657,10497,10499,10498,1
2019-08-19 15:00:54.657,10497,10499,10497,3
2019-08-19 15:00:55.279,10498,10499,10499,24
2019-08-19 15:00:55.333,10498,10499,10500,1
2019-08-19 15:00:55.445,10498,10500,10500,1
2019-08-19 15:00:55.467,10498,10500,10498,1
2019-08-19 15:00:55.478,10498,10500,10500,2
2019-08-19 15:00:55.479,10498,10500,10498,1
2019-08-19 15:00:55.482,10498,10500,10500,1
2019-08-19 15:00:55.508,10498,10500,10500,3
2019-08-19 15:00:55.538,10498,10500,10499,1
2019-08-19 15:00:55.619,10498,10500,10500,1
2019-08-19 15:00:55.632,10498,10500,10499,1
2019-08-19 15:00:55.807,10499,10500,10499,1
2019-08-19 15:00:55.934,10499,10500,10500,3
2019-08-19 15:00:55.978,10499,10500,10499,1
2019-08-19 15:00:56.278,10499,10500,10500,1
2019-08-19 15:00:56.947,10499,10500,10500,1
2019-08-19 15:00:57.530,10499,10500,10500,1
2019-08-19 15:00:58.622,10499,10500,10500,4
2019-08-19 15:00:58.889,10499,10500,10500,2
2019-08-19 15:00:59.149,10499,10500,10499,1
2019-08-19 15:00:59.201,10499,10500,10499,1
2019-08-19 15:00:59.510,10499,10500,10500,7
2019-08-19 15:00:59.635,10499,10500,10500,1
2019-08-19 15:00:59.732,10499,10500,10500,2
2019-08-19 15:00:59.760,10499,10500,10500,3
2019-08-19 15:00:59.885,10499,10500,10500,1
2019-08-19 15:00:59.885,10499,10500,10500,1
2019-08-19 15:01:00.073,10499,10501,10501,1
2019-08-19 15:01:00.135,10500,10501,10500,1
2019-08-19 15:01:00.215,10500,10501,10501,3
2019-08-19 15:01:00.281,10500,10501,10501,3
2019-08-19 15:01:00.386,10501,10502,10501,2
2019-08-19 15:01:00.399,10501,10502,10502,1
2019-08-19 15:01:00.602,10500,10502,10502,1
2019-08-19 15:01:00.635,10501,10502,10501,1
2019-08-19 15:01:00.883,10501,10502,10502,2
2019-08-19 15:01:00.886,10501,10502,10502,1
2019-08-19 15:01:00.927,10501,10502,10502,1
2019-08-19 15:01:00.927,10501,10502,10503,1
2019-08-19 15:01:01.006,10501,10502,10501,1
2019-08-19 15:01:01.107,10501,10503,10503,1
2019-08-19 15:01:01.159,10502,10503,10503,1
2019-08-19 15:01:01.673,10502,10503,10502,2
2019-08-19 15:01:01.701,10502,10503,10503,2
2019-08-19 15:01:01.808,10502,10504,10504,1
2019-08-19 15:01:02.281,10503,10504,10503,1
2019-08-19 15:01:02.477,10503,10504,10503,4
2019-08-19 15:01:02.498,10503,10504,10503,2
2019-08-19 15:01:02.498,10503,10504,10504,1
2019-08-19 15:01:02.998,10503,10504,10504,1
2019-08-19 15:01:03.466,10503,10504,10504,1
2019-08-19 15:01:04.293,10503,10504,10504,1
2019-08-19 15:01:04.327,10503,10504,10504,1
2019-08-19 15:01:04.337,10503,10504,10504,1
2019-08-19 15:01:04.337,10503,10504,10504,1
2019-08-19 15:01:04.824,10503,10504,10504,1
2019-08-19 15:01:04.862,10503,10504,10504,1
2019-08-19 15:01:04.943,10503,10504,10503,1
2019-08-19 15:01:05.056,10503,10504,10504,2
2019-08-19 15:01:05.305,10503,10504,10504,5
2019-08-19 15:01:05.676,10503,10504,10504,3
2019-08-19 15:01:05.838,10503,10505,10505,1
2019-08-19 15:01:05.851,10503,10505,10505,5
2019-08-19 15:01:05.886,10504,10505,10504,2
2019-08-19 15:01:06.014,10504,10505,10506,3
2019-08-19 15:01:06.146,10505,10506,10506,1
2019-08-19 15:01:06.791,10505,10507,10505,4
2019-08-19 15:01:07.049,10505,10506,10506,1
2019-08-19 15:01:07.157,10505,10506,10505,1
2019-08-19 15:01:07.236,10505,10506,10506,4
2019-08-19 15:01:07.293,10505,10506,10506,1
2019-08-19 15:01:07.857,10505,10506,10506,1
2019-08-19 15:01:08.135,10505,10506,10505,2
2019-08-19 15:01:08.286,10504,10506,10505,1
2019-08-19 15:01:08.529,10504,10505,10505,1
2019-08-19 15:01:08.659,10504,10505,10504,1
2019-08-19 15:01:08.780,10504,10505,10504,1
2019-08-19 15:01:08.872,10504,10505,10504,4
2019-08-19 15:01:08.966,10504,10505,10504,1
2019-08-19 15:01:09.651,10503,10504,10504,1
2019-08-19 15:01:09.772,10503,10504,10504,1
2019-08-19 15:01:09.931,10503,10504,10504,1
2019-08-19 15:01:10.609,10503,10504,10503,5
2019-08-19 15:01:10.644,10503,10504,10503,9
2019-08-19 15:01:10.740,10503,10504,10503,1
2019-08-19 15:01:11.004,10502,10503,10502,1
2019-08-19 15:01:11.073,10502,10503,10503,3
2019-08-19 15:01:11.718,10502,10503,10502,1
2019-08-19 15:01:11.839,10502,10503,10502,2
2019-08-19 15:01:11.968,10501,10503,10503,4
2019-08-19 15:01:12.416,10502,10503,10502,1
2019-08-19 15:01:12.986,10502,10503,10502,1
2019-08-19 15:01:13.267,10502,10503,10502,1
2019-08-19 15:01:14.455,10502,10503,10503,2
2019-08-19 15:01:14.510,10502,10503,10502,1
2019-08-19 15:01:14.544,10502,10503,10502,1
2019-08-19 15:01:15.434,10502,10503,10503,1
2019-08-19 15:01:15.951,10502,10503,10502,1
2019-08-19 15:01:17.212,10502,10503,10503,1
2019-08-19 15:01:17.364,10502,10503,10503,1
2019-08-19 15:01:17.389,10502,10503,10503,1
2019-08-19 15:01:17.470,10502,10503,10502,1
2019-08-19 15:01:17.973,10502,10503,10503,1
2019-08-19 15:01:18.017,10502,10503,10502,1
2019-08-19 15:01:18.298,10502,10503,10503,12
2019-08-19 15:01:19.571,10502,10503,10503,1
2019-08-19 15:01:20.056,10502,10504,10502,1
2019-08-19 15:01:20.444,10502,10504,10502,1
2019-08-19 15:01:24.833,10502,10503,10503,4
2019-08-19 15:01:25.306,10502,10503,10502,1
2019-08-19 15:01:25.747,10502,10503,10502,7
2019-08-19 15:01:25.747,10502,10503,10501,19
2019-08-19 15:01:26.813,10501,10502,10501,1
2019-08-19 15:01:27.013,10501,10502,10501,1
2019-08-19 15:01:27.165,10500,10501,10501,1
2019-08-19 15:01:28.005,10500,10501,10501,1
2019-08-19 15:01:28.135,10500,10501,10501,2
2019-08-19 15:01:28.921,10500,10501,10500,1
2019-08-19 15:01:29.665,10499,10501,10501,1
2019-08-19 15:01:30.949,10499,10500,10500,2
2019-08-19 15:01:31.560,10499,10500,10499,1
2019-08-19 15:01:32.875,10499,10500,10499,1
2019-08-19 15:01:34.308,10499,10500,10499,1
2019-08-19 15:01:36.120,10499,10500,10500,5
2019-08-19 15:01:39.214,10499,10501,10500,1
2019-08-19 15:01:41.300,10499,10500,10500,1
2019-08-19 15:01:41.884,10500,10501,10500,1
2019-08-19 15:01:42.083,10499,10501,10501,1
2019-08-19 15:01:42.155,10499,10500,10500,1
2019-08-19 15:01:42.729,10500,10501,10500,1
2019-08-19 15:01:43.480,10500,10501,10500,1
2019-08-19 15:01:44.449,10500,10501,10500,3
2019-08-19 15:01:44.478,10500,10501,10500,1
2019-08-19 15:01:44.956,10500,10501,10501,3
2019-08-19 15:01:45.555,10500,10501,10501,1
2019-08-19 15:01:48.382,10500,10501,10500,1
2019-08-19 15:01:49.577,10500,10501,10500,1
2019-08-19 15:01:50.568,10500,10501,10500,2
2019-08-19 15:01:51.671,10500,10501,10500,1
2019-08-19 15:01:54.509,10500,10501,10500,1
2019-08-19 15:01:56.003,10500,10501,10500,1
2019-08-19 15:01:56.737,10500,10501,10500,1
2019-08-19 15:01:58.526,10500,10501,10501,1
2019-08-19 15:02:01.998,10500,10501,10500,1
2019-08-19 15:02:03.023,10500,10501,10500,1
2019-08-19 15:02:04.113,10500,10501,10500,1
2019-08-19 15:02:07.020,10500,10501,10501,1
2019-08-19 15:02:08.927,10500,10501,10500,1
2019-08-19 15:02:11.764,10500,10501,10500,1
2019-08-19 15:02:15.920,10500,10501,10500,2
2019-08-19 15:02:16.895,10500,10501,10501,1
2019-08-19 15:02:17.191,10500,10501,10501,1
2019-08-19 15:02:17.881,10500,10501,10501,1
2019-08-19 15:02:18.753,10500,10501,10500,1
2019-08-19 15:02:19.075,10500,10501,10501,1
2019-08-19 15:02:20.623,10500,10501,10500,1
2019-08-19 15:02:21.118,10500,10501,10500,1
2019-08-19 15:02:21.775,10500,10501,10500,1
2019-08-19 15:02:26.899,10500,10501,10500,1
2019-08-19 15:02:27.210,10500,10501,10500,2
2019-08-19 15:02:28.526,10500,10501,10500,1
2019-08-19 15:02:30.152,10500,10501,10501,6
2019-08-19 15:02:30.260,10500,10501,10501,16
2019-08-19 15:02:30.277,10500,10501,10501,3
2019-08-19 15:02:32.506,10501,10502,10501,1
2019-08-19 15:02:33.658,10501,10502,10501,3
2019-08-19 15:02:33.954,10500,10501,10501,1
2019-08-19 15:02:33.954,10500,10501,10502,4
2019-08-19 15:02:38.520,10500,10501,10501,1
2019-08-19 15:02:39.503,10500,10501,10500,1
2019-08-19 15:02:39.548,10500,10501,10500,1
2019-08-19 15:02:40.137,10500,10501,10501,1
2019-08-19 15:02:42.329,10501,10502,10501,1
2019-08-19 15:02:42.721,10501,10502,10502,1
2019-08-19 15:02:45.793,10501,10502,10501,1
2019-08-19 15:02:46.388,10501,10502,10502,1
2019-08-19 15:02:46.527,10501,10502,10502,16
2019-08-19 15:02:46.765,10502,10503,10502,1
2019-08-19 15:02:47.142,10502,10503,10502,1
2019-08-19 15:02:48.294,10502,10503,10502,1
2019-08-19 15:02:48.918,10502,10503,10502,1
2019-08-19 15:02:51.186,10502,10503,10502,1
2019-08-19 15:02:51.269,10502,10503,10503,1
2019-08-19 15:02:52.109,10502,10503,10503,1
2019-08-19 15:02:53.077,10502,10503,10503,5
2019-08-19 15:02:53.722,10502,10503,10502,1
2019-08-19 15:02:55.517,10502,10503,10502,1
2019-08-19 15:02:55.721,10502,10503,10503,5
2019-08-19 15:03:02.044,10502,10503,10503,1
2019-08-19 15:03:02.135,10502,10503,10502,1
2019-08-19 15:03:02.374,10502,10503,10502,1
2019-08-19 15:03:02.758,10502,10503,10503,2
2019-08-19 15:03:03.623,10502,10503,10503,1
2019-08-19 15:03:04.091,10502,10503,10503,2
2019-08-19 15:03:04.399,10502,10503,10503,7
2019-08-19 15:03:05.799,10502,10503,10503,1
2019-08-19 15:03:08.289,10502,10503,10502,1
2019-08-19 15:03:08.341,10502,10503,10503,1
2019-08-19 15:03:11.622,10502,10503,10502,1
2019-08-19 15:03:11.842,10502,10503,10503,1
2019-08-19 15:03:12.485,10502,10503,10503,1
2019-08-19 15:03:12.878,10502,10503,10503,8
2019-08-19 15:03:13.177,10502,10504,10502,1
2019-08-19 15:03:14.943,10502,10503,10503,1
2019-08-19 15:03:15.945,10502,10503,10503,1
2019-08-19 15:03:17.388,10502,10503,10502,1
2019-08-19 15:03:19.590,10502,10503,10503,1
2019-08-19 15:03:20.196,10502,10503,10503,1
2019-08-19 15:03:20.395,10502,10503,10503,1
2019-08-19 15:03:20.784,10502,10503,10503,1
2019-08-19 15:03:22.524,10502,10503,10502,1
2019-08-19 15:03:23.140,10502,10503,10502,1
2019-08-19 15:03:25.294,10502,10503,10503,1
2019-08-19 15:03:26.150,10502,10503,10502,3
2019-08-19 15:03:26.740,10502,10503,10502,1
2019-08-19 15:03:27.318,10502,10503,10503,1
2019-08-19 15:03:31.213,10502,10503,10503,1
2019-08-19 15:03:33.587,10502,10503,10503,10
2019-08-19 15:03:35.071,10502,10503,10502,1
2019-08-19 15:03:38.195,10502,10503,10503,4
2019-08-19 15:03:40.149,10502,10503,10502,13
2019-08-19 15:03:40.416,10501,10502,10502,1
2019-08-19 15:03:41.954,10501,10502,10502,6
2019-08-19 15:03:42.408,10502,10503,10503,1
2019-08-19 15:03:43.136,10502,10503,10503,1
2019-08-19 15:03:43.864,10502,10503,10502,1
2019-08-19 15:03:44.395,10502,10503,10503,2
2019-08-19 15:03:45.132,10502,10503,10502,1
2019-08-19 15:03:48.357,10502,10503,10502,4
2019-08-19 15:03:52.391,10501,10502,10502,1
2019-08-19 15:03:53.135,10501,10502,10501,17
2019-08-19 15:03:54.017,10500,10502,10502,1
2019-08-19 15:03:56.656,10501,10502,10501,5
2019-08-19 15:03:56.673,10501,10502,10501,1
2019-08-19 15:03:56.724,10501,10502,10501,1
2019-08-19 15:03:56.724,10501,10502,10501,3
2019-08-19 15:04:02.433,10500,10501,10500,5
2019-08-19 15:04:02.433,10500,10501,10500,4
2019-08-19 15:04:07.611,10500,10501,10500,1
2019-08-19 15:04:10.090,10500,10501,10501,2
2019-08-19 15:04:10.493,10500,10501,10500,1
2019-08-19 15:04:12.679,10500,10501,10500,1
2019-08-19 15:04:12.899,10500,10501,10500,1
2019-08-19 15:04:14.523,10500,10501,10501,10
2019-08-19 15:04:15.457,10500,10501,10500,2
2019-08-19 15:04:18.157,10500,10501,10500,1
2019-08-19 15:04:18.794,10500,10501,10500,1
2019-08-19 15:04:20.631,10500,10501,10500,1
2019-08-19 15:04:20.969,10500,10501,10501,1
2019-08-19 15:04:21.070,10500,10501,10500,1
2019-08-19 15:04:22.813,10500,10501,10500,1
2019-08-19 15:04:25.225,10500,10501,10501,1
2019-08-19 15:04:28.918,10500,10501,10501,1
2019-08-19 15:04:29.758,10500,10501,10500,1
2019-08-19 15:04:31.690,10500,10501,10501,1
2019-08-19 15:04:34.624,10500,10501,10501,1
2019-08-19 15:04:52.846,10500,10501,10500,1
2019-08-19 15:04:53.751,10500,10501,10501,12
2019-08-19 15:04:53.760,10500,10501,10501,4
2019-08-19 15:05:01.686,10501,10502,10502,10
2019-08-19 15:05:01.885,10501,10502,10502,1
2019-08-19 15:05:02.820,10501,10503,10503,1
2019-08-19 15:05:05.543,10501,10502,10502,1
2019-08-19 15:05:05.848,10501,10503,10502,1
2019-08-19 15:05:06.149,10502,10503,10502,1
2019-08-19 15:05:06.149,10502,10503,10501,3
2019-08-19 15:05:15.893,10501,10502,10501,6
2019-08-19 15:05:16.010,10501,10502,10501,1
2019-08-19 15:05:22.068,10500,10501,10501,1
2019-08-19 15:05:23.920,10500,10501,10501,1
2019-08-19 15:05:24.217,10501,10502,10502,1
2019-08-19 15:05:30.579,10501,10503,10501,1
2019-08-19 15:05:34.429,10501,10502,10502,2
2019-08-19 15:05:34.533,10501,10502,10502,1
2019-08-19 15:05:35.315,10501,10502,10502,4
2019-08-19 15:05:41.963,10501,10502,10502,9
2019-08-19 15:05:42.010,10501,10502,10502,8
2019-08-19 15:05:46.402,10502,10503,10502,1
2019-08-19 15:05:46.486,10502,10503,10502,1
2019-08-19 15:05:50.182,10502,10503,10502,1
2019-08-19 15:05:50.792,10502,10503,10502,2
2019-08-19 15:05:55.577,10502,10503,10502,2
2019-08-19 15:05:56.599,10502,10503,10502,2
2019-08-19 15:05:57.209,10502,10503,10502,1
2019-08-19 15:06:00.089,10502,10503,10502,1
2019-08-19 15:06:00.102,10502,10503,10502,1
2019-08-19 15:06:00.105,10502,10503,10502,1
2019-08-19 15:06:00.111,10502,10503,10502,1
2019-08-19 15:06:00.124,10502,10503,10501,1
2019-08-19 15:06:00.128,10502,10503,10501,1
2019-08-19 15:06:00.295,10501,10503,10503,1
2019-08-19 15:06:00.441,10501,10503,10502,1
2019-08-19 15:06:01.327,10502,10503,10503,2
2019-08-19 15:06:07.716,10501,10502,10502,1
2019-08-19 15:06:09.094,10501,10503,10501,1
2019-08-19 15:06:10.851,10501,10503,10503,2
2019-08-19 15:06:14.404,10501,10502,10502,1
2019-08-19 15:06:19.522,10501,10502,10502,3
2019-08-19 15:06:20.266,10501,10502,10502,1
2019-08-19 15:06:26.638,10502,10503,10502,1
2019-08-19 15:06:31.949,10501,10502,10501,1
2019-08-19 15:06:32.034,10501,10502,10502,1
2019-08-19 15:06:32.034,10501,10502,10503,4
2019-08-19 15:06:36.621,10501,10503,10503,1
2019-08-19 15:06:40.876,10502,10503,10502,1
2019-08-19 15:06:45.636,10502,10503,10503,1
2019-08-19 15:06:48.721,10502,10503,10502,1
2019-08-19 15:06:51.767,10501,10502,10502,1
2019-08-19 15:06:58.198,10501,10502,10502,1
2019-08-19 15:07:00.032,10501,10502,10502,4
2019-08-19 15:07:01.100,10502,10503,10503,1
2019-08-19 15:07:02.902,10502,10503,10502,1
2019-08-19 15:07:06.393,10502,10503,10503,1
2019-08-19 15:07:06.665,10502,10503,10502,3
2019-08-19 15:07:15.537,10502,10503,10502,1
2019-08-19 15:07:16.077,10501,10503,10501,2
2019-08-19 15:07:20.304,10501,10502,10502,1
2019-08-19 15:07:26.362,10501,10502,10502,1
2019-08-19 15:07:28.824,10501,10502,10502,2
2019-08-19 15:07:34.102,10501,10502,10501,10
2019-08-19 15:07:34.218,10501,10502,10501,2
2019-08-19 15:07:42.977,10500,10501,10501,1
2019-08-19 15:07:46.564,10501,10502,10501,1
2019-08-19 15:07:49.239,10501,10502,10501,1
2019-08-19 15:07:50.194,10501,10502,10501,1
2019-08-19 15:07:54.872,10500,10501,10501,1
2019-08-19 15:07:54.872,10500,10501,10501,1
2019-08-19 15:07:54.872,10500,10501,10501,1
2019-08-19 15:07:54.873,10500,10501,10501,1
2019-08-19 15:08:01.074,10500,10501,10501,5
2019-08-19 15:08:01.135,10500,10501,10501,6
2019-08-19 15:08:01.135,10500,10501,10501,1
2019-08-19 15:08:08.729,10501,10502,10501,1
2019-08-19 15:08:17.247,10501,10502,10501,1
2019-08-19 15:08:20.263,10501,10502,10501,1
2019-08-19 15:08:24.271,10501,10502,10501,1
2019-08-19 15:08:25.118,10501,10502,10501,1
2019-08-19 15:08:25.788,10501,10502,10501,1
2019-08-19 15:08:28.602,10501,10502,10501,1
2019-08-19 15:08:30.694,10501,10502,10501,1
2019-08-19 15:08:33.135,10501,10502,10501,4
2019-08-19 15:08:36.058,10500,10501,10501,1
2019-08-19 15:08:37.260,10500,10501,10500,2
2019-08-19 15:08:37.290,10500,10501,10501,4
2019-08-19 15:08:37.290,10500,10501,10502,1
2019-08-19 15:08:38.251,10500,10501,10501,1
2019-08-19 15:08:39.147,10500,10501,10501,1
2019-08-19 15:08:41.883,10501,10502,10501,2
2019-08-19 15:08:52.671,10501,10502,10502,1
2019-08-19 15:08:56.547,10501,10502,10501,1
2019-08-19 15:09:11.135,10500,10501,10501,7
2019-08-19 15:09:11.704,10501,10502,10502,2
2019-08-19 15:09:24.041,10501,10502,10502,4
2019-08-19 15:09:27.150,10501,10502,10502,5
2019-08-19 15:09:51.917,10501,10502,10501,2
2019-08-19 15:09:56.535,10501,10502,10501,2
2019-08-19 15:10:00.880,10501,10502,10501,3
2019-08-19 15:10:07.481,10501,10502,10501,1
2019-08-19 15:10:11.129,10501,10502,10502,3
2019-08-19 15:10:15.645,10501,10502,10501,1
2019-08-19 15:10:19.752,10501,10502,10502,6
2019-08-19 15:10:22.646,10501,10502,10501,1
2019-08-19 15:10:24.492,10501,10502,10501,1
2019-08-19 15:10:28.417,10501,10502,10501,1
2019-08-19 15:10:29.360,10501,10502,10501,1
2019-08-19 15:10:29.921,10501,10502,10501,6
2019-08-19 15:10:31.009,10501,10502,10502,1
2019-08-19 15:10:39.314,10501,10502,10502,1
2019-08-19 15:10:42.148,10501,10502,10501,1
2019-08-19 15:10:43.173,10501,10502,10501,1
2019-08-19 15:10:45.330,10501,10502,10501,1
2019-08-19 15:10:46.098,10501,10502,10501,1
2019-08-19 15:10:48.182,10501,10502,10501,1
2019-08-19 15:10:49.814,10501,10502,10501,1
2019-08-19 15:10:56.495,10500,10501,10500,1
2019-08-19 15:11:01.372,10500,10501,10501,2
2019-08-19 15:11:04.396,10500,10501,10501,1
2019-08-19 15:11:05.146,10500,10501,10500,1
2019-08-19 15:11:06.003,10500,10501,10501,2
2019-08-19 15:11:08.761,10500,10501,10501,3
2019-08-19 15:11:20.241,10501,10502,10501,1
2019-08-19 15:11:20.360,10501,10502,10502,1
2019-08-19 15:11:20.371,10501,10502,10502,2
2019-08-19 15:11:20.385,10501,10502,10502,10
2019-08-19 15:11:20.385,10501,10502,10502,2
2019-08-19 15:11:20.455,10501,10502,10501,1
2019-08-19 15:11:20.510,10501,10502,10502,4
2019-08-19 15:11:20.686,10501,10502,10502,1
2019-08-19 15:11:36.033,10502,10503,10502,2
2019-08-19 15:11:37.243,10502,10503,10502,1
2019-08-19 15:11:41.627,10502,10503,10502,5
2019-08-19 15:11:46.177,10502,10503,10502,1
2019-08-19 15:11:59.123,10502,10503,10502,1
2019-08-19 15:11:59.519,10502,10503,10502,1
2019-08-19 15:11:59.828,10502,10503,10502,1
2019-08-19 15:12:17.899,10502,10503,10502,1
2019-08-19 15:12:18.380,10502,10503,10503,2
2019-08-19 15:12:24.549,10502,10503,10502,1
2019-08-19 15:12:25.160,10502,10503,10503,1
2019-08-19 15:12:32.048,10502,10503,10502,1
2019-08-19 15:12:36.049,10502,10503,10503,1
2019-08-19 15:12:36.367,10502,10503,10503,1
2019-08-19 15:12:38.698,10502,10503,10503,2
2019-08-19 15:12:39.924,10502,10503,10503,1
2019-08-19 15:12:40.682,10502,10503,10503,16
2019-08-19 15:12:43.155,10503,10504,10503,1
2019-08-19 15:12:46.245,10503,10504,10503,1
2019-08-19 15:12:52.848,10503,10504,10504,2
2019-08-19 15:12:53.288,10503,10504,10503,2
2019-08-19 15:12:53.753,10503,10504,10504,1
2019-08-19 15:12:55.770,10503,10504,10504,1
2019-08-19 15:12:55.798,10503,10504,10504,1
2019-08-19 15:12:56.223,10503,10504,10503,5
2019-08-19 15:12:57.513,10503,10504,10503,1
2019-08-19 15:12:58.370,10503,10504,10503,3
2019-08-19 15:13:03.189,10502,10503,10503,5
2019-08-19 15:13:09.351,10503,10504,10503,1
2019-08-19 15:13:14.464,10503,10504,10504,1
2019-08-19 15:13:17.894,10503,10504,10503,1
2019-08-19 15:13:22.999,10503,10504,10504,1
2019-08-19 15:13:27.449,10503,10504,10504,1
2019-08-19 15:13:29.968,10503,10504,10504,3
2019-08-19 15:13:31.528,10503,10504,10504,23
2019-08-19 15:13:33.163,10504,10505,10505,1
2019-08-19 15:13:38.876,10504,10505,10505,1
2019-08-19 15:13:40.146,10504,10505,10505,1
2019-08-19 15:13:41.345,10504,10505,10505,1
2019-08-19 15:13:43.141,10504,10505,10505,1
2019-08-19 15:13:45.714,10504,10505,10505,1
2019-08-19 15:13:46.152,10504,10505,10505,1
2019-08-19 15:13:46.434,10504,10505,10505,1
2019-08-19 15:13:46.477,10504,10505,10505,1
2019-08-19 15:13:46.912,10504,10505,10505,1
2019-08-19 15:13:47.242,10504,10505,10505,1
2019-08-19 15:13:48.716,10504,10505,10505,8
2019-08-19 15:13:53.787,10504,10505,10505,1
2019-08-19 15:13:56.855,10504,10505,10504,1
2019-08-19 15:14:01.043,10504,10505,10505,18
2019-08-19 15:14:02.248,10504,10505,10505,2
2019-08-19 15:14:02.281,10504,10505,10505,1
2019-08-19 15:14:02.507,10504,10505,10505,2
2019-08-19 15:14:04.217,10504,10505,10505,10
2019-08-19 15:14:05.020,10505,10506,10505,1
2019-08-19 15:14:05.152,10505,10506,10505,1
2019-08-19 15:14:10.083,10505,10506,10506,1
2019-08-19 15:14:10.157,10505,10506,10506,1
2019-08-19 15:14:11.583,10505,10506,10506,1
2019-08-19 15:14:14.329,10505,10506,10506,1
2019-08-19 15:14:14.497,10505,10506,10506,1
2019-08-19 15:14:14.510,10505,10506,10506,9
2019-08-19 15:14:14.580,10505,10506,10506,1
2019-08-19 15:14:16.053,10506,10507,10507,1
2019-08-19 15:14:16.223,10506,10507,10507,1
2019-08-19 15:14:16.264,10506,10507,10507,1
2019-08-19 15:14:16.275,10506,10507,10507,1
2019-08-19 15:14:16.285,10506,10507,10507,1
2019-08-19 15:14:16.286,10506,10507,10506,1
2019-08-19 15:14:16.311,10506,10507,10507,1
2019-08-19 15:14:16.390,10506,10507,10507,2
2019-08-19 15:14:18.977,10506,10507,10507,4
2019-08-19 15:14:20.140,10506,10507,10507,5
2019-08-19 15:14:20.659,10506,10507,10506,1
2019-08-19 15:14:22.196,10506,10507,10506,1
2019-08-19 15:14:23.911,10506,10507,10507,1
2019-08-19 15:14:24.238,10506,10507,10506,2
2019-08-19 15:14:24.820,10506,10507,10507,1
2019-08-19 15:14:25.837,10506,10507,10507,1
2019-08-19 15:14:27.843,10506,10507,10506,1
2019-08-19 15:14:29.066,10506,10507,10506,1
2019-08-19 15:14:30.042,10506,10507,10507,2
2019-08-19 15:14:30.251,10506,10507,10507,1
2019-08-19 15:14:30.819,10506,10507,10507,4
2019-08-19 15:14:32.210,10507,10508,10507,1
2019-08-19 15:14:32.266,10506,10507,10506,1
2019-08-19 15:14:32.391,10506,10507,10507,1
2019-08-19 15:14:32.391,10506,10507,10508,1
2019-08-19 15:14:32.518,10506,10507,10507,1
2019-08-19 15:14:35.709,10506,10507,10507,2
2019-08-19 15:14:37.845,10506,10507,10507,2
2019-08-19 15:14:38.816,10506,10507,10507,1
2019-08-19 15:14:38.885,10506,10508,10507,1
2019-08-19 15:14:38.979,10506,10508,10506,1
2019-08-19 15:14:41.296,10506,10507,10507,1
2019-08-19 15:14:41.739,10506,10507,10507,1
2019-08-19 15:14:41.741,10506,10507,10507,2
2019-08-19 15:14:42.416,10507,10508,10507,1
2019-08-19 15:14:43.448,10507,10508,10507,6
2019-08-19 15:14:44.369,10507,10508,10507,1
2019-08-19 15:14:49.057,10507,10508,10507,5
2019-08-19 15:14:50.983,10507,10508,10508,4
2019-08-19 15:14:50.983,10507,10508,10508,3
2019-08-19 15:14:50.985,10507,10508,10508,10
2019-08-19 15:14:50.985,10507,10508,10508,1
2019-08-19 15:14:50.994,10507,10508,10508,1
2019-08-19 15:14:51.010,10507,10508,10508,2
2019-08-19 15:14:51.131,10507,10508,10508,2
2019-08-19 15:14:51.672,10507,10509,10509,1
2019-08-19 15:14:51.799,10508,10509,10509,1
2019-08-19 15:14:51.804,10508,10509,10509,1
2019-08-19 15:14:51.934,10508,10509,10509,1
2019-08-19 15:14:52.123,10508,10509,10508,1
2019-08-19 15:14:52.185,10507,10509,10507,1
2019-08-19 15:14:55.240,10507,10508,10507,1
2019-08-19 15:14:55.531,10507,10508,10508,2
2019-08-19 15:14:57.246,10507,10508,10508,1
2019-08-19 15:14:58.012,10507,10508,10508,3
2019-08-19 15:14:59.340,10508,10509,10509,1
2019-08-19 15:14:59.357,10508,10509,10509,1
2019-08-19 15:14:59.674,10508,10509,10508,1
2019-08-19 15:15:00.352,10508,10509,10508,1
2019-08-19 15:15:00.371,10508,10509,10508,1
2019-08-19 15:15:01.885,10507,10508,10508,4
2019-08-19 15:15:02.544,10508,10509,10508,2
2019-08-19 15:15:04.531,10508,10509,10508,1
2019-08-19 15:15:04.531,10508,10509,10508,1
2019-08-19 15:15:04.534,10508,10509,10508,1
2019-08-19 15:15:04.698,10508,10509,10508,2
2019-08-19 15:15:05.056,10508,10509,10509,1
2019-08-19 15:15:05.165,10508,10509,10509,1
2019-08-19 15:15:05.175,10508,10509,10509,1
2019-08-19 15:15:05.305,10508,10509,10509,1
2019-08-19 15:15:05.493,10508,10509,10509,1
2019-08-19 15:15:05.626,10508,10509,10508,4
2019-08-19 15:15:09.045,10508,10509,10508,1
2019-08-19 15:15:09.274,10508,10509,10508,10
2019-08-19 15:15:10.514,10508,10509,10508,1
2019-08-19 15:15:10.761,10507,10508,10508,1
2019-08-19 15:15:11.944,10507,10508,10508,1
2019-08-19 15:15:12.122,10507,10508,10508,1
2019-08-19 15:15:12.998,10507,10508,10508,1
2019-08-19 15:15:16.676,10507,10508,10508,4
2019-08-19 15:15:16.851,10507,10508,10508,1
2019-08-19 15:15:16.987,10507,10508,10508,2
2019-08-19 15:15:17.054,10507,10508,10508,1
2019-08-19 15:15:17.445,10507,10509,10507,1
2019-08-19 15:15:18.170,10507,10508,10508,2
2019-08-19 15:15:19.430,10507,10508,10508,1
2019-08-19 15:15:20.408,10507,10508,10507,5
2019-08-19 15:15:20.703,10507,10508,10508,1
2019-08-19 15:15:22.185,10507,10508,10508,1
2019-08-19 15:15:23.239,10507,10508,10508,1
2019-08-19 15:15:25.411,10507,10508,10508,1
2019-08-19 15:15:28.025,10507,10508,10507,27
2019-08-19 15:15:28.135,10507,10508,10507,2
2019-08-19 15:15:29.053,10506,10507,10507,1
2019-08-19 15:15:29.681,10506,10507,10506,1
2019-08-19 15:15:30.820,10506,10507,10506,4
2019-08-19 15:15:31.094,10506,10507,10506,2
2019-08-19 15:15:31.474,10506,10507,10506,1
2019-08-19 15:15:31.517,10506,10507,10506,16
2019-08-19 15:15:31.594,10506,10507,10507,1
2019-08-19 15:15:33.393,10505,10506,10505,5
2019-08-19 15:15:33.921,10505,10506,10506,1
2019-08-19 15:15:34.336,10505,10506,10505,1
2019-08-19 15:15:35.015,10505,10506,10505,1
2019-08-19 15:15:35.217,10505,10506,10505,1
2019-08-19 15:15:37.486,10505,10506,10505,1
2019-08-19 15:15:38.278,10505,10506,10506,5
2019-08-19 15:15:38.651,10505,10506,10506,12
2019-08-19 15:15:38.651,10505,10506,10507,18
2019-08-19 15:15:38.694,10505,10506,10506,5
2019-08-19 15:15:44.628,10505,10506,10505,7
2019-08-19 15:15:47.153,10504,10505,10505,1
2019-08-19 15:15:51.419,10504,10505,10504,1
2019-08-19 15:15:52.117,10504,10505,10505,2
2019-08-19 15:15:52.353,10504,10505,10504,2
2019-08-19 15:15:53.602,10504,10505,10505,1
2019-08-19 15:15:53.908,10504,10505,10504,2
2019-08-19 15:15:54.510,10504,10505,10505,1
2019-08-19 15:15:54.663,10504,10505,10504,1
2019-08-19 15:15:59.056,10504,10505,10505,2
2019-08-19 15:16:01.378,10504,10505,10504,3
2019-08-19 15:16:03.492,10504,10505,10504,2
2019-08-19 15:16:03.824,10504,10505,10504,1
2019-08-19 15:16:05.543,10504,10505,10504,1
2019-08-19 15:16:07.313,10504,10505,10504,1
2019-08-19 15:16:07.361,10504,10505,10504,1
2019-08-19 15:16:14.710,10504,10505,10504,2
2019-08-19 15:16:14.716,10504,10505,10504,6
2019-08-19 15:16:14.760,10504,10505,10504,4
2019-08-19 15:16:16.157,10504,10505,10504,15
2019-08-19 15:16:20.225,10503,10504,10503,5
2019-08-19 15:16:22.435,10503,10504,10504,1
2019-08-19 15:16:23.830,10503,10504,10503,1
2019-08-19 15:16:24.328,10503,10504,10503,2
2019-08-19 15:16:25.022,10503,10504,10504,1
2019-08-19 15:16:31.459,10503,10504,10503,2
2019-08-19 15:16:31.480,10503,10504,10503,1
2019-08-19 15:16:33.638,10503,10504,10504,2
2019-08-19 15:16:34.072,10503,10504,10503,5
2019-08-19 15:16:34.980,10503,10504,10503,1
2019-08-19 15:16:36.248,10503,10504,10503,1
2019-08-19 15:16:38.259,10502,10503,10503,2
2019-08-19 15:16:39.332,10503,10504,10503,1
2019-08-19 15:16:40.300,10502,10504,10504,1
2019-08-19 15:16:44.127,10503,10504,10503,1
2019-08-19 15:16:44.577,10503,10504,10503,1
2019-08-19 15:16:45.730,10503,10504,10504,1
2019-08-19 15:16:48.162,10503,10504,10504,1
2019-08-19 15:16:57.524,10503,10504,10504,1
2019-08-19 15:16:58.822,10503,10504,10503,2
2019-08-19 15:16:58.896,10503,10504,10503,8
2019-08-19 15:17:02.397,10502,10503,10503,1
2019-08-19 15:17:04.824,10502,10503,10503,1
2019-08-19 15:17:04.897,10503,10504,10504,1
2019-08-19 15:17:35.962,10503,10504,10503,3
2019-08-19 15:17:41.323,10503,10504,10503,1
2019-08-19 15:17:44.176,10503,10504,10503,3
2019-08-19 15:17:45.373,10503,10504,10503,1
2019-08-19 15:17:48.018,10503,10504,10503,1
2019-08-19 15:17:53.424,10502,10503,10503,3
2019-08-19 15:17:54.680,10502,10503,10503,1
2019-08-19 15:17:55.731,10502,10503,10503,5
2019-08-19 15:18:03.978,10503,10504,10503,1
2019-08-19 15:18:04.763,10503,10504,10503,1
2019-08-19 15:18:10.679,10503,10504,10504,2
2019-08-19 15:18:10.795,10503,10504,10503,6
2019-08-19 15:18:19.971,10503,10504,10503,1
2019-08-19 15:18:20.238,10503,10504,10503,1
2019-08-19 15:18:25.787,10503,10504,10504,23
2019-08-19 15:18:25.885,10503,10504,10504,1
2019-08-19 15:18:33.613,10503,10504,10504,1
2019-08-19 15:18:38.956,10503,10504,10504,1
2019-08-19 15:18:40.732,10503,10504,10504,1
2019-08-19 15:18:41.543,10503,10504,10504,1
2019-08-19 15:18:42.387,10503,10504,10504,1
2019-08-19 15:18:43.119,10503,10504,10504,1
2019-08-19 15:18:43.823,10503,10504,10504,1
2019-08-19 15:18:45.166,10503,10504,10504,2
2019-08-19 15:18:46.019,10504,10505,10505,1
2019-08-19 15:18:47.945,10504,10505,10505,1
2019-08-19 15:18:54.916,10504,10505,10505,5
2019-08-19 15:19:01.440,10504,10505,10505,2
2019-08-19 15:19:13.506,10504,10505,10504,25
2019-08-19 15:19:15.666,10503,10504,10504,10
2019-08-19 15:19:22.521,10503,10504,10504,4
2019-08-19 15:19:29.068,10503,10504,10504,1
2019-08-19 15:19:29.672,10504,10505,10504,1
2019-08-19 15:19:34.474,10504,10505,10504,1
2019-08-19 15:19:34.510,10504,10505,10504,2
2019-08-19 15:19:35.306,10503,10504,10504,5
2019-08-19 15:19:35.308,10503,10504,10504,1
2019-08-19 15:19:56.075,10504,10505,10504,1
2019-08-19 15:19:57.037,10504,10505,10505,9
2019-08-19 15:20:00.424,10504,10505,10504,2
2019-08-19 15:20:00.768,10503,10504,10503,1
2019-08-19 15:20:02.514,10503,10504,10504,1
2019-08-19 15:20:05.945,10503,10504,10504,2
2019-08-19 15:20:12.495,10503,10504,10503,4
2019-08-19 15:20:18.513,10503,10504,10503,1
2019-08-19 15:20:18.819,10503,10504,10503,1
2019-08-19 15:20:18.988,10503,10504,10503,1
2019-08-19 15:20:20.106,10503,10504,10503,1
2019-08-19 15:20:22.225,10503,10504,10503,1
2019-08-19 15:20:22.895,10503,10504,10503,1
2019-08-19 15:20:23.963,10503,10504,10503,2
2019-08-19 15:20:25.517,10503,10504,10503,1
2019-08-19 15:20:40.103,10503,10504,10504,1
2019-08-19 15:20:42.918,10503,10504,10504,1
2019-08-19 15:20:48.201,10503,10504,10503,2
2019-08-19 15:20:48.260,10503,10504,10503,12
2019-08-19 15:20:48.261,10503,10504,10503,33
2019-08-19 15:20:48.510,10502,10503,10502,1
2019-08-19 15:20:48.510,10502,10503,10502,5
2019-08-19 15:20:52.474,10502,10503,10502,2
2019-08-19 15:20:52.476,10502,10503,10502,1
2019-08-19 15:20:52.476,10502,10503,10502,8
2019-08-19 15:20:52.476,10502,10503,10502,7
2019-08-19 15:20:52.478,10502,10503,10502,6
2019-08-19 15:20:52.510,10502,10503,10502,1
2019-08-19 15:20:57.264,10501,10502,10501,2
2019-08-19 15:20:58.718,10501,10502,10501,1
2019-08-19 15:20:58.892,10501,10502,10501,1
2019-08-19 15:21:00.397,10501,10502,10501,1
2019-08-19 15:21:01.400,10501,10502,10501,1
2019-08-19 15:21:20.781,10501,10502,10502,9
2019-08-19 15:21:28.770,10502,10503,10503,1
2019-08-19 15:21:29.246,10502,10503,10502,1
2019-08-19 15:21:48.073,10502,10503,10502,4
2019-08-19 15:21:51.115,10502,10503,10502,1
2019-08-19 15:21:52.367,10502,10503,10502,2
2019-08-19 15:22:00.145,10502,10503,10502,1
2019-08-19 15:22:00.216,10502,10503,10502,3
2019-08-19 15:22:00.749,10502,10503,10502,2
2019-08-19 15:22:01.159,10502,10503,10502,2
2019-08-19 15:22:01.591,10502,10503,10502,1
2019-08-19 15:22:02.864,10501,10502,10501,2
2019-08-19 15:22:04.852,10501,10502,10501,2
2019-08-19 15:22:05.615,10501,10502,10501,2
2019-08-19 15:22:07.471,10501,10502,10501,2
2019-08-19 15:22:08.095,10501,10502,10501,2
2019-08-19 15:22:08.283,10501,10502,10501,2
2019-08-19 15:22:08.908,10501,10502,10501,2
2019-08-19 15:22:17.105,10501,10502,10501,2
2019-08-19 15:22:21.140,10501,10502,10502,6
2019-08-19 15:22:24.785,10502,10503,10502,1
2019-08-19 15:22:32.101,10501,10503,10501,1
2019-08-19 15:22:38.226,10501,10503,10501,1
2019-08-19 15:22:39.913,10501,10502,10502,1
2019-08-19 15:22:55.494,10501,10502,10502,1
2019-08-19 15:23:00.269,10501,10502,10502,1
2019-08-19 15:23:02.034,10501,10502,10502,5
2019-08-19 15:23:04.511,10501,10503,10503,2
2019-08-19 15:23:13.120,10502,10503,10502,5
2019-08-19 15:23:20.168,10502,10503,10502,1
2019-08-19 15:23:22.575,10502,10503,10502,1
2019-08-19 15:23:22.698,10502,10503,10502,1
2019-08-19 15:23:22.957,10501,10502,10502,2
2019-08-19 15:23:23.215,10501,10502,10502,2
2019-08-19 15:23:24.248,10501,10503,10503,1
2019-08-19 15:23:24.492,10502,10503,10502,1
2019-08-19 15:24:03.027,10501,10502,10501,2
2019-08-19 15:24:03.135,10501,10502,10501,18
2019-08-19 15:24:06.933,10501,10502,10501,1
2019-08-19 15:24:09.909,10501,10502,10501,1
2019-08-19 15:24:15.695,10501,10502,10501,1
2019-08-19 15:24:27.628,10501,10502,10501,2
2019-08-19 15:24:29.385,10501,10502,10501,7
2019-08-19 15:24:32.804,10500,10501,10500,2
2019-08-19 15:24:33.127,10500,10501,10501,1
2019-08-19 15:24:36.859,10500,10501,10500,1
2019-08-19 15:24:37.180,10500,10501,10500,1
2019-08-19 15:24:41.439,10500,10501,10500,1
2019-08-19 15:24:42.884,10500,10501,10500,1
2019-08-19 15:24:55.025,10500,10501,10501,1
2019-08-19 15:24:55.563,10500,10501,10500,11
2019-08-19 15:24:55.764,10500,10501,10500,1
2019-08-19 15:24:56.915,10500,10501,10500,1
2019-08-19 15:24:58.740,10500,10501,10500,1
2019-08-19 15:24:59.071,10500,10501,10500,1
2019-08-19 15:25:00.120,10500,10501,10500,1
2019-08-19 15:25:01.224,10500,10501,10500,16
2019-08-19 15:25:02.620,10499,10500,10500,1
2019-08-19 15:25:05.646,10499,10500,10499,1
2019-08-19 15:25:06.030,10499,10500,10499,1
2019-08-19 15:25:11.378,10499,10500,10499,1
2019-08-19 15:25:14.250,10499,10500,10499,2
2019-08-19 15:25:15.173,10499,10500,10500,3
2019-08-19 15:25:15.406,10500,10501,10500,1
2019-08-19 15:25:15.419,10500,10501,10500,1
2019-08-19 15:25:15.520,10500,10501,10500,2
2019-08-19 15:25:23.331,10500,10501,10500,1
2019-08-19 15:25:23.783,10500,10501,10500,1
2019-08-19 15:25:23.788,10500,10501,10500,1
2019-08-19 15:25:25.644,10500,10501,10500,2
2019-08-19 15:25:26.736,10500,10501,10501,1
2019-08-19 15:25:27.694,10500,10501,10500,1
2019-08-19 15:25:33.344,10500,10501,10500,1
2019-08-19 15:25:33.704,10500,10501,10500,1
2019-08-19 15:25:34.631,10500,10501,10500,2
2019-08-19 15:25:36.893,10500,10501,10500,1
2019-08-19 15:25:37.410,10500,10501,10500,1
2019-08-19 15:25:41.551,10500,10501,10500,1
2019-08-19 15:25:41.823,10500,10501,10500,3
2019-08-19 15:25:47.477,10499,10500,10500,1
2019-08-19 15:25:48.759,10499,10500,10500,1
2019-08-19 15:25:51.050,10499,10500,10500,1
2019-08-19 15:26:04.881,10499,10500,10499,10
2019-08-19 15:26:04.964,10499,10500,10499,2
2019-08-19 15:26:04.965,10499,10500,10499,2
2019-08-19 15:26:04.966,10499,10500,10499,3
2019-08-19 15:26:05.010,10499,10500,10499,3
2019-08-19 15:26:05.010,10499,10500,10499,2
2019-08-19 15:26:05.011,10499,10500,10499,6
2019-08-19 15:26:12.814,10498,10499,10499,2
2019-08-19 15:26:26.166,10498,10499,10498,1
2019-08-19 15:26:26.334,10498,10499,10498,1
2019-08-19 15:26:30.922,10498,10499,10498,1
2019-08-19 15:26:34.798,10498,10499,10498,1
2019-08-19 15:26:35.083,10498,10499,10498,3
2019-08-19 15:26:35.285,10498,10499,10498,3
2019-08-19 15:26:37.501,10498,10499,10498,1
2019-08-19 15:26:38.022,10498,10499,10498,1
2019-08-19 15:26:42.120,10498,10499,10498,2
2019-08-19 15:26:42.960,10498,10499,10498,1
2019-08-19 15:26:43.309,10498,10499,10498,1
2019-08-19 15:26:43.960,10498,10499,10498,1
2019-08-19 15:26:45.991,10498,10499,10498,1
2019-08-19 15:26:51.602,10498,10499,10498,1
2019-08-19 15:26:53.492,10498,10499,10498,1
2019-08-19 15:26:54.987,10498,10499,10498,1
2019-08-19 15:26:59.010,10498,10499,10498,12
2019-08-19 15:27:01.405,10497,10498,10498,3
2019-08-19 15:27:01.571,10497,10498,10497,1
2019-08-19 15:27:03.144,10497,10498,10497,1
2019-08-19 15:27:03.802,10497,10498,10497,1
2019-08-19 15:27:11.558,10497,10498,10497,1
2019-08-19 15:27:11.577,10497,10498,10497,4
2019-08-19 15:27:15.801,10497,10498,10497,1
2019-08-19 15:27:16.426,10497,10498,10497,1
2019-08-19 15:27:16.750,10497,10498,10497,1
2019-08-19 15:27:17.594,10497,10498,10497,1
2019-08-19 15:27:18.599,10497,10498,10497,1
2019-08-19 15:27:18.600,10497,10498,10497,5
2019-08-19 15:27:18.711,10497,10498,10498,1
2019-08-19 15:27:21.318,10497,10498,10497,4
2019-08-19 15:27:30.303,10497,10498,10497,1
2019-08-19 15:27:30.914,10497,10498,10497,1
2019-08-19 15:27:36.147,10496,10497,10496,2
2019-08-19 15:27:36.278,10496,10497,10496,1
2019-08-19 15:27:39.604,10496,10497,10496,9
2019-08-19 15:27:42.674,10496,10497,10496,1
2019-08-19 15:27:43.506,10496,10497,10497,1
2019-08-19 15:27:44.078,10496,10497,10496,1
2019-08-19 15:27:44.418,10496,10497,10496,1
2019-08-19 15:27:45.256,10496,10497,10496,2
2019-08-19 15:27:47.440,10496,10497,10496,1
2019-08-19 15:27:48.027,10496,10497,10496,4
2019-08-19 15:27:50.622,10496,10497,10496,2
2019-08-19 15:27:51.886,10496,10497,10497,1
2019-08-19 15:27:52.418,10496,10497,10496,8
2019-08-19 15:27:52.419,10496,10497,10496,5
2019-08-19 15:27:52.511,10495,10496,10496,17
2019-08-19 15:27:56.798,10496,10497,10496,1
2019-08-19 15:27:58.209,10496,10497,10496,1
2019-08-19 15:28:05.453,10496,10497,10497,1
2019-08-19 15:28:06.638,10496,10497,10496,1
2019-08-19 15:28:07.011,10496,10497,10497,1
2019-08-19 15:28:08.244,10496,10497,10497,3
2019-08-19 15:28:10.865,10496,10497,10497,1
2019-08-19 15:28:14.227,10496,10497,10497,1
2019-08-19 15:28:14.395,10496,10497,10497,1
2019-08-19 15:28:14.774,10496,10497,10497,30
2019-08-19 15:28:27.238,10497,10498,10498,1
2019-08-19 15:28:28.915,10497,10498,10498,7
2019-08-19 15:28:30.101,10497,10498,10498,1
2019-08-19 15:28:30.967,10497,10498,10498,3
2019-08-19 15:28:31.010,10497,10498,10498,2
2019-08-19 15:29:07.449,10498,10499,10499,15
2019-08-19 15:29:07.510,10498,10499,10499,4
2019-08-19 15:29:07.510,10498,10499,10499,2
2019-08-19 15:29:15.730,10499,10500,10499,1
2019-08-19 15:29:16.023,10499,10500,10499,1
2019-08-19 15:29:26.182,10499,10500,10499,1
2019-08-19 15:29:31.966,10499,10500,10500,1
2019-08-19 15:29:33.518,10499,10500,10500,3
2019-08-19 15:29:36.614,10499,10500,10500,1
2019-08-19 15:29:38.052,10499,10500,10500,1
2019-08-19 15:29:45.250,10499,10500,10500,1
2019-08-19 15:29:54.355,10499,10500,10499,2
2019-08-19 15:29:58.888,10499,10500,10499,1
2019-08-19 15:30:01.070,10499,10500,10500,2
2019-08-19 15:30:01.071,10499,10500,10500,2
2019-08-19 15:30:02.087,10499,10500,10499,1
2019-08-19 15:30:02.088,10499,10500,10499,2
2019-08-19 15:30:02.983,10499,10500,10500,1
2019-08-19 15:30:04.287,10499,10500,10500,1
2019-08-19 15:30:10.865,10499,10500,10499,1
2019-08-19 15:30:10.865,10499,10500,10499,3
2019-08-19 15:30:10.885,10499,10500,10499,6
2019-08-19 15:30:18.017,10498,10499,10498,1
2019-08-19 15:30:29.244,10498,10499,10498,2
2019-08-19 15:30:30.316,10498,10499,10498,1
2019-08-19 15:30:37.153,10498,10499,10499,3
2019-08-19 15:30:57.427,10499,10500,10500,1
2019-08-19 15:31:01.579,10499,10500,10500,1
2019-08-19 15:31:04.566,10499,10500,10499,1
2019-08-19 15:31:05.307,10499,10500,10500,14
2019-08-19 15:31:05.385,10499,10500,10500,4
2019-08-19 15:31:05.435,10499,10500,10500,1
2019-08-19 15:31:05.510,10499,10500,10500,1
2019-08-19 15:31:05.510,10499,10500,10500,1
2019-08-19 15:31:10.845,10500,10501,10501,1
2019-08-19 15:31:10.915,10500,10501,10501,1
2019-08-19 15:31:13.402,10500,10501,10501,1
2019-08-19 15:31:15.374,10500,10501,10501,1
2019-08-19 15:31:18.200,10500,10501,10501,1
2019-08-19 15:31:19.723,10500,10501,10500,5
2019-08-19 15:31:28.676,10499,10500,10499,3
2019-08-19 15:31:28.676,10499,10500,10498,1
2019-08-19 15:31:28.931,10498,10499,10499,1
2019-08-19 15:31:36.976,10498,10499,10498,5
2019-08-19 15:31:37.444,10497,10498,10498,1
2019-08-19 15:31:37.667,10497,10498,10498,1
2019-08-19 15:31:41.845,10497,10498,10498,3
2019-08-19 15:31:49.721,10497,10498,10497,18
2019-08-19 15:31:49.760,10496,10497,10497,1
2019-08-19 15:31:49.760,10496,10497,10497,2
2019-08-19 15:31:49.760,10496,10497,10497,2
2019-08-19 15:31:54.051,10497,10498,10497,9
2019-08-19 15:32:00.833,10497,10498,10497,1
2019-08-19 15:32:00.932,10497,10498,10497,1
2019-08-19 15:32:04.597,10497,10498,10497,1
2019-08-19 15:32:08.268,10497,10498,10497,1
2019-08-19 15:32:17.713,10497,10498,10498,1
2019-08-19 15:32:20.975,10497,10498,10498,1
2019-08-19 15:32:24.183,10497,10499,10499,3
2019-08-19 15:32:30.818,10498,10499,10499,1
2019-08-19 15:32:32.729,10498,10499,10498,1
2019-08-19 15:32:41.186,10498,10499,10499,1
2019-08-19 15:32:54.226,10499,10500,10499,5
2019-08-19 15:32:54.228,10499,10500,10499,4
2019-08-19 15:32:59.722,10498,10499,10499,5
2019-08-19 15:33:02.909,10498,10499,10499,1
2019-08-19 15:33:15.614,10498,10499,10499,1
2019-08-19 15:33:15.939,10498,10499,10499,2
2019-08-19 15:34:03.812,10499,10500,10499,5
2019-08-19 15:34:03.885,10499,10500,10499,11
2019-08-19 15:34:04.074,10498,10499,10499,2
2019-08-19 15:34:04.332,10498,10499,10499,2
2019-08-19 15:34:12.317,10498,10499,10498,2
2019-08-19 15:34:12.325,10498,10499,10498,1
2019-08-19 15:34:12.385,10498,10499,10498,4
2019-08-19 15:34:12.644,10497,10498,10498,1
2019-08-19 15:34:30.583,10497,10498,10497,1
2019-08-19 15:34:33.452,10497,10498,10497,1
2019-08-19 15:34:51.033,10497,10498,10497,1
2019-08-19 15:34:55.590,10497,10498,10497,1
2019-08-19 15:35:01.352,10497,10498,10497,1
2019-08-19 15:35:06.448,10497,10498,10497,1
2019-08-19 15:35:06.448,10497,10498,10496,1
2019-08-19 15:35:08.673,10496,10497,10497,1
2019-08-19 15:35:09.275,10497,10498,10497,1
2019-08-19 15:35:13.189,10497,10498,10497,4
2019-08-19 15:35:17.342,10497,10498,10497,5
2019-08-19 15:35:17.623,10497,10498,10497,1
2019-08-19 15:35:18.945,10497,10498,10497,9
2019-08-19 15:35:19.487,10497,10498,10497,3
2019-08-19 15:35:25.018,10496,10497,10497,2
2019-08-19 15:35:27.542,10496,10497,10497,1
2019-08-19 15:35:35.333,10496,10497,10497,1
2019-08-19 15:35:40.009,10496,10497,10496,1
2019-08-19 15:35:46.876,10496,10497,10497,1
2019-08-19 15:35:50.897,10496,10497,10497,1
2019-08-19 15:35:59.968,10496,10497,10496,1
2019-08-19 15:36:10.185,10496,10497,10497,1
2019-08-19 15:36:12.542,10496,10497,10496,4
2019-08-19 15:36:14.336,10496,10497,10496,1
2019-08-19 15:36:14.336,10496,10497,10496,2
2019-08-19 15:36:14.336,10496,10497,10496,1
2019-08-19 15:36:14.336,10496,10497,10496,2
2019-08-19 15:36:14.377,10496,10497,10496,4
2019-08-19 15:36:14.458,10496,10497,10496,11
2019-08-19 15:36:14.481,10496,10497,10496,1
2019-08-19 15:36:14.482,10496,10497,10496,1
2019-08-19 15:36:14.482,10496,10497,10496,1
2019-08-19 15:36:14.483,10496,10497,10496,1
2019-08-19 15:36:17.091,10496,10497,10496,1
2019-08-19 15:36:22.694,10495,10496,10495,1
2019-08-19 15:36:22.782,10495,10496,10495,1
2019-08-19 15:36:22.828,10495,10496,10497,1
2019-08-19 15:36:23.078,10495,10497,10495,1
2019-08-19 15:36:26.289,10495,10497,10495,2
2019-08-19 15:36:29.706,10495,10497,10495,1
2019-08-19 15:36:35.332,10495,10496,10496,1
2019-08-19 15:36:37.052,10495,10496,10496,2
2019-08-19 15:36:45.722,10495,10496,10496,2
2019-08-19 15:36:45.998,10496,10497,10496,2
2019-08-19 15:36:49.868,10496,10497,10496,1
2019-08-19 15:36:54.692,10496,10497,10496,1
2019-08-19 15:37:22.608,10496,10497,10496,1
2019-08-19 15:37:39.796,10496,10497,10496,6
2019-08-19 15:37:39.857,10496,10497,10496,6
2019-08-19 15:37:39.877,10496,10497,10496,5
2019-08-19 15:37:41.551,10495,10496,10496,1
2019-08-19 15:37:47.626,10496,10497,10496,1
2019-08-19 15:37:48.338,10496,10497,10496,1
2019-08-19 15:37:51.644,10496,10497,10496,1
2019-08-19 15:37:55.000,10496,10497,10496,4
2019-08-19 15:38:13.740,10495,10497,10495,1
2019-08-19 15:38:17.549,10495,10497,10497,2
2019-08-19 15:38:35.935,10496,10497,10497,1
2019-08-19 15:38:40.987,10496,10497,10497,1
2019-08-19 15:39:00.114,10496,10497,10497,5
2019-08-19 15:39:04.356,10496,10498,10498,1
2019-08-19 15:39:04.474,10496,10498,10498,2
2019-08-19 15:39:16.059,10497,10498,10498,1
2019-08-19 15:39:17.017,10497,10498,10498,3
2019-08-19 15:39:17.041,10497,10498,10498,1
2019-08-19 15:39:18.809,10498,10499,10499,3
2019-08-19 15:39:18.885,10498,10499,10499,14
2019-08-19 15:39:29.511,10498,10499,10499,1
2019-08-19 15:39:31.869,10498,10500,10499,1
2019-08-19 15:39:35.119,10498,10499,10499,5
2019-08-19 15:39:43.736,10499,10500,10499,1
2019-08-19 15:39:44.510,10498,10499,10499,1
2019-08-19 15:39:47.736,10499,10500,10499,1
2019-08-19 15:39:47.808,10498,10499,10499,1
2019-08-19 15:39:54.182,10498,10499,10499,1
2019-08-19 15:39:58.327,10498,10499,10499,1
2019-08-19 15:40:09.886,10498,10499,10499,1
2019-08-19 15:40:12.742,10498,10499,10499,1
2019-08-19 15:40:23.926,10498,10499,10499,1
2019-08-19 15:40:32.619,10498,10499,10499,1
2019-08-19 15:40:42.938,10498,10499,10498,1
2019-08-19 15:40:47.018,10498,10499,10499,4
2019-08-19 15:40:53.149,10498,10499,10498,5
2019-08-19 15:40:54.385,10497,10498,10498,2
2019-08-19 15:40:54.387,10497,10498,10498,2
2019-08-19 15:40:57.100,10497,10498,10498,1
2019-08-19 15:40:57.122,10497,10498,10498,1
2019-08-19 15:40:57.135,10497,10498,10498,2
2019-08-19 15:40:57.833,10497,10498,10498,2
2019-08-19 15:41:07.994,10498,10499,10498,1
2019-08-19 15:41:43.287,10498,10499,10498,3
2019-08-19 15:41:49.174,10497,10498,10498,1
2019-08-19 15:42:01.635,10497,10498,10497,1
2019-08-19 15:42:03.301,10497,10498,10498,1
2019-08-19 15:42:14.438,10497,10498,10498,1
2019-08-19 15:42:19.462,10497,10498,10498,1
2019-08-19 15:42:29.880,10498,10499,10498,1
2019-08-19 15:43:00.511,10498,10499,10498,6
2019-08-19 15:43:11.754,10497,10499,10499,1
2019-08-19 15:43:24.354,10497,10499,10498,1
2019-08-19 15:43:24.354,10497,10499,10498,1
2019-08-19 15:43:35.118,10497,10499,10497,1
2019-08-19 15:44:02.180,10497,10498,10497,2
2019-08-19 15:44:02.609,10497,10498,10497,2
2019-08-19 15:44:22.319,10498,10499,10498,1
2019-08-19 15:44:23.159,10498,10499,10498,1
2019-08-19 15:44:34.997,10497,10498,10498,3
2019-08-19 15:44:38.390,10498,10499,10498,1
2019-08-19 15:44:48.510,10498,10499,10498,1
2019-08-19 15:44:54.169,10498,10499,10499,1
2019-08-19 15:45:00.761,10498,10499,10499,1
2019-08-19 15:45:01.088,10498,10499,10498,4
2019-08-19 15:45:01.325,10498,10499,10498,1
2019-08-19 15:45:16.549,10498,10499,10499,5
2019-08-19 15:46:00.214,10498,10499,10499,1
2019-08-19 15:46:04.701,10498,10499,10499,1
2019-08-19 15:46:18.345,10498,10499,10499,2
2019-08-19 15:47:00.689,10499,10500,10499,1
2019-08-19 15:47:01.559,10499,10500,10499,1
2019-08-19 15:47:02.010,10498,10499,10499,3
2019-08-19 15:47:20.174,10498,10499,10498,5
2019-08-19 15:47:23.243,10498,10499,10499,1
2019-08-19 15:47:26.127,10498,10499,10499,1
2019-08-19 15:47:33.839,10499,10500,10499,1
2019-08-19 15:47:35.929,10499,10500,10500,10
2019-08-19 15:47:35.929,10499,10500,10500,2
2019-08-19 15:47:36.010,10499,10500,10500,17
2019-08-19 15:47:36.135,10499,10500,10500,3
2019-08-19 15:47:37.769,10500,10501,10500,1
2019-08-19 15:47:50.379,10500,10501,10501,1
2019-08-19 15:47:51.938,10500,10501,10501,1
2019-08-19 15:47:53.473,10500,10501,10501,2
2019-08-19 15:47:56.344,10500,10501,10501,5
2019-08-19 15:48:06.406,10500,10501,10501,1
2019-08-19 15:48:06.924,10500,10501,10501,1
2019-08-19 15:48:07.907,10500,10501,10501,2
2019-08-19 15:48:07.907,10500,10501,10501,2
2019-08-19 15:48:07.996,10500,10501,10502,1
2019-08-19 15:48:08.124,10501,10502,10502,1
2019-08-19 15:48:08.287,10501,10502,10502,1
2019-08-19 15:48:08.292,10501,10502,10501,2
2019-08-19 15:48:16.568,10501,10502,10502,10
2019-08-19 15:48:20.872,10501,10502,10502,1
2019-08-19 15:48:21.100,10501,10502,10502,1
2019-08-19 15:48:22.652,10501,10502,10502,2
2019-08-19 15:48:24.714,10501,10502,10502,1
2019-08-19 15:48:25.200,10501,10502,10502,13
2019-08-19 15:48:26.123,10502,10503,10502,2
2019-08-19 15:48:28.466,10502,10503,10503,1
2019-08-19 15:48:28.687,10502,10503,10503,1
2019-08-19 15:48:29.332,10502,10503,10503,1
2019-08-19 15:48:31.234,10502,10503,10503,1
2019-08-19 15:48:35.285,10502,10503,10502,8
2019-08-19 15:48:41.240,10501,10502,10501,7
2019-08-19 15:48:45.885,10501,10502,10501,1
2019-08-19 15:48:57.324,10500,10501,10500,3
2019-08-19 15:49:13.760,10499,10500,10500,1
2019-08-19 15:49:16.673,10499,10500,10500,13
2019-08-19 15:49:18.567,10500,10501,10500,2
2019-08-19 15:49:18.568,10500,10501,10500,2
2019-08-19 15:49:18.569,10500,10501,10500,2
2019-08-19 15:49:18.569,10500,10501,10500,5
2019-08-19 15:49:18.569,10500,10501,10500,5
2019-08-19 15:49:18.570,10500,10501,10500,1
2019-08-19 15:49:19.679,10499,10500,10500,26
2019-08-19 15:49:19.679,10499,10500,10501,4
2019-08-19 15:49:25.260,10499,10501,10501,30
2019-08-19 15:49:31.886,10500,10501,10500,1
2019-08-19 15:49:33.794,10500,10501,10500,1
2019-08-19 15:49:36.471,10499,10500,10500,1
2019-08-19 15:49:42.534,10499,10500,10500,1
2019-08-19 15:49:56.772,10499,10500,10500,2
2019-08-19 15:49:56.773,10499,10500,10500,2
2019-08-19 15:49:56.774,10499,10500,10500,2
2019-08-19 15:50:11.337,10499,10500,10500,1
2019-08-19 15:50:23.768,10499,10500,10500,2
2019-08-19 15:50:23.768,10499,10500,10500,1
2019-08-19 15:50:57.701,10500,10501,10500,1
2019-08-19 15:51:00.181,10500,10501,10500,1
2019-08-19 15:51:00.580,10500,10501,10500,1
2019-08-19 15:51:01.038,10500,10501,10500,1
2019-08-19 15:51:01.038,10500,10501,10499,5
2019-08-19 15:51:15.949,10499,10500,10500,1
2019-08-19 15:51:18.143,10500,10501,10501,4
2019-08-19 15:51:22.840,10500,10501,10500,1
2019-08-19 15:51:27.097,10500,10501,10500,1
2019-08-19 15:51:35.235,10500,10501,10501,2
2019-08-19 15:51:43.031,10500,10501,10501,1
2019-08-19 15:51:43.580,10500,10501,10500,1
2019-08-19 15:51:50.803,10500,10501,10501,1
2019-08-19 15:51:55.975,10501,10502,10502,3
2019-08-19 15:52:00.256,10501,10502,10502,1
2019-08-19 15:52:06.152,10501,10502,10501,1
2019-08-19 15:52:28.850,10501,10502,10501,1
2019-08-19 15:52:42.426,10501,10502,10502,1
2019-08-19 15:52:47.496,10501,10502,10502,1
2019-08-19 15:53:06.694,10501,10502,10501,6
2019-08-19 15:53:16.929,10500,10501,10501,1
2019-08-19 15:53:21.105,10500,10501,10500,1
2019-08-19 15:53:42.751,10500,10501,10500,1
2019-08-19 15:53:44.544,10500,10501,10501,1
2019-08-19 15:53:47.573,10500,10501,10501,1
2019-08-19 15:53:50.715,10501,10502,10501,2
2019-08-19 15:53:50.972,10501,10502,10502,1
2019-08-19 15:54:03.821,10501,10502,10502,1
2019-08-19 15:54:34.954,10501,10502,10502,1
2019-08-19 15:55:02.478,10501,10502,10502,4
2019-08-19 15:55:02.478,10501,10502,10502,5
2019-08-19 15:55:02.478,10501,10502,10502,1
2019-08-19 15:55:05.193,10501,10502,10502,2
2019-08-19 15:55:08.337,10502,10503,10502,2
2019-08-19 15:55:08.597,10501,10502,10502,1
2019-08-19 15:55:09.664,10501,10502,10502,1
2019-08-19 15:55:24.083,10501,10502,10501,2
2019-08-19 15:55:24.135,10501,10502,10501,3
2019-08-19 15:55:36.142,10500,10501,10501,5
2019-08-19 15:55:49.224,10500,10501,10501,1
2019-08-19 15:56:08.697,10500,10502,10500,1
2019-08-19 15:56:18.349,10500,10501,10501,1
2019-08-19 15:56:22.334,10500,10501,10500,2
2019-08-19 15:56:24.227,10500,10501,10500,2
2019-08-19 15:56:28.929,10500,10501,10500,1
2019-08-19 15:56:34.441,10500,10501,10500,1
2019-08-19 15:56:37.723,10500,10501,10500,1
2019-08-19 15:56:54.442,10500,10501,10500,3
2019-08-19 15:57:01.010,10500,10501,10500,4
2019-08-19 15:57:01.466,10500,10501,10501,2
2019-08-19 15:57:01.619,10500,10501,10501,2
2019-08-19 15:57:08.001,10500,10501,10501,1
2019-08-19 15:57:29.100,10500,10501,10500,1
2019-08-19 15:57:29.135,10500,10501,10500,5
2019-08-19 15:57:37.729,10499,10500,10500,1
2019-08-19 15:57:40.413,10499,10500,10499,1
2019-08-19 15:57:41.740,10499,10500,10500,1
2019-08-19 15:57:43.696,10499,10500,10499,1
2019-08-19 15:58:20.279,10499,10500,10500,7
2019-08-19 15:58:21.863,10500,10501,10501,1
2019-08-19 15:58:41.064,10500,10501,10500,1
2019-08-19 15:58:48.968,10500,10501,10500,2
2019-08-19 15:58:50.998,10500,10501,10500,1
2019-08-19 15:59:34.250,10500,10501,10500,1
2019-08-19 15:59:38.394,10500,10501,10500,3
2019-08-19 15:59:38.663,10499,10500,10500,1
2019-08-19 15:59:39.544,10499,10500,10500,1
2019-08-19 16:00:10.503,10499,10500,10500,1
2019-08-19 16:00:27.009,10499,10500,10500,2
2019-08-19 16:00:27.009,10499,10500,10500,1
2019-08-19 16:00:43.503,10499,10500,10500,1
2019-08-19 16:01:46.665,10499,10500,10499,1
2019-08-19 16:02:20.314,10499,10500,10499,1
2019-08-19 16:02:20.385,10499,10500,10499,6
2019-08-19 16:02:20.510,10499,10500,10499,4
2019-08-19 16:02:20.510,10499,10500,10499,1
2019-08-19 16:02:20.524,10499,10500,10499,3
2019-08-19 16:02:54.834,10498,10499,10499,4
2019-08-19 16:02:58.650,10499,10500,10499,2
2019-08-19 16:03:01.050,10499,10500,10499,2
2019-08-19 16:03:09.195,10498,10499,10499,5
2019-08-19 16:03:13.371,10498,10499,10499,2
2019-08-19 16:03:18.805,10499,10500,10499,1
2019-08-19 16:03:21.032,10499,10500,10499,1
2019-08-19 16:03:52.787,10499,10500,10499,1
2019-08-19 16:03:54.529,10499,10500,10500,1
2019-08-19 16:03:55.879,10499,10500,10500,11
2019-08-19 16:03:55.892,10499,10501,10500,1
2019-08-19 16:03:56.449,10500,10501,10500,1
2019-08-19 16:04:43.873,10500,10501,10501,25
2019-08-19 16:04:46.590,10500,10501,10501,2
2019-08-19 16:04:46.590,10500,10501,10501,1
2019-08-19 16:04:52.573,10500,10501,10501,1
2019-08-19 16:05:01.597,10500,10501,10501,1
2019-08-19 16:05:14.143,10500,10501,10501,1
2019-08-19 16:05:37.990,10501,10502,10502,11
2019-08-19 16:05:38.010,10501,10502,10502,2
2019-08-19 16:05:38.010,10501,10502,10502,2
2019-08-19 16:05:38.061,10501,10502,10502,1
2019-08-19 16:05:49.848,10501,10503,10501,1
2019-08-19 16:05:51.390,10501,10503,10502,1
2019-08-19 16:06:06.963,10501,10502,10502,12
2019-08-19 16:06:13.734,10502,10503,10503,1
2019-08-19 16:06:20.064,10502,10503,10503,1
2019-08-19 16:06:23.208,10502,10503,10503,1
2019-08-19 16:06:25.356,10502,10503,10503,1
2019-08-19 16:06:41.822,10502,10503,10503,1
2019-08-19 16:06:44.406,10502,10503,10503,1
2019-08-19 16:06:58.879,10502,10503,10503,1
2019-08-19 16:07:01.037,10502,10503,10503,1
2019-08-19 16:07:01.294,10502,10503,10503,1
2019-08-19 16:07:02.146,10502,10503,10502,8
2019-08-19 16:07:05.112,10502,10503,10502,2
2019-08-19 16:07:06.900,10502,10503,10502,1
2019-08-19 16:07:08.687,10502,10503,10502,3
2019-08-19 16:07:08.689,10502,10503,10502,2
2019-08-19 16:07:12.302,10501,10502,10502,1
2019-08-19 16:07:15.863,10501,10502,10501,2
2019-08-19 16:07:15.879,10501,10502,10501,1
2019-08-19 16:07:15.885,10501,10502,10501,1
2019-08-19 16:07:17.550,10500,10502,10502,1
2019-08-19 16:07:18.874,10501,10502,10502,1
2019-08-19 16:07:49.584,10501,10502,10501,1
2019-08-19 16:08:06.719,10500,10501,10500,6
2019-08-19 16:08:06.760,10500,10501,10500,8
2019-08-19 16:08:43.137,10500,10501,10500,1
2019-08-19 16:09:01.755,10500,10501,10501,8
2019-08-19 16:09:02.096,10501,10502,10502,1
2019-08-19 16:09:02.114,10501,10502,10502,1
2019-08-19 16:09:21.787,10500,10501,10501,1
2019-08-19 16:09:40.057,10500,10501,10501,2
2019-08-19 16:09:51.022,10500,10502,10500,1
2019-08-19 16:10:13.080,10500,10501,10501,1
2019-08-19 16:10:46.385,10501,10502,10502,11
2019-08-19 16:11:10.676,10501,10502,10502,3
2019-08-19 16:11:26.733,10502,10503,10502,8
2019-08-19 16:11:26.733,10502,10503,10502,3
2019-08-19 16:11:26.733,10502,10503,10502,2
2019-08-19 16:11:26.760,10502,10503,10502,1
2019-08-19 16:11:26.760,10502,10503,10502,1
2019-08-19 16:11:26.760,10502,10503,10502,1
2019-08-19 16:11:37.226,10502,10503,10502,1
2019-08-19 16:11:38.667,10502,10503,10502,1
2019-08-19 16:12:08.927,10502,10503,10503,6
2019-08-19 16:12:08.927,10502,10503,10503,2
2019-08-19 16:12:08.927,10502,10503,10503,2
2019-08-19 16:12:08.927,10502,10503,10503,4
2019-08-19 16:12:12.469,10503,10504,10503,1
2019-08-19 16:12:26.256,10502,10503,10503,1
2019-08-19 16:12:27.639,10502,10503,10503,1
2019-08-19 16:12:28.080,10503,10504,10503,1
2019-08-19 16:12:38.326,10503,10504,10503,2
2019-08-19 16:12:42.602,10503,10504,10503,1
2019-08-19 16:12:52.587,10503,10504,10504,1
2019-08-19 16:13:07.311,10503,10504,10504,2
2019-08-19 16:13:07.707,10503,10504,10504,2
2019-08-19 16:13:16.575,10503,10504,10503,1
2019-08-19 16:13:32.438,10503,10504,10503,7
2019-08-19 16:13:32.440,10503,10504,10503,1
2019-08-19 16:14:04.010,10502,10503,10502,4
2019-08-19 16:14:04.135,10502,10503,10502,1
2019-08-19 16:14:04.813,10501,10502,10501,1
2019-08-19 16:14:17.586,10501,10502,10501,2
2019-08-19 16:14:17.885,10501,10502,10501,1
2019-08-19 16:14:18.222,10501,10502,10501,1
2019-08-19 16:14:19.600,10500,10501,10501,1
2019-08-19 16:14:23.673,10501,10502,10501,1
2019-08-19 16:15:02.032,10501,10502,10502,2
2019-08-19 16:15:02.033,10501,10502,10502,1
2019-08-19 16:15:19.112,10502,10503,10502,2
2019-08-19 16:15:41.771,10502,10503,10503,14
2019-08-19 16:15:41.885,10503,10504,10503,1
2019-08-19 16:15:42.619,10503,10504,10503,11
2019-08-19 16:15:44.741,10503,10504,10503,1
2019-08-19 16:15:44.760,10503,10504,10503,11
2019-08-19 16:15:44.885,10503,10504,10503,1
2019-08-19 16:15:44.885,10503,10504,10503,1
2019-08-19 16:16:11.400,10502,10503,10503,2
2019-08-19 16:16:15.354,10502,10503,10503,1
2019-08-19 16:16:19.401,10502,10503,10503,1
2019-08-19 16:16:20.685,10502,10503,10503,1
2019-08-19 16:16:21.713,10503,10504,10503,1
2019-08-19 16:16:21.760,10503,10504,10503,1
2019-08-19 16:16:37.796,10503,10504,10503,1
2019-08-19 16:16:39.753,10503,10504,10503,1
2019-08-19 16:16:40.945,10502,10503,10502,4
2019-08-19 16:16:41.010,10502,10503,10502,2
2019-08-19 16:16:43.469,10502,10503,10502,2
2019-08-19 16:16:43.772,10502,10503,10502,1
2019-08-19 16:16:57.722,10501,10502,10502,1
2019-08-19 16:17:27.153,10501,10502,10502,8
2019-08-19 16:17:31.086,10502,10503,10502,1
2019-08-19 16:17:43.117,10502,10503,10503,7
2019-08-19 16:17:49.328,10502,10503,10503,2
2019-08-19 16:18:14.734,10503,10504,10503,1
2019-08-19 16:18:16.142,10503,10504,10503,1
2019-08-19 16:18:16.508,10503,10504,10503,1
2019-08-19 16:18:23.032,10503,10504,10504,25
2019-08-19 16:18:36.985,10503,10504,10504,1
2019-08-19 16:18:44.621,10503,10504,10503,2
2019-08-19 16:18:44.700,10503,10504,10503,2
2019-08-19 16:19:05.307,10502,10503,10502,1
2019-08-19 16:19:14.635,10502,10503,10502,1
2019-08-19 16:19:15.538,10502,10503,10502,1
2019-08-19 16:19:15.756,10502,10503,10502,1
2019-08-19 16:19:17.665,10501,10503,10503,2
2019-08-19 16:19:17.744,10501,10503,10503,4
2019-08-19 16:19:25.458,10502,10503,10502,1
2019-08-19 16:19:33.693,10502,10503,10503,4
2019-08-19 16:19:41.524,10503,10504,10503,1
2019-08-19 16:19:41.524,10503,10504,10503,1
2019-08-19 16:19:42.317,10502,10503,10502,1
2019-08-19 16:20:06.818,10503,10504,10503,1
2019-08-19 16:20:07.083,10503,10504,10503,2
2019-08-19 16:20:15.006,10503,10504,10503,1
2019-08-19 16:20:20.269,10503,10504,10503,3
2019-08-19 16:20:23.350,10503,10504,10503,1
2019-08-19 16:20:27.738,10503,10504,10503,1
2019-08-19 16:20:43.542,10503,10504,10503,1
2019-08-19 16:21:02.213,10503,10504,10503,4
2019-08-19 16:21:11.304,10503,10504,10504,1
2019-08-19 16:21:12.334,10503,10504,10503,1
2019-08-19 16:21:12.605,10503,10504,10504,1
2019-08-19 16:21:35.963,10503,10504,10503,1
2019-08-19 16:22:02.245,10503,10504,10504,2
2019-08-19 16:22:04.106,10503,10504,10504,1
2019-08-19 16:22:09.260,10503,10504,10504,12
2019-08-19 16:22:09.385,10503,10504,10504,22
2019-08-19 16:22:09.510,10503,10504,10504,1
2019-08-19 16:22:13.427,10504,10505,10504,2
2019-08-19 16:22:14.268,10504,10505,10504,2
2019-08-19 16:22:16.283,10504,10505,10505,2
2019-08-19 16:22:16.720,10504,10505,10504,2
2019-08-19 16:22:24.977,10504,10505,10504,2
2019-08-19 16:22:31.551,10504,10505,10504,1
2019-08-19 16:22:35.238,10503,10504,10504,2
2019-08-19 16:22:36.740,10503,10504,10504,1
2019-08-19 16:22:54.741,10503,10504,10504,1
2019-08-19 16:23:16.074,10503,10504,10503,1
2019-08-19 16:23:19.011,10503,10504,10503,2
2019-08-19 16:23:26.332,10503,10504,10503,5
2019-08-19 16:23:27.664,10502,10503,10502,12
2019-08-19 16:23:36.743,10501,10502,10502,1
2019-08-19 16:24:03.307,10501,10502,10502,1
2019-08-19 16:24:18.951,10502,10503,10502,2
2019-08-19 16:24:34.483,10501,10502,10502,1
2019-08-19 16:24:38.478,10501,10502,10501,1
2019-08-19 16:24:38.510,10501,10502,10501,7
2019-08-19 16:24:47.025,10500,10501,10500,1
2019-08-19 16:24:50.003,10500,10501,10500,1
2019-08-19 16:24:51.651,10500,10501,10500,2
2019-08-19 16:24:53.858,10500,10501,10500,2
2019-08-19 16:24:58.366,10500,10501,10500,1
2019-08-19 16:25:02.495,10500,10501,10500,2
2019-08-19 16:25:02.496,10500,10501,10500,1
2019-08-19 16:25:02.496,10500,10501,10500,2
2019-08-19 16:25:02.505,10500,10501,10500,1
2019-08-19 16:25:02.510,10500,10501,10500,8
2019-08-19 16:25:02.510,10500,10501,10500,4
2019-08-19 16:25:02.635,10500,10501,10500,12
2019-08-19 16:25:02.635,10500,10501,10500,1
2019-08-19 16:25:02.635,10500,10501,10500,3
2019-08-19 16:25:02.636,10500,10501,10500,21
2019-08-19 16:25:02.862,10499,10501,10499,2
2019-08-19 16:25:02.928,10499,10500,10499,2
2019-08-19 16:25:03.010,10499,10500,10499,2
2019-08-19 16:25:03.627,10499,10500,10499,2
2019-08-19 16:25:04.290,10499,10500,10499,1
2019-08-19 16:25:05.010,10498,10499,10498,1
2019-08-19 16:25:17.234,10498,10499,10498,1
2019-08-19 16:25:18.167,10498,10499,10498,9
2019-08-19 16:25:28.251,10498,10499,10499,2
2019-08-19 16:25:28.878,10498,10499,10499,1
2019-08-19 16:25:36.423,10499,10500,10499,1
2019-08-19 16:25:43.746,10499,10500,10499,1
2019-08-19 16:25:45.050,10499,10500,10499,1
2019-08-19 16:25:51.249,10499,10500,10500,2
2019-08-19 16:25:51.879,10499,10500,10500,2
2019-08-19 16:25:52.751,10499,10500,10500,1
2019-08-19 16:26:01.399,10499,10500,10500,1
2019-08-19 16:26:03.386,10499,10500,10500,2
2019-08-19 16:26:04.124,10499,10500,10500,2
2019-08-19 16:26:23.442,10499,10500,10499,9
2019-08-19 16:26:23.633,10498,10500,10498,4
2019-08-19 16:26:32.052,10498,10500,10498,10
2019-08-19 16:26:41.809,10498,10499,10499,1
2019-08-19 16:26:46.574,10499,10500,10499,2
2019-08-19 16:26:58.387,10498,10499,10499,1
2019-08-19 16:27:09.223,10498,10499,10499,1
2019-08-19 16:27:09.726,10498,10499,10498,2
2019-08-19 16:27:21.799,10498,10499,10499,6
2019-08-19 16:27:24.291,10498,10499,10499,1
2019-08-19 16:27:25.268,10498,10499,10498,1
2019-08-19 16:27:28.441,10498,10499,10499,1
2019-08-19 16:27:28.510,10498,10499,10499,4
2019-08-19 16:28:03.390,10499,10500,10499,1
2019-08-19 16:28:08.731,10499,10500,10499,1
2019-08-19 16:28:10.636,10499,10500,10499,2
2019-08-19 16:28:11.986,10499,10500,10499,2
2019-08-19 16:28:18.036,10499,10500,10499,1
2019-08-19 16:28:20.831,10499,10500,10499,2
2019-08-19 16:28:25.518,10498,10499,10498,1
2019-08-19 16:28:31.521,10498,10499,10498,1
2019-08-19 16:28:36.435,10498,10499,10498,1
2019-08-19 16:28:50.173,10498,10499,10498,15
2019-08-19 16:28:55.869,10497,10498,10498,2
2019-08-19 16:28:59.448,10497,10498,10497,1
2019-08-19 16:29:00.025,10497,10498,10497,1
2019-08-19 16:29:06.433,10497,10498,10497,1
2019-08-19 16:29:06.656,10497,10498,10498,1
2019-08-19 16:29:12.635,10497,10498,10497,1
2019-08-19 16:29:17.345,10497,10498,10497,2
2019-08-19 16:29:17.887,10497,10498,10497,1
2019-08-19 16:29:18.082,10497,10498,10497,1
2019-08-19 16:29:28.764,10497,10498,10497,1
2019-08-19 16:29:28.956,10497,10498,10497,1
2019-08-19 16:29:28.956,10497,10498,10497,10
2019-08-19 16:29:30.760,10496,10497,10496,35
2019-08-19 16:29:30.862,10496,10497,10496,2
2019-08-19 16:29:30.868,10496,10497,10496,1
2019-08-19 16:29:30.997,10495,10497,10495,3
2019-08-19 16:29:31.052,10495,10496,10495,1
2019-08-19 16:29:31.453,10495,10496,10495,1
2019-08-19 16:29:31.484,10495,10496,10495,1
2019-08-19 16:29:31.490,10495,10496,10495,1
2019-08-19 16:29:31.534,10495,10496,10495,2
2019-08-19 16:29:31.542,10495,10496,10495,2
2019-08-19 16:29:31.544,10495,10496,10495,1
2019-08-19 16:29:31.593,10495,10496,10495,2
2019-08-19 16:29:31.627,10495,10496,10495,1
2019-08-19 16:29:34.018,10495,10496,10495,1
2019-08-19 16:29:35.259,10495,10497,10495,5
2019-08-19 16:29:37.635,10496,10497,10496,1
2019-08-19 16:29:39.456,10496,10497,10496,1
2019-08-19 16:29:42.655,10496,10497,10496,2
2019-08-19 16:29:42.655,10496,10497,10496,1
2019-08-19 16:29:44.134,10495,10496,10495,25
2019-08-19 16:29:44.734,10495,10496,10496,1
2019-08-19 16:29:50.792,10495,10496,10495,3
2019-08-19 16:29:52.935,10495,10496,10495,1
2019-08-19 16:29:55.135,10495,10496,10496,1
2019-08-19 16:29:57.825,10495,10496,10495,25
2019-08-19 16:30:02.808,10495,10496,10495,1
2019-08-19 16:30:03.538,10495,10496,10495,1
2019-08-19 16:30:03.588,10495,10496,10495,1
2019-08-19 16:30:03.747,10495,10496,10495,1
2019-08-19 16:30:04.020,10494,10496,10494,1
2019-08-19 16:30:04.021,10494,10496,10494,1
2019-08-19 16:30:04.028,10494,10496,10494,1
2019-08-19 16:30:04.169,10494,10496,10494,1
2019-08-19 16:30:04.444,10494,10495,10494,1
2019-08-19 16:30:04.668,10494,10495,10495,1
2019-08-19 16:30:07.200,10494,10495,10495,1
2019-08-19 16:30:09.821,10494,10495,10495,2
2019-08-19 16:30:09.885,10494,10495,10495,5
2019-08-19 16:30:12.950,10495,10496,10496,1
2019-08-19 16:30:13.495,10495,10496,10495,1
2019-08-19 16:30:14.146,10495,10496,10495,4
2019-08-19 16:30:14.395,10494,10495,10495,1
2019-08-19 16:30:15.633,10494,10495,10495,1
2019-08-19 16:30:19.314,10494,10495,10494,2
2019-08-19 16:30:19.985,10494,10495,10495,6
2019-08-19 16:30:21.271,10495,10496,10495,1
2019-08-19 16:30:21.332,10495,10496,10494,1
2019-08-19 16:30:23.720,10494,10495,10495,2
2019-08-19 16:30:29.649,10494,10495,10495,3
2019-08-19 16:30:31.932,10494,10495,10495,1
2019-08-19 16:30:42.866,10494,10495,10495,1
2019-08-19 16:30:43.877,10494,10495,10495,10
2019-08-19 16:30:45.288,10495,10496,10495,1
2019-08-19 16:30:45.790,10495,10496,10495,1
2019-08-19 16:30:51.925,10495,10496,10495,1
2019-08-19 16:30:57.776,10495,10496,10495,1
2019-08-19 16:31:13.286,10495,10496,10495,5
2019-08-19 16:31:21.648,10495,10496,10495,1
2019-08-19 16:31:30.086,10495,10496,10496,7
2019-08-19 16:31:30.135,10495,10496,10496,22
2019-08-19 16:31:30.260,10495,10496,10496,1
2019-08-19 16:31:34.977,10496,10497,10497,1
2019-08-19 16:31:37.893,10496,10497,10496,1
2019-08-19 16:31:38.417,10496,10497,10497,1
2019-08-19 16:31:38.762,10496,10497,10496,1
2019-08-19 16:31:39.049,10496,10497,10496,1
2019-08-19 16:32:36.616,10496,10497,10496,5
2019-08-19 16:32:37.542,10496,10497,10496,5
2019-08-19 16:32:41.670,10496,10497,10496,1
2019-08-19 16:32:57.850,10496,10497,10496,5
2019-08-19 16:32:58.432,10496,10497,10496,5
2019-08-19 16:33:05.167,10496,10497,10496,4
2019-08-19 16:33:11.014,10495,10496,10496,1
2019-08-19 16:33:20.228,10495,10496,10495,12
2019-08-19 16:33:20.251,10495,10496,10495,1
2019-08-19 16:33:20.260,10494,10495,10495,3
2019-08-19 16:33:48.025,10495,10496,10495,2
2019-08-19 16:33:59.069,10495,10496,10496,1
2019-08-19 16:34:03.014,10495,10496,10495,1
2019-08-19 16:34:12.206,10495,10496,10496,1
2019-08-19 16:34:12.663,10495,10496,10495,5
2019-08-19 16:34:17.972,10495,10496,10495,5
2019-08-19 16:34:18.689,10495,10496,10495,1
2019-08-19 16:34:31.205,10495,10496,10496,2
2019-08-19 16:34:42.847,10495,10496,10495,8
2019-08-19 16:34:42.995,10494,10495,10495,1
2019-08-19 16:35:07.255,10494,10495,10495,1
2019-08-19 16:35:07.916,10494,10495,10494,5
2019-08-19 16:35:08.452,10494,10495,10494,2
2019-08-19 16:35:08.510,10494,10495,10494,22
2019-08-19 16:35:08.528,10494,10495,10494,5
2019-08-19 16:35:08.635,10494,10495,10494,16
2019-08-19 16:35:10.231,10493,10494,10493,5
2019-08-19 16:35:10.282,10493,10494,10493,1
2019-08-19 16:35:10.292,10493,10494,10493,1
2019-08-19 16:35:10.331,10493,10494,10493,2
2019-08-19 16:35:10.333,10493,10494,10493,5
2019-08-19 16:35:10.358,10493,10494,10493,1
2019-08-19 16:35:10.386,10493,10494,10493,1
2019-08-19 16:35:10.515,10493,10494,10493,4
2019-08-19 16:35:10.515,10493,10494,10492,1
2019-08-19 16:35:10.544,10493,10494,10492,2
2019-08-19 16:35:10.698,10492,10494,10492,1
2019-08-19 16:35:10.730,10492,10494,10492,1
2019-08-19 16:35:14.945,10493,10494,10493,1
2019-08-19 16:35:17.835,10492,10494,10492,1
2019-08-19 16:35:19.889,10492,10494,10492,1
2019-08-19 16:35:22.596,10493,10494,10493,2
2019-08-19 16:35:24.820,10493,10494,10494,1
2019-08-19 16:35:26.011,10493,10494,10493,1
2019-08-19 16:35:26.904,10493,10494,10493,5
2019-08-19 16:35:32.691,10493,10494,10493,2
2019-08-19 16:35:35.068,10493,10494,10493,1
2019-08-19 16:35:36.261,10493,10494,10493,1
2019-08-19 16:35:41.646,10492,10493,10493,1
2019-08-19 16:35:42.660,10492,10493,10493,2
2019-08-19 16:35:45.045,10492,10493,10493,9
2019-08-19 16:35:48.524,10493,10494,10493,1
2019-08-19 16:35:49.824,10493,10494,10493,8
2019-08-19 16:35:51.298,10493,10494,10493,1
2019-08-19 16:36:05.948,10493,10494,10494,2
2019-08-19 16:36:06.164,10493,10494,10493,1
2019-08-19 16:36:06.603,10493,10494,10493,1
2019-08-19 16:36:12.841,10493,10494,10494,2
2019-08-19 16:36:14.143,10493,10494,10494,1
2019-08-19 16:36:14.280,10493,10495,10493,2
2019-08-19 16:36:49.729,10493,10494,10494,1
2019-08-19 16:36:57.120,10493,10494,10493,1
2019-08-19 16:37:03.758,10493,10494,10493,2
2019-08-19 16:37:07.970,10493,10494,10493,2
2019-08-19 16:37:19.788,10493,10494,10493,1
2019-08-19 16:37:36.691,10493,10494,10494,1
2019-08-19 16:37:37.247,10493,10494,10494,1
2019-08-19 16:37:47.618,10493,10494,10494,5
2019-08-19 16:37:47.760,10494,10495,10494,1
2019-08-19 16:37:54.407,10494,10495,10494,2
2019-08-19 16:37:58.662,10494,10495,10494,1
2019-08-19 16:38:05.052,10494,10495,10495,1
2019-08-19 16:38:33.157,10494,10495,10495,1
2019-08-19 16:38:36.838,10494,10495,10495,1
2019-08-19 16:38:41.370,10494,10495,10495,2
2019-08-19 16:38:41.385,10494,10495,10495,12
2019-08-19 16:38:43.936,10495,10496,10496,1
2019-08-19 16:38:44.043,10495,10496,10496,1
2019-08-19 16:38:48.648,10495,10496,10496,1
2019-08-19 16:38:55.716,10495,10496,10495,3
2019-08-19 16:39:11.718,10495,10496,10495,3
2019-08-19 16:39:49.248,10494,10495,10495,1
2019-08-19 16:40:12.726,10494,10495,10494,2
2019-08-19 16:40:14.186,10494,10495,10494,1
2019-08-19 16:40:20.457,10494,10495,10494,1
2019-08-19 16:40:28.517,10494,10495,10495,1
2019-08-19 16:40:33.654,10494,10495,10495,1
2019-08-19 16:40:56.143,10494,10495,10495,5
2019-08-19 16:41:00.708,10494,10495,10495,1
2019-08-19 16:41:07.881,10495,10496,10495,3
2019-08-19 16:42:07.463,10495,10496,10495,1
2019-08-19 16:42:18.124,10495,10496,10496,1
2019-08-19 16:42:18.921,10495,10496,10496,1
2019-08-19 16:42:18.922,10495,10496,10496,6
2019-08-19 16:42:24.058,10496,10497,10497,2
2019-08-19 16:42:24.058,10496,10497,10497,2
2019-08-19 16:42:24.058,10496,10497,10497,1
2019-08-19 16:42:24.058,10496,10497,10497,2
2019-08-19 16:42:24.058,10496,10497,10497,2
2019-08-19 16:42:24.135,10496,10497,10497,1
2019-08-19 16:42:26.145,10496,10497,10497,2
2019-08-19 16:42:29.777,10496,10497,10497,1
2019-08-19 16:42:35.102,10496,10497,10497,1
2019-08-19 16:42:35.135,10496,10497,10497,3
2019-08-19 16:42:38.600,10496,10497,10497,1
2019-08-19 16:42:49.184,10496,10497,10497,5
2019-08-19 16:42:49.316,10496,10497,10497,1
2019-08-19 16:42:52.400,10496,10497,10497,1
2019-08-19 16:42:56.165,10496,10497,10497,1
2019-08-19 16:42:58.117,10497,10498,10497,2
2019-08-19 16:42:58.360,10497,10498,10497,2
2019-08-19 16:42:59.338,10496,10498,10496,1
2019-08-19 16:42:59.394,10496,10498,10496,1
2019-08-19 16:42:59.396,10496,10498,10496,1
2019-08-19 16:43:01.085,10496,10498,10497,1
2019-08-19 16:43:15.733,10496,10497,10496,5
2019-08-19 16:43:19.447,10496,10497,10496,2
2019-08-19 16:43:20.378,10495,10496,10496,2
2019-08-19 16:43:32.796,10495,10496,10496,1
2019-08-19 16:43:44.721,10495,10496,10496,1
2019-08-19 16:43:49.752,10495,10496,10496,3
2019-08-19 16:43:54.208,10495,10496,10495,5
2019-08-19 16:44:10.384,10495,10496,10495,5
2019-08-19 16:44:10.750,10494,10495,10495,2
2019-08-19 16:44:15.221,10494,10495,10494,4
2019-08-19 16:44:26.006,10494,10495,10495,2
2019-08-19 16:44:27.131,10494,10495,10495,2
2019-08-19 16:44:27.876,10494,10495,10495,1
2019-08-19 16:44:28.023,10494,10496,10494,1
2019-08-19 16:44:29.377,10494,10495,10495,2
2019-08-19 16:44:32.128,10494,10495,10495,2
2019-08-19 16:44:48.039,10494,10495,10494,13
2019-08-19 16:44:48.377,10493,10494,10494,2
2019-08-19 16:44:53.526,10493,10494,10493,1
2019-08-19 16:44:53.733,10493,10494,10494,5
2019-08-19 16:45:08.379,10493,10494,10494,2
2019-08-19 16:45:09.130,10493,10494,10494,2
2019-08-19 16:45:09.752,10493,10494,10494,1
2019-08-19 16:45:12.755,10493,10494,10494,1
2019-08-19 16:45:27.988,10494,10495,10494,1
2019-08-19 16:45:27.990,10494,10495,10494,1
2019-08-19 16:45:28.004,10494,10495,10494,1
2019-08-19 16:45:29.055,10494,10495,10495,5
2019-08-19 16:45:29.629,10494,10495,10495,2
2019-08-19 16:45:30.376,10494,10495,10495,2
2019-08-19 16:45:31.553,10494,10495,10494,1
2019-08-19 16:45:36.857,10494,10495,10495,1
2019-08-19 16:45:38.127,10494,10495,10495,2
2019-08-19 16:45:45.005,10494,10495,10495,2
2019-08-19 16:45:47.119,10494,10495,10494,6
2019-08-19 16:45:47.244,10494,10495,10494,2
2019-08-19 16:45:47.249,10494,10495,10494,6
2019-08-19 16:45:50.660,10493,10494,10493,2
2019-08-19 16:45:50.704,10493,10494,10494,2
2019-08-19 16:45:51.766,10493,10494,10493,1
2019-08-19 16:45:52.018,10493,10494,10494,1
2019-08-19 16:45:57.383,10494,10495,10494,1
2019-08-19 16:45:57.391,10494,10495,10494,2
2019-08-19 16:45:58.417,10494,10495,10494,1
2019-08-19 16:45:58.946,10494,10495,10494,1
2019-08-19 16:46:08.237,10494,10495,10494,1
2019-08-19 16:46:12.394,10494,10495,10495,2
2019-08-19 16:46:16.840,10494,10495,10494,1
2019-08-19 16:46:28.709,10494,10495,10494,4
2019-08-19 16:46:29.927,10494,10495,10495,1
2019-08-19 16:46:46.179,10494,10495,10495,1
2019-08-19 16:46:54.367,10494,10495,10495,2
2019-08-19 16:46:56.593,10494,10495,10495,1
2019-08-19 16:46:57.292,10494,10495,10495,1
2019-08-19 16:47:09.070,10494,10495,10495,1
2019-08-19 16:47:11.774,10494,10495,10495,2
2019-08-19 16:47:46.181,10494,10495,10495,1
2019-08-19 16:47:50.045,10494,10495,10495,5
2019-08-19 16:48:00.670,10494,10495,10495,1
2019-08-19 16:48:05.478,10495,10496,10495,1
2019-08-19 16:48:13.443,10495,10496,10495,3
2019-08-19 16:48:40.970,10494,10495,10495,5
2019-08-19 16:48:44.708,10494,10495,10495,1
2019-08-19 16:49:00.586,10494,10495,10494,1
2019-08-19 16:49:09.878,10494,10495,10494,1
2019-08-19 16:49:23.017,10494,10495,10495,5
2019-08-19 16:49:24.441,10494,10496,10494,3
2019-08-19 16:49:28.281,10495,10496,10495,2
2019-08-19 16:49:28.281,10495,10496,10494,1
2019-08-19 16:50:55.751,10495,10496,10495,1
2019-08-19 16:50:56.277,10495,10496,10495,2
2019-08-19 16:51:19.770,10495,10496,10495,1
2019-08-19 16:51:37.844,10495,10496,10495,1
2019-08-19 16:51:38.198,10495,10496,10495,3
2019-08-19 16:51:38.500,10494,10495,10495,2
2019-08-19 16:51:46.358,10494,10495,10494,2
2019-08-19 16:51:46.385,10494,10495,10494,11
2019-08-19 16:51:46.748,10493,10495,10494,2
2019-08-19 16:51:46.852,10493,10494,10494,2
2019-08-19 16:51:48.751,10493,10494,10494,2
2019-08-19 16:51:51.170,10493,10494,10494,1
2019-08-19 16:51:51.170,10493,10494,10495,3
2019-08-19 16:51:52.295,10493,10494,10494,1
2019-08-19 16:51:56.462,10493,10494,10494,1
2019-08-19 16:52:08.239,10493,10494,10494,1
2019-08-19 16:52:09.446,10493,10494,10494,1
2019-08-19 16:52:09.722,10493,10494,10493,1
2019-08-19 16:52:10.193,10493,10494,10493,1
2019-08-19 16:52:37.488,10493,10494,10494,2
2019-08-19 16:52:37.488,10493,10494,10495,2
2019-08-19 16:53:40.233,10494,10495,10495,1
2019-08-19 16:53:59.588,10494,10495,10495,5
2019-08-19 16:54:01.681,10494,10495,10495,5
2019-08-19 16:54:02.205,10494,10495,10494,2
2019-08-19 16:54:02.229,10494,10495,10494,2
2019-08-19 16:54:15.877,10494,10495,10494,2
2019-08-19 16:54:16.887,10494,10495,10494,5
2019-08-19 16:54:21.910,10494,10495,10494,2
2019-08-19 16:54:57.232,10494,10495,10495,1
2019-08-19 16:55:48.042,10494,10495,10495,1
2019-08-19 16:55:48.532,10494,10495,10494,2
2019-08-19 16:56:00.245,10494,10495,10495,5
2019-08-19 16:56:36.534,10494,10495,10495,1
2019-08-19 16:56:40.614,10494,10495,10494,1
2019-08-19 16:57:13.673,10494,10495,10494,1
2019-08-19 16:58:16.015,10494,10495,10495,1
2019-08-19 16:58:16.070,10494,10495,10495,3
2019-08-19 16:58:16.135,10494,10496,10495,1
2019-08-19 16:58:17.120,10495,10496,10495,1
2019-08-19 16:58:28.260,10494,10495,10495,1
2019-08-19 16:59:00.245,10495,10496,10495,1
2019-08-19 16:59:17.988,10495,10496,10495,1
2019-08-19 17:00:16.243,10495,10496,10496,2
2019-08-19 17:00:16.670,10495,10496,10495,2
2019-08-19 17:00:16.685,10495,10496,10495,2
2019-08-19 17:00:40.690,10495,10496,10496,5
2019-08-19 17:00:40.693,10495,10496,10496,1
2019-08-19 17:00:40.760,10495,10496,10496,1
2019-08-19 17:00:40.760,10495,10496,10496,2
2019-08-19 17:00:40.760,10495,10496,10496,2
2019-08-19 17:00:42.920,10496,10497,10496,1
2019-08-19 17:00:55.835,10495,10496,10496,4
2019-08-19 17:00:55.885,10495,10496,10496,2
2019-08-19 17:01:14.223,10495,10496,10496,1
2019-08-19 17:01:18.707,10495,10496,10496,1
2019-08-19 17:01:23.735,10495,10496,10496,1
2019-08-19 17:01:26.240,10495,10496,10496,1
2019-08-19 17:01:28.008,10496,10497,10497,1
2019-08-19 17:01:28.163,10496,10497,10497,1
2019-08-19 17:01:42.079,10496,10497,10496,2
2019-08-19 17:01:56.561,10496,10497,10497,1
2019-08-19 17:01:58.320,10496,10497,10497,2
2019-08-19 17:02:11.566,10496,10497,10497,1
2019-08-19 17:02:17.241,10496,10497,10497,1
2019-08-19 17:02:57.723,10496,10497,10497,1
2019-08-19 17:03:30.553,10496,10497,10496,2
2019-08-19 17:04:21.803,10496,10497,10497,5
2019-08-19 17:04:27.456,10496,10497,10496,2
2019-08-19 17:04:27.462,10496,10497,10497,2
2019-08-19 17:04:31.839,10496,10497,10497,2
2019-08-19 17:04:40.504,10496,10497,10497,1
2019-08-19 17:04:41.968,10496,10497,10497,1
2019-08-19 17:04:42.010,10496,10497,10497,1
2019-08-19 17:04:42.135,10496,10497,10497,3
2019-08-19 17:04:59.464,10497,10498,10497,1
2019-08-19 17:05:05.260,10497,10498,10497,1
2019-08-19 17:05:18.385,10497,10498,10498,1
2019-08-19 17:05:24.364,10497,10498,10498,1
2019-08-19 17:05:28.741,10497,10498,10497,1
2019-08-19 17:05:28.741,10497,10498,10497,1
2019-08-19 17:05:28.741,10497,10498,10497,1
2019-08-19 17:05:28.741,10497,10498,10497,1
2019-08-19 17:05:28.741,10497,10498,10497,2
2019-08-19 17:05:28.741,10497,10498,10497,1
2019-08-19 17:05:29.924,10496,10497,10497,6
2019-08-19 17:06:32.429,10496,10497,10496,1
2019-08-19 17:06:39.248,10496,10497,10497,1
2019-08-19 17:07:53.850,10496,10497,10497,1
2019-08-19 17:07:54.909,10496,10497,10497,1
2019-08-19 17:07:54.939,10496,10497,10497,1
2019-08-19 17:08:00.367,10496,10497,10497,1
2019-08-19 17:08:12.096,10496,10497,10497,2
2019-08-19 17:08:12.135,10496,10497,10497,2
2019-08-19 17:08:12.135,10496,10497,10497,2
2019-08-19 17:08:12.136,10496,10497,10497,1
2019-08-19 17:08:23.098,10497,10498,10497,1
2019-08-19 17:08:26.309,10497,10498,10497,1
2019-08-19 17:08:26.385,10497,10498,10497,1
2019-08-19 17:08:26.385,10497,10498,10497,1
2019-08-19 17:08:26.510,10497,10498,10497,1
2019-08-19 17:08:26.641,10496,10497,10497,1
2019-08-19 17:08:29.717,10497,10498,10497,1
2019-08-19 17:08:32.879,10496,10497,10496,1
2019-08-19 17:09:20.152,10497,10498,10497,1
2019-08-19 17:10:01.283,10497,10498,10498,1
2019-08-19 17:10:28.191,10497,10498,10497,1
2019-08-19 17:10:33.612,10497,10498,10498,1
2019-08-19 17:10:36.354,10497,10498,10497,1
2019-08-19 17:10:49.508,10497,10498,10498,1
2019-08-19 17:11:01.252,10497,10498,10498,5
2019-08-19 17:11:32.535,10497,10498,10497,7
2019-08-19 17:11:32.793,10496,10497,10497,2
2019-08-19 17:11:32.800,10496,10497,10497,2
2019-08-19 17:11:49.260,10496,10497,10497,1
2019-08-19 17:11:53.998,10496,10497,10497,2
2019-08-19 17:11:55.080,10496,10497,10497,2
2019-08-19 17:12:09.336,10497,10498,10497,2
2019-08-19 17:12:27.586,10497,10498,10497,1
2019-08-19 17:12:34.961,10497,10498,10497,1
2019-08-19 17:12:53.019,10497,10498,10498,5
2019-08-19 17:12:53.030,10497,10498,10498,2
2019-08-19 17:12:53.092,10497,10498,10498,1
2019-08-19 17:12:53.135,10497,10498,10498,13
2019-08-19 17:13:28.671,10498,10499,10498,3
2019-08-19 17:13:34.489,10498,10499,10499,22
2019-08-19 17:13:41.027,10499,10500,10500,2
2019-08-19 17:13:45.620,10499,10500,10500,1
2019-08-19 17:13:56.002,10499,10500,10500,2
2019-08-19 17:13:58.576,10499,10500,10500,1
2019-08-19 17:14:00.782,10499,10500,10500,5
2019-08-19 17:14:01.657,10499,10500,10500,2
2019-08-19 17:14:01.914,10499,10500,10500,2
2019-08-19 17:14:04.086,10499,10500,10500,1
2019-08-19 17:14:04.490,10500,10501,10500,1
2019-08-19 17:14:13.871,10500,10501,10500,15
2019-08-19 17:14:14.387,10500,10501,10500,1
2019-08-19 17:14:43.648,10500,10501,10501,4
2019-08-19 17:14:43.781,10500,10501,10501,1
2019-08-19 17:14:50.221,10500,10501,10500,1
2019-08-19 17:14:56.070,10500,10501,10500,1
2019-08-19 17:15:01.320,10500,10501,10501,2
2019-08-19 17:15:01.336,10500,10501,10501,2
2019-08-19 17:15:01.751,10500,10501,10501,2
2019-08-19 17:15:04.538,10500,10501,10501,6
2019-08-19 17:15:05.568,10501,10502,10502,1
2019-08-19 17:15:09.277,10501,10502,10501,13
2019-08-19 17:15:09.536,10500,10501,10501,2
2019-08-19 17:15:09.543,10500,10501,10501,1
2019-08-19 17:15:09.585,10500,10501,10501,1
2019-08-19 17:15:14.969,10500,10501,10501,2
2019-08-19 17:15:15.227,10500,10502,10501,1
2019-08-19 17:15:15.261,10501,10502,10501,1
2019-08-19 17:15:18.423,10501,10502,10501,2
2019-08-19 17:15:18.681,10500,10501,10501,2
2019-08-19 17:15:20.262,10501,10502,10501,2
2019-08-19 17:15:31.422,10501,10502,10501,1
2019-08-19 17:15:31.599,10501,10502,10501,1
2019-08-19 17:15:32.083,10501,10502,10501,1
2019-08-19 17:15:34.363,10501,10502,10502,1
2019-08-19 17:15:35.513,10501,10502,10501,1
2019-08-19 17:15:49.640,10501,10502,10501,14
2019-08-19 17:15:49.898,10500,10501,10501,2
2019-08-19 17:15:54.945,10500,10502,10500,1
2019-08-19 17:15:55.038,10500,10502,10500,1
2019-08-19 17:15:55.284,10500,10502,10502,1
2019-08-19 17:15:57.776,10500,10501,10501,2
2019-08-19 17:16:00.771,10501,10502,10501,1
2019-08-19 17:16:15.010,10500,10501,10501,2
2019-08-19 17:16:20.255,10501,10502,10501,1
2019-08-19 17:16:31.401,10501,10502,10501,1
2019-08-19 17:16:52.987,10501,10502,10501,6
2019-08-19 17:17:07.051,10501,10502,10502,3
2019-08-19 17:17:11.590,10501,10502,10501,1
2019-08-19 17:17:12.742,10501,10502,10502,1
2019-08-19 17:17:41.003,10501,10502,10502,1
2019-08-19 17:17:51.271,10501,10502,10501,5
2019-08-19 17:18:03.983,10501,10502,10502,1
2019-08-19 17:18:04.364,10501,10502,10502,2
2019-08-19 17:18:09.715,10501,10502,10502,1
2019-08-19 17:18:10.515,10501,10502,10502,18
2019-08-19 17:18:10.515,10501,10502,10502,4
2019-08-19 17:18:10.635,10501,10502,10502,3
2019-08-19 17:18:10.798,10502,10503,10502,4
2019-08-19 17:18:22.761,10502,10503,10502,1
2019-08-19 17:18:31.164,10502,10503,10502,1
2019-08-19 17:18:32.864,10502,10503,10502,9
2019-08-19 17:18:33.123,10501,10502,10502,2
2019-08-19 17:18:37.173,10501,10502,10502,2
2019-08-19 17:18:37.430,10501,10502,10502,2
2019-08-19 17:18:37.687,10501,10502,10502,1
2019-08-19 17:18:37.806,10502,10503,10502,1
2019-08-19 17:18:38.083,10501,10503,10502,1
2019-08-19 17:18:42.089,10502,10503,10502,1
2019-08-19 17:18:47.153,10502,10503,10502,3
2019-08-19 17:18:47.348,10502,10503,10502,1
2019-08-19 17:18:57.524,10502,10503,10503,1
2019-08-19 17:18:57.654,10502,10503,10503,2
2019-08-19 17:18:57.743,10502,10503,10503,1
2019-08-19 17:19:08.511,10502,10503,10503,2
2019-08-19 17:19:08.815,10502,10503,10502,1
2019-08-19 17:19:09.532,10502,10503,10503,1
2019-08-19 17:19:12.474,10502,10503,10503,1
2019-08-19 17:19:15.502,10502,10503,10502,1
2019-08-19 17:19:24.751,10502,10503,10502,1
2019-08-19 17:19:28.539,10502,10503,10502,1
2019-08-19 17:19:37.988,10502,10503,10503,1
2019-08-19 17:19:44.099,10502,10503,10503,1
2019-08-19 17:19:53.322,10502,10503,10502,1
2019-08-19 17:19:53.868,10502,10503,10502,11
2019-08-19 17:19:56.562,10501,10503,10501,1
2019-08-19 17:19:56.763,10501,10503,10501,1
2019-08-19 17:20:04.844,10501,10502,10502,1
2019-08-19 17:20:16.743,10501,10502,10502,2
2019-08-19 17:20:26.967,10502,10503,10502,1
2019-08-19 17:20:35.601,10502,10503,10502,1
2019-08-19 17:20:44.365,10502,10503,10502,1
2019-08-19 17:20:57.071,10502,10503,10502,1
2019-08-19 17:21:06.117,10502,10503,10502,9
2019-08-19 17:21:06.377,10501,10502,10502,2
2019-08-19 17:21:13.333,10501,10502,10502,1
2019-08-19 17:21:14.136,10502,10503,10502,1
2019-08-19 17:21:16.290,10502,10503,10502,3
2019-08-19 17:21:28.461,10502,10503,10502,1
2019-08-19 17:21:41.463,10502,10503,10502,4
2019-08-19 17:21:41.719,10501,10502,10502,2
2019-08-19 17:21:41.979,10501,10502,10502,1
2019-08-19 17:21:48.421,10501,10502,10502,2
2019-08-19 17:22:06.464,10501,10502,10501,5
2019-08-19 17:22:09.272,10500,10501,10500,1
2019-08-19 17:22:15.950,10500,10501,10500,1
2019-08-19 17:22:39.908,10500,10501,10500,1
2019-08-19 17:22:48.571,10500,10501,10500,1
2019-08-19 17:23:11.488,10500,10501,10500,5
2019-08-19 17:23:16.237,10500,10501,10500,3
2019-08-19 17:23:17.422,10500,10501,10500,3
2019-08-19 17:23:17.423,10500,10501,10500,3
2019-08-19 17:23:17.423,10500,10501,10500,2
2019-08-19 17:23:17.510,10500,10501,10500,9
2019-08-19 17:23:17.761,10499,10500,10500,2
2019-08-19 17:23:42.947,10499,10500,10499,1
2019-08-19 17:24:19.637,10499,10500,10500,1
2019-08-19 17:24:21.157,10499,10500,10500,2
2019-08-19 17:24:21.414,10499,10500,10500,2
2019-08-19 17:24:22.922,10499,10500,10500,1
2019-08-19 17:24:26.474,10500,10501,10501,1
2019-08-19 17:25:08.058,10500,10501,10500,1
2019-08-19 17:25:10.010,10500,10501,10501,1
2019-08-19 17:26:10.225,10500,10501,10500,1
2019-08-19 17:26:20.694,10500,10501,10500,1
2019-08-19 17:26:29.273,10500,10501,10500,1
2019-08-19 17:26:42.443,10500,10501,10500,1
2019-08-19 17:27:02.761,10500,10501,10500,1
2019-08-19 17:27:07.382,10500,10501,10500,1
2019-08-19 17:27:29.824,10500,10501,10500,1
2019-08-19 17:28:16.853,10500,10501,10500,1
2019-08-19 17:29:03.013,10500,10501,10500,1
2019-08-19 17:29:03.135,10500,10501,10500,2
2019-08-19 17:29:04.057,10500,10501,10500,1
2019-08-19 17:29:06.485,10500,10501,10500,1
2019-08-19 17:29:41.377,10500,10501,10500,1
2019-08-19 17:29:44.068,10500,10501,10500,1
2019-08-19 17:29:52.196,10500,10501,10500,1
2019-08-19 17:30:22.374,10500,10501,10500,2
2019-08-19 17:30:23.401,10500,10501,10500,1
2019-08-19 17:30:23.480,10500,10501,10501,1
2019-08-19 17:30:23.776,10500,10501,10501,1
2019-08-19 17:30:31.223,10500,10501,10501,1
2019-08-19 17:31:22.254,10500,10501,10501,1
2019-08-19 17:31:39.306,10500,10501,10501,2
2019-08-19 17:32:30.168,10500,10501,10500,1
2019-08-19 17:32:52.487,10500,10501,10500,1
2019-08-19 17:33:27.695,10500,10501,10500,1
2019-08-19 17:33:28.788,10500,10501,10500,19
2019-08-19 17:33:29.047,10499,10500,10500,2
2019-08-19 17:33:29.842,10499,10500,10499,1
2019-08-19 17:33:31.448,10499,10500,10499,3
2019-08-19 17:33:31.449,10499,10500,10499,1
2019-08-19 17:33:31.451,10499,10500,10499,8
2019-08-19 17:33:31.510,10499,10500,10499,1
2019-08-19 17:33:31.510,10499,10500,10499,4
2019-08-19 17:33:31.510,10499,10500,10499,1
2019-08-19 17:33:31.510,10499,10500,10499,3
2019-08-19 17:33:31.768,10498,10499,10499,2
2019-08-19 17:33:37.984,10498,10499,10499,1
2019-08-19 17:33:39.020,10499,10500,10499,1
2019-08-19 17:33:46.549,10499,10500,10499,1
2019-08-19 17:33:49.760,10498,10499,10499,2
2019-08-19 17:33:55.615,10499,10500,10499,1
2019-08-19 17:34:09.135,10499,10500,10500,1
2019-08-19 17:34:17.915,10500,10501,10500,1
2019-08-19 17:34:23.090,10500,10501,10500,1
2019-08-19 17:34:27.885,10499,10500,10500,2
2019-08-19 17:34:30.885,10499,10500,10500,1
2019-08-19 17:34:32.635,10499,10500,10500,1
2019-08-19 17:34:32.885,10499,10500,10500,1
2019-08-19 17:34:34.510,10499,10500,10500,2
2019-08-19 17:34:34.885,10499,10500,10500,1
2019-08-19 17:34:35.760,10499,10500,10500,1
2019-08-19 17:34:51.273,10500,10501,10501,12
2019-08-19 17:34:51.355,10500,10501,10501,4
2019-08-19 17:34:57.775,10501,10502,10501,1
2019-08-19 17:35:03.362,10501,10502,10501,5
2019-08-19 17:35:47.327,10500,10501,10501,2
2019-08-19 17:35:47.385,10500,10501,10501,4
2019-08-19 17:35:51.139,10501,10502,10501,1
2019-08-19 17:36:57.338,10501,10502,10502,1
2019-08-19 17:37:20.749,10501,10502,10502,1
2019-08-19 17:37:37.173,10501,10502,10501,2
2019-08-19 17:37:37.200,10501,10502,10501,2
2019-08-19 17:37:37.200,10501,10502,10501,1
2019-08-19 17:37:37.200,10501,10502,10501,1
2019-08-19 17:37:37.200,10501,10502,10501,1
2019-08-19 17:37:37.201,10501,10502,10501,1
2019-08-19 17:37:37.201,10501,10502,10501,2
2019-08-19 17:37:37.510,10500,10501,10500,2
2019-08-19 17:37:37.510,10500,10501,10500,1
2019-08-19 17:37:38.012,10499,10500,10500,1
2019-08-19 17:38:13.454,10500,10501,10500,1
2019-08-19 17:38:53.320,10500,10501,10500,1
2019-08-19 17:39:11.883,10500,10501,10500,4
2019-08-19 17:39:46.534,10500,10501,10500,2
2019-08-19 17:39:46.792,10499,10500,10500,1
2019-08-19 17:40:16.086,10500,10501,10500,1
2019-08-19 17:40:20.142,10499,10500,10500,1
2019-08-19 17:40:20.945,10499,10500,10500,2
2019-08-19 17:40:31.737,10499,10500,10500,1
2019-08-19 17:40:54.387,10500,10501,10500,1
2019-08-19 17:41:10.096,10499,10500,10500,1
2019-08-19 17:41:25.171,10500,10501,10501,1
2019-08-19 17:41:38.619,10500,10501,10500,1
2019-08-19 17:41:38.731,10499,10501,10500,1
2019-08-19 17:41:45.885,10499,10500,10500,1
2019-08-19 17:41:46.015,10500,10501,10501,1
2019-08-19 17:41:46.040,10500,10501,10501,1
2019-08-19 17:42:00.356,10500,10501,10501,1
2019-08-19 17:42:02.518,10500,10501,10500,1
2019-08-19 17:42:05.940,10500,10501,10501,1
2019-08-19 17:42:12.738,10500,10501,10501,1
2019-08-19 17:42:16.601,10500,10501,10500,1
2019-08-19 17:42:48.455,10500,10501,10500,1
2019-08-19 17:43:50.543,10500,10501,10500,1
2019-08-19 17:43:54.808,10500,10501,10500,1
2019-08-19 17:44:02.578,10500,10501,10500,1
2019-08-19 17:44:42.351,10500,10501,10500,1
2019-08-19 17:45:14.878,10500,10501,10500,1
2019-08-19 17:45:23.385,10500,10501,10500,1
2019-08-19 17:45:23.385,10500,10501,10500,2
2019-08-19 17:45:40.510,10499,10500,10500,2
2019-08-19 17:45:42.137,10500,10501,10500,1
2019-08-19 17:45:42.318,10500,10501,10500,1
2019-08-19 17:45:56.057,10499,10500,10500,1
2019-08-19 17:46:29.916,10500,10501,10500,3
2019-08-19 17:47:05.084,10500,10501,10500,1
2019-08-19 17:47:05.543,10500,10501,10501,1
2019-08-19 17:47:07.916,10500,10501,10500,1
2019-08-19 17:47:08.064,10500,10501,10501,1
2019-08-19 17:47:08.065,10500,10501,10501,1
2019-08-19 17:47:35.561,10500,10501,10500,1
2019-08-19 17:47:35.959,10500,10501,10501,2
2019-08-19 17:47:49.769,10500,10501,10500,1
2019-08-19 17:48:40.319,10500,10501,10500,1
2019-08-19 17:48:48.818,10500,10501,10501,20
2019-08-19 17:48:56.260,10501,10502,10502,8
2019-08-19 17:48:56.385,10501,10502,10502,2
2019-08-19 17:48:56.385,10501,10502,10502,7
2019-08-19 17:48:56.798,10502,10503,10503,1
2019-08-19 17:48:57.335,10502,10503,10503,1
2019-08-19 17:48:57.538,10502,10503,10503,1
2019-08-19 17:48:57.642,10502,10503,10503,1
2019-08-19 17:48:58.920,10502,10503,10503,1
2019-08-19 17:48:59.036,10502,10503,10503,1
2019-08-19 17:49:05.241,10502,10503,10503,1
2019-08-19 17:49:07.268,10502,10503,10502,2
2019-08-19 17:49:12.411,10502,10503,10503,1
2019-08-19 17:49:12.778,10502,10503,10503,6
2019-08-19 17:49:17.635,10502,10503,10503,3
2019-08-19 17:49:21.273,10502,10503,10503,2
2019-08-19 17:49:24.333,10502,10503,10503,1
2019-08-19 17:49:48.187,10502,10503,10503,1
2019-08-19 17:49:56.564,10502,10503,10503,1
2019-08-19 17:50:00.042,10502,10503,10503,1
2019-08-19 17:50:00.892,10502,10503,10503,1
2019-08-19 17:50:01.883,10502,10503,10503,1
2019-08-19 17:50:01.883,10502,10503,10503,10
2019-08-19 17:50:01.883,10502,10503,10503,2
2019-08-19 17:50:01.885,10502,10503,10503,3
2019-08-19 17:50:01.885,10502,10503,10503,1
2019-08-19 17:50:01.885,10502,10503,10503,1
2019-08-19 17:50:01.885,10502,10503,10503,2
2019-08-19 17:50:04.905,10503,10504,10504,1
2019-08-19 17:50:05.046,10503,10504,10504,1
2019-08-19 17:50:05.274,10503,10504,10504,1
2019-08-19 17:50:05.447,10503,10504,10504,1
2019-08-19 17:50:05.912,10503,10504,10504,1
2019-08-19 17:50:13.939,10503,10504,10504,2
2019-08-19 17:50:26.886,10503,10504,10504,2
2019-08-19 17:50:32.661,10503,10504,10503,1
2019-08-19 17:50:32.753,10503,10504,10503,1
2019-08-19 17:50:37.937,10503,10504,10503,2
2019-08-19 17:50:37.937,10503,10504,10503,2
2019-08-19 17:50:38.198,10502,10503,10503,2
2019-08-19 17:50:40.288,10503,10504,10503,1
2019-08-19 17:50:45.535,10503,10504,10503,1
2019-08-19 17:50:48.443,10503,10504,10503,1
2019-08-19 17:50:50.566,10503,10504,10503,1
2019-08-19 17:50:56.166,10503,10504,10503,1
2019-08-19 17:51:32.717,10503,10504,10503,1
2019-08-19 17:51:51.561,10503,10504,10503,1
2019-08-19 17:51:57.408,10503,10504,10503,5
2019-08-19 17:52:03.508,10503,10504,10504,3
2019-08-19 17:52:04.728,10503,10504,10503,1
2019-08-19 17:52:10.069,10503,10504,10504,6
2019-08-19 17:52:10.135,10503,10504,10504,10
2019-08-19 17:52:10.135,10503,10504,10504,2
2019-08-19 17:52:10.135,10503,10504,10504,1
2019-08-19 17:52:10.135,10503,10504,10504,1
2019-08-19 17:52:10.185,10503,10504,10504,3
2019-08-19 17:52:10.235,10503,10504,10504,3
2019-08-19 17:52:21.686,10504,10505,10504,1
2019-08-19 17:52:27.941,10504,10505,10504,1
2019-08-19 17:52:30.426,10504,10505,10505,1
2019-08-19 17:52:30.525,10504,10505,10504,1
2019-08-19 17:52:30.734,10504,10505,10505,1
2019-08-19 17:52:30.761,10504,10505,10504,1
2019-08-19 17:52:35.724,10504,10505,10504,1
2019-08-19 17:52:37.971,10504,10505,10505,15
2019-08-19 17:52:41.372,10504,10505,10505,10
2019-08-19 17:52:45.483,10504,10505,10505,2
2019-08-19 17:52:55.527,10504,10505,10505,25
2019-08-19 17:52:56.252,10504,10505,10504,1
2019-08-19 17:52:56.529,10504,10505,10504,1
2019-08-19 17:53:05.519,10504,10505,10504,4
2019-08-19 17:53:05.622,10504,10505,10504,5
2019-08-19 17:53:19.183,10503,10504,10503,1
2019-08-19 17:53:19.785,10503,10504,10503,1
2019-08-19 17:53:23.413,10503,10504,10504,1
2019-08-19 17:53:26.578,10503,10504,10503,1
2019-08-19 17:53:27.721,10503,10504,10503,1
2019-08-19 17:53:38.022,10503,10504,10504,2
2019-08-19 17:54:02.904,10503,10504,10503,9
2019-08-19 17:54:12.431,10502,10503,10502,2
2019-08-19 17:54:12.510,10502,10503,10502,6
2019-08-19 17:54:14.732,10502,10503,10502,2
2019-08-19 17:54:14.732,10502,10503,10502,2
2019-08-19 17:54:14.993,10501,10502,10502,1
2019-08-19 17:54:19.286,10502,10503,10502,5
2019-08-19 17:54:19.405,10501,10503,10502,1
2019-08-19 17:54:22.885,10502,10503,10502,1
2019-08-19 17:54:22.885,10502,10503,10502,4
2019-08-19 17:54:23.142,10501,10503,10502,1
2019-08-19 17:54:23.260,10502,10503,10502,2
2019-08-19 17:54:23.385,10502,10503,10502,1
2019-08-19 17:54:25.064,10502,10503,10502,1
2019-08-19 17:54:44.782,10502,10503,10502,1
2019-08-19 17:54:47.642,10502,10503,10502,1
2019-08-19 17:54:50.651,10502,10503,10502,1
2019-08-19 17:55:11.259,10501,10502,10502,2
2019-08-19 17:55:18.966,10502,10503,10502,3
2019-08-19 17:55:19.326,10501,10502,10502,1
2019-08-19 17:55:44.923,10501,10502,10501,2
2019-08-19 17:56:53.262,10501,10502,10502,1
2019-08-19 17:56:54.141,10501,10502,10502,4
2019-08-19 17:57:11.384,10501,10502,10502,1
2019-08-19 17:57:34.407,10501,10502,10501,1
2019-08-19 17:57:52.420,10501,10502,10501,1
2019-08-19 17:57:55.640,10501,10502,10501,1
2019-08-19 17:57:55.641,10501,10502,10501,2
2019-08-19 17:57:55.641,10501,10502,10501,1
2019-08-19 17:58:00.772,10501,10502,10501,7
2019-08-19 17:58:00.787,10501,10502,10501,1
2019-08-19 17:58:03.106,10500,10501,10501,2
2019-08-19 17:58:03.122,10500,10501,10500,10
2019-08-19 17:58:03.135,10500,10501,10501,1
2019-08-19 17:58:03.135,10500,10501,10501,1
2019-08-19 17:58:13.255,10500,10501,10500,5
2019-08-19 17:58:18.035,10500,10501,10500,1
2019-08-19 17:58:20.610,10500,10501,10500,6
2019-08-19 17:58:20.635,10499,10500,10500,2
2019-08-19 17:58:20.639,10499,10500,10500,2
2019-08-19 17:58:20.662,10499,10500,10500,2
2019-08-19 17:58:20.674,10499,10500,10500,1
2019-08-19 17:58:39.759,10499,10500,10499,2
2019-08-19 17:58:53.188,10499,10500,10499,1
2019-08-19 17:59:03.103,10499,10500,10499,1
2019-08-19 17:59:15.033,10499,10500,10499,1
2019-08-19 17:59:18.973,10499,10500,10499,1
2019-08-19 17:59:23.352,10499,10500,10500,1
2019-08-19 17:59:24.321,10499,10500,10499,1
2019-08-19 17:59:24.352,10499,10500,10500,1
2019-08-19 17:59:29.442,10499,10500,10500,1
2019-08-19 17:59:38.383,10499,10500,10500,1
2019-08-19 17:59:39.057,10499,10500,10500,1
2019-08-19 17:59:39.184,10499,10500,10500,1
2019-08-19 17:59:51.629,10499,10500,10500,10
2019-08-19 17:59:51.635,10499,10500,10500,1
2019-08-19 17:59:54.550,10500,10501,10500,3
2019-08-19 17:59:55.160,10500,10501,10501,1
2019-08-19 17:59:55.321,10500,10501,10501,1
2019-08-19 17:59:57.931,10500,10501,10500,3
2019-08-19 18:00:16.958,10500,10501,10501,1
2019-08-19 18:00:17.651,10500,10501,10501,2
2019-08-19 18:00:18.148,10500,10501,10501,2
2019-08-19 18:00:18.749,10500,10501,10501,2
2019-08-19 18:00:19.149,10500,10501,10501,2
2019-08-19 18:00:19.206,10500,10501,10501,2
2019-08-19 18:00:19.385,10500,10501,10501,2
2019-08-19 18:00:19.583,10500,10501,10501,2
