2019-11-07 15:00:00.088,11599,11600,11599,41
2019-11-07 15:00:00.090,11599,11600,11599,1
2019-11-07 15:00:00.090,11599,11600,11599,1
2019-11-07 15:00:00.718,11598,11600,11600,1
2019-11-07 15:00:00.997,11598,11600,11598,2
2019-11-07 15:00:01.621,11598,11599,11600,2
2019-11-07 15:00:02.276,11598,11599,11599,1
2019-11-07 15:00:03.159,11598,11599,11599,1
2019-11-07 15:00:06.054,11598,11599,11599,5
2019-11-07 15:00:06.424,11598,11599,11598,5
2019-11-07 15:00:11.851,11597,11598,11597,4
2019-11-07 15:00:12.978,11597,11598,11597,6
2019-11-07 15:00:13.103,11597,11598,11597,3
2019-11-07 15:00:13.494,11596,11597,11596,5
2019-11-07 15:00:13.600,11596,11597,11597,1
2019-11-07 15:00:13.944,11596,11597,11596,5
2019-11-07 15:00:15.130,11596,11597,11596,5
2019-11-07 15:00:16.661,11596,11597,11596,5
2019-11-07 15:00:16.728,11596,11597,11596,1
2019-11-07 15:00:16.868,11596,11597,11596,5
2019-11-07 15:00:17.144,11596,11597,11596,5
2019-11-07 15:00:17.228,11596,11597,11596,1
2019-11-07 15:00:17.379,11595,11597,11597,2
2019-11-07 15:00:19.002,11595,11596,11596,1
2019-11-07 15:00:20.688,11596,11597,11596,1
2019-11-07 15:00:21.034,11596,11597,11596,1
2019-11-07 15:00:22.822,11596,11597,11596,1
2019-11-07 15:00:25.226,11596,11597,11596,1
2019-11-07 15:00:25.244,11596,11597,11597,1
2019-11-07 15:00:25.478,11597,11598,11597,1
2019-11-07 15:00:25.479,11597,11598,11597,1
2019-11-07 15:00:25.961,11597,11598,11597,1
2019-11-07 15:00:28.023,11597,11598,11597,1
2019-11-07 15:00:28.195,11596,11598,11596,3
2019-11-07 15:00:28.206,11596,11598,11596,1
2019-11-07 15:00:28.397,11596,11598,11596,1
2019-11-07 15:00:28.629,11596,11598,11596,1
2019-11-07 15:00:28.834,11596,11598,11596,1
2019-11-07 15:00:29.019,11596,11598,11596,1
2019-11-07 15:00:29.206,11596,11598,11596,1
2019-11-07 15:00:29.410,11596,11598,11596,1
2019-11-07 15:00:29.492,11596,11598,11596,2
2019-11-07 15:00:29.626,11596,11598,11596,1
2019-11-07 15:00:29.799,11597,11598,11597,1
2019-11-07 15:00:29.975,11596,11598,11596,1
2019-11-07 15:00:29.987,11596,11598,11598,1
2019-11-07 15:00:30.504,11597,11598,11597,1
2019-11-07 15:00:30.645,11596,11598,11596,3
2019-11-07 15:00:30.704,11596,11598,11596,1
2019-11-07 15:00:30.921,11596,11598,11596,1
2019-11-07 15:00:31.199,11596,11598,11596,1
2019-11-07 15:00:31.903,11596,11598,11596,1
2019-11-07 15:00:32.146,11596,11597,11596,1
2019-11-07 15:00:32.369,11596,11597,11596,1
2019-11-07 15:00:33.154,11596,11597,11596,3
2019-11-07 15:00:33.673,11596,11597,11597,1
2019-11-07 15:00:34.649,11596,11597,11596,3
2019-11-07 15:00:36.369,11596,11597,11597,2
2019-11-07 15:00:37.244,11597,11598,11598,3
2019-11-07 15:00:38.615,11597,11598,11598,1
2019-11-07 15:00:38.728,11597,11598,11598,1
2019-11-07 15:00:39.231,11598,11599,11598,1
2019-11-07 15:00:39.244,11598,11599,11598,1
2019-11-07 15:00:39.248,11598,11599,11597,1
2019-11-07 15:00:39.507,11597,11598,11598,1
2019-11-07 15:00:40.050,11597,11598,11597,1
2019-11-07 15:00:42.728,11597,11598,11598,1
2019-11-07 15:00:42.853,11597,11598,11598,2
2019-11-07 15:00:42.869,11597,11598,11597,3
2019-11-07 15:00:44.033,11597,11598,11597,10
2019-11-07 15:00:45.834,11597,11598,11597,3
2019-11-07 15:00:46.528,11597,11598,11597,3
2019-11-07 15:00:47.084,11597,11598,11597,1
2019-11-07 15:00:47.368,11597,11598,11597,6
2019-11-07 15:00:52.392,11596,11597,11597,1
2019-11-07 15:00:52.600,11596,11597,11597,5
2019-11-07 15:00:56.039,11596,11597,11596,3
2019-11-07 15:00:56.222,11596,11597,11597,1
2019-11-07 15:00:56.804,11596,11597,11596,1
2019-11-07 15:00:57.883,11596,11597,11597,2
2019-11-07 15:01:00.039,11596,11597,11597,3
2019-11-07 15:01:00.085,11596,11597,11597,3
2019-11-07 15:01:00.282,11596,11597,11596,1
2019-11-07 15:01:02.014,11596,11597,11596,1
2019-11-07 15:01:02.169,11596,11597,11597,2
2019-11-07 15:01:02.235,11596,11597,11597,2
2019-11-07 15:01:02.243,11596,11597,11597,11
2019-11-07 15:01:02.243,11596,11597,11598,8
2019-11-07 15:01:02.433,11597,11598,11598,2
2019-11-07 15:01:02.433,11597,11598,11598,1
2019-11-07 15:01:02.603,11597,11598,11598,1
2019-11-07 15:01:02.627,11597,11598,11598,2
2019-11-07 15:01:02.640,11597,11598,11598,1
2019-11-07 15:01:03.012,11597,11599,11597,1
2019-11-07 15:01:03.015,11597,11599,11599,3
2019-11-07 15:01:03.627,11597,11599,11597,1
2019-11-07 15:01:04.209,11597,11599,11597,1
2019-11-07 15:01:08.682,11597,11598,11597,1
2019-11-07 15:01:09.488,11597,11598,11597,1
2019-11-07 15:01:13.199,11597,11598,11597,5
2019-11-07 15:01:15.113,11597,11598,11597,5
2019-11-07 15:01:19.023,11597,11598,11597,5
2019-11-07 15:01:27.163,11597,11598,11597,2
2019-11-07 15:01:35.167,11597,11598,11597,5
2019-11-07 15:01:37.423,11597,11598,11597,5
2019-11-07 15:01:42.635,11597,11598,11597,2
2019-11-07 15:01:44.867,11597,11598,11597,1
2019-11-07 15:01:45.196,11597,11598,11597,2
2019-11-07 15:01:45.603,11596,11597,11596,5
2019-11-07 15:01:49.945,11596,11597,11597,1
2019-11-07 15:01:51.512,11596,11597,11596,5
2019-11-07 15:01:51.876,11596,11597,11596,2
2019-11-07 15:01:53.630,11596,11597,11596,1
2019-11-07 15:01:56.487,11596,11597,11596,6
2019-11-07 15:01:56.604,11595,11596,11596,2
2019-11-07 15:01:57.081,11595,11596,11596,1
2019-11-07 15:01:58.334,11595,11596,11596,4
2019-11-07 15:02:01.098,11595,11596,11596,1
2019-11-07 15:02:01.254,11595,11596,11595,1
2019-11-07 15:02:01.986,11595,11596,11595,4
2019-11-07 15:02:01.986,11595,11596,11595,2
2019-11-07 15:02:01.986,11595,11596,11595,9
2019-11-07 15:02:01.986,11595,11596,11595,4
2019-11-07 15:02:02.103,11595,11596,11595,4
2019-11-07 15:02:02.103,11595,11596,11595,1
2019-11-07 15:02:02.165,11595,11596,11596,10
2019-11-07 15:02:02.273,11595,11596,11595,4
2019-11-07 15:02:02.273,11595,11596,11595,4
2019-11-07 15:02:07.176,11594,11595,11594,5
2019-11-07 15:02:08.123,11594,11595,11594,3
2019-11-07 15:02:09.772,11594,11595,11594,1
2019-11-07 15:02:12.270,11594,11595,11594,5
2019-11-07 15:02:13.057,11594,11595,11594,2
2019-11-07 15:02:13.259,11594,11595,11594,2
2019-11-07 15:02:18.184,11593,11594,11594,1
2019-11-07 15:02:18.297,11593,11594,11594,7
2019-11-07 15:02:26.744,11594,11595,11594,5
2019-11-07 15:02:28.117,11594,11595,11595,1
2019-11-07 15:02:31.266,11594,11595,11594,1
2019-11-07 15:02:34.697,11594,11595,11595,1
2019-11-07 15:02:37.893,11594,11595,11594,1
2019-11-07 15:02:40.738,11594,11595,11595,1
2019-11-07 15:02:43.831,11594,11595,11594,5
2019-11-07 15:02:46.869,11594,11595,11594,1
2019-11-07 15:02:48.344,11594,11595,11594,1
2019-11-07 15:02:50.181,11594,11595,11594,1
2019-11-07 15:02:52.296,11594,11595,11594,3
2019-11-07 15:03:00.082,11593,11594,11594,1
2019-11-07 15:03:03.641,11593,11594,11593,1
2019-11-07 15:03:03.871,11593,11594,11594,1
2019-11-07 15:03:03.930,11593,11594,11594,2
2019-11-07 15:03:04.279,11593,11594,11594,1
2019-11-07 15:03:04.279,11593,11594,11595,40
2019-11-07 15:03:04.350,11593,11594,11595,1
2019-11-07 15:03:04.550,11595,11596,11595,1
2019-11-07 15:03:16.188,11595,11596,11596,1
2019-11-07 15:03:16.189,11595,11596,11596,2
2019-11-07 15:03:18.236,11595,11596,11596,3
2019-11-07 15:03:18.699,11595,11596,11596,1
2019-11-07 15:03:18.744,11595,11597,11596,1
2019-11-07 15:03:20.329,11596,11597,11597,3
2019-11-07 15:03:21.869,11597,11598,11598,6
2019-11-07 15:03:25.964,11598,11599,11598,1
2019-11-07 15:03:30.180,11598,11599,11599,2
2019-11-07 15:03:37.147,11598,11599,11598,6
2019-11-07 15:03:41.105,11598,11599,11599,1
2019-11-07 15:03:42.513,11598,11599,11598,1
2019-11-07 15:03:44.143,11598,11599,11599,1
2019-11-07 15:03:45.543,11598,11599,11599,7
2019-11-07 15:03:50.120,11598,11599,11599,1
2019-11-07 15:03:50.662,11598,11599,11599,1
2019-11-07 15:03:52.594,11598,11599,11599,8
2019-11-07 15:03:53.838,11599,11600,11599,1
2019-11-07 15:04:02.631,11599,11600,11599,1
2019-11-07 15:04:14.979,11599,11600,11600,13
2019-11-07 15:04:15.103,11599,11600,11600,34
2019-11-07 15:04:15.203,11599,11600,11600,1
2019-11-07 15:04:15.932,11600,11601,11600,5
2019-11-07 15:04:19.695,11600,11601,11601,1
2019-11-07 15:04:19.949,11600,11601,11601,1
2019-11-07 15:04:20.583,11600,11601,11601,1
2019-11-07 15:04:20.605,11600,11601,11601,1
2019-11-07 15:04:20.631,11600,11601,11600,1
2019-11-07 15:04:21.266,11600,11601,11601,1
2019-11-07 15:04:22.266,11600,11601,11601,2
2019-11-07 15:04:23.254,11600,11601,11601,1
2019-11-07 15:04:23.754,11600,11601,11601,1
2019-11-07 15:04:24.656,11600,11601,11601,1
2019-11-07 15:04:24.657,11600,11601,11601,1
2019-11-07 15:04:25.143,11600,11601,11601,1
2019-11-07 15:04:25.535,11600,11601,11601,1
2019-11-07 15:04:25.605,11601,11602,11601,1
2019-11-07 15:04:26.050,11600,11602,11602,1
2019-11-07 15:04:26.353,11600,11602,11602,2
2019-11-07 15:04:27.178,11600,11601,11601,1
2019-11-07 15:04:29.602,11600,11601,11601,1
2019-11-07 15:04:29.761,11600,11601,11600,3
2019-11-07 15:04:29.886,11600,11601,11601,1
2019-11-07 15:04:30.375,11600,11601,11601,1
2019-11-07 15:04:30.849,11600,11601,11600,7
2019-11-07 15:04:31.024,11600,11601,11600,1
2019-11-07 15:04:36.298,11600,11601,11601,1
2019-11-07 15:04:43.146,11600,11601,11601,1
2019-11-07 15:04:46.714,11600,11601,11600,9
2019-11-07 15:04:49.454,11600,11601,11600,7
2019-11-07 15:04:56.486,11599,11600,11599,1
2019-11-07 15:05:00.093,11599,11600,11599,2
2019-11-07 15:05:00.879,11599,11600,11599,1
2019-11-07 15:05:00.957,11599,11600,11599,1
2019-11-07 15:05:00.971,11599,11600,11599,1
2019-11-07 15:05:07.689,11599,11600,11599,2
2019-11-07 15:05:10.774,11599,11600,11599,1
2019-11-07 15:05:12.467,11599,11600,11599,2
2019-11-07 15:05:12.875,11599,11600,11599,7
2019-11-07 15:05:13.240,11598,11599,11599,2
2019-11-07 15:05:26.182,11598,11599,11598,2
2019-11-07 15:05:28.204,11598,11599,11598,2
2019-11-07 15:05:28.334,11598,11599,11598,1
2019-11-07 15:05:28.962,11598,11599,11598,2
2019-11-07 15:05:29.541,11598,11599,11598,2
2019-11-07 15:05:35.447,11598,11599,11598,2
2019-11-07 15:05:38.907,11598,11599,11598,2
2019-11-07 15:05:42.451,11597,11598,11597,2
2019-11-07 15:05:43.315,11597,11598,11597,2
2019-11-07 15:05:43.754,11597,11598,11598,1
2019-11-07 15:05:44.238,11597,11598,11597,2
2019-11-07 15:05:46.232,11597,11598,11597,2
2019-11-07 15:05:48.320,11597,11598,11597,2
2019-11-07 15:05:54.187,11597,11598,11598,1
2019-11-07 15:05:54.191,11597,11598,11598,1
2019-11-07 15:05:55.393,11597,11598,11597,1
2019-11-07 15:06:01.570,11597,11598,11597,1
2019-11-07 15:06:10.306,11597,11598,11597,2
2019-11-07 15:06:15.080,11597,11598,11597,2
2019-11-07 15:06:16.733,11597,11598,11598,2
2019-11-07 15:06:28.485,11597,11598,11598,1
2019-11-07 15:06:29.294,11597,11598,11597,1
2019-11-07 15:06:31.499,11597,11598,11597,2
2019-11-07 15:06:33.373,11597,11598,11597,1
2019-11-07 15:06:33.918,11597,11598,11598,1
2019-11-07 15:06:38.453,11597,11598,11598,1
2019-11-07 15:06:41.765,11597,11598,11597,2
2019-11-07 15:06:43.939,11597,11598,11597,2
2019-11-07 15:06:48.372,11597,11598,11597,1
2019-11-07 15:06:49.114,11597,11598,11598,1
2019-11-07 15:06:49.232,11597,11598,11598,1
2019-11-07 15:07:02.172,11597,11598,11597,2
2019-11-07 15:07:02.538,11597,11598,11597,1
2019-11-07 15:07:06.228,11597,11598,11597,2
2019-11-07 15:07:08.204,11597,11598,11597,2
2019-11-07 15:07:14.320,11597,11598,11597,1
2019-11-07 15:07:15.571,11597,11598,11597,2
2019-11-07 15:07:18.345,11597,11598,11597,2
2019-11-07 15:07:20.743,11597,11598,11598,3
2019-11-07 15:07:22.557,11597,11598,11597,1
2019-11-07 15:07:22.637,11597,11598,11597,1
2019-11-07 15:07:31.061,11597,11598,11598,1
2019-11-07 15:07:57.387,11597,11598,11597,2
2019-11-07 15:08:01.044,11597,11598,11597,1
2019-11-07 15:08:16.126,11597,11598,11597,2
2019-11-07 15:08:17.643,11597,11598,11597,2
2019-11-07 15:08:19.733,11597,11598,11597,2
2019-11-07 15:08:23.205,11597,11598,11597,1
2019-11-07 15:08:25.864,11597,11598,11597,1
2019-11-07 15:08:36.613,11597,11598,11597,2
2019-11-07 15:08:38.315,11597,11598,11597,2
2019-11-07 15:08:57.741,11596,11597,11597,1
2019-11-07 15:09:00.904,11596,11597,11596,1
2019-11-07 15:09:02.686,11596,11597,11596,1
2019-11-07 15:09:12.670,11596,11597,11597,2
2019-11-07 15:09:13.277,11596,11597,11597,2
2019-11-07 15:09:14.330,11596,11597,11597,1
2019-11-07 15:09:14.330,11596,11597,11597,2
2019-11-07 15:09:14.330,11596,11597,11597,1
2019-11-07 15:09:14.330,11596,11597,11597,1
2019-11-07 15:09:17.414,11597,11598,11597,2
2019-11-07 15:09:18.387,11597,11598,11597,2
2019-11-07 15:09:21.460,11597,11598,11597,2
2019-11-07 15:09:25.434,11597,11598,11597,2
2019-11-07 15:09:29.026,11597,11598,11597,1
2019-11-07 15:09:35.142,11597,11598,11597,1
2019-11-07 15:09:38.868,11597,11598,11597,2
2019-11-07 15:09:39.609,11597,11598,11597,1
2019-11-07 15:09:43.685,11597,11598,11597,3
2019-11-07 15:09:46.652,11597,11598,11598,1
2019-11-07 15:09:47.185,11597,11598,11598,2
2019-11-07 15:09:47.228,11597,11598,11598,2
2019-11-07 15:09:47.353,11597,11598,11598,1
2019-11-07 15:09:48.044,11597,11598,11598,2
2019-11-07 15:09:48.203,11597,11598,11598,2
2019-11-07 15:09:48.370,11597,11598,11598,2
2019-11-07 15:09:48.402,11597,11598,11597,1
2019-11-07 15:09:48.942,11597,11598,11598,2
2019-11-07 15:09:50.347,11597,11598,11598,1
2019-11-07 15:09:52.595,11597,11598,11598,1
2019-11-07 15:09:53.212,11598,11599,11598,2
2019-11-07 15:09:53.938,11598,11599,11598,2
2019-11-07 15:09:54.731,11598,11599,11598,2
2019-11-07 15:10:01.671,11597,11598,11598,2
2019-11-07 15:10:05.468,11597,11598,11598,1
2019-11-07 15:10:08.842,11597,11598,11598,4
2019-11-07 15:10:08.854,11598,11599,11598,1
2019-11-07 15:10:16.374,11597,11598,11598,2
2019-11-07 15:10:20.065,11597,11598,11598,1
2019-11-07 15:10:22.803,11597,11598,11598,1
2019-11-07 15:10:25.706,11597,11598,11598,1
2019-11-07 15:10:27.441,11597,11598,11598,1
2019-11-07 15:10:29.086,11597,11598,11598,1
2019-11-07 15:10:30.090,11598,11599,11598,1
2019-11-07 15:10:33.672,11597,11598,11598,1
2019-11-07 15:10:37.484,11597,11598,11598,3
2019-11-07 15:10:39.932,11598,11599,11598,1
2019-11-07 15:10:44.067,11598,11599,11598,2
2019-11-07 15:10:46.126,11598,11599,11598,2
2019-11-07 15:10:49.135,11598,11599,11598,2
2019-11-07 15:10:52.735,11597,11599,11599,3
2019-11-07 15:10:55.691,11598,11599,11598,1
2019-11-07 15:10:55.691,11598,11599,11597,1
2019-11-07 15:10:56.452,11598,11599,11598,1
2019-11-07 15:10:59.031,11597,11598,11598,1
2019-11-07 15:11:00.188,11598,11599,11599,1
2019-11-07 15:11:02.251,11598,11599,11599,1
2019-11-07 15:11:13.672,11598,11599,11598,1
2019-11-07 15:11:14.316,11598,11599,11598,2
2019-11-07 15:11:19.148,11598,11599,11598,2
2019-11-07 15:11:19.749,11598,11599,11598,1
2019-11-07 15:11:20.851,11598,11599,11598,2
2019-11-07 15:11:23.760,11597,11598,11598,1
2019-11-07 15:11:29.973,11597,11598,11597,2
2019-11-07 15:11:31.306,11597,11598,11597,4
2019-11-07 15:11:31.353,11597,11598,11597,18
2019-11-07 15:11:31.478,11597,11598,11597,8
2019-11-07 15:11:31.478,11597,11598,11597,1
2019-11-07 15:11:31.478,11597,11598,11597,3
2019-11-07 15:11:43.695,11596,11597,11596,1
2019-11-07 15:11:45.668,11596,11597,11596,2
2019-11-07 15:11:46.319,11596,11597,11596,2
2019-11-07 15:11:46.938,11596,11597,11596,2
2019-11-07 15:11:47.515,11596,11597,11596,2
2019-11-07 15:11:51.252,11596,11597,11596,2
2019-11-07 15:11:52.316,11596,11597,11596,2
2019-11-07 15:11:53.248,11596,11597,11596,2
2019-11-07 15:11:56.165,11596,11597,11596,2
2019-11-07 15:11:56.577,11596,11597,11596,2
2019-11-07 15:11:56.995,11596,11597,11596,2
2019-11-07 15:11:57.747,11596,11597,11596,2
2019-11-07 15:11:58.790,11596,11597,11596,2
2019-11-07 15:12:01.740,11596,11597,11596,2
2019-11-07 15:12:03.965,11596,11597,11596,2
2019-11-07 15:12:06.364,11596,11597,11596,2
2019-11-07 15:12:06.761,11596,11597,11596,2
2019-11-07 15:12:06.852,11596,11597,11596,1
2019-11-07 15:12:08.090,11596,11597,11596,1
2019-11-07 15:12:13.372,11596,11597,11596,2
2019-11-07 15:12:14.517,11596,11597,11596,2
2019-11-07 15:12:19.727,11596,11597,11596,1
2019-11-07 15:12:19.933,11596,11597,11596,6
2019-11-07 15:12:23.979,11596,11597,11596,1
2019-11-07 15:12:24.072,11596,11597,11596,2
2019-11-07 15:12:24.260,11596,11597,11596,2
2019-11-07 15:12:24.969,11596,11597,11596,1
2019-11-07 15:12:25.224,11596,11597,11596,1
2019-11-07 15:12:26.835,11596,11597,11596,2
2019-11-07 15:12:29.542,11596,11597,11596,2
2019-11-07 15:12:33.304,11596,11597,11596,1
2019-11-07 15:12:33.948,11596,11597,11596,2
2019-11-07 15:12:37.979,11596,11597,11596,2
2019-11-07 15:12:48.712,11596,11597,11597,5
2019-11-07 15:13:00.694,11597,11598,11597,1
2019-11-07 15:13:06.751,11596,11597,11597,1
2019-11-07 15:13:07.521,11596,11597,11597,1
2019-11-07 15:13:52.175,11597,11598,11597,1
2019-11-07 15:14:12.754,11597,11598,11597,2
2019-11-07 15:14:15.192,11597,11598,11597,1
2019-11-07 15:14:22.845,11597,11598,11597,3
2019-11-07 15:14:22.864,11597,11598,11598,1
2019-11-07 15:14:28.442,11597,11598,11597,4
2019-11-07 15:14:33.347,11597,11598,11598,1
2019-11-07 15:14:38.609,11597,11598,11598,11
2019-11-07 15:14:41.111,11597,11598,11598,7
2019-11-07 15:14:41.974,11597,11598,11598,2
2019-11-07 15:14:43.543,11597,11598,11598,1
2019-11-07 15:14:43.555,11597,11598,11598,1
2019-11-07 15:14:47.457,11598,11599,11598,2
2019-11-07 15:14:49.835,11598,11599,11599,1
2019-11-07 15:14:51.409,11598,11599,11599,1
2019-11-07 15:15:01.648,11598,11599,11599,2
2019-11-07 15:15:03.298,11598,11599,11599,1
2019-11-07 15:15:03.335,11598,11599,11598,5
2019-11-07 15:15:05.068,11598,11599,11599,1
2019-11-07 15:15:05.481,11598,11599,11599,1
2019-11-07 15:15:05.811,11598,11599,11599,1
2019-11-07 15:15:08.885,11598,11599,11598,1
2019-11-07 15:15:19.340,11598,11599,11599,2
2019-11-07 15:15:45.974,11598,11599,11598,1
2019-11-07 15:15:48.133,11598,11599,11599,1
2019-11-07 15:15:53.667,11598,11599,11599,1
2019-11-07 15:16:20.583,11598,11599,11598,2
2019-11-07 15:16:53.612,11597,11598,11597,3
2019-11-07 15:17:00.175,11596,11597,11597,1
2019-11-07 15:17:22.460,11596,11597,11597,1
2019-11-07 15:17:31.175,11596,11597,11597,1
2019-11-07 15:17:34.964,11596,11597,11597,1
2019-11-07 15:18:07.205,11596,11597,11597,1
2019-11-07 15:18:08.835,11596,11597,11597,1
2019-11-07 15:18:23.391,11596,11597,11596,1
2019-11-07 15:18:35.195,11596,11597,11596,2
2019-11-07 15:18:35.302,11596,11597,11597,1
2019-11-07 15:18:35.933,11596,11597,11596,1
2019-11-07 15:18:40.506,11596,11597,11597,1
2019-11-07 15:18:50.997,11596,11597,11596,1
2019-11-07 15:18:53.411,11596,11597,11596,1
2019-11-07 15:18:54.504,11596,11597,11596,1
2019-11-07 15:18:55.111,11596,11597,11596,1
2019-11-07 15:19:00.457,11596,11597,11596,1
2019-11-07 15:19:04.353,11596,11597,11597,4
2019-11-07 15:19:04.353,11596,11597,11597,1
2019-11-07 15:19:09.839,11597,11598,11598,1
2019-11-07 15:19:11.813,11597,11598,11598,3
2019-11-07 15:19:15.742,11598,11599,11599,18
2019-11-07 15:19:30.944,11598,11599,11599,1
2019-11-07 15:19:36.676,11598,11599,11599,1
2019-11-07 15:19:40.482,11598,11599,11599,3
2019-11-07 15:19:41.603,11598,11599,11599,1
2019-11-07 15:19:41.728,11598,11599,11599,2
2019-11-07 15:19:44.737,11599,11600,11600,19
2019-11-07 15:19:45.139,11600,11601,11601,1
2019-11-07 15:19:45.962,11600,11601,11600,1
2019-11-07 15:19:46.915,11600,11601,11601,3
2019-11-07 15:19:46.978,11600,11601,11601,9
2019-11-07 15:19:47.097,11600,11601,11601,2
2019-11-07 15:19:47.097,11600,11601,11601,2
2019-11-07 15:19:48.455,11601,11602,11602,1
2019-11-07 15:19:48.677,11601,11602,11602,1
2019-11-07 15:19:48.677,11601,11602,11602,1
2019-11-07 15:19:49.276,11601,11602,11602,8
2019-11-07 15:19:49.276,11601,11602,11602,3
2019-11-07 15:19:50.424,11602,11603,11603,15
2019-11-07 15:19:50.424,11602,11603,11604,18
2019-11-07 15:19:50.478,11602,11603,11603,2
2019-11-07 15:19:50.597,11602,11603,11604,1
2019-11-07 15:19:50.855,11603,11604,11604,4
2019-11-07 15:19:50.995,11603,11604,11604,1
2019-11-07 15:19:51.984,11603,11604,11604,1
2019-11-07 15:19:52.963,11603,11604,11604,1
2019-11-07 15:19:53.480,11604,11605,11604,1
2019-11-07 15:19:53.480,11604,11605,11603,1
2019-11-07 15:19:55.194,11603,11604,11604,2
2019-11-07 15:19:55.519,11604,11605,11605,1
2019-11-07 15:19:55.519,11604,11605,11605,1
2019-11-07 15:19:55.519,11604,11605,11605,1
2019-11-07 15:19:55.728,11604,11605,11605,1
2019-11-07 15:19:55.750,11604,11605,11605,1
2019-11-07 15:19:55.791,11604,11605,11605,1
2019-11-07 15:19:55.847,11604,11605,11605,1
2019-11-07 15:19:55.849,11604,11605,11605,1
2019-11-07 15:19:55.861,11604,11605,11605,1
2019-11-07 15:19:55.869,11604,11605,11605,1
2019-11-07 15:19:55.880,11604,11605,11604,1
2019-11-07 15:19:56.285,11604,11605,11605,2
2019-11-07 15:19:56.353,11604,11605,11605,1
2019-11-07 15:19:56.362,11604,11605,11605,1
2019-11-07 15:19:56.364,11604,11605,11605,1
2019-11-07 15:19:56.418,11604,11605,11604,1
2019-11-07 15:19:56.446,11604,11605,11605,1
2019-11-07 15:19:56.633,11604,11605,11605,1
2019-11-07 15:19:56.673,11604,11605,11605,1
2019-11-07 15:19:56.673,11604,11605,11605,4
2019-11-07 15:19:56.673,11604,11605,11605,1
2019-11-07 15:19:56.674,11604,11605,11605,4
2019-11-07 15:19:56.728,11604,11605,11605,1
2019-11-07 15:19:56.771,11604,11605,11605,1
2019-11-07 15:19:56.771,11604,11605,11605,2
2019-11-07 15:19:56.772,11604,11605,11605,5
2019-11-07 15:19:56.772,11604,11605,11605,1
2019-11-07 15:19:56.772,11604,11605,11605,2
2019-11-07 15:19:56.772,11604,11605,11605,1
2019-11-07 15:19:56.772,11604,11605,11605,2
2019-11-07 15:19:56.772,11604,11605,11605,1
2019-11-07 15:19:56.772,11604,11605,11605,2
2019-11-07 15:19:56.772,11604,11605,11605,1
2019-11-07 15:19:56.772,11604,11605,11605,1
2019-11-07 15:19:56.772,11604,11605,11605,2
2019-11-07 15:19:56.773,11604,11605,11605,1
2019-11-07 15:19:56.773,11604,11605,11605,2
2019-11-07 15:19:56.773,11604,11605,11605,1
2019-11-07 15:19:56.773,11604,11605,11605,1
2019-11-07 15:19:56.773,11604,11605,11605,1
2019-11-07 15:19:56.773,11604,11605,11605,1
2019-11-07 15:19:56.773,11604,11605,11605,1
2019-11-07 15:19:56.779,11604,11605,11605,2
2019-11-07 15:19:56.780,11604,11605,11605,29
2019-11-07 15:19:56.854,11605,11606,11606,4
2019-11-07 15:19:56.987,11605,11606,11606,5
2019-11-07 15:19:57.027,11605,11606,11606,1
2019-11-07 15:19:57.056,11605,11606,11606,6
2019-11-07 15:19:57.079,11605,11606,11606,1
2019-11-07 15:19:57.103,11605,11606,11606,1
2019-11-07 15:19:57.103,11605,11606,11606,1
2019-11-07 15:19:57.185,11605,11606,11607,1
2019-11-07 15:19:57.232,11606,11607,11606,1
2019-11-07 15:19:57.292,11606,11607,11607,10
2019-11-07 15:19:57.358,11606,11607,11607,4
2019-11-07 15:19:57.395,11606,11607,11607,1
2019-11-07 15:19:57.458,11606,11607,11607,1
2019-11-07 15:19:58.546,11606,11607,11606,1
2019-11-07 15:19:58.955,11605,11606,11606,1
2019-11-07 15:19:59.259,11605,11606,11605,1
2019-11-07 15:19:59.259,11605,11606,11604,1
2019-11-07 15:20:00.167,11604,11605,11605,1
2019-11-07 15:20:01.256,11604,11605,11605,1
2019-11-07 15:20:01.782,11604,11605,11605,1
2019-11-07 15:20:01.867,11604,11606,11606,1
2019-11-07 15:20:01.867,11604,11606,11606,1
2019-11-07 15:20:03.310,11604,11606,11605,1
2019-11-07 15:20:04.849,11605,11606,11605,1
2019-11-07 15:20:07.054,11605,11606,11605,2
2019-11-07 15:20:07.095,11605,11606,11605,2
2019-11-07 15:20:08.438,11605,11606,11605,1
2019-11-07 15:20:09.356,11605,11606,11605,1
2019-11-07 15:20:09.604,11605,11606,11606,2
2019-11-07 15:20:10.776,11606,11607,11607,1
2019-11-07 15:20:11.926,11606,11607,11606,2
2019-11-07 15:20:14.318,11605,11607,11607,1
2019-11-07 15:20:16.063,11605,11606,11606,1
2019-11-07 15:20:16.627,11605,11606,11606,1
2019-11-07 15:20:18.838,11605,11606,11606,1
2019-11-07 15:20:19.762,11605,11606,11606,1
2019-11-07 15:20:20.215,11605,11606,11606,1
2019-11-07 15:20:20.490,11605,11606,11605,1
2019-11-07 15:20:23.713,11605,11606,11606,1
2019-11-07 15:20:25.747,11605,11606,11605,1
2019-11-07 15:20:25.747,11605,11606,11605,4
2019-11-07 15:20:25.747,11605,11606,11605,2
2019-11-07 15:20:25.747,11605,11606,11605,8
2019-11-07 15:20:25.748,11605,11606,11605,15
2019-11-07 15:20:25.748,11605,11606,11605,4
2019-11-07 15:20:25.911,11604,11605,11605,2
2019-11-07 15:20:26.515,11604,11605,11605,21
2019-11-07 15:20:26.515,11604,11605,11606,4
2019-11-07 15:20:27.179,11604,11606,11606,2
2019-11-07 15:20:27.256,11604,11606,11605,1
2019-11-07 15:20:29.268,11604,11605,11605,1
2019-11-07 15:20:30.538,11605,11606,11606,1
2019-11-07 15:20:31.457,11605,11606,11606,1
2019-11-07 15:20:33.420,11605,11606,11606,3
2019-11-07 15:20:33.770,11606,11607,11607,2
2019-11-07 15:20:34.972,11606,11607,11606,1
2019-11-07 15:20:35.987,11606,11607,11606,5
2019-11-07 15:20:36.330,11606,11607,11606,1
2019-11-07 15:20:36.652,11606,11607,11606,1
2019-11-07 15:20:39.770,11606,11607,11606,1
2019-11-07 15:20:40.730,11606,11607,11606,1
2019-11-07 15:20:41.093,11606,11607,11607,8
2019-11-07 15:20:41.642,11606,11607,11607,1
2019-11-07 15:20:43.508,11606,11607,11606,3
2019-11-07 15:20:43.612,11606,11607,11606,1
2019-11-07 15:20:44.033,11606,11607,11607,1
2019-11-07 15:20:44.053,11606,11607,11606,1
2019-11-07 15:20:44.208,11606,11607,11606,2
2019-11-07 15:20:44.478,11606,11607,11606,7
2019-11-07 15:20:44.625,11605,11606,11606,1
2019-11-07 15:20:44.627,11605,11606,11606,1
2019-11-07 15:20:46.281,11605,11606,11606,1
2019-11-07 15:20:49.511,11606,11607,11607,2
2019-11-07 15:20:49.603,11606,11607,11607,4
2019-11-07 15:20:55.044,11606,11607,11607,1
2019-11-07 15:20:55.674,11606,11607,11607,2
2019-11-07 15:20:56.841,11606,11607,11607,1
2019-11-07 15:20:57.654,11606,11607,11607,2
2019-11-07 15:20:57.811,11607,11608,11608,2
2019-11-07 15:20:57.943,11607,11608,11607,1
2019-11-07 15:20:58.194,11607,11608,11607,2
2019-11-07 15:20:58.197,11607,11608,11607,4
2019-11-07 15:20:58.695,11607,11608,11607,2
2019-11-07 15:20:58.826,11607,11608,11608,1
2019-11-07 15:20:58.905,11607,11608,11608,1
2019-11-07 15:20:59.364,11607,11608,11608,1
2019-11-07 15:20:59.485,11607,11608,11608,1
2019-11-07 15:21:00.604,11607,11608,11608,31
2019-11-07 15:21:00.960,11608,11609,11609,1
2019-11-07 15:21:01.021,11608,11609,11609,2
2019-11-07 15:21:01.034,11608,11609,11609,4
2019-11-07 15:21:01.057,11608,11609,11609,4
2019-11-07 15:21:01.228,11608,11609,11609,3
2019-11-07 15:21:01.290,11608,11609,11609,2
2019-11-07 15:21:01.308,11608,11609,11609,2
2019-11-07 15:21:01.344,11608,11609,11609,2
2019-11-07 15:21:01.344,11608,11609,11609,1
2019-11-07 15:21:01.423,11608,11609,11609,1
2019-11-07 15:21:01.448,11608,11609,11609,1
2019-11-07 15:21:01.448,11608,11609,11610,2
2019-11-07 15:21:01.448,11608,11609,11610,2
2019-11-07 15:21:01.505,11608,11610,11610,2
2019-11-07 15:21:01.508,11608,11610,11610,1
2019-11-07 15:21:01.523,11608,11610,11610,1
2019-11-07 15:21:01.529,11608,11610,11610,3
2019-11-07 15:21:01.535,11608,11610,11610,2
2019-11-07 15:21:01.537,11608,11610,11610,2
2019-11-07 15:21:01.546,11608,11610,11610,15
2019-11-07 15:21:01.586,11608,11610,11610,1
2019-11-07 15:21:01.592,11608,11610,11610,2
2019-11-07 15:21:01.792,11610,11611,11611,1
2019-11-07 15:21:01.855,11610,11611,11611,1
2019-11-07 15:21:01.981,11610,11611,11611,6
2019-11-07 15:21:01.984,11610,11611,11611,2
2019-11-07 15:21:01.984,11610,11611,11611,4
2019-11-07 15:21:02.025,11610,11611,11611,1
2019-11-07 15:21:02.102,11610,11611,11611,6
2019-11-07 15:21:02.103,11610,11611,11611,3
2019-11-07 15:21:02.142,11610,11611,11612,2
2019-11-07 15:21:02.224,11610,11611,11612,2
2019-11-07 15:21:02.249,11611,11612,11612,2
2019-11-07 15:21:02.249,11611,11612,11612,2
2019-11-07 15:21:02.252,11611,11612,11612,2
2019-11-07 15:21:02.293,11611,11612,11612,1
2019-11-07 15:21:02.302,11611,11612,11612,4
2019-11-07 15:21:02.375,11611,11612,11612,1
2019-11-07 15:21:02.377,11611,11612,11612,2
2019-11-07 15:21:02.415,11611,11612,11613,4
2019-11-07 15:21:02.427,11611,11612,11613,4
2019-11-07 15:21:02.431,11611,11612,11613,4
2019-11-07 15:21:02.455,11611,11612,11613,2
2019-11-07 15:21:02.501,11612,11613,11613,4
2019-11-07 15:21:02.506,11612,11613,11613,5
2019-11-07 15:21:02.511,11612,11613,11613,5
2019-11-07 15:21:02.535,11612,11613,11613,4
2019-11-07 15:21:02.570,11612,11613,11613,4
2019-11-07 15:21:02.574,11612,11613,11613,4
2019-11-07 15:21:02.617,11612,11613,11613,4
2019-11-07 15:21:02.624,11612,11613,11613,1
2019-11-07 15:21:02.624,11612,11613,11613,4
2019-11-07 15:21:02.665,11612,11613,11613,1
2019-11-07 15:21:02.665,11612,11613,11614,3
2019-11-07 15:21:02.731,11613,11614,11613,1
2019-11-07 15:21:02.732,11613,11614,11614,4
2019-11-07 15:21:02.764,11613,11614,11614,1
2019-11-07 15:21:02.768,11613,11614,11614,1
2019-11-07 15:21:02.769,11613,11614,11614,3
2019-11-07 15:21:02.769,11613,11614,11615,1
2019-11-07 15:21:02.827,11613,11614,11614,3
2019-11-07 15:21:02.827,11613,11614,11615,1
2019-11-07 15:21:02.845,11613,11614,11615,4
2019-11-07 15:21:02.854,11613,11615,11614,1
2019-11-07 15:21:02.867,11613,11615,11614,1
2019-11-07 15:21:02.924,11613,11615,11614,3
2019-11-07 15:21:02.934,11613,11615,11614,1
2019-11-07 15:21:02.934,11613,11615,11615,3
2019-11-07 15:21:02.955,11613,11615,11614,1
2019-11-07 15:21:02.974,11613,11615,11614,1
2019-11-07 15:21:02.976,11613,11615,11614,1
2019-11-07 15:21:02.978,11614,11615,11614,1
2019-11-07 15:21:02.978,11614,11615,11614,2
2019-11-07 15:21:02.997,11614,11615,11614,1
2019-11-07 15:21:03.004,11614,11615,11614,1
2019-11-07 15:21:03.008,11614,11615,11614,1
2019-11-07 15:21:03.018,11614,11615,11615,1
2019-11-07 15:21:03.034,11614,11615,11614,2
2019-11-07 15:21:03.059,11614,11615,11614,2
2019-11-07 15:21:03.072,11614,11615,11614,1
2019-11-07 15:21:03.072,11614,11615,11614,1
2019-11-07 15:21:03.130,11613,11614,11614,2
2019-11-07 15:21:03.163,11613,11614,11614,1
2019-11-07 15:21:03.174,11613,11614,11614,1
2019-11-07 15:21:03.538,11614,11615,11615,1
2019-11-07 15:21:03.585,11614,11615,11614,1
2019-11-07 15:21:03.586,11614,11615,11615,1
2019-11-07 15:21:03.639,11613,11615,11615,1
2019-11-07 15:21:03.661,11613,11615,11615,25
2019-11-07 15:21:03.753,11614,11615,11615,2
2019-11-07 15:21:03.862,11614,11615,11615,1
2019-11-07 15:21:03.954,11614,11615,11615,1
2019-11-07 15:21:04.130,11614,11615,11614,1
2019-11-07 15:21:06.084,11614,11615,11615,1
2019-11-07 15:21:06.335,11614,11615,11614,1
2019-11-07 15:21:06.563,11614,11615,11615,1
2019-11-07 15:21:06.761,11614,11615,11615,1
2019-11-07 15:21:07.150,11614,11615,11615,5
2019-11-07 15:21:08.324,11614,11615,11615,2
2019-11-07 15:21:08.451,11614,11615,11614,2
2019-11-07 15:21:09.214,11614,11615,11615,1
2019-11-07 15:21:09.640,11614,11615,11615,1
2019-11-07 15:21:09.751,11614,11615,11615,1
2019-11-07 15:21:09.955,11614,11615,11614,1
2019-11-07 15:21:10.799,11614,11615,11615,1
2019-11-07 15:21:10.866,11614,11615,11615,1
2019-11-07 15:21:11.160,11614,11615,11615,10
2019-11-07 15:21:11.370,11614,11615,11615,10
2019-11-07 15:21:11.603,11615,11616,11615,1
2019-11-07 15:21:11.649,11615,11616,11615,1
2019-11-07 15:21:11.728,11615,11616,11615,1
2019-11-07 15:21:11.875,11615,11616,11615,7
2019-11-07 15:21:12.029,11614,11615,11615,1
2019-11-07 15:21:12.259,11614,11616,11615,1
2019-11-07 15:21:12.643,11615,11616,11616,3
2019-11-07 15:21:12.770,11615,11616,11616,3
2019-11-07 15:21:12.781,11615,11616,11616,1
2019-11-07 15:21:12.874,11615,11616,11616,1
2019-11-07 15:21:12.917,11615,11616,11616,2
2019-11-07 15:21:12.936,11615,11616,11616,2
2019-11-07 15:21:13.442,11615,11616,11615,1
2019-11-07 15:21:13.954,11615,11616,11616,1
2019-11-07 15:21:13.954,11615,11616,11617,2
2019-11-07 15:21:14.014,11615,11617,11615,1
2019-11-07 15:21:14.068,11615,11617,11617,2
2019-11-07 15:21:14.080,11615,11617,11617,4
2019-11-07 15:21:14.276,11616,11617,11617,1
2019-11-07 15:21:14.752,11616,11617,11617,1
2019-11-07 15:21:15.039,11616,11617,11616,1
2019-11-07 15:21:15.193,11616,11617,11616,1
2019-11-07 15:21:15.329,11616,11617,11616,2
2019-11-07 15:21:15.592,11616,11617,11617,1
2019-11-07 15:21:15.865,11616,11617,11616,1
2019-11-07 15:21:15.865,11616,11617,11616,1
2019-11-07 15:21:15.865,11616,11617,11616,1
2019-11-07 15:21:15.865,11616,11617,11616,3
2019-11-07 15:21:16.056,11615,11616,11615,1
2019-11-07 15:21:16.428,11615,11616,11615,1
2019-11-07 15:21:16.730,11615,11616,11615,1
2019-11-07 15:21:17.057,11615,11616,11616,1
2019-11-07 15:21:17.742,11615,11616,11616,2
2019-11-07 15:21:18.141,11615,11616,11616,1
2019-11-07 15:21:18.371,11615,11616,11615,1
2019-11-07 15:21:18.883,11615,11616,11615,6
2019-11-07 15:21:18.978,11615,11616,11615,1
2019-11-07 15:21:19.382,11614,11616,11614,1
2019-11-07 15:21:20.151,11614,11616,11616,2
2019-11-07 15:21:20.325,11614,11616,11616,2
2019-11-07 15:21:20.456,11615,11616,11615,1
2019-11-07 15:21:20.456,11615,11616,11614,1
2019-11-07 15:21:21.297,11615,11616,11616,1
2019-11-07 15:21:21.393,11615,11616,11615,1
2019-11-07 15:21:21.807,11615,11616,11616,2
2019-11-07 15:21:22.073,11615,11616,11616,1
2019-11-07 15:21:22.964,11615,11616,11615,1
2019-11-07 15:21:22.999,11615,11616,11616,1
2019-11-07 15:21:25.342,11615,11616,11615,1
2019-11-07 15:21:26.890,11615,11616,11615,1
2019-11-07 15:21:28.755,11615,11616,11616,1
2019-11-07 15:21:29.305,11615,11616,11616,1
2019-11-07 15:21:29.820,11615,11616,11616,1
2019-11-07 15:21:30.303,11615,11616,11615,2
2019-11-07 15:21:30.391,11615,11616,11616,1
2019-11-07 15:21:30.479,11615,11616,11615,1
2019-11-07 15:21:31.230,11615,11616,11616,1
2019-11-07 15:21:31.722,11615,11616,11615,1
2019-11-07 15:21:32.143,11615,11616,11616,25
2019-11-07 15:21:32.502,11615,11616,11616,1
2019-11-07 15:21:32.502,11615,11616,11617,2
2019-11-07 15:21:33.206,11615,11617,11616,1
2019-11-07 15:21:33.274,11615,11616,11615,1
2019-11-07 15:21:34.754,11615,11616,11615,15
2019-11-07 15:21:34.853,11615,11616,11615,17
2019-11-07 15:21:35.721,11614,11615,11615,1
2019-11-07 15:21:36.277,11614,11615,11615,1
2019-11-07 15:21:40.879,11614,11615,11615,1
2019-11-07 15:21:41.792,11614,11615,11615,1
2019-11-07 15:21:45.134,11614,11615,11615,3
2019-11-07 15:21:45.728,11614,11615,11614,2
2019-11-07 15:21:45.773,11614,11615,11614,2
2019-11-07 15:21:45.773,11614,11615,11614,3
2019-11-07 15:21:45.774,11614,11615,11614,3
2019-11-07 15:21:45.774,11614,11615,11614,2
2019-11-07 15:21:45.782,11614,11615,11614,1
2019-11-07 15:21:45.853,11613,11614,11614,2
2019-11-07 15:21:46.107,11613,11615,11614,1
2019-11-07 15:21:46.489,11613,11614,11614,1
2019-11-07 15:21:47.331,11613,11615,11615,4
2019-11-07 15:21:49.149,11613,11615,11615,2
2019-11-07 15:21:49.186,11613,11615,11614,1
2019-11-07 15:21:49.934,11613,11614,11614,1
2019-11-07 15:21:50.478,11613,11614,11614,2
2019-11-07 15:21:51.071,11613,11615,11615,3
2019-11-07 15:21:52.728,11613,11614,11614,1
2019-11-07 15:21:53.235,11614,11615,11615,4
2019-11-07 15:21:53.353,11614,11615,11615,5
2019-11-07 15:21:53.353,11614,11615,11615,7
2019-11-07 15:21:53.479,11614,11615,11615,8
2019-11-07 15:21:53.603,11614,11615,11615,4
2019-11-07 15:21:53.997,11614,11615,11615,1
2019-11-07 15:21:55.139,11614,11615,11615,1
2019-11-07 15:21:55.204,11614,11615,11614,1
2019-11-07 15:21:55.278,11614,11615,11615,1
2019-11-07 15:21:55.980,11614,11615,11615,2
2019-11-07 15:21:56.491,11614,11615,11614,1
2019-11-07 15:21:58.290,11614,11615,11614,1
2019-11-07 15:21:58.518,11614,11615,11615,1
2019-11-07 15:21:59.462,11614,11615,11615,4
2019-11-07 15:21:59.463,11614,11615,11615,1
2019-11-07 15:21:59.483,11615,11616,11615,1
2019-11-07 15:21:59.551,11615,11616,11615,1
2019-11-07 15:22:00.711,11615,11616,11615,1
2019-11-07 15:22:01.502,11615,11616,11615,5
2019-11-07 15:22:01.502,11615,11616,11614,2
2019-11-07 15:22:01.610,11614,11616,11616,2
2019-11-07 15:22:02.698,11615,11616,11615,10
2019-11-07 15:22:02.886,11614,11615,11615,7
2019-11-07 15:22:03.230,11614,11615,11615,1
2019-11-07 15:22:03.753,11614,11615,11614,22
2019-11-07 15:22:03.823,11614,11615,11615,1
2019-11-07 15:22:04.002,11614,11615,11614,8
2019-11-07 15:22:04.457,11613,11615,11613,7
2019-11-07 15:22:07.920,11613,11615,11614,9
2019-11-07 15:22:07.920,11613,11615,11613,6
2019-11-07 15:22:07.934,11613,11615,11613,18
2019-11-07 15:22:13.767,11613,11614,11614,1
2019-11-07 15:22:15.939,11613,11614,11614,1
2019-11-07 15:22:17.681,11613,11614,11614,1
2019-11-07 15:22:18.663,11613,11614,11613,1
2019-11-07 15:22:19.208,11613,11614,11613,2
2019-11-07 15:22:19.690,11613,11614,11614,1
2019-11-07 15:22:20.280,11613,11614,11614,3
2019-11-07 15:22:21.654,11614,11615,11614,2
2019-11-07 15:22:21.793,11614,11615,11614,1
2019-11-07 15:22:21.906,11614,11615,11614,1
2019-11-07 15:22:22.499,11614,11615,11614,1
2019-11-07 15:22:25.317,11614,11615,11614,1
2019-11-07 15:22:25.995,11614,11615,11614,1
2019-11-07 15:22:26.490,11614,11615,11614,1
2019-11-07 15:22:26.652,11613,11615,11615,1
2019-11-07 15:22:26.939,11613,11615,11615,1
2019-11-07 15:22:29.207,11613,11614,11614,1
2019-11-07 15:22:29.540,11614,11615,11614,1
2019-11-07 15:22:29.589,11614,11615,11615,2
2019-11-07 15:22:31.301,11613,11614,11614,2
2019-11-07 15:22:31.306,11613,11614,11614,1
2019-11-07 15:22:31.306,11613,11614,11614,5
2019-11-07 15:22:31.307,11613,11614,11614,1
2019-11-07 15:22:31.353,11613,11614,11614,1
2019-11-07 15:22:39.300,11614,11615,11614,1
2019-11-07 15:22:41.159,11614,11615,11614,2
2019-11-07 15:22:42.275,11614,11615,11614,1
2019-11-07 15:22:43.103,11614,11615,11615,2
2019-11-07 15:22:43.176,11614,11615,11615,2
2019-11-07 15:22:43.214,11614,11615,11615,4
2019-11-07 15:22:43.228,11614,11615,11615,4
2019-11-07 15:22:43.228,11614,11615,11615,3
2019-11-07 15:22:43.228,11614,11615,11615,1
2019-11-07 15:22:43.638,11615,11616,11615,1
2019-11-07 15:22:44.519,11615,11616,11615,1
2019-11-07 15:22:46.341,11615,11616,11616,28
2019-11-07 15:22:46.341,11615,11616,11617,15
2019-11-07 15:22:46.519,11616,11617,11617,5
2019-11-07 15:22:47.578,11616,11617,11617,2
2019-11-07 15:22:48.050,11616,11617,11617,1
2019-11-07 15:22:48.280,11616,11617,11617,2
2019-11-07 15:22:48.888,11616,11617,11617,2
2019-11-07 15:22:51.472,11616,11617,11617,1
2019-11-07 15:22:51.892,11616,11617,11616,1
2019-11-07 15:22:52.530,11615,11617,11617,2
2019-11-07 15:22:53.502,11615,11617,11617,1
2019-11-07 15:22:55.017,11616,11617,11616,1
2019-11-07 15:22:55.017,11616,11617,11615,1
2019-11-07 15:22:55.118,11615,11617,11617,1
2019-11-07 15:22:55.136,11615,11617,11617,1
2019-11-07 15:22:55.336,11615,11617,11617,6
2019-11-07 15:22:56.230,11616,11617,11616,1
2019-11-07 15:22:57.843,11615,11616,11616,15
2019-11-07 15:22:57.843,11615,11616,11617,25
2019-11-07 15:22:57.853,11616,11617,11616,4
2019-11-07 15:22:58.717,11616,11617,11616,1
2019-11-07 15:22:58.851,11616,11617,11617,1
2019-11-07 15:23:00.368,11616,11617,11617,5
2019-11-07 15:23:00.489,11616,11617,11616,1
2019-11-07 15:23:00.765,11616,11617,11617,2
2019-11-07 15:23:02.187,11616,11617,11617,1
2019-11-07 15:23:02.374,11616,11617,11617,2
2019-11-07 15:23:05.149,11616,11617,11616,16
2019-11-07 15:23:05.162,11616,11617,11615,1
2019-11-07 15:23:05.190,11616,11617,11616,3
2019-11-07 15:23:05.238,11615,11616,11616,2
2019-11-07 15:23:05.362,11615,11616,11616,1
2019-11-07 15:23:06.770,11615,11617,11617,25
2019-11-07 15:23:09.469,11616,11617,11617,1
2019-11-07 15:23:10.302,11616,11617,11617,5
2019-11-07 15:23:11.057,11616,11617,11617,1
2019-11-07 15:23:11.161,11617,11618,11617,1
2019-11-07 15:23:11.187,11617,11618,11617,3
2019-11-07 15:23:11.952,11616,11617,11616,1
2019-11-07 15:23:12.190,11616,11617,11617,1
2019-11-07 15:23:12.693,11616,11617,11617,3
2019-11-07 15:23:14.300,11617,11618,11617,6
2019-11-07 15:23:15.222,11616,11617,11617,3
2019-11-07 15:23:15.286,11616,11617,11616,1
2019-11-07 15:23:16.449,11616,11617,11616,5
2019-11-07 15:23:16.557,11616,11617,11617,1
2019-11-07 15:23:17.654,11616,11617,11616,1
2019-11-07 15:23:21.346,11616,11617,11617,2
2019-11-07 15:23:21.462,11616,11617,11617,4
2019-11-07 15:23:21.478,11616,11617,11617,3
2019-11-07 15:23:22.228,11616,11617,11617,1
2019-11-07 15:23:22.609,11616,11617,11617,1
2019-11-07 15:23:22.609,11616,11617,11617,1
2019-11-07 15:23:23.771,11616,11617,11617,4
2019-11-07 15:23:26.520,11617,11618,11618,2
2019-11-07 15:23:26.629,11617,11618,11618,2
2019-11-07 15:23:26.644,11617,11618,11617,1
2019-11-07 15:23:26.926,11617,11618,11618,1
2019-11-07 15:23:27.002,11617,11618,11618,5
2019-11-07 15:23:27.196,11617,11618,11618,1
2019-11-07 15:23:27.402,11617,11618,11618,1
2019-11-07 15:23:30.816,11617,11618,11618,5
2019-11-07 15:23:31.238,11617,11618,11618,1
2019-11-07 15:23:31.591,11617,11618,11618,1
2019-11-07 15:23:34.733,11617,11618,11617,1
2019-11-07 15:23:36.213,11617,11618,11618,1
2019-11-07 15:23:40.497,11617,11618,11618,1
2019-11-07 15:23:40.810,11617,11618,11617,1
2019-11-07 15:23:43.978,11617,11618,11618,1
2019-11-07 15:23:43.979,11617,11618,11618,1
2019-11-07 15:23:43.979,11617,11618,11618,1
2019-11-07 15:23:43.979,11617,11618,11618,1
2019-11-07 15:23:43.979,11617,11618,11618,1
2019-11-07 15:23:43.979,11617,11618,11618,1
2019-11-07 15:23:43.979,11617,11618,11618,1
2019-11-07 15:23:43.979,11617,11618,11618,1
2019-11-07 15:23:43.979,11617,11618,11618,1
2019-11-07 15:23:43.979,11617,11618,11618,1
2019-11-07 15:23:43.979,11617,11618,11618,1
2019-11-07 15:23:43.979,11617,11618,11618,1
2019-11-07 15:23:43.979,11617,11618,11618,1
2019-11-07 15:23:43.980,11617,11618,11618,1
2019-11-07 15:23:43.980,11617,11618,11618,1
2019-11-07 15:23:43.980,11617,11618,11618,1
2019-11-07 15:23:43.980,11617,11618,11618,1
2019-11-07 15:23:44.015,11617,11618,11618,3
2019-11-07 15:23:45.131,11618,11619,11618,2
2019-11-07 15:23:45.673,11618,11619,11618,1
2019-11-07 15:23:49.267,11618,11619,11618,1
2019-11-07 15:23:50.373,11618,11619,11618,1
2019-11-07 15:23:50.459,11618,11619,11618,2
2019-11-07 15:23:53.725,11618,11619,11619,8
2019-11-07 15:23:53.726,11618,11619,11619,7
2019-11-07 15:23:53.726,11618,11619,11619,7
2019-11-07 15:23:53.726,11618,11619,11619,4
2019-11-07 15:23:53.761,11618,11620,11619,2
2019-11-07 15:23:54.093,11619,11620,11620,3
2019-11-07 15:23:54.257,11619,11620,11620,1
2019-11-07 15:23:54.300,11619,11620,11620,2
2019-11-07 15:23:54.398,11619,11620,11620,1
2019-11-07 15:23:54.524,11619,11620,11619,1
2019-11-07 15:23:54.809,11619,11620,11620,2
2019-11-07 15:23:54.816,11619,11620,11620,1
2019-11-07 15:23:55.309,11619,11620,11619,1
2019-11-07 15:23:55.385,11619,11620,11620,2
2019-11-07 15:23:57.493,11618,11619,11619,1
2019-11-07 15:23:57.514,11618,11619,11619,3
2019-11-07 15:23:57.633,11618,11619,11619,1
2019-11-07 15:23:57.987,11618,11619,11619,1
2019-11-07 15:23:58.220,11618,11619,11618,9
2019-11-07 15:23:58.228,11618,11619,11618,1
2019-11-07 15:23:58.228,11618,11619,11618,22
2019-11-07 15:24:00.577,11617,11618,11618,1
2019-11-07 15:24:02.260,11617,11618,11618,5
2019-11-07 15:24:02.353,11617,11618,11618,1
2019-11-07 15:24:03.533,11617,11619,11619,2
2019-11-07 15:24:04.473,11617,11618,11619,5
2019-11-07 15:24:05.228,11617,11618,11618,1
2019-11-07 15:24:05.381,11617,11619,11619,5
2019-11-07 15:24:05.478,11617,11618,11618,4
2019-11-07 15:24:05.603,11617,11618,11618,2
2019-11-07 15:24:05.893,11617,11618,11618,1
2019-11-07 15:24:05.998,11617,11618,11618,1
2019-11-07 15:24:06.550,11617,11618,11618,2
2019-11-07 15:24:06.550,11617,11618,11619,3
2019-11-07 15:24:08.531,11618,11619,11618,2
2019-11-07 15:24:09.231,11618,11619,11618,1
2019-11-07 15:24:09.340,11618,11619,11619,5
2019-11-07 15:24:10.941,11618,11619,11619,1
2019-11-07 15:24:11.103,11618,11619,11619,1
2019-11-07 15:24:11.228,11618,11619,11619,1
2019-11-07 15:24:12.978,11619,11620,11619,1
2019-11-07 15:24:13.803,11619,11620,11619,1
2019-11-07 15:24:13.818,11619,11620,11618,1
2019-11-07 15:24:14.580,11619,11620,11619,1
2019-11-07 15:24:17.320,11619,11620,11619,1
2019-11-07 15:24:19.934,11618,11619,11618,1
2019-11-07 15:24:19.964,11618,11619,11619,1
2019-11-07 15:24:20.392,11618,11619,11618,2
2019-11-07 15:24:20.970,11618,11619,11618,3
2019-11-07 15:24:22.894,11618,11619,11618,1
2019-11-07 15:24:23.245,11617,11618,11618,1
2019-11-07 15:24:25.237,11617,11618,11617,7
2019-11-07 15:24:25.237,11617,11618,11617,2
2019-11-07 15:24:25.353,11617,11618,11617,10
2019-11-07 15:24:28.426,11616,11618,11618,3
2019-11-07 15:24:29.033,11616,11618,11618,1
2019-11-07 15:24:34.187,11617,11618,11617,1
2019-11-07 15:24:34.187,11617,11618,11616,3
2019-11-07 15:24:34.993,11616,11618,11616,3
2019-11-07 15:24:35.893,11616,11618,11616,2
2019-11-07 15:24:36.574,11616,11618,11616,3
2019-11-07 15:24:36.633,11616,11617,11616,2
2019-11-07 15:24:37.791,11616,11617,11617,1
2019-11-07 15:24:40.897,11617,11618,11617,1
2019-11-07 15:24:40.897,11617,11618,11617,1
2019-11-07 15:24:40.898,11617,11618,11617,1
2019-11-07 15:24:41.455,11616,11617,11617,1
2019-11-07 15:24:41.479,11616,11617,11617,1
2019-11-07 15:24:41.678,11616,11617,11617,1
2019-11-07 15:24:42.084,11616,11617,11617,2
2019-11-07 15:24:42.084,11616,11617,11618,4
2019-11-07 15:24:42.106,11616,11618,11618,1
2019-11-07 15:24:42.677,11616,11618,11618,1
2019-11-07 15:24:47.351,11617,11618,11618,18
2019-11-07 15:24:47.361,11617,11618,11618,2
2019-11-07 15:24:47.603,11618,11619,11619,3
2019-11-07 15:24:47.853,11618,11619,11619,2
2019-11-07 15:24:47.853,11618,11619,11619,3
2019-11-07 15:24:47.861,11618,11619,11619,1
2019-11-07 15:24:47.865,11618,11619,11619,1
2019-11-07 15:24:48.451,11618,11620,11618,1
2019-11-07 15:24:49.062,11618,11620,11618,3
2019-11-07 15:24:50.041,11618,11620,11618,1
2019-11-07 15:24:51.228,11618,11619,11619,1
2019-11-07 15:24:53.215,11619,11620,11619,1
2019-11-07 15:24:53.642,11619,11620,11619,1
2019-11-07 15:24:53.781,11619,11620,11619,1
2019-11-07 15:24:53.905,11619,11620,11619,2
2019-11-07 15:24:54.650,11619,11620,11619,6
2019-11-07 15:24:54.728,11618,11619,11619,2
2019-11-07 15:24:54.728,11618,11619,11619,1
2019-11-07 15:24:54.747,11618,11619,11619,1
2019-11-07 15:24:54.812,11618,11619,11619,1
2019-11-07 15:24:54.820,11618,11619,11619,2
2019-11-07 15:24:54.853,11618,11619,11619,1
2019-11-07 15:24:54.853,11618,11619,11619,1
2019-11-07 15:24:55.122,11618,11619,11619,3
2019-11-07 15:24:55.123,11618,11619,11619,1
2019-11-07 15:24:55.123,11618,11619,11619,2
2019-11-07 15:24:55.125,11618,11619,11619,1
2019-11-07 15:24:55.125,11618,11619,11619,2
2019-11-07 15:24:55.184,11618,11619,11619,1
2019-11-07 15:24:55.883,11619,11620,11619,3
2019-11-07 15:24:56.259,11619,11620,11619,1
2019-11-07 15:24:59.103,11619,11620,11620,3
2019-11-07 15:24:59.228,11619,11620,11620,3
2019-11-07 15:24:59.353,11619,11620,11620,1
2019-11-07 15:24:59.353,11619,11620,11620,1
2019-11-07 15:24:59.405,11619,11620,11620,1
2019-11-07 15:24:59.478,11619,11620,11620,1
2019-11-07 15:25:00.183,11619,11620,11620,1
2019-11-07 15:25:00.184,11619,11620,11620,2
2019-11-07 15:25:00.187,11619,11620,11619,1
2019-11-07 15:25:01.794,11619,11620,11620,2
2019-11-07 15:25:01.989,11619,11620,11620,2
2019-11-07 15:25:02.110,11619,11620,11620,4
2019-11-07 15:25:02.110,11619,11620,11620,2
2019-11-07 15:25:02.111,11619,11620,11620,2
2019-11-07 15:25:02.120,11619,11620,11620,1
2019-11-07 15:25:02.134,11619,11620,11620,2
2019-11-07 15:25:02.134,11619,11620,11619,1
2019-11-07 15:25:02.169,11619,11620,11620,10
2019-11-07 15:25:02.169,11619,11620,11620,2
2019-11-07 15:25:02.228,11619,11620,11620,1
2019-11-07 15:25:02.228,11619,11620,11620,2
2019-11-07 15:25:02.228,11619,11620,11620,2
2019-11-07 15:25:02.228,11619,11620,11620,1
2019-11-07 15:25:02.228,11619,11620,11620,1
2019-11-07 15:25:02.228,11619,11620,11620,1
2019-11-07 15:25:02.229,11619,11620,11620,1
2019-11-07 15:25:02.354,11619,11620,11620,44
2019-11-07 15:25:02.363,11619,11620,11620,1
2019-11-07 15:25:02.622,11620,11621,11621,1
2019-11-07 15:25:02.681,11620,11621,11621,4
2019-11-07 15:25:02.853,11620,11621,11621,2
2019-11-07 15:25:02.853,11620,11621,11621,2
2019-11-07 15:25:02.881,11620,11621,11621,1
2019-11-07 15:25:02.978,11620,11621,11621,1
2019-11-07 15:25:03.438,11620,11621,11621,2
2019-11-07 15:25:03.580,11620,11621,11621,1
2019-11-07 15:25:03.587,11620,11621,11622,1
2019-11-07 15:25:03.871,11621,11622,11622,1
2019-11-07 15:25:03.943,11621,11622,11621,3
2019-11-07 15:25:03.967,11621,11622,11621,2
2019-11-07 15:25:03.967,11621,11622,11621,3
2019-11-07 15:25:03.967,11621,11622,11621,2
2019-11-07 15:25:04.065,11620,11621,11621,5
2019-11-07 15:25:04.214,11620,11621,11620,2
2019-11-07 15:25:04.388,11620,11621,11621,1
2019-11-07 15:25:04.478,11620,11621,11621,5
2019-11-07 15:25:06.065,11620,11621,11621,1
2019-11-07 15:25:06.189,11620,11621,11621,3
2019-11-07 15:25:07.663,11620,11621,11621,1
2019-11-07 15:25:08.313,11620,11621,11621,2
2019-11-07 15:25:08.373,11620,11622,11620,1
2019-11-07 15:25:09.919,11620,11621,11621,5
2019-11-07 15:25:12.034,11621,11622,11621,1
2019-11-07 15:25:12.755,11621,11622,11621,1
2019-11-07 15:25:13.069,11621,11622,11621,3
2019-11-07 15:25:16.144,11621,11622,11622,4
2019-11-07 15:25:16.996,11621,11622,11622,5
2019-11-07 15:25:17.045,11621,11622,11622,2
2019-11-07 15:25:17.897,11621,11622,11622,1
2019-11-07 15:25:17.974,11621,11622,11622,2
2019-11-07 15:25:18.137,11621,11622,11622,46
2019-11-07 15:25:18.353,11622,11623,11623,1
2019-11-07 15:25:18.359,11622,11623,11623,1
2019-11-07 15:25:18.823,11622,11623,11623,1
2019-11-07 15:25:19.452,11622,11623,11623,2
2019-11-07 15:25:19.848,11622,11623,11623,2
2019-11-07 15:25:20.072,11622,11623,11623,2
2019-11-07 15:25:20.146,11622,11623,11623,4
2019-11-07 15:25:20.384,11622,11623,11623,2
2019-11-07 15:25:21.418,11622,11623,11623,2
2019-11-07 15:25:21.440,11622,11623,11623,2
2019-11-07 15:25:21.440,11622,11623,11624,1
2019-11-07 15:25:21.729,11622,11624,11622,2
2019-11-07 15:25:21.834,11622,11624,11624,2
2019-11-07 15:25:21.941,11622,11624,11624,2
2019-11-07 15:25:22.005,11622,11624,11624,1
2019-11-07 15:25:22.142,11622,11624,11624,1
2019-11-07 15:25:22.243,11622,11624,11624,1
2019-11-07 15:25:22.361,11622,11624,11624,2
2019-11-07 15:25:22.825,11623,11624,11624,2
2019-11-07 15:25:22.866,11623,11624,11624,1
2019-11-07 15:25:23.281,11623,11624,11624,1
2019-11-07 15:25:23.517,11623,11624,11624,2
2019-11-07 15:25:24.419,11623,11624,11624,1
2019-11-07 15:25:24.607,11623,11624,11624,2
2019-11-07 15:25:24.870,11623,11624,11624,2
2019-11-07 15:25:25.230,11623,11624,11624,1
2019-11-07 15:25:25.272,11623,11624,11624,2
2019-11-07 15:25:25.321,11623,11624,11624,1
2019-11-07 15:25:25.664,11623,11624,11624,2
2019-11-07 15:25:26.256,11623,11624,11623,1
2019-11-07 15:25:27.283,11623,11624,11623,1
2019-11-07 15:25:27.554,11623,11624,11624,10
2019-11-07 15:25:27.654,11623,11624,11624,2
2019-11-07 15:25:27.678,11623,11624,11624,1
2019-11-07 15:25:28.157,11623,11624,11624,3
2019-11-07 15:25:28.906,11623,11624,11624,4
2019-11-07 15:25:29.207,11624,11625,11624,1
2019-11-07 15:25:29.337,11624,11625,11625,5
2019-11-07 15:25:29.397,11624,11625,11624,1
2019-11-07 15:25:29.418,11624,11625,11625,1
2019-11-07 15:25:29.642,11624,11625,11625,2
2019-11-07 15:25:29.687,11624,11625,11625,1
2019-11-07 15:25:30.049,11624,11625,11625,1
2019-11-07 15:25:31.201,11624,11625,11624,1
2019-11-07 15:25:32.480,11624,11625,11625,2
2019-11-07 15:25:32.866,11624,11625,11625,4
2019-11-07 15:25:33.439,11624,11625,11625,1
2019-11-07 15:25:33.523,11624,11625,11625,2
2019-11-07 15:25:33.882,11624,11625,11625,1
2019-11-07 15:25:33.882,11624,11625,11625,2
2019-11-07 15:25:33.906,11624,11625,11625,2
2019-11-07 15:25:34.038,11624,11625,11625,2
2019-11-07 15:25:34.365,11624,11625,11625,1
2019-11-07 15:25:34.538,11624,11625,11625,2
2019-11-07 15:25:34.813,11624,11625,11625,2
2019-11-07 15:25:34.972,11624,11625,11625,1
2019-11-07 15:25:34.982,11624,11625,11625,1
2019-11-07 15:25:35.180,11625,11626,11626,1
2019-11-07 15:25:35.196,11625,11626,11626,1
2019-11-07 15:25:35.230,11625,11626,11626,2
2019-11-07 15:25:35.292,11625,11626,11626,1
2019-11-07 15:25:35.481,11625,11626,11626,1
2019-11-07 15:25:35.569,11625,11626,11626,28
2019-11-07 15:25:35.569,11625,11626,11627,2
2019-11-07 15:25:35.610,11625,11627,11627,4
2019-11-07 15:25:35.646,11625,11627,11627,4
2019-11-07 15:25:35.659,11625,11627,11627,2
2019-11-07 15:25:35.680,11625,11627,11625,1
2019-11-07 15:25:35.728,11626,11627,11626,2
2019-11-07 15:25:35.764,11626,11627,11626,2
2019-11-07 15:25:35.767,11626,11627,11626,1
2019-11-07 15:25:35.776,11626,11627,11627,1
2019-11-07 15:25:35.796,11626,11627,11626,1
2019-11-07 15:25:35.853,11625,11626,11626,1
2019-11-07 15:25:35.862,11625,11626,11626,1
2019-11-07 15:25:35.866,11625,11626,11626,1
2019-11-07 15:25:35.866,11625,11626,11627,3
2019-11-07 15:25:35.868,11625,11626,11627,1
2019-11-07 15:25:35.875,11625,11626,11627,1
2019-11-07 15:25:35.921,11625,11626,11627,3
2019-11-07 15:25:36.229,11626,11627,11627,1
2019-11-07 15:25:36.635,11626,11627,11626,3
2019-11-07 15:25:36.866,11626,11627,11627,1
2019-11-07 15:25:36.878,11626,11627,11627,1
2019-11-07 15:25:36.916,11626,11627,11627,1
2019-11-07 15:25:37.030,11626,11627,11627,1
2019-11-07 15:25:37.061,11626,11627,11627,1
2019-11-07 15:25:37.063,11626,11627,11627,1
2019-11-07 15:25:37.180,11626,11627,11627,1
2019-11-07 15:25:37.183,11626,11627,11627,1
2019-11-07 15:25:37.214,11626,11627,11627,2
2019-11-07 15:25:37.221,11626,11627,11627,1
2019-11-07 15:25:37.248,11626,11627,11627,1
2019-11-07 15:25:37.464,11626,11627,11628,1
2019-11-07 15:25:37.475,11626,11627,11626,1
2019-11-07 15:25:37.497,11626,11628,11628,1
2019-11-07 15:25:37.579,11626,11628,11628,2
2019-11-07 15:25:37.588,11626,11628,11628,2
2019-11-07 15:25:37.728,11626,11628,11628,2
2019-11-07 15:25:37.909,11626,11628,11628,1
2019-11-07 15:25:37.927,11626,11628,11628,1
2019-11-07 15:25:38.191,11626,11628,11626,8
2019-11-07 15:25:39.919,11626,11627,11626,1
2019-11-07 15:25:41.420,11626,11627,11627,1
2019-11-07 15:25:41.670,11626,11628,11628,5
2019-11-07 15:25:42.034,11626,11628,11628,2
2019-11-07 15:25:44.003,11626,11627,11627,1
2019-11-07 15:25:44.445,11626,11627,11627,1
2019-11-07 15:25:44.591,11626,11627,11627,1
2019-11-07 15:25:45.161,11626,11627,11626,1
2019-11-07 15:25:45.288,11626,11627,11627,1
2019-11-07 15:25:46.553,11626,11627,11627,1
2019-11-07 15:25:46.674,11626,11627,11627,1
2019-11-07 15:25:46.809,11626,11627,11627,1
2019-11-07 15:25:46.931,11627,11628,11628,1
2019-11-07 15:25:47.248,11627,11628,11627,5
2019-11-07 15:25:47.461,11627,11628,11627,1
2019-11-07 15:25:47.589,11627,11628,11628,1
2019-11-07 15:25:48.607,11627,11628,11628,1
2019-11-07 15:25:48.827,11627,11628,11627,1
2019-11-07 15:25:49.911,11627,11628,11627,1
2019-11-07 15:25:50.329,11627,11628,11627,4
2019-11-07 15:25:50.893,11626,11627,11627,1
2019-11-07 15:25:51.030,11627,11628,11628,2
2019-11-07 15:25:51.415,11627,11628,11627,4
2019-11-07 15:25:52.815,11627,11628,11627,1
2019-11-07 15:25:53.148,11627,11628,11627,2
2019-11-07 15:25:53.148,11627,11628,11627,4
2019-11-07 15:25:53.148,11627,11628,11627,8
2019-11-07 15:25:53.148,11627,11628,11627,2
2019-11-07 15:25:53.659,11626,11627,11627,1
2019-11-07 15:25:53.793,11626,11627,11626,1
2019-11-07 15:25:54.112,11626,11627,11627,7
2019-11-07 15:25:54.112,11626,11627,11628,3
2019-11-07 15:25:54.502,11627,11628,11628,1
2019-11-07 15:25:54.617,11627,11628,11627,1
2019-11-07 15:25:54.700,11627,11628,11627,5
2019-11-07 15:25:55.279,11627,11628,11628,6
2019-11-07 15:25:57.298,11627,11628,11627,1
2019-11-07 15:25:57.508,11627,11628,11628,4
2019-11-07 15:25:57.515,11627,11628,11627,1
2019-11-07 15:25:58.194,11627,11628,11628,4
2019-11-07 15:25:58.906,11627,11629,11629,3
2019-11-07 15:25:58.996,11627,11629,11627,1
2019-11-07 15:25:59.025,11627,11629,11629,2
2019-11-07 15:25:59.542,11628,11629,11629,3
2019-11-07 15:25:59.960,11628,11629,11628,1
2019-11-07 15:26:00.313,11627,11628,11628,2
2019-11-07 15:26:00.375,11627,11629,11629,3
2019-11-07 15:26:00.720,11627,11629,11628,1
2019-11-07 15:26:00.725,11627,11629,11629,2
2019-11-07 15:26:01.062,11627,11629,11629,5
2019-11-07 15:26:01.169,11627,11629,11629,2
2019-11-07 15:26:01.692,11628,11629,11628,1
2019-11-07 15:26:02.021,11628,11629,11628,1
2019-11-07 15:26:02.265,11628,11629,11629,1
2019-11-07 15:26:02.299,11628,11629,11628,2
2019-11-07 15:26:02.357,11628,11629,11629,10
2019-11-07 15:26:02.446,11628,11629,11629,1
2019-11-07 15:26:02.478,11628,11629,11629,4
2019-11-07 15:26:02.480,11628,11629,11629,1
2019-11-07 15:26:02.563,11628,11629,11629,1
2019-11-07 15:26:02.751,11628,11629,11628,1
2019-11-07 15:26:03.358,11628,11629,11629,1
2019-11-07 15:26:03.554,11628,11629,11629,3
2019-11-07 15:26:03.652,11628,11629,11629,1
2019-11-07 15:26:04.263,11628,11629,11629,1
2019-11-07 15:26:04.437,11628,11629,11629,2
2019-11-07 15:26:05.058,11628,11629,11628,18
2019-11-07 15:26:06.540,11627,11628,11628,2
2019-11-07 15:26:07.624,11627,11628,11628,1
2019-11-07 15:26:07.761,11627,11628,11628,1
2019-11-07 15:26:08.645,11627,11628,11628,3
2019-11-07 15:26:08.846,11627,11628,11628,4
2019-11-07 15:26:08.846,11627,11628,11629,1
2019-11-07 15:26:10.137,11628,11629,11628,1
2019-11-07 15:26:10.137,11628,11629,11627,2
2019-11-07 15:26:10.298,11627,11628,11628,1
2019-11-07 15:26:11.309,11628,11629,11628,1
2019-11-07 15:26:12.276,11628,11629,11629,1
2019-11-07 15:26:13.078,11628,11629,11628,1
2019-11-07 15:26:13.725,11628,11629,11628,1
2019-11-07 15:26:13.726,11628,11629,11628,1
2019-11-07 15:26:13.726,11628,11629,11628,2
2019-11-07 15:26:13.726,11628,11629,11628,1
2019-11-07 15:26:13.726,11628,11629,11628,2
2019-11-07 15:26:13.726,11628,11629,11628,2
2019-11-07 15:26:13.726,11628,11629,11628,2
2019-11-07 15:26:13.726,11628,11629,11628,1
2019-11-07 15:26:13.726,11628,11629,11628,2
2019-11-07 15:26:13.726,11628,11629,11628,1
2019-11-07 15:26:13.727,11628,11629,11628,1
2019-11-07 15:26:14.978,11627,11628,11628,8
2019-11-07 15:26:14.978,11627,11628,11628,1
2019-11-07 15:26:15.257,11628,11629,11629,1
2019-11-07 15:26:15.387,11628,11629,11629,1
2019-11-07 15:26:16.220,11628,11629,11628,2
2019-11-07 15:26:17.891,11628,11629,11628,1
2019-11-07 15:26:18.099,11627,11629,11627,3
2019-11-07 15:26:19.006,11627,11628,11627,1
2019-11-07 15:26:21.723,11627,11628,11628,1
2019-11-07 15:26:21.977,11627,11628,11628,2
2019-11-07 15:26:22.705,11628,11629,11628,1
2019-11-07 15:26:22.761,11628,11629,11628,1
2019-11-07 15:26:23.201,11628,11629,11628,1
2019-11-07 15:26:23.209,11628,11629,11628,2
2019-11-07 15:26:24.672,11628,11629,11629,8
2019-11-07 15:26:25.039,11628,11629,11628,1
2019-11-07 15:26:25.781,11628,11629,11628,1
2019-11-07 15:26:25.985,11628,11629,11628,1
2019-11-07 15:26:27.039,11628,11629,11628,1
2019-11-07 15:26:27.068,11628,11629,11629,1
2019-11-07 15:26:27.865,11628,11629,11628,11
2019-11-07 15:26:27.870,11628,11629,11629,2
2019-11-07 15:26:28.594,11627,11628,11628,2
2019-11-07 15:26:29.556,11627,11628,11627,14
2019-11-07 15:26:29.603,11627,11628,11627,3
2019-11-07 15:26:29.603,11627,11628,11627,3
2019-11-07 15:26:29.721,11627,11628,11627,1
2019-11-07 15:26:29.724,11627,11628,11627,2
2019-11-07 15:26:29.728,11627,11628,11627,13
2019-11-07 15:26:30.455,11626,11627,11627,1
2019-11-07 15:26:31.164,11626,11627,11626,1
2019-11-07 15:26:32.527,11626,11627,11626,5
2019-11-07 15:26:32.756,11626,11627,11627,2
2019-11-07 15:26:32.921,11626,11627,11626,4
2019-11-07 15:26:33.978,11626,11627,11626,4
2019-11-07 15:26:34.104,11626,11627,11626,19
2019-11-07 15:26:34.392,11625,11626,11625,1
2019-11-07 15:26:34.458,11625,11626,11626,2
2019-11-07 15:26:34.703,11625,11626,11626,5
2019-11-07 15:26:34.827,11625,11626,11626,1
2019-11-07 15:26:35.080,11625,11626,11626,20
2019-11-07 15:26:35.318,11625,11626,11625,2
2019-11-07 15:26:35.710,11625,11626,11626,1
2019-11-07 15:26:37.439,11625,11626,11626,1
2019-11-07 15:26:37.720,11626,11627,11626,1
2019-11-07 15:26:37.890,11626,11627,11626,1
2019-11-07 15:26:37.890,11626,11627,11626,1
2019-11-07 15:26:37.891,11626,11627,11626,1
2019-11-07 15:26:37.965,11626,11627,11627,1
2019-11-07 15:26:38.483,11626,11627,11626,1
2019-11-07 15:26:38.483,11626,11627,11626,1
2019-11-07 15:26:39.033,11625,11626,11626,1
2019-11-07 15:26:39.033,11625,11626,11627,1
2019-11-07 15:26:39.600,11625,11627,11625,2
2019-11-07 15:26:40.341,11625,11626,11626,2
2019-11-07 15:26:40.940,11626,11627,11626,5
2019-11-07 15:26:41.593,11625,11626,11625,14
2019-11-07 15:26:41.639,11625,11626,11625,1
2019-11-07 15:26:43.542,11625,11626,11625,1
2019-11-07 15:26:43.892,11625,11626,11625,1
2019-11-07 15:26:46.042,11625,11626,11625,14
2019-11-07 15:26:46.283,11625,11626,11626,2
2019-11-07 15:26:46.499,11625,11626,11625,1
2019-11-07 15:26:48.093,11625,11626,11626,9
2019-11-07 15:26:48.105,11626,11627,11626,11
2019-11-07 15:26:48.262,11625,11627,11625,1
2019-11-07 15:26:48.331,11625,11627,11625,11
2019-11-07 15:26:50.168,11626,11627,11626,1
2019-11-07 15:26:50.189,11626,11627,11626,1
2019-11-07 15:26:50.189,11626,11627,11625,4
2019-11-07 15:26:50.390,11626,11627,11626,1
2019-11-07 15:26:50.390,11626,11627,11625,9
2019-11-07 15:26:50.720,11626,11627,11626,1
2019-11-07 15:26:50.865,11625,11626,11625,2
2019-11-07 15:26:51.293,11625,11626,11625,4
2019-11-07 15:26:51.935,11625,11626,11625,1
2019-11-07 15:26:52.492,11625,11626,11625,8
2019-11-07 15:26:52.701,11624,11625,11625,2
2019-11-07 15:26:53.064,11625,11626,11625,1
2019-11-07 15:26:55.579,11624,11626,11626,8
2019-11-07 15:26:55.793,11624,11626,11624,10
2019-11-07 15:26:56.981,11625,11626,11626,6
2019-11-07 15:26:57.606,11626,11627,11627,10
2019-11-07 15:26:57.733,11626,11627,11627,2
2019-11-07 15:26:57.856,11626,11627,11626,2
2019-11-07 15:26:58.070,11626,11628,11626,1
2019-11-07 15:26:58.622,11626,11628,11626,6
2019-11-07 15:26:58.859,11626,11627,11626,11
2019-11-07 15:26:59.853,11626,11627,11626,1
2019-11-07 15:26:59.853,11626,11627,11625,1
2019-11-07 15:27:00.197,11625,11626,11625,1
2019-11-07 15:27:00.697,11625,11626,11625,1
2019-11-07 15:27:00.789,11625,11626,11625,2
2019-11-07 15:27:00.853,11625,11626,11625,5
2019-11-07 15:27:02.103,11625,11626,11625,1
2019-11-07 15:27:02.139,11625,11626,11625,2
2019-11-07 15:27:02.631,11624,11626,11624,10
2019-11-07 15:27:02.673,11624,11626,11626,1
2019-11-07 15:27:04.074,11625,11626,11625,1
2019-11-07 15:27:05.890,11625,11627,11625,1
2019-11-07 15:27:09.018,11625,11626,11626,1
2019-11-07 15:27:09.227,11625,11626,11626,8
2019-11-07 15:27:10.051,11626,11627,11626,1
2019-11-07 15:27:10.353,11626,11627,11626,1
2019-11-07 15:27:12.074,11625,11626,11625,1
2019-11-07 15:27:12.394,11625,11626,11626,1
2019-11-07 15:27:12.645,11625,11626,11625,5
2019-11-07 15:27:13.497,11625,11626,11626,1
2019-11-07 15:27:14.380,11625,11626,11626,1
2019-11-07 15:27:14.507,11625,11626,11626,1
2019-11-07 15:27:15.456,11626,11627,11626,1
2019-11-07 15:27:15.507,11626,11627,11626,1
2019-11-07 15:27:15.603,11626,11627,11627,8
2019-11-07 15:27:15.603,11626,11627,11627,1
2019-11-07 15:27:15.644,11626,11627,11627,3
2019-11-07 15:27:15.646,11626,11627,11627,1
2019-11-07 15:27:15.646,11626,11627,11627,3
2019-11-07 15:27:16.785,11626,11627,11627,1
2019-11-07 15:27:17.263,11626,11627,11626,1
2019-11-07 15:27:17.436,11626,11627,11627,1
2019-11-07 15:27:20.104,11627,11628,11628,7
2019-11-07 15:27:20.127,11627,11628,11628,1
2019-11-07 15:27:20.129,11627,11628,11628,1
2019-11-07 15:27:20.138,11627,11628,11628,1
2019-11-07 15:27:20.186,11627,11628,11628,2
2019-11-07 15:27:20.695,11627,11628,11628,2
2019-11-07 15:27:20.924,11627,11628,11627,1
2019-11-07 15:27:21.645,11627,11628,11627,1
2019-11-07 15:27:21.670,11627,11628,11627,2
2019-11-07 15:27:21.698,11627,11628,11628,5
2019-11-07 15:27:22.051,11627,11628,11628,2
2019-11-07 15:27:22.332,11627,11628,11627,1
2019-11-07 15:27:22.814,11627,11628,11628,2
2019-11-07 15:27:22.828,11627,11628,11627,1
2019-11-07 15:27:23.326,11627,11628,11628,1
2019-11-07 15:27:23.326,11627,11628,11628,1
2019-11-07 15:27:23.326,11627,11628,11628,2
2019-11-07 15:27:23.327,11627,11628,11628,2
2019-11-07 15:27:23.531,11628,11629,11628,4
2019-11-07 15:27:24.392,11628,11629,11628,2
2019-11-07 15:27:24.392,11628,11629,11627,8
2019-11-07 15:27:24.858,11627,11628,11628,1
2019-11-07 15:27:25.573,11627,11628,11627,2
2019-11-07 15:27:25.679,11626,11627,11627,1
2019-11-07 15:27:26.888,11626,11627,11627,1
2019-11-07 15:27:28.119,11626,11627,11627,1
2019-11-07 15:27:28.228,11626,11627,11627,1
2019-11-07 15:27:28.228,11626,11627,11627,1
2019-11-07 15:27:28.240,11626,11627,11627,1
2019-11-07 15:27:28.526,11626,11627,11627,2
2019-11-07 15:27:30.139,11626,11628,11628,1
2019-11-07 15:27:31.497,11626,11627,11627,1
2019-11-07 15:27:33.648,11627,11628,11628,9
2019-11-07 15:27:38.239,11627,11628,11628,1
2019-11-07 15:27:39.022,11627,11628,11628,1
2019-11-07 15:27:39.544,11627,11628,11628,1
2019-11-07 15:27:40.120,11627,11628,11628,1
2019-11-07 15:27:41.056,11627,11628,11628,2
2019-11-07 15:27:42.893,11627,11628,11628,4
2019-11-07 15:27:42.978,11627,11628,11628,2
2019-11-07 15:27:42.978,11627,11628,11628,1
2019-11-07 15:27:43.036,11627,11628,11628,1
2019-11-07 15:27:43.054,11627,11628,11629,8
2019-11-07 15:27:43.054,11627,11628,11629,7
2019-11-07 15:27:43.054,11627,11628,11629,7
2019-11-07 15:27:43.054,11627,11628,11629,8
2019-11-07 15:27:43.055,11627,11628,11629,3
2019-11-07 15:27:43.055,11627,11628,11629,3
2019-11-07 15:27:43.063,11627,11628,11629,2
2019-11-07 15:27:43.064,11627,11628,11629,5
2019-11-07 15:27:43.064,11627,11628,11629,2
2019-11-07 15:27:43.103,11628,11629,11629,3
2019-11-07 15:27:43.103,11628,11629,11629,7
2019-11-07 15:27:43.120,11628,11629,11629,1
2019-11-07 15:27:43.182,11628,11629,11629,1
2019-11-07 15:27:43.466,11629,11630,11630,1
2019-11-07 15:27:43.593,11629,11630,11630,10
2019-11-07 15:27:43.620,11629,11630,11630,12
2019-11-07 15:27:43.690,11629,11630,11630,3
2019-11-07 15:27:43.782,11629,11630,11630,8
2019-11-07 15:27:44.153,11629,11630,11630,1
2019-11-07 15:27:44.541,11629,11630,11628,1
2019-11-07 15:27:44.803,11628,11629,11629,1
2019-11-07 15:27:46.299,11628,11630,11628,1
2019-11-07 15:27:48.192,11628,11630,11630,33
2019-11-07 15:27:49.064,11629,11630,11630,1
2019-11-07 15:27:49.430,11629,11630,11629,1
2019-11-07 15:27:49.826,11628,11630,11630,7
2019-11-07 15:27:49.868,11629,11630,11630,1
2019-11-07 15:27:51.120,11629,11630,11630,1
2019-11-07 15:27:52.289,11630,11631,11630,1
2019-11-07 15:27:52.717,11630,11631,11630,1
2019-11-07 15:27:53.507,11630,11631,11630,1
2019-11-07 15:27:54.529,11630,11631,11630,2
2019-11-07 15:27:54.668,11629,11630,11630,1
2019-11-07 15:27:54.918,11629,11630,11630,1
2019-11-07 15:27:55.303,11629,11630,11630,1
2019-11-07 15:27:55.315,11629,11630,11629,1
2019-11-07 15:27:55.625,11630,11631,11630,1
2019-11-07 15:27:56.174,11630,11631,11631,1
2019-11-07 15:27:56.433,11630,11631,11631,40
2019-11-07 15:27:56.433,11630,11631,11632,35
2019-11-07 15:27:56.489,11630,11632,11632,1
2019-11-07 15:27:56.544,11630,11632,11632,2
2019-11-07 15:27:56.699,11631,11633,11631,1
2019-11-07 15:27:56.862,11631,11632,11632,1
2019-11-07 15:27:57.121,11631,11632,11632,1
2019-11-07 15:27:57.270,11631,11632,11632,1
2019-11-07 15:27:57.387,11631,11632,11632,1
2019-11-07 15:27:57.531,11631,11632,11631,1
2019-11-07 15:27:57.603,11631,11632,11631,3
2019-11-07 15:27:57.603,11631,11632,11631,2
2019-11-07 15:27:57.634,11631,11632,11631,1
2019-11-07 15:27:58.209,11630,11631,11631,1
2019-11-07 15:27:58.553,11630,11631,11630,1
2019-11-07 15:27:58.588,11630,11631,11631,1
2019-11-07 15:27:58.745,11630,11631,11630,1
2019-11-07 15:27:58.747,11630,11631,11630,13
2019-11-07 15:27:58.793,11630,11631,11630,1
2019-11-07 15:27:59.103,11629,11630,11629,2
2019-11-07 15:27:59.113,11629,11630,11629,1
2019-11-07 15:27:59.138,11629,11630,11629,1
2019-11-07 15:27:59.138,11629,11630,11629,1
2019-11-07 15:28:00.241,11629,11630,11630,1
2019-11-07 15:28:00.591,11629,11630,11630,4
2019-11-07 15:28:00.729,11629,11630,11630,2
2019-11-07 15:28:00.751,11629,11630,11630,1
2019-11-07 15:28:02.368,11629,11630,11630,6
2019-11-07 15:28:02.401,11629,11630,11629,1
2019-11-07 15:28:02.774,11629,11630,11629,1
2019-11-07 15:28:02.968,11629,11630,11629,4
2019-11-07 15:28:03.272,11628,11629,11629,1
2019-11-07 15:28:03.380,11628,11629,11629,1
2019-11-07 15:28:03.388,11628,11629,11629,3
2019-11-07 15:28:03.388,11628,11629,11630,1
2019-11-07 15:28:05.710,11629,11630,11629,4
2019-11-07 15:28:06.237,11629,11630,11629,6
2019-11-07 15:28:06.317,11629,11630,11629,2
2019-11-07 15:28:06.371,11629,11630,11629,1
2019-11-07 15:28:07.049,11628,11630,11630,1
2019-11-07 15:28:07.358,11628,11630,11630,1
2019-11-07 15:28:08.104,11629,11630,11629,1
2019-11-07 15:28:08.478,11629,11630,11629,1
2019-11-07 15:28:08.726,11628,11630,11629,1
2019-11-07 15:28:10.135,11628,11629,11629,3
2019-11-07 15:28:10.135,11628,11629,11630,2
2019-11-07 15:28:11.132,11629,11630,11630,1
2019-11-07 15:28:11.260,11629,11630,11629,1
2019-11-07 15:28:13.140,11628,11630,11629,2
2019-11-07 15:28:13.497,11628,11629,11629,1
2019-11-07 15:28:15.458,11629,11630,11629,1
2019-11-07 15:28:16.354,11629,11630,11629,1
2019-11-07 15:28:17.118,11628,11630,11630,4
2019-11-07 15:28:18.353,11629,11630,11629,2
2019-11-07 15:28:20.880,11628,11629,11628,1
2019-11-07 15:28:21.104,11628,11629,11629,1
2019-11-07 15:28:22.247,11628,11629,11629,1
2019-11-07 15:28:22.402,11628,11629,11629,1
2019-11-07 15:28:23.827,11628,11629,11629,1
2019-11-07 15:28:23.853,11629,11630,11629,2
2019-11-07 15:28:23.853,11629,11630,11629,1
2019-11-07 15:28:23.855,11629,11630,11629,6
2019-11-07 15:28:24.057,11628,11630,11629,2
2019-11-07 15:28:24.745,11628,11629,11629,1
2019-11-07 15:28:28.011,11628,11629,11629,2
2019-11-07 15:28:28.941,11628,11629,11629,2
2019-11-07 15:28:31.211,11629,11630,11629,1
2019-11-07 15:28:34.757,11628,11629,11629,1
2019-11-07 15:28:34.832,11628,11629,11629,4
2019-11-07 15:28:37.550,11629,11630,11630,1
2019-11-07 15:28:37.550,11629,11630,11630,1
2019-11-07 15:28:37.553,11629,11630,11630,2
2019-11-07 15:28:37.553,11629,11630,11630,8
2019-11-07 15:28:37.585,11629,11630,11630,1
2019-11-07 15:28:37.700,11630,11631,11630,1
2019-11-07 15:28:38.124,11630,11631,11630,1
2019-11-07 15:28:39.417,11630,11631,11631,2
2019-11-07 15:28:39.422,11630,11631,11631,3
2019-11-07 15:28:39.626,11631,11632,11631,2
2019-11-07 15:28:39.685,11631,11632,11631,2
2019-11-07 15:28:40.240,11631,11632,11631,1
2019-11-07 15:28:40.478,11631,11632,11632,1
2019-11-07 15:28:40.497,11631,11632,11632,1
2019-11-07 15:28:40.584,11631,11632,11631,5
2019-11-07 15:28:41.186,11631,11632,11632,1
2019-11-07 15:28:41.247,11631,11632,11631,2
2019-11-07 15:28:41.684,11631,11632,11632,1
2019-11-07 15:28:42.552,11631,11632,11631,1
2019-11-07 15:28:44.019,11631,11632,11631,1
2019-11-07 15:28:44.127,11631,11632,11631,2
2019-11-07 15:28:44.829,11630,11631,11631,3
2019-11-07 15:28:49.844,11631,11632,11631,1
2019-11-07 15:28:50.797,11631,11632,11632,4
2019-11-07 15:28:51.584,11631,11632,11632,1
2019-11-07 15:28:53.405,11631,11632,11632,1
2019-11-07 15:28:53.472,11631,11632,11632,10
2019-11-07 15:28:53.686,11631,11632,11632,1
2019-11-07 15:28:55.580,11631,11632,11632,1
2019-11-07 15:28:58.279,11631,11632,11631,10
2019-11-07 15:28:58.817,11630,11631,11631,1
2019-11-07 15:28:59.996,11630,11631,11631,1
2019-11-07 15:29:01.323,11630,11631,11631,1
2019-11-07 15:29:01.771,11630,11631,11631,8
2019-11-07 15:29:01.853,11631,11632,11631,2
2019-11-07 15:29:02.220,11631,11632,11631,1
2019-11-07 15:29:02.441,11631,11632,11632,1
2019-11-07 15:29:02.582,11631,11632,11632,7
2019-11-07 15:29:02.591,11631,11632,11632,7
2019-11-07 15:29:03.700,11631,11632,11631,4
2019-11-07 15:29:03.943,11631,11632,11632,2
2019-11-07 15:29:04.321,11631,11632,11631,1
2019-11-07 15:29:05.406,11631,11632,11632,1
2019-11-07 15:29:05.437,11631,11632,11631,1
2019-11-07 15:29:06.621,11631,11632,11632,2
2019-11-07 15:29:06.657,11631,11632,11632,2
2019-11-07 15:29:07.774,11632,11633,11632,1
2019-11-07 15:29:09.000,11632,11633,11632,1
2019-11-07 15:29:09.070,11632,11633,11632,1
2019-11-07 15:29:10.825,11632,11633,11632,1
2019-11-07 15:29:11.222,11632,11633,11633,25
2019-11-07 15:29:11.228,11632,11633,11633,2
2019-11-07 15:29:11.491,11633,11634,11633,2
2019-11-07 15:29:11.496,11633,11634,11633,1
2019-11-07 15:29:11.556,11633,11634,11633,1
2019-11-07 15:29:11.616,11633,11634,11633,2
2019-11-07 15:29:11.717,11633,11634,11634,1
2019-11-07 15:29:11.802,11633,11634,11634,4
2019-11-07 15:29:11.966,11633,11634,11634,1
2019-11-07 15:29:12.141,11633,11634,11634,1
2019-11-07 15:29:12.352,11633,11634,11633,1
2019-11-07 15:29:12.469,11633,11634,11634,9
2019-11-07 15:29:12.469,11633,11634,11635,11
2019-11-07 15:29:12.535,11633,11635,11635,4
2019-11-07 15:29:12.556,11633,11635,11635,3
2019-11-07 15:29:12.691,11634,11635,11634,3
2019-11-07 15:29:12.693,11634,11635,11634,3
2019-11-07 15:29:12.702,11634,11635,11634,2
2019-11-07 15:29:12.780,11634,11635,11635,1
2019-11-07 15:29:12.796,11634,11635,11634,2
2019-11-07 15:29:13.073,11634,11635,11635,1
2019-11-07 15:29:13.412,11634,11635,11634,1
2019-11-07 15:29:13.897,11634,11635,11635,1
2019-11-07 15:29:14.120,11634,11635,11635,1
2019-11-07 15:29:14.340,11634,11635,11635,1
2019-11-07 15:29:14.498,11634,11635,11634,1
2019-11-07 15:29:14.690,11634,11635,11635,1
2019-11-07 15:29:14.821,11634,11635,11635,1
2019-11-07 15:29:14.872,11634,11635,11635,1
2019-11-07 15:29:15.122,11634,11635,11635,1
2019-11-07 15:29:15.253,11634,11635,11635,1
2019-11-07 15:29:15.479,11634,11635,11635,5
2019-11-07 15:29:15.563,11634,11635,11635,1
2019-11-07 15:29:15.854,11634,11635,11635,1
2019-11-07 15:29:15.978,11635,11636,11635,2
2019-11-07 15:29:16.104,11635,11636,11635,1
2019-11-07 15:29:16.236,11634,11636,11635,1
2019-11-07 15:29:16.498,11634,11635,11635,2
2019-11-07 15:29:16.609,11634,11635,11635,1
2019-11-07 15:29:16.967,11634,11635,11635,1
2019-11-07 15:29:17.056,11634,11635,11634,1
2019-11-07 15:29:17.280,11634,11635,11635,1
2019-11-07 15:29:20.535,11634,11635,11635,16
2019-11-07 15:29:20.536,11634,11635,11635,1
2019-11-07 15:29:20.536,11634,11635,11635,2
2019-11-07 15:29:20.536,11634,11635,11635,1
2019-11-07 15:29:20.717,11634,11635,11634,1
2019-11-07 15:29:21.614,11635,11636,11635,2
2019-11-07 15:29:21.854,11635,11636,11635,3
2019-11-07 15:29:23.843,11634,11635,11635,3
2019-11-07 15:29:23.843,11634,11635,11636,2
2019-11-07 15:29:23.901,11634,11636,11636,1
2019-11-07 15:29:23.901,11634,11636,11636,3
2019-11-07 15:29:23.922,11634,11636,11636,10
2019-11-07 15:29:23.928,11634,11636,11636,13
2019-11-07 15:29:24.020,11634,11636,11636,1
2019-11-07 15:29:24.067,11634,11636,11636,1
2019-11-07 15:29:24.121,11635,11636,11636,1
2019-11-07 15:29:24.316,11635,11636,11636,1
2019-11-07 15:29:24.454,11635,11636,11636,1
2019-11-07 15:29:24.846,11635,11636,11635,5
2019-11-07 15:29:27.186,11635,11636,11635,1
2019-11-07 15:29:27.297,11635,11636,11635,1
2019-11-07 15:29:27.889,11635,11636,11636,1
2019-11-07 15:29:27.959,11635,11636,11635,1
2019-11-07 15:29:28.338,11635,11636,11636,1
2019-11-07 15:29:28.339,11635,11636,11636,2
2019-11-07 15:29:28.489,11636,11637,11637,1
2019-11-07 15:29:28.564,11636,11637,11637,2
2019-11-07 15:29:28.564,11636,11637,11637,1
2019-11-07 15:29:28.565,11636,11637,11637,2
2019-11-07 15:29:28.566,11636,11637,11637,5
2019-11-07 15:29:28.566,11636,11637,11637,1
2019-11-07 15:29:28.566,11636,11637,11637,1
2019-11-07 15:29:28.567,11636,11637,11637,2
2019-11-07 15:29:28.636,11636,11637,11637,2
2019-11-07 15:29:28.637,11636,11637,11637,2
2019-11-07 15:29:28.688,11636,11637,11637,1
2019-11-07 15:29:28.694,11636,11637,11637,1
2019-11-07 15:29:28.711,11636,11637,11637,1
2019-11-07 15:29:28.731,11636,11637,11636,1
2019-11-07 15:29:28.815,11636,11637,11637,3
2019-11-07 15:29:28.918,11636,11637,11637,1
2019-11-07 15:29:29.265,11637,11638,11638,1
2019-11-07 15:29:29.284,11637,11638,11638,1
2019-11-07 15:29:29.288,11637,11638,11638,1
2019-11-07 15:29:29.393,11637,11638,11638,1
2019-11-07 15:29:29.399,11637,11638,11638,20
2019-11-07 15:29:29.407,11637,11638,11638,5
2019-11-07 15:29:29.430,11637,11638,11638,1
2019-11-07 15:29:29.469,11637,11638,11638,1
2019-11-07 15:29:29.707,11637,11638,11638,1
2019-11-07 15:29:29.890,11637,11639,11639,1
2019-11-07 15:29:29.928,11637,11639,11639,1
2019-11-07 15:29:29.940,11637,11639,11637,1
2019-11-07 15:29:29.999,11637,11639,11639,1
2019-11-07 15:29:30.061,11637,11639,11638,2
2019-11-07 15:29:30.107,11638,11639,11639,3
2019-11-07 15:29:30.120,11638,11639,11639,1
2019-11-07 15:29:30.222,11638,11639,11638,1
2019-11-07 15:29:30.306,11638,11639,11638,1
2019-11-07 15:29:30.358,11638,11639,11639,1
2019-11-07 15:29:30.603,11638,11639,11638,1
2019-11-07 15:29:30.722,11638,11639,11639,1
2019-11-07 15:29:30.728,11638,11639,11638,1
2019-11-07 15:29:31.031,11638,11639,11638,1
2019-11-07 15:29:31.031,11638,11639,11638,1
2019-11-07 15:29:31.103,11638,11639,11638,2
2019-11-07 15:29:31.486,11637,11638,11638,1
2019-11-07 15:29:31.621,11637,11638,11638,1
2019-11-07 15:29:31.897,11637,11638,11638,1
2019-11-07 15:29:33.133,11637,11638,11638,1
2019-11-07 15:29:33.747,11637,11638,11638,1
2019-11-07 15:29:34.128,11637,11638,11638,5
2019-11-07 15:29:34.530,11637,11638,11638,1
2019-11-07 15:29:34.669,11637,11638,11638,1
2019-11-07 15:29:35.079,11637,11638,11638,2
2019-11-07 15:29:35.734,11637,11638,11638,1
2019-11-07 15:29:37.175,11637,11638,11638,1
2019-11-07 15:29:37.228,11638,11639,11638,2
2019-11-07 15:29:37.368,11637,11639,11637,1
2019-11-07 15:29:37.439,11637,11639,11638,1
2019-11-07 15:29:37.853,11638,11639,11638,1
2019-11-07 15:29:39.062,11637,11638,11638,1
2019-11-07 15:29:39.603,11638,11639,11638,2
2019-11-07 15:29:39.808,11637,11639,11638,1
2019-11-07 15:29:40.210,11637,11638,11638,2
2019-11-07 15:29:40.241,11637,11638,11637,1
2019-11-07 15:29:40.258,11637,11638,11638,10
2019-11-07 15:29:40.509,11637,11639,11639,1
2019-11-07 15:29:40.786,11637,11638,11638,1
2019-11-07 15:29:41.057,11637,11639,11637,2
2019-11-07 15:29:41.713,11637,11639,11638,2
2019-11-07 15:29:42.256,11637,11638,11638,2
2019-11-07 15:29:42.284,11637,11638,11638,1
2019-11-07 15:29:42.500,11637,11638,11637,1
2019-11-07 15:29:43.608,11637,11638,11637,1
2019-11-07 15:29:44.110,11637,11638,11637,3
2019-11-07 15:29:44.111,11637,11638,11637,1
2019-11-07 15:29:44.160,11637,11638,11637,1
2019-11-07 15:29:44.180,11637,11638,11638,1
2019-11-07 15:29:44.353,11637,11638,11637,1
2019-11-07 15:29:44.991,11637,11638,11638,5
2019-11-07 15:29:45.978,11637,11638,11637,14
2019-11-07 15:29:46.805,11636,11637,11637,1
2019-11-07 15:29:47.523,11636,11638,11638,1
2019-11-07 15:29:47.595,11636,11638,11636,1
2019-11-07 15:29:47.924,11636,11638,11638,30
2019-11-07 15:29:47.980,11637,11638,11637,15
2019-11-07 15:29:48.103,11637,11638,11637,4
2019-11-07 15:29:48.103,11637,11638,11637,1
2019-11-07 15:29:48.196,11637,11638,11637,1
2019-11-07 15:29:48.197,11637,11638,11637,1
2019-11-07 15:29:48.202,11637,11638,11637,1
2019-11-07 15:29:48.563,11636,11637,11637,1
2019-11-07 15:29:48.676,11636,11637,11637,1
2019-11-07 15:29:48.871,11636,11637,11636,1
2019-11-07 15:29:49.259,11636,11637,11636,1
2019-11-07 15:29:50.028,11636,11637,11637,1
2019-11-07 15:29:52.853,11636,11637,11636,11
2019-11-07 15:29:52.853,11636,11637,11636,7
2019-11-07 15:29:52.853,11636,11637,11636,2
2019-11-07 15:29:52.938,11636,11637,11636,1
2019-11-07 15:29:52.978,11636,11637,11636,1
2019-11-07 15:29:53.088,11636,11637,11636,1
2019-11-07 15:29:54.095,11635,11636,11636,2
2019-11-07 15:29:55.248,11635,11636,11636,1
2019-11-07 15:29:55.943,11635,11636,11636,2
2019-11-07 15:29:56.326,11635,11637,11635,2
2019-11-07 15:29:56.675,11635,11637,11636,1
2019-11-07 15:29:57.499,11636,11637,11637,9
2019-11-07 15:29:57.686,11636,11638,11637,2
2019-11-07 15:29:58.217,11637,11638,11636,5
2019-11-07 15:29:58.265,11636,11638,11636,2
2019-11-07 15:29:58.278,11636,11638,11636,1
2019-11-07 15:29:59.421,11636,11637,11637,1
2019-11-07 15:29:59.644,11636,11638,11637,1
2019-11-07 15:30:00.478,11636,11637,11637,1
2019-11-07 15:30:01.122,11637,11638,11638,3
2019-11-07 15:30:01.176,11637,11638,11638,1
2019-11-07 15:30:01.187,11637,11638,11638,1
2019-11-07 15:30:01.277,11637,11638,11638,4
2019-11-07 15:30:01.277,11637,11638,11638,2
2019-11-07 15:30:01.278,11637,11638,11638,1
2019-11-07 15:30:01.408,11638,11639,11639,3
2019-11-07 15:30:01.451,11638,11639,11639,2
2019-11-07 15:30:01.626,11638,11639,11639,8
2019-11-07 15:30:01.710,11638,11639,11640,1
2019-11-07 15:30:01.786,11638,11640,11640,1
2019-11-07 15:30:01.813,11638,11640,11640,2
2019-11-07 15:30:01.912,11638,11640,11640,3
2019-11-07 15:30:01.958,11638,11640,11640,3
2019-11-07 15:30:01.958,11638,11640,11640,3
2019-11-07 15:30:01.978,11639,11640,11640,7
2019-11-07 15:30:01.985,11639,11640,11640,6
2019-11-07 15:30:01.996,11639,11640,11639,1
2019-11-07 15:30:02.092,11639,11640,11640,1
2019-11-07 15:30:02.132,11639,11640,11640,1
2019-11-07 15:30:02.318,11639,11640,11640,2
2019-11-07 15:30:02.343,11639,11640,11640,1
2019-11-07 15:30:02.402,11639,11640,11639,5
2019-11-07 15:30:02.422,11639,11640,11640,1
2019-11-07 15:30:02.442,11639,11640,11640,1
2019-11-07 15:30:02.578,11639,11640,11640,2
2019-11-07 15:30:02.684,11639,11640,11640,2
2019-11-07 15:30:02.810,11639,11640,11639,1
2019-11-07 15:30:02.846,11639,11640,11640,1
2019-11-07 15:30:02.868,11639,11640,11640,1
2019-11-07 15:30:02.868,11639,11640,11640,1
2019-11-07 15:30:02.868,11639,11640,11641,1
2019-11-07 15:30:02.931,11639,11640,11641,1
2019-11-07 15:30:02.967,11639,11640,11639,1
2019-11-07 15:30:02.967,11639,11640,11639,2
2019-11-07 15:30:03.244,11640,11641,11640,2
2019-11-07 15:30:03.294,11640,11641,11641,5
2019-11-07 15:30:03.581,11640,11641,11641,1
2019-11-07 15:30:03.952,11640,11641,11641,1
2019-11-07 15:30:04.549,11640,11641,11641,1
2019-11-07 15:30:04.614,11640,11642,11641,1
2019-11-07 15:30:04.815,11641,11642,11642,2
2019-11-07 15:30:04.853,11641,11642,11641,2
2019-11-07 15:30:04.878,11641,11642,11641,2
2019-11-07 15:30:04.880,11641,11642,11642,2
2019-11-07 15:30:04.897,11641,11642,11642,2
2019-11-07 15:30:04.904,11641,11642,11641,2
2019-11-07 15:30:04.929,11641,11642,11641,1
2019-11-07 15:30:04.946,11641,11642,11641,1
2019-11-07 15:30:04.954,11641,11642,11642,1
2019-11-07 15:30:04.971,11641,11642,11641,2
2019-11-07 15:30:05.024,11641,11642,11641,1
2019-11-07 15:30:05.088,11641,11642,11642,1
2019-11-07 15:30:05.103,11641,11642,11641,1
2019-11-07 15:30:05.176,11641,11642,11642,1
2019-11-07 15:30:05.190,11641,11642,11642,2
2019-11-07 15:30:05.216,11641,11642,11642,1
2019-11-07 15:30:05.219,11641,11642,11642,1
2019-11-07 15:30:05.220,11641,11642,11642,1
2019-11-07 15:30:05.335,11641,11642,11642,1
2019-11-07 15:30:05.478,11642,11643,11642,2
2019-11-07 15:30:05.490,11642,11643,11643,1
2019-11-07 15:30:05.501,11642,11643,11641,1
2019-11-07 15:30:05.657,11641,11642,11642,1
2019-11-07 15:30:05.822,11641,11642,11642,1
2019-11-07 15:30:05.822,11641,11642,11643,5
2019-11-07 15:30:05.837,11641,11642,11643,1
2019-11-07 15:30:05.884,11641,11643,11643,1
2019-11-07 15:30:05.943,11641,11643,11643,8
2019-11-07 15:30:06.047,11641,11643,11643,2
2019-11-07 15:30:06.126,11641,11643,11643,4
2019-11-07 15:30:06.170,11641,11643,11642,1
2019-11-07 15:30:06.210,11641,11643,11642,1
2019-11-07 15:30:06.353,11642,11643,11642,1
2019-11-07 15:30:06.447,11642,11643,11643,1
2019-11-07 15:30:06.580,11641,11643,11641,1
2019-11-07 15:30:07.341,11641,11642,11642,5
2019-11-07 15:30:08.208,11641,11642,11642,2
2019-11-07 15:30:08.243,11641,11642,11642,1
2019-11-07 15:30:08.333,11641,11642,11642,10
2019-11-07 15:30:08.641,11641,11643,11641,1
2019-11-07 15:30:09.390,11642,11643,11643,2
2019-11-07 15:30:09.801,11642,11643,11642,1
2019-11-07 15:30:09.868,11642,11643,11643,7
2019-11-07 15:30:09.880,11642,11643,11642,1
2019-11-07 15:30:10.073,11642,11643,11642,1
2019-11-07 15:30:10.228,11642,11643,11642,1
2019-11-07 15:30:10.290,11642,11643,11643,4
2019-11-07 15:30:10.610,11642,11643,11643,1
2019-11-07 15:30:10.754,11642,11643,11642,1
2019-11-07 15:30:10.830,11642,11643,11642,4
2019-11-07 15:30:10.830,11642,11643,11642,1
2019-11-07 15:30:10.833,11642,11643,11642,1
2019-11-07 15:30:10.853,11642,11643,11642,2
2019-11-07 15:30:10.853,11642,11643,11642,1
2019-11-07 15:30:10.944,11642,11643,11642,1
2019-11-07 15:30:11.835,11641,11642,11641,1
2019-11-07 15:30:11.927,11641,11642,11642,1
2019-11-07 15:30:11.950,11641,11642,11642,1
2019-11-07 15:30:13.027,11641,11642,11642,1
2019-11-07 15:30:13.027,11641,11642,11643,1
2019-11-07 15:30:13.674,11641,11643,11643,2
2019-11-07 15:30:14.072,11641,11643,11642,1
2019-11-07 15:30:14.345,11642,11643,11642,1
2019-11-07 15:30:14.421,11642,11643,11642,1
2019-11-07 15:30:15.270,11641,11642,11642,9
2019-11-07 15:30:16.189,11642,11643,11642,1
2019-11-07 15:30:16.192,11642,11643,11643,4
2019-11-07 15:30:16.827,11642,11643,11642,1
2019-11-07 15:30:16.891,11642,11643,11642,5
2019-11-07 15:30:17.042,11641,11642,11641,1
2019-11-07 15:30:17.162,11641,11642,11642,1
2019-11-07 15:30:17.716,11641,11642,11642,1
2019-11-07 15:30:17.772,11641,11642,11642,1
2019-11-07 15:30:19.634,11641,11642,11642,1
2019-11-07 15:30:19.726,11641,11642,11642,1
2019-11-07 15:30:20.221,11641,11642,11642,1
2019-11-07 15:30:20.412,11641,11642,11642,3
2019-11-07 15:30:20.478,11642,11643,11642,4
2019-11-07 15:30:20.719,11641,11643,11643,1
2019-11-07 15:30:20.732,11641,11643,11643,2
2019-11-07 15:30:21.162,11641,11642,11642,1
2019-11-07 15:30:21.764,11641,11642,11642,1
2019-11-07 15:30:22.223,11641,11643,11642,1
2019-11-07 15:30:23.635,11641,11642,11642,2
2019-11-07 15:30:23.813,11641,11642,11642,1
2019-11-07 15:30:24.144,11641,11642,11642,1
2019-11-07 15:30:24.512,11641,11642,11642,1
2019-11-07 15:30:25.015,11641,11642,11641,6
2019-11-07 15:30:25.017,11641,11642,11641,1
2019-11-07 15:30:25.105,11641,11642,11642,1
2019-11-07 15:30:25.552,11641,11642,11641,1
2019-11-07 15:30:25.703,11641,11642,11642,10
2019-11-07 15:30:25.863,11641,11642,11641,1
2019-11-07 15:30:25.956,11641,11642,11641,5
2019-11-07 15:30:26.186,11641,11642,11642,1
2019-11-07 15:30:26.463,11641,11642,11642,1
2019-11-07 15:30:26.837,11641,11642,11641,1
2019-11-07 15:30:26.937,11641,11642,11641,1
2019-11-07 15:30:27.354,11641,11642,11641,11
2019-11-07 15:30:28.331,11641,11642,11641,1
2019-11-07 15:30:28.334,11641,11642,11641,4
2019-11-07 15:30:28.903,11640,11641,11641,1
2019-11-07 15:30:29.300,11640,11641,11641,1
2019-11-07 15:30:29.547,11640,11641,11640,1
2019-11-07 15:30:29.612,11640,11641,11641,1
2019-11-07 15:30:29.740,11640,11641,11641,1
2019-11-07 15:30:31.542,11641,11642,11641,1
2019-11-07 15:30:31.671,11641,11642,11641,5
2019-11-07 15:30:31.768,11641,11642,11641,1
2019-11-07 15:30:32.624,11641,11642,11641,5
2019-11-07 15:30:35.339,11640,11641,11640,5
2019-11-07 15:30:36.106,11640,11641,11640,1
2019-11-07 15:30:37.299,11640,11641,11641,1
2019-11-07 15:30:39.043,11640,11641,11640,3
2019-11-07 15:30:39.339,11640,11641,11640,1
2019-11-07 15:30:39.397,11640,11641,11640,1
2019-11-07 15:30:39.493,11640,11641,11641,1
2019-11-07 15:30:39.924,11640,11641,11640,5
2019-11-07 15:30:40.104,11640,11641,11641,2
2019-11-07 15:30:40.679,11640,11641,11640,1
2019-11-07 15:30:42.499,11640,11641,11640,2
2019-11-07 15:30:42.499,11640,11641,11640,1
2019-11-07 15:30:42.500,11640,11641,11640,9
2019-11-07 15:30:42.500,11640,11641,11640,4
2019-11-07 15:30:42.502,11640,11641,11640,4
2019-11-07 15:30:42.581,11640,11641,11640,12
2019-11-07 15:30:43.331,11639,11640,11639,7
2019-11-07 15:30:43.525,11638,11640,11638,1
2019-11-07 15:30:43.682,11638,11640,11640,1
2019-11-07 15:30:44.141,11638,11639,11639,1
2019-11-07 15:30:44.474,11638,11640,11638,5
2019-11-07 15:30:45.229,11638,11640,11638,4
2019-11-07 15:30:45.357,11638,11640,11638,1
2019-11-07 15:30:45.716,11638,11639,11638,1
2019-11-07 15:30:45.717,11638,11639,11638,1
2019-11-07 15:30:45.717,11638,11639,11638,1
2019-11-07 15:30:45.728,11638,11639,11638,3
2019-11-07 15:30:45.728,11638,11639,11638,1
2019-11-07 15:30:45.728,11638,11639,11638,1
2019-11-07 15:30:45.853,11637,11638,11638,2
2019-11-07 15:30:46.094,11637,11638,11638,1
2019-11-07 15:30:46.094,11637,11638,11639,1
2019-11-07 15:30:47.025,11637,11639,11637,3
2019-11-07 15:30:47.119,11637,11639,11637,1
2019-11-07 15:30:47.251,11637,11638,11637,1
2019-11-07 15:30:47.314,11637,11638,11638,2
2019-11-07 15:30:47.340,11637,11638,11638,2
2019-11-07 15:30:47.353,11637,11638,11638,2
2019-11-07 15:30:47.378,11637,11638,11638,2
2019-11-07 15:30:47.404,11637,11638,11638,2
2019-11-07 15:30:48.369,11637,11638,11638,1
2019-11-07 15:30:48.410,11637,11638,11637,2
2019-11-07 15:30:48.893,11637,11638,11638,1
2019-11-07 15:30:49.302,11637,11638,11637,1
2019-11-07 15:30:49.494,11637,11638,11637,2
2019-11-07 15:30:49.621,11636,11638,11636,1
2019-11-07 15:30:49.804,11636,11638,11636,3
2019-11-07 15:30:49.819,11636,11638,11636,1
2019-11-07 15:30:49.939,11636,11638,11636,5
2019-11-07 15:30:50.720,11636,11637,11637,1
2019-11-07 15:30:50.769,11636,11638,11637,1
2019-11-07 15:30:51.723,11636,11638,11638,1
2019-11-07 15:30:52.070,11636,11638,11638,1
2019-11-07 15:30:53.588,11637,11638,11637,1
2019-11-07 15:30:54.103,11636,11637,11636,12
2019-11-07 15:30:54.161,11636,11637,11636,4
2019-11-07 15:30:54.773,11635,11637,11635,1
2019-11-07 15:30:55.488,11635,11637,11635,1
2019-11-07 15:30:56.163,11636,11637,11637,1
2019-11-07 15:30:56.609,11636,11638,11636,1
2019-11-07 15:30:56.613,11636,11638,11636,1
2019-11-07 15:30:58.210,11636,11637,11636,1
2019-11-07 15:30:58.957,11635,11636,11636,2
2019-11-07 15:30:59.703,11635,11637,11636,1
2019-11-07 15:31:00.622,11635,11637,11635,1
2019-11-07 15:31:01.114,11635,11637,11637,1
2019-11-07 15:31:01.301,11636,11637,11636,1
2019-11-07 15:31:02.375,11636,11637,11637,4
2019-11-07 15:31:02.845,11636,11638,11638,1
2019-11-07 15:31:04.009,11636,11638,11636,2
2019-11-07 15:31:04.418,11636,11638,11636,3
2019-11-07 15:31:05.586,11636,11638,11636,1
2019-11-07 15:31:06.244,11636,11637,11636,1
2019-11-07 15:31:09.279,11636,11637,11637,2
2019-11-07 15:31:09.494,11636,11637,11636,3
2019-11-07 15:31:10.208,11636,11637,11636,10
2019-11-07 15:31:10.256,11636,11637,11636,3
2019-11-07 15:31:11.279,11636,11637,11637,3
2019-11-07 15:31:11.353,11636,11637,11637,2
2019-11-07 15:31:11.357,11636,11637,11637,2
2019-11-07 15:31:11.357,11636,11637,11637,2
2019-11-07 15:31:11.357,11636,11637,11637,4
2019-11-07 15:31:11.593,11637,11638,11637,1
2019-11-07 15:31:11.690,11637,11638,11637,6
2019-11-07 15:31:14.440,11637,11638,11638,2
2019-11-07 15:31:14.457,11637,11638,11638,9
2019-11-07 15:31:14.478,11637,11638,11638,1
2019-11-07 15:31:14.916,11637,11639,11637,1
2019-11-07 15:31:14.940,11637,11639,11637,2
2019-11-07 15:31:15.642,11637,11639,11637,1
2019-11-07 15:31:16.896,11638,11639,11638,1
2019-11-07 15:31:19.382,11637,11638,11637,2
2019-11-07 15:31:21.612,11637,11638,11637,1
2019-11-07 15:31:23.245,11637,11638,11638,1
2019-11-07 15:31:23.788,11637,11638,11638,1
2019-11-07 15:31:24.180,11637,11638,11638,1
2019-11-07 15:31:26.809,11638,11639,11638,8
2019-11-07 15:31:27.257,11637,11638,11638,1
2019-11-07 15:31:27.311,11637,11638,11637,1
2019-11-07 15:31:27.556,11637,11638,11637,1
2019-11-07 15:31:28.556,11637,11638,11638,3
2019-11-07 15:31:29.265,11637,11638,11638,18
2019-11-07 15:31:30.512,11637,11638,11637,1
2019-11-07 15:31:32.163,11637,11638,11637,1
2019-11-07 15:31:32.590,11637,11638,11638,1
2019-11-07 15:31:32.908,11637,11638,11638,1
2019-11-07 15:31:33.127,11637,11638,11638,1
2019-11-07 15:31:34.266,11637,11638,11638,3
2019-11-07 15:31:34.353,11637,11638,11638,1
2019-11-07 15:31:34.898,11638,11639,11638,2
2019-11-07 15:31:35.957,11638,11639,11638,2
2019-11-07 15:31:36.204,11637,11638,11638,1
2019-11-07 15:31:40.344,11637,11638,11638,1
2019-11-07 15:31:42.335,11637,11638,11638,1
2019-11-07 15:31:43.536,11637,11638,11638,3
2019-11-07 15:31:43.536,11637,11638,11638,1
2019-11-07 15:31:43.537,11637,11638,11638,14
2019-11-07 15:31:43.537,11637,11638,11638,2
2019-11-07 15:31:43.738,11638,11639,11639,8
2019-11-07 15:31:43.853,11638,11639,11639,1
2019-11-07 15:31:43.997,11639,11640,11639,1
2019-11-07 15:31:46.214,11639,11640,11639,1
2019-11-07 15:31:46.389,11639,11640,11640,1
2019-11-07 15:31:46.960,11639,11640,11639,1
2019-11-07 15:31:46.989,11639,11640,11640,5
2019-11-07 15:31:47.332,11639,11640,11640,1
2019-11-07 15:31:47.416,11639,11640,11640,1
2019-11-07 15:31:47.417,11639,11640,11640,1
2019-11-07 15:31:47.417,11639,11640,11640,1
2019-11-07 15:31:47.440,11639,11640,11640,4
2019-11-07 15:31:47.487,11639,11640,11640,1
2019-11-07 15:31:47.603,11639,11640,11640,3
2019-11-07 15:31:47.603,11639,11640,11640,1
2019-11-07 15:31:47.603,11639,11640,11640,1
2019-11-07 15:31:47.604,11639,11640,11640,5
2019-11-07 15:31:47.764,11639,11640,11640,1
2019-11-07 15:31:48.160,11639,11641,11639,1
2019-11-07 15:31:51.109,11639,11640,11640,2
2019-11-07 15:31:51.109,11639,11640,11641,1
2019-11-07 15:31:51.643,11640,11641,11640,2
2019-11-07 15:31:52.510,11639,11641,11641,1
2019-11-07 15:31:52.747,11639,11641,11641,1
2019-11-07 15:31:53.753,11639,11640,11639,2
2019-11-07 15:31:55.074,11639,11640,11640,1
2019-11-07 15:31:55.107,11640,11641,11640,1
2019-11-07 15:31:55.549,11640,11641,11640,1
2019-11-07 15:32:00.355,11640,11641,11640,2
2019-11-07 15:32:00.356,11640,11641,11640,1
2019-11-07 15:32:01.547,11639,11641,11639,1
2019-11-07 15:32:02.051,11639,11640,11640,1
2019-11-07 15:32:02.109,11639,11640,11640,1
2019-11-07 15:32:02.111,11639,11640,11640,1
2019-11-07 15:32:02.112,11639,11640,11640,1
2019-11-07 15:32:02.431,11639,11640,11640,4
2019-11-07 15:32:03.166,11639,11640,11640,1
2019-11-07 15:32:04.553,11639,11640,11640,1
2019-11-07 15:32:05.768,11639,11640,11640,5
2019-11-07 15:32:05.853,11640,11641,11640,5
2019-11-07 15:32:06.162,11639,11641,11641,1
2019-11-07 15:32:06.470,11640,11641,11640,1
2019-11-07 15:32:06.483,11640,11641,11640,1
2019-11-07 15:32:06.759,11640,11641,11641,1
2019-11-07 15:32:06.922,11640,11641,11640,1
2019-11-07 15:32:06.996,11640,11641,11640,1
2019-11-07 15:32:07.004,11640,11641,11640,1
2019-11-07 15:32:07.004,11640,11641,11640,1
2019-11-07 15:32:07.687,11639,11641,11641,1
2019-11-07 15:32:10.836,11640,11641,11640,1
2019-11-07 15:32:11.278,11640,11641,11640,1
2019-11-07 15:32:11.331,11640,11641,11641,1
2019-11-07 15:32:11.525,11640,11641,11640,1
2019-11-07 15:32:11.772,11640,11641,11641,5
2019-11-07 15:32:12.509,11640,11641,11641,1
2019-11-07 15:32:13.190,11640,11641,11641,3
2019-11-07 15:32:13.190,11640,11641,11641,1
2019-11-07 15:32:13.228,11640,11641,11641,1
2019-11-07 15:32:14.066,11641,11642,11642,3
2019-11-07 15:32:14.165,11641,11642,11641,1
2019-11-07 15:32:16.847,11641,11642,11641,1
2019-11-07 15:32:20.848,11641,11642,11641,1
2019-11-07 15:32:21.032,11640,11642,11642,1
2019-11-07 15:32:21.928,11641,11642,11642,7
2019-11-07 15:32:22.356,11641,11642,11641,1
2019-11-07 15:32:22.594,11641,11642,11641,1
2019-11-07 15:32:22.955,11641,11642,11642,1
2019-11-07 15:32:22.959,11641,11642,11641,1
2019-11-07 15:32:22.997,11641,11642,11642,1
2019-11-07 15:32:23.570,11641,11642,11642,1
2019-11-07 15:32:25.260,11641,11642,11642,4
2019-11-07 15:32:25.312,11641,11642,11642,3
2019-11-07 15:32:25.312,11641,11642,11642,2
2019-11-07 15:32:25.312,11641,11642,11642,2
2019-11-07 15:32:25.313,11641,11642,11642,3
2019-11-07 15:32:25.313,11641,11642,11642,5
2019-11-07 15:32:25.583,11642,11643,11642,1
2019-11-07 15:32:25.603,11642,11643,11642,2
2019-11-07 15:32:25.628,11642,11643,11642,2
2019-11-07 15:32:25.654,11642,11643,11642,2
2019-11-07 15:32:25.679,11642,11643,11642,2
2019-11-07 15:32:27.165,11641,11642,11641,1
2019-11-07 15:32:28.672,11641,11642,11642,2
2019-11-07 15:32:29.753,11642,11643,11642,1
2019-11-07 15:32:30.178,11642,11643,11642,4
2019-11-07 15:32:30.178,11642,11643,11641,1
2019-11-07 15:32:31.108,11641,11642,11642,1
2019-11-07 15:32:31.108,11641,11642,11643,1
2019-11-07 15:32:31.643,11641,11642,11642,1
2019-11-07 15:32:31.943,11642,11643,11642,1
2019-11-07 15:32:32.135,11641,11642,11642,2
2019-11-07 15:32:32.476,11641,11642,11642,2
2019-11-07 15:32:32.663,11641,11642,11642,1
2019-11-07 15:32:33.115,11641,11642,11642,4
2019-11-07 15:32:34.559,11642,11643,11642,1
2019-11-07 15:32:35.755,11642,11643,11642,1
2019-11-07 15:32:36.159,11642,11643,11642,1
2019-11-07 15:32:37.321,11642,11643,11642,2
2019-11-07 15:32:37.871,11642,11643,11643,1
2019-11-07 15:32:37.922,11642,11643,11642,1
2019-11-07 15:32:38.147,11642,11643,11642,5
2019-11-07 15:32:38.184,11642,11643,11642,1
2019-11-07 15:32:39.327,11642,11643,11643,5
2019-11-07 15:32:39.598,11642,11643,11643,1
2019-11-07 15:32:41.116,11642,11643,11643,2
2019-11-07 15:32:41.368,11642,11643,11643,1
2019-11-07 15:32:42.313,11642,11643,11643,5
2019-11-07 15:32:43.655,11642,11643,11643,1
2019-11-07 15:32:43.957,11642,11643,11643,2
2019-11-07 15:32:44.055,11642,11643,11643,2
2019-11-07 15:32:44.461,11642,11643,11643,1
2019-11-07 15:32:44.676,11642,11643,11643,2
2019-11-07 15:32:44.728,11642,11643,11643,2
2019-11-07 15:32:44.875,11642,11643,11643,1
2019-11-07 15:32:47.546,11643,11644,11644,1
2019-11-07 15:32:48.419,11643,11644,11644,1
2019-11-07 15:32:48.578,11643,11644,11644,1
2019-11-07 15:32:49.278,11643,11644,11643,1
2019-11-07 15:32:49.326,11643,11644,11643,11
2019-11-07 15:32:49.896,11642,11643,11643,3
2019-11-07 15:32:51.578,11642,11643,11643,2
2019-11-07 15:32:52.603,11643,11644,11643,2
2019-11-07 15:32:52.628,11643,11644,11643,2
2019-11-07 15:32:52.654,11643,11644,11643,2
2019-11-07 15:32:52.679,11643,11644,11643,2
2019-11-07 15:32:52.704,11643,11644,11643,2
2019-11-07 15:32:54.057,11643,11644,11644,2
2019-11-07 15:32:54.097,11643,11644,11644,1
2019-11-07 15:32:54.103,11643,11644,11644,6
2019-11-07 15:32:54.103,11643,11644,11644,1
2019-11-07 15:32:54.209,11643,11644,11644,1
2019-11-07 15:32:55.012,11644,11645,11644,1
2019-11-07 15:32:55.889,11644,11645,11645,3
2019-11-07 15:32:56.041,11644,11645,11645,1
2019-11-07 15:32:56.266,11644,11645,11644,2
2019-11-07 15:32:56.763,11644,11645,11645,2
2019-11-07 15:32:56.797,11644,11645,11644,8
2019-11-07 15:32:56.797,11644,11645,11644,6
2019-11-07 15:32:56.853,11643,11644,11644,1
2019-11-07 15:32:56.955,11643,11644,11644,2
2019-11-07 15:32:56.982,11643,11644,11643,12
2019-11-07 15:32:57.074,11643,11644,11643,5
2019-11-07 15:32:57.155,11642,11644,11644,2
2019-11-07 15:32:57.168,11642,11644,11644,2
2019-11-07 15:32:57.727,11642,11643,11643,2
2019-11-07 15:33:00.301,11642,11643,11643,2
2019-11-07 15:33:02.371,11642,11643,11643,1
2019-11-07 15:33:02.988,11643,11644,11644,1
2019-11-07 15:33:03.474,11643,11644,11643,2
2019-11-07 15:33:03.519,11642,11644,11643,1
2019-11-07 15:33:03.520,11642,11644,11643,2
2019-11-07 15:33:03.626,11642,11643,11643,1
2019-11-07 15:33:03.626,11642,11643,11644,1
2019-11-07 15:33:05.913,11642,11643,11642,1
2019-11-07 15:33:06.112,11642,11643,11642,1
2019-11-07 15:33:06.224,11642,11643,11643,2
2019-11-07 15:33:06.252,11642,11643,11643,1
2019-11-07 15:33:07.728,11642,11643,11643,1
2019-11-07 15:33:09.711,11642,11644,11644,1
2019-11-07 15:33:10.360,11642,11643,11643,1
2019-11-07 15:33:11.498,11642,11643,11643,1
2019-11-07 15:33:13.236,11643,11644,11643,2
2019-11-07 15:33:14.336,11643,11644,11643,1
2019-11-07 15:33:14.600,11642,11644,11644,4
2019-11-07 15:33:15.353,11643,11644,11643,2
2019-11-07 15:33:15.375,11643,11644,11643,1
2019-11-07 15:33:15.383,11643,11644,11643,1
2019-11-07 15:33:15.383,11643,11644,11643,1
2019-11-07 15:33:15.383,11643,11644,11643,2
2019-11-07 15:33:15.407,11643,11644,11643,3
2019-11-07 15:33:15.759,11642,11643,11643,2
2019-11-07 15:33:16.193,11642,11643,11643,2
2019-11-07 15:33:16.976,11642,11643,11642,14
2019-11-07 15:33:17.175,11641,11642,11642,1
2019-11-07 15:33:17.300,11641,11642,11641,1
2019-11-07 15:33:17.362,11641,11642,11641,1
2019-11-07 15:33:18.000,11641,11642,11642,1
2019-11-07 15:33:18.054,11641,11642,11642,1
2019-11-07 15:33:18.526,11641,11642,11641,1
2019-11-07 15:33:18.611,11641,11642,11641,1
2019-11-07 15:33:18.870,11641,11642,11641,6
2019-11-07 15:33:18.978,11641,11642,11641,1
2019-11-07 15:33:19.216,11640,11641,11641,1
2019-11-07 15:33:19.229,11640,11641,11641,1
2019-11-07 15:33:21.499,11640,11641,11641,1
2019-11-07 15:33:22.055,11640,11641,11641,1
2019-11-07 15:33:24.859,11640,11641,11641,1
2019-11-07 15:33:27.325,11640,11641,11640,15
2019-11-07 15:33:27.605,11640,11641,11640,1
2019-11-07 15:33:28.120,11640,11641,11641,1
2019-11-07 15:33:29.017,11640,11641,11641,1
2019-11-07 15:33:31.356,11640,11641,11641,1
2019-11-07 15:33:31.675,11640,11641,11641,2
2019-11-07 15:33:31.724,11640,11641,11641,1
2019-11-07 15:33:31.886,11641,11642,11641,1
2019-11-07 15:33:32.939,11640,11641,11641,1
2019-11-07 15:33:33.080,11640,11641,11641,1
2019-11-07 15:33:36.490,11640,11641,11641,1
2019-11-07 15:33:36.806,11640,11641,11640,1
2019-11-07 15:33:37.193,11640,11641,11640,4
2019-11-07 15:33:37.228,11640,11641,11640,2
2019-11-07 15:33:37.228,11640,11641,11640,4
2019-11-07 15:33:37.228,11640,11641,11640,2
2019-11-07 15:33:37.353,11640,11641,11640,1
2019-11-07 15:33:37.353,11640,11641,11640,2
2019-11-07 15:33:39.562,11639,11640,11639,1
2019-11-07 15:33:39.694,11639,11640,11639,1
2019-11-07 15:33:39.861,11639,11640,11639,3
2019-11-07 15:33:39.981,11639,11640,11639,2
2019-11-07 15:33:40.801,11639,11640,11639,1
2019-11-07 15:33:40.930,11639,11640,11639,1
2019-11-07 15:33:42.562,11639,11640,11639,1
2019-11-07 15:33:42.603,11639,11640,11639,2
2019-11-07 15:33:42.603,11639,11640,11639,1
2019-11-07 15:33:42.603,11639,11640,11639,1
2019-11-07 15:33:44.550,11638,11639,11638,1
