2020-07-06,15:00:00,12071,12071,12071,248
2020-07-06,15:00:00,12070,12070,12070,2
2020-07-06,15:00:00,12071,12071,12071,2
2020-07-06,15:00:00,12071,12071,12071,2
2020-07-06,15:00:00,12071,12071,12071,2
2020-07-06,15:00:00,12071,12071,12071,8
2020-07-06,15:00:00,12072,12072,12072,2
2020-07-06,15:00:00,12072,12072,12072,2
2020-07-06,15:00:00,12072,12072,12072,4
2020-07-06,15:00:00,12072,12072,12072,2
2020-07-06,15:00:00,12072,12072,12072,2
2020-07-06,15:00:00,12072,12072,12072,2
2020-07-06,15:00:00,12073,12073,12073,2
2020-07-06,15:00:00,12072,12072,12072,2
2020-07-06,15:00:00,12073,12073,12073,2
2020-07-06,15:00:00,12073,12073,12073,2
2020-07-06,15:00:00,12073,12073,12073,2
2020-07-06,15:00:00,12073,12073,12073,2
2020-07-06,15:00:00,12073,12073,12073,2
2020-07-06,15:00:00,12073,12073,12073,4
2020-07-06,15:00:00,12074,12074,12074,2
2020-07-06,15:00:00,12074,12074,12074,2
2020-07-06,15:00:00,12073,12073,12073,2
2020-07-06,15:00:00,12074,12074,12074,2
2020-07-06,15:00:00,12074,12074,12074,2
2020-07-06,15:00:00,12072,12072,12072,2
2020-07-06,15:00:00,12073,12073,12073,2
2020-07-06,15:00:00,12072,12072,12072,2
2020-07-06,15:00:00,12073,12073,12073,2
2020-07-06,15:00:00,12073,12073,12073,16
2020-07-06,15:00:00,12074,12074,12074,2
2020-07-06,15:00:00,12074,12074,12074,4
2020-07-06,15:00:00,12074,12074,12074,2
2020-07-06,15:00:00,12072,12072,12072,8
2020-07-06,15:00:00,12072,12072,12072,8
2020-07-06,15:00:00,12072,12072,12072,2
2020-07-06,15:00:00,12072,12072,12072,2
2020-07-06,15:00:01,12073,12073,12073,4
2020-07-06,15:00:01,12071,12071,12071,4
2020-07-06,15:00:01,12073,12073,12073,4
2020-07-06,15:00:01,12071,12071,12071,4
2020-07-06,15:00:01,12071,12071,12071,2
2020-07-06,15:00:01,12071,12071,12071,2
2020-07-06,15:00:01,12071,12071,12071,2
2020-07-06,15:00:01,12071,12071,12071,8
2020-07-06,15:00:01,12071,12071,12071,2
2020-07-06,15:00:01,12073,12073,12073,2
2020-07-06,15:00:01,12071,12071,12071,2
2020-07-06,15:00:01,12071,12071,12071,2
2020-07-06,15:00:01,12072,12072,12072,6
2020-07-06,15:00:01,12072,12072,12072,20
2020-07-06,15:00:01,12073,12073,12073,4
2020-07-06,15:00:01,12073,12073,12073,16
2020-07-06,15:00:01,12074,12074,12074,8
2020-07-06,15:00:01,12073,12073,12073,2
2020-07-06,15:00:01,12073,12073,12073,4
2020-07-06,15:00:01,12072,12072,12072,8
2020-07-06,15:00:01,12072,12072,12072,2
2020-07-06,15:00:01,12072,12072,12072,2
2020-07-06,15:00:01,12072,12072,12072,8
2020-07-06,15:00:02,12073,12073,12073,2
2020-07-06,15:00:02,12073,12073,12073,2
2020-07-06,15:00:02,12074,12074,12074,4
2020-07-06,15:00:02,12074,12074,12074,8
2020-07-06,15:00:02,12074,12074,12074,10
2020-07-06,15:00:02,12074,12074,12074,2
2020-07-06,15:00:02,12074,12074,12074,4
2020-07-06,15:00:02,12075,12075,12075,4
2020-07-06,15:00:02,12075,12075,12075,6
2020-07-06,15:00:03,12075,12075,12075,2
2020-07-06,15:00:03,12075,12075,12075,4
2020-07-06,15:00:03,12074,12074,12074,2
2020-07-06,15:00:03,12074,12074,12074,2
2020-07-06,15:00:03,12074,12074,12074,2
2020-07-06,15:00:03,12074,12074,12074,2
2020-07-06,15:00:03,12073,12073,12073,2
2020-07-06,15:00:03,12073,12073,12073,2
2020-07-06,15:00:03,12073,12073,12073,2
2020-07-06,15:00:03,12075,12075,12075,6
2020-07-06,15:00:04,12075,12075,12075,6
2020-07-06,15:00:04,12074,12074,12074,2
2020-07-06,15:00:04,12075,12075,12075,6
2020-07-06,15:00:04,12074,12074,12074,2
2020-07-06,15:00:04,12075,12075,12075,10
2020-07-06,15:00:04,12075,12075,12075,6
2020-07-06,15:00:04,12076,12076,12076,2
2020-07-06,15:00:04,12074,12074,12074,2
2020-07-06,15:00:04,12074,12074,12074,2
2020-07-06,15:00:05,12075,12075,12075,2
2020-07-06,15:00:05,12075,12075,12075,2
2020-07-06,15:00:05,12076,12076,12076,10
2020-07-06,15:00:05,12076,12076,12076,4
2020-07-06,15:00:05,12076,12076,12076,6
2020-07-06,15:00:05,12076,12076,12076,10
2020-07-06,15:00:05,12076,12076,12076,6
2020-07-06,15:00:05,12076,12076,12076,6
2020-07-06,15:00:06,12076,12076,12076,6
2020-07-06,15:00:06,12075,12075,12075,4
2020-07-06,15:00:07,12075,12075,12075,2
2020-07-06,15:00:08,12075,12075,12075,2
2020-07-06,15:00:08,12075,12075,12075,6
2020-07-06,15:00:08,12074,12074,12074,2
2020-07-06,15:00:09,12075,12075,12075,4
2020-07-06,15:00:09,12074,12074,12074,2
2020-07-06,15:00:09,12075,12075,12075,2
2020-07-06,15:00:09,12075,12075,12075,4
2020-07-06,15:00:10,12075,12075,12075,10
2020-07-06,15:00:10,12075,12075,12075,2
2020-07-06,15:00:10,12075,12075,12075,2
2020-07-06,15:00:11,12075,12075,12075,2
2020-07-06,15:00:11,12074,12074,12074,4
2020-07-06,15:00:11,12074,12074,12074,2
2020-07-06,15:00:12,12073,12073,12073,2
2020-07-06,15:00:12,12075,12075,12075,2
2020-07-06,15:00:12,12074,12074,12074,6
2020-07-06,15:00:12,12074,12074,12074,16
2020-07-06,15:00:12,12074,12074,12074,2
2020-07-06,15:00:13,12074,12074,12074,2
2020-07-06,15:00:14,12074,12074,12074,2
2020-07-06,15:00:14,12074,12074,12074,20
2020-07-06,15:00:14,12075,12075,12075,8
2020-07-06,15:00:15,12075,12075,12075,8
2020-07-06,15:00:15,12076,12076,12076,24
2020-07-06,15:00:15,12077,12077,12077,24
2020-07-06,15:00:15,12078,12078,12078,24
2020-07-06,15:00:15,12075,12075,12075,2
2020-07-06,15:00:15,12077,12077,12077,12
2020-07-06,15:00:15,12077,12077,12077,4
2020-07-06,15:00:15,12075,12075,12075,2
2020-07-06,15:00:15,12074,12074,12074,2
2020-07-06,15:00:15,12074,12074,12074,2
2020-07-06,15:00:15,12074,12074,12074,2
2020-07-06,15:00:15,12074,12074,12074,2
2020-07-06,15:00:15,12076,12076,12076,2
2020-07-06,15:00:16,12076,12076,12076,4
2020-07-06,15:00:16,12075,12075,12075,2
2020-07-06,15:00:16,12076,12076,12076,4
2020-07-06,15:00:16,12075,12075,12075,8
2020-07-06,15:00:16,12075,12075,12075,2
2020-07-06,15:00:16,12075,12075,12075,2
2020-07-06,15:00:16,12075,12075,12075,8
2020-07-06,15:00:16,12076,12076,12076,18
2020-07-06,15:00:17,12076,12076,12076,4
2020-07-06,15:00:17,12078,12078,12078,2
2020-07-06,15:00:17,12078,12078,12078,2
2020-07-06,15:00:17,12078,12078,12078,2
2020-07-06,15:00:18,12077,12077,12077,2
2020-07-06,15:00:20,12078,12078,12078,2
2020-07-06,15:00:20,12078,12078,12078,2
2020-07-06,15:00:20,12077,12077,12077,2
2020-07-06,15:00:20,12077,12077,12077,2
2020-07-06,15:00:20,12077,12077,12077,2
2020-07-06,15:00:21,12077,12077,12077,2
2020-07-06,15:00:21,12078,12078,12078,20
2020-07-06,15:00:21,12078,12078,12078,2
2020-07-06,15:00:21,12078,12078,12078,2
2020-07-06,15:00:22,12079,12079,12079,2
2020-07-06,15:00:22,12078,12078,12078,2
2020-07-06,15:00:22,12078,12078,12078,4
2020-07-06,15:00:22,12077,12077,12077,2
2020-07-06,15:00:22,12077,12077,12077,2
2020-07-06,15:00:22,12077,12077,12077,2
2020-07-06,15:00:22,12077,12077,12077,2
2020-07-06,15:00:24,12077,12077,12077,2
2020-07-06,15:00:24,12077,12077,12077,2
2020-07-06,15:00:24,12077,12077,12077,2
2020-07-06,15:00:24,12077,12077,12077,2
2020-07-06,15:00:25,12079,12079,12079,2
2020-07-06,15:00:25,12079,12079,12079,2
2020-07-06,15:00:25,12079,12079,12079,4
2020-07-06,15:00:26,12078,12078,12078,2
2020-07-06,15:00:26,12079,12079,12079,2
2020-07-06,15:00:26,12079,12079,12079,14
2020-07-06,15:00:26,12080,12080,12080,2
2020-07-06,15:00:26,12080,12080,12080,2
2020-07-06,15:00:26,12080,12080,12080,24
2020-07-06,15:00:26,12080,12080,12080,8
2020-07-06,15:00:26,12080,12080,12080,8
2020-07-06,15:00:27,12080,12080,12080,2
2020-07-06,15:00:27,12080,12080,12080,4
2020-07-06,15:00:28,12080,12080,12080,2
2020-07-06,15:00:28,12080,12080,12080,2
2020-07-06,15:00:28,12080,12080,12080,2
2020-07-06,15:00:29,12081,12081,12081,2
2020-07-06,15:00:29,12081,12081,12081,2
2020-07-06,15:00:30,12079,12079,12079,8
2020-07-06,15:00:30,12079,12079,12079,2
2020-07-06,15:00:31,12080,12080,12080,2
2020-07-06,15:00:31,12080,12080,12080,2
2020-07-06,15:00:31,12080,12080,12080,4
2020-07-06,15:00:31,12081,12081,12081,24
2020-07-06,15:00:32,12082,12082,12082,2
2020-07-06,15:00:33,12082,12082,12082,8
2020-07-06,15:00:33,12082,12082,12082,32
2020-07-06,15:00:33,12083,12083,12083,10
2020-07-06,15:00:33,12082,12082,12082,8
2020-07-06,15:00:33,12082,12082,12082,2
2020-07-06,15:00:33,12083,12083,12083,6
2020-07-06,15:00:33,12083,12083,12083,8
2020-07-06,15:00:33,12083,12083,12083,4
2020-07-06,15:00:34,12084,12084,12084,20
2020-07-06,15:00:34,12084,12084,12084,2
2020-07-06,15:00:34,12084,12084,12084,4
2020-07-06,15:00:34,12084,12084,12084,2
2020-07-06,15:00:34,12085,12085,12085,6
2020-07-06,15:00:34,12083,12083,12083,6
2020-07-06,15:00:35,12085,12085,12085,2
2020-07-06,15:00:35,12083,12083,12083,2
2020-07-06,15:00:35,12083,12083,12083,10
2020-07-06,15:00:35,12083,12083,12083,2
2020-07-06,15:00:35,12084,12084,12084,2
2020-07-06,15:00:36,12084,12084,12084,2
2020-07-06,15:00:36,12084,12084,12084,2
2020-07-06,15:00:38,12085,12085,12085,2
2020-07-06,15:00:38,12084,12084,12084,2
2020-07-06,15:00:38,12084,12084,12084,4
2020-07-06,15:00:38,12083,12083,12083,4
2020-07-06,15:00:38,12083,12083,12083,2
2020-07-06,15:00:39,12083,12083,12083,2
2020-07-06,15:00:39,12083,12083,12083,2
2020-07-06,15:00:39,12082,12082,12082,2
2020-07-06,15:00:40,12083,12083,12083,2
2020-07-06,15:00:40,12083,12083,12083,2
2020-07-06,15:00:41,12082,12082,12082,2
2020-07-06,15:00:41,12081,12081,12081,4
2020-07-06,15:00:41,12081,12081,12081,4
2020-07-06,15:00:41,12082,12082,12082,2
2020-07-06,15:00:41,12082,12082,12082,6
2020-07-06,15:00:41,12082,12082,12082,2
2020-07-06,15:00:41,12081,12081,12081,2
2020-07-06,15:00:41,12081,12081,12081,2
2020-07-06,15:00:41,12081,12081,12081,6
2020-07-06,15:00:41,12080,12080,12080,2
2020-07-06,15:00:41,12080,12080,12080,4
2020-07-06,15:00:42,12080,12080,12080,2
2020-07-06,15:00:42,12080,12080,12080,2
2020-07-06,15:00:42,12080,12080,12080,2
2020-07-06,15:00:42,12080,12080,12080,2
2020-07-06,15:00:42,12080,12080,12080,2
2020-07-06,15:00:42,12081,12081,12081,2
2020-07-06,15:00:43,12081,12081,12081,2
2020-07-06,15:00:43,12081,12081,12081,2
2020-07-06,15:00:44,12081,12081,12081,4
2020-07-06,15:00:45,12081,12081,12081,2
2020-07-06,15:00:45,12081,12081,12081,2
2020-07-06,15:00:45,12081,12081,12081,4
2020-07-06,15:00:45,12081,12081,12081,2
2020-07-06,15:00:45,12081,12081,12081,6
2020-07-06,15:00:45,12081,12081,12081,2
2020-07-06,15:00:46,12080,12080,12080,2
2020-07-06,15:00:46,12081,12081,12081,2
2020-07-06,15:00:47,12081,12081,12081,4
2020-07-06,15:00:47,12080,12080,12080,6
2020-07-06,15:00:47,12080,12080,12080,4
2020-07-06,15:00:49,12080,12080,12080,2
2020-07-06,15:00:49,12081,12081,12081,2
2020-07-06,15:00:49,12081,12081,12081,2
2020-07-06,15:00:50,12080,12080,12080,2
2020-07-06,15:00:50,12080,12080,12080,6
2020-07-06,15:00:50,12080,12080,12080,4
2020-07-06,15:00:50,12080,12080,12080,2
2020-07-06,15:00:50,12080,12080,12080,2
2020-07-06,15:00:50,12080,12080,12080,2
2020-07-06,15:00:50,12080,12080,12080,2
2020-07-06,15:00:50,12080,12080,12080,10
2020-07-06,15:00:50,12080,12080,12080,2
2020-07-06,15:00:50,12080,12080,12080,8
2020-07-06,15:00:51,12079,12079,12079,2
2020-07-06,15:00:51,12079,12079,12079,2
2020-07-06,15:00:51,12079,12079,12079,4
2020-07-06,15:00:51,12079,12079,12079,6
2020-07-06,15:00:52,12078,12078,12078,2
2020-07-06,15:00:52,12078,12078,12078,2
2020-07-06,15:00:52,12078,12078,12078,2
2020-07-06,15:00:52,12078,12078,12078,4
2020-07-06,15:00:52,12078,12078,12078,2
2020-07-06,15:00:52,12078,12078,12078,4
2020-07-06,15:00:54,12077,12077,12077,2
2020-07-06,15:00:54,12077,12077,12077,2
2020-07-06,15:00:54,12077,12077,12077,2
2020-07-06,15:00:55,12077,12077,12077,2
2020-07-06,15:00:55,12077,12077,12077,2
2020-07-06,15:00:55,12077,12077,12077,2
2020-07-06,15:00:55,12077,12077,12077,4
2020-07-06,15:00:55,12077,12077,12077,2
2020-07-06,15:00:55,12076,12076,12076,10
2020-07-06,15:00:55,12076,12076,12076,2
2020-07-06,15:00:55,12076,12076,12076,2
2020-07-06,15:00:55,12076,12076,12076,2
2020-07-06,15:00:55,12076,12076,12076,2
2020-07-06,15:00:56,12077,12077,12077,10
2020-07-06,15:00:56,12077,12077,12077,2
2020-07-06,15:00:57,12076,12076,12076,4
2020-07-06,15:00:57,12076,12076,12076,6
2020-07-06,15:00:57,12076,12076,12076,2
2020-07-06,15:00:57,12076,12076,12076,2
2020-07-06,15:00:57,12076,12076,12076,2
2020-07-06,15:00:57,12076,12076,12076,10
2020-07-06,15:00:58,12076,12076,12076,2
2020-07-06,15:00:59,12076,12076,12076,2
2020-07-06,15:00:59,12076,12076,12076,2
2020-07-06,15:00:59,12076,12076,12076,2
2020-07-06,15:01:00,12076,12076,12076,6
2020-07-06,15:01:00,12076,12076,12076,2
2020-07-06,15:01:00,12076,12076,12076,12
2020-07-06,15:01:00,12076,12076,12076,2
2020-07-06,15:01:00,12077,12077,12077,12
2020-07-06,15:01:00,12076,12076,12076,6
2020-07-06,15:01:00,12075,12075,12075,2
2020-07-06,15:01:00,12076,12076,12076,2
2020-07-06,15:01:00,12076,12076,12076,2
2020-07-06,15:01:00,12077,12077,12077,2
2020-07-06,15:01:00,12076,12076,12076,2
2020-07-06,15:01:00,12076,12076,12076,2
2020-07-06,15:01:01,12077,12077,12077,2
2020-07-06,15:01:01,12077,12077,12077,2
2020-07-06,15:01:01,12076,12076,12076,2
2020-07-06,15:01:01,12076,12076,12076,2
2020-07-06,15:01:01,12075,12075,12075,2
2020-07-06,15:01:01,12075,12075,12075,2
2020-07-06,15:01:01,12075,12075,12075,2
2020-07-06,15:01:01,12075,12075,12075,2
2020-07-06,15:01:01,12075,12075,12075,2
2020-07-06,15:01:01,12075,12075,12075,2
2020-07-06,15:01:01,12075,12075,12075,2
2020-07-06,15:01:01,12075,12075,12075,2
2020-07-06,15:01:01,12074,12074,12074,4
2020-07-06,15:01:02,12075,12075,12075,12
2020-07-06,15:01:02,12076,12076,12076,2
2020-07-06,15:01:02,12076,12076,12076,2
2020-07-06,15:01:02,12076,12076,12076,2
2020-07-06,15:01:03,12075,12075,12075,10
2020-07-06,15:01:03,12075,12075,12075,2
2020-07-06,15:01:05,12075,12075,12075,4
2020-07-06,15:01:05,12075,12075,12075,2
2020-07-06,15:01:05,12075,12075,12075,2
2020-07-06,15:01:05,12076,12076,12076,2
2020-07-06,15:01:05,12075,12075,12075,2
2020-07-06,15:01:05,12074,12074,12074,4
2020-07-06,15:01:06,12074,12074,12074,2
2020-07-06,15:01:06,12073,12073,12073,2
2020-07-06,15:01:07,12073,12073,12073,4
2020-07-06,15:01:07,12074,12074,12074,2
2020-07-06,15:01:07,12073,12073,12073,2
2020-07-06,15:01:07,12073,12073,12073,2
2020-07-06,15:01:07,12073,12073,12073,2
2020-07-06,15:01:09,12072,12072,12072,4
2020-07-06,15:01:09,12072,12072,12072,2
2020-07-06,15:01:09,12072,12072,12072,2
2020-07-06,15:01:09,12072,12072,12072,2
2020-07-06,15:01:09,12072,12072,12072,2
2020-07-06,15:01:09,12073,12073,12073,2
2020-07-06,15:01:10,12074,12074,12074,4
2020-07-06,15:01:10,12072,12072,12072,4
2020-07-06,15:01:10,12071,12071,12071,2
2020-07-06,15:01:10,12071,12071,12071,2
2020-07-06,15:01:10,12071,12071,12071,2
2020-07-06,15:01:10,12071,12071,12071,2
2020-07-06,15:01:13,12073,12073,12073,2
2020-07-06,15:01:14,12071,12071,12071,2
2020-07-06,15:01:14,12071,12071,12071,2
2020-07-06,15:01:14,12071,12071,12071,8
2020-07-06,15:01:14,12071,12071,12071,2
2020-07-06,15:01:14,12071,12071,12071,2
2020-07-06,15:01:14,12070,12070,12070,2
2020-07-06,15:01:14,12070,12070,12070,12
2020-07-06,15:01:14,12070,12070,12070,2
2020-07-06,15:01:14,12070,12070,12070,2
2020-07-06,15:01:14,12070,12070,12070,2
2020-07-06,15:01:14,12070,12070,12070,2
2020-07-06,15:01:14,12070,12070,12070,4
2020-07-06,15:01:14,12070,12070,12070,2
2020-07-06,15:01:14,12069,12069,12069,4
2020-07-06,15:01:14,12069,12069,12069,2
2020-07-06,15:01:14,12069,12069,12069,4
2020-07-06,15:01:14,12068,12068,12068,4
2020-07-06,15:01:14,12068,12068,12068,2
2020-07-06,15:01:14,12068,12068,12068,2
2020-07-06,15:01:14,12068,12068,12068,2
2020-07-06,15:01:14,12068,12068,12068,2
2020-07-06,15:01:14,12068,12068,12068,8
2020-07-06,15:01:14,12067,12067,12067,10
2020-07-06,15:01:14,12069,12069,12069,4
2020-07-06,15:01:14,12067,12067,12067,2
2020-07-06,15:01:14,12067,12067,12067,8
2020-07-06,15:01:14,12067,12067,12067,2
2020-07-06,15:01:14,12067,12067,12067,8
2020-07-06,15:01:14,12067,12067,12067,2
2020-07-06,15:01:14,12066,12066,12066,2
2020-07-06,15:01:14,12066,12066,12066,4
2020-07-06,15:01:14,12066,12066,12066,4
2020-07-06,15:01:14,12069,12069,12069,4
2020-07-06,15:01:15,12066,12066,12066,2
2020-07-06,15:01:15,12066,12066,12066,2
2020-07-06,15:01:15,12066,12066,12066,2
2020-07-06,15:01:15,12066,12066,12066,2
2020-07-06,15:01:15,12066,12066,12066,2
2020-07-06,15:01:15,12066,12066,12066,2
2020-07-06,15:01:15,12066,12066,12066,8
2020-07-06,15:01:15,12066,12066,12066,2
2020-07-06,15:01:15,12066,12066,12066,2
2020-07-06,15:01:15,12067,12067,12067,2
2020-07-06,15:01:15,12065,12065,12065,2
2020-07-06,15:01:15,12065,12065,12065,2
2020-07-06,15:01:15,12065,12065,12065,8
2020-07-06,15:01:15,12065,12065,12065,8
2020-07-06,15:01:15,12065,12065,12065,8
2020-07-06,15:01:15,12065,12065,12065,8
2020-07-06,15:01:15,12065,12065,12065,2
2020-07-06,15:01:15,12065,12065,12065,2
2020-07-06,15:01:15,12065,12065,12065,2
2020-07-06,15:01:15,12065,12065,12065,2
2020-07-06,15:01:15,12065,12065,12065,2
2020-07-06,15:01:15,12065,12065,12065,20
2020-07-06,15:01:15,12065,12065,12065,2
2020-07-06,15:01:16,12066,12066,12066,2
2020-07-06,15:01:16,12065,12065,12065,2
2020-07-06,15:01:16,12066,12066,12066,2
2020-07-06,15:01:16,12066,12066,12066,4
2020-07-06,15:01:17,12067,12067,12067,2
2020-07-06,15:01:17,12067,12067,12067,2
2020-07-06,15:01:17,12066,12066,12066,2
2020-07-06,15:01:19,12065,12065,12065,2
2020-07-06,15:01:19,12065,12065,12065,4
2020-07-06,15:01:19,12065,12065,12065,8
2020-07-06,15:01:19,12066,12066,12066,2
2020-07-06,15:01:19,12064,12064,12064,2
2020-07-06,15:01:19,12064,12064,12064,2
2020-07-06,15:01:19,12063,12063,12063,2
2020-07-06,15:01:19,12065,12065,12065,2
2020-07-06,15:01:19,12064,12064,12064,2
2020-07-06,15:01:20,12065,12065,12065,2
2020-07-06,15:01:20,12064,12064,12064,6
2020-07-06,15:01:20,12066,12066,12066,2
2020-07-06,15:01:20,12064,12064,12064,2
2020-07-06,15:01:20,12064,12064,12064,2
2020-07-06,15:01:21,12066,12066,12066,2
2020-07-06,15:01:21,12066,12066,12066,2
2020-07-06,15:01:21,12065,12065,12065,2
2020-07-06,15:01:23,12063,12063,12063,2
2020-07-06,15:01:23,12063,12063,12063,2
2020-07-06,15:01:23,12063,12063,12063,2
2020-07-06,15:01:24,12063,12063,12063,2
2020-07-06,15:01:24,12063,12063,12063,2
2020-07-06,15:01:24,12063,12063,12063,2
2020-07-06,15:01:25,12063,12063,12063,2
2020-07-06,15:01:25,12062,12062,12062,2
2020-07-06,15:01:25,12063,12063,12063,2
2020-07-06,15:01:25,12063,12063,12063,20
2020-07-06,15:01:25,12063,12063,12063,2
2020-07-06,15:01:26,12064,12064,12064,2
2020-07-06,15:01:29,12064,12064,12064,2
2020-07-06,15:01:30,12064,12064,12064,2
2020-07-06,15:01:30,12064,12064,12064,2
2020-07-06,15:01:32,12065,12065,12065,4
2020-07-06,15:01:32,12065,12065,12065,2
2020-07-06,15:01:32,12065,12065,12065,2
2020-07-06,15:01:32,12065,12065,12065,6
2020-07-06,15:01:32,12064,12064,12064,2
2020-07-06,15:01:33,12064,12064,12064,2
2020-07-06,15:01:33,12065,12065,12065,2
2020-07-06,15:01:34,12066,12066,12066,2
2020-07-06,15:01:34,12066,12066,12066,4
2020-07-06,15:01:34,12066,12066,12066,4
2020-07-06,15:01:35,12065,12065,12065,2
2020-07-06,15:01:35,12065,12065,12065,2
2020-07-06,15:01:35,12065,12065,12065,6
2020-07-06,15:01:36,12066,12066,12066,2
2020-07-06,15:01:36,12067,12067,12067,4
2020-07-06,15:01:40,12067,12067,12067,2
2020-07-06,15:01:40,12067,12067,12067,8
2020-07-06,15:01:41,12067,12067,12067,2
2020-07-06,15:01:41,12067,12067,12067,2
2020-07-06,15:01:41,12067,12067,12067,2
2020-07-06,15:01:41,12067,12067,12067,2
2020-07-06,15:01:42,12067,12067,12067,2
2020-07-06,15:01:43,12067,12067,12067,2
2020-07-06,15:01:45,12068,12068,12068,2
2020-07-06,15:01:47,12067,12067,12067,6
2020-07-06,15:01:47,12067,12067,12067,2
2020-07-06,15:01:47,12066,12066,12066,2
2020-07-06,15:01:47,12066,12066,12066,2
2020-07-06,15:01:47,12066,12066,12066,2
2020-07-06,15:01:47,12066,12066,12066,2
2020-07-06,15:01:47,12067,12067,12067,2
2020-07-06,15:01:48,12067,12067,12067,2
2020-07-06,15:01:50,12067,12067,12067,8
2020-07-06,15:01:51,12067,12067,12067,2
2020-07-06,15:01:53,12067,12067,12067,2
2020-07-06,15:01:54,12066,12066,12066,2
2020-07-06,15:01:54,12065,12065,12065,2
2020-07-06,15:01:54,12065,12065,12065,2
2020-07-06,15:01:54,12065,12065,12065,2
2020-07-06,15:01:54,12065,12065,12065,2
2020-07-06,15:01:54,12065,12065,12065,8
2020-07-06,15:01:54,12065,12065,12065,2
2020-07-06,15:01:54,12065,12065,12065,2
2020-07-06,15:01:54,12065,12065,12065,2
2020-07-06,15:01:54,12065,12065,12065,2
2020-07-06,15:01:54,12065,12065,12065,4
2020-07-06,15:01:54,12065,12065,12065,2
2020-07-06,15:01:54,12065,12065,12065,2
2020-07-06,15:01:54,12065,12065,12065,8
2020-07-06,15:01:54,12066,12066,12066,16
2020-07-06,15:01:54,12066,12066,12066,2
2020-07-06,15:01:54,12067,12067,12067,2
2020-07-06,15:01:55,12065,12065,12065,2
2020-07-06,15:01:56,12067,12067,12067,4
2020-07-06,15:01:57,12066,12066,12066,2
2020-07-06,15:01:57,12066,12066,12066,2
2020-07-06,15:01:59,12066,12066,12066,2
2020-07-06,15:02:01,12066,12066,12066,4
2020-07-06,15:02:01,12067,12067,12067,32
2020-07-06,15:02:01,12067,12067,12067,4
2020-07-06,15:02:02,12067,12067,12067,2
2020-07-06,15:02:02,12067,12067,12067,2
2020-07-06,15:02:02,12067,12067,12067,2
2020-07-06,15:02:03,12067,12067,12067,2
2020-07-06,15:02:07,12068,12068,12068,8
2020-07-06,15:02:07,12067,12067,12067,10
2020-07-06,15:02:07,12067,12067,12067,6
2020-07-06,15:02:07,12067,12067,12067,2
2020-07-06,15:02:08,12066,12066,12066,2
2020-07-06,15:02:09,12068,12068,12068,2
2020-07-06,15:02:10,12067,12067,12067,4
2020-07-06,15:02:10,12068,12068,12068,6
2020-07-06,15:02:10,12068,12068,12068,2
2020-07-06,15:02:10,12068,12068,12068,2
2020-07-06,15:02:13,12068,12068,12068,2
2020-07-06,15:02:13,12069,12069,12069,2
2020-07-06,15:02:14,12068,12068,12068,2
2020-07-06,15:02:15,12068,12068,12068,2
2020-07-06,15:02:15,12068,12068,12068,8
2020-07-06,15:02:15,12069,12069,12069,2
2020-07-06,15:02:15,12069,12069,12069,2
2020-07-06,15:02:15,12069,12069,12069,6
2020-07-06,15:02:17,12068,12068,12068,2
2020-07-06,15:02:17,12068,12068,12068,8
2020-07-06,15:02:18,12068,12068,12068,2
2020-07-06,15:02:18,12068,12068,12068,2
2020-07-06,15:02:18,12068,12068,12068,2
2020-07-06,15:02:18,12068,12068,12068,8
2020-07-06,15:02:18,12068,12068,12068,2
2020-07-06,15:02:19,12068,12068,12068,2
2020-07-06,15:02:20,12068,12068,12068,2
2020-07-06,15:02:21,12069,12069,12069,2
2020-07-06,15:02:26,12069,12069,12069,2
2020-07-06,15:02:26,12068,12068,12068,2
2020-07-06,15:02:26,12068,12068,12068,2
2020-07-06,15:02:26,12068,12068,12068,2
2020-07-06,15:02:26,12068,12068,12068,4
2020-07-06,15:02:28,12069,12069,12069,2
2020-07-06,15:02:30,12068,12068,12068,2
2020-07-06,15:02:30,12067,12067,12067,8
2020-07-06,15:02:32,12069,12069,12069,2
2020-07-06,15:02:32,12069,12069,12069,20
2020-07-06,15:02:32,12069,12069,12069,2
2020-07-06,15:02:32,12069,12069,12069,12
2020-07-06,15:02:32,12069,12069,12069,6
2020-07-06,15:02:36,12068,12068,12068,2
2020-07-06,15:02:36,12068,12068,12068,2
2020-07-06,15:02:36,12068,12068,12068,8
2020-07-06,15:02:36,12068,12068,12068,2
2020-07-06,15:02:36,12068,12068,12068,2
2020-07-06,15:02:36,12068,12068,12068,2
2020-07-06,15:02:36,12068,12068,12068,2
2020-07-06,15:02:37,12068,12068,12068,2
2020-07-06,15:02:41,12068,12068,12068,4
2020-07-06,15:02:41,12068,12068,12068,4
2020-07-06,15:02:41,12068,12068,12068,2
2020-07-06,15:02:42,12068,12068,12068,2
2020-07-06,15:02:42,12068,12068,12068,2
2020-07-06,15:02:44,12068,12068,12068,2
2020-07-06,15:02:47,12069,12069,12069,18
2020-07-06,15:02:47,12069,12069,12069,2
2020-07-06,15:02:48,12070,12070,12070,2
2020-07-06,15:02:48,12070,12070,12070,2
2020-07-06,15:02:49,12070,12070,12070,2
2020-07-06,15:02:49,12069,12069,12069,4
2020-07-06,15:02:50,12069,12069,12069,4
2020-07-06,15:02:50,12069,12069,12069,2
2020-07-06,15:02:50,12069,12069,12069,2
2020-07-06,15:02:51,12070,12070,12070,2
2020-07-06,15:02:51,12070,12070,12070,8
2020-07-06,15:02:51,12070,12070,12070,4
2020-07-06,15:02:52,12070,12070,12070,2
2020-07-06,15:02:52,12070,12070,12070,2
2020-07-06,15:02:53,12070,12070,12070,2
2020-07-06,15:02:53,12070,12070,12070,8
2020-07-06,15:02:53,12070,12070,12070,2
2020-07-06,15:02:53,12070,12070,12070,2
2020-07-06,15:02:53,12069,12069,12069,6
2020-07-06,15:02:53,12069,12069,12069,2
2020-07-06,15:02:53,12069,12069,12069,4
2020-07-06,15:02:54,12070,12070,12070,2
2020-07-06,15:02:56,12069,12069,12069,2
2020-07-06,15:02:56,12069,12069,12069,2
2020-07-06,15:02:56,12069,12069,12069,2
2020-07-06,15:03:00,12070,12070,12070,4
2020-07-06,15:03:00,12069,12069,12069,2
2020-07-06,15:03:00,12069,12069,12069,2
2020-07-06,15:03:01,12070,12070,12070,2
2020-07-06,15:03:03,12070,12070,12070,4
2020-07-06,15:03:04,12069,12069,12069,2
2020-07-06,15:03:06,12070,12070,12070,2
2020-07-06,15:03:07,12069,12069,12069,2
2020-07-06,15:03:07,12069,12069,12069,2
2020-07-06,15:03:08,12070,12070,12070,2
2020-07-06,15:03:09,12069,12069,12069,2
2020-07-06,15:03:09,12069,12069,12069,2
2020-07-06,15:03:09,12069,12069,12069,2
2020-07-06,15:03:10,12069,12069,12069,2
2020-07-06,15:03:14,12069,12069,12069,2
2020-07-06,15:03:16,12069,12069,12069,2
2020-07-06,15:03:16,12069,12069,12069,4
2020-07-06,15:03:16,12069,12069,12069,2
2020-07-06,15:03:18,12069,12069,12069,2
2020-07-06,15:03:20,12069,12069,12069,2
2020-07-06,15:03:20,12069,12069,12069,2
2020-07-06,15:03:23,12068,12068,12068,2
2020-07-06,15:03:24,12068,12068,12068,2
2020-07-06,15:03:24,12068,12068,12068,2
2020-07-06,15:03:24,12068,12068,12068,2
2020-07-06,15:03:24,12068,12068,12068,6
2020-07-06,15:03:24,12068,12068,12068,2
2020-07-06,15:03:24,12068,12068,12068,2
2020-07-06,15:03:24,12068,12068,12068,2
2020-07-06,15:03:25,12068,12068,12068,2
2020-07-06,15:03:28,12068,12068,12068,8
2020-07-06,15:03:28,12068,12068,12068,8
2020-07-06,15:03:31,12068,12068,12068,2
2020-07-06,15:03:41,12067,12067,12067,2
2020-07-06,15:03:44,12067,12067,12067,2
2020-07-06,15:03:44,12067,12067,12067,6
2020-07-06,15:03:44,12067,12067,12067,2
2020-07-06,15:03:44,12067,12067,12067,2
2020-07-06,15:03:44,12067,12067,12067,2
2020-07-06,15:03:44,12067,12067,12067,2
2020-07-06,15:03:44,12067,12067,12067,2
2020-07-06,15:03:44,12067,12067,12067,2
2020-07-06,15:03:44,12067,12067,12067,2
2020-07-06,15:03:44,12067,12067,12067,2
2020-07-06,15:03:44,12067,12067,12067,2
2020-07-06,15:03:44,12067,12067,12067,4
2020-07-06,15:03:44,12067,12067,12067,2
2020-07-06,15:03:44,12067,12067,12067,2
2020-07-06,15:03:44,12067,12067,12067,2
2020-07-06,15:03:44,12067,12067,12067,14
2020-07-06,15:03:49,12066,12066,12066,2
2020-07-06,15:03:49,12066,12066,12066,2
2020-07-06,15:03:49,12066,12066,12066,2
2020-07-06,15:03:49,12066,12066,12066,2
2020-07-06,15:03:49,12066,12066,12066,2
2020-07-06,15:03:49,12066,12066,12066,2
2020-07-06,15:03:49,12066,12066,12066,2
2020-07-06,15:03:49,12066,12066,12066,2
2020-07-06,15:03:49,12066,12066,12066,20
2020-07-06,15:03:51,12065,12065,12065,2
2020-07-06,15:03:53,12065,12065,12065,2
2020-07-06,15:03:53,12065,12065,12065,20
2020-07-06,15:03:53,12065,12065,12065,2
2020-07-06,15:03:53,12065,12065,12065,2
2020-07-06,15:03:53,12065,12065,12065,2
2020-07-06,15:03:53,12065,12065,12065,2
2020-07-06,15:03:53,12065,12065,12065,2
2020-07-06,15:03:53,12065,12065,12065,2
2020-07-06,15:03:53,12065,12065,12065,2
2020-07-06,15:03:53,12065,12065,12065,2
2020-07-06,15:03:58,12065,12065,12065,16
2020-07-06,15:03:58,12065,12065,12065,4
2020-07-06,15:03:59,12065,12065,12065,2
2020-07-06,15:03:59,12064,12064,12064,2
2020-07-06,15:04:00,12064,12064,12064,2
2020-07-06,15:04:00,12065,12065,12065,4
2020-07-06,15:04:00,12065,12065,12065,4
2020-07-06,15:04:01,12065,12065,12065,2
2020-07-06,15:04:02,12066,12066,12066,4
2020-07-06,15:04:02,12066,12066,12066,2
2020-07-06,15:04:04,12067,12067,12067,16
2020-07-06,15:04:06,12067,12067,12067,2
2020-07-06,15:04:10,12067,12067,12067,4
2020-07-06,15:04:10,12067,12067,12067,2
2020-07-06,15:04:10,12067,12067,12067,2
2020-07-06,15:04:10,12067,12067,12067,2
2020-07-06,15:04:12,12066,12066,12066,2
2020-07-06,15:04:12,12066,12066,12066,2
2020-07-06,15:04:12,12066,12066,12066,2
2020-07-06,15:04:12,12066,12066,12066,2
2020-07-06,15:04:12,12066,12066,12066,2
2020-07-06,15:04:12,12066,12066,12066,2
2020-07-06,15:04:13,12065,12065,12065,2
2020-07-06,15:04:15,12065,12065,12065,6
2020-07-06,15:04:16,12065,12065,12065,2
2020-07-06,15:04:17,12066,12066,12066,2
2020-07-06,15:04:21,12066,12066,12066,2
2020-07-06,15:04:22,12066,12066,12066,2
2020-07-06,15:04:23,12065,12065,12065,2
2020-07-06,15:04:23,12066,12066,12066,2
2020-07-06,15:04:26,12066,12066,12066,2
2020-07-06,15:04:29,12067,12067,12067,6
2020-07-06,15:04:35,12066,12066,12066,2
2020-07-06,15:04:35,12066,12066,12066,2
2020-07-06,15:04:38,12066,12066,12066,2
2020-07-06,15:04:38,12066,12066,12066,4
2020-07-06,15:04:38,12066,12066,12066,2
2020-07-06,15:04:49,12066,12066,12066,2
2020-07-06,15:04:49,12066,12066,12066,2
2020-07-06,15:04:49,12066,12066,12066,2
2020-07-06,15:04:49,12066,12066,12066,2
2020-07-06,15:04:49,12066,12066,12066,8
2020-07-06,15:04:49,12066,12066,12066,8
2020-07-06,15:04:49,12066,12066,12066,2
2020-07-06,15:04:50,12066,12066,12066,14
2020-07-06,15:04:50,12066,12066,12066,4
2020-07-06,15:04:51,12065,12065,12065,2
2020-07-06,15:04:52,12065,12065,12065,2
2020-07-06,15:04:54,12065,12065,12065,2
2020-07-06,15:05:00,12065,12065,12065,2
2020-07-06,15:05:00,12065,12065,12065,2
2020-07-06,15:05:00,12065,12065,12065,6
2020-07-06,15:05:00,12065,12065,12065,2
2020-07-06,15:05:00,12065,12065,12065,2
2020-07-06,15:05:00,12065,12065,12065,20
2020-07-06,15:05:00,12065,12065,12065,2
2020-07-06,15:05:00,12065,12065,12065,2
2020-07-06,15:05:00,12065,12065,12065,2
2020-07-06,15:05:01,12064,12064,12064,2
2020-07-06,15:05:01,12064,12064,12064,2
2020-07-06,15:05:01,12064,12064,12064,2
2020-07-06,15:05:01,12064,12064,12064,2
2020-07-06,15:05:01,12064,12064,12064,2
2020-07-06,15:05:01,12064,12064,12064,2
2020-07-06,15:05:01,12064,12064,12064,2
2020-07-06,15:05:01,12064,12064,12064,2
2020-07-06,15:05:01,12064,12064,12064,2
2020-07-06,15:05:01,12064,12064,12064,4
2020-07-06,15:05:01,12064,12064,12064,2
2020-07-06,15:05:01,12064,12064,12064,2
2020-07-06,15:05:01,12063,12063,12063,2
2020-07-06,15:05:01,12065,12065,12065,20
2020-07-06,15:05:02,12065,12065,12065,2
2020-07-06,15:05:02,12065,12065,12065,4
2020-07-06,15:05:02,12065,12065,12065,6
2020-07-06,15:05:03,12064,12064,12064,2
2020-07-06,15:05:03,12064,12064,12064,2
2020-07-06,15:05:03,12065,12065,12065,2
2020-07-06,15:05:03,12065,12065,12065,2
2020-07-06,15:05:03,12065,12065,12065,8
2020-07-06,15:05:03,12064,12064,12064,2
2020-07-06,15:05:03,12064,12064,12064,2
2020-07-06,15:05:04,12064,12064,12064,2
2020-07-06,15:05:04,12064,12064,12064,2
2020-07-06,15:05:04,12065,12065,12065,2
2020-07-06,15:05:04,12065,12065,12065,2
2020-07-06,15:05:06,12066,12066,12066,2
2020-07-06,15:05:07,12066,12066,12066,2
2020-07-06,15:05:07,12066,12066,12066,4
2020-07-06,15:05:07,12066,12066,12066,6
2020-07-06,15:05:07,12067,12067,12067,2
2020-07-06,15:05:07,12067,12067,12067,8
2020-07-06,15:05:07,12067,12067,12067,28
2020-07-06,15:05:07,12067,12067,12067,2
2020-07-06,15:05:09,12067,12067,12067,2
2020-07-06,15:05:09,12067,12067,12067,2
2020-07-06,15:05:11,12068,12068,12068,28
2020-07-06,15:05:11,12069,12069,12069,2
2020-07-06,15:05:12,12069,12069,12069,2
2020-07-06,15:05:14,12068,12068,12068,2
2020-07-06,15:05:14,12067,12067,12067,8
2020-07-06,15:05:14,12068,12068,12068,2
2020-07-06,15:05:17,12067,12067,12067,4
2020-07-06,15:05:17,12067,12067,12067,6
2020-07-06,15:05:17,12067,12067,12067,2
2020-07-06,15:05:17,12067,12067,12067,6
2020-07-06,15:05:17,12067,12067,12067,8
2020-07-06,15:05:17,12067,12067,12067,2
2020-07-06,15:05:17,12067,12067,12067,2
2020-07-06,15:05:18,12067,12067,12067,2
2020-07-06,15:05:19,12067,12067,12067,18
2020-07-06,15:05:19,12066,12066,12066,2
2020-07-06,15:05:19,12066,12066,12066,2
2020-07-06,15:05:19,12066,12066,12066,2
2020-07-06,15:05:20,12068,12068,12068,2
2020-07-06,15:05:22,12068,12068,12068,2
2020-07-06,15:05:22,12068,12068,12068,16
2020-07-06,15:05:22,12068,12068,12068,16
2020-07-06,15:05:22,12069,12069,12069,18
2020-07-06,15:05:22,12068,12068,12068,2
2020-07-06,15:05:22,12068,12068,12068,4
2020-07-06,15:05:26,12068,12068,12068,2
2020-07-06,15:05:26,12068,12068,12068,2
2020-07-06,15:05:26,12068,12068,12068,2
2020-07-06,15:05:26,12067,12067,12067,4
2020-07-06,15:05:27,12067,12067,12067,2
2020-07-06,15:05:27,12067,12067,12067,2
2020-07-06,15:05:35,12067,12067,12067,2
2020-07-06,15:05:37,12067,12067,12067,2
2020-07-06,15:05:37,12067,12067,12067,2
2020-07-06,15:05:37,12067,12067,12067,2
2020-07-06,15:05:38,12066,12066,12066,2
2020-07-06,15:05:38,12066,12066,12066,2
2020-07-06,15:05:38,12066,12066,12066,2
2020-07-06,15:05:39,12067,12067,12067,2
2020-07-06,15:05:42,12067,12067,12067,2
2020-07-06,15:05:51,12067,12067,12067,2
2020-07-06,15:05:53,12067,12067,12067,2
2020-07-06,15:05:54,12067,12067,12067,2
2020-07-06,15:05:55,12067,12067,12067,2
2020-07-06,15:05:55,12067,12067,12067,2
2020-07-06,15:06:00,12066,12066,12066,2
2020-07-06,15:06:00,12066,12066,12066,2
2020-07-06,15:06:00,12066,12066,12066,2
2020-07-06,15:06:00,12066,12066,12066,2
2020-07-06,15:06:00,12066,12066,12066,2
2020-07-06,15:06:02,12067,12067,12067,2
2020-07-06,15:06:05,12066,12066,12066,2
2020-07-06,15:06:08,12066,12066,12066,2
2020-07-06,15:06:13,12067,12067,12067,32
2020-07-06,15:06:13,12067,12067,12067,4
2020-07-06,15:06:13,12067,12067,12067,10
2020-07-06,15:06:13,12067,12067,12067,30
2020-07-06,15:06:13,12067,12067,12067,24
2020-07-06,15:06:15,12066,12066,12066,2
2020-07-06,15:06:15,12066,12066,12066,2
2020-07-06,15:06:15,12066,12066,12066,2
2020-07-06,15:06:17,12065,12065,12065,2
2020-07-06,15:06:17,12065,12065,12065,2
2020-07-06,15:06:17,12065,12065,12065,2
2020-07-06,15:06:17,12065,12065,12065,4
2020-07-06,15:06:18,12064,12064,12064,2
2020-07-06,15:06:18,12064,12064,12064,2
2020-07-06,15:06:18,12064,12064,12064,2
2020-07-06,15:06:18,12063,12063,12063,2
2020-07-06,15:06:21,12064,12064,12064,2
2020-07-06,15:06:21,12063,12063,12063,2
2020-07-06,15:06:21,12063,12063,12063,2
2020-07-06,15:06:22,12063,12063,12063,2
2020-07-06,15:06:22,12063,12063,12063,2
2020-07-06,15:06:22,12063,12063,12063,2
2020-07-06,15:06:22,12063,12063,12063,2
2020-07-06,15:06:22,12063,12063,12063,2
2020-07-06,15:06:22,12063,12063,12063,2
2020-07-06,15:06:22,12063,12063,12063,2
2020-07-06,15:06:22,12063,12063,12063,2
2020-07-06,15:06:22,12062,12062,12062,2
2020-07-06,15:06:22,12062,12062,12062,4
2020-07-06,15:06:22,12062,12062,12062,2
2020-07-06,15:06:23,12062,12062,12062,4
2020-07-06,15:06:23,12062,12062,12062,4
2020-07-06,15:06:23,12062,12062,12062,12
2020-07-06,15:06:23,12062,12062,12062,8
2020-07-06,15:06:24,12062,12062,12062,2
2020-07-06,15:06:25,12061,12061,12061,2
2020-07-06,15:06:25,12061,12061,12061,2
2020-07-06,15:06:25,12061,12061,12061,2
2020-07-06,15:06:25,12061,12061,12061,2
2020-07-06,15:06:26,12061,12061,12061,2
2020-07-06,15:06:26,12061,12061,12061,2
2020-07-06,15:06:26,12061,12061,12061,2
2020-07-06,15:06:26,12061,12061,12061,2
2020-07-06,15:06:26,12062,12062,12062,2
2020-07-06,15:06:26,12061,12061,12061,2
2020-07-06,15:06:27,12061,12061,12061,2
2020-07-06,15:06:27,12061,12061,12061,2
2020-07-06,15:06:27,12061,12061,12061,2
2020-07-06,15:06:27,12061,12061,12061,2
2020-07-06,15:06:27,12061,12061,12061,2
2020-07-06,15:06:27,12061,12061,12061,4
2020-07-06,15:06:27,12061,12061,12061,4
2020-07-06,15:06:27,12061,12061,12061,2
2020-07-06,15:06:27,12061,12061,12061,2
2020-07-06,15:06:27,12061,12061,12061,2
2020-07-06,15:06:27,12061,12061,12061,2
2020-07-06,15:06:27,12061,12061,12061,2
2020-07-06,15:06:27,12060,12060,12060,4
2020-07-06,15:06:27,12060,12060,12060,2
2020-07-06,15:06:27,12060,12060,12060,2
2020-07-06,15:06:27,12060,12060,12060,2
2020-07-06,15:06:27,12060,12060,12060,2
2020-07-06,15:06:27,12060,12060,12060,2
2020-07-06,15:06:27,12060,12060,12060,2
2020-07-06,15:06:27,12060,12060,12060,2
2020-07-06,15:06:27,12060,12060,12060,2
2020-07-06,15:06:27,12060,12060,12060,2
2020-07-06,15:06:27,12060,12060,12060,20
2020-07-06,15:06:27,12059,12059,12059,2
2020-07-06,15:06:27,12059,12059,12059,2
2020-07-06,15:06:27,12059,12059,12059,2
2020-07-06,15:06:27,12059,12059,12059,2
2020-07-06,15:06:27,12059,12059,12059,2
2020-07-06,15:06:27,12058,12058,12058,2
2020-07-06,15:06:27,12059,12059,12059,8
2020-07-06,15:06:27,12059,12059,12059,4
2020-07-06,15:06:28,12059,12059,12059,2
2020-07-06,15:06:28,12059,12059,12059,6
2020-07-06,15:06:28,12058,12058,12058,2
2020-07-06,15:06:28,12058,12058,12058,4
2020-07-06,15:06:28,12058,12058,12058,2
2020-07-06,15:06:28,12058,12058,12058,2
2020-07-06,15:06:28,12058,12058,12058,2
2020-07-06,15:06:28,12058,12058,12058,2
2020-07-06,15:06:28,12058,12058,12058,12
2020-07-06,15:06:28,12058,12058,12058,2
2020-07-06,15:06:28,12058,12058,12058,2
2020-07-06,15:06:28,12058,12058,12058,2
2020-07-06,15:06:28,12058,12058,12058,2
2020-07-06,15:06:28,12058,12058,12058,2
2020-07-06,15:06:28,12058,12058,12058,4
2020-07-06,15:06:28,12058,12058,12058,2
2020-07-06,15:06:28,12058,12058,12058,2
2020-07-06,15:06:28,12057,12057,12057,2
2020-07-06,15:06:28,12057,12057,12057,8
2020-07-06,15:06:28,12058,12058,12058,2
2020-07-06,15:06:28,12058,12058,12058,2
2020-07-06,15:06:29,12059,12059,12059,2
2020-07-06,15:06:29,12059,12059,12059,2
2020-07-06,15:06:29,12060,12060,12060,8
2020-07-06,15:06:30,12059,12059,12059,2
2020-07-06,15:06:30,12059,12059,12059,2
2020-07-06,15:06:30,12060,12060,12060,18
2020-07-06,15:06:30,12060,12060,12060,2
2020-07-06,15:06:31,12059,12059,12059,2
2020-07-06,15:06:31,12060,12060,12060,2
2020-07-06,15:06:31,12059,12059,12059,2
2020-07-06,15:06:31,12059,12059,12059,2
2020-07-06,15:06:32,12061,12061,12061,2
2020-07-06,15:06:32,12060,12060,12060,2
2020-07-06,15:06:33,12060,12060,12060,6
2020-07-06,15:06:36,12062,12062,12062,10
2020-07-06,15:06:37,12062,12062,12062,2
2020-07-06,15:06:37,12061,12061,12061,2
2020-07-06,15:06:37,12061,12061,12061,2
2020-07-06,15:06:39,12061,12061,12061,2
2020-07-06,15:06:39,12061,12061,12061,2
2020-07-06,15:06:39,12061,12061,12061,2
2020-07-06,15:06:39,12061,12061,12061,2
2020-07-06,15:06:41,12061,12061,12061,2
2020-07-06,15:06:41,12061,12061,12061,2
2020-07-06,15:06:41,12061,12061,12061,2
2020-07-06,15:06:41,12061,12061,12061,2
2020-07-06,15:06:41,12061,12061,12061,2
2020-07-06,15:06:41,12061,12061,12061,2
2020-07-06,15:06:42,12060,12060,12060,2
2020-07-06,15:06:43,12062,12062,12062,2
2020-07-06,15:06:43,12061,12061,12061,2
2020-07-06,15:06:45,12060,12060,12060,2
2020-07-06,15:06:46,12060,12060,12060,2
2020-07-06,15:06:48,12061,12061,12061,2
2020-07-06,15:06:49,12061,12061,12061,2
2020-07-06,15:06:49,12060,12060,12060,2
2020-07-06,15:06:51,12061,12061,12061,2
2020-07-06,15:06:52,12061,12061,12061,4
2020-07-06,15:06:55,12061,12061,12061,2
2020-07-06,15:06:55,12061,12061,12061,2
2020-07-06,15:06:55,12062,12062,12062,4
2020-07-06,15:06:56,12062,12062,12062,2
2020-07-06,15:06:57,12063,12063,12063,2
2020-07-06,15:06:58,12063,12063,12063,2
2020-07-06,15:06:58,12063,12063,12063,2
2020-07-06,15:06:58,12062,12062,12062,2
2020-07-06,15:07:00,12063,12063,12063,2
2020-07-06,15:07:01,12063,12063,12063,2
2020-07-06,15:07:04,12062,12062,12062,4
2020-07-06,15:07:05,12062,12062,12062,2
2020-07-06,15:07:05,12062,12062,12062,2
2020-07-06,15:07:07,12061,12061,12061,2
2020-07-06,15:07:08,12062,12062,12062,2
2020-07-06,15:07:08,12062,12062,12062,2
2020-07-06,15:07:08,12062,12062,12062,2
2020-07-06,15:07:08,12062,12062,12062,4
2020-07-06,15:07:08,12062,12062,12062,2
2020-07-06,15:07:09,12063,12063,12063,2
2020-07-06,15:07:17,12063,12063,12063,2
2020-07-06,15:07:21,12064,12064,12064,18
2020-07-06,15:07:22,12065,12065,12065,22
2020-07-06,15:07:22,12065,12065,12065,2
2020-07-06,15:07:22,12065,12065,12065,2
2020-07-06,15:07:22,12065,12065,12065,4
2020-07-06,15:07:22,12064,12064,12064,2
2020-07-06,15:07:23,12065,12065,12065,2
2020-07-06,15:07:23,12065,12065,12065,2
2020-07-06,15:07:26,12065,12065,12065,2
2020-07-06,15:07:26,12065,12065,12065,2
2020-07-06,15:07:26,12064,12064,12064,2
2020-07-06,15:07:39,12065,12065,12065,2
2020-07-06,15:07:41,12066,12066,12066,12
2020-07-06,15:07:47,12065,12065,12065,4
2020-07-06,15:07:47,12066,12066,12066,2
2020-07-06,15:07:49,12065,12065,12065,2
2020-07-06,15:07:49,12065,12065,12065,2
2020-07-06,15:07:50,12064,12064,12064,2
2020-07-06,15:08:02,12065,12065,12065,2
2020-07-06,15:08:06,12065,12065,12065,2
2020-07-06,15:08:06,12065,12065,12065,2
2020-07-06,15:08:09,12066,12066,12066,2
2020-07-06,15:08:10,12067,12067,12067,2
2020-07-06,15:08:10,12066,12066,12066,2
2020-07-06,15:08:13,12067,12067,12067,2
2020-07-06,15:08:15,12067,12067,12067,2
2020-07-06,15:08:16,12067,12067,12067,4
2020-07-06,15:08:16,12067,12067,12067,6
2020-07-06,15:08:16,12067,12067,12067,4
2020-07-06,15:08:24,12067,12067,12067,2
2020-07-06,15:08:27,12067,12067,12067,2
2020-07-06,15:08:30,12067,12067,12067,2
2020-07-06,15:08:34,12067,12067,12067,10
2020-07-06,15:08:34,12067,12067,12067,6
2020-07-06,15:08:44,12067,12067,12067,2
2020-07-06,15:09:01,12067,12067,12067,2
2020-07-06,15:09:01,12067,12067,12067,26
2020-07-06,15:09:03,12068,12068,12068,2
2020-07-06,15:09:05,12068,12068,12068,40
2020-07-06,15:09:05,12068,12068,12068,10
2020-07-06,15:09:06,12069,12069,12069,16
2020-07-06,15:09:06,12069,12069,12069,4
2020-07-06,15:09:06,12069,12069,12069,4
2020-07-06,15:09:07,12069,12069,12069,2
2020-07-06,15:09:10,12068,12068,12068,2
2020-07-06,15:09:10,12068,12068,12068,2
2020-07-06,15:09:10,12070,12070,12070,2
2020-07-06,15:09:13,12069,12069,12069,2
2020-07-06,15:09:15,12069,12069,12069,8
2020-07-06,15:09:15,12069,12069,12069,2
2020-07-06,15:09:19,12069,12069,12069,2
2020-07-06,15:09:20,12069,12069,12069,2
2020-07-06,15:09:20,12069,12069,12069,2
2020-07-06,15:09:21,12069,12069,12069,4
2020-07-06,15:09:21,12069,12069,12069,4
2020-07-06,15:09:21,12069,12069,12069,4
2020-07-06,15:09:21,12069,12069,12069,8
2020-07-06,15:09:23,12069,12069,12069,8
2020-07-06,15:09:24,12069,12069,12069,2
2020-07-06,15:09:25,12069,12069,12069,2
2020-07-06,15:09:26,12068,12068,12068,2
2020-07-06,15:09:27,12068,12068,12068,2
2020-07-06,15:09:35,12068,12068,12068,2
2020-07-06,15:09:39,12069,12069,12069,2
2020-07-06,15:09:47,12068,12068,12068,2
2020-07-06,15:09:48,12069,12069,12069,4
2020-07-06,15:09:48,12069,12069,12069,4
2020-07-06,15:09:48,12069,12069,12069,6
2020-07-06,15:09:52,12070,12070,12070,2
2020-07-06,15:10:00,12069,12069,12069,10
2020-07-06,15:10:00,12069,12069,12069,14
2020-07-06,15:10:00,12070,12070,12070,4
2020-07-06,15:10:01,12069,12069,12069,4
2020-07-06,15:10:01,12070,12070,12070,4
2020-07-06,15:10:01,12070,12070,12070,4
2020-07-06,15:10:02,12070,12070,12070,10
2020-07-06,15:10:02,12070,12070,12070,8
2020-07-06,15:10:02,12070,12070,12070,38
2020-07-06,15:10:02,12070,12070,12070,2
2020-07-06,15:10:03,12071,12071,12071,2
2020-07-06,15:10:03,12071,12071,12071,2
2020-07-06,15:10:03,12071,12071,12071,6
2020-07-06,15:10:03,12072,12072,12072,2
2020-07-06,15:10:03,12072,12072,12072,2
2020-07-06,15:10:04,12072,12072,12072,2
2020-07-06,15:10:06,12071,12071,12071,2
2020-07-06,15:10:06,12072,12072,12072,22
2020-07-06,15:10:07,12073,12073,12073,10
2020-07-06,15:10:08,12073,12073,12073,2
2020-07-06,15:10:08,12074,12074,12074,2
2020-07-06,15:10:09,12073,12073,12073,2
2020-07-06,15:10:09,12073,12073,12073,2
2020-07-06,15:10:09,12073,12073,12073,2
2020-07-06,15:10:09,12073,12073,12073,2
2020-07-06,15:10:10,12074,12074,12074,2
2020-07-06,15:10:10,12073,12073,12073,2
2020-07-06,15:10:11,12073,12073,12073,2
2020-07-06,15:10:11,12073,12073,12073,2
2020-07-06,15:10:12,12074,12074,12074,2
2020-07-06,15:10:12,12074,12074,12074,10
2020-07-06,15:10:12,12074,12074,12074,2
2020-07-06,15:10:12,12074,12074,12074,2
2020-07-06,15:10:13,12074,12074,12074,2
2020-07-06,15:10:14,12075,12075,12075,2
2020-07-06,15:10:14,12075,12075,12075,2
2020-07-06,15:10:14,12075,12075,12075,6
2020-07-06,15:10:14,12075,12075,12075,2
2020-07-06,15:10:14,12075,12075,12075,4
2020-07-06,15:10:14,12076,12076,12076,2
2020-07-06,15:10:15,12076,12076,12076,4
2020-07-06,15:10:15,12075,12075,12075,2
2020-07-06,15:10:15,12076,12076,12076,2
2020-07-06,15:10:15,12076,12076,12076,4
2020-07-06,15:10:15,12077,12077,12077,6
2020-07-06,15:10:15,12077,12077,12077,28
2020-07-06,15:10:15,12077,12077,12077,2
2020-07-06,15:10:15,12077,12077,12077,4
2020-07-06,15:10:15,12076,12076,12076,2
2020-07-06,15:10:16,12078,12078,12078,2
2020-07-06,15:10:16,12078,12078,12078,2
2020-07-06,15:10:16,12078,12078,12078,2
2020-07-06,15:10:16,12077,12077,12077,2
2020-07-06,15:10:16,12077,12077,12077,2
2020-07-06,15:10:16,12078,12078,12078,4
2020-07-06,15:10:16,12077,12077,12077,2
2020-07-06,15:10:16,12077,12077,12077,2
2020-07-06,15:10:16,12077,12077,12077,4
2020-07-06,15:10:17,12077,12077,12077,2
2020-07-06,15:10:17,12077,12077,12077,4
2020-07-06,15:10:17,12077,12077,12077,2
2020-07-06,15:10:17,12078,12078,12078,2
2020-07-06,15:10:19,12078,12078,12078,20
2020-07-06,15:10:19,12078,12078,12078,2
2020-07-06,15:10:19,12078,12078,12078,2
2020-07-06,15:10:19,12078,12078,12078,4
2020-07-06,15:10:20,12077,12077,12077,2
2020-07-06,15:10:20,12077,12077,12077,2
2020-07-06,15:10:20,12078,12078,12078,6
2020-07-06,15:10:21,12078,12078,12078,2
2020-07-06,15:10:22,12076,12076,12076,2
2020-07-06,15:10:22,12077,12077,12077,6
2020-07-06,15:10:24,12077,12077,12077,2
2020-07-06,15:10:27,12077,12077,12077,4
2020-07-06,15:10:27,12077,12077,12077,4
2020-07-06,15:10:27,12077,12077,12077,2
2020-07-06,15:10:28,12077,12077,12077,2
2020-07-06,15:10:29,12077,12077,12077,6
2020-07-06,15:10:29,12076,12076,12076,4
2020-07-06,15:10:29,12076,12076,12076,6
2020-07-06,15:10:29,12076,12076,12076,2
2020-07-06,15:10:31,12075,12075,12075,2
2020-07-06,15:10:33,12076,12076,12076,2
2020-07-06,15:10:34,12075,12075,12075,2
2020-07-06,15:10:34,12075,12075,12075,4
2020-07-06,15:10:34,12075,12075,12075,2
2020-07-06,15:10:34,12075,12075,12075,2
2020-07-06,15:10:34,12076,12076,12076,2
2020-07-06,15:10:34,12076,12076,12076,4
2020-07-06,15:10:34,12076,12076,12076,2
2020-07-06,15:10:35,12074,12074,12074,2
2020-07-06,15:10:36,12075,12075,12075,2
2020-07-06,15:10:38,12075,12075,12075,2
2020-07-06,15:10:39,12075,12075,12075,4
2020-07-06,15:10:40,12075,12075,12075,2
2020-07-06,15:10:40,12076,12076,12076,4
2020-07-06,15:10:40,12076,12076,12076,4
2020-07-06,15:10:41,12077,12077,12077,2
2020-07-06,15:10:43,12076,12076,12076,2
2020-07-06,15:10:43,12076,12076,12076,2
2020-07-06,15:10:45,12076,12076,12076,4
2020-07-06,15:10:45,12076,12076,12076,6
2020-07-06,15:10:46,12075,12075,12075,2
2020-07-06,15:10:48,12075,12075,12075,2
2020-07-06,15:10:48,12075,12075,12075,14
2020-07-06,15:10:49,12075,12075,12075,2
2020-07-06,15:10:49,12076,12076,12076,2
2020-07-06,15:10:51,12075,12075,12075,2
2020-07-06,15:10:52,12075,12075,12075,2
2020-07-06,15:10:54,12076,12076,12076,4
2020-07-06,15:10:55,12076,12076,12076,2
2020-07-06,15:10:56,12075,12075,12075,2
2020-07-06,15:10:57,12076,12076,12076,2
2020-07-06,15:10:59,12075,12075,12075,2
2020-07-06,15:11:00,12075,12075,12075,2
2020-07-06,15:11:00,12076,12076,12076,2
2020-07-06,15:11:00,12075,12075,12075,2
2020-07-06,15:11:01,12075,12075,12075,2
2020-07-06,15:11:02,12076,12076,12076,2
2020-07-06,15:11:05,12076,12076,12076,6
2020-07-06,15:11:06,12076,12076,12076,4
2020-07-06,15:11:06,12076,12076,12076,42
2020-07-06,15:11:09,12075,12075,12075,2
2020-07-06,15:11:09,12075,12075,12075,2
2020-07-06,15:11:10,12075,12075,12075,6
2020-07-06,15:11:10,12076,12076,12076,2
2020-07-06,15:11:12,12076,12076,12076,2
2020-07-06,15:11:17,12076,12076,12076,4
2020-07-06,15:11:20,12075,12075,12075,2
2020-07-06,15:11:20,12075,12075,12075,2
2020-07-06,15:11:20,12075,12075,12075,6
2020-07-06,15:11:20,12075,12075,12075,2
2020-07-06,15:11:21,12075,12075,12075,2
2020-07-06,15:11:21,12075,12075,12075,2
2020-07-06,15:11:23,12075,12075,12075,2
2020-07-06,15:11:26,12074,12074,12074,2
2020-07-06,15:11:26,12074,12074,12074,2
2020-07-06,15:11:26,12074,12074,12074,2
2020-07-06,15:11:26,12074,12074,12074,2
2020-07-06,15:11:31,12074,12074,12074,4
2020-07-06,15:11:37,12073,12073,12073,2
2020-07-06,15:11:37,12073,12073,12073,2
2020-07-06,15:11:37,12073,12073,12073,4
2020-07-06,15:11:37,12073,12073,12073,2
2020-07-06,15:11:37,12073,12073,12073,2
2020-07-06,15:11:37,12073,12073,12073,2
2020-07-06,15:11:37,12073,12073,12073,2
2020-07-06,15:11:37,12072,12072,12072,2
2020-07-06,15:11:37,12072,12072,12072,2
2020-07-06,15:11:37,12071,12071,12071,2
2020-07-06,15:11:38,12071,12071,12071,2
2020-07-06,15:11:38,12071,12071,12071,6
2020-07-06,15:11:38,12072,12072,12072,20
2020-07-06,15:11:38,12072,12072,12072,2
2020-07-06,15:11:44,12071,12071,12071,2
2020-07-06,15:11:44,12071,12071,12071,2
2020-07-06,15:11:44,12071,12071,12071,2
2020-07-06,15:11:49,12072,12072,12072,8
2020-07-06,15:11:49,12072,12072,12072,2
2020-07-06,15:11:49,12072,12072,12072,2
2020-07-06,15:11:49,12072,12072,12072,8
2020-07-06,15:12:01,12072,12072,12072,2
2020-07-06,15:12:01,12072,12072,12072,2
2020-07-06,15:12:01,12072,12072,12072,8
2020-07-06,15:12:01,12073,12073,12073,2
2020-07-06,15:12:01,12073,12073,12073,2
2020-07-06,15:12:01,12073,12073,12073,4
2020-07-06,15:12:02,12072,12072,12072,4
2020-07-06,15:12:03,12073,12073,12073,2
2020-07-06,15:12:07,12073,12073,12073,2
2020-07-06,15:12:07,12074,12074,12074,4
2020-07-06,15:12:11,12073,12073,12073,2
2020-07-06,15:12:14,12074,12074,12074,2
2020-07-06,15:12:19,12074,12074,12074,4
2020-07-06,15:12:19,12074,12074,12074,4
2020-07-06,15:12:20,12074,12074,12074,2
2020-07-06,15:12:21,12073,12073,12073,2
2020-07-06,15:12:21,12073,12073,12073,2
2020-07-06,15:12:21,12073,12073,12073,2
2020-07-06,15:12:21,12073,12073,12073,2
2020-07-06,15:12:22,12072,12072,12072,2
2020-07-06,15:12:26,12072,12072,12072,2
2020-07-06,15:12:32,12073,12073,12073,2
2020-07-06,15:12:33,12073,12073,12073,10
2020-07-06,15:12:37,12073,12073,12073,4
2020-07-06,15:12:40,12073,12073,12073,2
2020-07-06,15:12:44,12073,12073,12073,2
2020-07-06,15:12:50,12072,12072,12072,4
2020-07-06,15:12:50,12072,12072,12072,16
2020-07-06,15:12:50,12072,12072,12072,2
2020-07-06,15:12:50,12072,12072,12072,18
2020-07-06,15:12:50,12072,12072,12072,2
2020-07-06,15:12:50,12072,12072,12072,4
2020-07-06,15:12:50,12072,12072,12072,2
2020-07-06,15:12:50,12072,12072,12072,2
2020-07-06,15:12:50,12072,12072,12072,2
2020-07-06,15:12:50,12072,12072,12072,2
2020-07-06,15:12:50,12072,12072,12072,2
2020-07-06,15:12:50,12072,12072,12072,2
2020-07-06,15:12:52,12072,12072,12072,2
2020-07-06,15:12:56,12072,12072,12072,4
2020-07-06,15:12:59,12073,12073,12073,2
2020-07-06,15:13:02,12074,12074,12074,2
2020-07-06,15:13:02,12075,12075,12075,2
2020-07-06,15:13:08,12074,12074,12074,4
2020-07-06,15:13:08,12074,12074,12074,4
2020-07-06,15:13:09,12074,12074,12074,2
2020-07-06,15:13:09,12075,12075,12075,8
2020-07-06,15:13:14,12074,12074,12074,2
2020-07-06,15:13:14,12074,12074,12074,2
2020-07-06,15:13:14,12074,12074,12074,2
2020-07-06,15:13:14,12074,12074,12074,2
2020-07-06,15:13:14,12074,12074,12074,8
2020-07-06,15:13:14,12074,12074,12074,2
2020-07-06,15:13:14,12074,12074,12074,2
2020-07-06,15:13:14,12074,12074,12074,2
2020-07-06,15:13:14,12074,12074,12074,2
2020-07-06,15:13:14,12074,12074,12074,2
2020-07-06,15:13:15,12073,12073,12073,2
2020-07-06,15:13:15,12073,12073,12073,2
2020-07-06,15:13:22,12073,12073,12073,2
2020-07-06,15:13:22,12074,12074,12074,24
2020-07-06,15:13:22,12074,12074,12074,6
2020-07-06,15:13:22,12075,12075,12075,6
2020-07-06,15:13:27,12075,12075,12075,8
2020-07-06,15:13:33,12075,12075,12075,4
2020-07-06,15:13:34,12076,12076,12076,2
2020-07-06,15:13:34,12076,12076,12076,2
2020-07-06,15:13:34,12075,12075,12075,2
2020-07-06,15:13:35,12076,12076,12076,6
2020-07-06,15:13:35,12076,12076,12076,32
2020-07-06,15:13:35,12076,12076,12076,18
2020-07-06,15:13:35,12077,12077,12077,6
2020-07-06,15:13:35,12076,12076,12076,2
2020-07-06,15:13:36,12075,12075,12075,2
2020-07-06,15:13:37,12077,12077,12077,2
2020-07-06,15:13:37,12077,12077,12077,32
2020-07-06,15:13:37,12078,12078,12078,38
2020-07-06,15:13:38,12078,12078,12078,10
2020-07-06,15:13:38,12079,12079,12079,2
2020-07-06,15:13:38,12079,12079,12079,4
2020-07-06,15:13:38,12079,12079,12079,2
2020-07-06,15:13:38,12078,12078,12078,6
2020-07-06,15:13:39,12079,12079,12079,2
2020-07-06,15:13:40,12079,12079,12079,20
2020-07-06,15:13:40,12079,12079,12079,6
2020-07-06,15:13:40,12079,12079,12079,6
2020-07-06,15:13:40,12079,12079,12079,4
2020-07-06,15:13:40,12079,12079,12079,4
2020-07-06,15:13:40,12079,12079,12079,4
2020-07-06,15:13:40,12079,12079,12079,4
2020-07-06,15:13:40,12079,12079,12079,2
2020-07-06,15:13:40,12079,12079,12079,2
2020-07-06,15:13:40,12079,12079,12079,2
2020-07-06,15:13:41,12079,12079,12079,4
2020-07-06,15:13:41,12078,12078,12078,2
2020-07-06,15:13:41,12078,12078,12078,2
2020-07-06,15:13:41,12078,12078,12078,8
2020-07-06,15:13:41,12078,12078,12078,2
2020-07-06,15:13:41,12078,12078,12078,2
2020-07-06,15:13:41,12079,12079,12079,6
2020-07-06,15:13:41,12079,12079,12079,4
2020-07-06,15:13:41,12079,12079,12079,2
2020-07-06,15:13:42,12080,12080,12080,2
2020-07-06,15:13:42,12080,12080,12080,2
2020-07-06,15:13:42,12080,12080,12080,2
2020-07-06,15:13:42,12080,12080,12080,2
2020-07-06,15:13:42,12079,12079,12079,2
2020-07-06,15:13:44,12079,12079,12079,2
2020-07-06,15:13:45,12080,12080,12080,2
2020-07-06,15:13:45,12079,12079,12079,2
2020-07-06,15:13:45,12080,12080,12080,64
2020-07-06,15:13:46,12080,12080,12080,10
2020-07-06,15:13:47,12081,12081,12081,4
2020-07-06,15:13:47,12080,12080,12080,2
2020-07-06,15:13:47,12080,12080,12080,4
2020-07-06,15:13:48,12080,12080,12080,2
2020-07-06,15:13:48,12081,12081,12081,8
2020-07-06,15:13:49,12080,12080,12080,2
2020-07-06,15:13:50,12081,12081,12081,2
2020-07-06,15:13:50,12081,12081,12081,4
2020-07-06,15:13:50,12081,12081,12081,4
2020-07-06,15:13:50,12081,12081,12081,4
2020-07-06,15:13:51,12080,12080,12080,2
2020-07-06,15:13:51,12080,12080,12080,6
2020-07-06,15:13:51,12080,12080,12080,2
2020-07-06,15:13:53,12081,12081,12081,2
2020-07-06,15:13:54,12080,12080,12080,4
2020-07-06,15:13:54,12080,12080,12080,8
2020-07-06,15:13:58,12080,12080,12080,2
2020-07-06,15:13:58,12080,12080,12080,2
2020-07-06,15:13:58,12079,12079,12079,2
2020-07-06,15:13:58,12079,12079,12079,2
2020-07-06,15:13:58,12079,12079,12079,2
2020-07-06,15:13:58,12079,12079,12079,2
2020-07-06,15:13:58,12081,12081,12081,2
2020-07-06,15:13:58,12081,12081,12081,2
2020-07-06,15:14:00,12081,12081,12081,6
2020-07-06,15:14:00,12081,12081,12081,2
2020-07-06,15:14:00,12081,12081,12081,2
2020-07-06,15:14:02,12081,12081,12081,10
2020-07-06,15:14:02,12081,12081,12081,2
2020-07-06,15:14:02,12080,12080,12080,2
2020-07-06,15:14:02,12081,12081,12081,4
2020-07-06,15:14:02,12081,12081,12081,2
2020-07-06,15:14:05,12081,12081,12081,2
2020-07-06,15:14:06,12081,12081,12081,4
2020-07-06,15:14:06,12080,12080,12080,2
2020-07-06,15:14:06,12080,12080,12080,2
2020-07-06,15:14:06,12080,12080,12080,2
2020-07-06,15:14:06,12080,12080,12080,2
2020-07-06,15:14:06,12080,12080,12080,2
2020-07-06,15:14:07,12081,12081,12081,22
2020-07-06,15:14:07,12081,12081,12081,6
2020-07-06,15:14:08,12081,12081,12081,4
2020-07-06,15:14:09,12082,12082,12082,4
2020-07-06,15:14:09,12082,12082,12082,30
2020-07-06,15:14:09,12083,12083,12083,2
2020-07-06,15:14:09,12081,12081,12081,4
2020-07-06,15:14:09,12083,12083,12083,4
2020-07-06,15:14:09,12082,12082,12082,2
2020-07-06,15:14:10,12083,12083,12083,2
2020-07-06,15:14:10,12082,12082,12082,2
2020-07-06,15:14:10,12081,12081,12081,2
2020-07-06,15:14:10,12082,12082,12082,2
2020-07-06,15:14:11,12083,12083,12083,4
2020-07-06,15:14:11,12083,12083,12083,14
2020-07-06,15:14:11,12083,12083,12083,2
2020-07-06,15:14:11,12083,12083,12083,2
2020-07-06,15:14:11,12084,12084,12084,2
2020-07-06,15:14:11,12084,12084,12084,4
2020-07-06,15:14:11,12084,12084,12084,6
2020-07-06,15:14:11,12084,12084,12084,4
2020-07-06,15:14:11,12084,12084,12084,6
2020-07-06,15:14:11,12085,12085,12085,6
2020-07-06,15:14:11,12085,12085,12085,2
2020-07-06,15:14:11,12085,12085,12085,4
2020-07-06,15:14:12,12085,12085,12085,4
2020-07-06,15:14:12,12085,12085,12085,10
2020-07-06,15:14:12,12085,12085,12085,2
2020-07-06,15:14:12,12085,12085,12085,2
2020-07-06,15:14:12,12085,12085,12085,2
2020-07-06,15:14:12,12085,12085,12085,20
2020-07-06,15:14:12,12085,12085,12085,14
2020-07-06,15:14:12,12085,12085,12085,10
2020-07-06,15:14:12,12086,12086,12086,14
2020-07-06,15:14:12,12086,12086,12086,2
2020-07-06,15:14:12,12086,12086,12086,2
2020-07-06,15:14:12,12084,12084,12084,2
2020-07-06,15:14:12,12084,12084,12084,4
2020-07-06,15:14:12,12086,12086,12086,20
2020-07-06,15:14:12,12086,12086,12086,2
2020-07-06,15:14:12,12086,12086,12086,2
2020-07-06,15:14:12,12086,12086,12086,2
2020-07-06,15:14:12,12086,12086,12086,6
2020-07-06,15:14:12,12086,12086,12086,2
2020-07-06,15:14:12,12085,12085,12085,2
2020-07-06,15:14:12,12085,12085,12085,2
2020-07-06,15:14:12,12086,12086,12086,2
2020-07-06,15:14:12,12086,12086,12086,2
2020-07-06,15:14:12,12084,12084,12084,2
2020-07-06,15:14:12,12086,12086,12086,4
2020-07-06,15:14:13,12086,12086,12086,2
2020-07-06,15:14:13,12085,12085,12085,4
2020-07-06,15:14:13,12086,12086,12086,16
2020-07-06,15:14:13,12086,12086,12086,2
2020-07-06,15:14:13,12086,12086,12086,2
2020-07-06,15:14:13,12086,12086,12086,2
2020-07-06,15:14:14,12086,12086,12086,2
2020-07-06,15:14:15,12086,12086,12086,2
2020-07-06,15:14:15,12086,12086,12086,4
2020-07-06,15:14:15,12085,12085,12085,2
2020-07-06,15:14:16,12086,12086,12086,2
2020-07-06,15:14:18,12085,12085,12085,2
2020-07-06,15:14:18,12085,12085,12085,2
2020-07-06,15:14:19,12085,12085,12085,8
2020-07-06,15:14:19,12086,12086,12086,4
2020-07-06,15:14:19,12085,12085,12085,2
2020-07-06,15:14:20,12085,12085,12085,6
2020-07-06,15:14:20,12086,12086,12086,4
2020-07-06,15:14:20,12086,12086,12086,2
2020-07-06,15:14:20,12086,12086,12086,4
2020-07-06,15:14:22,12085,12085,12085,2
2020-07-06,15:14:22,12085,12085,12085,2
2020-07-06,15:14:23,12085,12085,12085,20
2020-07-06,15:14:23,12085,12085,12085,2
2020-07-06,15:14:24,12085,12085,12085,2
2020-07-06,15:14:24,12085,12085,12085,2
2020-07-06,15:14:24,12085,12085,12085,2
2020-07-06,15:14:25,12085,12085,12085,2
2020-07-06,15:14:25,12085,12085,12085,2
2020-07-06,15:14:25,12086,12086,12086,4
2020-07-06,15:14:27,12086,12086,12086,6
2020-07-06,15:14:28,12085,12085,12085,10
2020-07-06,15:14:29,12086,12086,12086,2
2020-07-06,15:14:32,12085,12085,12085,2
2020-07-06,15:14:32,12085,12085,12085,8
2020-07-06,15:14:32,12084,12084,12084,2
2020-07-06,15:14:32,12085,12085,12085,2
2020-07-06,15:14:35,12084,12084,12084,2
2020-07-06,15:14:40,12084,12084,12084,2
2020-07-06,15:14:40,12085,12085,12085,2
2020-07-06,15:14:40,12085,12085,12085,4
2020-07-06,15:14:40,12084,12084,12084,2
2020-07-06,15:14:41,12084,12084,12084,2
2020-07-06,15:14:42,12085,12085,12085,6
2020-07-06,15:14:43,12085,12085,12085,2
2020-07-06,15:14:45,12083,12083,12083,2
2020-07-06,15:14:45,12083,12083,12083,2
2020-07-06,15:14:45,12083,12083,12083,4
2020-07-06,15:14:47,12083,12083,12083,2
2020-07-06,15:14:48,12083,12083,12083,2
2020-07-06,15:14:49,12083,12083,12083,2
2020-07-06,15:14:49,12084,12084,12084,2
2020-07-06,15:14:51,12083,12083,12083,4
2020-07-06,15:14:53,12083,12083,12083,2
2020-07-06,15:14:58,12083,12083,12083,2
2020-07-06,15:14:58,12083,12083,12083,2
2020-07-06,15:14:59,12082,12082,12082,2
2020-07-06,15:14:59,12082,12082,12082,2
2020-07-06,15:14:59,12082,12082,12082,2
2020-07-06,15:14:59,12082,12082,12082,10
2020-07-06,15:14:59,12082,12082,12082,2
2020-07-06,15:15:00,12083,12083,12083,2
2020-07-06,15:15:00,12083,12083,12083,10
2020-07-06,15:15:00,12083,12083,12083,8
2020-07-06,15:15:00,12084,12084,12084,2
2020-07-06,15:15:00,12083,12083,12083,2
2020-07-06,15:15:01,12084,12084,12084,10
2020-07-06,15:15:01,12083,12083,12083,8
2020-07-06,15:15:01,12083,12083,12083,2
2020-07-06,15:15:01,12083,12083,12083,2
2020-07-06,15:15:01,12083,12083,12083,4
2020-07-06,15:15:02,12084,12084,12084,2
2020-07-06,15:15:03,12084,12084,12084,6
2020-07-06,15:15:03,12084,12084,12084,6
2020-07-06,15:15:03,12084,12084,12084,2
2020-07-06,15:15:03,12084,12084,12084,2
2020-07-06,15:15:03,12084,12084,12084,8
2020-07-06,15:15:03,12084,12084,12084,2
2020-07-06,15:15:09,12085,12085,12085,2
2020-07-06,15:15:09,12085,12085,12085,10
2020-07-06,15:15:09,12085,12085,12085,18
2020-07-06,15:15:14,12086,12086,12086,2
2020-07-06,15:15:14,12086,12086,12086,16
2020-07-06,15:15:14,12086,12086,12086,2
2020-07-06,15:15:14,12086,12086,12086,14
2020-07-06,15:15:14,12086,12086,12086,2
2020-07-06,15:15:14,12086,12086,12086,2
2020-07-06,15:15:14,12087,12087,12087,2
2020-07-06,15:15:14,12087,12087,12087,2
2020-07-06,15:15:14,12087,12087,12087,2
2020-07-06,15:15:14,12086,12086,12086,2
2020-07-06,15:15:14,12086,12086,12086,4
2020-07-06,15:15:14,12087,12087,12087,2
2020-07-06,15:15:14,12087,12087,12087,2
2020-07-06,15:15:14,12087,12087,12087,6
2020-07-06,15:15:14,12087,12087,12087,6
2020-07-06,15:15:15,12088,12088,12088,2
2020-07-06,15:15:15,12088,12088,12088,2
2020-07-06,15:15:15,12088,12088,12088,2
2020-07-06,15:15:15,12086,12086,12086,2
2020-07-06,15:15:15,12086,12086,12086,2
2020-07-06,15:15:15,12086,12086,12086,2
2020-07-06,15:15:15,12086,12086,12086,2
2020-07-06,15:15:15,12086,12086,12086,6
2020-07-06,15:15:15,12086,12086,12086,4
2020-07-06,15:15:15,12086,12086,12086,2
2020-07-06,15:15:15,12086,12086,12086,4
2020-07-06,15:15:15,12086,12086,12086,2
2020-07-06,15:15:15,12086,12086,12086,2
2020-07-06,15:15:15,12086,12086,12086,2
2020-07-06,15:15:15,12086,12086,12086,2
2020-07-06,15:15:15,12086,12086,12086,4
2020-07-06,15:15:15,12086,12086,12086,4
2020-07-06,15:15:16,12085,12085,12085,8
2020-07-06,15:15:16,12085,12085,12085,2
2020-07-06,15:15:16,12085,12085,12085,4
2020-07-06,15:15:16,12085,12085,12085,2
2020-07-06,15:15:18,12086,12086,12086,2
2020-07-06,15:15:19,12086,12086,12086,2
2020-07-06,15:15:19,12086,12086,12086,2
2020-07-06,15:15:19,12086,12086,12086,2
2020-07-06,15:15:19,12086,12086,12086,2
2020-07-06,15:15:21,12087,12087,12087,4
2020-07-06,15:15:22,12087,12087,12087,2
2020-07-06,15:15:22,12087,12087,12087,2
2020-07-06,15:15:22,12087,12087,12087,4
2020-07-06,15:15:24,12087,12087,12087,2
2020-07-06,15:15:24,12086,12086,12086,2
2020-07-06,15:15:24,12086,12086,12086,2
2020-07-06,15:15:24,12086,12086,12086,2
2020-07-06,15:15:24,12086,12086,12086,2
2020-07-06,15:15:26,12086,12086,12086,2
2020-07-06,15:15:26,12086,12086,12086,4
2020-07-06,15:15:26,12086,12086,12086,4
2020-07-06,15:15:26,12086,12086,12086,2
2020-07-06,15:15:29,12086,12086,12086,2
2020-07-06,15:15:30,12086,12086,12086,2
2020-07-06,15:15:32,12086,12086,12086,2
2020-07-06,15:15:33,12085,12085,12085,2
2020-07-06,15:15:33,12085,12085,12085,2
2020-07-06,15:15:33,12085,12085,12085,2
2020-07-06,15:15:33,12085,12085,12085,2
2020-07-06,15:15:33,12085,12085,12085,10
2020-07-06,15:15:34,12085,12085,12085,2
2020-07-06,15:15:35,12084,12084,12084,2
2020-07-06,15:15:35,12084,12084,12084,2
2020-07-06,15:15:35,12084,12084,12084,6
2020-07-06,15:15:38,12085,12085,12085,2
2020-07-06,15:15:38,12084,12084,12084,6
2020-07-06,15:15:38,12084,12084,12084,2
2020-07-06,15:15:38,12084,12084,12084,2
2020-07-06,15:15:38,12084,12084,12084,2
2020-07-06,15:15:39,12083,12083,12083,2
2020-07-06,15:15:39,12084,12084,12084,2
2020-07-06,15:15:46,12084,12084,12084,2
2020-07-06,15:15:50,12083,12083,12083,2
2020-07-06,15:15:50,12083,12083,12083,2
2020-07-06,15:15:52,12083,12083,12083,2
2020-07-06,15:15:52,12083,12083,12083,2
2020-07-06,15:15:53,12083,12083,12083,2
2020-07-06,15:15:55,12083,12083,12083,2
2020-07-06,15:15:59,12083,12083,12083,2
2020-07-06,15:15:59,12084,12084,12084,4
2020-07-06,15:15:59,12084,12084,12084,16
2020-07-06,15:15:59,12084,12084,12084,4
2020-07-06,15:16:00,12085,12085,12085,2
2020-07-06,15:16:02,12085,12085,12085,4
2020-07-06,15:16:02,12085,12085,12085,4
2020-07-06,15:16:04,12086,12086,12086,2
2020-07-06,15:16:05,12085,12085,12085,4
2020-07-06,15:16:05,12085,12085,12085,4
2020-07-06,15:16:06,12086,12086,12086,2
2020-07-06,15:16:07,12085,12085,12085,2
2020-07-06,15:16:10,12086,12086,12086,2
2020-07-06,15:16:13,12085,12085,12085,2
2020-07-06,15:16:13,12085,12085,12085,2
2020-07-06,15:16:16,12086,12086,12086,12
2020-07-06,15:16:16,12086,12086,12086,2
2020-07-06,15:16:17,12086,12086,12086,2
2020-07-06,15:16:20,12087,12087,12087,2
2020-07-06,15:16:21,12086,12086,12086,2
2020-07-06,15:16:22,12086,12086,12086,2
2020-07-06,15:16:25,12087,12087,12087,4
2020-07-06,15:16:26,12087,12087,12087,6
2020-07-06,15:16:29,12087,12087,12087,20
2020-07-06,15:16:29,12087,12087,12087,12
2020-07-06,15:16:30,12086,12086,12086,2
2020-07-06,15:16:37,12087,12087,12087,2
2020-07-06,15:16:38,12086,12086,12086,8
2020-07-06,15:16:38,12086,12086,12086,2
2020-07-06,15:16:38,12086,12086,12086,2
2020-07-06,15:16:38,12086,12086,12086,2
2020-07-06,15:16:38,12086,12086,12086,4
2020-07-06,15:16:38,12086,12086,12086,2
2020-07-06,15:16:44,12085,12085,12085,4
2020-07-06,15:16:44,12085,12085,12085,2
2020-07-06,15:16:44,12085,12085,12085,2
2020-07-06,15:16:44,12085,12085,12085,2
2020-07-06,15:16:45,12085,12085,12085,2
2020-07-06,15:16:45,12085,12085,12085,2
2020-07-06,15:16:51,12085,12085,12085,2
2020-07-06,15:16:51,12085,12085,12085,2
2020-07-06,15:16:52,12085,12085,12085,2
2020-07-06,15:16:53,12085,12085,12085,2
2020-07-06,15:16:53,12085,12085,12085,2
2020-07-06,15:16:58,12085,12085,12085,2
2020-07-06,15:17:00,12085,12085,12085,2
2020-07-06,15:17:02,12085,12085,12085,8
2020-07-06,15:17:05,12084,12084,12084,2
2020-07-06,15:17:06,12085,12085,12085,2
2020-07-06,15:17:07,12084,12084,12084,2
2020-07-06,15:17:07,12084,12084,12084,4
2020-07-06,15:17:08,12084,12084,12084,2
2020-07-06,15:17:12,12085,12085,12085,4
2020-07-06,15:17:13,12084,12084,12084,2
2020-07-06,15:17:14,12085,12085,12085,2
2020-07-06,15:17:14,12084,12084,12084,4
2020-07-06,15:17:14,12084,12084,12084,4
2020-07-06,15:17:18,12084,12084,12084,2
2020-07-06,15:17:18,12084,12084,12084,2
2020-07-06,15:17:18,12084,12084,12084,2
2020-07-06,15:17:18,12084,12084,12084,2
2020-07-06,15:17:18,12084,12084,12084,2
2020-07-06,15:17:18,12084,12084,12084,2
2020-07-06,15:17:18,12084,12084,12084,2
2020-07-06,15:17:20,12085,12085,12085,4
2020-07-06,15:17:20,12086,12086,12086,6
2020-07-06,15:17:20,12086,12086,12086,8
2020-07-06,15:17:26,12085,12085,12085,2
2020-07-06,15:17:26,12085,12085,12085,2
2020-07-06,15:17:26,12084,12084,12084,6
2020-07-06,15:17:37,12084,12084,12084,2
2020-07-06,15:17:40,12084,12084,12084,2
2020-07-06,15:17:41,12084,12084,12084,2
2020-07-06,15:17:45,12084,12084,12084,2
2020-07-06,15:17:49,12084,12084,12084,2
2020-07-06,15:17:50,12084,12084,12084,2
2020-07-06,15:17:54,12084,12084,12084,2
2020-07-06,15:17:54,12084,12084,12084,2
2020-07-06,15:17:54,12084,12084,12084,6
2020-07-06,15:17:54,12084,12084,12084,2
2020-07-06,15:17:54,12084,12084,12084,2
2020-07-06,15:17:54,12084,12084,12084,6
2020-07-06,15:17:54,12084,12084,12084,2
2020-07-06,15:17:54,12084,12084,12084,2
2020-07-06,15:17:54,12084,12084,12084,2
2020-07-06,15:17:54,12084,12084,12084,2
2020-07-06,15:17:54,12084,12084,12084,2
2020-07-06,15:17:54,12084,12084,12084,2
2020-07-06,15:17:54,12083,12083,12083,2
2020-07-06,15:17:54,12083,12083,12083,2
2020-07-06,15:17:54,12083,12083,12083,2
2020-07-06,15:17:54,12083,12083,12083,2
2020-07-06,15:17:54,12083,12083,12083,2
2020-07-06,15:17:54,12083,12083,12083,2
2020-07-06,15:17:54,12083,12083,12083,4
2020-07-06,15:17:54,12083,12083,12083,2
2020-07-06,15:17:54,12083,12083,12083,4
2020-07-06,15:17:54,12083,12083,12083,2
2020-07-06,15:17:54,12083,12083,12083,4
2020-07-06,15:17:54,12083,12083,12083,2
2020-07-06,15:17:54,12083,12083,12083,8
2020-07-06,15:17:54,12083,12083,12083,2
2020-07-06,15:17:54,12082,12082,12082,2
2020-07-06,15:17:54,12082,12082,12082,2
2020-07-06,15:17:56,12084,12084,12084,2
2020-07-06,15:17:57,12084,12084,12084,2
2020-07-06,15:17:57,12084,12084,12084,2
2020-07-06,15:17:57,12084,12084,12084,8
2020-07-06,15:17:57,12084,12084,12084,2
2020-07-06,15:17:57,12084,12084,12084,2
2020-07-06,15:17:57,12084,12084,12084,2
2020-07-06,15:17:57,12084,12084,12084,4
2020-07-06,15:17:57,12084,12084,12084,2
2020-07-06,15:17:57,12083,12083,12083,2
2020-07-06,15:17:57,12083,12083,12083,4
2020-07-06,15:17:57,12083,12083,12083,2
2020-07-06,15:17:57,12083,12083,12083,2
2020-07-06,15:17:57,12083,12083,12083,8
2020-07-06,15:17:57,12083,12083,12083,2
2020-07-06,15:17:57,12083,12083,12083,2
2020-07-06,15:17:57,12083,12083,12083,2
2020-07-06,15:17:57,12083,12083,12083,6
2020-07-06,15:17:57,12083,12083,12083,4
2020-07-06,15:17:57,12083,12083,12083,2
2020-07-06,15:17:57,12083,12083,12083,2
2020-07-06,15:17:57,12083,12083,12083,4
2020-07-06,15:17:57,12083,12083,12083,4
2020-07-06,15:17:58,12084,12084,12084,2
2020-07-06,15:18:02,12084,12084,12084,2
2020-07-06,15:18:02,12084,12084,12084,2
2020-07-06,15:18:02,12084,12084,12084,6
2020-07-06,15:18:02,12084,12084,12084,8
2020-07-06,15:18:02,12083,12083,12083,6
2020-07-06,15:18:03,12084,12084,12084,2
2020-07-06,15:18:03,12083,12083,12083,2
2020-07-06,15:18:03,12083,12083,12083,2
2020-07-06,15:18:03,12083,12083,12083,2
2020-07-06,15:18:03,12083,12083,12083,2
2020-07-06,15:18:03,12083,12083,12083,2
2020-07-06,15:18:04,12083,12083,12083,2
2020-07-06,15:18:04,12083,12083,12083,2
2020-07-06,15:18:04,12082,12082,12082,2
2020-07-06,15:18:04,12082,12082,12082,2
2020-07-06,15:18:04,12082,12082,12082,2
2020-07-06,15:18:04,12083,12083,12083,4
2020-07-06,15:18:11,12083,12083,12083,2
2020-07-06,15:18:11,12083,12083,12083,2
2020-07-06,15:18:12,12083,12083,12083,2
2020-07-06,15:18:14,12082,12082,12082,2
2020-07-06,15:18:17,12083,12083,12083,2
2020-07-06,15:18:19,12083,12083,12083,2
2020-07-06,15:18:28,12083,12083,12083,10
2020-07-06,15:18:28,12083,12083,12083,4
2020-07-06,15:18:31,12083,12083,12083,2
2020-07-06,15:18:32,12083,12083,12083,2
2020-07-06,15:18:32,12083,12083,12083,2
2020-07-06,15:18:34,12083,12083,12083,2
2020-07-06,15:18:37,12083,12083,12083,2
2020-07-06,15:18:40,12083,12083,12083,18
2020-07-06,15:18:40,12083,12083,12083,2
2020-07-06,15:18:43,12084,12084,12084,2
2020-07-06,15:18:43,12083,12083,12083,2
2020-07-06,15:18:44,12082,12082,12082,16
2020-07-06,15:18:44,12082,12082,12082,2
2020-07-06,15:18:44,12082,12082,12082,2
2020-07-06,15:18:44,12082,12082,12082,2
2020-07-06,15:18:44,12082,12082,12082,4
2020-07-06,15:18:44,12082,12082,12082,2
2020-07-06,15:18:44,12082,12082,12082,2
2020-07-06,15:18:44,12082,12082,12082,2
2020-07-06,15:18:44,12082,12082,12082,2
2020-07-06,15:18:44,12082,12082,12082,2
2020-07-06,15:18:44,12082,12082,12082,2
2020-07-06,15:18:46,12082,12082,12082,6
2020-07-06,15:18:47,12082,12082,12082,2
2020-07-06,15:18:48,12081,12081,12081,2
2020-07-06,15:18:48,12081,12081,12081,2
2020-07-06,15:18:48,12081,12081,12081,2
2020-07-06,15:18:48,12081,12081,12081,2
2020-07-06,15:18:49,12082,12082,12082,2
2020-07-06,15:18:49,12082,12082,12082,2
2020-07-06,15:18:50,12082,12082,12082,2
2020-07-06,15:18:53,12082,12082,12082,2
2020-07-06,15:18:54,12081,12081,12081,2
2020-07-06,15:18:54,12083,12083,12083,2
2020-07-06,15:18:56,12082,12082,12082,4
2020-07-06,15:18:58,12082,12082,12082,2
2020-07-06,15:19:01,12083,12083,12083,2
2020-07-06,15:19:04,12082,12082,12082,2
2020-07-06,15:19:04,12082,12082,12082,2
2020-07-06,15:19:07,12082,12082,12082,2
2020-07-06,15:19:12,12081,12081,12081,2
2020-07-06,15:19:12,12081,12081,12081,2
2020-07-06,15:19:12,12081,12081,12081,2
2020-07-06,15:19:12,12081,12081,12081,4
2020-07-06,15:19:12,12081,12081,12081,2
2020-07-06,15:19:14,12082,12082,12082,4
2020-07-06,15:19:14,12081,12081,12081,2
2020-07-06,15:19:14,12081,12081,12081,2
2020-07-06,15:19:14,12081,12081,12081,2
2020-07-06,15:19:15,12082,12082,12082,2
2020-07-06,15:19:17,12081,12081,12081,2
2020-07-06,15:19:17,12081,12081,12081,2
2020-07-06,15:19:18,12081,12081,12081,2
2020-07-06,15:19:18,12080,12080,12080,2
2020-07-06,15:19:18,12080,12080,12080,4
2020-07-06,15:19:20,12080,12080,12080,2
2020-07-06,15:19:20,12081,12081,12081,2
2020-07-06,15:19:23,12081,12081,12081,2
2020-07-06,15:19:28,12081,12081,12081,2
2020-07-06,15:19:31,12081,12081,12081,2
2020-07-06,15:19:35,12081,12081,12081,2
2020-07-06,15:19:36,12080,12080,12080,2
2020-07-06,15:19:37,12080,12080,12080,2
2020-07-06,15:19:40,12081,12081,12081,4
2020-07-06,15:19:42,12081,12081,12081,2
2020-07-06,15:19:45,12082,12082,12082,2
2020-07-06,15:19:55,12081,12081,12081,2
2020-07-06,15:19:55,12081,12081,12081,4
2020-07-06,15:19:55,12081,12081,12081,2
2020-07-06,15:19:55,12081,12081,12081,2
2020-07-06,15:19:55,12081,12081,12081,2
2020-07-06,15:19:55,12081,12081,12081,2
2020-07-06,15:19:55,12081,12081,12081,2
2020-07-06,15:19:55,12081,12081,12081,2
2020-07-06,15:19:55,12081,12081,12081,2
2020-07-06,15:19:55,12081,12081,12081,2
2020-07-06,15:19:55,12081,12081,12081,4
2020-07-06,15:19:55,12081,12081,12081,2
2020-07-06,15:19:55,12081,12081,12081,2
2020-07-06,15:19:56,12080,12080,12080,2
2020-07-06,15:19:56,12080,12080,12080,2
2020-07-06,15:19:56,12080,12080,12080,2
2020-07-06,15:19:56,12080,12080,12080,4
2020-07-06,15:19:56,12080,12080,12080,2
2020-07-06,15:19:56,12080,12080,12080,2
2020-07-06,15:19:56,12080,12080,12080,2
2020-07-06,15:19:56,12080,12080,12080,2
2020-07-06,15:19:56,12080,12080,12080,2
2020-07-06,15:19:56,12080,12080,12080,2
2020-07-06,15:19:56,12080,12080,12080,2
2020-07-06,15:19:56,12080,12080,12080,2
2020-07-06,15:19:56,12080,12080,12080,2
2020-07-06,15:19:56,12080,12080,12080,2
2020-07-06,15:19:56,12080,12080,12080,4
2020-07-06,15:19:56,12080,12080,12080,4
2020-07-06,15:19:56,12080,12080,12080,2
2020-07-06,15:19:56,12080,12080,12080,2
2020-07-06,15:19:56,12080,12080,12080,2
2020-07-06,15:19:56,12080,12080,12080,2
2020-07-06,15:19:56,12080,12080,12080,2
2020-07-06,15:19:56,12080,12080,12080,2
2020-07-06,15:19:56,12080,12080,12080,2
2020-07-06,15:19:56,12080,12080,12080,2
2020-07-06,15:19:59,12081,12081,12081,2
2020-07-06,15:20:01,12080,12080,12080,2
2020-07-06,15:20:02,12081,12081,12081,2
2020-07-06,15:20:05,12081,12081,12081,4
2020-07-06,15:20:05,12081,12081,12081,12
2020-07-06,15:20:05,12081,12081,12081,6
2020-07-06,15:20:07,12082,12082,12082,4
2020-07-06,15:20:07,12082,12082,12082,14
2020-07-06,15:20:07,12082,12082,12082,2
2020-07-06,15:20:07,12083,12083,12083,6
2020-07-06,15:20:07,12083,12083,12083,6
2020-07-06,15:20:07,12082,12082,12082,2
2020-07-06,15:20:09,12083,12083,12083,2
2020-07-06,15:20:11,12083,12083,12083,32
2020-07-06,15:20:11,12083,12083,12083,2
2020-07-06,15:20:13,12083,12083,12083,4
2020-07-06,15:20:13,12083,12083,12083,2
2020-07-06,15:20:13,12083,12083,12083,4
2020-07-06,15:20:16,12083,12083,12083,4
2020-07-06,15:20:17,12083,12083,12083,2
2020-07-06,15:20:17,12083,12083,12083,8
2020-07-06,15:20:17,12083,12083,12083,2
2020-07-06,15:20:17,12083,12083,12083,2
2020-07-06,15:20:17,12083,12083,12083,2
2020-07-06,15:20:17,12083,12083,12083,2
2020-07-06,15:20:17,12083,12083,12083,2
2020-07-06,15:20:18,12083,12083,12083,4
2020-07-06,15:20:19,12083,12083,12083,2
2020-07-06,15:20:19,12083,12083,12083,4
2020-07-06,15:20:21,12084,12084,12084,14
2020-07-06,15:20:23,12084,12084,12084,2
2020-07-06,15:20:23,12084,12084,12084,2
2020-07-06,15:20:23,12085,12085,12085,2
2020-07-06,15:20:23,12085,12085,12085,4
2020-07-06,15:20:25,12084,12084,12084,2
2020-07-06,15:20:27,12085,12085,12085,10
2020-07-06,15:20:31,12085,12085,12085,2
2020-07-06,15:20:32,12086,12086,12086,2
2020-07-06,15:20:35,12086,12086,12086,12
2020-07-06,15:20:35,12086,12086,12086,10
2020-07-06,15:20:36,12086,12086,12086,2
2020-07-06,15:20:39,12087,12087,12087,22
2020-07-06,15:20:39,12087,12087,12087,8
2020-07-06,15:20:40,12088,12088,12088,2
2020-07-06,15:20:40,12088,12088,12088,2
2020-07-06,15:20:40,12088,12088,12088,4
2020-07-06,15:20:40,12088,12088,12088,2
2020-07-06,15:20:40,12088,12088,12088,2
2020-07-06,15:20:40,12088,12088,12088,2
2020-07-06,15:20:40,12088,12088,12088,2
2020-07-06,15:20:41,12088,12088,12088,14
2020-07-06,15:20:41,12088,12088,12088,6
2020-07-06,15:20:41,12088,12088,12088,2
2020-07-06,15:20:41,12088,12088,12088,2
2020-07-06,15:20:41,12088,12088,12088,2
2020-07-06,15:20:41,12088,12088,12088,2
2020-07-06,15:20:45,12089,12089,12089,2
2020-07-06,15:20:45,12089,12089,12089,10
2020-07-06,15:20:45,12088,12088,12088,2
2020-07-06,15:20:45,12088,12088,12088,2
2020-07-06,15:20:45,12088,12088,12088,4
2020-07-06,15:20:46,12088,12088,12088,2
2020-07-06,15:20:48,12088,12088,12088,2
2020-07-06,15:20:48,12089,12089,12089,8
2020-07-06,15:20:48,12089,12089,12089,16
2020-07-06,15:20:48,12089,12089,12089,14
2020-07-06,15:20:49,12089,12089,12089,2
2020-07-06,15:20:52,12089,12089,12089,2
2020-07-06,15:20:53,12089,12089,12089,2
2020-07-06,15:20:54,12089,12089,12089,2
2020-07-06,15:20:55,12089,12089,12089,10
2020-07-06,15:20:55,12089,12089,12089,2
2020-07-06,15:20:59,12089,12089,12089,2
2020-07-06,15:20:59,12089,12089,12089,2
2020-07-06,15:20:59,12089,12089,12089,10
2020-07-06,15:21:00,12089,12089,12089,2
2020-07-06,15:21:00,12090,12090,12090,4
2020-07-06,15:21:00,12090,12090,12090,4
2020-07-06,15:21:00,12090,12090,12090,2
2020-07-06,15:21:00,12088,12088,12088,2
2020-07-06,15:21:00,12088,12088,12088,2
2020-07-06,15:21:00,12090,12090,12090,4
2020-07-06,15:21:00,12090,12090,12090,2
2020-07-06,15:21:00,12088,12088,12088,2
2020-07-06,15:21:00,12088,12088,12088,2
2020-07-06,15:21:00,12090,12090,12090,2
2020-07-06,15:21:02,12088,12088,12088,2
2020-07-06,15:21:02,12088,12088,12088,4
2020-07-06,15:21:02,12088,12088,12088,4
2020-07-06,15:21:02,12088,12088,12088,2
2020-07-06,15:21:02,12088,12088,12088,4
2020-07-06,15:21:03,12089,12089,12089,2
2020-07-06,15:21:04,12088,12088,12088,2
2020-07-06,15:21:04,12088,12088,12088,2
2020-07-06,15:21:04,12088,12088,12088,8
2020-07-06,15:21:06,12089,12089,12089,4
2020-07-06,15:21:06,12090,12090,12090,2
2020-07-06,15:21:06,12090,12090,12090,14
2020-07-06,15:21:06,12090,12090,12090,2
2020-07-06,15:21:06,12090,12090,12090,26
2020-07-06,15:21:06,12090,12090,12090,2
2020-07-06,15:21:07,12091,12091,12091,10
2020-07-06,15:21:07,12091,12091,12091,2
2020-07-06,15:21:07,12091,12091,12091,2
2020-07-06,15:21:07,12090,12090,12090,2
2020-07-06,15:21:07,12090,12090,12090,2
2020-07-06,15:21:08,12091,12091,12091,2
2020-07-06,15:21:08,12091,12091,12091,2
2020-07-06,15:21:08,12091,12091,12091,2
2020-07-06,15:21:10,12091,12091,12091,2
2020-07-06,15:21:11,12091,12091,12091,10
2020-07-06,15:21:11,12090,12090,12090,2
2020-07-06,15:21:12,12092,12092,12092,2
2020-07-06,15:21:12,12092,12092,12092,2
2020-07-06,15:21:12,12091,12091,12091,2
2020-07-06,15:21:14,12091,12091,12091,2
2020-07-06,15:21:15,12092,12092,12092,2
2020-07-06,15:21:18,12091,12091,12091,2
2020-07-06,15:21:18,12091,12091,12091,2
2020-07-06,15:21:18,12091,12091,12091,2
2020-07-06,15:21:19,12091,12091,12091,2
2020-07-06,15:21:20,12091,12091,12091,2
2020-07-06,15:21:21,12092,12092,12092,6
2020-07-06,15:21:23,12092,12092,12092,2
2020-07-06,15:21:23,12092,12092,12092,2
2020-07-06,15:21:23,12092,12092,12092,2
2020-07-06,15:21:24,12091,12091,12091,2
2020-07-06,15:21:27,12091,12091,12091,2
2020-07-06,15:21:27,12092,12092,12092,2
2020-07-06,15:21:27,12092,12092,12092,8
2020-07-06,15:21:29,12091,12091,12091,2
2020-07-06,15:21:34,12091,12091,12091,6
2020-07-06,15:21:34,12091,12091,12091,2
2020-07-06,15:21:34,12091,12091,12091,8
2020-07-06,15:21:34,12091,12091,12091,2
2020-07-06,15:21:34,12091,12091,12091,2
2020-07-06,15:21:34,12091,12091,12091,2
2020-07-06,15:21:34,12091,12091,12091,2
2020-07-06,15:21:34,12091,12091,12091,2
2020-07-06,15:21:34,12091,12091,12091,10
2020-07-06,15:21:34,12091,12091,12091,6
2020-07-06,15:21:34,12091,12091,12091,2
2020-07-06,15:21:34,12090,12090,12090,2
2020-07-06,15:21:34,12090,12090,12090,6
2020-07-06,15:21:34,12090,12090,12090,2
2020-07-06,15:21:34,12090,12090,12090,2
2020-07-06,15:21:34,12090,12090,12090,2
2020-07-06,15:21:34,12091,12091,12091,2
2020-07-06,15:21:35,12091,12091,12091,2
2020-07-06,15:21:38,12091,12091,12091,2
2020-07-06,15:21:38,12090,12090,12090,2
2020-07-06,15:21:38,12090,12090,12090,2
2020-07-06,15:21:38,12090,12090,12090,2
2020-07-06,15:21:38,12090,12090,12090,2
2020-07-06,15:21:38,12090,12090,12090,10
2020-07-06,15:21:38,12090,12090,12090,2
2020-07-06,15:21:38,12090,12090,12090,4
2020-07-06,15:21:39,12089,12089,12089,4
2020-07-06,15:21:40,12090,12090,12090,2
2020-07-06,15:21:40,12090,12090,12090,2
2020-07-06,15:21:41,12090,12090,12090,4
2020-07-06,15:21:46,12089,12089,12089,2
2020-07-06,15:21:46,12089,12089,12089,2
2020-07-06,15:21:46,12089,12089,12089,2
2020-07-06,15:21:47,12090,12090,12090,2
2020-07-06,15:21:49,12089,12089,12089,2
2020-07-06,15:21:51,12088,12088,12088,2
2020-07-06,15:21:51,12088,12088,12088,2
2020-07-06,15:21:52,12088,12088,12088,2
2020-07-06,15:21:52,12088,12088,12088,10
2020-07-06,15:21:52,12088,12088,12088,8
2020-07-06,15:21:52,12088,12088,12088,2
2020-07-06,15:21:52,12088,12088,12088,2
2020-07-06,15:21:52,12088,12088,12088,2
2020-07-06,15:21:53,12088,12088,12088,10
2020-07-06,15:21:54,12087,12087,12087,2
2020-07-06,15:21:54,12087,12087,12087,2
2020-07-06,15:21:57,12087,12087,12087,2
2020-07-06,15:21:57,12087,12087,12087,2
2020-07-06,15:22:03,12086,12086,12086,2
2020-07-06,15:22:03,12086,12086,12086,2
2020-07-06,15:22:03,12086,12086,12086,2
2020-07-06,15:22:03,12086,12086,12086,4
2020-07-06,15:22:03,12085,12085,12085,4
2020-07-06,15:22:03,12086,12086,12086,2
2020-07-06,15:22:06,12086,12086,12086,4
2020-07-06,15:22:06,12086,12086,12086,2
2020-07-06,15:22:06,12086,12086,12086,6
2020-07-06,15:22:07,12086,12086,12086,2
2020-07-06,15:22:10,12086,12086,12086,4
2020-07-06,15:22:10,12086,12086,12086,2
2020-07-06,15:22:14,12086,12086,12086,2
2020-07-06,15:22:14,12086,12086,12086,2
2020-07-06,15:22:14,12086,12086,12086,4
2020-07-06,15:22:14,12086,12086,12086,4
2020-07-06,15:22:14,12086,12086,12086,2
2020-07-06,15:22:14,12086,12086,12086,2
2020-07-06,15:22:15,12085,12085,12085,2
2020-07-06,15:22:15,12085,12085,12085,2
2020-07-06,15:22:15,12085,12085,12085,4
2020-07-06,15:22:15,12085,12085,12085,2
2020-07-06,15:22:15,12085,12085,12085,2
2020-07-06,15:22:15,12085,12085,12085,2
2020-07-06,15:22:15,12085,12085,12085,2
2020-07-06,15:22:15,12085,12085,12085,2
2020-07-06,15:22:15,12085,12085,12085,2
2020-07-06,15:22:15,12085,12085,12085,2
2020-07-06,15:22:15,12085,12085,12085,2
2020-07-06,15:22:15,12085,12085,12085,2
2020-07-06,15:22:15,12086,12086,12086,2
2020-07-06,15:22:18,12084,12084,12084,2
2020-07-06,15:22:18,12085,12085,12085,2
2020-07-06,15:22:23,12085,12085,12085,2
2020-07-06,15:22:25,12086,12086,12086,2
2020-07-06,15:22:26,12086,12086,12086,2
2020-07-06,15:22:32,12086,12086,12086,2
2020-07-06,15:22:34,12086,12086,12086,2
2020-07-06,15:22:38,12085,12085,12085,2
2020-07-06,15:22:38,12085,12085,12085,2
2020-07-06,15:22:38,12085,12085,12085,4
2020-07-06,15:22:38,12085,12085,12085,2
2020-07-06,15:22:39,12086,12086,12086,4
2020-07-06,15:22:39,12086,12086,12086,2
2020-07-06,15:22:43,12086,12086,12086,2
2020-07-06,15:22:45,12086,12086,12086,2
2020-07-06,15:22:48,12086,12086,12086,2
2020-07-06,15:22:50,12086,12086,12086,2
2020-07-06,15:22:51,12085,12085,12085,2
2020-07-06,15:22:51,12085,12085,12085,2
2020-07-06,15:22:51,12085,12085,12085,2
2020-07-06,15:22:51,12085,12085,12085,2
2020-07-06,15:22:52,12084,12084,12084,2
2020-07-06,15:22:53,12085,12085,12085,2
2020-07-06,15:22:56,12086,12086,12086,4
2020-07-06,15:22:57,12085,12085,12085,2
2020-07-06,15:23:00,12086,12086,12086,4
2020-07-06,15:23:00,12086,12086,12086,22
2020-07-06,15:23:00,12086,12086,12086,20
2020-07-06,15:23:01,12086,12086,12086,2
2020-07-06,15:23:02,12086,12086,12086,4
2020-07-06,15:23:07,12086,12086,12086,2
2020-07-06,15:23:08,12087,12087,12087,2
2020-07-06,15:23:13,12087,12087,12087,18
2020-07-06,15:23:16,12088,12088,12088,2
2020-07-06,15:23:16,12088,12088,12088,6
2020-07-06,15:23:16,12087,12087,12087,2
2020-07-06,15:23:17,12087,12087,12087,2
2020-07-06,15:23:26,12087,12087,12087,2
2020-07-06,15:23:27,12087,12087,12087,2
2020-07-06,15:23:28,12088,12088,12088,2
2020-07-06,15:23:28,12088,12088,12088,2
2020-07-06,15:23:28,12088,12088,12088,2
2020-07-06,15:23:28,12088,12088,12088,8
2020-07-06,15:23:28,12088,12088,12088,2
2020-07-06,15:23:28,12088,12088,12088,8
2020-07-06,15:23:31,12089,12089,12089,10
2020-07-06,15:23:40,12089,12089,12089,4
2020-07-06,15:23:40,12089,12089,12089,8
2020-07-06,15:23:40,12089,12089,12089,8
2020-07-06,15:23:41,12089,12089,12089,2
2020-07-06,15:23:43,12090,12090,12090,2
2020-07-06,15:23:44,12090,12090,12090,2
2020-07-06,15:23:44,12091,12091,12091,4
2020-07-06,15:23:48,12090,12090,12090,2
2020-07-06,15:23:50,12090,12090,12090,2
2020-07-06,15:23:50,12090,12090,12090,2
2020-07-06,15:23:54,12090,12090,12090,2
2020-07-06,15:23:58,12090,12090,12090,4
2020-07-06,15:23:58,12091,12091,12091,4
2020-07-06,15:24:00,12091,12091,12091,2
2020-07-06,15:24:01,12090,12090,12090,2
2020-07-06,15:24:01,12090,12090,12090,2
2020-07-06,15:24:01,12090,12090,12090,2
2020-07-06,15:24:01,12090,12090,12090,2
2020-07-06,15:24:01,12090,12090,12090,2
2020-07-06,15:24:01,12090,12090,12090,8
2020-07-06,15:24:01,12090,12090,12090,8
2020-07-06,15:24:01,12090,12090,12090,2
2020-07-06,15:24:01,12089,12089,12089,2
2020-07-06,15:24:01,12089,12089,12089,2
2020-07-06,15:24:01,12089,12089,12089,4
2020-07-06,15:24:03,12091,12091,12091,2
2020-07-06,15:24:03,12091,12091,12091,2
2020-07-06,15:24:05,12091,12091,12091,2
2020-07-06,15:24:05,12091,12091,12091,2
2020-07-06,15:24:05,12091,12091,12091,2
2020-07-06,15:24:06,12091,12091,12091,2
2020-07-06,15:24:06,12090,12090,12090,4
2020-07-06,15:24:08,12091,12091,12091,10
2020-07-06,15:24:08,12091,12091,12091,2
2020-07-06,15:24:09,12090,12090,12090,2
2020-07-06,15:24:09,12090,12090,12090,10
2020-07-06,15:24:09,12090,12090,12090,2
2020-07-06,15:24:09,12090,12090,12090,2
2020-07-06,15:24:09,12090,12090,12090,2
2020-07-06,15:24:09,12090,12090,12090,2
2020-07-06,15:24:11,12089,12089,12089,2
2020-07-06,15:24:11,12089,12089,12089,2
2020-07-06,15:24:11,12089,12089,12089,2
2020-07-06,15:24:11,12089,12089,12089,2
2020-07-06,15:24:11,12089,12089,12089,2
2020-07-06,15:24:18,12089,12089,12089,2
2020-07-06,15:24:19,12088,12088,12088,2
2020-07-06,15:24:21,12089,12089,12089,4
2020-07-06,15:24:21,12088,12088,12088,2
2020-07-06,15:24:21,12088,12088,12088,2
2020-07-06,15:24:21,12088,12088,12088,2
2020-07-06,15:24:21,12088,12088,12088,2
2020-07-06,15:24:21,12088,12088,12088,2
2020-07-06,15:24:22,12089,12089,12089,2
2020-07-06,15:24:23,12087,12087,12087,4
2020-07-06,15:24:23,12087,12087,12087,2
2020-07-06,15:24:23,12087,12087,12087,2
2020-07-06,15:24:23,12087,12087,12087,2
2020-07-06,15:24:25,12087,12087,12087,2
2020-07-06,15:24:25,12087,12087,12087,2
2020-07-06,15:24:29,12088,12088,12088,2
2020-07-06,15:24:29,12088,12088,12088,2
2020-07-06,15:24:36,12088,12088,12088,2
2020-07-06,15:24:37,12088,12088,12088,2
2020-07-06,15:24:41,12088,12088,12088,8
2020-07-06,15:24:42,12088,12088,12088,2
2020-07-06,15:24:43,12089,12089,12089,2
2020-07-06,15:24:43,12089,12089,12089,4
2020-07-06,15:24:43,12089,12089,12089,6
2020-07-06,15:24:44,12090,12090,12090,2
2020-07-06,15:24:44,12090,12090,12090,2
2020-07-06,15:24:46,12089,12089,12089,2
2020-07-06,15:24:48,12089,12089,12089,2
2020-07-06,15:24:48,12089,12089,12089,2
2020-07-06,15:24:52,12089,12089,12089,4
2020-07-06,15:24:53,12089,12089,12089,2
2020-07-06,15:24:55,12088,12088,12088,2
2020-07-06,15:24:55,12088,12088,12088,4
2020-07-06,15:24:55,12088,12088,12088,2
2020-07-06,15:24:55,12088,12088,12088,2
2020-07-06,15:24:55,12087,12087,12087,2
2020-07-06,15:24:55,12087,12087,12087,2
2020-07-06,15:24:55,12087,12087,12087,2
2020-07-06,15:24:55,12087,12087,12087,4
2020-07-06,15:24:55,12087,12087,12087,2
2020-07-06,15:24:55,12087,12087,12087,4
2020-07-06,15:24:57,12086,12086,12086,2
2020-07-06,15:24:57,12088,12088,12088,2
2020-07-06,15:24:57,12086,12086,12086,6
2020-07-06,15:24:57,12086,12086,12086,2
2020-07-06,15:24:57,12086,12086,12086,2
2020-07-06,15:25:02,12086,12086,12086,2
2020-07-06,15:25:02,12086,12086,12086,2
2020-07-06,15:25:02,12086,12086,12086,2
2020-07-06,15:25:02,12086,12086,12086,2
2020-07-06,15:25:03,12085,12085,12085,2
2020-07-06,15:25:03,12085,12085,12085,2
2020-07-06,15:25:03,12085,12085,12085,4
2020-07-06,15:25:03,12085,12085,12085,2
2020-07-06,15:25:03,12085,12085,12085,2
2020-07-06,15:25:03,12085,12085,12085,2
2020-07-06,15:25:03,12085,12085,12085,2
2020-07-06,15:25:03,12085,12085,12085,2
2020-07-06,15:25:03,12085,12085,12085,2
2020-07-06,15:25:03,12085,12085,12085,2
2020-07-06,15:25:03,12085,12085,12085,2
2020-07-06,15:25:04,12085,12085,12085,2
2020-07-06,15:25:04,12085,12085,12085,2
2020-07-06,15:25:04,12085,12085,12085,2
2020-07-06,15:25:04,12085,12085,12085,2
2020-07-06,15:25:04,12086,12086,12086,4
2020-07-06,15:25:05,12086,12086,12086,2
2020-07-06,15:25:06,12087,12087,12087,2
2020-07-06,15:25:06,12087,12087,12087,8
2020-07-06,15:25:06,12088,12088,12088,2
2020-07-06,15:25:06,12087,12087,12087,2
2020-07-06,15:25:09,12087,12087,12087,2
2020-07-06,15:25:10,12087,12087,12087,4
2020-07-06,15:25:11,12086,12086,12086,2
2020-07-06,15:25:11,12086,12086,12086,2
2020-07-06,15:25:11,12086,12086,12086,2
2020-07-06,15:25:11,12086,12086,12086,2
2020-07-06,15:25:11,12086,12086,12086,2
2020-07-06,15:25:17,12087,12087,12087,2
2020-07-06,15:25:17,12087,12087,12087,2
2020-07-06,15:25:17,12088,12088,12088,6
2020-07-06,15:25:33,12088,12088,12088,2
2020-07-06,15:25:36,12088,12088,12088,10
2020-07-06,15:25:37,12088,12088,12088,10
2020-07-06,15:25:41,12088,12088,12088,2
2020-07-06,15:25:41,12088,12088,12088,2
2020-07-06,15:25:46,12089,12089,12089,8
2020-07-06,15:25:46,12089,12089,12089,2
2020-07-06,15:25:59,12089,12089,12089,2
2020-07-06,15:26:02,12089,12089,12089,2
2020-07-06,15:26:03,12090,12090,12090,6
2020-07-06,15:26:03,12089,12089,12089,2
2020-07-06,15:26:04,12090,12090,12090,16
2020-07-06,15:26:05,12090,12090,12090,2
2020-07-06,15:26:05,12090,12090,12090,2
2020-07-06,15:26:05,12091,12091,12091,2
2020-07-06,15:26:06,12091,12091,12091,2
2020-07-06,15:26:06,12090,12090,12090,4
2020-07-06,15:26:07,12091,12091,12091,2
2020-07-06,15:26:08,12090,12090,12090,2
2020-07-06,15:26:08,12090,12090,12090,2
2020-07-06,15:26:08,12090,12090,12090,2
2020-07-06,15:26:08,12090,12090,12090,6
2020-07-06,15:26:12,12091,12091,12091,2
2020-07-06,15:26:12,12091,12091,12091,6
2020-07-06,15:26:12,12091,12091,12091,6
2020-07-06,15:26:13,12091,12091,12091,2
2020-07-06,15:26:18,12091,12091,12091,2
2020-07-06,15:26:19,12091,12091,12091,4
2020-07-06,15:26:27,12091,12091,12091,10
2020-07-06,15:26:28,12090,12090,12090,2
2020-07-06,15:26:28,12090,12090,12090,2
2020-07-06,15:26:28,12090,12090,12090,2
2020-07-06,15:26:28,12090,12090,12090,2
2020-07-06,15:26:28,12091,12091,12091,2
2020-07-06,15:26:28,12091,12091,12091,2
2020-07-06,15:26:30,12091,12091,12091,2
2020-07-06,15:26:33,12091,12091,12091,10
2020-07-06,15:26:34,12090,12090,12090,2
2020-07-06,15:26:38,12090,12090,12090,8
2020-07-06,15:26:38,12090,12090,12090,4
2020-07-06,15:26:38,12090,12090,12090,46
2020-07-06,15:26:38,12090,12090,12090,8
2020-07-06,15:26:38,12090,12090,12090,2
2020-07-06,15:26:38,12090,12090,12090,12
2020-07-06,15:26:38,12090,12090,12090,2
2020-07-06,15:26:38,12089,12089,12089,2
2020-07-06,15:26:38,12089,12089,12089,8
2020-07-06,15:26:38,12090,12090,12090,2
2020-07-06,15:26:39,12090,12090,12090,22
2020-07-06,15:26:39,12090,12090,12090,2
2020-07-06,15:26:39,12090,12090,12090,2
2020-07-06,15:26:42,12091,12091,12091,4
2020-07-06,15:26:43,12090,12090,12090,2
2020-07-06,15:26:43,12090,12090,12090,2
2020-07-06,15:26:47,12090,12090,12090,2
2020-07-06,15:26:47,12090,12090,12090,2
2020-07-06,15:26:50,12090,12090,12090,2
2020-07-06,15:26:50,12090,12090,12090,2
2020-07-06,15:26:52,12090,12090,12090,4
2020-07-06,15:26:52,12090,12090,12090,2
2020-07-06,15:26:54,12090,12090,12090,2
2020-07-06,15:26:54,12090,12090,12090,2
2020-07-06,15:26:54,12090,12090,12090,2
2020-07-06,15:26:54,12090,12090,12090,2
2020-07-06,15:26:58,12090,12090,12090,2
2020-07-06,15:27:02,12090,12090,12090,2
2020-07-06,15:27:02,12090,12090,12090,2
2020-07-06,15:27:02,12090,12090,12090,8
2020-07-06,15:27:02,12090,12090,12090,2
2020-07-06,15:27:05,12090,12090,12090,2
2020-07-06,15:27:05,12090,12090,12090,2
2020-07-06,15:27:07,12089,12089,12089,2
2020-07-06,15:27:07,12089,12089,12089,2
2020-07-06,15:27:07,12089,12089,12089,20
2020-07-06,15:27:07,12089,12089,12089,2
2020-07-06,15:27:07,12089,12089,12089,2
2020-07-06,15:27:07,12089,12089,12089,2
2020-07-06,15:27:07,12089,12089,12089,2
2020-07-06,15:27:08,12089,12089,12089,4
2020-07-06,15:27:08,12089,12089,12089,4
2020-07-06,15:27:08,12089,12089,12089,4
2020-07-06,15:27:08,12089,12089,12089,2
2020-07-06,15:27:08,12090,12090,12090,2
2020-07-06,15:27:12,12089,12089,12089,2
2020-07-06,15:27:13,12089,12089,12089,2
2020-07-06,15:27:13,12089,12089,12089,2
2020-07-06,15:27:13,12089,12089,12089,4
2020-07-06,15:27:13,12089,12089,12089,2
2020-07-06,15:27:14,12088,12088,12088,2
2020-07-06,15:27:14,12088,12088,12088,2
2020-07-06,15:27:14,12088,12088,12088,2
2020-07-06,15:27:14,12088,12088,12088,4
2020-07-06,15:27:20,12089,12089,12089,2
2020-07-06,15:27:23,12090,12090,12090,2
2020-07-06,15:27:24,12091,12091,12091,10
2020-07-06,15:27:24,12091,12091,12091,8
2020-07-06,15:27:31,12091,12091,12091,2
2020-07-06,15:27:36,12090,12090,12090,2
2020-07-06,15:27:37,12090,12090,12090,2
2020-07-06,15:27:40,12090,12090,12090,2
2020-07-06,15:27:47,12090,12090,12090,2
2020-07-06,15:27:47,12091,12091,12091,2
2020-07-06,15:27:51,12091,12091,12091,6
2020-07-06,15:28:00,12090,12090,12090,2
2020-07-06,15:28:11,12090,12090,12090,4
2020-07-06,15:28:11,12090,12090,12090,2
2020-07-06,15:28:11,12090,12090,12090,2
2020-07-06,15:28:11,12090,12090,12090,2
2020-07-06,15:28:11,12090,12090,12090,2
2020-07-06,15:28:12,12090,12090,12090,2
2020-07-06,15:28:12,12089,12089,12089,2
2020-07-06,15:28:12,12089,12089,12089,10
2020-07-06,15:28:12,12089,12089,12089,4
2020-07-06,15:28:12,12089,12089,12089,6
2020-07-06,15:28:12,12089,12089,12089,8
2020-07-06,15:28:12,12089,12089,12089,16
2020-07-06,15:28:12,12089,12089,12089,2
2020-07-06,15:28:12,12089,12089,12089,2
2020-07-06,15:28:12,12089,12089,12089,2
2020-07-06,15:28:12,12089,12089,12089,2
2020-07-06,15:28:12,12089,12089,12089,6
2020-07-06,15:28:12,12089,12089,12089,2
2020-07-06,15:28:13,12088,12088,12088,4
2020-07-06,15:28:13,12088,12088,12088,2
2020-07-06,15:28:13,12088,12088,12088,4
2020-07-06,15:28:13,12088,12088,12088,2
2020-07-06,15:28:13,12088,12088,12088,20
2020-07-06,15:28:13,12088,12088,12088,4
2020-07-06,15:28:13,12088,12088,12088,2
2020-07-06,15:28:13,12088,12088,12088,2
2020-07-06,15:28:13,12088,12088,12088,2
2020-07-06,15:28:13,12088,12088,12088,2
2020-07-06,15:28:13,12088,12088,12088,2
2020-07-06,15:28:13,12087,12087,12087,2
2020-07-06,15:28:13,12087,12087,12087,2
2020-07-06,15:28:13,12087,12087,12087,8
2020-07-06,15:28:13,12087,12087,12087,2
2020-07-06,15:28:13,12087,12087,12087,4
2020-07-06,15:28:13,12087,12087,12087,2
2020-07-06,15:28:14,12088,12088,12088,2
2020-07-06,15:28:17,12086,12086,12086,8
2020-07-06,15:28:17,12086,12086,12086,2
2020-07-06,15:28:17,12086,12086,12086,2
2020-07-06,15:28:17,12086,12086,12086,2
2020-07-06,15:28:17,12086,12086,12086,2
2020-07-06,15:28:17,12086,12086,12086,2
2020-07-06,15:28:17,12086,12086,12086,4
2020-07-06,15:28:17,12086,12086,12086,2
2020-07-06,15:28:17,12086,12086,12086,4
2020-07-06,15:28:17,12086,12086,12086,2
2020-07-06,15:28:17,12085,12085,12085,2
2020-07-06,15:28:17,12085,12085,12085,2
2020-07-06,15:28:17,12085,12085,12085,2
2020-07-06,15:28:17,12085,12085,12085,2
2020-07-06,15:28:17,12085,12085,12085,2
2020-07-06,15:28:17,12085,12085,12085,2
2020-07-06,15:28:17,12085,12085,12085,2
2020-07-06,15:28:17,12085,12085,12085,2
2020-07-06,15:28:17,12086,12086,12086,2
2020-07-06,15:28:17,12086,12086,12086,2
2020-07-06,15:28:17,12086,12086,12086,6
2020-07-06,15:28:17,12086,12086,12086,4
2020-07-06,15:28:17,12085,12085,12085,2
2020-07-06,15:28:19,12085,12085,12085,2
2020-07-06,15:28:19,12085,12085,12085,2
2020-07-06,15:28:19,12085,12085,12085,10
2020-07-06,15:28:19,12085,12085,12085,2
2020-07-06,15:28:19,12085,12085,12085,2
2020-07-06,15:28:19,12085,12085,12085,2
2020-07-06,15:28:19,12085,12085,12085,2
2020-07-06,15:28:19,12085,12085,12085,2
2020-07-06,15:28:19,12085,12085,12085,4
2020-07-06,15:28:20,12086,12086,12086,2
2020-07-06,15:28:22,12085,12085,12085,2
2020-07-06,15:28:25,12085,12085,12085,2
2020-07-06,15:28:25,12085,12085,12085,2
2020-07-06,15:28:25,12085,12085,12085,2
2020-07-06,15:28:27,12084,12084,12084,2
2020-07-06,15:28:28,12084,12084,12084,2
2020-07-06,15:28:28,12085,12085,12085,10
2020-07-06,15:28:31,12084,12084,12084,2
2020-07-06,15:28:32,12085,12085,12085,10
2020-07-06,15:28:32,12086,12086,12086,2
2020-07-06,15:28:33,12085,12085,12085,2
2020-07-06,15:28:33,12085,12085,12085,2
2020-07-06,15:28:37,12086,12086,12086,2
2020-07-06,15:28:39,12087,12087,12087,4
2020-07-06,15:28:40,12086,12086,12086,2
2020-07-06,15:28:41,12088,12088,12088,2
2020-07-06,15:28:41,12086,12086,12086,2
2020-07-06,15:28:45,12087,12087,12087,4
2020-07-06,15:28:46,12087,12087,12087,2
2020-07-06,15:28:46,12088,12088,12088,2
2020-07-06,15:28:49,12087,12087,12087,4
2020-07-06,15:28:51,12086,12086,12086,2
2020-07-06,15:28:51,12086,12086,12086,2
2020-07-06,15:28:51,12086,12086,12086,2
2020-07-06,15:28:53,12086,12086,12086,2
2020-07-06,15:28:53,12086,12086,12086,2
2020-07-06,15:28:58,12086,12086,12086,10
2020-07-06,15:28:59,12087,12087,12087,2
2020-07-06,15:29:00,12086,12086,12086,2
2020-07-06,15:29:01,12087,12087,12087,2
2020-07-06,15:29:05,12087,12087,12087,4
2020-07-06,15:29:07,12087,12087,12087,30
2020-07-06,15:29:07,12087,12087,12087,8
2020-07-06,15:29:07,12087,12087,12087,2
2020-07-06,15:29:07,12087,12087,12087,4
2020-07-06,15:29:08,12087,12087,12087,2
2020-07-06,15:29:08,12087,12087,12087,2
2020-07-06,15:29:11,12087,12087,12087,2
2020-07-06,15:29:17,12087,12087,12087,2
2020-07-06,15:29:17,12086,12086,12086,2
2020-07-06,15:29:18,12087,12087,12087,2
2020-07-06,15:29:20,12087,12087,12087,2
2020-07-06,15:29:21,12087,12087,12087,2
2020-07-06,15:29:24,12087,12087,12087,2
2020-07-06,15:29:27,12087,12087,12087,2
2020-07-06,15:29:29,12087,12087,12087,2
2020-07-06,15:29:30,12087,12087,12087,2
2020-07-06,15:29:37,12086,12086,12086,2
2020-07-06,15:29:38,12087,12087,12087,10
2020-07-06,15:29:40,12087,12087,12087,2
2020-07-06,15:29:52,12087,12087,12087,2
2020-07-06,15:29:53,12088,12088,12088,16
2020-07-06,15:29:53,12089,12089,12089,2
2020-07-06,15:29:57,12090,12090,12090,2
2020-07-06,15:29:59,12089,12089,12089,2
2020-07-06,15:30:01,12090,12090,12090,2
2020-07-06,15:30:01,12090,12090,12090,2
2020-07-06,15:30:01,12090,12090,12090,2
2020-07-06,15:30:01,12090,12090,12090,2
2020-07-06,15:30:01,12090,12090,12090,2
2020-07-06,15:30:01,12090,12090,12090,20
2020-07-06,15:30:01,12091,12091,12091,2
2020-07-06,15:30:01,12091,12091,12091,6
2020-07-06,15:30:01,12091,12091,12091,2
2020-07-06,15:30:01,12091,12091,12091,2
2020-07-06,15:30:01,12091,12091,12091,4
2020-07-06,15:30:01,12092,12092,12092,4
2020-07-06,15:30:01,12092,12092,12092,6
2020-07-06,15:30:01,12092,12092,12092,2
2020-07-06,15:30:01,12091,12091,12091,2
2020-07-06,15:30:01,12091,12091,12091,2
2020-07-06,15:30:01,12091,12091,12091,2
2020-07-06,15:30:01,12092,12092,12092,2
2020-07-06,15:30:01,12092,12092,12092,46
2020-07-06,15:30:01,12093,12093,12093,2
2020-07-06,15:30:02,12093,12093,12093,2
2020-07-06,15:30:02,12093,12093,12093,2
2020-07-06,15:30:02,12093,12093,12093,16
2020-07-06,15:30:02,12093,12093,12093,24
2020-07-06,15:30:02,12094,12094,12094,2
2020-07-06,15:30:02,12094,12094,12094,2
2020-07-06,15:30:02,12094,12094,12094,2
2020-07-06,15:30:02,12093,12093,12093,2
2020-07-06,15:30:02,12093,12093,12093,2
2020-07-06,15:30:02,12092,12092,12092,2
2020-07-06,15:30:02,12092,12092,12092,2
2020-07-06,15:30:02,12092,12092,12092,2
2020-07-06,15:30:02,12092,12092,12092,2
2020-07-06,15:30:02,12092,12092,12092,6
2020-07-06,15:30:02,12092,12092,12092,2
2020-07-06,15:30:02,12092,12092,12092,2
2020-07-06,15:30:02,12092,12092,12092,2
2020-07-06,15:30:03,12093,12093,12093,2
2020-07-06,15:30:03,12092,12092,12092,4
2020-07-06,15:30:03,12092,12092,12092,4
2020-07-06,15:30:03,12092,12092,12092,6
2020-07-06,15:30:03,12091,12091,12091,6
2020-07-06,15:30:03,12093,12093,12093,2
2020-07-06,15:30:04,12092,12092,12092,4
2020-07-06,15:30:04,12092,12092,12092,2
2020-07-06,15:30:04,12093,12093,12093,2
2020-07-06,15:30:05,12093,12093,12093,2
2020-07-06,15:30:05,12092,12092,12092,2
2020-07-06,15:30:05,12092,12092,12092,2
2020-07-06,15:30:05,12092,12092,12092,2
2020-07-06,15:30:05,12093,12093,12093,2
2020-07-06,15:30:06,12093,12093,12093,2
2020-07-06,15:30:07,12092,12092,12092,2
2020-07-06,15:30:09,12092,12092,12092,2
2020-07-06,15:30:09,12092,12092,12092,2
2020-07-06,15:30:10,12091,12091,12091,2
2020-07-06,15:30:13,12093,12093,12093,4
2020-07-06,15:30:14,12093,12093,12093,2
2020-07-06,15:30:14,12094,12094,12094,8
2020-07-06,15:30:14,12094,12094,12094,8
2020-07-06,15:30:14,12094,12094,12094,4
2020-07-06,15:30:15,12095,12095,12095,2
2020-07-06,15:30:15,12095,12095,12095,2
2020-07-06,15:30:15,12095,12095,12095,12
2020-07-06,15:30:15,12095,12095,12095,2
2020-07-06,15:30:15,12095,12095,12095,2
