2024-05-28 15:00:00.024,21952,21957,21956,72,72
2024-05-28 15:00:00.025,21954,21956,21954,1,-1
2024-05-28 15:00:00.036,21954,21956,21956,1,1
2024-05-28 15:00:00.037,21954,21956,21956,1,1
2024-05-28 15:00:00.046,21954,21956,21953,2,-2
2024-05-28 15:00:00.046,21954,21956,21952,4,-4
2024-05-28 15:00:00.067,21952,21956,21956,1,1
2024-05-28 15:00:00.075,21952,21956,21952,1,-1
2024-05-28 15:00:00.256,21951,21953,21952,2,-2
2024-05-28 15:00:00.278,21951,21953,21953,1,1
2024-05-28 15:00:00.281,21951,21953,21953,1,1
2024-05-28 15:00:00.354,21951,21953,21953,2,2
2024-05-28 15:00:00.556,21952,21954,21954,2,2
2024-05-28 15:00:00.603,21953,21956,21953,1,-1
2024-05-28 15:00:00.609,21953,21956,21955,1,1
2024-05-28 15:00:00.676,21953,21956,21952,3,-3
2024-05-28 15:00:00.728,21951,21955,21951,1,-1
2024-05-28 15:00:00.790,21951,21955,21951,1,-1
2024-05-28 15:00:00.828,21952,21954,21951,2,-2
2024-05-28 15:00:00.866,21952,21954,21951,1,-1
2024-05-28 15:00:00.951,21951,21953,21953,2,2
2024-05-28 15:00:01.035,21951,21953,21953,1,1
2024-05-28 15:00:01.047,21951,21953,21952,1,1
2024-05-28 15:00:01.171,21952,21954,21952,1,-1
2024-05-28 15:00:01.174,21952,21954,21952,1,-1
2024-05-28 15:00:01.174,21952,21954,21952,1,-1
2024-05-28 15:00:01.175,21952,21954,21952,2,-2
2024-05-28 15:00:01.175,21952,21954,21951,2,-2
2024-05-28 15:00:01.176,21952,21954,21951,6,-6
2024-05-28 15:00:01.243,21950,21951,21950,1,-1
2024-05-28 15:00:01.295,21950,21951,21950,1,-1
2024-05-28 15:00:01.304,21950,21951,21950,1,-1
2024-05-28 15:00:01.312,21950,21951,21950,1,-1
2024-05-28 15:00:01.324,21950,21951,21950,1,-1
2024-05-28 15:00:01.324,21950,21951,21950,6,-6
2024-05-28 15:00:01.430,21950,21951,21949,1,-1
2024-05-28 15:00:01.487,21948,21950,21950,1,1
2024-05-28 15:00:01.497,21948,21950,21951,1,1
2024-05-28 15:00:01.504,21948,21950,21951,1,1
2024-05-28 15:00:01.504,21948,21950,21951,1,1
2024-05-28 15:00:02.054,21950,21951,21950,1,-1
2024-05-28 15:00:02.159,21950,21951,21951,1,1
2024-05-28 15:00:02.459,21951,21953,21953,1,1
2024-05-28 15:00:02.464,21951,21953,21954,2,2
2024-05-28 15:00:02.464,21951,21953,21955,2,2
2024-05-28 15:00:02.535,21951,21953,21952,4,4
2024-05-28 15:00:02.535,21951,21953,21953,1,1
2024-05-28 15:00:02.633,21950,21952,21952,1,1
2024-05-28 15:00:02.900,21951,21952,21952,1,1
2024-05-28 15:00:03.035,21951,21952,21951,1,-1
2024-05-28 15:00:03.080,21951,21952,21952,1,1
2024-05-28 15:00:03.171,21951,21952,21952,2,2
2024-05-28 15:00:04.139,21952,21953,21953,5,5
2024-05-28 15:00:04.140,21952,21953,21952,2,-2
2024-05-28 15:00:04.308,21951,21953,21953,3,3
2024-05-28 15:00:04.575,21951,21953,21951,3,-3
2024-05-28 15:00:04.650,21951,21953,21953,2,2
2024-05-28 15:00:05.548,21951,21953,21952,1,1
2024-05-28 15:00:05.548,21951,21953,21951,4,-4
2024-05-28 15:00:05.997,21951,21952,21951,1,-1
2024-05-28 15:00:07.095,21951,21952,21951,5,-5
2024-05-28 15:00:07.227,21950,21951,21952,1,1
2024-05-28 15:00:07.227,21950,21951,21951,1,1
2024-05-28 15:00:08.067,21951,21952,21951,2,-2
2024-05-28 15:00:08.177,21951,21952,21954,3,3
2024-05-28 15:00:08.796,21951,21954,21951,1,-1
2024-05-28 15:00:10.587,21952,21953,21952,4,-4
2024-05-28 15:00:11.608,21951,21952,21951,1,-1
2024-05-28 15:00:12.819,21950,21952,21952,2,2
2024-05-28 15:00:13.087,21950,21952,21950,5,-5
2024-05-28 15:00:13.162,21950,21952,21950,1,-1
2024-05-28 15:00:15.607,21950,21951,21950,2,-2
2024-05-28 15:00:17.384,21949,21950,21950,1,1
2024-05-28 15:00:18.127,21949,21950,21949,9,-9
2024-05-28 15:00:19.168,21949,21950,21950,1,1
2024-05-28 15:00:19.295,21949,21950,21950,2,2
2024-05-28 15:00:19.693,21949,21950,21951,1,1
2024-05-28 15:00:19.693,21949,21950,21950,3,3
2024-05-28 15:00:21.107,21950,21951,21950,1,-1
2024-05-28 15:00:21.107,21950,21951,21950,2,-2
2024-05-28 15:00:21.408,21949,21951,21949,1,-1
2024-05-28 15:00:23.602,21949,21950,21949,1,-1
2024-05-28 15:00:23.602,21949,21950,21948,1,-1
2024-05-28 15:00:24.315,21949,21950,21950,1,1
2024-05-28 15:00:24.616,21949,21950,21949,1,-1
2024-05-28 15:00:25.350,21949,21950,21949,1,-1
2024-05-28 15:00:25.729,21949,21950,21950,1,1
2024-05-28 15:00:26.082,21949,21951,21949,1,-1
2024-05-28 15:00:27.356,21948,21950,21948,9,-9
2024-05-28 15:00:27.601,21948,21950,21948,1,-1
2024-05-28 15:00:27.934,21947,21950,21947,1,-1
2024-05-28 15:00:29.051,21947,21949,21947,1,-1
2024-05-28 15:00:29.936,21947,21949,21947,1,-1
2024-05-28 15:00:31.222,21947,21948,21947,1,-1
2024-05-28 15:00:31.424,21947,21948,21948,1,1
2024-05-28 15:00:31.424,21947,21948,21949,3,3
2024-05-28 15:00:31.519,21949,21951,21951,1,1
2024-05-28 15:00:31.634,21949,21951,21951,5,5
2024-05-28 15:00:32.890,21949,21951,21951,1,1
2024-05-28 15:00:32.890,21949,21951,21951,1,1
2024-05-28 15:00:32.890,21949,21951,21951,5,5
2024-05-28 15:00:32.940,21950,21952,21952,3,3
2024-05-28 15:00:32.940,21950,21952,21953,2,2
2024-05-28 15:00:33.487,21951,21953,21951,2,-2
2024-05-28 15:00:33.587,21951,21953,21951,1,-1
2024-05-28 15:00:35.152,21951,21952,21952,5,5
2024-05-28 15:00:35.153,21951,21952,21952,1,1
2024-05-28 15:00:36.563,21951,21952,21951,1,-1
2024-05-28 15:00:36.966,21951,21952,21951,1,-1
2024-05-28 15:00:37.215,21950,21951,21951,1,1
2024-05-28 15:00:39.099,21950,21951,21950,1,-1
2024-05-28 15:00:39.360,21950,21951,21950,1,-1
2024-05-28 15:00:41.298,21950,21951,21950,1,-1
2024-05-28 15:00:44.181,21950,21951,21951,3,3
2024-05-28 15:00:44.181,21950,21951,21951,1,1
2024-05-28 15:00:46.829,21951,21952,21952,1,1
2024-05-28 15:00:46.829,21951,21952,21952,1,1
2024-05-28 15:00:46.829,21951,21952,21952,2,2
2024-05-28 15:00:46.829,21951,21952,21952,1,1
2024-05-28 15:00:47.474,21952,21953,21953,2,2
2024-05-28 15:00:48.510,21952,21953,21953,1,1
2024-05-28 15:00:51.315,21952,21953,21952,4,-4
2024-05-28 15:00:54.875,21951,21952,21951,4,-4
2024-05-28 15:00:54.900,21951,21952,21951,1,-1
2024-05-28 15:00:55.577,21950,21952,21952,1,1
2024-05-28 15:00:58.034,21950,21952,21952,2,2
2024-05-28 15:00:58.034,21950,21952,21952,1,1
2024-05-28 15:00:58.114,21950,21953,21953,4,4
2024-05-28 15:01:00.003,21950,21953,21953,4,4
2024-05-28 15:01:00.037,21950,21953,21951,1,-1
2024-05-28 15:01:00.039,21950,21953,21951,1,-1
2024-05-28 15:01:00.054,21950,21953,21951,2,-2
2024-05-28 15:01:00.187,21950,21952,21952,3,3
2024-05-28 15:01:00.220,21950,21952,21950,3,-3
2024-05-28 15:01:00.303,21950,21952,21950,3,-3
2024-05-28 15:01:00.385,21950,21952,21950,3,-3
2024-05-28 15:01:00.524,21950,21952,21950,2,-2
2024-05-28 15:01:00.576,21950,21952,21950,3,-3
2024-05-28 15:01:00.681,21950,21952,21950,1,-1
2024-05-28 15:01:00.712,21950,21951,21949,2,-2
2024-05-28 15:01:00.712,21950,21951,21950,4,-4
2024-05-28 15:01:00.718,21950,21951,21949,4,-4
2024-05-28 15:01:00.742,21950,21951,21949,2,-2
2024-05-28 15:01:00.746,21950,21951,21950,1,-1
2024-05-28 15:01:01.253,21949,21950,21950,1,1
2024-05-28 15:01:01.315,21949,21950,21951,1,1
2024-05-28 15:01:03.380,21949,21951,21950,1,1
2024-05-28 15:01:05.328,21949,21952,21952,2,2
2024-05-28 15:01:19.480,21950,21951,21950,6,-6
2024-05-28 15:01:20.195,21949,21950,21950,4,4
2024-05-28 15:01:23.475,21949,21950,21950,1,1
2024-05-28 15:01:27.854,21949,21950,21949,6,-6
2024-05-28 15:01:27.856,21949,21950,21948,4,-4
2024-05-28 15:01:27.856,21949,21950,21948,2,-2
2024-05-28 15:01:28.211,21947,21948,21947,1,-1
2024-05-28 15:01:28.211,21947,21948,21947,7,-7
2024-05-28 15:01:28.211,21947,21948,21947,1,-1
2024-05-28 15:01:28.211,21947,21948,21947,4,-4
2024-05-28 15:01:28.212,21947,21948,21946,1,-1
2024-05-28 15:01:28.212,21947,21948,21946,3,-3
2024-05-28 15:01:28.315,21946,21947,21947,1,1
2024-05-28 15:01:28.509,21946,21948,21948,1,1
2024-05-28 15:01:29.076,21946,21948,21948,3,3
2024-05-28 15:01:29.246,21947,21949,21949,1,1
2024-05-28 15:01:30.772,21946,21948,21948,1,1
2024-05-28 15:01:32.885,21946,21948,21948,1,1
2024-05-28 15:01:32.885,21946,21948,21949,1,1
2024-05-28 15:01:36.897,21947,21949,21949,4,4
2024-05-28 15:01:38.902,21948,21950,21949,1,1
2024-05-28 15:01:38.940,21948,21950,21950,1,1
2024-05-28 15:01:38.940,21948,21950,21950,1,1
2024-05-28 15:01:38.940,21948,21950,21950,1,1
2024-05-28 15:01:38.945,21948,21950,21950,1,1
2024-05-28 15:01:45.226,21949,21950,21950,1,1
2024-05-28 15:01:45.297,21949,21950,21950,1,1
2024-05-28 15:01:45.461,21949,21951,21951,1,1
2024-05-28 15:01:50.488,21950,21952,21952,3,3
2024-05-28 15:01:50.488,21950,21952,21952,3,3
2024-05-28 15:01:50.488,21950,21952,21952,1,1
2024-05-28 15:01:50.545,21950,21952,21951,1,1
2024-05-28 15:01:52.299,21951,21953,21953,2,2
2024-05-28 15:01:55.273,21952,21953,21953,3,3
2024-05-28 15:01:55.273,21952,21953,21953,2,2
2024-05-28 15:01:58.323,21953,21954,21954,1,1
2024-05-28 15:01:59.514,21953,21954,21954,4,4
2024-05-28 15:01:59.707,21953,21955,21955,1,1
2024-05-28 15:01:59.707,21953,21955,21955,1,1
2024-05-28 15:01:59.707,21953,21955,21955,1,1
2024-05-28 15:01:59.708,21953,21955,21955,1,1
2024-05-28 15:01:59.708,21953,21955,21955,1,1
2024-05-28 15:01:59.708,21953,21955,21955,1,1
2024-05-28 15:02:00.244,21954,21956,21955,1,1
2024-05-28 15:02:00.244,21954,21956,21955,5,5
2024-05-28 15:02:00.244,21954,21956,21955,1,1
2024-05-28 15:02:00.515,21954,21955,21954,2,-2
2024-05-28 15:02:00.715,21954,21955,21954,4,-4
2024-05-28 15:02:00.715,21954,21955,21953,1,-1
2024-05-28 15:02:01.012,21953,21955,21953,1,-1
2024-05-28 15:02:01.058,21953,21955,21953,2,-2
2024-05-28 15:02:03.525,21954,21955,21955,1,1
2024-05-28 15:02:05.696,21954,21955,21955,1,1
2024-05-28 15:02:06.502,21954,21955,21955,2,2
2024-05-28 15:02:06.502,21954,21955,21955,1,1
2024-05-28 15:02:08.118,21954,21956,21954,3,-3
2024-05-28 15:02:08.546,21954,21956,21955,1,-1
2024-05-28 15:02:11.290,21954,21956,21954,1,-1
2024-05-28 15:02:11.293,21954,21956,21954,1,-1
2024-05-28 15:02:11.293,21954,21956,21954,4,-4
2024-05-28 15:02:11.294,21954,21956,21954,9,-9
2024-05-28 15:02:11.384,21953,21954,21954,1,1
2024-05-28 15:02:13.334,21953,21954,21954,1,1
2024-05-28 15:02:16.773,21953,21955,21953,1,-1
2024-05-28 15:02:20.189,21953,21955,21954,1,-1
2024-05-28 15:02:24.325,21954,21955,21954,1,-1
2024-05-28 15:02:25.879,21953,21955,21955,2,2
2024-05-28 15:02:29.391,21953,21954,21954,1,1
2024-05-28 15:02:32.412,21953,21954,21954,1,1
2024-05-28 15:02:32.420,21953,21954,21955,1,1
2024-05-28 15:02:32.420,21953,21954,21955,1,1
2024-05-28 15:02:32.421,21953,21954,21955,1,1
2024-05-28 15:02:32.974,21953,21956,21953,1,-1
2024-05-28 15:02:34.455,21953,21955,21955,1,1
2024-05-28 15:02:37.454,21953,21954,21954,2,2
2024-05-28 15:02:39.316,21954,21955,21955,1,1
2024-05-28 15:02:40.575,21955,21956,21955,1,-1
2024-05-28 15:02:45.266,21955,21956,21955,1,-1
2024-05-28 15:02:46.450,21955,21956,21956,5,5
2024-05-28 15:02:46.450,21955,21956,21956,3,3
2024-05-28 15:02:46.450,21955,21956,21956,3,3
2024-05-28 15:02:46.670,21956,21957,21956,1,-1
2024-05-28 15:02:47.601,21955,21957,21955,1,-1
2024-05-28 15:02:47.857,21955,21957,21957,1,1
2024-05-28 15:02:48.561,21955,21957,21957,6,6
2024-05-28 15:02:48.562,21956,21957,21957,1,1
2024-05-28 15:02:48.562,21956,21957,21957,1,1
2024-05-28 15:02:48.562,21956,21957,21957,1,1
2024-05-28 15:02:50.762,21956,21958,21957,1,1
2024-05-28 15:02:54.924,21957,21958,21957,1,-1
2024-05-28 15:02:55.272,21956,21958,21958,3,3
2024-05-28 15:02:55.438,21957,21958,21957,1,-1
2024-05-28 15:02:55.530,21957,21958,21958,6,6
2024-05-28 15:02:59.198,21957,21958,21958,3,3
2024-05-28 15:02:59.201,21957,21958,21958,7,7
2024-05-28 15:02:59.591,21957,21959,21958,1,1
2024-05-28 15:03:00.030,21957,21959,21959,1,1
2024-05-28 15:03:00.031,21957,21959,21959,2,2
2024-05-28 15:03:00.052,21957,21959,21959,1,1
2024-05-28 15:03:00.063,21957,21959,21959,1,1
2024-05-28 15:03:00.069,21957,21959,21959,1,1
2024-05-28 15:03:00.075,21957,21959,21959,2,2
2024-05-28 15:03:00.103,21957,21959,21959,1,1
2024-05-28 15:03:00.126,21957,21959,21960,1,1
2024-05-28 15:03:00.931,21958,21960,21958,1,-1
2024-05-28 15:03:01.403,21958,21960,21958,3,-3
2024-05-28 15:03:01.567,21958,21959,21958,1,-1
2024-05-28 15:03:02.119,21957,21959,21957,2,-2
2024-05-28 15:03:02.119,21957,21959,21957,1,-1
2024-05-28 15:03:02.119,21957,21959,21957,1,-1
2024-05-28 15:03:02.131,21957,21959,21958,7,-7
2024-05-28 15:03:02.131,21957,21959,21959,3,3
2024-05-28 15:03:02.414,21956,21959,21959,1,1
2024-05-28 15:03:08.297,21957,21959,21959,1,1
2024-05-28 15:03:11.175,21957,21959,21958,1,1
2024-05-28 15:03:11.698,21957,21959,21958,1,1
2024-05-28 15:03:12.013,21957,21958,21957,1,-1
2024-05-28 15:03:12.619,21956,21958,21958,1,1
2024-05-28 15:03:12.783,21956,21958,21958,1,1
2024-05-28 15:03:12.938,21956,21958,21958,1,1
2024-05-28 15:03:17.466,21956,21958,21957,1,1
2024-05-28 15:03:17.954,21956,21957,21957,1,1
2024-05-28 15:03:21.386,21956,21958,21956,1,-1
2024-05-28 15:03:21.386,21956,21958,21956,4,-4
2024-05-28 15:03:21.386,21956,21958,21956,1,-1
2024-05-28 15:03:21.387,21956,21958,21956,1,-1
2024-05-28 15:03:21.413,21956,21958,21956,1,-1
2024-05-28 15:03:21.440,21955,21957,21957,1,1
2024-05-28 15:03:30.132,21956,21957,21957,4,4
2024-05-28 15:03:30.134,21956,21957,21957,2,2
2024-05-28 15:03:34.823,21957,21958,21958,1,1
2024-05-28 15:03:35.784,21957,21959,21959,1,1
2024-05-28 15:03:37.057,21957,21959,21959,1,1
2024-05-28 15:03:39.234,21957,21959,21959,1,1
2024-05-28 15:03:41.410,21958,21959,21958,1,-1
2024-05-28 15:03:46.946,21957,21958,21957,1,-1
2024-05-28 15:03:47.417,21957,21958,21958,1,1
2024-05-28 15:03:48.543,21957,21958,21957,4,-4
2024-05-28 15:03:48.585,21956,21958,21957,1,-1
2024-05-28 15:03:48.586,21956,21958,21957,1,-1
2024-05-28 15:03:50.826,21956,21958,21956,3,-3
2024-05-28 15:03:50.826,21956,21958,21955,2,-2
2024-05-28 15:03:51.317,21955,21957,21955,5,-5
2024-05-28 15:03:53.108,21954,21956,21954,1,-1
2024-05-28 15:03:56.847,21953,21956,21953,6,-6
2024-05-28 15:03:57.961,21953,21954,21953,1,-1
2024-05-28 15:03:57.961,21953,21954,21952,5,-5
2024-05-28 15:04:00.036,21953,21954,21954,1,1
2024-05-28 15:04:00.197,21953,21954,21954,4,4
2024-05-28 15:04:00.198,21953,21954,21954,3,3
2024-05-28 15:04:01.753,21953,21954,21953,1,-1
2024-05-28 15:04:05.669,21952,21953,21953,5,5
2024-05-28 15:04:07.386,21954,21956,21954,5,-5
2024-05-28 15:04:07.386,21954,21956,21953,1,-1
2024-05-28 15:04:09.126,21953,21955,21953,1,-1
2024-05-28 15:04:09.418,21953,21955,21955,1,1
2024-05-28 15:04:10.502,21953,21955,21955,2,2
2024-05-28 15:04:12.992,21954,21955,21954,3,-3
2024-05-28 15:04:12.992,21954,21955,21953,3,-3
2024-05-28 15:04:13.998,21953,21955,21955,1,1
2024-05-28 15:04:14.894,21953,21955,21953,2,-2
2024-05-28 15:04:15.063,21952,21953,21953,1,1
2024-05-28 15:04:19.006,21952,21953,21952,1,-1
2024-05-28 15:04:19.254,21952,21953,21953,2,2
2024-05-28 15:04:23.442,21953,21954,21953,1,-1
2024-05-28 15:04:25.231,21953,21954,21953,1,-1
2024-05-28 15:04:26.231,21953,21954,21953,1,-1
2024-05-28 15:04:29.176,21953,21954,21953,1,-1
2024-05-28 15:04:31.919,21953,21954,21953,1,-1
2024-05-28 15:04:34.504,21953,21954,21954,1,1
2024-05-28 15:04:34.504,21953,21954,21954,1,1
2024-05-28 15:04:39.965,21954,21955,21954,1,-1
2024-05-28 15:04:39.992,21954,21955,21954,1,-1
2024-05-28 15:04:42.969,21953,21955,21953,6,-6
2024-05-28 15:04:42.996,21953,21955,21953,1,-1
2024-05-28 15:04:59.103,21953,21955,21953,6,-6
2024-05-28 15:05:01.346,21952,21953,21952,4,-4
2024-05-28 15:05:11.512,21952,21953,21952,1,-1
2024-05-28 15:05:13.735,21951,21953,21951,1,-1
2024-05-28 15:05:15.238,21951,21953,21951,1,-1
2024-05-28 15:05:16.836,21951,21953,21951,4,-4
2024-05-28 15:05:16.837,21951,21953,21950,12,-12
2024-05-28 15:05:16.837,21951,21953,21950,1,-1
2024-05-28 15:05:17.042,21949,21950,21950,1,1
2024-05-28 15:05:23.328,21949,21950,21949,2,-2
2024-05-28 15:05:35.510,21948,21949,21948,4,-4
2024-05-28 15:05:37.793,21948,21949,21949,1,1
2024-05-28 15:05:37.794,21948,21949,21949,1,1
2024-05-28 15:05:41.540,21949,21950,21950,3,3
2024-05-28 15:05:56.119,21950,21951,21950,1,-1
2024-05-28 15:06:00.059,21950,21951,21951,1,1
2024-05-28 15:06:00.347,21950,21951,21950,1,-1
2024-05-28 15:06:01.436,21950,21951,21950,2,-2
2024-05-28 15:06:01.682,21950,21951,21950,1,-1
2024-05-28 15:06:01.687,21950,21951,21950,1,-1
2024-05-28 15:06:01.687,21950,21951,21949,2,-2
2024-05-28 15:06:02.357,21949,21951,21949,1,-1
2024-05-28 15:06:02.358,21949,21951,21949,2,-2
2024-05-28 15:06:05.046,21948,21949,21948,2,-2
2024-05-28 15:06:06.117,21948,21949,21949,1,1
2024-05-28 15:06:07.028,21948,21949,21949,1,1
2024-05-28 15:06:07.070,21948,21949,21948,5,-5
2024-05-28 15:06:07.071,21948,21949,21948,7,-7
2024-05-28 15:06:08.741,21947,21948,21947,2,-2
2024-05-28 15:06:08.741,21947,21948,21947,1,-1
2024-05-28 15:06:08.742,21947,21948,21947,10,-10
2024-05-28 15:06:09.787,21946,21947,21946,2,-2
2024-05-28 15:06:10.705,21946,21947,21947,1,1
2024-05-28 15:06:11.244,21946,21947,21947,1,1
2024-05-28 15:06:11.300,21946,21947,21946,1,-1
2024-05-28 15:06:13.298,21946,21947,21946,6,-6
2024-05-28 15:06:13.607,21946,21947,21946,6,-6
2024-05-28 15:06:14.100,21946,21947,21946,5,-5
2024-05-28 15:06:14.100,21946,21947,21945,6,-6
2024-05-28 15:06:14.474,21946,21947,21945,4,-4
2024-05-28 15:06:14.474,21946,21947,21946,1,-1
2024-05-28 15:06:14.738,21945,21947,21945,1,-1
2024-05-28 15:06:14.834,21944,21947,21944,1,-1
2024-05-28 15:06:15.138,21944,21947,21945,1,-1
2024-05-28 15:06:15.309,21945,21947,21946,1,-1
2024-05-28 15:06:15.331,21945,21947,21945,1,-1
2024-05-28 15:06:15.362,21945,21947,21945,5,-5
2024-05-28 15:06:15.424,21945,21947,21944,1,-1
2024-05-28 15:06:15.656,21944,21947,21944,2,-2
2024-05-28 15:06:16.581,21944,21947,21944,5,-5
2024-05-28 15:06:16.918,21944,21947,21944,1,-1
2024-05-28 15:06:19.239,21946,21948,21946,5,-5
2024-05-28 15:06:19.300,21946,21948,21945,5,-5
2024-05-28 15:06:19.592,21945,21947,21945,5,-5
2024-05-28 15:06:22.758,21946,21948,21946,2,-2
2024-05-28 15:06:25.240,21945,21947,21945,1,-1
2024-05-28 15:06:25.560,21945,21947,21946,1,-1
2024-05-28 15:06:26.210,21946,21947,21946,1,-1
2024-05-28 15:06:26.661,21946,21947,21946,1,-1
2024-05-28 15:06:28.854,21945,21947,21947,1,1
2024-05-28 15:06:29.043,21945,21947,21946,1,1
2024-05-28 15:06:29.115,21946,21948,21946,2,-2
2024-05-28 15:06:29.115,21946,21948,21945,3,-3
2024-05-28 15:06:38.134,21945,21947,21947,1,1
2024-05-28 15:06:48.185,21947,21948,21948,1,1
2024-05-28 15:06:48.186,21947,21948,21948,1,1
2024-05-28 15:06:57.008,21949,21951,21950,1,1
2024-05-28 15:06:57.089,21949,21951,21949,1,-1
2024-05-28 15:06:57.899,21948,21949,21949,2,2
2024-05-28 15:07:07.358,21949,21950,21950,1,1
2024-05-28 15:07:08.471,21949,21951,21950,1,1
2024-05-28 15:07:11.209,21950,21951,21950,1,-1
2024-05-28 15:07:17.540,21949,21950,21950,1,1
2024-05-28 15:07:21.029,21950,21951,21951,1,1
2024-05-28 15:07:27.358,21950,21951,21950,1,-1
2024-05-28 15:07:28.837,21950,21951,21950,1,-1
2024-05-28 15:07:34.078,21949,21950,21949,4,-4
2024-05-28 15:07:34.103,21949,21950,21949,1,-1
2024-05-28 15:07:47.940,21949,21950,21950,2,2
2024-05-28 15:07:55.956,21950,21951,21950,1,-1
2024-05-28 15:07:56.195,21950,21951,21951,6,6
2024-05-28 15:08:05.110,21951,21952,21952,1,1
2024-05-28 15:08:05.110,21951,21952,21952,2,2
2024-05-28 15:08:05.264,21951,21953,21952,1,1
2024-05-28 15:08:12.056,21952,21953,21953,1,1
2024-05-28 15:08:18.632,21952,21953,21953,1,1
2024-05-28 15:08:27.951,21952,21953,21953,2,2
2024-05-28 15:08:27.952,21952,21953,21953,5,5
2024-05-28 15:08:31.696,21953,21954,21953,1,-1
2024-05-28 15:08:40.754,21952,21953,21952,1,-1
2024-05-28 15:08:41.791,21952,21953,21952,6,-6
2024-05-28 15:08:41.816,21951,21952,21952,1,1
2024-05-28 15:08:48.713,21951,21952,21951,1,-1
2024-05-28 15:08:53.055,21951,21952,21952,1,1
2024-05-28 15:08:54.483,21951,21952,21952,4,4
2024-05-28 15:08:54.484,21951,21952,21952,1,1
2024-05-28 15:09:01.438,21951,21952,21951,1,-1
2024-05-28 15:09:01.440,21951,21952,21951,1,-1
2024-05-28 15:09:09.809,21950,21951,21951,1,1
2024-05-28 15:09:19.742,21950,21951,21950,5,-5
2024-05-28 15:09:20.226,21950,21951,21950,1,-1
2024-05-28 15:09:21.390,21950,21951,21950,1,-1
2024-05-28 15:09:28.845,21949,21950,21949,1,-1
2024-05-28 15:09:28.845,21949,21950,21949,1,-1
2024-05-28 15:09:29.845,21948,21950,21948,1,-1
2024-05-28 15:09:41.361,21948,21950,21949,1,-1
2024-05-28 15:09:41.617,21948,21950,21948,1,-1
2024-05-28 15:09:44.594,21949,21950,21949,1,-1
2024-05-28 15:09:47.023,21949,21950,21949,1,-1
2024-05-28 15:09:50.399,21949,21950,21949,1,-1
2024-05-28 15:09:50.399,21949,21950,21948,3,-3
2024-05-28 15:09:53.141,21948,21950,21949,1,-1
2024-05-28 15:09:58.972,21948,21950,21948,1,-1
2024-05-28 15:10:00.578,21949,21950,21949,1,-1
2024-05-28 15:10:01.289,21949,21950,21949,1,-1
2024-05-28 15:10:01.583,21949,21950,21950,1,1
2024-05-28 15:10:05.216,21949,21951,21951,1,1
2024-05-28 15:10:05.337,21950,21952,21952,1,1
2024-05-28 15:10:37.797,21951,21952,21952,1,1
2024-05-28 15:10:41.842,21951,21952,21952,1,1
2024-05-28 15:10:41.842,21951,21952,21952,2,2
2024-05-28 15:10:43.959,21952,21953,21953,1,1
2024-05-28 15:10:43.960,21952,21953,21953,1,1
2024-05-28 15:10:49.510,21952,21953,21953,1,1
2024-05-28 15:10:51.289,21952,21953,21952,1,-1
2024-05-28 15:10:51.336,21952,21953,21953,1,1
2024-05-28 15:10:51.337,21952,21953,21953,1,1
2024-05-28 15:10:55.157,21953,21954,21953,1,-1
2024-05-28 15:10:57.119,21953,21954,21954,1,1
2024-05-28 15:10:57.119,21953,21954,21954,2,2
2024-05-28 15:10:57.119,21953,21954,21954,3,3
2024-05-28 15:10:57.997,21954,21955,21955,4,4
2024-05-28 15:10:57.997,21954,21955,21955,1,1
2024-05-28 15:10:57.997,21954,21955,21955,1,1
2024-05-28 15:10:57.997,21954,21955,21955,1,1
2024-05-28 15:10:57.997,21954,21955,21955,1,1
2024-05-28 15:10:57.997,21954,21955,21955,2,2
2024-05-28 15:10:57.997,21954,21955,21955,2,2
2024-05-28 15:10:57.997,21954,21955,21955,1,1
2024-05-28 15:10:57.997,21954,21955,21955,1,1
2024-05-28 15:10:57.997,21954,21955,21955,1,1
2024-05-28 15:10:57.997,21954,21955,21955,2,2
2024-05-28 15:11:04.948,21954,21956,21955,1,1
2024-05-28 15:11:05.857,21954,21955,21954,1,-1
2024-05-28 15:11:05.882,21954,21955,21954,1,-1
2024-05-28 15:11:06.546,21953,21954,21953,1,-1
2024-05-28 15:11:30.407,21951,21952,21951,1,-1
2024-05-28 15:11:37.002,21951,21952,21952,1,1
2024-05-28 15:11:37.002,21951,21952,21952,1,1
2024-05-28 15:11:41.221,21951,21952,21951,1,-1
2024-05-28 15:11:41.221,21951,21952,21951,1,-1
2024-05-28 15:11:41.221,21951,21952,21951,1,-1
2024-05-28 15:11:48.562,21950,21952,21950,2,-2
2024-05-28 15:11:48.562,21950,21952,21950,1,-1
2024-05-28 15:11:51.367,21949,21950,21949,1,-1
2024-05-28 15:11:51.440,21948,21950,21948,1,-1
2024-05-28 15:12:00.194,21948,21950,21948,1,-1
2024-05-28 15:12:05.850,21948,21949,21948,1,-1
2024-05-28 15:12:08.984,21948,21949,21948,3,-3
2024-05-28 15:12:08.985,21948,21949,21948,4,-4
2024-05-28 15:12:10.759,21947,21948,21947,1,-1
2024-05-28 15:12:15.736,21947,21948,21947,1,-1
2024-05-28 15:12:15.736,21947,21948,21947,1,-1
2024-05-28 15:12:15.736,21947,21948,21947,5,-5
2024-05-28 15:12:16.615,21946,21947,21946,1,-1
2024-05-28 15:12:16.616,21946,21947,21946,2,-2
2024-05-28 15:12:16.616,21946,21947,21946,1,-1
2024-05-28 15:12:16.616,21946,21947,21946,3,-3
2024-05-28 15:12:16.617,21946,21947,21946,1,-1
2024-05-28 15:12:18.900,21945,21947,21947,1,1
2024-05-28 15:12:21.003,21945,21947,21945,1,-1
2024-05-28 15:12:23.744,21945,21946,21946,1,1
2024-05-28 15:12:23.781,21945,21946,21945,1,-1
2024-05-28 15:12:25.686,21946,21947,21946,1,-1
2024-05-28 15:12:33.055,21945,21947,21945,1,-1
2024-05-28 15:12:33.758,21946,21947,21946,2,-2
2024-05-28 15:12:40.217,21946,21947,21946,1,-1
2024-05-28 15:12:50.547,21946,21947,21946,1,-1
2024-05-28 15:12:54.982,21946,21947,21946,1,-1
2024-05-28 15:13:00.199,21946,21947,21946,2,-2
2024-05-28 15:13:01.580,21946,21947,21946,5,-5
2024-05-28 15:13:01.580,21946,21947,21945,5,-5
2024-05-28 15:13:04.469,21945,21946,21945,7,-7
2024-05-28 15:13:05.537,21944,21945,21945,1,1
2024-05-28 15:13:08.186,21944,21945,21945,1,1
2024-05-28 15:13:08.679,21944,21945,21944,1,-1
2024-05-28 15:13:09.060,21944,21945,21945,1,1
2024-05-28 15:13:10.710,21944,21946,21946,1,1
2024-05-28 15:13:11.821,21945,21947,21947,1,1
2024-05-28 15:13:11.948,21945,21947,21945,1,-1
2024-05-28 15:13:12.542,21945,21947,21945,1,-1
2024-05-28 15:13:13.037,21945,21947,21945,4,-4
2024-05-28 15:13:13.038,21945,21947,21945,4,-4
2024-05-28 15:13:20.186,21946,21947,21946,2,-2
2024-05-28 15:13:21.314,21946,21947,21947,1,1
2024-05-28 15:13:22.569,21946,21947,21947,1,1
2024-05-28 15:13:31.741,21947,21948,21947,1,-1
2024-05-28 15:13:40.196,21946,21947,21946,2,-2
2024-05-28 15:13:40.256,21946,21947,21946,1,-1
2024-05-28 15:13:46.406,21946,21947,21947,1,1
2024-05-28 15:13:48.819,21946,21947,21947,1,1
2024-05-28 15:13:50.318,21946,21948,21946,4,-4
2024-05-28 15:13:53.113,21947,21948,21947,1,-1
2024-05-28 15:13:58.515,21946,21947,21946,3,-3
2024-05-28 15:14:01.343,21945,21946,21946,3,3
2024-05-28 15:14:01.614,21945,21947,21945,1,-1
2024-05-28 15:14:01.617,21945,21947,21945,3,-3
2024-05-28 15:14:03.396,21944,21945,21944,1,-1
2024-05-28 15:14:03.397,21944,21945,21944,1,-1
2024-05-28 15:14:03.397,21944,21945,21944,1,-1
2024-05-28 15:14:03.397,21944,21945,21944,1,-1
2024-05-28 15:14:03.397,21944,21945,21944,7,-7
2024-05-28 15:14:03.399,21944,21945,21943,1,-1
2024-05-28 15:14:05.232,21943,21944,21943,2,-2
2024-05-28 15:14:05.232,21943,21944,21943,3,-3
2024-05-28 15:14:05.232,21943,21944,21943,4,-4
2024-05-28 15:14:05.597,21942,21943,21942,1,-1
2024-05-28 15:14:05.732,21942,21943,21943,5,5
2024-05-28 15:14:13.083,21944,21945,21944,1,-1
2024-05-28 15:14:14.329,21943,21945,21943,1,-1
2024-05-28 15:14:15.223,21943,21945,21943,1,-1
2024-05-28 15:14:15.973,21943,21945,21943,2,-2
2024-05-28 15:14:20.201,21943,21944,21943,6,-6
2024-05-28 15:14:20.790,21942,21944,21944,1,1
2024-05-28 15:14:22.379,21942,21944,21943,1,1
2024-05-28 15:14:23.166,21943,21944,21943,1,-1
2024-05-28 15:14:23.439,21942,21943,21942,1,-1
2024-05-28 15:14:23.753,21942,21943,21943,1,1
2024-05-28 15:14:24.495,21942,21944,21943,1,1
2024-05-28 15:14:24.583,21942,21943,21942,1,-1
2024-05-28 15:14:32.998,21942,21944,21943,1,-1
2024-05-28 15:14:33.069,21942,21944,21944,1,1
2024-05-28 15:14:33.176,21942,21944,21942,1,-1
2024-05-28 15:14:33.214,21942,21944,21942,3,-3
2024-05-28 15:14:33.391,21942,21943,21942,1,-1
2024-05-28 15:14:33.956,21942,21943,21942,4,-4
2024-05-28 15:14:33.956,21942,21943,21942,1,-1
2024-05-28 15:14:33.956,21942,21943,21942,1,-1
2024-05-28 15:14:34.024,21942,21943,21942,1,-1
2024-05-28 15:14:38.003,21942,21943,21942,1,-1
2024-05-28 15:14:39.565,21942,21943,21942,1,-1
2024-05-28 15:14:39.610,21942,21943,21943,1,1
2024-05-28 15:14:40.189,21942,21943,21942,5,-5
2024-05-28 15:14:40.189,21942,21943,21942,5,-5
2024-05-28 15:14:41.750,21941,21943,21942,1,-1
2024-05-28 15:14:42.183,21941,21943,21943,1,1
2024-05-28 15:14:43.629,21941,21943,21942,1,1
2024-05-28 15:14:44.492,21941,21944,21942,1,-1
2024-05-28 15:14:45.898,21941,21944,21941,7,-7
2024-05-28 15:14:50.409,21941,21943,21941,1,-1
2024-05-28 15:14:54.705,21942,21943,21943,1,1
2024-05-28 15:14:54.721,21942,21943,21942,1,-1
2024-05-28 15:14:55.411,21942,21944,21942,1,-1
2024-05-28 15:14:57.773,21942,21944,21942,1,-1
2024-05-28 15:14:58.876,21943,21944,21943,1,-1
2024-05-28 15:14:58.913,21943,21944,21944,1,1
2024-05-28 15:14:59.080,21942,21944,21942,1,-1
2024-05-28 15:15:00.428,21942,21944,21942,1,-1
2024-05-28 15:15:00.586,21941,21943,21943,2,2
2024-05-28 15:15:00.600,21941,21943,21943,1,1
2024-05-28 15:15:00.602,21941,21943,21943,1,1
2024-05-28 15:15:01.042,21941,21943,21941,2,-2
2024-05-28 15:15:01.341,21941,21943,21943,1,1
2024-05-28 15:15:01.487,21941,21943,21943,1,1
2024-05-28 15:15:01.591,21941,21943,21943,2,2
2024-05-28 15:15:02.582,21942,21943,21943,1,1
2024-05-28 15:15:03.899,21942,21944,21942,2,-2
2024-05-28 15:15:07.048,21942,21943,21942,1,-1
2024-05-28 15:15:11.853,21942,21943,21942,6,-6
2024-05-28 15:15:16.641,21941,21943,21943,1,1
2024-05-28 15:15:18.312,21943,21944,21944,11,11
2024-05-28 15:15:18.362,21943,21944,21946,1,1
2024-05-28 15:15:23.266,21944,21946,21944,1,-1
2024-05-28 15:15:23.266,21944,21946,21943,3,-3
2024-05-28 15:15:27.282,21943,21945,21945,2,2
2024-05-28 15:15:30.581,21944,21945,21944,1,-1
2024-05-28 15:15:31.396,21943,21945,21943,1,-1
2024-05-28 15:15:32.033,21943,21944,21943,1,-1
2024-05-28 15:15:33.400,21943,21944,21943,1,-1
2024-05-28 15:15:36.896,21943,21944,21943,2,-2
2024-05-28 15:15:39.236,21942,21944,21942,1,-1
2024-05-28 15:15:39.829,21941,21943,21942,2,-2
2024-05-28 15:15:40.654,21942,21943,21942,1,-1
2024-05-28 15:15:41.920,21941,21943,21942,3,-3
2024-05-28 15:15:42.846,21941,21942,21941,1,-1
2024-05-28 15:15:42.957,21941,21942,21941,10,-10
2024-05-28 15:15:44.865,21941,21942,21942,1,1
2024-05-28 15:15:44.866,21941,21942,21942,1,1
2024-05-28 15:15:49.409,21942,21943,21943,4,4
2024-05-28 15:15:49.970,21943,21944,21943,1,-1
2024-05-28 15:15:50.889,21942,21944,21942,1,-1
2024-05-28 15:15:54.109,21941,21943,21942,1,-1
2024-05-28 15:15:54.167,21941,21943,21941,1,-1
2024-05-28 15:15:55.531,21941,21943,21942,1,-1
2024-05-28 15:15:59.782,21942,21943,21942,1,-1
2024-05-28 15:16:02.774,21941,21943,21941,28,-28
2024-05-28 15:16:02.774,21941,21943,21940,37,-37
2024-05-28 15:16:02.775,21941,21943,21939,3,-3
2024-05-28 15:16:02.776,21941,21943,21939,5,-5
2024-05-28 15:16:02.777,21941,21943,21940,9,-9
2024-05-28 15:16:02.777,21941,21943,21939,1,-1
2024-05-28 15:16:02.777,21941,21943,21938,3,-3
2024-05-28 15:16:02.777,21941,21943,21939,1,-1
2024-05-28 15:16:02.817,21938,21939,21939,1,1
2024-05-28 15:16:02.817,21938,21939,21940,1,1
2024-05-28 15:16:02.817,21938,21939,21940,1,1
2024-05-28 15:16:02.817,21938,21939,21940,1,1
2024-05-28 15:16:02.817,21938,21939,21940,1,1
2024-05-28 15:16:02.819,21938,21939,21940,1,1
2024-05-28 15:16:02.819,21938,21939,21940,1,1
2024-05-28 15:16:02.825,21938,21939,21940,1,1
2024-05-28 15:16:02.825,21938,21939,21940,1,1
2024-05-28 15:16:02.904,21938,21939,21939,1,1
2024-05-28 15:16:02.904,21938,21939,21939,1,1
2024-05-28 15:16:02.911,21938,21939,21939,1,1
2024-05-28 15:16:02.953,21938,21940,21938,2,-2
2024-05-28 15:16:02.967,21938,21940,21938,1,-1
2024-05-28 15:16:02.968,21938,21940,21938,1,-1
2024-05-28 15:16:02.981,21938,21940,21938,1,-1
2024-05-28 15:16:03.120,21938,21940,21938,2,-2
2024-05-28 15:16:03.190,21938,21940,21940,1,1
2024-05-28 15:16:03.191,21938,21940,21940,1,1
2024-05-28 15:16:03.191,21938,21940,21940,1,1
2024-05-28 15:16:03.218,21938,21940,21939,1,1
2024-05-28 15:16:09.299,21938,21939,21939,2,2
2024-05-28 15:16:09.360,21938,21940,21940,1,1
2024-05-28 15:16:11.247,21938,21940,21940,3,3
2024-05-28 15:16:11.247,21938,21940,21940,1,1
2024-05-28 15:16:11.247,21938,21940,21940,1,1
2024-05-28 15:16:11.247,21938,21940,21940,2,2
2024-05-28 15:16:11.247,21938,21940,21940,5,5
2024-05-28 15:16:11.247,21938,21940,21940,2,2
2024-05-28 15:16:11.315,21939,21941,21941,1,1
2024-05-28 15:16:11.315,21939,21941,21941,1,1
2024-05-28 15:16:11.316,21939,21941,21942,1,1
2024-05-28 15:16:12.473,21939,21940,21940,1,1
2024-05-28 15:16:19.632,21940,21942,21940,5,-5
2024-05-28 15:16:22.070,21939,21942,21940,1,-1
2024-05-28 15:16:22.189,21939,21942,21942,1,1
2024-05-28 15:16:22.189,21939,21942,21942,1,1
2024-05-28 15:16:22.189,21939,21942,21942,1,1
2024-05-28 15:16:22.190,21939,21942,21942,1,1
2024-05-28 15:16:22.190,21939,21942,21942,1,1
2024-05-28 15:16:22.190,21939,21942,21942,1,1
2024-05-28 15:16:22.190,21939,21942,21942,1,1
2024-05-28 15:16:22.190,21939,21942,21942,1,1
2024-05-28 15:16:22.190,21939,21942,21943,1,1
2024-05-28 15:16:22.190,21939,21942,21942,1,1
2024-05-28 15:16:22.191,21939,21942,21943,1,1
2024-05-28 15:16:22.191,21939,21942,21943,1,1
2024-05-28 15:16:22.191,21939,21942,21943,1,1
2024-05-28 15:16:22.191,21939,21942,21943,1,1
2024-05-28 15:16:22.191,21939,21942,21943,1,1
2024-05-28 15:16:22.192,21939,21942,21943,1,1
2024-05-28 15:16:22.192,21939,21942,21944,1,1
2024-05-28 15:16:22.192,21939,21942,21943,1,1
2024-05-28 15:16:22.196,21939,21942,21943,1,1
2024-05-28 15:16:22.614,21941,21943,21941,2,-2
2024-05-28 15:16:22.865,21940,21942,21940,1,-1
2024-05-28 15:16:25.747,21940,21942,21942,1,1
2024-05-28 15:16:30.854,21940,21942,21940,2,-2
2024-05-28 15:16:34.612,21939,21941,21939,4,-4
2024-05-28 15:16:34.637,21939,21941,21939,1,-1
2024-05-28 15:16:34.689,21939,21940,21940,1,1
2024-05-28 15:16:34.690,21939,21940,21940,1,1
2024-05-28 15:16:40.197,21939,21940,21939,1,-1
2024-05-28 15:16:40.383,21939,21940,21939,1,-1
2024-05-28 15:16:40.401,21939,21940,21939,1,-1
2024-05-28 15:16:44.078,21938,21940,21938,3,-3
2024-05-28 15:16:44.190,21938,21940,21940,1,1
2024-05-28 15:16:44.190,21938,21940,21940,1,1
2024-05-28 15:16:44.190,21938,21940,21940,1,1
2024-05-28 15:16:46.893,21938,21940,21938,1,-1
2024-05-28 15:16:47.650,21938,21940,21938,1,-1
2024-05-28 15:16:48.300,21939,21940,21939,1,-1
2024-05-28 15:16:48.300,21939,21940,21938,8,-8
2024-05-28 15:16:48.300,21939,21940,21937,21,-21
2024-05-28 15:16:48.300,21939,21940,21936,8,-8
2024-05-28 15:16:48.530,21936,21938,21936,2,-2
2024-05-28 15:16:48.834,21936,21937,21937,1,1
2024-05-28 15:16:50.450,21937,21939,21937,1,-1
2024-05-28 15:16:51.238,21936,21939,21937,1,-1
2024-05-28 15:16:51.295,21936,21939,21937,1,-1
2024-05-28 15:16:53.034,21937,21939,21937,1,-1
2024-05-28 15:16:54.125,21938,21939,21938,1,-1
2024-05-28 15:16:54.271,21938,21939,21938,1,-1
2024-05-28 15:16:56.069,21937,21939,21939,1,1
2024-05-28 15:16:56.150,21937,21939,21937,3,-3
2024-05-28 15:16:57.089,21937,21938,21937,1,-1
2024-05-28 15:16:59.493,21937,21938,21937,1,-1
2024-05-28 15:17:00.194,21937,21938,21937,3,-3
2024-05-28 15:17:00.977,21937,21938,21937,1,-1
2024-05-28 15:17:01.138,21936,21937,21937,1,1
2024-05-28 15:17:01.964,21936,21938,21936,2,-2
2024-05-28 15:17:03.343,21936,21938,21938,3,3
2024-05-28 15:17:03.344,21936,21938,21939,1,1
2024-05-28 15:17:03.422,21936,21938,21938,2,2
2024-05-28 15:17:04.331,21939,21940,21940,1,1
2024-05-28 15:17:04.331,21939,21940,21940,1,1
2024-05-28 15:17:04.331,21939,21940,21940,23,23
2024-05-28 15:17:04.332,21939,21940,21941,1,1
2024-05-28 15:17:04.652,21940,21942,21940,2,-2
2024-05-28 15:17:08.687,21940,21941,21941,1,1
2024-05-28 15:17:10.339,21941,21942,21941,2,-2
2024-05-28 15:17:14.170,21941,21942,21942,3,3
2024-05-28 15:17:14.239,21941,21943,21943,1,1
2024-05-28 15:17:15.424,21942,21943,21943,2,2
2024-05-28 15:17:16.410,21942,21944,21944,1,1
2024-05-28 15:17:22.261,21942,21944,21942,1,-1
2024-05-28 15:17:23.171,21942,21944,21942,6,-6
2024-05-28 15:17:23.171,21942,21944,21941,11,-11
2024-05-28 15:17:23.171,21942,21944,21940,26,-26
2024-05-28 15:17:23.172,21942,21944,21940,7,-7
2024-05-28 15:17:23.173,21942,21944,21939,1,-1
2024-05-28 15:17:23.173,21942,21944,21940,1,-1
2024-05-28 15:17:23.198,21940,21942,21942,1,1
2024-05-28 15:17:23.230,21940,21942,21941,1,1
2024-05-28 15:17:23.778,21940,21942,21940,2,-2
2024-05-28 15:17:24.115,21940,21942,21940,1,-1
2024-05-28 15:17:24.206,21940,21942,21940,1,-1
2024-05-28 15:17:25.185,21940,21942,21940,1,-1
2024-05-28 15:17:26.909,21939,21941,21939,1,-1
2024-05-28 15:17:27.051,21939,21941,21939,1,-1
2024-05-28 15:17:31.000,21938,21941,21938,1,-1
2024-05-28 15:17:39.843,21940,21941,21941,2,2
2024-05-28 15:17:45.425,21941,21943,21941,4,-4
2024-05-28 15:17:45.425,21941,21943,21940,14,-14
2024-05-28 15:17:50.242,21939,21940,21939,1,-1
2024-05-28 15:17:55.405,21939,21940,21940,1,1
2024-05-28 15:17:56.813,21939,21940,21939,5,-5
2024-05-28 15:17:56.956,21939,21940,21940,2,2
2024-05-28 15:17:59.415,21939,21940,21939,3,-3
2024-05-28 15:17:59.437,21939,21940,21939,5,-5
2024-05-28 15:18:00.693,21938,21939,21938,1,-1
2024-05-28 15:18:00.988,21937,21939,21937,1,-1
2024-05-28 15:18:01.063,21938,21939,21939,1,1
2024-05-28 15:18:04.151,21938,21939,21938,1,-1
2024-05-28 15:18:04.172,21938,21939,21938,1,-1
2024-05-28 15:18:06.007,21936,21938,21938,1,1
2024-05-28 15:18:06.022,21936,21938,21938,3,3
2024-05-28 15:18:07.530,21937,21939,21939,4,4
2024-05-28 15:18:07.531,21937,21939,21939,6,6
2024-05-28 15:18:16.422,21938,21939,21939,1,1
2024-05-28 15:18:20.730,21939,21940,21940,1,1
2024-05-28 15:18:20.740,21939,21940,21940,3,3
2024-05-28 15:18:24.426,21939,21940,21939,1,-1
2024-05-28 15:18:24.984,21939,21940,21939,2,-2
2024-05-28 15:18:34.003,21938,21939,21938,3,-3
2024-05-28 15:18:35.643,21937,21939,21939,1,1
2024-05-28 15:18:35.651,21937,21939,21939,3,3
2024-05-28 15:18:38.540,21937,21939,21938,1,1
2024-05-28 15:18:42.440,21938,21939,21939,1,1
2024-05-28 15:18:43.086,21938,21939,21939,1,1
2024-05-28 15:18:43.086,21938,21939,21940,3,3
2024-05-28 15:18:47.342,21938,21940,21938,4,-4
2024-05-28 15:18:48.334,21937,21938,21938,2,2
2024-05-28 15:18:52.400,21937,21938,21937,1,-1
2024-05-28 15:18:53.225,21937,21938,21938,1,1
2024-05-28 15:18:57.454,21937,21938,21937,1,-1
2024-05-28 15:18:59.953,21937,21938,21938,1,1
2024-05-28 15:19:02.766,21937,21938,21938,1,1
2024-05-28 15:19:07.592,21937,21938,21938,4,4
2024-05-28 15:19:15.055,21938,21939,21938,1,-1
2024-05-28 15:19:20.618,21938,21940,21938,4,-4
2024-05-28 15:19:25.614,21937,21938,21938,8,8
2024-05-28 15:19:51.598,21939,21940,21940,1,1
2024-05-28 15:20:04.654,21939,21940,21939,7,-7
2024-05-28 15:20:04.909,21938,21939,21938,3,-3
2024-05-28 15:20:04.963,21938,21939,21938,3,-3
2024-05-28 15:20:05.084,21937,21939,21937,1,-1
2024-05-28 15:20:13.765,21937,21939,21937,1,-1
2024-05-28 15:20:14.532,21937,21938,21937,2,-2
2024-05-28 15:20:14.706,21937,21938,21937,1,-1
2024-05-28 15:20:15.508,21936,21938,21936,1,-1
2024-05-28 15:20:16.344,21936,21937,21937,1,1
2024-05-28 15:20:18.087,21936,21937,21937,1,1
2024-05-28 15:20:18.685,21936,21938,21937,1,1
2024-05-28 15:20:23.482,21937,21938,21937,1,-1
2024-05-28 15:20:29.095,21937,21938,21937,1,-1
2024-05-28 15:20:30.985,21937,21938,21938,1,1
2024-05-28 15:20:32.965,21937,21938,21937,1,-1
2024-05-28 15:20:33.131,21937,21938,21938,1,1
2024-05-28 15:20:36.782,21937,21938,21938,1,1
2024-05-28 15:20:37.575,21937,21938,21935,39,-39
2024-05-28 15:20:37.575,21937,21938,21937,7,-7
2024-05-28 15:20:37.575,21937,21938,21936,17,-17
2024-05-28 15:20:37.577,21937,21938,21934,1,-1
2024-05-28 15:20:37.577,21937,21938,21934,1,-1
2024-05-28 15:20:37.577,21937,21938,21934,1,-1
2024-05-28 15:20:37.579,21937,21938,21934,2,-2
2024-05-28 15:20:37.579,21937,21938,21934,1,-1
2024-05-28 15:20:37.579,21937,21938,21934,1,-1
2024-05-28 15:20:37.579,21937,21938,21934,2,-2
2024-05-28 15:20:37.579,21937,21938,21934,1,-1
2024-05-28 15:20:37.580,21937,21938,21934,2,-2
2024-05-28 15:20:37.782,21934,21935,21934,3,-3
2024-05-28 15:20:37.782,21934,21935,21933,1,-1
2024-05-28 15:20:37.896,21933,21934,21933,1,-1
2024-05-28 15:20:37.920,21933,21934,21934,1,1
2024-05-28 15:20:37.944,21933,21935,21933,1,-1
2024-05-28 15:20:38.369,21933,21935,21935,1,1
2024-05-28 15:20:41.001,21933,21934,21933,1,-1
2024-05-28 15:20:41.956,21933,21934,21933,1,-1
2024-05-28 15:20:41.968,21933,21934,21933,1,-1
2024-05-28 15:20:42.249,21933,21934,21934,1,1
2024-05-28 15:20:42.707,21933,21934,21933,1,-1
2024-05-28 15:20:43.315,21933,21934,21933,1,-1
2024-05-28 15:20:43.857,21932,21934,21934,2,2
2024-05-28 15:20:44.108,21933,21935,21933,4,-4
2024-05-28 15:20:44.270,21933,21935,21933,1,-1
2024-05-28 15:20:44.270,21933,21935,21932,11,-11
2024-05-28 15:20:44.386,21932,21934,21932,1,-1
2024-05-28 15:20:44.405,21932,21934,21932,1,-1
2024-05-28 15:20:46.554,21932,21933,21933,1,1
2024-05-28 15:20:47.010,21932,21933,21933,6,6
2024-05-28 15:20:47.204,21933,21934,21933,1,-1
2024-05-28 15:20:47.759,21932,21934,21933,1,-1
2024-05-28 15:20:52.548,21933,21935,21933,1,-1
2024-05-28 15:20:53.467,21933,21935,21933,1,-1
2024-05-28 15:20:54.178,21933,21935,21933,2,-2
2024-05-28 15:20:56.046,21934,21935,21935,21,21
2024-05-28 15:20:56.046,21934,21935,21935,7,7
2024-05-28 15:20:56.046,21934,21935,21935,10,10
2024-05-28 15:20:56.047,21934,21935,21936,1,1
2024-05-28 15:20:56.286,21935,21936,21935,3,-3
2024-05-28 15:20:59.481,21935,21936,21935,1,-1
2024-05-28 15:21:00.886,21935,21936,21935,1,-1
2024-05-28 15:21:00.888,21935,21936,21935,1,-1
2024-05-28 15:21:01.332,21935,21936,21936,1,1
2024-05-28 15:21:03.060,21935,21936,21936,1,1
2024-05-28 15:21:03.061,21935,21936,21936,2,2
2024-05-28 15:21:04.311,21935,21937,21935,2,-2
2024-05-28 15:21:07.451,21935,21937,21936,1,-1
2024-05-28 15:21:08.688,21936,21937,21935,11,-11
2024-05-28 15:21:08.688,21936,21937,21936,2,-2
2024-05-28 15:21:08.689,21936,21937,21935,1,-1
2024-05-28 15:21:08.689,21936,21937,21935,1,-1
2024-05-28 15:21:09.388,21935,21937,21935,3,-3
2024-05-28 15:21:11.082,21935,21937,21935,2,-2
2024-05-28 15:21:13.972,21935,21937,21935,1,-1
2024-05-28 15:21:15.800,21935,21936,21935,2,-2
2024-05-28 15:21:21.308,21935,21936,21936,1,1
2024-05-28 15:21:24.799,21935,21936,21936,1,1
2024-05-28 15:21:24.800,21935,21936,21937,5,5
2024-05-28 15:21:28.218,21937,21938,21937,1,-1
2024-05-28 15:21:33.755,21937,21939,21938,3,-3
2024-05-28 15:21:35.899,21938,21939,21938,1,-1
2024-05-28 15:21:40.732,21938,21939,21938,1,-1
2024-05-28 15:21:45.895,21938,21939,21938,2,-2
2024-05-28 15:21:47.276,21938,21939,21935,19,-19
2024-05-28 15:21:47.276,21938,21939,21936,20,-20
2024-05-28 15:21:47.276,21938,21939,21937,10,-10
2024-05-28 15:21:47.276,21938,21939,21938,1,-1
2024-05-28 15:21:47.278,21938,21939,21934,2,-2
2024-05-28 15:21:47.278,21938,21939,21934,1,-1
2024-05-28 15:21:47.279,21938,21939,21934,2,-2
2024-05-28 15:21:47.279,21938,21939,21935,14,-14
2024-05-28 15:21:47.279,21938,21939,21934,1,-1
2024-05-28 15:21:47.279,21938,21939,21934,1,-1
2024-05-28 15:21:49.556,21933,21935,21935,1,1
2024-05-28 15:21:59.843,21934,21935,21935,1,1
2024-05-28 15:21:59.844,21934,21935,21936,1,1
2024-05-28 15:21:59.844,21934,21935,21935,11,11
2024-05-28 15:21:59.844,21934,21935,21935,1,1
2024-05-28 15:21:59.844,21934,21935,21935,1,1
2024-05-28 15:21:59.844,21934,21935,21935,2,2
2024-05-28 15:21:59.844,21934,21935,21935,1,1
2024-05-28 15:21:59.844,21934,21935,21935,1,1
2024-05-28 15:21:59.844,21934,21935,21935,7,7
2024-05-28 15:21:59.844,21934,21935,21935,1,1
2024-05-28 15:21:59.844,21934,21935,21935,3,3
2024-05-28 15:21:59.844,21934,21935,21935,6,6
2024-05-28 15:21:59.845,21934,21935,21936,1,1
2024-05-28 15:22:11.016,21936,21937,21937,1,1
2024-05-28 15:22:12.419,21936,21937,21936,5,-5
2024-05-28 15:22:14.134,21936,21937,21937,1,1
2024-05-28 15:22:20.195,21937,21938,21938,3,3
2024-05-28 15:22:22.331,21937,21938,21938,1,1
2024-05-28 15:22:27.089,21938,21939,21938,1,-1
2024-05-28 15:22:27.539,21938,21939,21939,1,1
2024-05-28 15:22:30.172,21938,21939,21939,1,1
2024-05-28 15:22:30.172,21938,21939,21939,1,1
2024-05-28 15:22:30.172,21938,21939,21939,3,3
2024-05-28 15:22:40.138,21939,21940,21939,1,-1
2024-05-28 15:22:40.188,21939,21940,21940,4,4
2024-05-28 15:22:46.782,21939,21940,21939,1,-1
2024-05-28 15:22:46.829,21938,21939,21938,1,-1
2024-05-28 15:22:47.887,21938,21939,21939,1,1
2024-05-28 15:22:50.894,21938,21940,21940,1,1
2024-05-28 15:22:57.198,21939,21940,21939,1,-1
2024-05-28 15:23:00.579,21939,21940,21940,1,1
2024-05-28 15:23:00.852,21939,21940,21939,1,-1
2024-05-28 15:23:06.375,21938,21940,21939,1,-1
2024-05-28 15:23:07.143,21938,21939,21939,2,2
2024-05-28 15:23:07.393,21938,21939,21939,1,1
2024-05-28 15:23:07.393,21938,21939,21939,1,1
2024-05-28 15:23:14.282,21939,21940,21939,1,-1
2024-05-28 15:23:23.851,21939,21940,21940,1,1
2024-05-28 15:23:23.971,21939,21940,21940,1,1
2024-05-28 15:23:31.282,21939,21940,21939,1,-1
2024-05-28 15:23:32.467,21939,21940,21940,1,1
2024-05-28 15:23:34.259,21939,21940,21940,1,1
2024-05-28 15:23:36.364,21939,21940,21939,2,-2
2024-05-28 15:23:36.701,21939,21940,21940,3,3
2024-05-28 15:23:40.040,21939,21940,21940,1,1
2024-05-28 15:23:40.049,21939,21940,21940,1,1
2024-05-28 15:23:40.110,21939,21940,21940,1,1
2024-05-28 15:23:40.111,21939,21940,21940,16,16
2024-05-28 15:23:40.112,21939,21940,21941,1,1
2024-05-28 15:23:40.113,21939,21940,21941,1,1
2024-05-28 15:23:43.691,21940,21941,21941,1,1
2024-05-28 15:23:45.742,21941,21942,21941,1,-1
2024-05-28 15:23:49.455,21940,21942,21942,1,1
2024-05-28 15:23:54.257,21942,21943,21942,1,-1
2024-05-28 15:23:57.815,21942,21943,21942,1,-1
2024-05-28 15:23:58.737,21942,21943,21942,1,-1
2024-05-28 15:24:03.436,21942,21943,21942,1,-1
2024-05-28 15:24:11.963,21941,21942,21942,2,2
2024-05-28 15:24:13.490,21941,21942,21941,1,-1
2024-05-28 15:24:13.490,21941,21942,21940,4,-4
2024-05-28 15:24:40.204,21940,21941,21941,2,2
2024-05-28 15:24:41.440,21940,21942,21940,4,-4
2024-05-28 15:24:51.494,21940,21941,21940,1,-1
2024-05-28 15:24:55.473,21940,21941,21941,1,1
2024-05-28 15:24:57.478,21940,21941,21941,1,1
2024-05-28 15:24:57.479,21940,21941,21941,1,1
2024-05-28 15:25:01.019,21941,21942,21942,1,1
2024-05-28 15:25:01.445,21941,21942,21941,1,-1
2024-05-28 15:25:05.721,21940,21941,21941,1,1
2024-05-28 15:25:07.116,21940,21941,21941,2,2
2024-05-28 15:25:15.554,21941,21942,21942,2,2
2024-05-28 15:25:15.791,21941,21942,21942,1,1
2024-05-28 15:25:20.203,21942,21943,21943,5,5
2024-05-28 15:25:20.689,21942,21943,21943,2,2
2024-05-28 15:25:21.513,21942,21943,21942,2,-2
2024-05-28 15:25:39.073,21941,21942,21942,1,1
2024-05-28 15:25:46.803,21942,21943,21942,3,-3
2024-05-28 15:25:51.919,21941,21943,21943,1,1
2024-05-28 15:25:55.830,21943,21944,21944,1,1
2024-05-28 15:25:56.022,21943,21944,21944,1,1
2024-05-28 15:25:59.277,21943,21944,21944,1,1
2024-05-28 15:26:00.704,21943,21944,21943,1,-1
2024-05-28 15:26:05.216,21943,21944,21944,3,3
2024-05-28 15:26:05.217,21943,21944,21945,5,5
2024-05-28 15:26:06.183,21945,21946,21945,1,-1
2024-05-28 15:26:07.604,21945,21946,21946,3,3
2024-05-28 15:26:07.604,21945,21946,21946,1,1
2024-05-28 15:26:07.712,21945,21947,21947,1,1
2024-05-28 15:26:11.161,21945,21946,21946,1,1
2024-05-28 15:26:11.814,21945,21946,21946,2,2
2024-05-28 15:26:15.653,21946,21947,21946,1,-1
2024-05-28 15:26:15.921,21945,21946,21946,1,1
2024-05-28 15:26:16.949,21945,21946,21946,1,1
2024-05-28 15:26:23.532,21945,21946,21946,1,1
2024-05-28 15:26:25.423,21945,21946,21946,2,2
2024-05-28 15:26:49.926,21945,21946,21946,1,1
2024-05-28 15:26:52.441,21945,21946,21946,1,1
2024-05-28 15:26:56.123,21945,21946,21946,1,1
2024-05-28 15:26:57.346,21945,21946,21946,6,6
2024-05-28 15:27:01.478,21946,21947,21946,1,-1
2024-05-28 15:27:04.042,21946,21947,21946,1,-1
2024-05-28 15:27:04.042,21946,21947,21946,1,-1
2024-05-28 15:27:04.042,21946,21947,21946,1,-1
2024-05-28 15:27:04.065,21945,21946,21945,1,-1
2024-05-28 15:27:05.824,21945,21946,21946,1,1
2024-05-28 15:27:17.423,21945,21946,21946,2,2
2024-05-28 15:27:23.479,21945,21946,21945,14,-14
2024-05-28 15:27:25.804,21944,21945,21944,1,-1
2024-05-28 15:27:29.607,21944,21945,21944,1,-1
2024-05-28 15:27:30.422,21944,21945,21944,1,-1
2024-05-28 15:27:30.441,21942,21945,21942,1,-1
2024-05-28 15:27:35.025,21942,21944,21942,4,-4
2024-05-28 15:27:57.913,21942,21944,21943,1,-1
2024-05-28 15:27:59.083,21942,21944,21943,1,-1
2024-05-28 15:28:04.126,21943,21944,21944,1,1
2024-05-28 15:28:13.491,21944,21946,21944,4,-4
2024-05-28 15:28:31.738,21944,21946,21946,2,2
2024-05-28 15:28:37.639,21945,21947,21947,2,2
2024-05-28 15:28:49.467,21945,21946,21945,1,-1
2024-05-28 15:28:56.464,21945,21946,21945,1,-1
2024-05-28 15:28:56.594,21944,21946,21944,5,-5
2024-05-28 15:29:03.679,21944,21945,21944,1,-1
2024-05-28 15:29:12.969,21944,21945,21944,1,-1
2024-05-28 15:29:19.765,21942,21944,21942,1,-1
2024-05-28 15:29:53.149,21942,21944,21942,2,-2
2024-05-28 15:29:59.472,21943,21944,21943,1,-1
2024-05-28 15:30:00.891,21943,21944,21943,1,-1
2024-05-28 15:30:00.993,21943,21944,21942,1,-1
2024-05-28 15:30:00.993,21943,21944,21943,1,-1
2024-05-28 15:30:00.993,21943,21944,21942,1,-1
2024-05-28 15:30:07.785,21942,21943,21943,1,1
2024-05-28 15:30:07.815,21943,21944,21943,1,-1
2024-05-28 15:30:07.910,21943,21944,21943,1,-1
2024-05-28 15:30:08.678,21942,21944,21942,1,-1
2024-05-28 15:30:08.690,21942,21944,21942,1,-1
2024-05-28 15:30:16.141,21943,21944,21943,4,-4
2024-05-28 15:30:18.486,21943,21944,21944,1,1
2024-05-28 15:30:19.419,21943,21944,21944,2,2
2024-05-28 15:30:20.391,21943,21945,21945,1,1
2024-05-28 15:30:20.451,21943,21945,21943,1,-1
2024-05-28 15:30:23.761,21943,21945,21944,1,-1
2024-05-28 15:30:33.870,21942,21944,21942,1,-1
2024-05-28 15:30:40.683,21942,21943,21942,1,-1
2024-05-28 15:30:40.690,21942,21943,21942,1,-1
2024-05-28 15:30:44.214,21942,21943,21943,1,1
2024-05-28 15:30:44.222,21942,21943,21943,3,3
2024-05-28 15:30:44.223,21942,21943,21943,1,1
2024-05-28 15:30:45.248,21942,21944,21944,2,2
2024-05-28 15:30:50.557,21942,21944,21942,1,-1
2024-05-28 15:31:09.927,21942,21944,21942,1,-1
2024-05-28 15:31:13.368,21942,21943,21942,1,-1
2024-05-28 15:31:21.200,21942,21943,21943,1,1
2024-05-28 15:31:21.200,21942,21943,21943,2,2
2024-05-28 15:31:21.200,21942,21943,21943,1,1
2024-05-28 15:31:27.681,21942,21944,21944,1,1
2024-05-28 15:31:39.052,21943,21944,21944,1,1
2024-05-28 15:31:39.714,21944,21945,21945,1,1
2024-05-28 15:31:40.705,21944,21945,21945,1,1
2024-05-28 15:31:46.351,21945,21946,21946,2,2
2024-05-28 15:31:50.246,21946,21947,21946,1,-1
2024-05-28 15:31:50.574,21946,21947,21946,1,-1
2024-05-28 15:31:52.811,21946,21947,21946,2,-2
2024-05-28 15:31:52.992,21946,21947,21946,1,-1
2024-05-28 15:31:52.992,21946,21947,21945,2,-2
2024-05-28 15:32:03.666,21946,21947,21946,2,-2
2024-05-28 15:32:04.485,21945,21947,21945,1,-1
2024-05-28 15:32:04.518,21945,21947,21945,1,-1
2024-05-28 15:32:10.347,21945,21946,21945,2,-2
2024-05-28 15:32:10.347,21945,21946,21945,1,-1
2024-05-28 15:32:10.348,21945,21946,21945,1,-1
2024-05-28 15:32:10.584,21944,21945,21945,1,1
2024-05-28 15:32:23.165,21944,21946,21944,1,-1
2024-05-28 15:32:51.366,21943,21945,21943,1,-1
2024-05-28 15:33:05.932,21944,21946,21944,1,-1
2024-05-28 15:33:18.183,21942,21943,21943,1,1
2024-05-28 15:33:47.458,21942,21944,21943,1,1
2024-05-28 15:33:49.197,21943,21944,21943,1,-1
2024-05-28 15:33:49.197,21943,21944,21943,1,-1
2024-05-28 15:33:50.016,21942,21943,21943,2,2
2024-05-28 15:33:50.355,21942,21944,21942,1,-1
2024-05-28 15:33:53.861,21942,21943,21942,1,-1
2024-05-28 15:34:07.166,21942,21943,21942,4,-4
2024-05-28 15:34:07.167,21942,21943,21942,1,-1
2024-05-28 15:34:14.518,21942,21943,21942,1,-1
2024-05-28 15:34:18.471,21941,21943,21943,1,1
2024-05-28 15:34:22.358,21941,21942,21942,1,1
2024-05-28 15:34:50.405,21942,21943,21942,1,-1
2024-05-28 15:34:51.014,21942,21943,21942,1,-1
2024-05-28 15:34:51.014,21942,21943,21942,1,-1
2024-05-28 15:34:51.683,21941,21942,21941,6,-6
2024-05-28 15:34:52.211,21940,21941,21940,2,-2
2024-05-28 15:34:52.211,21940,21941,21940,2,-2
2024-05-28 15:34:52.211,21940,21941,21940,1,-1
2024-05-28 15:34:52.211,21940,21941,21940,1,-1
2024-05-28 15:34:52.211,21940,21941,21940,1,-1
2024-05-28 15:34:52.211,21940,21941,21940,1,-1
2024-05-28 15:35:01.305,21939,21940,21939,14,-14
2024-05-28 15:35:01.307,21939,21940,21938,1,-1
2024-05-28 15:35:01.307,21939,21940,21938,1,-1
2024-05-28 15:35:04.953,21938,21939,21939,1,1
2024-05-28 15:35:12.565,21938,21939,21939,1,1
2024-05-28 15:35:16.311,21938,21939,21939,3,3
2024-05-28 15:35:40.888,21939,21940,21939,3,-3
2024-05-28 15:35:46.719,21938,21939,21938,2,-2
2024-05-28 15:35:47.401,21938,21939,21938,1,-1
2024-05-28 15:35:51.414,21938,21939,21938,1,-1
2024-05-28 15:35:52.350,21938,21939,21939,1,1
2024-05-28 15:36:02.418,21939,21940,21940,2,2
2024-05-28 15:36:19.291,21941,21942,21942,1,1
2024-05-28 15:36:20.167,21941,21943,21943,1,1
2024-05-28 15:36:34.663,21942,21943,21943,2,2
2024-05-28 15:36:36.349,21942,21945,21942,1,-1
2024-05-28 15:36:40.891,21942,21944,21942,1,-1
2024-05-28 15:36:52.599,21942,21944,21942,1,-1
2024-05-28 15:36:57.660,21942,21944,21942,1,-1
2024-05-28 15:37:03.328,21941,21943,21941,1,-1
2024-05-28 15:37:19.808,21941,21942,21941,1,-1
2024-05-28 15:37:41.147,21941,21942,21942,1,1
2024-05-28 15:37:46.680,21941,21942,21942,1,1
2024-05-28 15:37:46.680,21941,21942,21942,1,1
2024-05-28 15:37:46.730,21942,21944,21944,1,1
2024-05-28 15:38:08.571,21945,21946,21945,1,-1
2024-05-28 15:38:11.978,21945,21946,21946,2,2
2024-05-28 15:38:12.815,21945,21947,21947,5,5
2024-05-28 15:38:25.838,21947,21948,21948,1,1
2024-05-28 15:38:26.351,21947,21948,21948,1,1
2024-05-28 15:38:26.352,21947,21948,21948,2,2
2024-05-28 15:38:26.352,21947,21948,21948,3,3
2024-05-28 15:38:26.352,21947,21948,21948,3,3
2024-05-28 15:38:26.405,21947,21948,21948,1,1
2024-05-28 15:38:26.800,21948,21949,21949,1,1
2024-05-28 15:38:29.939,21948,21949,21949,3,3
2024-05-28 15:38:33.223,21947,21949,21949,1,1
2024-05-28 15:38:33.243,21947,21949,21949,3,3
2024-05-28 15:38:35.733,21947,21949,21949,1,1
2024-05-28 15:38:40.012,21947,21949,21949,1,1
2024-05-28 15:38:45.379,21948,21949,21949,9,9
2024-05-28 15:38:50.840,21949,21950,21949,1,-1
2024-05-28 15:38:58.402,21949,21950,21949,1,-1
2024-05-28 15:38:58.403,21949,21950,21949,1,-1
2024-05-28 15:38:59.861,21948,21949,21949,2,2
2024-05-28 15:39:00.198,21948,21949,21949,3,3
2024-05-28 15:39:02.415,21948,21949,21948,1,-1
2024-05-28 15:39:02.415,21948,21949,21948,1,-1
2024-05-28 15:39:02.415,21948,21949,21948,1,-1
2024-05-28 15:39:15.633,21948,21949,21949,2,2
2024-05-28 15:39:21.597,21949,21950,21950,4,4
2024-05-28 15:39:21.597,21949,21950,21950,6,6
2024-05-28 15:39:24.029,21950,21951,21951,1,1
2024-05-28 15:39:24.254,21950,21951,21951,1,1
2024-05-28 15:39:24.255,21950,21951,21951,4,4
2024-05-28 15:39:31.491,21951,21952,21952,1,1
2024-05-28 15:39:31.585,21951,21952,21952,1,1
2024-05-28 15:39:31.818,21951,21952,21952,1,1
2024-05-28 15:39:36.164,21951,21952,21951,1,-1
2024-05-28 15:39:36.164,21951,21952,21951,1,-1
2024-05-28 15:39:38.787,21950,21952,21950,1,-1
2024-05-28 15:39:49.291,21949,21951,21949,1,-1
2024-05-28 15:39:59.603,21948,21949,21948,1,-1
2024-05-28 15:40:16.262,21948,21949,21949,2,2
2024-05-28 15:40:16.262,21948,21949,21949,1,1
2024-05-28 15:40:20.539,21949,21950,21950,1,1
2024-05-28 15:40:28.813,21950,21951,21951,5,5
2024-05-28 15:40:37.555,21951,21952,21951,1,-1
2024-05-28 15:40:38.503,21951,21952,21951,1,-1
2024-05-28 15:40:42.455,21950,21951,21950,1,-1
2024-05-28 15:40:47.485,21950,21951,21950,1,-1
2024-05-28 15:40:50.360,21949,21950,21949,1,-1
2024-05-28 15:41:08.404,21949,21950,21950,1,1
2024-05-28 15:41:08.843,21949,21951,21949,1,-1
2024-05-28 15:41:09.032,21949,21951,21951,3,3
2024-05-28 15:41:14.437,21950,21951,21950,1,-1
2024-05-28 15:41:24.227,21950,21951,21951,2,2
2024-05-28 15:41:25.638,21950,21951,21950,1,-1
2024-05-28 15:41:25.654,21950,21951,21950,4,-4
2024-05-28 15:41:50.432,21949,21950,21949,1,-1
2024-05-28 15:41:55.001,21949,21950,21949,1,-1
2024-05-28 15:42:25.914,21948,21949,21948,1,-1
2024-05-28 15:42:30.008,21948,21949,21948,2,-2
2024-05-28 15:42:35.219,21947,21948,21947,1,-1
2024-05-28 15:42:51.940,21947,21948,21947,12,-12
2024-05-28 15:43:00.274,21946,21947,21946,1,-1
2024-05-28 15:43:00.348,21946,21947,21947,1,1
2024-05-28 15:43:00.348,21946,21947,21947,6,6
2024-05-28 15:43:00.348,21946,21947,21947,1,1
2024-05-28 15:43:00.435,21946,21947,21948,1,1
2024-05-28 15:43:02.307,21946,21948,21948,3,3
2024-05-28 15:43:04.414,21946,21948,21946,1,-1
2024-05-28 15:43:05.165,21946,21948,21946,1,-1
2024-05-28 15:43:33.054,21947,21948,21947,1,-1
2024-05-28 15:44:00.783,21948,21949,21949,2,2
2024-05-28 15:44:15.512,21949,21950,21950,1,1
2024-05-28 15:44:24.496,21949,21950,21949,1,-1
2024-05-28 15:44:45.917,21947,21949,21949,1,1
2024-05-28 15:44:45.917,21947,21949,21949,1,1
2024-05-28 15:45:01.213,21949,21950,21949,1,-1
2024-05-28 15:45:20.399,21948,21949,21949,1,1
2024-05-28 15:45:27.488,21948,21950,21948,3,-3
2024-05-28 15:46:25.613,21949,21950,21949,1,-1
2024-05-28 15:46:25.613,21949,21950,21948,2,-2
2024-05-28 15:46:25.691,21947,21949,21949,1,1
2024-05-28 15:46:42.678,21947,21949,21947,3,-3
2024-05-28 15:46:42.689,21947,21949,21949,1,1
2024-05-28 15:46:42.691,21947,21949,21949,1,1
2024-05-28 15:46:52.059,21946,21949,21946,1,-1
2024-05-28 15:46:52.064,21946,21949,21949,1,1
2024-05-28 15:46:52.065,21946,21949,21949,1,1
2024-05-28 15:47:00.675,21947,21949,21947,1,-1
2024-05-28 15:47:00.690,21947,21949,21949,1,1
2024-05-28 15:47:08.563,21947,21949,21947,1,-1
2024-05-28 15:47:16.321,21947,21949,21947,1,-1
2024-05-28 15:47:19.227,21947,21949,21947,1,-1
2024-05-28 15:47:20.771,21947,21949,21947,1,-1
2024-05-28 15:47:22.730,21946,21949,21946,1,-1
2024-05-28 15:47:47.279,21945,21947,21946,1,-1
2024-05-28 15:47:53.819,21946,21947,21946,1,-1
2024-05-28 15:48:00.716,21946,21947,21946,1,-1
2024-05-28 15:48:03.255,21945,21946,21945,2,-2
2024-05-28 15:48:03.285,21945,21946,21945,3,-3
2024-05-28 15:48:03.285,21945,21946,21945,1,-1
2024-05-28 15:48:03.285,21945,21946,21945,1,-1
2024-05-28 15:48:03.285,21945,21946,21945,1,-1
2024-05-28 15:48:03.285,21945,21946,21945,2,-2
2024-05-28 15:48:03.285,21945,21946,21945,1,-1
2024-05-28 15:48:03.285,21945,21946,21945,3,-3
2024-05-28 15:48:03.438,21945,21946,21945,4,-4
2024-05-28 15:48:03.438,21945,21946,21944,1,-1
2024-05-28 15:48:03.643,21944,21945,21944,4,-4
2024-05-28 15:48:03.643,21944,21945,21943,1,-1
2024-05-28 15:48:03.733,21943,21945,21943,4,-4
2024-05-28 15:48:03.733,21943,21945,21942,9,-9
2024-05-28 15:48:03.955,21942,21944,21943,2,-2
2024-05-28 15:48:10.221,21943,21944,21943,1,-1
2024-05-28 15:48:14.549,21943,21944,21943,1,-1
2024-05-28 15:48:14.926,21942,21943,21942,1,-1
2024-05-28 15:48:17.071,21942,21943,21942,2,-2
2024-05-28 15:48:17.215,21942,21943,21942,2,-2
2024-05-28 15:48:19.730,21942,21943,21942,1,-1
2024-05-28 15:48:20.056,21942,21943,21942,1,-1
2024-05-28 15:48:20.820,21942,21943,21942,1,-1
2024-05-28 15:48:20.820,21942,21943,21942,2,-2
2024-05-28 15:48:29.981,21941,21943,21943,2,2
2024-05-28 15:48:29.981,21941,21943,21943,1,1
2024-05-28 15:48:29.982,21941,21943,21943,1,1
2024-05-28 15:48:30.919,21942,21944,21944,4,4
2024-05-28 15:48:30.919,21942,21944,21945,1,1
2024-05-28 15:48:40.361,21943,21944,21943,1,-1
2024-05-28 15:48:42.222,21943,21944,21944,2,2
2024-05-28 15:48:50.333,21943,21945,21943,5,-5
2024-05-28 15:48:50.392,21943,21945,21943,1,-1
2024-05-28 15:48:50.544,21943,21945,21943,1,-1
2024-05-28 15:48:50.825,21942,21943,21942,1,-1
2024-05-28 15:48:52.228,21942,21943,21943,2,2
2024-05-28 15:48:53.813,21942,21944,21942,1,-1
2024-05-28 15:48:53.985,21942,21944,21942,1,-1
2024-05-28 15:49:05.379,21943,21944,21944,1,1
2024-05-28 15:49:05.379,21943,21944,21944,4,4
2024-05-28 15:49:05.380,21943,21944,21945,1,1
2024-05-28 15:49:05.472,21944,21946,21946,1,1
2024-05-28 15:49:05.646,21944,21946,21946,1,1
2024-05-28 15:49:21.222,21945,21946,21946,2,2
2024-05-28 15:49:38.272,21946,21947,21946,1,-1
2024-05-28 15:49:38.273,21946,21947,21946,1,-1
2024-05-28 15:49:41.413,21945,21947,21945,1,-1
2024-05-28 15:49:44.019,21944,21945,21945,1,1
2024-05-28 15:49:50.782,21944,21945,21944,1,-1
2024-05-28 15:49:50.824,21944,21945,21945,1,1
2024-05-28 15:50:01.061,21945,21947,21945,3,-3
2024-05-28 15:50:02.252,21944,21946,21944,2,-2
2024-05-28 15:50:30.213,21946,21947,21946,1,-1
2024-05-28 15:50:34.400,21946,21947,21947,2,2
2024-05-28 15:50:38.210,21947,21948,21948,1,1
2024-05-28 15:50:51.425,21947,21948,21947,1,-1
2024-05-28 15:51:24.174,21947,21948,21947,1,-1
2024-05-28 15:51:26.057,21945,21948,21945,1,-1
2024-05-28 15:51:27.484,21945,21948,21945,1,-1
2024-05-28 15:51:27.876,21945,21948,21948,1,1
2024-05-28 15:51:49.293,21947,21948,21948,3,3
2024-05-28 15:51:50.438,21947,21949,21947,1,-1
2024-05-28 15:52:01.823,21947,21948,21947,1,-1
2024-05-28 15:52:45.410,21947,21948,21948,1,1
2024-05-28 15:52:50.885,21947,21949,21947,1,-1
2024-05-28 15:53:23.196,21947,21949,21947,1,-1
2024-05-28 15:53:23.329,21947,21948,21947,1,-1
2024-05-28 15:53:35.757,21947,21948,21947,1,-1
2024-05-28 15:53:41.615,21946,21947,21947,2,2
2024-05-28 15:53:45.486,21947,21948,21947,1,-1
2024-05-28 15:53:49.575,21947,21948,21947,2,-2
2024-05-28 15:53:54.605,21946,21947,21946,1,-1
2024-05-28 15:53:54.607,21946,21947,21946,1,-1
2024-05-28 15:54:01.048,21945,21947,21946,4,-4
2024-05-28 15:54:14.425,21945,21947,21947,2,2
2024-05-28 15:54:32.702,21946,21947,21947,1,1
2024-05-28 15:54:41.409,21946,21947,21946,1,-1
2024-05-28 15:54:51.712,21945,21946,21945,1,-1
2024-05-28 15:54:53.279,21945,21946,21945,1,-1
2024-05-28 15:54:54.309,21943,21946,21945,2,2
2024-05-28 15:55:22.870,21943,21945,21945,1,1
2024-05-28 15:55:23.199,21943,21945,21945,1,1
2024-05-28 15:55:52.199,21943,21945,21943,1,-1
2024-05-28 15:56:01.230,21943,21944,21943,1,-1
2024-05-28 15:56:01.230,21943,21944,21943,1,-1
2024-05-28 15:56:07.697,21942,21944,21942,1,-1
2024-05-28 15:56:08.187,21942,21944,21942,1,-1
2024-05-28 15:56:11.792,21942,21944,21943,3,-3
2024-05-28 15:56:33.167,21942,21943,21943,2,2
2024-05-28 15:56:48.101,21943,21944,21943,1,-1
2024-05-28 15:56:50.267,21943,21944,21943,1,-1
2024-05-28 15:57:07.934,21942,21944,21943,1,-1
2024-05-28 15:57:20.530,21943,21944,21944,5,5
2024-05-28 15:57:20.531,21943,21944,21944,1,1
2024-05-28 15:57:23.514,21944,21945,21944,1,-1
2024-05-28 15:57:29.982,21943,21945,21945,2,2
2024-05-28 15:57:31.845,21943,21945,21945,2,2
2024-05-28 15:57:51.524,21943,21945,21945,1,1
2024-05-28 15:57:55.361,21943,21945,21945,1,1
2024-05-28 15:57:57.339,21943,21945,21945,1,1
2024-05-28 15:57:58.162,21943,21945,21943,1,-1
2024-05-28 15:58:00.765,21943,21944,21943,1,-1
2024-05-28 15:58:11.604,21943,21944,21944,1,1
2024-05-28 15:58:21.663,21943,21945,21945,1,1
2024-05-28 15:58:22.140,21943,21945,21945,1,1
2024-05-28 15:58:29.042,21943,21945,21945,2,2
2024-05-28 15:59:01.720,21944,21945,21944,1,-1
2024-05-28 15:59:50.241,21943,21945,21943,1,-1
2024-05-28 16:00:00.156,21943,21945,21943,1,-1
2024-05-28 16:00:00.159,21943,21945,21943,1,-1
2024-05-28 16:00:00.163,21943,21945,21943,2,-2
2024-05-28 16:00:00.164,21943,21945,21942,1,-1
2024-05-28 16:00:00.387,21942,21944,21944,2,2
2024-05-28 16:00:00.403,21942,21944,21944,1,1
2024-05-28 16:00:00.403,21942,21944,21944,1,1
2024-05-28 16:00:00.543,21942,21944,21942,2,-2
2024-05-28 16:00:02.212,21944,21945,21945,6,6
2024-05-28 16:00:02.212,21944,21945,21945,1,1
2024-05-28 16:00:02.253,21944,21945,21946,1,1
2024-05-28 16:00:02.286,21944,21945,21946,1,1
2024-05-28 16:00:02.366,21946,21947,21947,1,1
2024-05-28 16:00:18.879,21944,21947,21947,1,1
2024-05-28 16:00:23.674,21945,21947,21947,1,1
2024-05-28 16:00:23.896,21945,21947,21945,2,-2
2024-05-28 16:00:50.936,21946,21947,21946,1,-1
2024-05-28 16:00:52.015,21945,21947,21947,1,1
2024-05-28 16:00:52.015,21945,21947,21947,1,1
2024-05-28 16:00:52.015,21945,21947,21947,1,1
2024-05-28 16:01:00.261,21947,21948,21947,1,-1
2024-05-28 16:01:00.471,21947,21948,21947,1,-1
2024-05-28 16:01:00.837,21947,21948,21948,4,4
2024-05-28 16:01:02.029,21947,21949,21949,3,3
2024-05-28 16:01:02.030,21947,21949,21949,1,1
2024-05-28 16:01:04.347,21947,21950,21950,4,4
2024-05-28 16:01:06.202,21948,21950,21950,4,4
2024-05-28 16:01:07.263,21948,21951,21949,2,-2
2024-05-28 16:01:08.363,21949,21951,21950,1,-1
2024-05-28 16:01:13.169,21949,21950,21950,1,1
2024-05-28 16:01:24.252,21949,21951,21950,1,1
2024-05-28 16:01:24.850,21950,21951,21951,3,3
2024-05-28 16:01:25.792,21949,21951,21951,3,3
2024-05-28 16:01:27.075,21949,21952,21952,3,3
2024-05-28 16:01:32.622,21948,21950,21950,3,3
2024-05-28 16:01:33.724,21948,21951,21951,3,3
2024-05-28 16:01:35.281,21949,21951,21952,3,3
2024-05-28 16:01:50.307,21950,21952,21951,4,4
2024-05-28 16:01:50.474,21950,21952,21950,2,-2
2024-05-28 16:01:53.372,21950,21952,21951,1,-1
2024-05-28 16:01:57.042,21951,21952,21952,8,8
2024-05-28 16:01:57.042,21951,21952,21952,7,7
2024-05-28 16:01:57.042,21951,21952,21952,3,3
2024-05-28 16:01:57.085,21952,21953,21953,2,2
2024-05-28 16:01:57.620,21952,21954,21954,1,1
2024-05-28 16:01:57.759,21952,21954,21954,1,1
2024-05-28 16:01:59.039,21952,21954,21954,4,4
2024-05-28 16:02:03.803,21953,21954,21954,1,1
2024-05-28 16:02:04.240,21953,21954,21954,1,1
2024-05-28 16:02:04.416,21953,21954,21954,1,1
2024-05-28 16:02:04.611,21953,21954,21954,1,1
2024-05-28 16:02:04.784,21953,21954,21954,1,1
2024-05-28 16:02:04.975,21953,21954,21954,1,1
2024-05-28 16:02:05.161,21953,21954,21954,1,1
2024-05-28 16:02:05.363,21953,21954,21954,1,1
2024-05-28 16:02:05.531,21953,21954,21954,1,1
2024-05-28 16:02:05.532,21953,21954,21954,1,1
2024-05-28 16:02:05.730,21953,21955,21955,1,1
2024-05-28 16:02:05.933,21953,21955,21955,1,1
2024-05-28 16:02:06.039,21953,21955,21955,2,2
2024-05-28 16:02:06.110,21953,21955,21955,1,1
2024-05-28 16:02:06.285,21953,21955,21955,1,1
2024-05-28 16:02:06.467,21953,21955,21955,1,1
2024-05-28 16:02:06.638,21953,21955,21955,1,1
2024-05-28 16:02:06.806,21953,21955,21955,1,1
2024-05-28 16:02:06.987,21954,21956,21956,1,1
2024-05-28 16:02:07.167,21954,21956,21956,1,1
2024-05-28 16:02:07.243,21954,21956,21956,3,3
2024-05-28 16:02:07.244,21954,21956,21956,2,2
2024-05-28 16:02:07.244,21954,21956,21956,2,2
2024-05-28 16:02:07.244,21954,21956,21956,1,1
2024-05-28 16:02:07.314,21956,21957,21956,1,-1
2024-05-28 16:02:07.338,21956,21957,21957,1,1
2024-05-28 16:02:07.541,21955,21957,21957,1,1
2024-05-28 16:02:07.561,21955,21957,21957,2,2
2024-05-28 16:02:07.697,21955,21957,21957,1,1
2024-05-28 16:02:10.443,21956,21957,21957,1,1
2024-05-28 16:02:10.642,21956,21957,21957,1,1
2024-05-28 16:02:10.642,21956,21957,21958,2,2
2024-05-28 16:02:11.477,21956,21957,21957,2,2
2024-05-28 16:02:11.509,21956,21957,21958,8,8
2024-05-28 16:02:12.308,21956,21958,21959,5,5
2024-05-28 16:02:12.308,21956,21958,21958,3,3
2024-05-28 16:02:13.388,21956,21958,21958,2,2
2024-05-28 16:02:13.619,21956,21958,21958,1,1
2024-05-28 16:02:16.874,21957,21959,21957,4,-4
2024-05-28 16:02:16.875,21957,21959,21957,2,-2
2024-05-28 16:02:16.891,21957,21959,21958,4,-4
2024-05-28 16:02:16.891,21957,21959,21959,1,1
2024-05-28 16:02:17.235,21957,21959,21959,1,1
2024-05-28 16:02:18.893,21956,21958,21958,1,1
2024-05-28 16:02:20.627,21957,21959,21959,1,1
2024-05-28 16:02:21.343,21958,21959,21958,1,-1
2024-05-28 16:02:27.919,21957,21958,21958,3,3
2024-05-28 16:02:28.234,21957,21959,21958,1,1
2024-05-28 16:02:29.148,21957,21958,21958,3,3
2024-05-28 16:02:29.956,21957,21959,21959,1,1
2024-05-28 16:02:30.845,21957,21959,21959,3,3
2024-05-28 16:02:31.819,21958,21959,21958,1,-1
2024-05-28 16:02:36.895,21958,21959,21958,1,-1
2024-05-28 16:02:38.825,21958,21959,21958,3,-3
2024-05-28 16:02:38.825,21958,21959,21957,7,-7
2024-05-28 16:02:38.825,21958,21959,21956,2,-2
2024-05-28 16:02:41.497,21957,21959,21957,1,-1
2024-05-28 16:02:50.544,21957,21958,21957,1,-1
2024-05-28 16:02:51.346,21957,21958,21958,1,1
2024-05-28 16:02:51.365,21957,21958,21958,3,3
2024-05-28 16:02:51.369,21957,21958,21957,1,-1
2024-05-28 16:02:53.180,21957,21958,21957,1,-1
2024-05-28 16:03:12.550,21957,21958,21957,1,-1
2024-05-28 16:03:12.731,21957,21958,21958,1,1
2024-05-28 16:03:13.332,21957,21958,21957,1,-1
2024-05-28 16:03:17.884,21957,21958,21957,1,-1
2024-05-28 16:03:20.706,21956,21957,21956,5,-5
2024-05-28 16:03:21.350,21956,21957,21956,1,-1
2024-05-28 16:03:21.918,21955,21956,21955,1,-1
2024-05-28 16:03:22.157,21954,21956,21954,1,-1
2024-05-28 16:03:26.048,21954,21955,21955,1,1
2024-05-28 16:03:27.789,21954,21956,21956,1,1
2024-05-28 16:03:27.848,21954,21956,21954,2,-2
2024-05-28 16:03:28.051,21954,21956,21954,5,-5
2024-05-28 16:03:42.276,21955,21956,21956,1,1
2024-05-28 16:03:51.622,21955,21956,21955,1,-1
2024-05-28 16:03:53.044,21955,21956,21956,1,1
2024-05-28 16:03:53.358,21955,21956,21956,1,1
2024-05-28 16:03:53.500,21955,21956,21956,1,1
2024-05-28 16:03:56.974,21955,21956,21955,1,-1
2024-05-28 16:04:05.004,21955,21956,21956,1,1
2024-05-28 16:04:08.700,21955,21956,21956,1,1
2024-05-28 16:04:12.695,21956,21957,21956,1,-1
2024-05-28 16:04:13.884,21955,21957,21957,1,1
2024-05-28 16:04:26.022,21955,21956,21956,2,2
2024-05-28 16:04:31.431,21955,21956,21956,1,1
2024-05-28 16:04:31.431,21955,21956,21957,2,2
2024-05-28 16:04:32.743,21955,21956,21956,1,1
2024-05-28 16:04:32.743,21955,21956,21957,2,2
2024-05-28 16:04:34.022,21955,21957,21957,3,3
2024-05-28 16:04:42.588,21956,21957,21956,2,-2
2024-05-28 16:04:50.387,21956,21957,21956,1,-1
2024-05-28 16:04:52.347,21956,21957,21956,1,-1
2024-05-28 16:04:54.861,21956,21957,21956,1,-1
2024-05-28 16:05:00.830,21956,21957,21957,1,1
2024-05-28 16:05:05.146,21956,21957,21957,1,1
2024-05-28 16:05:18.780,21956,21957,21957,1,1
2024-05-28 16:05:25.233,21956,21958,21958,1,1
2024-05-28 16:05:27.492,21957,21958,21957,1,-1
2024-05-28 16:05:31.380,21956,21958,21957,1,-1
2024-05-28 16:05:34.819,21956,21958,21956,5,-5
2024-05-28 16:05:34.819,21956,21958,21955,12,-12
2024-05-28 16:05:34.820,21956,21958,21955,5,-5
2024-05-28 16:05:34.821,21956,21958,21955,3,-3
2024-05-28 16:05:43.595,21954,21956,21956,2,2
2024-05-28 16:05:51.614,21955,21956,21955,1,-1
2024-05-28 16:06:06.569,21954,21956,21954,1,-1
2024-05-28 16:06:07.415,21954,21956,21954,1,-1
2024-05-28 16:06:14.555,21954,21955,21955,1,1
2024-05-28 16:06:14.855,21954,21955,21955,1,1
2024-05-28 16:06:14.855,21954,21955,21955,1,1
2024-05-28 16:06:18.944,21954,21955,21954,1,-1
2024-05-28 16:06:21.514,21954,21955,21954,1,-1
2024-05-28 16:06:21.514,21954,21955,21954,1,-1
2024-05-28 16:06:26.016,21953,21954,21953,1,-1
2024-05-28 16:06:26.707,21953,21954,21953,1,-1
2024-05-28 16:06:27.038,21953,21954,21954,1,1
2024-05-28 16:06:27.095,21954,21955,21955,1,1
2024-05-28 16:06:27.558,21955,21957,21955,1,-1
2024-05-28 16:06:39.072,21955,21956,21955,1,-1
2024-05-28 16:06:56.341,21954,21956,21955,1,-1
2024-05-28 16:06:57.441,21954,21955,21955,1,1
2024-05-28 16:07:05.096,21954,21955,21955,1,1
2024-05-28 16:07:05.096,21954,21955,21956,3,3
2024-05-28 16:07:09.413,21954,21955,21955,1,1
2024-05-28 16:07:14.365,21954,21955,21954,1,-1
2024-05-28 16:07:14.365,21954,21955,21954,1,-1
2024-05-28 16:07:20.214,21953,21954,21953,1,-1
2024-05-28 16:07:33.073,21952,21953,21952,1,-1
2024-05-28 16:07:35.880,21952,21953,21952,5,-5
2024-05-28 16:07:36.022,21951,21952,21951,1,-1
2024-05-28 16:07:36.022,21951,21952,21951,2,-2
2024-05-28 16:07:36.022,21951,21952,21951,3,-3
2024-05-28 16:07:47.434,21950,21952,21952,3,3
2024-05-28 16:07:48.621,21952,21953,21952,1,-1
2024-05-28 16:07:48.621,21952,21953,21952,1,-1
2024-05-28 16:07:48.621,21952,21953,21952,2,-2
2024-05-28 16:07:48.621,21952,21953,21952,1,-1
2024-05-28 16:07:48.643,21952,21953,21952,2,-2
2024-05-28 16:07:52.040,21951,21953,21951,1,-1
2024-05-28 16:07:55.395,21950,21952,21950,4,-4
2024-05-28 16:07:55.523,21950,21952,21950,1,-1
2024-05-28 16:07:57.737,21951,21952,21951,2,-2
2024-05-28 16:07:57.739,21951,21952,21951,2,-2
2024-05-28 16:08:01.317,21951,21953,21953,2,2
2024-05-28 16:08:20.824,21951,21952,21950,3,-3
2024-05-28 16:08:20.824,21951,21952,21951,1,-1
2024-05-28 16:08:34.237,21951,21953,21951,4,-4
2024-05-28 16:08:49.937,21952,21953,21953,1,1
2024-05-28 16:09:06.957,21952,21954,21954,5,5
2024-05-28 16:09:09.198,21953,21955,21953,2,-2
2024-05-28 16:09:24.488,21952,21954,21954,1,1
2024-05-28 16:09:26.075,21952,21954,21954,1,1
2024-05-28 16:09:39.152,21952,21954,21953,1,1
2024-05-28 16:09:41.174,21952,21954,21954,4,4
2024-05-28 16:09:45.038,21954,21955,21954,1,-1
2024-05-28 16:09:46.448,21954,21955,21954,1,-1
2024-05-28 16:09:50.288,21954,21955,21954,1,-1
2024-05-28 16:09:52.533,21954,21955,21955,3,3
2024-05-28 16:10:02.023,21953,21954,21954,1,1
2024-05-28 16:10:02.289,21953,21955,21955,1,1
2024-05-28 16:10:02.362,21953,21955,21955,2,2
2024-05-28 16:10:06.982,21953,21955,21955,2,2
2024-05-28 16:10:14.529,21955,21956,21955,3,-3
2024-05-28 16:10:21.326,21953,21955,21955,2,2
2024-05-28 16:10:27.811,21953,21955,21953,1,-1
2024-05-28 16:10:29.246,21953,21955,21955,3,3
2024-05-28 16:10:32.741,21953,21955,21955,1,1
2024-05-28 16:10:54.635,21953,21955,21955,2,2
2024-05-28 16:10:54.635,21953,21955,21955,1,1
2024-05-28 16:10:54.692,21954,21956,21954,1,-1
2024-05-28 16:11:14.988,21954,21955,21955,1,1
2024-05-28 16:11:20.726,21955,21956,21955,1,-1
2024-05-28 16:11:21.274,21955,21956,21956,3,3
2024-05-28 16:11:21.274,21955,21956,21956,6,6
2024-05-28 16:11:22.450,21956,21957,21956,1,-1
2024-05-28 16:11:29.678,21955,21957,21957,1,1
2024-05-28 16:11:34.749,21955,21957,21957,2,2
2024-05-28 16:11:39.511,21955,21957,21957,2,2
2024-05-28 16:11:41.454,21955,21957,21957,1,1
2024-05-28 16:11:47.248,21956,21958,21958,1,1
2024-05-28 16:11:50.672,21957,21958,21957,1,-1
2024-05-28 16:11:54.609,21955,21956,21955,1,-1
2024-05-28 16:12:14.343,21955,21956,21955,1,-1
2024-05-28 16:12:14.344,21955,21956,21955,2,-2
2024-05-28 16:12:14.344,21955,21956,21955,5,-5
2024-05-28 16:12:20.194,21954,21955,21955,2,2
2024-05-28 16:12:32.493,21955,21956,21955,3,-3
2024-05-28 16:12:34.711,21954,21956,21954,3,-3
2024-05-28 16:12:34.712,21954,21956,21954,1,-1
2024-05-28 16:12:40.282,21955,21956,21955,1,-1
2024-05-28 16:12:52.635,21955,21956,21955,1,-1
2024-05-28 16:13:00.218,21955,21956,21955,1,-1
2024-05-28 16:13:07.684,21955,21956,21956,1,1
2024-05-28 16:13:07.684,21955,21956,21956,2,2
2024-05-28 16:13:27.721,21955,21956,21956,1,1
2024-05-28 16:13:51.089,21956,21957,21956,1,-1
2024-05-28 16:14:01.542,21956,21957,21957,1,1
2024-05-28 16:14:01.543,21956,21957,21957,1,1
2024-05-28 16:14:01.765,21957,21958,21958,1,1
2024-05-28 16:14:07.891,21957,21958,21958,5,5
2024-05-28 16:14:13.686,21957,21958,21957,3,-3
2024-05-28 16:14:14.158,21956,21958,21958,2,2
2024-05-28 16:14:14.767,21956,21958,21958,2,2
2024-05-28 16:14:14.767,21956,21958,21959,1,1
2024-05-28 16:14:14.831,21956,21958,21958,1,1
2024-05-28 16:14:17.539,21956,21958,21958,1,1
2024-05-28 16:14:17.539,21956,21958,21959,2,2
2024-05-28 16:14:18.770,21956,21958,21958,2,2
2024-05-28 16:14:20.471,21956,21959,21959,2,2
2024-05-28 16:14:23.054,21956,21959,21959,5,5
2024-05-28 16:14:24.229,21957,21959,21959,1,1
2024-05-28 16:14:25.614,21957,21958,21957,1,-1
2024-05-28 16:14:28.594,21957,21958,21958,1,1
2024-05-28 16:14:28.594,21957,21958,21959,4,4
2024-05-28 16:14:36.483,21957,21959,21959,2,2
2024-05-28 16:14:36.490,21957,21959,21959,1,1
2024-05-28 16:14:36.490,21957,21959,21959,3,3
2024-05-28 16:14:37.880,21959,21960,21960,7,7
2024-05-28 16:14:37.880,21959,21960,21960,4,4
2024-05-28 16:14:37.881,21959,21960,21960,1,1
2024-05-28 16:14:37.881,21959,21960,21960,7,7
2024-05-28 16:14:37.881,21959,21960,21960,6,6
2024-05-28 16:14:37.881,21959,21960,21960,3,3
2024-05-28 16:14:37.881,21959,21960,21960,2,2
2024-05-28 16:14:37.881,21959,21960,21960,3,3
2024-05-28 16:14:37.881,21959,21960,21960,1,1
2024-05-28 16:14:37.881,21959,21960,21960,1,1
2024-05-28 16:14:37.881,21959,21960,21960,4,4
2024-05-28 16:14:37.941,21960,21961,21961,6,6
2024-05-28 16:14:37.955,21960,21961,21961,3,3
2024-05-28 16:14:37.960,21960,21961,21961,1,1
2024-05-28 16:14:37.967,21960,21961,21962,1,1
2024-05-28 16:14:38.009,21960,21961,21960,1,-1
2024-05-28 16:14:38.155,21960,21962,21961,1,-1
2024-05-28 16:14:38.180,21960,21962,21962,2,2
2024-05-28 16:14:38.328,21961,21962,21962,2,2
2024-05-28 16:14:38.453,21961,21962,21962,5,5
2024-05-28 16:14:38.681,21961,21963,21962,1,1
2024-05-28 16:14:38.690,21960,21962,21962,1,1
2024-05-28 16:14:38.756,21960,21962,21962,2,2
2024-05-28 16:14:38.979,21960,21962,21962,2,2
2024-05-28 16:14:39.184,21960,21962,21962,2,2
2024-05-28 16:14:39.366,21960,21962,21962,2,2
2024-05-28 16:14:39.540,21960,21962,21962,2,2
2024-05-28 16:14:39.721,21960,21962,21962,2,2
2024-05-28 16:14:39.907,21960,21962,21962,2,2
2024-05-28 16:14:40.076,21960,21962,21962,2,2
2024-05-28 16:14:40.226,21960,21962,21962,1,1
2024-05-28 16:14:40.251,21960,21962,21963,2,2
2024-05-28 16:14:40.278,21960,21962,21962,1,1
2024-05-28 16:14:40.529,21962,21963,21962,1,-1
2024-05-28 16:14:40.724,21962,21963,21963,2,2
2024-05-28 16:14:40.740,21962,21963,21963,1,1
2024-05-28 16:14:40.742,21962,21963,21963,1,1
2024-05-28 16:14:40.782,21962,21963,21962,1,-1
2024-05-28 16:14:40.916,21962,21963,21963,1,1
2024-05-28 16:14:43.986,21962,21963,21962,1,-1
2024-05-28 16:14:45.369,21962,21963,21962,3,-3
2024-05-28 16:14:45.369,21962,21963,21962,7,-7
2024-05-28 16:14:45.369,21962,21963,21962,3,-3
2024-05-28 16:14:45.369,21962,21963,21962,8,-8
2024-05-28 16:14:45.402,21962,21963,21960,3,-3
2024-05-28 16:14:47.117,21959,21961,21959,1,-1
2024-05-28 16:14:47.175,21959,21961,21959,1,-1
2024-05-28 16:14:47.847,21959,21962,21961,5,5
2024-05-28 16:14:50.351,21959,21962,21959,1,-1
2024-05-28 16:14:50.388,21959,21962,21961,1,1
2024-05-28 16:14:51.310,21959,21961,21961,1,1
2024-05-28 16:14:52.094,21960,21961,21960,1,-1
2024-05-28 16:14:52.116,21960,21961,21961,1,1
2024-05-28 16:14:54.946,21962,21963,21962,1,-1
2024-05-28 16:14:59.071,21961,21962,21962,1,1
2024-05-28 16:15:00.686,21961,21962,21962,2,2
2024-05-28 16:15:01.081,21961,21962,21962,1,1
2024-05-28 16:15:01.131,21961,21962,21962,1,1
2024-05-28 16:15:01.131,21961,21962,21962,1,1
2024-05-28 16:15:01.506,21961,21963,21963,1,1
2024-05-28 16:15:02.041,21961,21963,21963,1,1
2024-05-28 16:15:03.111,21962,21963,21963,3,3
2024-05-28 16:15:04.101,21962,21963,21963,1,1
2024-05-28 16:15:04.822,21962,21963,21963,1,1
2024-05-28 16:15:07.508,21962,21963,21962,1,-1
2024-05-28 16:15:07.508,21962,21963,21962,1,-1
2024-05-28 16:15:08.594,21961,21962,21961,1,-1
2024-05-28 16:15:09.389,21961,21963,21963,2,2
2024-05-28 16:15:12.079,21961,21962,21962,1,1
2024-05-28 16:15:17.465,21961,21962,21962,1,1
2024-05-28 16:15:18.160,21961,21962,21962,4,4
2024-05-28 16:15:20.369,21962,21963,21962,1,-1
2024-05-28 16:15:28.385,21961,21962,21962,1,1
2024-05-28 16:15:28.883,21962,21963,21962,1,-1
2024-05-28 16:15:31.030,21961,21962,21962,2,2
2024-05-28 16:15:31.030,21961,21962,21962,1,1
2024-05-28 16:15:31.836,21962,21963,21963,1,1
2024-05-28 16:15:31.837,21962,21963,21963,1,1
2024-05-28 16:15:31.837,21962,21963,21963,1,1
2024-05-28 16:15:31.837,21962,21963,21963,1,1
2024-05-28 16:15:31.837,21962,21963,21963,6,6
2024-05-28 16:15:31.837,21962,21963,21963,1,1
2024-05-28 16:15:31.837,21962,21963,21963,3,3
2024-05-28 16:15:31.837,21962,21963,21963,1,1
2024-05-28 16:15:31.837,21962,21963,21963,1,1
2024-05-28 16:15:31.837,21962,21963,21963,7,7
2024-05-28 16:15:37.416,21963,21964,21964,2,2
2024-05-28 16:15:37.461,21963,21964,21964,1,1
2024-05-28 16:15:37.480,21963,21964,21963,1,-1
2024-05-28 16:15:37.525,21963,21964,21964,2,2
2024-05-28 16:15:37.585,21963,21964,21964,2,2
2024-05-28 16:15:39.380,21963,21964,21964,1,1
2024-05-28 16:15:39.380,21963,21964,21964,1,1
2024-05-28 16:15:39.466,21963,21964,21964,1,1
2024-05-28 16:15:39.467,21963,21964,21964,1,1
2024-05-28 16:15:39.467,21963,21964,21964,1,1
2024-05-28 16:15:39.467,21963,21964,21964,1,1
2024-05-28 16:15:39.467,21963,21964,21964,2,2
2024-05-28 16:15:40.216,21963,21964,21964,1,1
2024-05-28 16:15:40.756,21963,21964,21964,1,1
2024-05-28 16:15:41.193,21964,21965,21965,1,1
2024-05-28 16:15:41.367,21964,21965,21965,1,1
2024-05-28 16:15:43.747,21964,21965,21965,4,4
2024-05-28 16:15:44.117,21964,21965,21964,1,-1
2024-05-28 16:15:44.436,21964,21965,21965,1,1
2024-05-28 16:15:45.091,21964,21965,21965,1,1
2024-05-28 16:15:45.091,21964,21965,21965,8,8
2024-05-28 16:15:45.943,21965,21966,21966,2,2
2024-05-28 16:15:46.082,21965,21966,21966,1,1
2024-05-28 16:15:46.118,21965,21966,21966,1,1
2024-05-28 16:15:46.165,21965,21966,21965,3,-3
2024-05-28 16:15:47.484,21964,21966,21966,4,4
2024-05-28 16:15:50.373,21965,21966,21965,1,-1
2024-05-28 16:15:52.637,21965,21966,21965,1,-1
2024-05-28 16:15:58.602,21964,21965,21964,1,-1
2024-05-28 16:15:59.965,21964,21965,21964,1,-1
2024-05-28 16:16:00.979,21964,21965,21965,1,1
2024-05-28 16:16:02.120,21964,21966,21964,1,-1
2024-05-28 16:16:04.764,21964,21965,21964,1,-1
2024-05-28 16:16:04.764,21964,21965,21964,18,-18
2024-05-28 16:16:04.997,21962,21964,21962,3,-3
2024-05-28 16:16:07.214,21962,21964,21962,1,-1
2024-05-28 16:16:08.781,21962,21964,21962,1,-1
2024-05-28 16:16:13.417,21962,21964,21964,2,2
2024-05-28 16:16:14.708,21963,21964,21964,1,1
2024-05-28 16:16:21.279,21963,21964,21964,1,1
2024-05-28 16:16:21.651,21963,21964,21964,1,1
2024-05-28 16:16:22.875,21963,21964,21964,1,1
2024-05-28 16:16:24.721,21963,21964,21964,1,1
2024-05-28 16:16:28.307,21963,21965,21965,1,1
2024-05-28 16:16:29.182,21963,21965,21965,1,1
2024-05-28 16:16:42.310,21963,21964,21964,1,1
2024-05-28 16:16:43.866,21963,21964,21963,1,-1
2024-05-28 16:16:47.589,21963,21964,21964,1,1
2024-05-28 16:16:47.917,21963,21964,21963,6,-6
2024-05-28 16:16:47.917,21963,21964,21963,2,-2
2024-05-28 16:16:47.917,21963,21964,21963,1,-1
2024-05-28 16:16:48.401,21962,21963,21962,1,-1
2024-05-28 16:16:48.933,21961,21963,21963,2,2
2024-05-28 16:16:50.222,21961,21963,21961,1,-1
2024-05-28 16:16:51.081,21961,21963,21961,1,-1
2024-05-28 16:16:55.791,21960,21962,21962,1,1
2024-05-28 16:16:56.458,21960,21962,21960,4,-4
2024-05-28 16:16:58.905,21960,21961,21960,1,-1
2024-05-28 16:16:59.960,21960,21961,21960,1,-1
2024-05-28 16:16:59.960,21960,21961,21960,1,-1
2024-05-28 16:17:01.219,21959,21960,21960,1,1
2024-05-28 16:17:01.219,21959,21960,21961,12,12
2024-05-28 16:17:01.219,21959,21960,21960,6,6
2024-05-28 16:17:01.220,21959,21960,21959,3,-3
2024-05-28 16:17:01.389,21959,21961,21959,1,-1
2024-05-28 16:17:01.393,21959,21961,21959,3,-3
2024-05-28 16:17:01.738,21958,21961,21960,1,1
2024-05-28 16:17:01.884,21958,21961,21961,1,1
2024-05-28 16:17:02.204,21958,21961,21961,1,1
2024-05-28 16:17:05.235,21958,21960,21958,1,-1
2024-05-28 16:17:07.154,21958,21959,21958,1,-1
2024-05-28 16:17:07.457,21958,21959,21959,2,2
2024-05-28 16:17:08.872,21958,21959,21958,1,-1
2024-05-28 16:17:09.640,21958,21959,21958,1,-1
2024-05-28 16:17:09.640,21958,21959,21958,1,-1
2024-05-28 16:17:14.921,21958,21960,21958,4,-4
2024-05-28 16:17:23.063,21958,21960,21958,2,-2
2024-05-28 16:17:34.988,21957,21959,21957,4,-4
2024-05-28 16:17:40.845,21957,21959,21957,1,-1
2024-05-28 16:17:45.687,21957,21959,21957,4,-4
2024-05-28 16:17:50.823,21957,21958,21957,3,-3
2024-05-28 16:17:50.970,21956,21957,21956,1,-1
2024-05-28 16:17:51.325,21956,21957,21956,2,-2
2024-05-28 16:17:51.559,21956,21957,21956,2,-2
2024-05-28 16:17:51.559,21956,21957,21956,6,-6
2024-05-28 16:17:52.198,21955,21956,21956,2,2
2024-05-28 16:17:52.701,21955,21956,21955,6,-6
2024-05-28 16:17:52.701,21955,21956,21955,1,-1
2024-05-28 16:17:52.701,21955,21956,21955,4,-4
2024-05-28 16:17:53.069,21953,21955,21955,1,1
2024-05-28 16:17:53.387,21953,21955,21954,3,3
2024-05-28 16:17:55.089,21953,21956,21953,2,-2
2024-05-28 16:17:55.660,21953,21956,21956,1,1
2024-05-28 16:17:56.643,21953,21956,21953,3,-3
2024-05-28 16:17:56.704,21952,21954,21954,1,1
2024-05-28 16:18:00.396,21952,21953,21953,1,1
2024-05-28 16:18:01.496,21953,21954,21954,1,1
2024-05-28 16:18:01.496,21953,21954,21954,1,1
2024-05-28 16:18:01.568,21953,21955,21953,1,-1
2024-05-28 16:18:05.496,21952,21954,21953,1,-1
2024-05-28 16:18:05.496,21952,21954,21952,1,-1
2024-05-28 16:18:05.579,21952,21954,21952,1,-1
2024-05-28 16:18:20.083,21953,21954,21954,2,2
2024-05-28 16:18:34.250,21954,21955,21954,1,-1
2024-05-28 16:18:38.832,21954,21955,21954,2,-2
2024-05-28 16:18:39.017,21954,21955,21954,1,-1
2024-05-28 16:18:52.795,21953,21955,21953,1,-1
2024-05-28 16:18:52.957,21953,21954,21953,1,-1
2024-05-28 16:18:52.957,21953,21954,21953,1,-1
2024-05-28 16:18:52.957,21953,21954,21953,1,-1
2024-05-28 16:18:52.957,21953,21954,21953,1,-1
2024-05-28 16:18:59.475,21952,21954,21954,1,1
2024-05-28 16:19:02.246,21952,21954,21952,1,-1
2024-05-28 16:19:02.435,21952,21953,21953,6,6
2024-05-28 16:19:02.435,21952,21953,21954,10,10
2024-05-28 16:19:02.435,21952,21953,21955,1,1
2024-05-28 16:19:11.688,21952,21954,21954,1,1
2024-05-28 16:19:24.746,21952,21954,21952,1,-1
2024-05-28 16:19:26.509,21952,21954,21952,1,-1
2024-05-28 16:19:27.823,21952,21954,21952,1,-1
2024-05-28 16:19:29.495,21952,21954,21952,1,-1
2024-05-28 16:19:29.701,21952,21954,21952,1,-1
2024-05-28 16:19:31.731,21952,21954,21952,1,-1
2024-05-28 16:19:31.926,21952,21954,21952,7,-7
2024-05-28 16:19:31.986,21951,21952,21951,1,-1
2024-05-28 16:19:31.987,21951,21952,21951,4,-4
2024-05-28 16:19:34.271,21950,21952,21950,1,-1
2024-05-28 16:19:36.849,21951,21952,21951,1,-1
2024-05-28 16:19:38.163,21950,21952,21952,1,1
2024-05-28 16:19:42.285,21950,21951,21950,1,-1
2024-05-28 16:19:42.285,21950,21951,21950,1,-1
2024-05-28 16:19:42.285,21950,21951,21950,1,-1
2024-05-28 16:19:42.310,21950,21951,21950,1,-1
2024-05-28 16:19:43.458,21949,21950,21950,1,1
2024-05-28 16:19:44.853,21949,21950,21950,1,1
2024-05-28 16:19:48.767,21949,21950,21950,2,2
2024-05-28 16:19:48.767,21949,21950,21950,1,1
2024-05-28 16:19:48.767,21949,21950,21950,1,1
2024-05-28 16:19:48.768,21949,21950,21950,1,1
2024-05-28 16:19:49.100,21950,21952,21950,3,-3
2024-05-28 16:19:49.510,21950,21952,21950,1,-1
2024-05-28 16:19:52.023,21950,21952,21950,5,-5
2024-05-28 16:19:52.082,21949,21950,21949,1,-1
2024-05-28 16:19:55.437,21949,21950,21950,1,1
2024-05-28 16:19:57.590,21949,21950,21950,2,2
2024-05-28 16:19:57.590,21949,21950,21951,1,1
2024-05-28 16:19:57.590,21949,21950,21952,1,1
2024-05-28 16:20:05.471,21950,21951,21950,1,-1
2024-05-28 16:20:05.936,21949,21951,21949,6,-6
2024-05-28 16:20:06.941,21949,21950,21949,3,-3
2024-05-28 16:20:06.941,21949,21950,21949,1,-1
2024-05-28 16:20:10.125,21948,21949,21949,1,1
2024-05-28 16:20:11.661,21948,21949,21948,4,-4
2024-05-28 16:20:15.777,21948,21949,21948,2,-2
2024-05-28 16:20:16.131,21948,21949,21949,1,1
2024-05-28 16:20:16.599,21949,21950,21949,3,-3
2024-05-28 16:20:17.034,21948,21949,21948,2,-2
2024-05-28 16:20:18.623,21947,21948,21948,4,4
2024-05-28 16:20:18.936,21947,21948,21947,2,-2
2024-05-28 16:20:20.558,21947,21948,21947,1,-1
2024-05-28 16:20:36.116,21947,21948,21947,4,-4
2024-05-28 16:20:40.504,21947,21948,21947,3,-3
2024-05-28 16:20:41.196,21946,21948,21946,1,-1
2024-05-28 16:20:42.486,21946,21948,21946,2,-2
2024-05-28 16:20:46.391,21947,21948,21947,1,-1
2024-05-28 16:20:47.375,21946,21948,21946,2,-2
2024-05-28 16:20:47.427,21946,21948,21946,1,-1
2024-05-28 16:20:48.768,21946,21947,21946,1,-1
2024-05-28 16:20:49.136,21946,21947,21946,3,-3
2024-05-28 16:20:50.654,21945,21946,21945,1,-1
2024-05-28 16:20:51.170,21945,21946,21946,3,3
2024-05-28 16:20:51.218,21945,21946,21945,2,-2
2024-05-28 16:20:52.581,21945,21946,21946,1,1
2024-05-28 16:20:52.673,21945,21946,21945,7,-7
2024-05-28 16:20:54.629,21944,21945,21944,3,-3
2024-05-28 16:20:54.629,21944,21945,21943,1,-1
2024-05-28 16:20:55.821,21943,21945,21943,1,-1
2024-05-28 16:20:56.092,21943,21945,21945,2,2
2024-05-28 16:20:56.301,21943,21945,21944,1,1
2024-05-28 16:20:56.302,21943,21945,21944,1,1
2024-05-28 16:20:56.623,21943,21945,21943,2,-2
2024-05-28 16:20:58.614,21944,21945,21945,2,2
2024-05-28 16:20:58.628,21944,21945,21944,1,-1
2024-05-28 16:20:58.628,21944,21945,21943,1,-1
2024-05-28 16:20:59.957,21943,21945,21943,3,-3
2024-05-28 16:21:00.227,21943,21945,21943,1,-1
2024-05-28 16:21:01.399,21943,21944,21943,2,-2
2024-05-28 16:21:02.127,21942,21944,21944,2,2
2024-05-28 16:21:02.399,21942,21944,21944,1,1
2024-05-28 16:21:02.836,21943,21945,21945,4,4
2024-05-28 16:21:03.815,21943,21945,21943,1,-1
2024-05-28 16:21:04.339,21943,21945,21945,5,5
2024-05-28 16:21:05.776,21944,21945,21945,1,1
2024-05-28 16:21:05.776,21944,21945,21945,5,5
2024-05-28 16:21:06.160,21945,21946,21945,1,-1
2024-05-28 16:21:07.013,21945,21946,21945,1,-1
2024-05-28 16:21:07.490,21945,21946,21946,1,1
2024-05-28 16:21:14.129,21945,21946,21946,2,2
2024-05-28 16:21:20.943,21945,21946,21945,1,-1
2024-05-28 16:21:21.208,21945,21946,21945,4,-4
2024-05-28 16:21:36.348,21944,21946,21944,1,-1
2024-05-28 16:21:37.048,21944,21946,21945,1,-1
2024-05-28 16:21:38.857,21944,21946,21946,1,1
2024-05-28 16:21:50.880,21945,21946,21946,1,1
2024-05-28 16:21:50.880,21945,21946,21946,4,4
2024-05-28 16:21:50.885,21945,21946,21948,1,1
2024-05-28 16:21:51.428,21948,21950,21948,1,-1
2024-05-28 16:22:08.224,21947,21949,21949,2,2
2024-05-28 16:22:08.637,21947,21949,21947,1,-1
2024-05-28 16:22:17.771,21947,21949,21947,1,-1
2024-05-28 16:22:18.611,21947,21949,21947,1,-1
2024-05-28 16:22:20.272,21947,21949,21947,1,-1
2024-05-28 16:22:21.430,21948,21949,21948,1,-1
2024-05-28 16:22:22.195,21947,21949,21947,1,-1
2024-05-28 16:22:24.505,21947,21949,21947,1,-1
2024-05-28 16:22:26.224,21947,21949,21949,1,1
2024-05-28 16:22:29.434,21948,21950,21950,1,1
2024-05-28 16:22:30.966,21949,21950,21950,1,1
2024-05-28 16:22:38.083,21949,21950,21950,1,1
2024-05-28 16:22:38.786,21949,21950,21950,1,1
2024-05-28 16:22:39.784,21949,21950,21950,1,1
2024-05-28 16:22:40.516,21949,21950,21949,1,-1
2024-05-28 16:22:42.496,21947,21949,21949,1,1
2024-05-28 16:22:43.292,21947,21949,21949,1,1
2024-05-28 16:22:43.712,21947,21949,21949,2,2
2024-05-28 16:22:44.640,21947,21949,21949,1,1
2024-05-28 16:22:46.164,21947,21949,21949,1,1
2024-05-28 16:22:46.164,21947,21949,21950,1,1
2024-05-28 16:22:46.709,21948,21950,21948,1,-1
2024-05-28 16:22:47.431,21949,21950,21949,2,-2
2024-05-28 16:22:51.014,21949,21950,21949,1,-1
2024-05-28 16:22:51.015,21949,21950,21949,1,-1
2024-05-28 16:22:52.483,21948,21950,21949,2,-2
2024-05-28 16:22:52.635,21948,21949,21948,1,-1
2024-05-28 16:22:54.314,21948,21949,21949,1,1
2024-05-28 16:23:07.234,21948,21949,21949,3,3
2024-05-28 16:23:08.739,21949,21950,21950,1,1
2024-05-28 16:23:20.834,21949,21950,21949,1,-1
2024-05-28 16:23:21.546,21949,21950,21950,1,1
2024-05-28 16:23:25.280,21949,21950,21950,2,2
2024-05-28 16:23:25.695,21949,21950,21950,1,1
2024-05-28 16:23:26.511,21949,21950,21950,2,2
2024-05-28 16:23:27.791,21949,21950,21950,1,1
2024-05-28 16:23:30.059,21949,21950,21950,1,1
2024-05-28 16:23:30.230,21949,21950,21950,3,3
2024-05-28 16:23:30.664,21949,21950,21950,2,2
2024-05-28 16:23:31.466,21949,21950,21950,2,2
2024-05-28 16:23:51.964,21949,21950,21949,1,-1
2024-05-28 16:23:53.525,21949,21950,21949,17,-17
2024-05-28 16:23:53.526,21949,21950,21948,1,-1
2024-05-28 16:23:53.526,21949,21950,21948,1,-1
2024-05-28 16:23:53.526,21949,21950,21948,2,-2
2024-05-28 16:23:59.305,21947,21948,21948,1,1
2024-05-28 16:24:01.841,21947,21948,21948,1,1
2024-05-28 16:24:02.160,21947,21948,21948,1,1
2024-05-28 16:24:02.184,21947,21948,21948,1,1
2024-05-28 16:24:02.193,21947,21949,21947,1,-1
2024-05-28 16:24:03.464,21947,21949,21947,1,-1
2024-05-28 16:24:10.323,21948,21949,21948,1,-1
2024-05-28 16:24:17.246,21949,21950,21950,2,2
2024-05-28 16:24:17.246,21949,21950,21950,5,5
2024-05-28 16:24:19.980,21950,21951,21950,1,-1
2024-05-28 16:24:20.358,21950,21951,21950,1,-1
2024-05-28 16:24:31.810,21950,21951,21951,1,1
2024-05-28 16:24:42.925,21951,21952,21951,1,-1
2024-05-28 16:24:50.688,21951,21953,21951,1,-1
2024-05-28 16:24:52.575,21951,21953,21951,1,-1
2024-05-28 16:25:01.202,21952,21953,21952,1,-1
2024-05-28 16:25:01.354,21952,21953,21952,1,-1
2024-05-28 16:25:11.485,21952,21953,21953,1,1
2024-05-28 16:25:21.842,21952,21953,21953,1,1
2024-05-28 16:25:21.878,21952,21953,21952,1,-1
2024-05-28 16:25:27.309,21952,21953,21953,1,1
2024-05-28 16:25:27.309,21952,21953,21954,4,4
2024-05-28 16:25:27.785,21952,21954,21954,1,1
2024-05-28 16:25:38.961,21953,21954,21953,1,-1
2024-05-28 16:25:41.358,21952,21953,21952,3,-3
2024-05-28 16:25:45.315,21951,21953,21953,4,4
2024-05-28 16:25:45.315,21951,21953,21954,1,1
2024-05-28 16:25:54.722,21951,21953,21953,5,5
2024-05-28 16:25:57.134,21951,21953,21951,5,-5
2024-05-28 16:25:57.134,21951,21953,21951,1,-1
2024-05-28 16:26:03.912,21950,21952,21951,1,-1
2024-05-28 16:26:03.950,21951,21953,21951,1,-1
2024-05-28 16:26:27.131,21951,21953,21952,1,-1
2024-05-28 16:26:27.153,21951,21953,21952,2,-2
2024-05-28 16:26:50.632,21952,21953,21952,1,-1
2024-05-28 16:26:50.633,21952,21953,21952,4,-4
2024-05-28 16:26:50.633,21952,21953,21952,2,-2
2024-05-28 16:26:58.813,21951,21952,21952,1,1
2024-05-28 16:27:49.874,21951,21952,21952,2,2
2024-05-28 16:27:50.281,21951,21952,21951,1,-1
2024-05-28 16:27:58.383,21951,21952,21951,1,-1
2024-05-28 16:27:58.383,21951,21952,21951,4,-4
2024-05-28 16:27:58.383,21951,21952,21951,2,-2
2024-05-28 16:27:58.383,21951,21952,21951,1,-1
2024-05-28 16:27:58.384,21951,21952,21950,2,-2
2024-05-28 16:28:00.372,21950,21951,21950,1,-1
2024-05-28 16:28:27.253,21950,21951,21951,1,1
2024-05-28 16:28:27.326,21950,21952,21950,5,-5
2024-05-28 16:28:33.818,21950,21951,21951,1,1
2024-05-28 16:28:44.438,21950,21951,21951,1,1
2024-05-28 16:28:45.936,21950,21951,21951,1,1
2024-05-28 16:28:54.170,21950,21951,21950,1,-1
2024-05-28 16:28:55.372,21950,21951,21950,3,-3
2024-05-28 16:28:58.649,21949,21950,21949,1,-1
2024-05-28 16:28:58.649,21949,21950,21949,4,-4
2024-05-28 16:29:00.225,21948,21949,21948,1,-1
2024-05-28 16:29:00.807,21948,21949,21948,1,-1
2024-05-28 16:29:00.807,21948,21949,21948,3,-3
2024-05-28 16:29:00.895,21947,21949,21947,2,-2
2024-05-28 16:29:01.003,21947,21949,21947,1,-1
2024-05-28 16:29:01.042,21947,21949,21946,1,-1
2024-05-28 16:29:01.042,21947,21949,21947,1,-1
2024-05-28 16:29:01.100,21946,21948,21946,5,-5
2024-05-28 16:29:31.069,21946,21948,21946,12,-12
2024-05-28 16:29:33.304,21946,21948,21947,1,-1
2024-05-28 16:29:33.371,21947,21948,21947,1,-1
2024-05-28 16:29:33.683,21946,21948,21946,4,-4
2024-05-28 16:29:54.818,21946,21947,21947,1,1
2024-05-28 16:29:57.483,21947,21948,21947,1,-1
2024-05-28 16:30:00.300,21947,21948,21947,1,-1
2024-05-28 16:30:06.654,21947,21948,21948,1,1
2024-05-28 16:30:12.026,21948,21949,21948,2,-2
2024-05-28 16:30:15.116,21948,21949,21948,1,-1
2024-05-28 16:30:28.287,21947,21949,21948,1,-1
2024-05-28 16:31:03.318,21947,21948,21947,1,-1
2024-05-28 16:31:04.979,21946,21948,21946,4,-4
2024-05-28 16:31:05.523,21945,21947,21945,1,-1
2024-05-28 16:31:22.253,21948,21950,21948,1,-1
2024-05-28 16:31:48.584,21946,21948,21947,3,-3
2024-05-28 16:31:52.723,21946,21947,21946,1,-1
2024-05-28 16:32:10.366,21946,21947,21946,1,-1
2024-05-28 16:32:13.217,21946,21947,21947,1,1
2024-05-28 16:32:13.217,21946,21947,21948,2,2
2024-05-28 16:32:13.950,21946,21948,21946,1,-1
2024-05-28 16:32:15.341,21946,21948,21946,1,-1
2024-05-28 16:32:17.088,21946,21948,21946,1,-1
2024-05-28 16:32:18.876,21946,21948,21946,1,-1
2024-05-28 16:32:18.933,21946,21948,21946,3,-3
2024-05-28 16:32:25.614,21946,21947,21946,1,-1
2024-05-28 16:32:34.313,21946,21948,21946,1,-1
2024-05-28 16:32:47.734,21947,21948,21947,1,-1
2024-05-28 16:32:50.230,21947,21948,21947,1,-1
2024-05-28 16:32:59.051,21947,21948,21948,3,3
2024-05-28 16:32:59.051,21947,21948,21948,1,1
2024-05-28 16:32:59.051,21947,21948,21948,3,3
2024-05-28 16:33:00.195,21948,21949,21948,3,-3
2024-05-28 16:33:03.895,21948,21949,21948,1,-1
2024-05-28 16:33:09.551,21948,21949,21949,1,1
2024-05-28 16:33:09.801,21948,21950,21948,1,-1
2024-05-28 16:33:28.499,21948,21950,21949,1,-1
2024-05-28 16:33:44.236,21949,21950,21949,1,-1
2024-05-28 16:33:45.290,21949,21950,21949,1,-1
2024-05-28 16:33:51.050,21949,21950,21949,1,-1
2024-05-28 16:33:51.692,21949,21950,21950,1,1
2024-05-28 16:33:51.692,21949,21950,21950,2,2
2024-05-28 16:34:10.257,21950,21951,21950,1,-1
2024-05-28 16:34:10.602,21950,21951,21950,1,-1
2024-05-28 16:34:11.682,21950,21951,21951,4,4
2024-05-28 16:34:18.893,21950,21951,21951,4,4
2024-05-28 16:34:18.893,21950,21951,21951,2,2
2024-05-28 16:34:27.112,21950,21951,21951,1,1
2024-05-28 16:34:30.606,21950,21951,21950,2,-2
2024-05-28 16:34:30.606,21950,21951,21950,1,-1
2024-05-28 16:34:40.881,21949,21950,21950,1,1
2024-05-28 16:34:53.083,21949,21951,21949,1,-1
2024-05-28 16:35:08.155,21949,21951,21950,1,-1
2024-05-28 16:35:08.155,21949,21951,21950,1,-1
2024-05-28 16:35:08.214,21949,21950,21949,1,-1
2024-05-28 16:35:10.550,21949,21950,21950,1,1
2024-05-28 16:35:10.551,21949,21950,21950,2,2
2024-05-28 16:35:13.642,21949,21951,21949,1,-1
2024-05-28 16:35:19.304,21949,21951,21949,1,-1
2024-05-28 16:35:23.333,21949,21950,21949,1,-1
2024-05-28 16:35:30.906,21949,21950,21949,12,-12
2024-05-28 16:35:31.979,21948,21949,21948,2,-2
2024-05-28 16:35:32.281,21947,21949,21949,1,1
2024-05-28 16:35:32.963,21947,21949,21949,1,1
2024-05-28 16:36:01.673,21948,21949,21949,1,1
2024-05-28 16:36:01.895,21948,21949,21949,1,1
2024-05-28 16:36:10.667,21948,21949,21948,1,-1
2024-05-28 16:36:21.886,21948,21949,21948,3,-3
2024-05-28 16:36:50.409,21947,21948,21947,1,-1
2024-05-28 16:36:55.118,21947,21948,21947,2,-2
2024-05-28 16:37:00.640,21947,21948,21947,1,-1
2024-05-28 16:37:02.661,21946,21947,21946,1,-1
2024-05-28 16:37:02.661,21946,21947,21946,1,-1
2024-05-28 16:37:05.627,21945,21947,21945,3,-3
2024-05-28 16:37:12.214,21946,21947,21946,1,-1
2024-05-28 16:37:16.555,21945,21947,21945,2,-2
2024-05-28 16:37:20.628,21945,21947,21947,1,1
2024-05-28 16:37:22.340,21946,21948,21948,1,1
2024-05-28 16:37:30.862,21947,21948,21947,1,-1
2024-05-28 16:37:46.141,21946,21948,21947,1,-1
2024-05-28 16:37:53.800,21947,21948,21947,1,-1
2024-05-28 16:38:20.767,21947,21948,21947,1,-1
2024-05-28 16:38:25.907,21947,21948,21948,1,1
2024-05-28 16:38:25.908,21947,21948,21948,4,4
2024-05-28 16:38:25.910,21947,21948,21949,3,3
2024-05-28 16:38:32.691,21949,21950,21950,1,1
2024-05-28 16:38:38.344,21949,21950,21950,1,1
2024-05-28 16:38:43.087,21949,21950,21949,1,-1
2024-05-28 16:38:50.501,21949,21950,21949,1,-1
2024-05-28 16:38:50.714,21949,21950,21949,1,-1
2024-05-28 16:38:51.387,21948,21950,21948,2,-2
2024-05-28 16:39:02.232,21948,21949,21949,1,1
2024-05-28 16:39:02.916,21948,21949,21949,1,1
2024-05-28 16:39:03.685,21948,21950,21950,1,1
2024-05-28 16:39:03.786,21948,21950,21951,1,1
2024-05-28 16:39:20.648,21950,21952,21951,5,5
2024-05-28 16:39:26.308,21950,21951,21950,1,-1
2024-05-28 16:39:26.309,21950,21951,21950,3,-3
2024-05-28 16:39:36.683,21949,21950,21950,4,4
2024-05-28 16:39:43.944,21949,21950,21950,1,1
2024-05-28 16:39:50.723,21949,21950,21949,1,-1
2024-05-28 16:40:19.336,21950,21951,21951,2,2
2024-05-28 16:40:19.360,21950,21951,21951,4,4
2024-05-28 16:40:31.299,21950,21951,21950,3,-3
2024-05-28 16:40:47.481,21949,21950,21950,1,1
2024-05-28 16:40:52.221,21949,21951,21951,1,1
2024-05-28 16:40:57.883,21949,21951,21951,1,1
2024-05-28 16:41:12.361,21950,21951,21950,1,-1
2024-05-28 16:41:20.035,21950,21951,21951,2,2
2024-05-28 16:41:20.036,21950,21951,21951,1,1
2024-05-28 16:41:22.766,21950,21951,21950,1,-1
2024-05-28 16:41:22.767,21950,21951,21950,3,-3
2024-05-28 16:41:22.767,21950,21951,21950,1,-1
2024-05-28 16:41:50.268,21950,21951,21950,1,-1
2024-05-28 16:41:53.753,21950,21951,21950,1,-1
2024-05-28 16:42:10.397,21950,21951,21950,1,-1
2024-05-28 16:42:25.717,21950,21951,21951,1,1
2024-05-28 16:42:33.834,21951,21952,21951,1,-1
2024-05-28 16:42:43.161,21950,21951,21951,1,1
2024-05-28 16:42:49.422,21951,21952,21952,2,2
2024-05-28 16:42:49.423,21951,21952,21952,1,1
2024-05-28 16:42:51.315,21952,21953,21952,1,-1
2024-05-28 16:43:12.452,21952,21953,21953,1,1
2024-05-28 16:43:12.689,21952,21953,21953,1,1
2024-05-28 16:43:12.690,21952,21953,21953,1,1
2024-05-28 16:43:13.397,21952,21953,21952,3,-3
2024-05-28 16:43:20.879,21951,21952,21952,1,1
2024-05-28 16:43:24.505,21951,21952,21952,10,10
2024-05-28 16:43:39.750,21952,21953,21953,1,1
2024-05-28 16:43:50.254,21952,21953,21952,1,-1
2024-05-28 16:43:50.254,21952,21953,21952,3,-3
2024-05-28 16:44:01.079,21951,21952,21952,1,1
2024-05-28 16:44:06.736,21951,21952,21951,2,-2
2024-05-28 16:44:08.557,21950,21952,21952,1,1
2024-05-28 16:44:15.804,21951,21952,21952,1,1
2024-05-28 16:44:20.009,21951,21952,21951,1,-1
2024-05-28 16:44:20.009,21951,21952,21951,1,-1
2024-05-28 16:44:21.096,21950,21952,21952,3,3
2024-05-28 16:44:40.732,21951,21952,21951,2,-2
2024-05-28 16:44:51.372,21950,21952,21950,1,-1
2024-05-28 16:44:52.796,21950,21951,21950,11,-11
2024-05-28 16:44:53.143,21949,21950,21949,7,-7
2024-05-28 16:44:53.143,21949,21950,21949,1,-1
2024-05-28 16:44:53.143,21949,21950,21949,2,-2
2024-05-28 16:44:53.144,21949,21950,21949,5,-5
2024-05-28 16:44:53.313,21948,21949,21948,3,-3
2024-05-28 16:44:53.313,21948,21949,21947,5,-5
2024-05-28 16:44:53.313,21948,21949,21946,2,-2
2024-05-28 16:44:53.418,21948,21949,21947,2,-2
2024-05-28 16:44:53.418,21948,21949,21946,7,-7
2024-05-28 16:44:53.422,21948,21949,21946,9,-9
2024-05-28 16:44:53.422,21948,21949,21945,1,-1
2024-05-28 16:45:04.476,21947,21949,21948,1,-1
2024-05-28 16:45:05.112,21947,21949,21947,1,-1
2024-05-28 16:45:05.460,21947,21949,21947,1,-1
2024-05-28 16:45:05.617,21946,21948,21946,1,-1
2024-05-28 16:45:05.683,21946,21948,21946,1,-1
2024-05-28 16:45:05.785,21946,21948,21946,1,-1
2024-05-28 16:45:05.934,21946,21948,21946,1,-1
2024-05-28 16:45:18.823,21947,21948,21947,1,-1
2024-05-28 16:45:19.020,21946,21947,21947,1,1
2024-05-28 16:45:21.054,21946,21947,21946,1,-1
2024-05-28 16:45:21.791,21946,21947,21946,1,-1
2024-05-28 16:45:29.348,21946,21947,21947,1,1
2024-05-28 16:45:35.152,21946,21947,21946,5,-5
2024-05-28 16:45:37.272,21946,21947,21946,1,-1
2024-05-28 16:45:37.836,21946,21947,21946,1,-1
2024-05-28 16:45:39.851,21946,21947,21946,1,-1
2024-05-28 16:45:44.489,21946,21947,21946,3,-3
2024-05-28 16:45:44.489,21946,21947,21946,1,-1
2024-05-28 16:45:44.495,21946,21947,21945,2,-2
2024-05-28 16:45:45.209,21945,21946,21945,4,-4
2024-05-28 16:45:45.209,21945,21946,21945,1,-1
