2024-01-04 15:00:00.001,17571,17571,17571,176,0
2024-01-04 15:00:00.001,17572,17572,17572,22,22
2024-01-04 15:00:00.001,17571,17571,17571,6,-6
2024-01-04 15:00:00.001,17571,17571,17571,14,0
2024-01-04 15:00:00.001,17571,17571,17571,4,0
2024-01-04 15:00:00.001,17572,17572,17572,4,4
2024-01-04 15:00:00.001,17573,17573,17573,2,2
2024-01-04 15:00:00.001,17573,17573,17573,2,0
2024-01-04 15:00:00.001,17573,17573,17573,2,0
2024-01-04 15:00:00.001,17573,17573,17573,4,0
2024-01-04 15:00:00.001,17573,17573,17573,2,0
2024-01-04 15:00:00.001,17573,17573,17573,4,0
2024-01-04 15:00:00.001,17572,17572,17572,2,-2
2024-01-04 15:00:00.001,17572,17572,17572,2,0
2024-01-04 15:00:00.001,17573,17573,17573,2,2
2024-01-04 15:00:00.001,17573,17573,17573,4,0
2024-01-04 15:00:00.001,17573,17573,17573,2,0
2024-01-04 15:00:00.001,17574,17574,17574,2,2
2024-01-04 15:00:00.001,17574,17574,17574,6,0
2024-01-04 15:00:00.001,17574,17574,17574,2,0
2024-01-04 15:00:00.001,17574,17574,17574,2,0
2024-01-04 15:00:00.001,17574,17574,17574,2,0
2024-01-04 15:00:00.001,17574,17574,17574,2,0
2024-01-04 15:00:00.001,17574,17574,17574,2,0
2024-01-04 15:00:00.001,17574,17574,17574,2,0
2024-01-04 15:00:00.001,17574,17574,17574,2,0
2024-01-04 15:00:00.001,17575,17575,17575,6,6
2024-01-04 15:00:00.001,17575,17575,17575,6,0
2024-01-04 15:00:00.001,17575,17575,17575,2,0
2024-01-04 15:00:00.001,17575,17575,17575,2,0
2024-01-04 15:00:00.001,17575,17575,17575,2,0
2024-01-04 15:00:00.001,17575,17575,17575,2,0
2024-01-04 15:00:00.001,17575,17575,17575,2,0
2024-01-04 15:00:00.001,17575,17575,17575,2,0
2024-01-04 15:00:00.001,17575,17575,17575,2,0
2024-01-04 15:00:00.001,17575,17575,17575,2,0
2024-01-04 15:00:00.001,17575,17575,17575,6,0
2024-01-04 15:00:00.001,17570,17570,17570,2,-2
2024-01-04 15:00:00.001,17574,17574,17574,2,2
2024-01-04 15:00:00.001,17574,17574,17574,2,0
2024-01-04 15:00:00.001,17574,17574,17574,2,0
2024-01-04 15:00:00.001,17574,17574,17574,2,0
2024-01-04 15:00:00.001,17575,17575,17575,2,2
2024-01-04 15:00:00.001,17575,17575,17575,2,0
2024-01-04 15:00:00.001,17575,17575,17575,2,0
2024-01-04 15:00:00.001,17575,17575,17575,2,0
2024-01-04 15:00:00.001,17575,17575,17575,4,0
2024-01-04 15:00:00.001,17576,17576,17576,2,2
2024-01-04 15:00:00.001,17576,17576,17576,2,0
2024-01-04 15:00:00.001,17577,17577,17577,2,2
2024-01-04 15:00:00.001,17577,17577,17577,2,0
2024-01-04 15:00:00.001,17577,17577,17577,2,0
2024-01-04 15:00:00.001,17577,17577,17577,2,0
2024-01-04 15:00:00.001,17578,17578,17578,2,2
2024-01-04 15:00:00.001,17575,17575,17575,2,-2
2024-01-04 15:00:01.001,17577,17577,17577,2,2
2024-01-04 15:00:01.001,17577,17577,17577,2,0
2024-01-04 15:00:01.001,17576,17576,17576,2,-2
2024-01-04 15:00:01.001,17576,17576,17576,2,0
2024-01-04 15:00:01.001,17575,17575,17575,2,-2
2024-01-04 15:00:01.001,17575,17575,17575,2,0
2024-01-04 15:00:01.001,17577,17577,17577,2,2
2024-01-04 15:00:01.001,17577,17577,17577,2,0
2024-01-04 15:00:01.001,17575,17575,17575,2,-2
2024-01-04 15:00:01.001,17577,17577,17577,4,4
2024-01-04 15:00:01.001,17575,17575,17575,2,-2
2024-01-04 15:00:01.001,17577,17577,17577,2,2
2024-01-04 15:00:01.001,17576,17576,17576,2,-2
2024-01-04 15:00:01.001,17576,17576,17576,2,0
2024-01-04 15:00:02.001,17576,17576,17576,16,0
2024-01-04 15:00:02.001,17576,17576,17576,4,0
2024-01-04 15:00:02.001,17575,17575,17575,4,-4
2024-01-04 15:00:02.001,17576,17576,17576,2,2
2024-01-04 15:00:02.001,17576,17576,17576,4,0
2024-01-04 15:00:02.001,17574,17574,17574,2,-2
2024-01-04 15:00:02.001,17577,17577,17577,2,2
2024-01-04 15:00:02.001,17576,17576,17576,2,-2
2024-01-04 15:00:02.001,17577,17577,17577,2,2
2024-01-04 15:00:02.001,17574,17574,17574,2,-2
2024-01-04 15:00:02.001,17576,17576,17576,2,2
2024-01-04 15:00:02.001,17574,17574,17574,2,-2
2024-01-04 15:00:02.001,17574,17574,17574,2,0
2024-01-04 15:00:02.001,17574,17574,17574,2,0
2024-01-04 15:00:02.001,17574,17574,17574,2,0
2024-01-04 15:00:02.001,17574,17574,17574,4,0
2024-01-04 15:00:03.001,17574,17574,17574,2,0
2024-01-04 15:00:03.001,17574,17574,17574,2,0
2024-01-04 15:00:03.001,17573,17573,17573,2,-2
2024-01-04 15:00:04.001,17574,17574,17574,6,6
2024-01-04 15:00:04.001,17574,17574,17574,10,0
2024-01-04 15:00:05.001,17575,17575,17575,4,4
2024-01-04 15:00:05.001,17576,17576,17576,2,2
2024-01-04 15:00:05.001,17576,17576,17576,8,0
2024-01-04 15:00:05.001,17575,17575,17575,2,-2
2024-01-04 15:00:05.001,17575,17575,17575,2,0
2024-01-04 15:00:05.001,17574,17574,17574,2,-2
2024-01-04 15:00:06.001,17575,17575,17575,20,20
2024-01-04 15:00:07.001,17575,17575,17575,2,0
2024-01-04 15:00:07.001,17574,17574,17574,2,-2
2024-01-04 15:00:07.001,17574,17574,17574,2,0
2024-01-04 15:00:07.001,17574,17574,17574,2,0
2024-01-04 15:00:07.001,17574,17574,17574,2,0
2024-01-04 15:00:09.001,17575,17575,17575,4,4
2024-01-04 15:00:11.001,17576,17576,17576,2,2
2024-01-04 15:00:12.001,17575,17575,17575,2,-2
2024-01-04 15:00:13.001,17575,17575,17575,2,0
2024-01-04 15:00:13.001,17575,17575,17575,2,0
2024-01-04 15:00:13.001,17575,17575,17575,4,0
2024-01-04 15:00:13.001,17574,17574,17574,2,-2
2024-01-04 15:00:13.001,17575,17575,17575,2,2
2024-01-04 15:00:14.001,17575,17575,17575,2,0
2024-01-04 15:00:14.001,17576,17576,17576,2,2
2024-01-04 15:00:14.001,17575,17575,17575,2,-2
2024-01-04 15:00:14.001,17575,17575,17575,2,0
2024-01-04 15:00:14.001,17575,17575,17575,4,0
2024-01-04 15:00:15.001,17574,17574,17574,2,-2
2024-01-04 15:00:15.001,17576,17576,17576,2,2
2024-01-04 15:00:15.001,17576,17576,17576,4,0
2024-01-04 15:00:15.001,17576,17576,17576,4,0
2024-01-04 15:00:15.001,17576,17576,17576,16,0
2024-01-04 15:00:15.001,17577,17577,17577,2,2
2024-01-04 15:00:15.001,17577,17577,17577,2,0
2024-01-04 15:00:15.001,17577,17577,17577,6,0
2024-01-04 15:00:15.001,17576,17576,17576,2,-2
2024-01-04 15:00:16.001,17577,17577,17577,4,4
2024-01-04 15:00:16.001,17577,17577,17577,4,0
2024-01-04 15:00:16.001,17577,17577,17577,2,0
2024-01-04 15:00:16.001,17576,17576,17576,2,-2
2024-01-04 15:00:16.001,17576,17576,17576,2,0
2024-01-04 15:00:16.001,17576,17576,17576,4,0
2024-01-04 15:00:16.001,17576,17576,17576,2,0
2024-01-04 15:00:16.001,17576,17576,17576,2,0
2024-01-04 15:00:16.001,17576,17576,17576,24,0
2024-01-04 15:00:16.001,17578,17578,17578,20,20
2024-01-04 15:00:17.001,17577,17577,17577,4,-4
2024-01-04 15:00:17.001,17578,17578,17578,6,6
2024-01-04 15:00:17.001,17579,17579,17579,34,34
2024-01-04 15:00:17.001,17579,17579,17579,2,0
2024-01-04 15:00:17.001,17579,17579,17579,6,0
2024-01-04 15:00:17.001,17579,17579,17579,2,0
2024-01-04 15:00:17.001,17580,17580,17580,42,42
2024-01-04 15:00:17.001,17580,17580,17580,4,0
2024-01-04 15:00:17.001,17581,17581,17581,4,4
2024-01-04 15:00:17.001,17581,17581,17581,8,0
2024-01-04 15:00:17.001,17581,17581,17581,2,0
2024-01-04 15:00:17.001,17580,17580,17580,2,-2
2024-01-04 15:00:18.001,17581,17581,17581,2,2
2024-01-04 15:00:18.001,17581,17581,17581,2,0
2024-01-04 15:00:18.001,17580,17580,17580,2,-2
2024-01-04 15:00:18.001,17581,17581,17581,2,2
2024-01-04 15:00:18.001,17581,17581,17581,2,0
2024-01-04 15:00:18.001,17581,17581,17581,4,0
2024-01-04 15:00:19.001,17580,17580,17580,2,-2
2024-01-04 15:00:20.001,17582,17582,17582,12,12
2024-01-04 15:00:21.001,17583,17583,17583,8,8
2024-01-04 15:00:21.001,17584,17584,17584,4,4
2024-01-04 15:00:21.001,17584,17584,17584,2,0
2024-01-04 15:00:21.001,17584,17584,17584,8,0
2024-01-04 15:00:21.001,17584,17584,17584,16,0
2024-01-04 15:00:21.001,17585,17585,17585,4,4
2024-01-04 15:00:21.001,17585,17585,17585,2,0
2024-01-04 15:00:21.001,17585,17585,17585,12,0
2024-01-04 15:00:21.001,17585,17585,17585,6,0
2024-01-04 15:00:21.001,17585,17585,17585,2,0
2024-01-04 15:00:21.001,17585,17585,17585,4,0
2024-01-04 15:00:21.001,17586,17586,17586,4,4
2024-01-04 15:00:21.001,17585,17585,17585,6,-6
2024-01-04 15:00:21.001,17586,17586,17586,2,2
2024-01-04 15:00:21.001,17586,17586,17586,2,0
2024-01-04 15:00:21.001,17586,17586,17586,4,0
2024-01-04 15:00:21.001,17586,17586,17586,2,0
2024-01-04 15:00:21.001,17586,17586,17586,4,0
2024-01-04 15:00:21.001,17586,17586,17586,4,0
2024-01-04 15:00:21.001,17587,17587,17587,2,2
2024-01-04 15:00:21.001,17586,17586,17586,2,-2
2024-01-04 15:00:21.001,17587,17587,17587,4,4
2024-01-04 15:00:21.001,17587,17587,17587,12,0
2024-01-04 15:00:21.001,17587,17587,17587,4,0
2024-01-04 15:00:21.001,17587,17587,17587,4,0
2024-01-04 15:00:21.001,17586,17586,17586,8,-8
2024-01-04 15:00:21.001,17587,17587,17587,4,4
2024-01-04 15:00:21.001,17586,17586,17586,4,-4
2024-01-04 15:00:21.001,17585,17585,17585,2,-2
2024-01-04 15:00:21.001,17586,17586,17586,2,2
2024-01-04 15:00:21.001,17586,17586,17586,2,0
2024-01-04 15:00:21.001,17586,17586,17586,2,0
2024-01-04 15:00:21.001,17586,17586,17586,2,0
2024-01-04 15:00:21.001,17586,17586,17586,2,0
2024-01-04 15:00:21.001,17586,17586,17586,2,0
2024-01-04 15:00:21.001,17586,17586,17586,8,0
2024-01-04 15:00:21.001,17587,17587,17587,2,2
2024-01-04 15:00:21.001,17587,17587,17587,2,0
2024-01-04 15:00:21.001,17587,17587,17587,2,0
2024-01-04 15:00:21.001,17587,17587,17587,2,0
2024-01-04 15:00:21.001,17587,17587,17587,2,0
2024-01-04 15:00:21.001,17588,17588,17588,10,10
2024-01-04 15:00:21.001,17588,17588,17588,10,0
2024-01-04 15:00:21.001,17588,17588,17588,2,0
2024-01-04 15:00:21.001,17588,17588,17588,4,0
2024-01-04 15:00:21.001,17588,17588,17588,10,0
2024-01-04 15:00:21.001,17587,17587,17587,2,-2
2024-01-04 15:00:21.001,17588,17588,17588,2,2
2024-01-04 15:00:21.001,17588,17588,17588,2,0
2024-01-04 15:00:21.001,17588,17588,17588,14,0
2024-01-04 15:00:21.001,17588,17588,17588,8,0
2024-01-04 15:00:21.001,17588,17588,17588,2,0
2024-01-04 15:00:21.001,17588,17588,17588,2,0
2024-01-04 15:00:21.001,17588,17588,17588,2,0
2024-01-04 15:00:21.001,17587,17587,17587,2,-2
2024-01-04 15:00:21.001,17588,17588,17588,4,4
2024-01-04 15:00:21.001,17588,17588,17588,2,0
2024-01-04 15:00:21.001,17588,17588,17588,4,0
2024-01-04 15:00:21.001,17588,17588,17588,2,0
2024-01-04 15:00:21.001,17588,17588,17588,2,0
2024-01-04 15:00:21.001,17588,17588,17588,2,0
2024-01-04 15:00:21.001,17588,17588,17588,4,0
2024-01-04 15:00:21.001,17588,17588,17588,2,0
2024-01-04 15:00:22.001,17588,17588,17588,20,0
2024-01-04 15:00:22.001,17588,17588,17588,2,0
2024-01-04 15:00:22.001,17588,17588,17588,2,0
2024-01-04 15:00:22.001,17586,17586,17586,2,-2
2024-01-04 15:00:22.001,17586,17586,17586,2,0
2024-01-04 15:00:22.001,17586,17586,17586,4,0
2024-01-04 15:00:22.001,17587,17587,17587,2,2
2024-01-04 15:00:22.001,17587,17587,17587,2,0
2024-01-04 15:00:22.001,17587,17587,17587,2,0
2024-01-04 15:00:22.001,17587,17587,17587,2,0
2024-01-04 15:00:22.001,17585,17585,17585,2,-2
2024-01-04 15:00:22.001,17587,17587,17587,2,2
2024-01-04 15:00:22.001,17586,17586,17586,2,-2
2024-01-04 15:00:22.001,17587,17587,17587,6,6
2024-01-04 15:00:22.001,17587,17587,17587,2,0
2024-01-04 15:00:23.001,17585,17585,17585,2,-2
2024-01-04 15:00:23.001,17587,17587,17587,2,2
2024-01-04 15:00:23.001,17587,17587,17587,2,0
2024-01-04 15:00:23.001,17585,17585,17585,2,-2
2024-01-04 15:00:23.001,17585,17585,17585,2,0
2024-01-04 15:00:23.001,17585,17585,17585,2,0
2024-01-04 15:00:23.001,17584,17584,17584,2,-2
2024-01-04 15:00:24.001,17586,17586,17586,2,2
2024-01-04 15:00:25.001,17584,17584,17584,2,-2
2024-01-04 15:00:25.001,17584,17584,17584,4,0
2024-01-04 15:00:25.001,17583,17583,17583,2,-2
2024-01-04 15:00:25.001,17583,17583,17583,2,0
2024-01-04 15:00:26.001,17584,17584,17584,4,4
2024-01-04 15:00:27.001,17584,17584,17584,2,0
2024-01-04 15:00:27.001,17583,17583,17583,2,-2
2024-01-04 15:00:27.001,17584,17584,17584,2,2
2024-01-04 15:00:29.001,17584,17584,17584,4,0
2024-01-04 15:00:30.001,17584,17584,17584,2,0
2024-01-04 15:00:30.001,17583,17583,17583,2,-2
2024-01-04 15:00:30.001,17583,17583,17583,4,0
2024-01-04 15:00:30.001,17583,17583,17583,2,0
2024-01-04 15:00:30.001,17584,17584,17584,6,6
2024-01-04 15:00:30.001,17584,17584,17584,14,0
2024-01-04 15:00:31.001,17583,17583,17583,2,-2
2024-01-04 15:00:31.001,17583,17583,17583,2,0
2024-01-04 15:00:31.001,17583,17583,17583,2,0
2024-01-04 15:00:32.001,17584,17584,17584,2,2
2024-01-04 15:00:32.001,17585,17585,17585,4,4
2024-01-04 15:00:32.001,17585,17585,17585,2,0
2024-01-04 15:00:33.001,17584,17584,17584,4,-4
2024-01-04 15:00:34.001,17584,17584,17584,2,0
2024-01-04 15:00:34.001,17584,17584,17584,4,0
2024-01-04 15:00:34.001,17584,17584,17584,2,0
2024-01-04 15:00:35.001,17583,17583,17583,2,-2
2024-01-04 15:00:36.001,17585,17585,17585,10,10
2024-01-04 15:00:36.001,17585,17585,17585,2,0
2024-01-04 15:00:37.001,17585,17585,17585,8,0
2024-01-04 15:00:38.001,17584,17584,17584,2,-2
2024-01-04 15:00:38.001,17584,17584,17584,2,0
2024-01-04 15:00:38.001,17585,17585,17585,14,14
2024-01-04 15:00:38.001,17584,17584,17584,2,-2
2024-01-04 15:00:39.001,17583,17583,17583,2,-2
2024-01-04 15:00:39.001,17584,17584,17584,2,2
2024-01-04 15:00:39.001,17583,17583,17583,2,-2
2024-01-04 15:00:39.001,17583,17583,17583,2,0
2024-01-04 15:00:40.001,17584,17584,17584,8,8
2024-01-04 15:00:40.001,17584,17584,17584,16,0
2024-01-04 15:00:40.001,17585,17585,17585,2,2
2024-01-04 15:00:41.001,17583,17583,17583,2,-2
2024-01-04 15:00:41.001,17583,17583,17583,6,0
2024-01-04 15:00:41.001,17583,17583,17583,2,0
2024-01-04 15:00:42.001,17584,17584,17584,2,2
2024-01-04 15:00:42.001,17584,17584,17584,2,0
2024-01-04 15:00:42.001,17584,17584,17584,2,0
2024-01-04 15:00:42.001,17583,17583,17583,2,-2
2024-01-04 15:00:42.001,17584,17584,17584,2,2
2024-01-04 15:00:43.001,17584,17584,17584,2,0
2024-01-04 15:00:43.001,17584,17584,17584,2,0
2024-01-04 15:00:44.001,17583,17583,17583,2,-2
2024-01-04 15:00:44.001,17583,17583,17583,2,0
2024-01-04 15:00:45.001,17584,17584,17584,2,2
2024-01-04 15:00:45.001,17583,17583,17583,2,-2
2024-01-04 15:00:45.001,17583,17583,17583,2,0
2024-01-04 15:00:47.001,17584,17584,17584,2,2
2024-01-04 15:00:47.001,17583,17583,17583,2,-2
2024-01-04 15:00:48.001,17584,17584,17584,8,8
2024-01-04 15:00:48.001,17584,17584,17584,2,0
2024-01-04 15:00:48.001,17584,17584,17584,10,0
2024-01-04 15:00:48.001,17583,17583,17583,2,-2
2024-01-04 15:00:49.001,17585,17585,17585,6,6
2024-01-04 15:00:49.001,17584,17584,17584,2,-2
2024-01-04 15:00:49.001,17585,17585,17585,2,2
2024-01-04 15:00:50.001,17583,17583,17583,2,-2
2024-01-04 15:00:50.001,17583,17583,17583,2,0
2024-01-04 15:00:51.001,17583,17583,17583,4,0
2024-01-04 15:00:51.001,17583,17583,17583,2,0
2024-01-04 15:00:51.001,17583,17583,17583,2,0
2024-01-04 15:00:51.001,17583,17583,17583,2,0
2024-01-04 15:00:51.001,17583,17583,17583,4,0
2024-01-04 15:00:51.001,17583,17583,17583,4,0
2024-01-04 15:00:51.001,17583,17583,17583,2,0
2024-01-04 15:00:52.001,17583,17583,17583,2,0
2024-01-04 15:00:53.001,17582,17582,17582,2,-2
2024-01-04 15:00:53.001,17582,17582,17582,4,0
2024-01-04 15:00:53.001,17582,17582,17582,4,0
2024-01-04 15:00:54.001,17582,17582,17582,2,0
2024-01-04 15:00:55.001,17582,17582,17582,2,0
2024-01-04 15:00:55.001,17582,17582,17582,2,0
2024-01-04 15:00:55.001,17582,17582,17582,2,0
2024-01-04 15:00:55.001,17582,17582,17582,2,0
2024-01-04 15:00:55.001,17583,17583,17583,6,6
2024-01-04 15:00:56.001,17582,17582,17582,4,-4
2024-01-04 15:00:56.001,17583,17583,17583,4,4
2024-01-04 15:00:57.001,17582,17582,17582,2,-2
2024-01-04 15:00:57.001,17582,17582,17582,2,0
2024-01-04 15:00:58.001,17583,17583,17583,2,2
2024-01-04 15:00:59.001,17583,17583,17583,2,0
2024-01-04 15:00:59.001,17582,17582,17582,2,-2
2024-01-04 15:00:59.001,17584,17584,17584,2,2
2024-01-04 15:01:00.001,17584,17584,17584,8,0
2024-01-04 15:01:00.001,17584,17584,17584,22,0
2024-01-04 15:01:00.001,17585,17585,17585,2,2
2024-01-04 15:01:00.001,17585,17585,17585,2,0
2024-01-04 15:01:00.001,17585,17585,17585,2,0
2024-01-04 15:01:00.001,17585,17585,17585,2,0
2024-01-04 15:01:00.001,17584,17584,17584,2,-2
2024-01-04 15:01:00.001,17584,17584,17584,8,0
2024-01-04 15:01:00.001,17583,17583,17583,2,-2
2024-01-04 15:01:00.001,17584,17584,17584,2,2
2024-01-04 15:01:00.001,17584,17584,17584,8,0
2024-01-04 15:01:00.001,17584,17584,17584,2,0
2024-01-04 15:01:00.001,17584,17584,17584,8,0
2024-01-04 15:01:00.001,17584,17584,17584,2,0
2024-01-04 15:01:00.001,17584,17584,17584,8,0
2024-01-04 15:01:00.001,17584,17584,17584,4,0
2024-01-04 15:01:00.001,17585,17585,17585,2,2
2024-01-04 15:01:00.001,17585,17585,17585,4,0
2024-01-04 15:01:00.001,17585,17585,17585,4,0
2024-01-04 15:01:00.001,17585,17585,17585,2,0
2024-01-04 15:01:01.001,17583,17583,17583,2,-2
2024-01-04 15:01:01.001,17583,17583,17583,2,0
2024-01-04 15:01:01.001,17585,17585,17585,2,2
2024-01-04 15:01:01.001,17585,17585,17585,4,0
2024-01-04 15:01:01.001,17583,17583,17583,2,-2
2024-01-04 15:01:01.001,17585,17585,17585,4,4
2024-01-04 15:01:01.001,17585,17585,17585,2,0
2024-01-04 15:01:01.001,17585,17585,17585,4,0
2024-01-04 15:01:01.001,17585,17585,17585,4,0
2024-01-04 15:01:01.001,17585,17585,17585,6,0
2024-01-04 15:01:01.001,17585,17585,17585,4,0
2024-01-04 15:01:01.001,17585,17585,17585,24,0
2024-01-04 15:01:01.001,17586,17586,17586,6,6
2024-01-04 15:01:01.001,17586,17586,17586,2,0
2024-01-04 15:01:01.001,17586,17586,17586,8,0
2024-01-04 15:01:01.001,17586,17586,17586,4,0
2024-01-04 15:01:01.001,17586,17586,17586,2,0
2024-01-04 15:01:01.001,17586,17586,17586,8,0
2024-01-04 15:01:01.001,17586,17586,17586,2,0
2024-01-04 15:01:01.001,17586,17586,17586,4,0
2024-01-04 15:01:02.001,17584,17584,17584,2,-2
2024-01-04 15:01:02.001,17584,17584,17584,2,0
2024-01-04 15:01:02.001,17584,17584,17584,4,0
2024-01-04 15:01:03.001,17585,17585,17585,4,4
2024-01-04 15:01:03.001,17583,17583,17583,2,-2
2024-01-04 15:01:03.001,17583,17583,17583,2,0
2024-01-04 15:01:03.001,17583,17583,17583,4,0
2024-01-04 15:01:03.001,17583,17583,17583,4,0
2024-01-04 15:01:03.001,17583,17583,17583,2,0
2024-01-04 15:01:03.001,17583,17583,17583,2,0
2024-01-04 15:01:03.001,17583,17583,17583,2,0
2024-01-04 15:01:03.001,17585,17585,17585,2,2
2024-01-04 15:01:03.001,17585,17585,17585,2,0
2024-01-04 15:01:03.001,17585,17585,17585,2,0
2024-01-04 15:01:03.001,17584,17584,17584,4,-4
2024-01-04 15:01:03.001,17584,17584,17584,2,0
2024-01-04 15:01:03.001,17584,17584,17584,4,0
2024-01-04 15:01:04.001,17584,17584,17584,4,0
2024-01-04 15:01:04.001,17584,17584,17584,6,0
2024-01-04 15:01:04.001,17583,17583,17583,2,-2
2024-01-04 15:01:04.001,17583,17583,17583,2,0
2024-01-04 15:01:04.001,17583,17583,17583,4,0
2024-01-04 15:01:06.001,17585,17585,17585,2,2
2024-01-04 15:01:07.001,17584,17584,17584,6,-6
2024-01-04 15:01:07.001,17583,17583,17583,2,-2
2024-01-04 15:01:07.001,17584,17584,17584,2,2
2024-01-04 15:01:07.001,17584,17584,17584,2,0
2024-01-04 15:01:07.001,17584,17584,17584,2,0
2024-01-04 15:01:07.001,17585,17585,17585,2,2
2024-01-04 15:01:07.001,17584,17584,17584,2,-2
2024-01-04 15:01:09.001,17583,17583,17583,2,-2
2024-01-04 15:01:09.001,17585,17585,17585,2,2
2024-01-04 15:01:09.001,17584,17584,17584,2,-2
2024-01-04 15:01:09.001,17584,17584,17584,6,0
2024-01-04 15:01:10.001,17584,17584,17584,2,0
2024-01-04 15:01:10.001,17584,17584,17584,2,0
2024-01-04 15:01:10.001,17584,17584,17584,2,0
2024-01-04 15:01:10.001,17584,17584,17584,2,0
2024-01-04 15:01:10.001,17585,17585,17585,2,2
2024-01-04 15:01:10.001,17585,17585,17585,36,0
2024-01-04 15:01:10.001,17585,17585,17585,4,0
2024-01-04 15:01:10.001,17584,17584,17584,2,-2
2024-01-04 15:01:10.001,17584,17584,17584,2,0
2024-01-04 15:01:10.001,17584,17584,17584,4,0
2024-01-04 15:01:11.001,17583,17583,17583,2,-2
2024-01-04 15:01:13.001,17583,17583,17583,2,0
2024-01-04 15:01:14.001,17584,17584,17584,2,2
2024-01-04 15:01:14.001,17583,17583,17583,2,-2
2024-01-04 15:01:14.001,17583,17583,17583,2,0
2024-01-04 15:01:14.001,17583,17583,17583,2,0
2024-01-04 15:01:17.001,17583,17583,17583,2,0
2024-01-04 15:01:17.001,17583,17583,17583,4,0
2024-01-04 15:01:17.001,17583,17583,17583,2,0
2024-01-04 15:01:18.001,17583,17583,17583,2,0
2024-01-04 15:01:18.001,17583,17583,17583,2,0
2024-01-04 15:01:18.001,17584,17584,17584,4,4
2024-01-04 15:01:18.001,17584,17584,17584,2,0
2024-01-04 15:01:18.001,17584,17584,17584,2,0
2024-01-04 15:01:18.001,17584,17584,17584,2,0
2024-01-04 15:01:18.001,17584,17584,17584,2,0
2024-01-04 15:01:18.001,17584,17584,17584,2,0
2024-01-04 15:01:18.001,17584,17584,17584,2,0
2024-01-04 15:01:18.001,17583,17583,17583,2,-2
2024-01-04 15:01:18.001,17584,17584,17584,6,6
2024-01-04 15:01:18.001,17583,17583,17583,2,-2
2024-01-04 15:01:18.001,17583,17583,17583,4,0
2024-01-04 15:01:18.001,17583,17583,17583,4,0
2024-01-04 15:01:20.001,17583,17583,17583,4,0
2024-01-04 15:01:20.001,17582,17582,17582,2,-2
2024-01-04 15:01:20.001,17582,17582,17582,2,0
2024-01-04 15:01:21.001,17582,17582,17582,2,0
2024-01-04 15:01:21.001,17582,17582,17582,4,0
2024-01-04 15:01:21.001,17582,17582,17582,4,0
2024-01-04 15:01:22.001,17582,17582,17582,4,0
2024-01-04 15:01:23.001,17581,17581,17581,2,-2
2024-01-04 15:01:23.001,17581,17581,17581,2,0
2024-01-04 15:01:23.001,17582,17582,17582,20,20
2024-01-04 15:01:24.001,17582,17582,17582,2,0
2024-01-04 15:01:24.001,17583,17583,17583,10,10
2024-01-04 15:01:25.001,17582,17582,17582,2,-2
2024-01-04 15:01:25.001,17582,17582,17582,2,0
2024-01-04 15:01:25.001,17582,17582,17582,4,0
2024-01-04 15:01:26.001,17582,17582,17582,2,0
2024-01-04 15:01:27.001,17583,17583,17583,2,2
2024-01-04 15:01:27.001,17584,17584,17584,2,2
2024-01-04 15:01:28.001,17582,17582,17582,2,-2
2024-01-04 15:01:28.001,17583,17583,17583,2,2
2024-01-04 15:01:28.001,17584,17584,17584,2,2
2024-01-04 15:01:28.001,17584,17584,17584,2,0
2024-01-04 15:01:28.001,17583,17583,17583,2,-2
2024-01-04 15:01:29.001,17582,17582,17582,2,-2
2024-01-04 15:01:32.001,17583,17583,17583,2,2
2024-01-04 15:01:32.001,17584,17584,17584,2,2
2024-01-04 15:01:34.001,17582,17582,17582,2,-2
2024-01-04 15:01:34.001,17582,17582,17582,2,0
2024-01-04 15:01:34.001,17582,17582,17582,4,0
2024-01-04 15:01:34.001,17582,17582,17582,2,0
2024-01-04 15:01:34.001,17582,17582,17582,2,0
2024-01-04 15:01:34.001,17582,17582,17582,20,0
2024-01-04 15:01:34.001,17582,17582,17582,4,0
2024-01-04 15:01:34.001,17582,17582,17582,2,0
2024-01-04 15:01:34.001,17582,17582,17582,2,0
2024-01-04 15:01:34.001,17582,17582,17582,2,0
2024-01-04 15:01:35.001,17581,17581,17581,2,-2
2024-01-04 15:01:37.001,17581,17581,17581,2,0
2024-01-04 15:01:37.001,17582,17582,17582,2,2
2024-01-04 15:01:40.001,17582,17582,17582,2,0
2024-01-04 15:01:41.001,17582,17582,17582,2,0
2024-01-04 15:01:41.001,17581,17581,17581,2,-2
2024-01-04 15:01:42.001,17581,17581,17581,2,0
2024-01-04 15:01:42.001,17581,17581,17581,2,0
2024-01-04 15:01:42.001,17581,17581,17581,2,0
2024-01-04 15:01:42.001,17581,17581,17581,2,0
2024-01-04 15:01:42.001,17581,17581,17581,2,0
2024-01-04 15:01:42.001,17581,17581,17581,2,0
2024-01-04 15:01:42.001,17581,17581,17581,2,0
2024-01-04 15:01:42.001,17581,17581,17581,2,0
2024-01-04 15:01:42.001,17580,17580,17580,2,-2
2024-01-04 15:01:44.001,17581,17581,17581,2,2
2024-01-04 15:01:44.001,17581,17581,17581,4,0
2024-01-04 15:01:44.001,17581,17581,17581,4,0
2024-01-04 15:01:45.001,17582,17582,17582,6,6
2024-01-04 15:01:45.001,17581,17581,17581,2,-2
2024-01-04 15:01:45.001,17582,17582,17582,2,2
2024-01-04 15:01:46.001,17581,17581,17581,2,-2
2024-01-04 15:01:46.001,17581,17581,17581,4,0
2024-01-04 15:01:46.001,17581,17581,17581,2,0
2024-01-04 15:01:46.001,17581,17581,17581,2,0
2024-01-04 15:01:47.001,17581,17581,17581,2,0
2024-01-04 15:01:47.001,17582,17582,17582,2,2
2024-01-04 15:01:47.001,17582,17582,17582,2,0
2024-01-04 15:01:49.001,17581,17581,17581,2,-2
2024-01-04 15:01:49.001,17581,17581,17581,2,0
2024-01-04 15:01:50.001,17582,17582,17582,2,2
2024-01-04 15:01:50.001,17582,17582,17582,6,0
2024-01-04 15:01:55.001,17582,17582,17582,4,0
2024-01-04 15:02:00.001,17581,17581,17581,2,-2
2024-01-04 15:02:00.001,17582,17582,17582,16,16
2024-01-04 15:02:00.001,17581,17581,17581,2,-2
2024-01-04 15:02:00.001,17582,17582,17582,2,2
2024-01-04 15:02:00.001,17582,17582,17582,2,0
2024-01-04 15:02:00.001,17582,17582,17582,2,0
2024-01-04 15:02:02.001,17581,17581,17581,2,-2
2024-01-04 15:02:02.001,17582,17582,17582,4,4
2024-01-04 15:02:02.001,17581,17581,17581,2,-2
2024-01-04 15:02:03.001,17581,17581,17581,2,0
2024-01-04 15:02:03.001,17581,17581,17581,2,0
2024-01-04 15:02:03.001,17581,17581,17581,2,0
2024-01-04 15:02:04.001,17582,17582,17582,2,2
2024-01-04 15:02:04.001,17582,17582,17582,34,0
2024-01-04 15:02:04.001,17582,17582,17582,2,0
2024-01-04 15:02:05.001,17581,17581,17581,2,-2
2024-01-04 15:02:07.001,17581,17581,17581,2,0
2024-01-04 15:02:09.001,17581,17581,17581,2,0
2024-01-04 15:02:10.001,17582,17582,17582,2,2
2024-01-04 15:02:11.001,17582,17582,17582,2,0
2024-01-04 15:02:13.001,17582,17582,17582,2,0
2024-01-04 15:02:16.001,17581,17581,17581,2,-2
2024-01-04 15:02:17.001,17581,17581,17581,2,0
2024-01-04 15:02:17.001,17581,17581,17581,2,0
2024-01-04 15:02:20.001,17582,17582,17582,16,16
2024-01-04 15:02:20.001,17582,17582,17582,2,0
2024-01-04 15:02:25.001,17582,17582,17582,2,0
2024-01-04 15:02:30.001,17582,17582,17582,2,0
2024-01-04 15:02:30.001,17581,17581,17581,2,-2
2024-01-04 15:02:31.001,17581,17581,17581,2,0
2024-01-04 15:02:36.001,17581,17581,17581,2,0
2024-01-04 15:02:38.001,17581,17581,17581,2,0
2024-01-04 15:02:38.001,17581,17581,17581,10,0
2024-01-04 15:02:38.001,17581,17581,17581,4,0
2024-01-04 15:02:38.001,17581,17581,17581,2,0
2024-01-04 15:02:38.001,17581,17581,17581,2,0
2024-01-04 15:02:38.001,17581,17581,17581,2,0
2024-01-04 15:02:38.001,17581,17581,17581,2,0
2024-01-04 15:02:38.001,17581,17581,17581,10,0
2024-01-04 15:02:38.001,17581,17581,17581,2,0
2024-01-04 15:02:38.001,17581,17581,17581,2,0
2024-01-04 15:02:38.001,17581,17581,17581,2,0
2024-01-04 15:02:38.001,17580,17580,17580,2,-2
2024-01-04 15:02:38.001,17580,17580,17580,2,0
2024-01-04 15:02:39.001,17580,17580,17580,2,0
2024-01-04 15:02:41.001,17581,17581,17581,2,2
2024-01-04 15:02:42.001,17581,17581,17581,2,0
2024-01-04 15:02:42.001,17581,17581,17581,10,0
2024-01-04 15:02:42.001,17582,17582,17582,18,18
2024-01-04 15:02:42.001,17581,17581,17581,2,-2
2024-01-04 15:02:42.001,17581,17581,17581,2,0
2024-01-04 15:02:43.001,17581,17581,17581,4,0
2024-01-04 15:02:43.001,17581,17581,17581,2,0
2024-01-04 15:02:43.001,17581,17581,17581,2,0
2024-01-04 15:02:43.001,17581,17581,17581,4,0
2024-01-04 15:02:43.001,17581,17581,17581,2,0
2024-01-04 15:02:43.001,17580,17580,17580,2,-2
2024-01-04 15:02:46.001,17581,17581,17581,2,2
2024-01-04 15:02:46.001,17582,17582,17582,2,2
2024-01-04 15:02:47.001,17581,17581,17581,2,-2
2024-01-04 15:02:47.001,17581,17581,17581,2,0
2024-01-04 15:02:47.001,17581,17581,17581,2,0
2024-01-04 15:02:47.001,17581,17581,17581,2,0
2024-01-04 15:02:47.001,17580,17580,17580,2,-2
2024-01-04 15:02:47.001,17580,17580,17580,2,0
2024-01-04 15:02:47.001,17580,17580,17580,2,0
2024-01-04 15:02:47.001,17580,17580,17580,2,0
2024-01-04 15:02:47.001,17580,17580,17580,2,0
2024-01-04 15:02:47.001,17580,17580,17580,2,0
2024-01-04 15:02:47.001,17580,17580,17580,2,0
2024-01-04 15:02:47.001,17580,17580,17580,2,0
2024-01-04 15:02:47.001,17580,17580,17580,10,0
2024-01-04 15:02:47.001,17580,17580,17580,2,0
2024-01-04 15:02:47.001,17580,17580,17580,4,0
2024-01-04 15:02:47.001,17580,17580,17580,2,0
2024-01-04 15:02:48.001,17580,17580,17580,4,0
2024-01-04 15:02:48.001,17580,17580,17580,2,0
2024-01-04 15:02:48.001,17580,17580,17580,2,0
2024-01-04 15:02:48.001,17579,17579,17579,2,-2
2024-01-04 15:02:48.001,17579,17579,17579,2,0
2024-01-04 15:02:50.001,17581,17581,17581,2,2
2024-01-04 15:02:51.001,17580,17580,17580,2,-2
2024-01-04 15:02:51.001,17580,17580,17580,2,0
2024-01-04 15:02:54.001,17580,17580,17580,2,0
2024-01-04 15:02:56.001,17579,17579,17579,2,-2
2024-01-04 15:02:56.001,17579,17579,17579,2,0
2024-01-04 15:02:59.001,17580,17580,17580,4,4
2024-01-04 15:02:59.001,17579,17579,17579,2,-2
2024-01-04 15:02:59.001,17579,17579,17579,10,0
2024-01-04 15:02:59.001,17579,17579,17579,2,0
2024-01-04 15:02:59.001,17579,17579,17579,2,0
2024-01-04 15:02:59.001,17580,17580,17580,2,2
2024-01-04 15:02:59.001,17580,17580,17580,8,0
2024-01-04 15:03:00.001,17581,17581,17581,2,2
2024-01-04 15:03:00.001,17581,17581,17581,6,0
2024-01-04 15:03:00.001,17581,17581,17581,2,0
2024-01-04 15:03:00.001,17581,17581,17581,2,0
2024-01-04 15:03:00.001,17581,17581,17581,2,0
2024-01-04 15:03:00.001,17581,17581,17581,2,0
2024-01-04 15:03:00.001,17581,17581,17581,2,0
2024-01-04 15:03:00.001,17581,17581,17581,2,0
2024-01-04 15:03:00.001,17581,17581,17581,4,0
2024-01-04 15:03:00.001,17582,17582,17582,6,6
2024-01-04 15:03:00.001,17581,17581,17581,6,-6
2024-01-04 15:03:00.001,17582,17582,17582,6,6
2024-01-04 15:03:00.001,17580,17580,17580,2,-2
2024-01-04 15:03:00.001,17580,17580,17580,4,0
2024-01-04 15:03:00.001,17580,17580,17580,4,0
2024-01-04 15:03:00.001,17582,17582,17582,2,2
2024-01-04 15:03:00.001,17582,17582,17582,4,0
2024-01-04 15:03:00.001,17580,17580,17580,2,-2
2024-01-04 15:03:02.001,17580,17580,17580,2,0
2024-01-04 15:03:02.001,17579,17579,17579,2,-2
2024-01-04 15:03:02.001,17580,17580,17580,2,2
2024-01-04 15:03:06.001,17581,17581,17581,30,30
2024-01-04 15:03:10.001,17581,17581,17581,2,0
2024-01-04 15:03:10.001,17581,17581,17581,2,0
2024-01-04 15:03:11.001,17582,17582,17582,2,2
2024-01-04 15:03:13.001,17580,17580,17580,2,-2
2024-01-04 15:03:13.001,17582,17582,17582,4,4
2024-01-04 15:03:16.001,17580,17580,17580,2,-2
2024-01-04 15:03:16.001,17581,17581,17581,4,4
2024-01-04 15:03:25.001,17582,17582,17582,2,2
2024-01-04 15:03:26.001,17581,17581,17581,6,-6
2024-01-04 15:03:26.001,17582,17582,17582,2,2
2024-01-04 15:03:26.001,17582,17582,17582,2,0
2024-01-04 15:03:26.001,17582,17582,17582,2,0
2024-01-04 15:03:38.001,17581,17581,17581,2,-2
2024-01-04 15:03:40.001,17582,17582,17582,12,12
2024-01-04 15:03:40.001,17582,17582,17582,2,0
2024-01-04 15:03:40.001,17581,17581,17581,2,-2
2024-01-04 15:03:42.001,17582,17582,17582,14,14
2024-01-04 15:03:43.001,17581,17581,17581,2,-2
2024-01-04 15:03:45.001,17581,17581,17581,2,0
2024-01-04 15:03:47.001,17582,17582,17582,2,2
2024-01-04 15:03:49.001,17582,17582,17582,6,0
2024-01-04 15:03:50.001,17582,17582,17582,2,0
2024-01-04 15:03:52.001,17582,17582,17582,2,0
2024-01-04 15:03:54.001,17582,17582,17582,2,0
2024-01-04 15:03:56.001,17582,17582,17582,4,0
2024-01-04 15:03:57.001,17582,17582,17582,10,0
2024-01-04 15:03:58.001,17582,17582,17582,10,0
2024-01-04 15:03:58.001,17582,17582,17582,2,0
2024-01-04 15:03:59.001,17582,17582,17582,18,0
2024-01-04 15:04:00.001,17583,17583,17583,2,2
2024-01-04 15:04:00.001,17583,17583,17583,2,0
2024-01-04 15:04:00.001,17582,17582,17582,2,-2
2024-01-04 15:04:02.001,17582,17582,17582,2,0
2024-01-04 15:04:02.001,17582,17582,17582,2,0
2024-01-04 15:04:02.001,17582,17582,17582,4,0
2024-01-04 15:04:02.001,17582,17582,17582,2,0
2024-01-04 15:04:02.001,17581,17581,17581,4,-4
2024-01-04 15:04:02.001,17581,17581,17581,2,0
2024-01-04 15:04:02.001,17582,17582,17582,8,8
2024-01-04 15:04:04.001,17581,17581,17581,2,-2
2024-01-04 15:04:04.001,17581,17581,17581,12,0
2024-01-04 15:04:04.001,17581,17581,17581,10,0
2024-01-04 15:04:04.001,17581,17581,17581,2,0
2024-01-04 15:04:04.001,17581,17581,17581,4,0
2024-01-04 15:04:04.001,17581,17581,17581,2,0
2024-01-04 15:04:04.001,17580,17580,17580,2,-2
2024-01-04 15:04:04.001,17580,17580,17580,10,0
2024-01-04 15:04:04.001,17580,17580,17580,10,0
2024-01-04 15:04:04.001,17580,17580,17580,2,0
2024-01-04 15:04:04.001,17580,17580,17580,2,0
2024-01-04 15:04:04.001,17580,17580,17580,4,0
2024-01-04 15:04:04.001,17580,17580,17580,2,0
2024-01-04 15:04:04.001,17580,17580,17580,2,0
2024-01-04 15:04:06.001,17580,17580,17580,2,0
2024-01-04 15:04:06.001,17580,17580,17580,6,0
2024-01-04 15:04:07.001,17580,17580,17580,2,0
2024-01-04 15:04:08.001,17580,17580,17580,2,0
2024-01-04 15:04:11.001,17579,17579,17579,2,-2
2024-01-04 15:04:11.001,17579,17579,17579,2,0
2024-01-04 15:04:11.001,17579,17579,17579,4,0
2024-01-04 15:04:11.001,17580,17580,17580,2,2
2024-01-04 15:04:13.001,17580,17580,17580,2,0
2024-01-04 15:04:14.001,17580,17580,17580,2,0
2024-01-04 15:04:14.001,17580,17580,17580,2,0
2024-01-04 15:04:15.001,17580,17580,17580,6,0
2024-01-04 15:04:18.001,17579,17579,17579,2,-2
2024-01-04 15:04:18.001,17579,17579,17579,8,0
2024-01-04 15:04:22.001,17579,17579,17579,2,0
2024-01-04 15:04:22.001,17579,17579,17579,2,0
2024-01-04 15:04:22.001,17579,17579,17579,2,0
2024-01-04 15:04:22.001,17579,17579,17579,2,0
2024-01-04 15:04:22.001,17579,17579,17579,2,0
2024-01-04 15:04:26.001,17578,17578,17578,2,-2
2024-01-04 15:04:26.001,17578,17578,17578,2,0
2024-01-04 15:04:26.001,17578,17578,17578,4,0
2024-01-04 15:04:26.001,17578,17578,17578,4,0
2024-01-04 15:04:26.001,17578,17578,17578,2,0
2024-01-04 15:04:26.001,17578,17578,17578,4,0
2024-01-04 15:04:26.001,17578,17578,17578,2,0
2024-01-04 15:04:26.001,17578,17578,17578,2,0
2024-01-04 15:04:26.001,17578,17578,17578,2,0
2024-01-04 15:04:26.001,17578,17578,17578,2,0
2024-01-04 15:04:26.001,17578,17578,17578,2,0
2024-01-04 15:04:26.001,17578,17578,17578,10,0
2024-01-04 15:04:26.001,17578,17578,17578,2,0
2024-01-04 15:04:27.001,17577,17577,17577,4,-4
2024-01-04 15:04:27.001,17577,17577,17577,4,0
2024-01-04 15:04:27.001,17577,17577,17577,2,0
2024-01-04 15:04:29.001,17578,17578,17578,2,2
2024-01-04 15:04:29.001,17579,17579,17579,8,8
2024-01-04 15:04:31.001,17578,17578,17578,4,-4
2024-01-04 15:04:31.001,17578,17578,17578,4,0
2024-01-04 15:04:31.001,17578,17578,17578,2,0
2024-01-04 15:04:31.001,17578,17578,17578,4,0
2024-01-04 15:04:31.001,17578,17578,17578,2,0
2024-01-04 15:04:31.001,17578,17578,17578,4,0
2024-01-04 15:04:32.001,17578,17578,17578,2,0
2024-01-04 15:04:34.001,17579,17579,17579,2,2
2024-01-04 15:04:34.001,17578,17578,17578,4,-4
2024-01-04 15:04:37.001,17577,17577,17577,4,-4
2024-01-04 15:04:38.001,17578,17578,17578,2,2
2024-01-04 15:04:40.001,17578,17578,17578,2,0
2024-01-04 15:04:41.001,17577,17577,17577,8,-8
2024-01-04 15:04:41.001,17577,17577,17577,2,0
2024-01-04 15:04:41.001,17577,17577,17577,2,0
2024-01-04 15:04:41.001,17577,17577,17577,2,0
2024-01-04 15:04:41.001,17577,17577,17577,4,0
2024-01-04 15:04:41.001,17577,17577,17577,2,0
2024-01-04 15:04:41.001,17577,17577,17577,2,0
2024-01-04 15:04:45.001,17577,17577,17577,2,0
2024-01-04 15:04:46.001,17577,17577,17577,2,0
2024-01-04 15:04:47.001,17578,17578,17578,2,2
2024-01-04 15:04:47.001,17577,17577,17577,2,-2
2024-01-04 15:04:47.001,17577,17577,17577,2,0
2024-01-04 15:04:48.001,17577,17577,17577,2,0
2024-01-04 15:04:48.001,17578,17578,17578,24,24
2024-01-04 15:04:50.001,17579,17579,17579,2,2
2024-01-04 15:04:51.001,17579,17579,17579,2,0
2024-01-04 15:04:52.001,17580,17580,17580,2,2
2024-01-04 15:04:56.001,17579,17579,17579,2,-2
2024-01-04 15:04:56.001,17579,17579,17579,2,0
2024-01-04 15:04:57.001,17579,17579,17579,2,0
2024-01-04 15:04:57.001,17579,17579,17579,2,0
2024-01-04 15:04:57.001,17579,17579,17579,2,0
2024-01-04 15:04:58.001,17579,17579,17579,2,0
2024-01-04 15:05:00.001,17578,17578,17578,2,-2
2024-01-04 15:05:00.001,17579,17579,17579,2,2
2024-01-04 15:05:02.001,17578,17578,17578,2,-2
2024-01-04 15:05:02.001,17578,17578,17578,2,0
2024-01-04 15:05:03.001,17578,17578,17578,2,0
2024-01-04 15:05:04.001,17578,17578,17578,2,0
2024-01-04 15:05:06.001,17579,17579,17579,6,6
2024-01-04 15:05:08.001,17579,17579,17579,2,0
2024-01-04 15:05:08.001,17578,17578,17578,2,-2
2024-01-04 15:05:09.001,17579,17579,17579,6,6
2024-01-04 15:05:09.001,17578,17578,17578,4,-4
2024-01-04 15:05:09.001,17578,17578,17578,2,0
2024-01-04 15:05:12.001,17578,17578,17578,2,0
2024-01-04 15:05:12.001,17579,17579,17579,2,2
2024-01-04 15:05:13.001,17578,17578,17578,6,-6
2024-01-04 15:05:13.001,17579,17579,17579,4,4
2024-01-04 15:05:24.001,17578,17578,17578,2,-2
2024-01-04 15:05:24.001,17578,17578,17578,2,0
2024-01-04 15:05:30.001,17578,17578,17578,2,0
2024-01-04 15:05:34.001,17578,17578,17578,4,0
2024-01-04 15:05:35.001,17578,17578,17578,6,0
2024-01-04 15:05:37.001,17578,17578,17578,2,0
2024-01-04 15:05:37.001,17578,17578,17578,2,0
2024-01-04 15:05:38.001,17578,17578,17578,2,0
2024-01-04 15:05:39.001,17579,17579,17579,4,4
2024-01-04 15:05:41.001,17578,17578,17578,2,-2
2024-01-04 15:05:41.001,17578,17578,17578,2,0
2024-01-04 15:05:42.001,17578,17578,17578,2,0
2024-01-04 15:05:44.001,17579,17579,17579,2,2
2024-01-04 15:05:44.001,17579,17579,17579,4,0
2024-01-04 15:05:44.001,17579,17579,17579,2,0
2024-01-04 15:05:44.001,17579,17579,17579,2,0
2024-01-04 15:05:44.001,17579,17579,17579,2,0
2024-01-04 15:05:44.001,17579,17579,17579,2,0
2024-01-04 15:05:44.001,17579,17579,17579,2,0
2024-01-04 15:05:44.001,17579,17579,17579,2,0
2024-01-04 15:05:44.001,17579,17579,17579,2,0
2024-01-04 15:05:45.001,17579,17579,17579,2,0
2024-01-04 15:05:48.001,17579,17579,17579,4,0
2024-01-04 15:05:49.001,17579,17579,17579,4,0
2024-01-04 15:05:57.001,17579,17579,17579,2,0
2024-01-04 15:06:02.001,17579,17579,17579,2,0
2024-01-04 15:06:02.001,17580,17580,17580,2,2
2024-01-04 15:06:03.001,17579,17579,17579,2,-2
2024-01-04 15:06:04.001,17579,17579,17579,2,0
2024-01-04 15:06:05.001,17578,17578,17578,2,-2
2024-01-04 15:06:05.001,17578,17578,17578,2,0
2024-01-04 15:06:10.001,17579,17579,17579,2,2
2024-01-04 15:06:10.001,17579,17579,17579,2,0
2024-01-04 15:06:21.001,17579,17579,17579,2,0
2024-01-04 15:06:32.001,17579,17579,17579,2,0
2024-01-04 15:06:35.001,17578,17578,17578,2,-2
2024-01-04 15:06:35.001,17578,17578,17578,2,0
2024-01-04 15:06:35.001,17578,17578,17578,2,0
2024-01-04 15:06:35.001,17578,17578,17578,4,0
2024-01-04 15:06:35.001,17579,17579,17579,34,34
2024-01-04 15:06:35.001,17579,17579,17579,2,0
2024-01-04 15:06:37.001,17580,17580,17580,2,2
2024-01-04 15:06:37.001,17580,17580,17580,2,0
2024-01-04 15:06:37.001,17580,17580,17580,2,0
2024-01-04 15:06:37.001,17580,17580,17580,2,0
2024-01-04 15:06:40.001,17580,17580,17580,2,0
2024-01-04 15:06:40.001,17580,17580,17580,2,0
2024-01-04 15:06:41.001,17580,17580,17580,2,0
2024-01-04 15:06:41.001,17580,17580,17580,2,0
2024-01-04 15:06:42.001,17580,17580,17580,2,0
2024-01-04 15:06:43.001,17580,17580,17580,2,0
2024-01-04 15:06:43.001,17580,17580,17580,4,0
2024-01-04 15:06:44.001,17580,17580,17580,2,0
2024-01-04 15:06:48.001,17580,17580,17580,2,0
2024-01-04 15:06:51.001,17580,17580,17580,2,0
2024-01-04 15:06:54.001,17580,17580,17580,10,0
2024-01-04 15:06:54.001,17580,17580,17580,10,0
2024-01-04 15:06:54.001,17580,17580,17580,16,0
2024-01-04 15:06:54.001,17580,17580,17580,4,0
2024-01-04 15:06:54.001,17580,17580,17580,4,0
2024-01-04 15:06:54.001,17580,17580,17580,16,0
2024-01-04 15:06:54.001,17580,17580,17580,4,0
2024-01-04 15:06:54.001,17580,17580,17580,2,0
2024-01-04 15:06:54.001,17581,17581,17581,2,2
2024-01-04 15:06:55.001,17581,17581,17581,2,0
2024-01-04 15:06:56.001,17581,17581,17581,2,0
2024-01-04 15:06:56.001,17581,17581,17581,2,0
2024-01-04 15:06:58.001,17581,17581,17581,2,0
2024-01-04 15:07:02.001,17580,17580,17580,2,-2
2024-01-04 15:07:02.001,17581,17581,17581,6,6
2024-01-04 15:07:03.001,17581,17581,17581,2,0
2024-01-04 15:07:03.001,17581,17581,17581,4,0
2024-01-04 15:07:04.001,17581,17581,17581,2,0
2024-01-04 15:07:04.001,17581,17581,17581,10,0
2024-01-04 15:07:04.001,17581,17581,17581,2,0
2024-01-04 15:07:07.001,17581,17581,17581,2,0
2024-01-04 15:07:09.001,17581,17581,17581,2,0
2024-01-04 15:07:11.001,17581,17581,17581,2,0
2024-01-04 15:07:11.001,17581,17581,17581,2,0
2024-01-04 15:07:15.001,17581,17581,17581,4,0
2024-01-04 15:07:20.001,17581,17581,17581,8,0
2024-01-04 15:07:22.001,17580,17580,17580,2,-2
2024-01-04 15:07:24.001,17580,17580,17580,2,0
2024-01-04 15:07:24.001,17580,17580,17580,2,0
2024-01-04 15:07:24.001,17580,17580,17580,8,0
2024-01-04 15:07:24.001,17580,17580,17580,2,0
2024-01-04 15:07:24.001,17580,17580,17580,2,0
2024-01-04 15:07:24.001,17580,17580,17580,2,0
2024-01-04 15:07:24.001,17580,17580,17580,2,0
2024-01-04 15:07:24.001,17580,17580,17580,2,0
2024-01-04 15:07:24.001,17580,17580,17580,2,0
2024-01-04 15:07:24.001,17579,17579,17579,2,-2
2024-01-04 15:07:30.001,17580,17580,17580,2,2
2024-01-04 15:07:35.001,17580,17580,17580,2,0
2024-01-04 15:07:41.001,17580,17580,17580,2,0
2024-01-04 15:07:44.001,17579,17579,17579,2,-2
2024-01-04 15:07:44.001,17579,17579,17579,46,0
2024-01-04 15:07:44.001,17579,17579,17579,2,0
2024-01-04 15:07:44.001,17579,17579,17579,2,0
2024-01-04 15:07:44.001,17579,17579,17579,2,0
2024-01-04 15:07:44.001,17579,17579,17579,4,0
2024-01-04 15:07:45.001,17579,17579,17579,2,0
2024-01-04 15:07:46.001,17579,17579,17579,2,0
2024-01-04 15:07:53.001,17579,17579,17579,8,0
2024-01-04 15:07:53.001,17579,17579,17579,2,0
2024-01-04 15:07:55.001,17579,17579,17579,2,0
2024-01-04 15:07:57.001,17579,17579,17579,2,0
2024-01-04 15:08:00.001,17580,17580,17580,2,2
2024-01-04 15:08:00.001,17580,17580,17580,2,0
2024-01-04 15:08:00.001,17580,17580,17580,4,0
2024-01-04 15:08:00.001,17580,17580,17580,2,0
2024-01-04 15:08:03.001,17579,17579,17579,2,-2
2024-01-04 15:08:03.001,17579,17579,17579,6,0
2024-01-04 15:08:03.001,17580,17580,17580,6,6
2024-01-04 15:08:10.001,17579,17579,17579,2,-2
2024-01-04 15:08:13.001,17581,17581,17581,2,2
2024-01-04 15:08:15.001,17580,17580,17580,2,-2
2024-01-04 15:08:20.001,17581,17581,17581,10,10
2024-01-04 15:08:22.001,17580,17580,17580,2,-2
2024-01-04 15:08:27.001,17580,17580,17580,2,0
2024-01-04 15:08:27.001,17580,17580,17580,2,0
2024-01-04 15:08:27.001,17580,17580,17580,2,0
2024-01-04 15:08:30.001,17580,17580,17580,2,0
2024-01-04 15:08:30.001,17581,17581,17581,4,4
2024-01-04 15:08:31.001,17580,17580,17580,2,-2
2024-01-04 15:08:34.001,17580,17580,17580,4,0
2024-01-04 15:08:35.001,17580,17580,17580,2,0
2024-01-04 15:08:42.001,17579,17579,17579,6,-6
2024-01-04 15:09:00.001,17580,17580,17580,2,2
2024-01-04 15:09:10.001,17580,17580,17580,2,0
2024-01-04 15:09:10.001,17580,17580,17580,2,0
2024-01-04 15:09:11.001,17580,17580,17580,2,0
2024-01-04 15:09:13.001,17579,17579,17579,2,-2
2024-01-04 15:09:20.001,17579,17579,17579,8,0
2024-01-04 15:09:20.001,17579,17579,17579,2,0
2024-01-04 15:09:22.001,17580,17580,17580,10,10
2024-01-04 15:09:31.001,17580,17580,17580,2,0
2024-01-04 15:09:35.001,17579,17579,17579,2,-2
2024-01-04 15:09:35.001,17579,17579,17579,2,0
2024-01-04 15:09:40.001,17579,17579,17579,2,0
2024-01-04 15:09:43.001,17579,17579,17579,2,0
2024-01-04 15:09:44.001,17579,17579,17579,2,0
2024-01-04 15:09:44.001,17579,17579,17579,6,0
2024-01-04 15:09:44.001,17579,17579,17579,2,0
2024-01-04 15:09:44.001,17579,17579,17579,2,0
2024-01-04 15:09:44.001,17579,17579,17579,2,0
2024-01-04 15:09:44.001,17579,17579,17579,2,0
2024-01-04 15:09:44.001,17579,17579,17579,2,0
2024-01-04 15:09:44.001,17579,17579,17579,2,0
2024-01-04 15:09:49.001,17579,17579,17579,2,0
2024-01-04 15:09:51.001,17579,17579,17579,2,0
2024-01-04 15:09:56.001,17578,17578,17578,2,-2
2024-01-04 15:09:57.001,17579,17579,17579,4,4
2024-01-04 15:10:00.001,17578,17578,17578,2,-2
2024-01-04 15:10:01.001,17579,17579,17579,2,2
2024-01-04 15:10:10.001,17579,17579,17579,2,0
2024-01-04 15:10:18.001,17578,17578,17578,2,-2
2024-01-04 15:10:21.001,17578,17578,17578,2,0
2024-01-04 15:10:26.001,17578,17578,17578,10,0
2024-01-04 15:10:30.001,17579,17579,17579,2,2
2024-01-04 15:10:30.001,17579,17579,17579,2,0
2024-01-04 15:10:34.001,17578,17578,17578,2,-2
2024-01-04 15:10:35.001,17579,17579,17579,4,4
2024-01-04 15:10:44.001,17578,17578,17578,2,-2
2024-01-04 15:10:44.001,17578,17578,17578,2,0
2024-01-04 15:10:50.001,17579,17579,17579,2,2
2024-01-04 15:10:51.001,17579,17579,17579,6,0
2024-01-04 15:10:55.001,17579,17579,17579,4,0
2024-01-04 15:10:58.001,17578,17578,17578,2,-2
2024-01-04 15:10:59.001,17579,17579,17579,2,2
2024-01-04 15:11:00.001,17578,17578,17578,2,-2
2024-01-04 15:11:03.001,17578,17578,17578,2,0
2024-01-04 15:11:06.001,17579,17579,17579,2,2
2024-01-04 15:11:09.001,17578,17578,17578,2,-2
2024-01-04 15:11:10.001,17579,17579,17579,2,2
2024-01-04 15:11:30.001,17579,17579,17579,2,0
2024-01-04 15:11:32.001,17578,17578,17578,2,-2
2024-01-04 15:11:38.001,17578,17578,17578,2,0
2024-01-04 15:11:38.001,17578,17578,17578,2,0
2024-01-04 15:11:38.001,17578,17578,17578,4,0
2024-01-04 15:11:39.001,17578,17578,17578,2,0
2024-01-04 15:11:40.001,17579,17579,17579,2,2
2024-01-04 15:11:40.001,17579,17579,17579,2,0
2024-01-04 15:11:40.001,17578,17578,17578,2,-2
2024-01-04 15:11:40.001,17578,17578,17578,10,0
2024-01-04 15:11:40.001,17578,17578,17578,2,0
2024-01-04 15:11:44.001,17578,17578,17578,2,0
2024-01-04 15:11:44.001,17578,17578,17578,2,0
2024-01-04 15:11:47.001,17578,17578,17578,2,0
2024-01-04 15:11:47.001,17578,17578,17578,2,0
2024-01-04 15:11:47.001,17577,17577,17577,2,-2
2024-01-04 15:11:47.001,17578,17578,17578,2,2
2024-01-04 15:11:47.001,17578,17578,17578,2,0
2024-01-04 15:11:47.001,17578,17578,17578,2,0
2024-01-04 15:11:47.001,17579,17579,17579,2,2
2024-01-04 15:11:54.001,17578,17578,17578,2,-2
2024-01-04 15:11:57.001,17577,17577,17577,2,-2
2024-01-04 15:12:00.001,17578,17578,17578,2,2
2024-01-04 15:12:11.001,17577,17577,17577,2,-2
2024-01-04 15:12:11.001,17577,17577,17577,2,0
2024-01-04 15:12:11.001,17577,17577,17577,2,0
2024-01-04 15:12:11.001,17578,17578,17578,2,2
2024-01-04 15:12:13.001,17577,17577,17577,2,-2
2024-01-04 15:12:16.001,17577,17577,17577,2,0
2024-01-04 15:12:16.001,17577,17577,17577,2,0
2024-01-04 15:12:22.001,17577,17577,17577,2,0
2024-01-04 15:12:23.001,17577,17577,17577,2,0
2024-01-04 15:12:23.001,17577,17577,17577,2,0
2024-01-04 15:12:26.001,17576,17576,17576,6,-6
2024-01-04 15:12:26.001,17576,17576,17576,2,0
2024-01-04 15:12:26.001,17576,17576,17576,2,0
2024-01-04 15:12:26.001,17576,17576,17576,2,0
2024-01-04 15:12:26.001,17576,17576,17576,6,0
2024-01-04 15:12:26.001,17576,17576,17576,2,0
2024-01-04 15:12:26.001,17576,17576,17576,2,0
2024-01-04 15:12:26.001,17576,17576,17576,2,0
2024-01-04 15:12:26.001,17576,17576,17576,2,0
2024-01-04 15:12:26.001,17576,17576,17576,2,0
2024-01-04 15:12:26.001,17576,17576,17576,2,0
2024-01-04 15:12:26.001,17576,17576,17576,2,0
2024-01-04 15:12:26.001,17576,17576,17576,2,0
2024-01-04 15:12:26.001,17576,17576,17576,2,0
2024-01-04 15:12:26.001,17576,17576,17576,2,0
2024-01-04 15:12:26.001,17576,17576,17576,2,0
2024-01-04 15:12:26.001,17576,17576,17576,2,0
2024-01-04 15:12:27.001,17576,17576,17576,2,0
2024-01-04 15:12:34.001,17575,17575,17575,2,-2
2024-01-04 15:12:34.001,17575,17575,17575,6,0
2024-01-04 15:12:34.001,17575,17575,17575,2,0
2024-01-04 15:12:34.001,17575,17575,17575,2,0
2024-01-04 15:12:34.001,17575,17575,17575,4,0
2024-01-04 15:12:34.001,17575,17575,17575,2,0
2024-01-04 15:12:35.001,17576,17576,17576,2,2
2024-01-04 15:12:38.001,17576,17576,17576,8,0
2024-01-04 15:12:38.001,17575,17575,17575,2,-2
2024-01-04 15:12:39.001,17575,17575,17575,10,0
2024-01-04 15:12:40.001,17576,17576,17576,2,2
2024-01-04 15:12:43.001,17576,17576,17576,12,0
2024-01-04 15:12:43.001,17575,17575,17575,2,-2
2024-01-04 15:12:43.001,17575,17575,17575,2,0
2024-01-04 15:12:47.001,17576,17576,17576,18,18
2024-01-04 15:12:47.001,17576,17576,17576,4,0
2024-01-04 15:12:48.001,17576,17576,17576,2,0
2024-01-04 15:12:49.001,17576,17576,17576,2,0
2024-01-04 15:12:49.001,17577,17577,17577,2,2
2024-01-04 15:12:51.001,17577,17577,17577,2,0
2024-01-04 15:12:51.001,17577,17577,17577,24,0
2024-01-04 15:12:51.001,17578,17578,17578,2,2
2024-01-04 15:12:51.001,17578,17578,17578,2,0
2024-01-04 15:12:51.001,17577,17577,17577,2,-2
2024-01-04 15:12:51.001,17577,17577,17577,2,0
2024-01-04 15:12:52.001,17577,17577,17577,2,0
2024-01-04 15:12:53.001,17577,17577,17577,2,0
2024-01-04 15:12:53.001,17577,17577,17577,4,0
2024-01-04 15:12:53.001,17577,17577,17577,2,0
2024-01-04 15:12:54.001,17578,17578,17578,2,2
2024-01-04 15:12:55.001,17579,17579,17579,8,8
2024-01-04 15:12:55.001,17577,17577,17577,2,-2
2024-01-04 15:12:55.001,17577,17577,17577,2,0
2024-01-04 15:12:58.001,17577,17577,17577,2,0
2024-01-04 15:13:02.001,17579,17579,17579,2,2
2024-01-04 15:13:03.001,17579,17579,17579,2,0
2024-01-04 15:13:08.001,17579,17579,17579,2,0
2024-01-04 15:13:10.001,17579,17579,17579,2,0
2024-01-04 15:13:11.001,17578,17578,17578,2,-2
2024-01-04 15:13:11.001,17579,17579,17579,10,10
2024-01-04 15:13:13.001,17578,17578,17578,2,-2
2024-01-04 15:13:14.001,17579,17579,17579,10,10
2024-01-04 15:13:20.001,17578,17578,17578,2,-2
2024-01-04 15:13:30.001,17578,17578,17578,2,0
2024-01-04 15:13:39.001,17578,17578,17578,4,0
2024-01-04 15:13:45.001,17577,17577,17577,2,-2
2024-01-04 15:13:45.001,17577,17577,17577,2,0
2024-01-04 15:13:57.001,17578,17578,17578,2,2
2024-01-04 15:13:57.001,17578,17578,17578,14,0
2024-01-04 15:13:57.001,17578,17578,17578,2,0
2024-01-04 15:13:59.001,17579,17579,17579,8,8
2024-01-04 15:14:08.001,17580,17580,17580,4,4
2024-01-04 15:14:08.001,17580,17580,17580,4,0
2024-01-04 15:14:08.001,17580,17580,17580,8,0
2024-01-04 15:14:08.001,17580,17580,17580,10,0
2024-01-04 15:14:08.001,17580,17580,17580,6,0
2024-01-04 15:14:08.001,17580,17580,17580,8,0
2024-01-04 15:14:08.001,17580,17580,17580,8,0
2024-01-04 15:14:10.001,17580,17580,17580,6,0
2024-01-04 15:14:10.001,17580,17580,17580,6,0
2024-01-04 15:14:13.001,17580,17580,17580,2,0
2024-01-04 15:14:13.001,17581,17581,17581,8,8
2024-01-04 15:14:14.001,17581,17581,17581,2,0
2024-01-04 15:14:20.001,17581,17581,17581,6,0
2024-01-04 15:14:21.001,17581,17581,17581,16,0
2024-01-04 15:14:23.001,17581,17581,17581,2,0
2024-01-04 15:14:29.001,17581,17581,17581,2,0
2024-01-04 15:14:29.001,17581,17581,17581,2,0
2024-01-04 15:14:29.001,17581,17581,17581,4,0
2024-01-04 15:14:29.001,17581,17581,17581,2,0
2024-01-04 15:14:29.001,17580,17580,17580,4,-4
2024-01-04 15:14:29.001,17580,17580,17580,2,0
2024-01-04 15:14:29.001,17580,17580,17580,4,0
2024-01-04 15:14:29.001,17580,17580,17580,2,0
2024-01-04 15:14:29.001,17580,17580,17580,4,0
2024-01-04 15:14:29.001,17580,17580,17580,2,0
2024-01-04 15:14:29.001,17580,17580,17580,2,0
2024-01-04 15:14:29.001,17580,17580,17580,2,0
2024-01-04 15:14:29.001,17580,17580,17580,2,0
2024-01-04 15:14:29.001,17580,17580,17580,6,0
2024-01-04 15:14:29.001,17580,17580,17580,2,0
2024-01-04 15:14:29.001,17580,17580,17580,4,0
2024-01-04 15:14:29.001,17580,17580,17580,4,0
2024-01-04 15:14:29.001,17580,17580,17580,2,0
2024-01-04 15:14:29.001,17580,17580,17580,2,0
2024-01-04 15:14:29.001,17580,17580,17580,2,0
2024-01-04 15:14:30.001,17581,17581,17581,2,2
2024-01-04 15:14:30.001,17579,17579,17579,2,-2
2024-01-04 15:14:31.001,17581,17581,17581,4,4
2024-01-04 15:14:31.001,17581,17581,17581,2,0
2024-01-04 15:14:34.001,17580,17580,17580,4,-4
2024-01-04 15:14:34.001,17580,17580,17580,2,0
2024-01-04 15:14:34.001,17580,17580,17580,4,0
2024-01-04 15:14:34.001,17580,17580,17580,4,0
2024-01-04 15:14:34.001,17580,17580,17580,2,0
2024-01-04 15:14:34.001,17580,17580,17580,2,0
2024-01-04 15:14:34.001,17579,17579,17579,4,-4
2024-01-04 15:14:34.001,17579,17579,17579,4,0
2024-01-04 15:14:34.001,17579,17579,17579,2,0
2024-01-04 15:14:34.001,17579,17579,17579,4,0
2024-01-04 15:14:34.001,17579,17579,17579,2,0
2024-01-04 15:14:34.001,17579,17579,17579,8,0
2024-01-04 15:14:34.001,17579,17579,17579,2,0
2024-01-04 15:14:34.001,17579,17579,17579,4,0
2024-01-04 15:14:34.001,17579,17579,17579,2,0
2024-01-04 15:14:34.001,17579,17579,17579,6,0
2024-01-04 15:14:40.001,17581,17581,17581,6,6
2024-01-04 15:14:40.001,17581,17581,17581,2,0
2024-01-04 15:14:40.001,17581,17581,17581,4,0
2024-01-04 15:14:43.001,17580,17580,17580,2,-2
2024-01-04 15:14:43.001,17579,17579,17579,2,-2
2024-01-04 15:14:43.001,17579,17579,17579,4,0
2024-01-04 15:14:43.001,17579,17579,17579,2,0
2024-01-04 15:14:43.001,17579,17579,17579,4,0
2024-01-04 15:14:43.001,17579,17579,17579,4,0
2024-01-04 15:14:43.001,17579,17579,17579,2,0
2024-01-04 15:14:43.001,17579,17579,17579,6,0
2024-01-04 15:14:43.001,17579,17579,17579,2,0
2024-01-04 15:14:43.001,17579,17579,17579,2,0
2024-01-04 15:14:43.001,17579,17579,17579,2,0
2024-01-04 15:14:49.001,17579,17579,17579,2,0
2024-01-04 15:14:49.001,17580,17580,17580,2,2
2024-01-04 15:14:58.001,17578,17578,17578,2,-2
2024-01-04 15:14:58.001,17578,17578,17578,2,0
2024-01-04 15:14:58.001,17578,17578,17578,2,0
2024-01-04 15:14:58.001,17578,17578,17578,2,0
2024-01-04 15:14:58.001,17578,17578,17578,2,0
2024-01-04 15:14:59.001,17578,17578,17578,2,0
2024-01-04 15:15:00.001,17579,17579,17579,2,2
2024-01-04 15:15:00.001,17578,17578,17578,2,-2
2024-01-04 15:15:01.001,17578,17578,17578,6,0
2024-01-04 15:15:01.001,17578,17578,17578,4,0
2024-01-04 15:15:01.001,17579,17579,17579,10,10
2024-01-04 15:15:01.001,17579,17579,17579,2,0
2024-01-04 15:15:01.001,17579,17579,17579,2,0
2024-01-04 15:15:01.001,17579,17579,17579,2,0
2024-01-04 15:15:01.001,17579,17579,17579,2,0
2024-01-04 15:15:01.001,17579,17579,17579,2,0
2024-01-04 15:15:01.001,17578,17578,17578,2,-2
2024-01-04 15:15:01.001,17577,17577,17577,2,-2
2024-01-04 15:15:01.001,17579,17579,17579,2,2
2024-01-04 15:15:01.001,17579,17579,17579,2,0
2024-01-04 15:15:01.001,17579,17579,17579,2,0
2024-01-04 15:15:01.001,17579,17579,17579,2,0
2024-01-04 15:15:01.001,17579,17579,17579,2,0
2024-01-04 15:15:01.001,17579,17579,17579,2,0
2024-01-04 15:15:01.001,17579,17579,17579,2,0
2024-01-04 15:15:01.001,17579,17579,17579,2,0
2024-01-04 15:15:01.001,17579,17579,17579,2,0
2024-01-04 15:15:01.001,17579,17579,17579,2,0
2024-01-04 15:15:01.001,17579,17579,17579,2,0
2024-01-04 15:15:02.001,17579,17579,17579,2,0
2024-01-04 15:15:05.001,17579,17579,17579,2,0
2024-01-04 15:15:05.001,17579,17579,17579,2,0
2024-01-04 15:15:08.001,17579,17579,17579,2,0
2024-01-04 15:15:11.001,17578,17578,17578,2,-2
2024-01-04 15:15:11.001,17577,17577,17577,20,-20
2024-01-04 15:15:11.001,17577,17577,17577,2,0
2024-01-04 15:15:11.001,17577,17577,17577,8,0
2024-01-04 15:15:11.001,17577,17577,17577,2,0
2024-01-04 15:15:11.001,17577,17577,17577,2,0
2024-01-04 15:15:11.001,17577,17577,17577,4,0
2024-01-04 15:15:11.001,17577,17577,17577,4,0
2024-01-04 15:15:11.001,17577,17577,17577,2,0
2024-01-04 15:15:12.001,17577,17577,17577,2,0
2024-01-04 15:15:12.001,17577,17577,17577,2,0
2024-01-04 15:15:20.001,17578,17578,17578,2,2
2024-01-04 15:15:30.001,17577,17577,17577,2,-2
2024-01-04 15:15:30.001,17577,17577,17577,2,0
2024-01-04 15:15:30.001,17577,17577,17577,2,0
2024-01-04 15:15:30.001,17577,17577,17577,2,0
2024-01-04 15:15:30.001,17577,17577,17577,2,0
2024-01-04 15:15:30.001,17577,17577,17577,2,0
2024-01-04 15:15:30.001,17577,17577,17577,2,0
2024-01-04 15:15:30.001,17577,17577,17577,2,0
2024-01-04 15:15:30.001,17577,17577,17577,2,0
2024-01-04 15:15:34.001,17576,17576,17576,2,-2
2024-01-04 15:15:34.001,17576,17576,17576,2,0
2024-01-04 15:15:34.001,17576,17576,17576,6,0
2024-01-04 15:15:38.001,17576,17576,17576,2,0
2024-01-04 15:15:40.001,17576,17576,17576,2,0
2024-01-04 15:15:40.001,17576,17576,17576,2,0
2024-01-04 15:15:49.001,17577,17577,17577,4,4
2024-01-04 15:15:49.001,17576,17576,17576,2,-2
2024-01-04 15:15:49.001,17576,17576,17576,2,0
2024-01-04 15:15:50.001,17576,17576,17576,2,0
2024-01-04 15:15:52.001,17576,17576,17576,2,0
2024-01-04 15:15:57.001,17575,17575,17575,2,-2
2024-01-04 15:16:00.001,17575,17575,17575,2,0
2024-01-04 15:16:05.001,17575,17575,17575,4,0
2024-01-04 15:16:05.001,17575,17575,17575,6,0
2024-01-04 15:16:05.001,17576,17576,17576,2,2
2024-01-04 15:16:07.001,17576,17576,17576,2,0
2024-01-04 15:16:07.001,17576,17576,17576,8,0
2024-01-04 15:16:09.001,17576,17576,17576,8,0
2024-01-04 15:16:09.001,17576,17576,17576,2,0
2024-01-04 15:16:10.001,17576,17576,17576,2,0
2024-01-04 15:16:10.001,17575,17575,17575,4,-4
2024-01-04 15:16:10.001,17575,17575,17575,6,0
2024-01-04 15:16:11.001,17576,17576,17576,2,2
2024-01-04 15:16:13.001,17576,17576,17576,2,0
2024-01-04 15:16:18.001,17577,17577,17577,2,2
2024-01-04 15:16:19.001,17577,17577,17577,2,0
2024-01-04 15:16:19.001,17578,17578,17578,2,2
2024-01-04 15:16:19.001,17578,17578,17578,8,0
2024-01-04 15:16:23.001,17577,17577,17577,2,-2
2024-01-04 15:16:23.001,17577,17577,17577,2,0
2024-01-04 15:16:23.001,17577,17577,17577,2,0
2024-01-04 15:16:30.001,17577,17577,17577,2,0
2024-01-04 15:16:30.001,17578,17578,17578,2,2
2024-01-04 15:16:44.001,17576,17576,17576,2,-2
2024-01-04 15:16:50.001,17578,17578,17578,2,2
2024-01-04 15:16:50.001,17578,17578,17578,2,0
2024-01-04 15:17:00.001,17578,17578,17578,8,0
2024-01-04 15:17:00.001,17578,17578,17578,2,0
2024-01-04 15:17:00.001,17578,17578,17578,2,0
2024-01-04 15:17:01.001,17578,17578,17578,4,0
2024-01-04 15:17:01.001,17578,17578,17578,4,0
2024-01-04 15:17:01.001,17578,17578,17578,2,0
2024-01-04 15:17:04.001,17578,17578,17578,2,0
2024-01-04 15:17:05.001,17578,17578,17578,2,0
2024-01-04 15:17:08.001,17578,17578,17578,2,0
2024-01-04 15:17:10.001,17579,17579,17579,2,2
2024-01-04 15:17:26.001,17579,17579,17579,2,0
2024-01-04 15:17:31.001,17579,17579,17579,2,0
2024-01-04 15:17:50.001,17579,17579,17579,20,0
2024-01-04 15:17:50.001,17579,17579,17579,4,0
2024-01-04 15:18:08.001,17578,17578,17578,2,-2
2024-01-04 15:18:09.001,17579,17579,17579,2,2
2024-01-04 15:18:09.001,17580,17580,17580,2,2
2024-01-04 15:18:10.001,17578,17578,17578,2,-2
2024-01-04 15:18:10.001,17579,17579,17579,2,2
2024-01-04 15:18:15.001,17579,17579,17579,6,0
2024-01-04 15:18:15.001,17580,17580,17580,4,4
2024-01-04 15:18:18.001,17580,17580,17580,10,0
2024-01-04 15:18:18.001,17580,17580,17580,2,0
2024-01-04 15:18:23.001,17580,17580,17580,2,0
2024-01-04 15:18:34.001,17580,17580,17580,2,0
2024-01-04 15:18:37.001,17580,17580,17580,2,0
2024-01-04 15:18:48.001,17580,17580,17580,2,0
2024-01-04 15:18:49.001,17580,17580,17580,48,0
2024-01-04 15:18:50.001,17581,17581,17581,2,2
2024-01-04 15:18:52.001,17580,17580,17580,2,-2
2024-01-04 15:18:54.001,17581,17581,17581,4,4
2024-01-04 15:18:57.001,17581,17581,17581,8,0
2024-01-04 15:18:58.001,17581,17581,17581,2,0
2024-01-04 15:19:01.001,17581,17581,17581,2,0
2024-01-04 15:19:02.001,17581,17581,17581,6,0
2024-01-04 15:19:04.001,17581,17581,17581,6,0
2024-01-04 15:19:08.001,17581,17581,17581,8,0
2024-01-04 15:19:11.001,17581,17581,17581,6,0
2024-01-04 15:19:11.001,17581,17581,17581,2,0
2024-01-04 15:19:12.001,17581,17581,17581,2,0
2024-01-04 15:19:29.001,17581,17581,17581,4,0
2024-01-04 15:19:29.001,17581,17581,17581,34,0
2024-01-04 15:19:29.001,17581,17581,17581,14,0
2024-01-04 15:19:29.001,17581,17581,17581,2,0
2024-01-04 15:19:30.001,17581,17581,17581,2,0
2024-01-04 15:19:33.001,17580,17580,17580,2,-2
2024-01-04 15:19:37.001,17580,17580,17580,2,0
2024-01-04 15:19:38.001,17580,17580,17580,2,0
2024-01-04 15:19:39.001,17580,17580,17580,2,0
2024-01-04 15:19:39.001,17580,17580,17580,2,0
2024-01-04 15:19:44.001,17580,17580,17580,2,0
2024-01-04 15:19:50.001,17580,17580,17580,2,0
2024-01-04 15:19:50.001,17580,17580,17580,2,0
2024-01-04 15:19:52.001,17580,17580,17580,2,0
2024-01-04 15:20:08.001,17580,17580,17580,2,0
2024-01-04 15:20:08.001,17580,17580,17580,2,0
2024-01-04 15:20:08.001,17581,17581,17581,2,2
2024-01-04 15:20:08.001,17581,17581,17581,4,0
2024-01-04 15:20:08.001,17581,17581,17581,4,0
2024-01-04 15:20:10.001,17580,17580,17580,2,-2
2024-01-04 15:20:10.001,17580,17580,17580,4,0
2024-01-04 15:20:10.001,17580,17580,17580,2,0
2024-01-04 15:20:16.001,17579,17579,17579,2,-2
2024-01-04 15:20:29.001,17579,17579,17579,2,0
2024-01-04 15:20:29.001,17579,17579,17579,2,0
2024-01-04 15:20:29.001,17579,17579,17579,2,0
2024-01-04 15:20:29.001,17579,17579,17579,2,0
2024-01-04 15:20:29.001,17579,17579,17579,2,0
2024-01-04 15:20:29.001,17579,17579,17579,4,0
2024-01-04 15:20:29.001,17579,17579,17579,14,0
2024-01-04 15:20:29.001,17579,17579,17579,2,0
2024-01-04 15:20:32.001,17578,17578,17578,2,-2
2024-01-04 15:20:38.001,17578,17578,17578,2,0
2024-01-04 15:20:46.001,17578,17578,17578,2,0
2024-01-04 15:20:49.001,17578,17578,17578,2,0
2024-01-04 15:20:55.001,17579,17579,17579,2,2
2024-01-04 15:20:55.001,17579,17579,17579,4,0
2024-01-04 15:21:14.001,17580,17580,17580,2,2
2024-01-04 15:21:15.001,17580,17580,17580,4,0
2024-01-04 15:21:15.001,17580,17580,17580,2,0
2024-01-04 15:21:20.001,17580,17580,17580,2,0
2024-01-04 15:21:25.001,17580,17580,17580,2,0
2024-01-04 15:21:33.001,17579,17579,17579,14,-14
2024-01-04 15:21:33.001,17579,17579,17579,2,0
2024-01-04 15:21:33.001,17579,17579,17579,2,0
2024-01-04 15:21:33.001,17579,17579,17579,2,0
2024-01-04 15:21:35.001,17579,17579,17579,2,0
2024-01-04 15:21:39.001,17579,17579,17579,2,0
2024-01-04 15:21:39.001,17579,17579,17579,2,0
2024-01-04 15:22:00.001,17578,17578,17578,2,-2
2024-01-04 15:22:10.001,17579,17579,17579,2,2
2024-01-04 15:22:14.001,17579,17579,17579,2,0
2024-01-04 15:22:21.001,17579,17579,17579,2,0
2024-01-04 15:22:23.001,17579,17579,17579,2,0
2024-01-04 15:22:30.001,17579,17579,17579,2,0
2024-01-04 15:22:30.001,17579,17579,17579,2,0
2024-01-04 15:22:50.001,17579,17579,17579,2,0
2024-01-04 15:22:56.001,17579,17579,17579,6,0
2024-01-04 15:23:00.001,17580,17580,17580,2,2
2024-01-04 15:23:01.001,17579,17579,17579,2,-2
2024-01-04 15:23:01.001,17579,17579,17579,6,0
2024-01-04 15:23:01.001,17579,17579,17579,2,0
2024-01-04 15:23:10.001,17580,17580,17580,2,2
2024-01-04 15:23:13.001,17579,17579,17579,2,-2
2024-01-04 15:23:13.001,17579,17579,17579,2,0
2024-01-04 15:23:13.001,17579,17579,17579,2,0
2024-01-04 15:23:13.001,17579,17579,17579,2,0
2024-01-04 15:23:13.001,17579,17579,17579,2,0
2024-01-04 15:23:18.001,17580,17580,17580,2,2
2024-01-04 15:23:25.001,17579,17579,17579,4,-4
2024-01-04 15:23:28.001,17579,17579,17579,2,0
2024-01-04 15:23:32.001,17579,17579,17579,2,0
2024-01-04 15:23:32.001,17580,17580,17580,2,2
2024-01-04 15:23:44.001,17578,17578,17578,2,-2
2024-01-04 15:23:44.001,17578,17578,17578,2,0
2024-01-04 15:23:52.001,17578,17578,17578,2,0
2024-01-04 15:24:01.001,17579,17579,17579,2,2
2024-01-04 15:24:02.001,17580,17580,17580,2,2
2024-01-04 15:24:02.001,17580,17580,17580,58,0
2024-01-04 15:24:02.001,17580,17580,17580,2,0
2024-01-04 15:24:02.001,17579,17579,17579,2,-2
2024-01-04 15:24:02.001,17579,17579,17579,2,0
2024-01-04 15:24:10.001,17580,17580,17580,2,2
2024-01-04 15:24:11.001,17581,17581,17581,2,2
2024-01-04 15:24:13.001,17581,17581,17581,2,0
2024-01-04 15:24:14.001,17581,17581,17581,2,0
2024-01-04 15:24:18.001,17581,17581,17581,2,0
2024-01-04 15:24:20.001,17581,17581,17581,2,0
2024-01-04 15:24:24.001,17580,17580,17580,2,-2
2024-01-04 15:24:24.001,17580,17580,17580,2,0
2024-01-04 15:24:27.001,17581,17581,17581,2,2
2024-01-04 15:24:40.001,17581,17581,17581,4,0
2024-01-04 15:24:53.001,17580,17580,17580,2,-2
2024-01-04 15:24:53.001,17581,17581,17581,2,2
2024-01-04 15:25:00.001,17581,17581,17581,16,0
2024-01-04 15:25:00.001,17581,17581,17581,2,0
2024-01-04 15:25:00.001,17582,17582,17582,2,2
2024-01-04 15:25:00.001,17582,17582,17582,2,0
2024-01-04 15:25:00.001,17582,17582,17582,2,0
2024-01-04 15:25:01.001,17582,17582,17582,2,0
2024-01-04 15:25:06.001,17582,17582,17582,2,0
2024-01-04 15:25:07.001,17582,17582,17582,12,0
2024-01-04 15:25:08.001,17582,17582,17582,2,0
2024-01-04 15:25:11.001,17582,17582,17582,2,0
2024-01-04 15:25:12.001,17582,17582,17582,2,0
2024-01-04 15:25:16.001,17581,17581,17581,2,-2
2024-01-04 15:25:17.001,17582,17582,17582,10,10
2024-01-04 15:25:20.001,17582,17582,17582,2,0
2024-01-04 15:25:23.001,17582,17582,17582,16,0
2024-01-04 15:25:28.001,17582,17582,17582,2,0
2024-01-04 15:25:28.001,17582,17582,17582,4,0
2024-01-04 15:25:28.001,17582,17582,17582,2,0
2024-01-04 15:25:29.001,17582,17582,17582,2,0
2024-01-04 15:25:30.001,17583,17583,17583,2,2
2024-01-04 15:25:30.001,17583,17583,17583,14,0
2024-01-04 15:25:30.001,17583,17583,17583,2,0
2024-01-04 15:25:30.001,17583,17583,17583,60,0
2024-01-04 15:25:30.001,17583,17583,17583,4,0
2024-01-04 15:25:30.001,17583,17583,17583,10,0
2024-01-04 15:25:30.001,17583,17583,17583,6,0
2024-01-04 15:25:30.001,17583,17583,17583,12,0
2024-01-04 15:25:30.001,17583,17583,17583,4,0
2024-01-04 15:25:30.001,17583,17583,17583,2,0
2024-01-04 15:25:34.001,17584,17584,17584,2,2
2024-01-04 15:25:34.001,17584,17584,17584,12,0
2024-01-04 15:25:34.001,17584,17584,17584,2,0
2024-01-04 15:25:34.001,17584,17584,17584,20,0
2024-01-04 15:25:34.001,17585,17585,17585,2,2
2024-01-04 15:25:34.001,17585,17585,17585,2,0
2024-01-04 15:25:34.001,17585,17585,17585,2,0
2024-01-04 15:25:34.001,17585,17585,17585,2,0
2024-01-04 15:25:34.001,17585,17585,17585,4,0
2024-01-04 15:25:34.001,17585,17585,17585,2,0
2024-01-04 15:25:34.001,17585,17585,17585,2,0
2024-01-04 15:25:38.001,17584,17584,17584,2,-2
2024-01-04 15:25:38.001,17585,17585,17585,8,8
2024-01-04 15:25:38.001,17585,17585,17585,8,0
2024-01-04 15:25:38.001,17585,17585,17585,2,0
2024-01-04 15:25:40.001,17585,17585,17585,4,0
2024-01-04 15:25:43.001,17585,17585,17585,2,0
2024-01-04 15:25:44.001,17585,17585,17585,2,0
2024-01-04 15:25:44.001,17584,17584,17584,2,-2
2024-01-04 15:25:45.001,17585,17585,17585,2,2
2024-01-04 15:25:45.001,17585,17585,17585,2,0
2024-01-04 15:25:46.001,17585,17585,17585,4,0
2024-01-04 15:25:46.001,17584,17584,17584,4,-4
2024-01-04 15:25:50.001,17585,17585,17585,2,2
2024-01-04 15:25:50.001,17585,17585,17585,4,0
2024-01-04 15:25:53.001,17584,17584,17584,2,-2
2024-01-04 15:25:54.001,17585,17585,17585,6,6
2024-01-04 15:25:54.001,17585,17585,17585,2,0
2024-01-04 15:25:55.001,17585,17585,17585,4,0
2024-01-04 15:25:56.001,17585,17585,17585,2,0
2024-01-04 15:25:57.001,17584,17584,17584,2,-2
2024-01-04 15:25:59.001,17585,17585,17585,2,2
2024-01-04 15:26:00.001,17585,17585,17585,2,0
2024-01-04 15:26:01.001,17585,17585,17585,6,0
2024-01-04 15:26:03.001,17584,17584,17584,2,-2
2024-01-04 15:26:04.001,17585,17585,17585,2,2
2024-01-04 15:26:06.001,17585,17585,17585,4,0
2024-01-04 15:26:10.001,17585,17585,17585,2,0
2024-01-04 15:26:10.001,17585,17585,17585,2,0
2024-01-04 15:26:11.001,17584,17584,17584,2,-2
2024-01-04 15:26:12.001,17584,17584,17584,2,0
2024-01-04 15:26:12.001,17584,17584,17584,2,0
2024-01-04 15:26:12.001,17584,17584,17584,8,0
2024-01-04 15:26:12.001,17584,17584,17584,6,0
2024-01-04 15:26:12.001,17584,17584,17584,4,0
2024-01-04 15:26:12.001,17584,17584,17584,2,0
2024-01-04 15:26:12.001,17584,17584,17584,2,0
2024-01-04 15:26:12.001,17584,17584,17584,2,0
2024-01-04 15:26:12.001,17584,17584,17584,2,0
2024-01-04 15:26:12.001,17584,17584,17584,2,0
2024-01-04 15:26:12.001,17584,17584,17584,2,0
2024-01-04 15:26:12.001,17584,17584,17584,4,0
2024-01-04 15:26:17.001,17585,17585,17585,2,2
2024-01-04 15:26:23.001,17585,17585,17585,2,0
2024-01-04 15:26:24.001,17585,17585,17585,4,0
2024-01-04 15:26:27.001,17585,17585,17585,10,0
2024-01-04 15:26:40.001,17585,17585,17585,4,0
2024-01-04 15:26:40.001,17585,17585,17585,2,0
2024-01-04 15:26:44.001,17585,17585,17585,2,0
2024-01-04 15:26:47.001,17585,17585,17585,2,0
2024-01-04 15:26:50.001,17585,17585,17585,2,0
2024-01-04 15:26:58.001,17585,17585,17585,2,0
2024-01-04 15:27:00.001,17585,17585,17585,6,0
2024-01-04 15:27:00.001,17584,17584,17584,2,-2
2024-01-04 15:27:11.001,17585,17585,17585,2,2
2024-01-04 15:27:19.001,17585,17585,17585,4,0
2024-01-04 15:27:20.001,17585,17585,17585,2,0
2024-01-04 15:27:23.001,17585,17585,17585,4,0
2024-01-04 15:27:23.001,17585,17585,17585,10,0
2024-01-04 15:27:24.001,17584,17584,17584,2,-2
2024-01-04 15:27:28.001,17584,17584,17584,4,0
2024-01-04 15:27:28.001,17584,17584,17584,2,0
2024-01-04 15:27:28.001,17584,17584,17584,2,0
2024-01-04 15:27:28.001,17584,17584,17584,2,0
2024-01-04 15:27:30.001,17585,17585,17585,2,2
2024-01-04 15:27:40.001,17585,17585,17585,2,0
2024-01-04 15:27:42.001,17585,17585,17585,10,0
2024-01-04 15:27:58.001,17585,17585,17585,2,0
2024-01-04 15:28:01.001,17584,17584,17584,2,-2
2024-01-04 15:28:01.001,17585,17585,17585,2,2
2024-01-04 15:28:01.001,17585,17585,17585,2,0
2024-01-04 15:28:01.001,17585,17585,17585,2,0
2024-01-04 15:28:01.001,17585,17585,17585,2,0
2024-01-04 15:28:05.001,17584,17584,17584,2,-2
2024-01-04 15:28:07.001,17585,17585,17585,2,2
2024-01-04 15:28:08.001,17585,17585,17585,10,0
2024-01-04 15:28:11.001,17585,17585,17585,2,0
2024-01-04 15:28:12.001,17585,17585,17585,4,0
2024-01-04 15:28:18.001,17586,17586,17586,2,2
2024-01-04 15:28:19.001,17586,17586,17586,2,0
2024-01-04 15:28:21.001,17586,17586,17586,2,0
2024-01-04 15:28:22.001,17585,17585,17585,2,-2
2024-01-04 15:28:22.001,17585,17585,17585,2,0
2024-01-04 15:28:22.001,17585,17585,17585,4,0
2024-01-04 15:28:27.001,17585,17585,17585,4,0
2024-01-04 15:28:30.001,17585,17585,17585,2,0
2024-01-04 15:28:40.001,17585,17585,17585,4,0
2024-01-04 15:28:51.001,17585,17585,17585,2,0
2024-01-04 15:28:55.001,17585,17585,17585,2,0
2024-01-04 15:28:57.001,17585,17585,17585,20,0
2024-01-04 15:28:57.001,17585,17585,17585,2,0
2024-01-04 15:28:58.001,17585,17585,17585,4,0
2024-01-04 15:29:01.001,17586,17586,17586,6,6
2024-01-04 15:29:06.001,17586,17586,17586,2,0
2024-01-04 15:29:07.001,17585,17585,17585,2,-2
2024-01-04 15:29:07.001,17586,17586,17586,2,2
2024-01-04 15:29:08.001,17586,17586,17586,2,0
2024-01-04 15:29:15.001,17585,17585,17585,2,-2
2024-01-04 15:29:19.001,17586,17586,17586,2,2
2024-01-04 15:29:20.001,17586,17586,17586,2,0
2024-01-04 15:29:22.001,17586,17586,17586,2,0
2024-01-04 15:29:25.001,17586,17586,17586,2,0
2024-01-04 15:29:30.001,17586,17586,17586,2,0
2024-01-04 15:29:32.001,17585,17585,17585,2,-2
2024-01-04 15:29:36.001,17585,17585,17585,2,0
2024-01-04 15:29:36.001,17586,17586,17586,2,2
2024-01-04 15:29:37.001,17586,17586,17586,4,0
2024-01-04 15:29:37.001,17586,17586,17586,4,0
2024-01-04 15:29:37.001,17586,17586,17586,4,0
2024-01-04 15:29:38.001,17586,17586,17586,4,0
2024-01-04 15:29:38.001,17586,17586,17586,4,0
2024-01-04 15:29:38.001,17586,17586,17586,4,0
2024-01-04 15:29:38.001,17586,17586,17586,4,0
2024-01-04 15:29:38.001,17586,17586,17586,4,0
2024-01-04 15:29:39.001,17585,17585,17585,2,-2
2024-01-04 15:29:45.001,17585,17585,17585,4,0
2024-01-04 15:29:51.001,17586,17586,17586,2,2
2024-01-04 15:29:52.001,17586,17586,17586,2,0
2024-01-04 15:29:53.001,17586,17586,17586,2,0
2024-01-04 15:29:53.001,17586,17586,17586,6,0
2024-01-04 15:29:53.001,17586,17586,17586,4,0
2024-01-04 15:29:53.001,17586,17586,17586,2,0
2024-01-04 15:29:53.001,17586,17586,17586,2,0
2024-01-04 15:29:53.001,17586,17586,17586,2,0
2024-01-04 15:29:53.001,17586,17586,17586,2,0
2024-01-04 15:29:53.001,17586,17586,17586,2,0
2024-01-04 15:29:53.001,17586,17586,17586,22,0
2024-01-04 15:29:53.001,17586,17586,17586,2,0
2024-01-04 15:29:53.001,17586,17586,17586,2,0
2024-01-04 15:29:53.001,17586,17586,17586,2,0
2024-01-04 15:29:53.001,17586,17586,17586,14,0
2024-01-04 15:29:53.001,17586,17586,17586,2,0
2024-01-04 15:29:53.001,17586,17586,17586,2,0
2024-01-04 15:29:56.001,17586,17586,17586,2,0
2024-01-04 15:29:56.001,17586,17586,17586,2,0
2024-01-04 15:29:58.001,17586,17586,17586,2,0
2024-01-04 15:30:00.001,17587,17587,17587,4,4
2024-01-04 15:30:00.001,17587,17587,17587,2,0
2024-01-04 15:30:00.001,17587,17587,17587,2,0
2024-01-04 15:30:00.001,17587,17587,17587,2,0
2024-01-04 15:30:00.001,17587,17587,17587,6,0
2024-01-04 15:30:00.001,17587,17587,17587,6,0
2024-01-04 15:30:00.001,17587,17587,17587,2,0
2024-01-04 15:30:01.001,17587,17587,17587,2,0
2024-01-04 15:30:01.001,17587,17587,17587,4,0
2024-01-04 15:30:01.001,17587,17587,17587,2,0
2024-01-04 15:30:01.001,17587,17587,17587,2,0
2024-01-04 15:30:01.001,17587,17587,17587,2,0
2024-01-04 15:30:01.001,17587,17587,17587,2,0
2024-01-04 15:30:01.001,17587,17587,17587,2,0
2024-01-04 15:30:01.001,17587,17587,17587,2,0
2024-01-04 15:30:02.001,17587,17587,17587,2,0
2024-01-04 15:30:04.001,17587,17587,17587,2,0
2024-01-04 15:30:04.001,17587,17587,17587,32,0
2024-01-04 15:30:05.001,17587,17587,17587,2,0
2024-01-04 15:30:09.001,17588,17588,17588,2,2
2024-01-04 15:30:09.001,17588,17588,17588,4,0
2024-01-04 15:30:09.001,17588,17588,17588,4,0
2024-01-04 15:30:09.001,17588,17588,17588,2,0
2024-01-04 15:30:09.001,17588,17588,17588,4,0
2024-01-04 15:30:09.001,17588,17588,17588,4,0
2024-01-04 15:30:09.001,17588,17588,17588,8,0
2024-01-04 15:30:09.001,17588,17588,17588,4,0
2024-01-04 15:30:09.001,17588,17588,17588,4,0
2024-01-04 15:30:09.001,17588,17588,17588,4,0
2024-01-04 15:30:09.001,17588,17588,17588,6,0
2024-01-04 15:30:09.001,17588,17588,17588,6,0
2024-01-04 15:30:09.001,17588,17588,17588,2,0
2024-01-04 15:30:09.001,17588,17588,17588,12,0
2024-01-04 15:30:09.001,17588,17588,17588,2,0
2024-01-04 15:30:09.001,17588,17588,17588,2,0
2024-01-04 15:30:09.001,17588,17588,17588,2,0
2024-01-04 15:30:09.001,17588,17588,17588,2,0
2024-01-04 15:30:09.001,17588,17588,17588,2,0
2024-01-04 15:30:09.001,17588,17588,17588,4,0
2024-01-04 15:30:09.001,17588,17588,17588,6,0
2024-01-04 15:30:09.001,17588,17588,17588,6,0
2024-01-04 15:30:09.001,17588,17588,17588,14,0
2024-01-04 15:30:09.001,17588,17588,17588,2,0
2024-01-04 15:30:09.001,17588,17588,17588,8,0
2024-01-04 15:30:09.001,17588,17588,17588,12,0
2024-01-04 15:30:09.001,17588,17588,17588,2,0
2024-01-04 15:30:09.001,17588,17588,17588,10,0
2024-01-04 15:30:09.001,17588,17588,17588,4,0
2024-01-04 15:30:09.001,17588,17588,17588,8,0
2024-01-04 15:30:09.001,17588,17588,17588,4,0
2024-01-04 15:30:09.001,17588,17588,17588,8,0
2024-01-04 15:30:09.001,17588,17588,17588,12,0
2024-01-04 15:30:09.001,17589,17589,17589,2,2
2024-01-04 15:30:09.001,17589,17589,17589,2,0
2024-01-04 15:30:09.001,17589,17589,17589,2,0
2024-01-04 15:30:09.001,17589,17589,17589,2,0
2024-01-04 15:30:09.001,17589,17589,17589,2,0
2024-01-04 15:30:09.001,17589,17589,17589,10,0
2024-01-04 15:30:09.001,17589,17589,17589,4,0
2024-01-04 15:30:09.001,17589,17589,17589,10,0
2024-01-04 15:30:09.001,17589,17589,17589,2,0
2024-01-04 15:30:09.001,17590,17590,17590,2,2
2024-01-04 15:30:09.001,17590,17590,17590,4,0
2024-01-04 15:30:09.001,17590,17590,17590,2,0
2024-01-04 15:30:09.001,17590,17590,17590,4,0
2024-01-04 15:30:09.001,17590,17590,17590,4,0
2024-01-04 15:30:09.001,17590,17590,17590,2,0
2024-01-04 15:30:09.001,17590,17590,17590,4,0
2024-01-04 15:30:09.001,17590,17590,17590,2,0
2024-01-04 15:30:09.001,17590,17590,17590,8,0
2024-01-04 15:30:09.001,17590,17590,17590,4,0
2024-01-04 15:30:09.001,17590,17590,17590,2,0
2024-01-04 15:30:09.001,17590,17590,17590,2,0
2024-01-04 15:30:09.001,17590,17590,17590,4,0
2024-01-04 15:30:09.001,17590,17590,17590,2,0
2024-01-04 15:30:09.001,17590,17590,17590,2,0
2024-01-04 15:30:09.001,17590,17590,17590,2,0
2024-01-04 15:30:09.001,17590,17590,17590,4,0
2024-01-04 15:30:09.001,17590,17590,17590,2,0
2024-01-04 15:30:09.001,17590,17590,17590,10,0
2024-01-04 15:30:09.001,17590,17590,17590,2,0
2024-01-04 15:30:09.001,17590,17590,17590,2,0
2024-01-04 15:30:09.001,17590,17590,17590,2,0
2024-01-04 15:30:09.001,17590,17590,17590,2,0
2024-01-04 15:30:09.001,17590,17590,17590,2,0
2024-01-04 15:30:09.001,17590,17590,17590,2,0
2024-01-04 15:30:09.001,17590,17590,17590,2,0
2024-01-04 15:30:09.001,17590,17590,17590,2,0
2024-01-04 15:30:09.001,17590,17590,17590,2,0
2024-01-04 15:30:09.001,17590,17590,17590,2,0
2024-01-04 15:30:09.001,17590,17590,17590,6,0
2024-01-04 15:30:09.001,17590,17590,17590,2,0
2024-01-04 15:30:09.001,17591,17591,17591,4,4
2024-01-04 15:30:09.001,17591,17591,17591,6,0
2024-01-04 15:30:09.001,17592,17592,17592,6,6
2024-01-04 15:30:09.001,17592,17592,17592,14,0
2024-01-04 15:30:09.001,17591,17591,17591,6,-6
2024-01-04 15:30:09.001,17591,17591,17591,2,0
2024-01-04 15:30:09.001,17592,17592,17592,4,4
2024-01-04 15:30:09.001,17592,17592,17592,4,0
2024-01-04 15:30:09.001,17591,17591,17591,2,-2
2024-01-04 15:30:09.001,17591,17591,17591,2,0
2024-01-04 15:30:09.001,17591,17591,17591,2,0
2024-01-04 15:30:09.001,17592,17592,17592,12,12
2024-01-04 15:30:09.001,17592,17592,17592,4,0
2024-01-04 15:30:09.001,17592,17592,17592,2,0
2024-01-04 15:30:09.001,17592,17592,17592,4,0
2024-01-04 15:30:10.001,17592,17592,17592,2,0
2024-01-04 15:30:10.001,17592,17592,17592,4,0
2024-01-04 15:30:10.001,17593,17593,17593,4,4
2024-01-04 15:30:10.001,17593,17593,17593,2,0
2024-01-04 15:30:10.001,17593,17593,17593,4,0
2024-01-04 15:30:10.001,17591,17591,17591,6,-6
2024-01-04 15:30:10.001,17591,17591,17591,2,0
2024-01-04 15:30:10.001,17591,17591,17591,2,0
2024-01-04 15:30:10.001,17591,17591,17591,2,0
2024-01-04 15:30:10.001,17591,17591,17591,2,0
2024-01-04 15:30:10.001,17591,17591,17591,2,0
2024-01-04 15:30:10.001,17591,17591,17591,2,0
2024-01-04 15:30:10.001,17591,17591,17591,2,0
2024-01-04 15:30:10.001,17592,17592,17592,2,2
2024-01-04 15:30:10.001,17592,17592,17592,2,0
2024-01-04 15:30:10.001,17591,17591,17591,2,-2
2024-01-04 15:30:10.001,17591,17591,17591,8,0
2024-01-04 15:30:10.001,17591,17591,17591,2,0
2024-01-04 15:30:10.001,17592,17592,17592,6,6
2024-01-04 15:30:10.001,17592,17592,17592,2,0
2024-01-04 15:30:10.001,17592,17592,17592,2,0
2024-01-04 15:30:10.001,17592,17592,17592,4,0
2024-01-04 15:30:10.001,17592,17592,17592,4,0
2024-01-04 15:30:10.001,17592,17592,17592,6,0
2024-01-04 15:30:10.001,17592,17592,17592,2,0
2024-01-04 15:30:10.001,17592,17592,17592,4,0
2024-01-04 15:30:10.001,17591,17591,17591,2,-2
2024-01-04 15:30:10.001,17591,17591,17591,2,0
2024-01-04 15:30:10.001,17591,17591,17591,2,0
2024-01-04 15:30:10.001,17591,17591,17591,6,0
2024-01-04 15:30:10.001,17591,17591,17591,2,0
2024-01-04 15:30:10.001,17590,17590,17590,2,-2
2024-01-04 15:30:10.001,17591,17591,17591,2,2
2024-01-04 15:30:10.001,17591,17591,17591,6,0
2024-01-04 15:30:11.001,17591,17591,17591,10,0
2024-01-04 15:30:12.001,17591,17591,17591,10,0
2024-01-04 15:30:12.001,17590,17590,17590,2,-2
2024-01-04 15:30:12.001,17590,17590,17590,2,0
2024-01-04 15:30:12.001,17591,17591,17591,2,2
2024-01-04 15:30:15.001,17591,17591,17591,2,0
2024-01-04 15:30:15.001,17591,17591,17591,2,0
2024-01-04 15:30:18.001,17591,17591,17591,4,0
2024-01-04 15:30:18.001,17591,17591,17591,2,0
2024-01-04 15:30:20.001,17591,17591,17591,4,0
2024-01-04 15:30:20.001,17591,17591,17591,2,0
2024-01-04 15:30:20.001,17592,17592,17592,2,2
2024-01-04 15:30:23.001,17591,17591,17591,2,-2
2024-01-04 15:30:23.001,17592,17592,17592,4,4
2024-01-04 15:30:25.001,17591,17591,17591,4,-4
2024-01-04 15:30:27.001,17591,17591,17591,4,0
2024-01-04 15:30:29.001,17592,17592,17592,10,10
2024-01-04 15:30:30.001,17591,17591,17591,2,-2
2024-01-04 15:30:30.001,17591,17591,17591,2,0
2024-01-04 15:30:31.001,17592,17592,17592,2,2
2024-01-04 15:30:33.001,17592,17592,17592,10,0
2024-01-04 15:30:34.001,17592,17592,17592,2,0
2024-01-04 15:30:34.001,17591,17591,17591,2,-2
2024-01-04 15:30:34.001,17591,17591,17591,2,0
2024-01-04 15:30:36.001,17592,17592,17592,8,8
2024-01-04 15:30:36.001,17591,17591,17591,4,-4
2024-01-04 15:30:37.001,17592,17592,17592,4,4
2024-01-04 15:30:37.001,17592,17592,17592,2,0
2024-01-04 15:30:39.001,17592,17592,17592,2,0
2024-01-04 15:30:40.001,17592,17592,17592,10,0
2024-01-04 15:30:41.001,17592,17592,17592,2,0
2024-01-04 15:30:43.001,17592,17592,17592,2,0
2024-01-04 15:30:45.001,17591,17591,17591,2,-2
2024-01-04 15:30:45.001,17591,17591,17591,2,0
2024-01-04 15:30:45.001,17591,17591,17591,2,0
2024-01-04 15:30:45.001,17591,17591,17591,2,0
2024-01-04 15:30:45.001,17591,17591,17591,2,0
2024-01-04 15:30:45.001,17591,17591,17591,2,0
2024-01-04 15:30:45.001,17591,17591,17591,2,0
2024-01-04 15:30:45.001,17591,17591,17591,2,0
2024-01-04 15:30:45.001,17591,17591,17591,2,0
2024-01-04 15:30:46.001,17591,17591,17591,2,0
2024-01-04 15:30:46.001,17591,17591,17591,2,0
2024-01-04 15:30:46.001,17591,17591,17591,2,0
2024-01-04 15:30:46.001,17591,17591,17591,2,0
2024-01-04 15:30:46.001,17591,17591,17591,2,0
2024-01-04 15:30:46.001,17592,17592,17592,8,8
2024-01-04 15:30:47.001,17592,17592,17592,2,0
2024-01-04 15:30:47.001,17592,17592,17592,6,0
2024-01-04 15:30:47.001,17591,17591,17591,2,-2
2024-01-04 15:30:48.001,17592,17592,17592,2,2
2024-01-04 15:30:51.001,17593,17593,17593,2,2
2024-01-04 15:30:51.001,17593,17593,17593,10,0
2024-01-04 15:30:52.001,17592,17592,17592,2,-2
2024-01-04 15:30:52.001,17592,17592,17592,2,0
2024-01-04 15:30:54.001,17593,17593,17593,12,12
2024-01-04 15:30:54.001,17593,17593,17593,4,0
2024-01-04 15:30:54.001,17592,17592,17592,4,-4
2024-01-04 15:30:55.001,17592,17592,17592,2,0
2024-01-04 15:30:56.001,17592,17592,17592,2,0
2024-01-04 15:30:57.001,17593,17593,17593,10,10
2024-01-04 15:30:58.001,17592,17592,17592,2,-2
2024-01-04 15:31:00.001,17593,17593,17593,2,2
2024-01-04 15:31:00.001,17592,17592,17592,2,-2
2024-01-04 15:31:00.001,17593,17593,17593,2,2
2024-01-04 15:31:00.001,17593,17593,17593,2,0
2024-01-04 15:31:00.001,17593,17593,17593,2,0
2024-01-04 15:31:00.001,17593,17593,17593,2,0
2024-01-04 15:31:00.001,17593,17593,17593,2,0
2024-01-04 15:31:00.001,17593,17593,17593,2,0
2024-01-04 15:31:00.001,17593,17593,17593,2,0
2024-01-04 15:31:01.001,17593,17593,17593,6,0
2024-01-04 15:31:01.001,17593,17593,17593,2,0
2024-01-04 15:31:01.001,17593,17593,17593,2,0
2024-01-04 15:31:01.001,17593,17593,17593,2,0
2024-01-04 15:31:01.001,17593,17593,17593,8,0
2024-01-04 15:31:02.001,17593,17593,17593,2,0
2024-01-04 15:31:03.001,17592,17592,17592,2,-2
2024-01-04 15:31:03.001,17593,17593,17593,2,2
2024-01-04 15:31:05.001,17592,17592,17592,2,-2
2024-01-04 15:31:05.001,17592,17592,17592,4,0
2024-01-04 15:31:05.001,17592,17592,17592,2,0
2024-01-04 15:31:05.001,17592,17592,17592,6,0
2024-01-04 15:31:05.001,17592,17592,17592,2,0
2024-01-04 15:31:05.001,17592,17592,17592,2,0
2024-01-04 15:31:05.001,17592,17592,17592,2,0
2024-01-04 15:31:05.001,17592,17592,17592,2,0
2024-01-04 15:31:05.001,17592,17592,17592,2,0
2024-01-04 15:31:05.001,17592,17592,17592,2,0
2024-01-04 15:31:05.001,17592,17592,17592,2,0
2024-01-04 15:31:05.001,17592,17592,17592,2,0
2024-01-04 15:31:08.001,17592,17592,17592,2,0
2024-01-04 15:31:10.001,17591,17591,17591,2,-2
2024-01-04 15:31:10.001,17591,17591,17591,2,0
2024-01-04 15:31:10.001,17591,17591,17591,6,0
2024-01-04 15:31:10.001,17591,17591,17591,2,0
2024-01-04 15:31:10.001,17591,17591,17591,2,0
2024-01-04 15:31:10.001,17591,17591,17591,2,0
2024-01-04 15:31:10.001,17591,17591,17591,2,0
2024-01-04 15:31:11.001,17591,17591,17591,20,0
2024-01-04 15:31:13.001,17591,17591,17591,2,0
2024-01-04 15:31:13.001,17592,17592,17592,2,2
2024-01-04 15:31:14.001,17592,17592,17592,2,0
2024-01-04 15:31:15.001,17591,17591,17591,2,-2
2024-01-04 15:31:18.001,17592,17592,17592,4,4
2024-01-04 15:31:18.001,17592,17592,17592,10,0
2024-01-04 15:31:19.001,17591,17591,17591,2,-2
2024-01-04 15:31:19.001,17591,17591,17591,2,0
2024-01-04 15:31:19.001,17592,17592,17592,2,2
2024-01-04 15:31:22.001,17592,17592,17592,2,0
2024-01-04 15:31:25.001,17592,17592,17592,10,0
2024-01-04 15:31:28.001,17592,17592,17592,2,0
2024-01-04 15:31:30.001,17592,17592,17592,4,0
2024-01-04 15:31:31.001,17592,17592,17592,4,0
2024-01-04 15:31:33.001,17591,17591,17591,2,-2
2024-01-04 15:31:37.001,17592,17592,17592,2,2
2024-01-04 15:31:39.001,17591,17591,17591,2,-2
2024-01-04 15:31:39.001,17591,17591,17591,2,0
2024-01-04 15:31:39.001,17591,17591,17591,2,0
2024-01-04 15:31:39.001,17591,17591,17591,2,0
2024-01-04 15:31:39.001,17591,17591,17591,2,0
2024-01-04 15:31:39.001,17591,17591,17591,4,0
2024-01-04 15:31:39.001,17591,17591,17591,2,0
2024-01-04 15:31:39.001,17591,17591,17591,2,0
2024-01-04 15:31:48.001,17591,17591,17591,2,0
2024-01-04 15:31:49.001,17591,17591,17591,2,0
2024-01-04 15:31:49.001,17591,17591,17591,2,0
2024-01-04 15:31:49.001,17591,17591,17591,2,0
2024-01-04 15:31:53.001,17591,17591,17591,2,0
2024-01-04 15:31:54.001,17590,17590,17590,2,-2
2024-01-04 15:31:56.001,17590,17590,17590,2,0
2024-01-04 15:32:01.001,17590,17590,17590,6,0
2024-01-04 15:32:01.001,17590,17590,17590,2,0
2024-01-04 15:32:03.001,17590,17590,17590,2,0
2024-01-04 15:32:06.001,17591,17591,17591,2,2
2024-01-04 15:32:06.001,17591,17591,17591,2,0
2024-01-04 15:32:06.001,17590,17590,17590,2,-2
2024-01-04 15:32:06.001,17590,17590,17590,2,0
2024-01-04 15:32:07.001,17591,17591,17591,2,2
2024-01-04 15:32:07.001,17591,17591,17591,2,0
2024-01-04 15:32:09.001,17590,17590,17590,2,-2
2024-01-04 15:32:12.001,17590,17590,17590,6,0
2024-01-04 15:32:12.001,17590,17590,17590,4,0
2024-01-04 15:32:24.001,17591,17591,17591,2,2
2024-01-04 15:32:27.001,17591,17591,17591,4,0
2024-01-04 15:32:28.001,17591,17591,17591,2,0
2024-01-04 15:32:33.001,17591,17591,17591,2,0
2024-01-04 15:32:35.001,17591,17591,17591,2,0
2024-01-04 15:32:38.001,17591,17591,17591,2,0
2024-01-04 15:32:40.001,17591,17591,17591,2,0
2024-01-04 15:32:44.001,17590,17590,17590,2,-2
2024-01-04 15:32:44.001,17590,17590,17590,2,0
2024-01-04 15:32:46.001,17591,17591,17591,2,2
2024-01-04 15:32:50.001,17590,17590,17590,6,-6
2024-01-04 15:33:04.001,17591,17591,17591,2,2
2024-01-04 15:33:04.001,17590,17590,17590,2,-2
2024-01-04 15:33:04.001,17591,17591,17591,4,4
2024-01-04 15:33:04.001,17591,17591,17591,4,0
2024-01-04 15:33:04.001,17591,17591,17591,4,0
2024-01-04 15:33:04.001,17591,17591,17591,2,0
2024-01-04 15:33:06.001,17590,17590,17590,2,-2
2024-01-04 15:33:06.001,17591,17591,17591,2,2
2024-01-04 15:33:09.001,17591,17591,17591,4,0
2024-01-04 15:33:16.001,17591,17591,17591,6,0
2024-01-04 15:33:17.001,17591,17591,17591,2,0
2024-01-04 15:33:19.001,17591,17591,17591,2,0
2024-01-04 15:33:23.001,17591,17591,17591,2,0
2024-01-04 15:33:23.001,17591,17591,17591,2,0
2024-01-04 15:33:38.001,17591,17591,17591,2,0
2024-01-04 15:33:38.001,17591,17591,17591,2,0
2024-01-04 15:33:38.001,17591,17591,17591,2,0
2024-01-04 15:33:42.001,17591,17591,17591,2,0
2024-01-04 15:33:43.001,17591,17591,17591,2,0
2024-01-04 15:33:45.001,17590,17590,17590,2,-2
2024-01-04 15:33:45.001,17590,17590,17590,2,0
2024-01-04 15:33:48.001,17590,17590,17590,2,0
2024-01-04 15:33:48.001,17590,17590,17590,4,0
2024-01-04 15:33:48.001,17590,17590,17590,4,0
2024-01-04 15:33:48.001,17590,17590,17590,2,0
2024-01-04 15:33:48.001,17590,17590,17590,2,0
2024-01-04 15:33:48.001,17590,17590,17590,4,0
2024-01-04 15:33:48.001,17590,17590,17590,2,0
2024-01-04 15:33:48.001,17590,17590,17590,2,0
2024-01-04 15:33:48.001,17590,17590,17590,2,0
2024-01-04 15:33:48.001,17590,17590,17590,6,0
2024-01-04 15:33:48.001,17590,17590,17590,2,0
2024-01-04 15:33:48.001,17590,17590,17590,2,0
2024-01-04 15:33:48.001,17590,17590,17590,4,0
2024-01-04 15:33:48.001,17590,17590,17590,2,0
2024-01-04 15:33:48.001,17590,17590,17590,2,0
2024-01-04 15:33:48.001,17590,17590,17590,6,0
2024-01-04 15:33:48.001,17590,17590,17590,2,0
2024-01-04 15:33:48.001,17590,17590,17590,2,0
2024-01-04 15:33:48.001,17590,17590,17590,2,0
2024-01-04 15:33:48.001,17590,17590,17590,2,0
2024-01-04 15:33:48.001,17590,17590,17590,10,0
2024-01-04 15:33:48.001,17590,17590,17590,6,0
2024-01-04 15:33:49.001,17590,17590,17590,2,0
2024-01-04 15:33:50.001,17591,17591,17591,4,4
2024-01-04 15:33:50.001,17591,17591,17591,4,0
2024-01-04 15:33:50.001,17591,17591,17591,2,0
2024-01-04 15:33:50.001,17591,17591,17591,2,0
2024-01-04 15:33:50.001,17591,17591,17591,14,0
2024-01-04 15:33:50.001,17592,17592,17592,2,2
2024-01-04 15:33:53.001,17591,17591,17591,2,-2
2024-01-04 15:33:53.001,17591,17591,17591,2,0
2024-01-04 15:33:53.001,17591,17591,17591,2,0
2024-01-04 15:33:56.001,17591,17591,17591,2,0
2024-01-04 15:34:05.001,17591,17591,17591,8,0
2024-01-04 15:34:07.001,17591,17591,17591,2,0
2024-01-04 15:34:07.001,17591,17591,17591,2,0
2024-01-04 15:34:07.001,17591,17591,17591,2,0
2024-01-04 15:34:08.001,17591,17591,17591,2,0
2024-01-04 15:34:10.001,17592,17592,17592,10,10
2024-01-04 15:34:10.001,17592,17592,17592,8,0
2024-01-04 15:34:16.001,17592,17592,17592,2,0
2024-01-04 15:34:16.001,17592,17592,17592,2,0
2024-01-04 15:34:25.001,17592,17592,17592,2,0
2024-01-04 15:34:27.001,17592,17592,17592,2,0
2024-01-04 15:34:29.001,17592,17592,17592,10,0
2024-01-04 15:34:30.001,17592,17592,17592,2,0
2024-01-04 15:34:33.001,17592,17592,17592,10,0
2024-01-04 15:34:34.001,17591,17591,17591,2,-2
2024-01-04 15:34:39.001,17592,17592,17592,2,2
2024-01-04 15:34:47.001,17592,17592,17592,4,0
2024-01-04 15:34:47.001,17592,17592,17592,2,0
2024-01-04 15:34:47.001,17592,17592,17592,2,0
2024-01-04 15:34:47.001,17592,17592,17592,2,0
2024-01-04 15:34:57.001,17592,17592,17592,2,0
2024-01-04 15:34:57.001,17592,17592,17592,2,0
2024-01-04 15:35:01.001,17592,17592,17592,2,0
2024-01-04 15:35:01.001,17592,17592,17592,2,0
2024-01-04 15:35:03.001,17593,17593,17593,30,30
2024-01-04 15:35:03.001,17592,17592,17592,2,-2
2024-01-04 15:35:03.001,17594,17594,17594,2,2
2024-01-04 15:35:03.001,17594,17594,17594,2,0
2024-01-04 15:35:07.001,17593,17593,17593,2,-2
2024-01-04 15:35:08.001,17593,17593,17593,2,0
2024-01-04 15:35:10.001,17594,17594,17594,28,28
2024-01-04 15:35:10.001,17594,17594,17594,4,0
2024-01-04 15:35:16.001,17594,17594,17594,2,0
2024-01-04 15:35:17.001,17594,17594,17594,10,0
2024-01-04 15:35:17.001,17595,17595,17595,4,4
2024-01-04 15:35:17.001,17595,17595,17595,30,0
2024-01-04 15:35:17.001,17595,17595,17595,20,0
2024-01-04 15:35:17.001,17595,17595,17595,2,0
2024-01-04 15:35:20.001,17594,17594,17594,2,-2
2024-01-04 15:35:20.001,17594,17594,17594,2,0
2024-01-04 15:35:20.001,17594,17594,17594,2,0
2024-01-04 15:35:20.001,17595,17595,17595,2,2
2024-01-04 15:35:21.001,17594,17594,17594,6,-6
2024-01-04 15:35:21.001,17594,17594,17594,2,0
2024-01-04 15:35:21.001,17594,17594,17594,4,0
2024-01-04 15:35:21.001,17594,17594,17594,4,0
2024-01-04 15:35:21.001,17594,17594,17594,2,0
2024-01-04 15:35:21.001,17594,17594,17594,10,0
2024-01-04 15:35:21.001,17594,17594,17594,4,0
2024-01-04 15:35:21.001,17594,17594,17594,6,0
2024-01-04 15:35:21.001,17594,17594,17594,2,0
2024-01-04 15:35:22.001,17594,17594,17594,2,0
2024-01-04 15:35:22.001,17594,17594,17594,2,0
2024-01-04 15:35:24.001,17594,17594,17594,2,0
2024-01-04 15:35:27.001,17595,17595,17595,2,2
2024-01-04 15:35:27.001,17595,17595,17595,6,0
2024-01-04 15:35:30.001,17594,17594,17594,2,-2
2024-01-04 15:35:30.001,17594,17594,17594,2,0
2024-01-04 15:35:31.001,17595,17595,17595,4,4
2024-01-04 15:35:34.001,17594,17594,17594,2,-2
2024-01-04 15:35:34.001,17594,17594,17594,2,0
2024-01-04 15:35:35.001,17595,17595,17595,4,4
2024-01-04 15:35:35.001,17594,17594,17594,2,-2
2024-01-04 15:35:36.001,17595,17595,17595,2,2
2024-01-04 15:35:41.001,17595,17595,17595,4,0
2024-01-04 15:35:44.001,17595,17595,17595,2,0
2024-01-04 15:35:46.001,17594,17594,17594,2,-2
2024-01-04 15:35:46.001,17595,17595,17595,2,2
2024-01-04 15:35:49.001,17595,17595,17595,4,0
2024-01-04 15:35:50.001,17594,17594,17594,2,-2
2024-01-04 15:35:50.001,17594,17594,17594,2,0
2024-01-04 15:35:54.001,17594,17594,17594,2,0
2024-01-04 15:35:56.001,17594,17594,17594,2,0
2024-01-04 15:35:57.001,17595,17595,17595,4,4
2024-01-04 15:36:02.001,17594,17594,17594,2,-2
2024-01-04 15:36:02.001,17594,17594,17594,2,0
2024-01-04 15:36:02.001,17595,17595,17595,2,2
2024-01-04 15:36:03.001,17595,17595,17595,2,0
2024-01-04 15:36:03.001,17594,17594,17594,4,-4
2024-01-04 15:36:03.001,17594,17594,17594,2,0
2024-01-04 15:36:03.001,17594,17594,17594,2,0
2024-01-04 15:36:03.001,17594,17594,17594,2,0
2024-01-04 15:36:05.001,17595,17595,17595,2,2
2024-01-04 15:36:06.001,17594,17594,17594,2,-2
2024-01-04 15:36:07.001,17594,17594,17594,2,0
2024-01-04 15:36:08.001,17594,17594,17594,2,0
2024-01-04 15:36:08.001,17594,17594,17594,2,0
2024-01-04 15:36:09.001,17594,17594,17594,2,0
2024-01-04 15:36:09.001,17594,17594,17594,2,0
2024-01-04 15:36:09.001,17594,17594,17594,2,0
2024-01-04 15:36:09.001,17594,17594,17594,2,0
2024-01-04 15:36:09.001,17594,17594,17594,2,0
2024-01-04 15:36:09.001,17594,17594,17594,2,0
2024-01-04 15:36:09.001,17594,17594,17594,2,0
2024-01-04 15:36:10.001,17594,17594,17594,2,0
2024-01-04 15:36:13.001,17593,17593,17593,2,-2
2024-01-04 15:36:13.001,17593,17593,17593,4,0
2024-01-04 15:36:13.001,17593,17593,17593,6,0
2024-01-04 15:36:13.001,17593,17593,17593,2,0
2024-01-04 15:36:13.001,17593,17593,17593,2,0
2024-01-04 15:36:13.001,17593,17593,17593,2,0
2024-01-04 15:36:13.001,17592,17592,17592,2,-2
2024-01-04 15:36:14.001,17593,17593,17593,2,2
2024-01-04 15:36:20.001,17593,17593,17593,10,0
2024-01-04 15:36:20.001,17593,17593,17593,2,0
2024-01-04 15:36:27.001,17593,17593,17593,4,0
2024-01-04 15:36:28.001,17593,17593,17593,2,0
2024-01-04 15:36:39.001,17593,17593,17593,2,0
2024-01-04 15:36:39.001,17594,17594,17594,8,8
2024-01-04 15:36:46.001,17593,17593,17593,2,-2
2024-01-04 15:36:46.001,17593,17593,17593,2,0
2024-01-04 15:36:46.001,17593,17593,17593,2,0
2024-01-04 15:36:47.001,17593,17593,17593,2,0
2024-01-04 15:36:50.001,17594,17594,17594,2,2
2024-01-04 15:36:50.001,17594,17594,17594,2,0
2024-01-04 15:36:59.001,17593,17593,17593,2,-2
2024-01-04 15:37:04.001,17593,17593,17593,2,0
2024-01-04 15:37:06.001,17593,17593,17593,2,0
2024-01-04 15:37:14.001,17593,17593,17593,2,0
2024-01-04 15:37:15.001,17594,17594,17594,2,2
2024-01-04 15:37:29.001,17594,17594,17594,2,0
2024-01-04 15:37:33.001,17594,17594,17594,4,0
2024-01-04 15:37:34.001,17593,17593,17593,2,-2
2024-01-04 15:37:37.001,17593,17593,17593,2,0
2024-01-04 15:37:38.001,17593,17593,17593,2,0
2024-01-04 15:37:41.001,17593,17593,17593,6,0
2024-01-04 15:37:44.001,17593,17593,17593,2,0
2024-01-04 15:37:47.001,17593,17593,17593,2,0
2024-01-04 15:37:52.001,17593,17593,17593,2,0
2024-01-04 15:37:53.001,17593,17593,17593,2,0
2024-01-04 15:38:02.001,17594,17594,17594,2,2
2024-01-04 15:38:02.001,17594,17594,17594,22,0
2024-01-04 15:38:02.001,17594,17594,17594,6,0
2024-01-04 15:38:02.001,17594,17594,17594,4,0
2024-01-04 15:38:02.001,17594,17594,17594,2,0
2024-01-04 15:38:02.001,17594,17594,17594,6,0
2024-01-04 15:38:04.001,17593,17593,17593,2,-2
2024-01-04 15:38:05.001,17595,17595,17595,2,2
2024-01-04 15:38:05.001,17595,17595,17595,6,0
2024-01-04 15:38:05.001,17595,17595,17595,2,0
2024-01-04 15:38:05.001,17595,17595,17595,2,0
2024-01-04 15:38:05.001,17595,17595,17595,2,0
2024-01-04 15:38:10.001,17595,17595,17595,2,0
2024-01-04 15:38:11.001,17595,17595,17595,2,0
2024-01-04 15:38:11.001,17595,17595,17595,2,0
2024-01-04 15:38:12.001,17595,17595,17595,4,0
2024-01-04 15:38:13.001,17595,17595,17595,2,0
2024-01-04 15:38:13.001,17595,17595,17595,14,0
2024-01-04 15:38:13.001,17595,17595,17595,4,0
2024-01-04 15:38:19.001,17594,17594,17594,6,-6
2024-01-04 15:38:19.001,17594,17594,17594,10,0
2024-01-04 15:38:19.001,17594,17594,17594,4,0
2024-01-04 15:38:19.001,17594,17594,17594,4,0
2024-01-04 15:38:19.001,17594,17594,17594,2,0
2024-01-04 15:38:19.001,17594,17594,17594,2,0
2024-01-04 15:38:22.001,17595,17595,17595,10,10
2024-01-04 15:38:33.001,17594,17594,17594,2,-2
2024-01-04 15:38:34.001,17595,17595,17595,2,2
2024-01-04 15:38:35.001,17594,17594,17594,8,-8
2024-01-04 15:38:35.001,17594,17594,17594,2,0
2024-01-04 15:38:35.001,17594,17594,17594,2,0
2024-01-04 15:38:38.001,17594,17594,17594,2,0
2024-01-04 15:38:46.001,17594,17594,17594,2,0
2024-01-04 15:38:54.001,17594,17594,17594,2,0
2024-01-04 15:39:01.001,17594,17594,17594,2,0
2024-01-04 15:39:04.001,17594,17594,17594,10,0
2024-01-04 15:39:12.001,17594,17594,17594,2,0
2024-01-04 15:39:20.001,17594,17594,17594,2,0
2024-01-04 15:39:29.001,17594,17594,17594,6,0
2024-01-04 15:39:29.001,17594,17594,17594,2,0
2024-01-04 15:39:29.001,17594,17594,17594,2,0
2024-01-04 15:39:29.001,17594,17594,17594,2,0
2024-01-04 15:39:29.001,17594,17594,17594,2,0
2024-01-04 15:39:32.001,17594,17594,17594,2,0
2024-01-04 15:39:32.001,17594,17594,17594,2,0
2024-01-04 15:39:32.001,17594,17594,17594,2,0
2024-01-04 15:39:34.001,17594,17594,17594,2,0
2024-01-04 15:39:34.001,17594,17594,17594,2,0
2024-01-04 15:39:36.001,17594,17594,17594,10,0
2024-01-04 15:39:36.001,17593,17593,17593,2,-2
2024-01-04 15:39:38.001,17594,17594,17594,4,4
2024-01-04 15:39:38.001,17595,17595,17595,2,2
2024-01-04 15:39:44.001,17594,17594,17594,4,-4
2024-01-04 15:39:45.001,17595,17595,17595,2,2
2024-01-04 15:39:50.001,17595,17595,17595,2,0
2024-01-04 15:39:54.001,17595,17595,17595,2,0
2024-01-04 15:39:55.001,17594,17594,17594,2,-2
2024-01-04 15:39:55.001,17594,17594,17594,2,0
2024-01-04 15:39:55.001,17594,17594,17594,2,0
2024-01-04 15:39:55.001,17594,17594,17594,4,0
2024-01-04 15:39:55.001,17594,17594,17594,6,0
2024-01-04 15:39:55.001,17594,17594,17594,2,0
2024-01-04 15:40:01.001,17594,17594,17594,2,0
2024-01-04 15:40:01.001,17594,17594,17594,14,0
2024-01-04 15:40:01.001,17594,17594,17594,4,0
2024-01-04 15:40:01.001,17595,17595,17595,6,6
2024-01-04 15:40:03.001,17593,17593,17593,6,-6
2024-01-04 15:40:03.001,17593,17593,17593,2,0
2024-01-04 15:40:03.001,17593,17593,17593,2,0
2024-01-04 15:40:03.001,17593,17593,17593,6,0
2024-01-04 15:40:03.001,17593,17593,17593,2,0
2024-01-04 15:40:03.001,17594,17594,17594,2,2
2024-01-04 15:40:08.001,17593,17593,17593,2,-2
2024-01-04 15:40:14.001,17593,17593,17593,2,0
2024-01-04 15:40:14.001,17594,17594,17594,2,2
2024-01-04 15:40:17.001,17593,17593,17593,2,-2
2024-01-04 15:40:19.001,17594,17594,17594,4,4
2024-01-04 15:40:23.001,17593,17593,17593,2,-2
2024-01-04 15:40:29.001,17594,17594,17594,2,2
2024-01-04 15:40:30.001,17594,17594,17594,10,0
2024-01-04 15:40:35.001,17594,17594,17594,10,0
2024-01-04 15:40:37.001,17594,17594,17594,2,0
2024-01-04 15:40:41.001,17594,17594,17594,2,0
2024-01-04 15:40:41.001,17594,17594,17594,6,0
2024-01-04 15:40:41.001,17594,17594,17594,2,0
2024-01-04 15:40:52.001,17594,17594,17594,2,0
2024-01-04 15:40:52.001,17593,17593,17593,4,-4
2024-01-04 15:40:52.001,17594,17594,17594,10,10
2024-01-04 15:40:53.001,17593,17593,17593,2,-2
2024-01-04 15:40:53.001,17593,17593,17593,2,0
2024-01-04 15:40:53.001,17593,17593,17593,2,0
2024-01-04 15:40:54.001,17593,17593,17593,2,0
2024-01-04 15:40:55.001,17593,17593,17593,6,0
2024-01-04 15:40:56.001,17593,17593,17593,2,0
2024-01-04 15:40:56.001,17592,17592,17592,4,-4
2024-01-04 15:41:00.001,17592,17592,17592,2,0
2024-01-04 15:41:00.001,17594,17594,17594,10,10
2024-01-04 15:41:06.001,17593,17593,17593,2,-2
2024-01-04 15:41:11.001,17593,17593,17593,2,0
2024-01-04 15:41:16.001,17593,17593,17593,2,0
2024-01-04 15:41:24.001,17592,17592,17592,2,-2
2024-01-04 15:41:28.001,17593,17593,17593,4,4
2024-01-04 15:41:31.001,17593,17593,17593,4,0
2024-01-04 15:41:39.001,17592,17592,17592,2,-2
2024-01-04 15:41:41.001,17592,17592,17592,2,0
2024-01-04 15:41:43.001,17593,17593,17593,2,2
2024-01-04 15:41:48.001,17592,17592,17592,2,-2
2024-01-04 15:41:48.001,17592,17592,17592,2,0
2024-01-04 15:41:48.001,17592,17592,17592,2,0
2024-01-04 15:41:48.001,17592,17592,17592,2,0
2024-01-04 15:41:48.001,17592,17592,17592,2,0
2024-01-04 15:41:48.001,17592,17592,17592,2,0
2024-01-04 15:41:48.001,17591,17591,17591,4,-4
2024-01-04 15:41:49.001,17592,17592,17592,2,2
2024-01-04 15:41:51.001,17591,17591,17591,2,-2
2024-01-04 15:41:54.001,17592,17592,17592,2,2
2024-01-04 15:42:05.001,17591,17591,17591,2,-2
2024-01-04 15:42:08.001,17591,17591,17591,2,0
2024-01-04 15:42:10.001,17592,17592,17592,2,2
2024-01-04 15:42:12.001,17591,17591,17591,2,-2
2024-01-04 15:42:12.001,17591,17591,17591,2,0
2024-01-04 15:42:15.001,17592,17592,17592,4,4
2024-01-04 15:42:18.001,17591,17591,17591,2,-2
2024-01-04 15:42:22.001,17592,17592,17592,2,2
2024-01-04 15:42:22.001,17592,17592,17592,6,0
2024-01-04 15:42:22.001,17592,17592,17592,4,0
2024-01-04 15:42:22.001,17592,17592,17592,4,0
2024-01-04 15:42:29.001,17592,17592,17592,2,0
2024-01-04 15:42:29.001,17592,17592,17592,2,0
2024-01-04 15:42:30.001,17592,17592,17592,2,0
2024-01-04 15:42:36.001,17593,17593,17593,8,8
2024-01-04 15:42:40.001,17594,17594,17594,8,8
2024-01-04 15:42:40.001,17593,17593,17593,2,-2
2024-01-04 15:42:48.001,17594,17594,17594,10,10
2024-01-04 15:42:49.001,17593,17593,17593,2,-2
2024-01-04 15:42:50.001,17594,17594,17594,2,2
2024-01-04 15:42:56.001,17593,17593,17593,2,-2
2024-01-04 15:43:10.001,17594,17594,17594,2,2
2024-01-04 15:43:20.001,17594,17594,17594,6,0
2024-01-04 15:43:22.001,17594,17594,17594,6,0
2024-01-04 15:43:22.001,17594,17594,17594,14,0
2024-01-04 15:43:22.001,17594,17594,17594,2,0
2024-01-04 15:43:22.001,17594,17594,17594,2,0
2024-01-04 15:43:30.001,17594,17594,17594,2,0
2024-01-04 15:43:31.001,17595,17595,17595,2,2
2024-01-04 15:43:31.001,17595,17595,17595,12,0
2024-01-04 15:43:35.001,17595,17595,17595,2,0
2024-01-04 15:43:37.001,17595,17595,17595,8,0
2024-01-04 15:43:37.001,17595,17595,17595,2,0
2024-01-04 15:43:41.001,17595,17595,17595,8,0
2024-01-04 15:43:44.001,17595,17595,17595,2,0
2024-01-04 15:43:46.001,17595,17595,17595,2,0
2024-01-04 15:43:55.001,17595,17595,17595,10,0
2024-01-04 15:43:55.001,17595,17595,17595,2,0
2024-01-04 15:43:59.001,17596,17596,17596,4,4
2024-01-04 15:43:59.001,17596,17596,17596,2,0
2024-01-04 15:43:59.001,17596,17596,17596,2,0
2024-01-04 15:43:59.001,17596,17596,17596,6,0
2024-01-04 15:44:08.001,17596,17596,17596,8,0
2024-01-04 15:44:09.001,17596,17596,17596,2,0
2024-01-04 15:44:10.001,17596,17596,17596,8,0
2024-01-04 15:44:10.001,17596,17596,17596,2,0
2024-01-04 15:44:10.001,17596,17596,17596,2,0
2024-01-04 15:44:12.001,17596,17596,17596,2,0
2024-01-04 15:44:13.001,17596,17596,17596,2,0
2024-01-04 15:44:14.001,17596,17596,17596,8,0
2024-01-04 15:44:14.001,17596,17596,17596,2,0
2024-01-04 15:44:15.001,17596,17596,17596,2,0
2024-01-04 15:44:17.001,17597,17597,17597,2,2
2024-01-04 15:44:17.001,17597,17597,17597,4,0
2024-01-04 15:44:17.001,17597,17597,17597,4,0
2024-01-04 15:44:18.001,17597,17597,17597,2,0
2024-01-04 15:44:18.001,17596,17596,17596,2,-2
