2020-05-19,15:00:00.009000,10916,10917,10918,149
2020-05-19,15:00:00.011000,10917,10918,10917,3
2020-05-19,15:00:00.055000,10916,10918,10916,5
2020-05-19,15:00:00.055000,10916,10918,10915,12
2020-05-19,15:00:00.055000,10916,10918,10914,1
2020-05-19,15:00:00.064000,10916,10918,10915,2
2020-05-19,15:00:00.064000,10916,10918,10917,1
2020-05-19,15:00:00.064000,10916,10918,10918,2
2020-05-19,15:00:00.072000,10916,10918,10918,2
2020-05-19,15:00:00.072000,10916,10918,10919,1
2020-05-19,15:00:00.077000,10916,10918,10919,1
2020-05-19,15:00:00.090000,10916,10918,10919,5
2020-05-19,15:00:00.101000,10916,10918,10919,2
2020-05-19,15:00:00.135000,10916,10918,10914,3
2020-05-19,15:00:00.135000,10916,10918,10913,2
2020-05-19,15:00:00.172000,10913,10917,10914,1
2020-05-19,15:00:00.179000,10913,10917,10914,1
2020-05-19,15:00:00.230000,10913,10917,10914,1
2020-05-19,15:00:00.243000,10913,10917,10914,1
2020-05-19,15:00:00.269000,10913,10917,10915,1
2020-05-19,15:00:00.284000,10913,10917,10914,1
2020-05-19,15:00:00.350000,10914,10916,10915,1
2020-05-19,15:00:00.375000,10914,10916,10915,4
2020-05-19,15:00:00.375000,10914,10916,10916,1
2020-05-19,15:00:00.425000,10914,10916,10916,3
2020-05-19,15:00:00.425000,10914,10916,10917,2
2020-05-19,15:00:00.470000,10914,10916,10917,1
2020-05-19,15:00:00.476000,10914,10916,10917,1
2020-05-19,15:00:00.487000,10914,10916,10917,1
2020-05-19,15:00:00.575000,10914,10918,10917,1
2020-05-19,15:00:00.583000,10914,10918,10914,1
2020-05-19,15:00:00.586000,10914,10918,10917,1
2020-05-19,15:00:00.677000,10915,10916,10916,1
2020-05-19,15:00:00.677000,10915,10916,10917,1
2020-05-19,15:00:00.679000,10915,10916,10915,1
2020-05-19,15:00:00.699000,10915,10916,10916,2
2020-05-19,15:00:00.713000,10915,10916,10916,2
2020-05-19,15:00:00.728000,10915,10916,10916,1
2020-05-19,15:00:00.728000,10915,10916,10917,3
2020-05-19,15:00:00.737000,10915,10916,10917,1
2020-05-19,15:00:00.753000,10915,10916,10917,2
2020-05-19,15:00:00.757000,10915,10916,10917,2
2020-05-19,15:00:00.765000,10915,10916,10917,2
2020-05-19,15:00:00.779000,10915,10916,10918,1
2020-05-19,15:00:00.793000,10916,10918,10916,1
2020-05-19,15:00:00.827000,10916,10918,10918,1
2020-05-19,15:00:00.838000,10916,10918,10918,4
2020-05-19,15:00:00.847000,10916,10918,10915,1
2020-05-19,15:00:00.939000,10915,10918,10916,2
2020-05-19,15:00:00.962000,10915,10918,10917,2
2020-05-19,15:00:00.967000,10915,10918,10917,1
2020-05-19,15:00:00.972000,10915,10918,10917,1
2020-05-19,15:00:01.001000,10915,10918,10917,4
2020-05-19,15:00:01.019000,10915,10918,10917,2
2020-05-19,15:00:01.024000,10915,10918,10917,1
2020-05-19,15:00:01.024000,10915,10918,10918,1
2020-05-19,15:00:01.036000,10915,10918,10918,1
2020-05-19,15:00:01.047000,10915,10918,10918,1
2020-05-19,15:00:01.052000,10915,10918,10918,1
2020-05-19,15:00:01.053000,10915,10918,10918,1
2020-05-19,15:00:01.124000,10915,10918,10917,1
2020-05-19,15:00:01.130000,10915,10918,10918,2
2020-05-19,15:00:01.168000,10916,10918,10918,4
2020-05-19,15:00:01.168000,10916,10918,10919,4
2020-05-19,15:00:01.178000,10916,10918,10918,2
2020-05-19,15:00:01.219000,10916,10918,10918,1
2020-05-19,15:00:01.219000,10916,10918,10919,1
2020-05-19,15:00:01.222000,10916,10918,10916,2
2020-05-19,15:00:01.286000,10916,10918,10918,2
2020-05-19,15:00:01.294000,10916,10918,10916,1
2020-05-19,15:00:01.306000,10916,10918,10918,1
2020-05-19,15:00:01.307000,10916,10918,10918,2
2020-05-19,15:00:01.316000,10916,10918,10919,11
2020-05-19,15:00:01.316000,10916,10918,10920,17
2020-05-19,15:00:01.406000,10916,10918,10920,2
2020-05-19,15:00:01.419000,10917,10920,10920,7
2020-05-19,15:00:01.425000,10917,10920,10920,1
2020-05-19,15:00:01.433000,10917,10920,10918,1
2020-05-19,15:00:01.497000,10917,10920,10917,2
2020-05-19,15:00:01.497000,10917,10920,10918,1
2020-05-19,15:00:01.502000,10917,10920,10918,1
2020-05-19,15:00:01.532000,10917,10920,10919,1
2020-05-19,15:00:01.611000,10916,10919,10916,4
2020-05-19,15:00:01.622000,10916,10919,10917,2
2020-05-19,15:00:01.622000,10916,10919,10918,1
2020-05-19,15:00:01.734000,10916,10918,10918,2
2020-05-19,15:00:01.784000,10916,10918,10918,2
2020-05-19,15:00:01.798000,10917,10919,10919,3
2020-05-19,15:00:01.813000,10917,10919,10919,1
2020-05-19,15:00:01.845000,10917,10919,10920,2
2020-05-19,15:00:01.849000,10917,10919,10918,1
2020-05-19,15:00:01.931000,10918,10920,10920,1
2020-05-19,15:00:01.960000,10918,10920,10920,2
2020-05-19,15:00:02.029000,10918,10920,10920,3
2020-05-19,15:00:02.044000,10918,10920,10920,4
2020-05-19,15:00:02.100000,10918,10920,10921,5
2020-05-19,15:00:02.132000,10918,10920,10921,1
2020-05-19,15:00:02.139000,10918,10920,10921,1
2020-05-19,15:00:02.182000,10920,10921,10920,1
2020-05-19,15:00:02.203000,10920,10921,10921,2
2020-05-19,15:00:02.211000,10920,10921,10920,2
2020-05-19,15:00:02.214000,10920,10921,10920,1
2020-05-19,15:00:02.294000,10920,10921,10921,2
2020-05-19,15:00:02.324000,10920,10921,10921,1
2020-05-19,15:00:02.337000,10920,10921,10920,1
2020-05-19,15:00:02.419000,10920,10921,10921,2
2020-05-19,15:00:02.466000,10920,10921,10920,7
2020-05-19,15:00:02.544000,10918,10920,10920,1
2020-05-19,15:00:02.564000,10918,10920,10920,5
2020-05-19,15:00:02.564000,10918,10920,10921,1
2020-05-19,15:00:02.579000,10918,10920,10919,5
2020-05-19,15:00:02.644000,10918,10920,10918,1
2020-05-19,15:00:02.740000,10918,10919,10920,2
2020-05-19,15:00:02.807000,10918,10920,10920,6
2020-05-19,15:00:02.857000,10918,10920,10920,1
2020-05-19,15:00:03.037000,10918,10920,10921,2
2020-05-19,15:00:03.175000,10919,10921,10921,1
2020-05-19,15:00:03.282000,10919,10921,10921,1
2020-05-19,15:00:03.352000,10919,10921,10921,1
2020-05-19,15:00:03.465000,10919,10920,10920,1
2020-05-19,15:00:03.465000,10919,10920,10921,1
2020-05-19,15:00:03.521000,10919,10920,10920,2
2020-05-19,15:00:03.718000,10919,10920,10919,2
2020-05-19,15:00:03.740000,10919,10920,10920,2
2020-05-19,15:00:03.997000,10919,10920,10919,1
2020-05-19,15:00:04.089000,10918,10919,10919,1
2020-05-19,15:00:04.159000,10918,10919,10919,1
2020-05-19,15:00:04.196000,10918,10919,10919,2
2020-05-19,15:00:04.403000,10918,10919,10919,1
2020-05-19,15:00:04.981000,10918,10919,10918,2
2020-05-19,15:00:05.226000,10918,10919,10918,1
2020-05-19,15:00:05.226000,10918,10919,10918,4
2020-05-19,15:00:05.226000,10918,10919,10918,2
2020-05-19,15:00:05.227000,10918,10919,10918,7
2020-05-19,15:00:05.617000,10917,10918,10917,1
2020-05-19,15:00:05.818000,10917,10918,10917,3
2020-05-19,15:00:06.250000,10916,10917,10917,2
2020-05-19,15:00:07.384000,10916,10917,10917,3
2020-05-19,15:00:07.412000,10916,10917,10916,2
2020-05-19,15:00:07.489000,10916,10917,10916,3
2020-05-19,15:00:07.563000,10916,10917,10916,5
2020-05-19,15:00:07.698000,10915,10916,10914,2
2020-05-19,15:00:08.112000,10914,10916,10914,1
2020-05-19,15:00:08.770000,10914,10915,10914,1
2020-05-19,15:00:09.147000,10914,10915,10914,1
2020-05-19,15:00:09.315000,10913,10915,10913,1
2020-05-19,15:00:09.835000,10913,10915,10914,1
2020-05-19,15:00:10.543000,10913,10914,10913,1
2020-05-19,15:00:10.706000,10913,10914,10914,1
2020-05-19,15:00:10.992000,10913,10914,10913,1
2020-05-19,15:00:10.993000,10913,10914,10913,1
2020-05-19,15:00:10.993000,10913,10914,10913,1
2020-05-19,15:00:10.993000,10913,10914,10913,6
2020-05-19,15:00:11.017000,10913,10914,10913,1
2020-05-19,15:00:11.280000,10912,10913,10913,1
2020-05-19,15:00:11.909000,10912,10914,10912,1
2020-05-19,15:00:12.613000,10912,10914,10912,1
2020-05-19,15:00:12.740000,10912,10914,10913,1
2020-05-19,15:00:13.039000,10912,10913,10912,1
2020-05-19,15:00:13.479000,10912,10913,10912,1
2020-05-19,15:00:13.672000,10912,10913,10912,2
2020-05-19,15:00:13.673000,10912,10913,10912,1
2020-05-19,15:00:13.682000,10912,10913,10912,1
2020-05-19,15:00:14.414000,10911,10912,10911,2
2020-05-19,15:00:14.712000,10911,10912,10912,1
2020-05-19,15:00:14.724000,10911,10912,10912,1
2020-05-19,15:00:14.773000,10911,10912,10911,1
2020-05-19,15:00:15.291000,10911,10912,10912,1
2020-05-19,15:00:15.363000,10911,10912,10912,2
2020-05-19,15:00:15.370000,10911,10912,10911,1
2020-05-19,15:00:15.637000,10911,10912,10911,1
2020-05-19,15:00:15.646000,10911,10912,10910,1
2020-05-19,15:00:16.028000,10910,10912,10911,1
2020-05-19,15:00:16.045000,10910,10912,10910,5
2020-05-19,15:00:17.093000,10910,10911,10911,1
2020-05-19,15:00:17.438000,10910,10911,10910,1
2020-05-19,15:00:17.726000,10910,10911,10910,1
2020-05-19,15:00:17.838000,10910,10911,10910,1
2020-05-19,15:00:17.838000,10910,10911,10910,4
2020-05-19,15:00:17.839000,10910,10911,10910,1
2020-05-19,15:00:18.233000,10909,10911,10911,1
2020-05-19,15:00:18.443000,10910,10911,10910,1
2020-05-19,15:00:18.483000,10910,10911,10910,1
2020-05-19,15:00:18.792000,10909,10911,10910,1
2020-05-19,15:00:18.838000,10909,10911,10911,2
2020-05-19,15:00:19.177000,10909,10910,10909,1
2020-05-19,15:00:19.463000,10909,10910,10910,1
2020-05-19,15:00:19.502000,10909,10910,10910,2
2020-05-19,15:00:19.595000,10909,10910,10910,1
2020-05-19,15:00:19.886000,10909,10910,10910,1
2020-05-19,15:00:19.916000,10909,10910,10910,4
2020-05-19,15:00:20.013000,10910,10911,10911,1
2020-05-19,15:00:21.897000,10910,10911,10911,1
2020-05-19,15:00:22.097000,10910,10911,10911,2
2020-05-19,15:00:22.677000,10910,10911,10910,1
2020-05-19,15:00:23.173000,10910,10911,10911,5
2020-05-19,15:00:23.209000,10910,10911,10910,15
2020-05-19,15:00:23.558000,10909,10910,10910,1
2020-05-19,15:00:23.645000,10909,10910,10910,4
2020-05-19,15:00:23.712000,10909,10910,10909,1
2020-05-19,15:00:23.830000,10909,10910,10909,1
2020-05-19,15:00:24.032000,10909,10910,10910,1
2020-05-19,15:00:24.061000,10909,10910,10910,4
2020-05-19,15:00:25.023000,10910,10911,10910,1
2020-05-19,15:00:25.267000,10909,10910,10909,2
2020-05-19,15:00:25.267000,10909,10910,10908,3
2020-05-19,15:00:25.363000,10908,10910,10909,1
2020-05-19,15:00:25.363000,10908,10910,10908,4
2020-05-19,15:00:25.709000,10908,10910,10910,2
2020-05-19,15:00:25.800000,10908,10910,10910,2
2020-05-19,15:00:25.981000,10908,10910,10910,4
2020-05-19,15:00:25.981000,10908,10910,10911,1
2020-05-19,15:00:26.984000,10909,10911,10909,2
2020-05-19,15:00:28.245000,10910,10911,10911,5
2020-05-19,15:00:28.265000,10910,10911,10910,1
2020-05-19,15:00:28.449000,10910,10911,10911,3
2020-05-19,15:00:28.888000,10911,10912,10911,1
2020-05-19,15:00:29.020000,10911,10912,10911,1
2020-05-19,15:00:29.021000,10911,10912,10911,1
2020-05-19,15:00:29.021000,10911,10912,10911,1
2020-05-19,15:00:29.038000,10911,10912,10911,1
2020-05-19,15:00:29.053000,10911,10912,10911,1
2020-05-19,15:00:29.260000,10910,10912,10910,1
2020-05-19,15:00:29.542000,10910,10912,10911,1
2020-05-19,15:00:30.641000,10910,10911,10911,1
2020-05-19,15:00:31.461000,10910,10911,10910,1
2020-05-19,15:00:31.747000,10909,10911,10911,6
2020-05-19,15:00:31.747000,10909,10911,10911,1
2020-05-19,15:00:31.748000,10909,10911,10911,1
2020-05-19,15:00:31.748000,10909,10911,10911,1
2020-05-19,15:00:31.748000,10909,10911,10911,1
2020-05-19,15:00:32.413000,10910,10911,10910,1
2020-05-19,15:00:32.419000,10910,10911,10910,9
2020-05-19,15:00:32.530000,10910,10911,10910,1
2020-05-19,15:00:33.403000,10910,10911,10910,1
2020-05-19,15:00:33.462000,10910,10911,10911,1
2020-05-19,15:00:33.935000,10910,10911,10911,1
2020-05-19,15:00:33.943000,10910,10911,10911,1
2020-05-19,15:00:34.206000,10910,10911,10911,1
2020-05-19,15:00:34.247000,10910,10911,10910,1
2020-05-19,15:00:34.705000,10910,10911,10910,1
2020-05-19,15:00:34.932000,10910,10911,10911,2
2020-05-19,15:00:34.959000,10910,10911,10910,2
2020-05-19,15:00:36.828000,10910,10911,10911,1
2020-05-19,15:00:37.813000,10910,10911,10910,1
2020-05-19,15:00:39.169000,10909,10910,10909,1
2020-05-19,15:00:39.245000,10909,10910,10910,1
2020-05-19,15:00:40.044000,10910,10911,10911,5
2020-05-19,15:00:40.178000,10910,10912,10911,3
2020-05-19,15:00:40.325000,10910,10912,10912,2
2020-05-19,15:00:41.100000,10910,10912,10911,1
2020-05-19,15:00:41.394000,10910,10912,10910,5
2020-05-19,15:00:41.599000,10909,10910,10910,5
2020-05-19,15:00:41.755000,10909,10910,10910,1
2020-05-19,15:00:42.615000,10910,10911,10910,1
2020-05-19,15:00:43.856000,10910,10911,10911,5
2020-05-19,15:00:43.857000,10910,10911,10911,3
2020-05-19,15:00:43.858000,10910,10911,10911,2
2020-05-19,15:00:46.391000,10910,10912,10911,1
2020-05-19,15:00:47.174000,10911,10912,10911,2
2020-05-19,15:00:47.521000,10910,10912,10912,1
2020-05-19,15:00:47.582000,10910,10912,10912,1
2020-05-19,15:00:47.851000,10910,10912,10912,1
2020-05-19,15:00:47.852000,10910,10912,10911,1
2020-05-19,15:00:48.293000,10910,10911,10911,1
2020-05-19,15:00:48.811000,10910,10912,10912,1
2020-05-19,15:00:49.504000,10910,10912,10912,1
2020-05-19,15:00:49.994000,10910,10912,10910,2
2020-05-19,15:00:50.067000,10910,10912,10912,1
2020-05-19,15:00:50.375000,10911,10912,10911,1
2020-05-19,15:00:50.686000,10910,10912,10912,1
2020-05-19,15:00:50.738000,10910,10912,10912,1
2020-05-19,15:00:53.660000,10910,10911,10911,4
2020-05-19,15:00:53.661000,10910,10911,10911,1
2020-05-19,15:00:54.169000,10910,10911,10910,1
2020-05-19,15:00:54.189000,10910,10911,10911,1
2020-05-19,15:00:54.299000,10910,10911,10910,1
2020-05-19,15:00:54.590000,10909,10911,10910,1
2020-05-19,15:00:55.708000,10909,10910,10909,5
2020-05-19,15:00:55.794000,10909,10910,10909,8
2020-05-19,15:00:55.986000,10908,10909,10909,1
2020-05-19,15:00:57.044000,10908,10909,10908,2
2020-05-19,15:00:57.224000,10907,10909,10907,1
2020-05-19,15:00:58.127000,10907,10909,10908,2
2020-05-19,15:00:58.749000,10907,10908,10907,1
2020-05-19,15:00:58.749000,10907,10908,10907,11
2020-05-19,15:00:58.902000,10906,10908,10908,3
2020-05-19,15:00:58.985000,10906,10908,10906,2
2020-05-19,15:00:59.305000,10906,10907,10906,2
2020-05-19,15:00:59.504000,10906,10907,10907,9
2020-05-19,15:00:59.504000,10906,10907,10908,3
2020-05-19,15:00:59.511000,10906,10907,10908,12
2020-05-19,15:00:59.635000,10907,10909,10907,1
2020-05-19,15:00:59.646000,10907,10909,10907,1
2020-05-19,15:00:59.678000,10907,10909,10907,1
2020-05-19,15:00:59.805000,10907,10909,10909,3
2020-05-19,15:00:59.899000,10907,10909,10907,1
2020-05-19,15:01:00.041000,10907,10909,10909,2
2020-05-19,15:01:00.094000,10908,10910,10909,2
2020-05-19,15:01:00.094000,10908,10910,10910,6
2020-05-19,15:01:00.150000,10908,10910,10909,1
2020-05-19,15:01:00.289000,10909,10910,10910,5
2020-05-19,15:01:00.289000,10909,10910,10911,11
2020-05-19,15:01:00.289000,10909,10910,10912,8
2020-05-19,15:01:00.295000,10910,10912,10912,11
2020-05-19,15:01:00.295000,10910,10912,10913,11
2020-05-19,15:01:00.419000,10911,10913,10913,3
2020-05-19,15:01:00.575000,10912,10914,10914,5
2020-05-19,15:01:00.582000,10912,10914,10914,1
2020-05-19,15:01:00.582000,10912,10914,10915,1
2020-05-19,15:01:00.582000,10912,10914,10913,1
2020-05-19,15:01:00.606000,10912,10914,10915,4
2020-05-19,15:01:00.651000,10912,10914,10915,1
2020-05-19,15:01:00.763000,10913,10916,10916,2
2020-05-19,15:01:00.763000,10913,10916,10917,8
2020-05-19,15:01:00.793000,10913,10916,10917,1
2020-05-19,15:01:00.805000,10914,10917,10917,1
2020-05-19,15:01:00.809000,10914,10917,10914,1
2020-05-19,15:01:00.831000,10914,10917,10916,1
2020-05-19,15:01:00.938000,10914,10917,10917,2
2020-05-19,15:01:00.942000,10914,10917,10914,1
2020-05-19,15:01:00.992000,10914,10917,10914,1
2020-05-19,15:01:01.002000,10914,10917,10914,1
2020-05-19,15:01:01.079000,10913,10915,10915,1
2020-05-19,15:01:01.079000,10913,10915,10916,2
2020-05-19,15:01:01.079000,10913,10915,10917,3
2020-05-19,15:01:01.106000,10913,10915,10914,1
2020-05-19,15:01:01.184000,10913,10917,10917,1
2020-05-19,15:01:01.219000,10913,10917,10914,2
2020-05-19,15:01:01.625000,10913,10915,10913,2
2020-05-19,15:01:01.760000,10911,10912,10912,1
2020-05-19,15:01:01.891000,10911,10913,10913,2
2020-05-19,15:01:01.894000,10911,10913,10913,2
2020-05-19,15:01:01.894000,10911,10913,10914,1
2020-05-19,15:01:01.895000,10911,10913,10914,2
2020-05-19,15:01:01.906000,10911,10913,10914,1
2020-05-19,15:01:01.973000,10913,10915,10915,1
2020-05-19,15:01:02.026000,10913,10915,10914,1
2020-05-19,15:01:02.034000,10913,10915,10913,2
2020-05-19,15:01:02.127000,10913,10915,10913,2
2020-05-19,15:01:02.186000,10912,10914,10912,1
2020-05-19,15:01:03.288000,10912,10914,10912,1
2020-05-19,15:01:04.021000,10911,10912,10911,1
2020-05-19,15:01:04.079000,10910,10912,10910,1
2020-05-19,15:01:04.254000,10910,10912,10910,1
2020-05-19,15:01:04.633000,10909,10911,10910,5
2020-05-19,15:01:04.996000,10910,10911,10910,1
2020-05-19,15:01:05.078000,10909,10910,10910,1
2020-05-19,15:01:05.970000,10909,10910,10910,2
2020-05-19,15:01:06.789000,10909,10911,10911,1
2020-05-19,15:01:06.948000,10909,10911,10909,4
2020-05-19,15:01:07.311000,10909,10910,10910,3
2020-05-19,15:01:08.540000,10910,10911,10910,2
2020-05-19,15:01:08.593000,10910,10911,10910,2
2020-05-19,15:01:08.594000,10910,10911,10910,1
2020-05-19,15:01:09.539000,10909,10911,10911,1
2020-05-19,15:01:09.636000,10910,10911,10910,1
2020-05-19,15:01:10.054000,10910,10911,10911,1
2020-05-19,15:01:10.096000,10910,10911,10911,3
2020-05-19,15:01:10.660000,10910,10912,10911,3
2020-05-19,15:01:10.786000,10910,10911,10911,1
2020-05-19,15:01:12.104000,10910,10911,10910,1
2020-05-19,15:01:13.026000,10910,10911,10910,13
2020-05-19,15:01:13.190000,10909,10910,10910,1
2020-05-19,15:01:13.493000,10909,10910,10910,1
2020-05-19,15:01:13.493000,10909,10910,10910,1
2020-05-19,15:01:13.493000,10909,10910,10910,1
2020-05-19,15:01:14.252000,10910,10911,10911,5
2020-05-19,15:01:15.408000,10910,10911,10910,4
2020-05-19,15:01:15.408000,10910,10911,10910,1
2020-05-19,15:01:15.580000,10910,10911,10910,1
2020-05-19,15:01:15.880000,10910,10911,10910,2
2020-05-19,15:01:16.242000,10909,10911,10909,2
2020-05-19,15:01:17.511000,10909,10911,10909,5
2020-05-19,15:01:17.544000,10909,10910,10909,6
2020-05-19,15:01:18.010000,10908,10910,10910,1
2020-05-19,15:01:18.169000,10909,10910,10909,1
2020-05-19,15:01:18.755000,10909,10910,10909,2
2020-05-19,15:01:19.049000,10909,10910,10909,1
2020-05-19,15:01:20.333000,10909,10910,10909,1
2020-05-19,15:01:20.419000,10909,10910,10909,1
2020-05-19,15:01:21.357000,10909,10910,10909,1
2020-05-19,15:01:21.602000,10909,10910,10909,1
2020-05-19,15:01:23.388000,10908,10910,10910,1
2020-05-19,15:01:23.942000,10909,10910,10910,1
2020-05-19,15:01:24.529000,10909,10910,10909,6
2020-05-19,15:01:25.674000,10908,10910,10910,1
2020-05-19,15:01:28.294000,10908,10909,10908,7
2020-05-19,15:01:28.337000,10908,10909,10908,2
2020-05-19,15:01:29.034000,10908,10909,10908,2
2020-05-19,15:01:29.034000,10908,10909,10908,2
2020-05-19,15:01:29.034000,10908,10909,10908,1
2020-05-19,15:01:29.035000,10908,10909,10908,2
2020-05-19,15:01:31.697000,10907,10908,10907,1
2020-05-19,15:01:31.954000,10907,10908,10907,2
2020-05-19,15:01:32.208000,10907,10908,10907,1
2020-05-19,15:01:32.209000,10907,10908,10907,3
2020-05-19,15:01:32.209000,10907,10908,10907,1
2020-05-19,15:01:33.037000,10906,10907,10906,1
2020-05-19,15:01:33.363000,10906,10907,10906,1
2020-05-19,15:01:34.847000,10906,10907,10907,1
2020-05-19,15:01:34.972000,10906,10907,10906,1
2020-05-19,15:01:35.211000,10906,10907,10907,1
2020-05-19,15:01:37.742000,10906,10907,10906,2
2020-05-19,15:01:37.789000,10906,10907,10906,4
2020-05-19,15:01:38.264000,10905,10906,10906,1
2020-05-19,15:01:39.453000,10905,10906,10906,2
2020-05-19,15:01:40.633000,10905,10907,10906,1
2020-05-19,15:01:45.181000,10905,10906,10906,1
2020-05-19,15:01:45.385000,10905,10906,10905,1
2020-05-19,15:01:46.762000,10905,10906,10905,1
2020-05-19,15:01:48.496000,10905,10906,10905,1
2020-05-19,15:01:48.847000,10905,10906,10905,1
2020-05-19,15:01:49.423000,10905,10906,10905,1
2020-05-19,15:01:49.460000,10905,10906,10905,1
2020-05-19,15:01:50.586000,10905,10906,10905,1
2020-05-19,15:01:50.690000,10905,10906,10905,1
2020-05-19,15:01:51.017000,10905,10906,10906,2
2020-05-19,15:01:51.725000,10905,10906,10905,2
2020-05-19,15:01:51.726000,10905,10906,10905,1
2020-05-19,15:01:51.902000,10904,10905,10904,1
2020-05-19,15:01:51.930000,10903,10905,10903,3
2020-05-19,15:01:51.953000,10903,10905,10904,1
2020-05-19,15:01:51.953000,10903,10905,10905,2
2020-05-19,15:01:51.982000,10903,10905,10903,5
2020-05-19,15:01:54.008000,10903,10904,10903,1
2020-05-19,15:01:55.525000,10903,10904,10903,1
2020-05-19,15:01:56.705000,10903,10904,10903,2
2020-05-19,15:01:58.044000,10903,10904,10904,1
2020-05-19,15:01:58.248000,10904,10905,10904,2
2020-05-19,15:01:58.963000,10904,10905,10904,1
2020-05-19,15:01:59.061000,10904,10905,10904,1
2020-05-19,15:01:59.796000,10904,10905,10905,10
2020-05-19,15:01:59.928000,10905,10906,10905,1
2020-05-19,15:01:59.940000,10905,10906,10906,1
2020-05-19,15:01:59.947000,10905,10906,10906,1
2020-05-19,15:02:00.354000,10905,10906,10905,1
2020-05-19,15:02:01.440000,10905,10906,10905,1
2020-05-19,15:02:02.262000,10905,10906,10905,2
2020-05-19,15:02:02.794000,10905,10906,10906,5
2020-05-19,15:02:03.240000,10906,10907,10906,1
2020-05-19,15:02:04.222000,10905,10906,10905,1
2020-05-19,15:02:04.299000,10905,10906,10905,1
2020-05-19,15:02:04.336000,10905,10906,10904,1
2020-05-19,15:02:06.059000,10905,10906,10906,2
2020-05-19,15:02:06.059000,10905,10906,10907,1
2020-05-19,15:02:06.632000,10905,10907,10907,2
2020-05-19,15:02:07.294000,10906,10907,10907,2
2020-05-19,15:02:07.822000,10906,10908,10908,13
2020-05-19,15:02:07.822000,10906,10908,10909,2
2020-05-19,15:02:08.104000,10907,10908,10907,1
2020-05-19,15:02:08.112000,10907,10908,10906,1
2020-05-19,15:02:08.815000,10906,10907,10907,1
2020-05-19,15:02:09.096000,10906,10907,10906,1
2020-05-19,15:02:09.126000,10906,10907,10906,1
2020-05-19,15:02:09.126000,10906,10907,10906,2
2020-05-19,15:02:09.927000,10905,10906,10906,1
2020-05-19,15:02:10.772000,10905,10906,10906,1
2020-05-19,15:02:11.981000,10905,10906,10906,1
2020-05-19,15:02:12.445000,10905,10906,10906,1
2020-05-19,15:02:13.587000,10906,10907,10906,1
2020-05-19,15:02:15.187000,10905,10906,10906,1
2020-05-19,15:02:15.922000,10906,10907,10907,5
2020-05-19,15:02:16.417000,10906,10907,10906,1
2020-05-19,15:02:16.632000,10905,10906,10906,2
2020-05-19,15:02:16.985000,10905,10906,10906,1
2020-05-19,15:02:20.325000,10905,10906,10906,1
2020-05-19,15:02:22.474000,10905,10906,10905,1
2020-05-19,15:02:24.052000,10905,10906,10906,1
2020-05-19,15:02:24.235000,10905,10906,10906,1
2020-05-19,15:02:24.512000,10905,10906,10905,1
2020-05-19,15:02:24.513000,10905,10906,10905,4
2020-05-19,15:02:24.513000,10905,10906,10905,4
2020-05-19,15:02:24.544000,10904,10905,10904,3
2020-05-19,15:02:25.062000,10903,10905,10905,1
2020-05-19,15:02:25.305000,10903,10905,10905,1
2020-05-19,15:02:25.466000,10903,10905,10905,1
2020-05-19,15:02:26.443000,10903,10905,10905,1
2020-05-19,15:02:26.935000,10903,10905,10905,1
2020-05-19,15:02:28.460000,10904,10905,10905,2
2020-05-19,15:02:28.546000,10904,10905,10904,1
2020-05-19,15:02:31.215000,10904,10905,10905,2
2020-05-19,15:02:31.530000,10905,10906,10905,2
2020-05-19,15:02:31.879000,10904,10906,10904,1
2020-05-19,15:02:34.814000,10904,10905,10904,1
2020-05-19,15:02:35.184000,10904,10905,10904,1
2020-05-19,15:02:37.262000,10904,10905,10904,2
2020-05-19,15:02:38.981000,10904,10905,10904,1
2020-05-19,15:02:39.292000,10903,10905,10904,1
2020-05-19,15:02:39.504000,10904,10905,10904,1
2020-05-19,15:02:39.504000,10904,10905,10903,2
2020-05-19,15:02:40.188000,10903,10905,10905,1
2020-05-19,15:02:41.851000,10904,10905,10904,1
2020-05-19,15:02:43.100000,10903,10904,10904,1
2020-05-19,15:02:44.050000,10903,10904,10904,1
2020-05-19,15:02:44.927000,10903,10904,10903,1
2020-05-19,15:02:44.957000,10903,10904,10903,2
2020-05-19,15:02:44.958000,10903,10904,10903,2
2020-05-19,15:02:44.958000,10903,10904,10903,3
2020-05-19,15:02:44.958000,10903,10904,10903,4
2020-05-19,15:02:46.869000,10902,10903,10903,1
2020-05-19,15:02:48.281000,10902,10903,10903,1
2020-05-19,15:02:50.392000,10903,10904,10904,1
2020-05-19,15:02:55.564000,10904,10905,10904,1
2020-05-19,15:02:55.971000,10904,10905,10904,1
2020-05-19,15:02:56.588000,10904,10905,10904,1
2020-05-19,15:02:58.567000,10904,10905,10904,2
2020-05-19,15:02:58.731000,10904,10905,10905,1
2020-05-19,15:02:58.731000,10904,10905,10905,11
2020-05-19,15:02:58.732000,10904,10905,10905,1
2020-05-19,15:02:58.732000,10904,10905,10905,1
2020-05-19,15:02:58.958000,10904,10906,10904,4
2020-05-19,15:02:59.492000,10904,10905,10904,1
2020-05-19,15:03:00.303000,10904,10905,10904,1
2020-05-19,15:03:00.836000,10904,10905,10905,1
2020-05-19,15:03:01.424000,10904,10905,10905,2
2020-05-19,15:03:02.659000,10905,10906,10906,7
2020-05-19,15:03:02.675000,10905,10906,10906,1
2020-05-19,15:03:02.677000,10905,10906,10906,1
2020-05-19,15:03:02.677000,10905,10906,10906,1
2020-05-19,15:03:02.679000,10905,10906,10906,3
2020-05-19,15:03:02.679000,10905,10906,10906,30
2020-05-19,15:03:02.680000,10905,10906,10906,1
2020-05-19,15:03:02.680000,10905,10906,10906,1
2020-05-19,15:03:02.680000,10905,10906,10907,1
2020-05-19,15:03:02.688000,10905,10906,10907,1
2020-05-19,15:03:02.689000,10905,10906,10907,1
2020-05-19,15:03:02.692000,10905,10906,10907,1
2020-05-19,15:03:02.707000,10905,10906,10907,1
2020-05-19,15:03:02.794000,10906,10907,10907,2
2020-05-19,15:03:02.908000,10906,10907,10907,1
2020-05-19,15:03:02.908000,10906,10907,10908,1
2020-05-19,15:03:03.336000,10906,10907,10907,1
2020-05-19,15:03:03.336000,10906,10907,10907,1
2020-05-19,15:03:03.637000,10906,10908,10908,1
2020-05-19,15:03:03.716000,10906,10908,10907,1
2020-05-19,15:03:03.943000,10907,10908,10907,1
2020-05-19,15:03:04.471000,10906,10908,10906,1
2020-05-19,15:03:04.659000,10906,10907,10907,9
2020-05-19,15:03:06.081000,10906,10907,10907,7
2020-05-19,15:03:06.986000,10906,10907,10907,1
2020-05-19,15:03:07.550000,10906,10907,10906,2
2020-05-19,15:03:07.551000,10906,10907,10906,1
2020-05-19,15:03:08.469000,10905,10906,10906,2
2020-05-19,15:03:10.337000,10905,10906,10906,1
2020-05-19,15:03:11.397000,10905,10906,10906,1
2020-05-19,15:03:12.996000,10905,10906,10906,5
2020-05-19,15:03:13.308000,10905,10907,10905,1
2020-05-19,15:03:15.561000,10906,10907,10906,1
2020-05-19,15:03:17.225000,10905,10906,10906,1
2020-05-19,15:03:18.318000,10906,10907,10906,1
2020-05-19,15:03:18.521000,10905,10906,10906,1
2020-05-19,15:03:18.521000,10905,10906,10907,1
2020-05-19,15:03:19.474000,10905,10906,10906,1
2020-05-19,15:03:20.868000,10905,10907,10906,1
2020-05-19,15:03:22.894000,10906,10907,10906,1
2020-05-19,15:03:23.644000,10906,10907,10907,2
2020-05-19,15:03:24.392000,10905,10907,10906,1
2020-05-19,15:03:25.326000,10905,10907,10906,3
2020-05-19,15:03:25.326000,10905,10907,10907,2
2020-05-19,15:03:26.058000,10906,10907,10906,1
2020-05-19,15:03:26.742000,10905,10906,10906,2
2020-05-19,15:03:26.849000,10905,10906,10906,1
2020-05-19,15:03:27.658000,10905,10907,10905,1
2020-05-19,15:03:30.688000,10906,10907,10906,1
2020-05-19,15:03:33.149000,10906,10907,10906,1
2020-05-19,15:03:33.858000,10906,10907,10907,4
2020-05-19,15:03:34.031000,10906,10907,10906,1
2020-05-19,15:03:34.748000,10906,10907,10906,5
2020-05-19,15:03:40.544000,10905,10906,10906,13
2020-05-19,15:03:49.346000,10906,10907,10906,1
2020-05-19,15:03:52.325000,10906,10907,10906,3
2020-05-19,15:03:52.326000,10906,10907,10906,1
2020-05-19,15:03:52.326000,10906,10907,10906,1
2020-05-19,15:03:52.326000,10906,10907,10906,2
2020-05-19,15:03:52.326000,10906,10907,10906,1
2020-05-19,15:03:52.326000,10906,10907,10906,1
2020-05-19,15:03:52.326000,10906,10907,10906,1
2020-05-19,15:03:52.326000,10906,10907,10906,1
2020-05-19,15:03:52.326000,10906,10907,10906,1
2020-05-19,15:03:52.326000,10906,10907,10906,1
2020-05-19,15:03:54.641000,10905,10906,10906,5
2020-05-19,15:03:55.279000,10905,10906,10906,2
2020-05-19,15:03:56.643000,10905,10906,10906,3
2020-05-19,15:03:58.079000,10905,10906,10906,1
2020-05-19,15:03:59.118000,10905,10906,10906,2
2020-05-19,15:04:00.717000,10905,10906,10906,1
2020-05-19,15:04:05.379000,10905,10906,10906,2
2020-05-19,15:04:06.149000,10905,10906,10905,3
2020-05-19,15:04:06.149000,10905,10906,10905,3
2020-05-19,15:04:06.149000,10905,10906,10905,4
2020-05-19,15:04:06.149000,10905,10906,10905,3
2020-05-19,15:04:15.595000,10904,10905,10905,1
2020-05-19,15:04:15.595000,10904,10905,10905,4
2020-05-19,15:04:15.595000,10904,10905,10905,2
2020-05-19,15:04:15.595000,10904,10905,10905,1
2020-05-19,15:04:16.918000,10905,10906,10905,1
2020-05-19,15:04:17.694000,10905,10906,10905,1
2020-05-19,15:04:18.992000,10905,10906,10905,1
2020-05-19,15:04:19.349000,10905,10906,10905,1
2020-05-19,15:04:22.137000,10904,10905,10905,6
2020-05-19,15:04:22.351000,10905,10906,10905,1
2020-05-19,15:04:25.781000,10905,10906,10906,12
2020-05-19,15:04:25.889000,10905,10907,10906,2
2020-05-19,15:04:25.889000,10905,10907,10905,15
2020-05-19,15:04:28.367000,10905,10906,10906,1
2020-05-19,15:04:40.526000,10905,10906,10906,2
2020-05-19,15:04:41.234000,10905,10906,10906,1
2020-05-19,15:04:42.013000,10905,10906,10905,1
2020-05-19,15:04:44.254000,10905,10906,10905,1
2020-05-19,15:04:44.876000,10905,10906,10905,1
2020-05-19,15:04:51.105000,10905,10906,10905,1
2020-05-19,15:04:51.518000,10905,10906,10905,3
2020-05-19,15:04:51.518000,10905,10906,10905,1
2020-05-19,15:04:51.519000,10905,10906,10905,6
2020-05-19,15:04:51.677000,10904,10905,10904,1
2020-05-19,15:04:55.234000,10904,10905,10904,5
2020-05-19,15:04:57.159000,10903,10904,10903,4
2020-05-19,15:04:57.251000,10902,10903,10903,1
2020-05-19,15:04:57.694000,10902,10903,10902,1
2020-05-19,15:04:57.838000,10902,10903,10902,1
2020-05-19,15:04:57.866000,10902,10903,10902,1
2020-05-19,15:04:57.867000,10902,10903,10902,5
2020-05-19,15:04:59.734000,10901,10903,10901,2
2020-05-19,15:05:01.645000,10902,10903,10902,1
2020-05-19,15:05:02.321000,10901,10902,10902,1
2020-05-19,15:05:02.330000,10901,10902,10902,2
2020-05-19,15:05:02.330000,10901,10902,10903,1
2020-05-19,15:05:06.230000,10901,10902,10902,1
2020-05-19,15:05:07.041000,10901,10902,10902,1
2020-05-19,15:05:09.110000,10902,10903,10903,2
2020-05-19,15:05:09.793000,10902,10903,10903,1
2020-05-19,15:05:10.009000,10902,10904,10903,1
2020-05-19,15:05:10.435000,10903,10904,10903,1
2020-05-19,15:05:11.756000,10903,10904,10903,1
2020-05-19,15:05:11.756000,10903,10904,10902,1
2020-05-19,15:05:13.713000,10902,10903,10902,4
2020-05-19,15:05:14.328000,10901,10902,10902,1
2020-05-19,15:05:15.506000,10901,10902,10902,1
2020-05-19,15:05:16.554000,10902,10903,10902,1
2020-05-19,15:05:17.792000,10901,10902,10902,1
2020-05-19,15:05:20.836000,10901,10902,10901,1
2020-05-19,15:05:21.028000,10901,10902,10901,4
2020-05-19,15:05:22.149000,10901,10902,10901,2
2020-05-19,15:05:24.374000,10901,10902,10901,1
2020-05-19,15:05:24.772000,10901,10902,10901,1
2020-05-19,15:05:25.195000,10901,10902,10901,2
2020-05-19,15:05:25.294000,10901,10902,10901,2
2020-05-19,15:05:25.405000,10901,10902,10901,1
2020-05-19,15:05:25.434000,10900,10901,10900,1
2020-05-19,15:05:25.571000,10900,10901,10900,1
2020-05-19,15:05:27.538000,10900,10901,10901,1
2020-05-19,15:05:28.378000,10900,10901,10900,1
2020-05-19,15:05:28.535000,10900,10901,10901,1
2020-05-19,15:05:28.812000,10900,10901,10901,3
2020-05-19,15:05:29.883000,10900,10901,10900,1
2020-05-19,15:05:32.994000,10900,10901,10900,1
2020-05-19,15:05:33.499000,10900,10901,10900,4
2020-05-19,15:05:33.746000,10900,10901,10901,1
2020-05-19,15:05:33.866000,10900,10901,10900,5
2020-05-19,15:05:35.599000,10900,10901,10900,1
2020-05-19,15:05:37.024000,10900,10901,10900,1
2020-05-19,15:05:37.484000,10900,10901,10901,5
2020-05-19,15:05:37.580000,10901,10902,10901,6
2020-05-19,15:05:37.706000,10900,10902,10900,1
2020-05-19,15:05:37.861000,10901,10902,10901,1
2020-05-19,15:05:38.013000,10900,10902,10901,1
2020-05-19,15:05:39.103000,10901,10902,10901,1
2020-05-19,15:05:40.015000,10901,10902,10902,6
2020-05-19,15:05:41.416000,10902,10903,10902,1
2020-05-19,15:05:41.423000,10901,10903,10902,3
2020-05-19,15:05:41.423000,10901,10903,10901,3
2020-05-19,15:05:41.665000,10901,10903,10903,1
2020-05-19,15:05:43.544000,10902,10903,10903,2
2020-05-19,15:05:46.268000,10902,10904,10902,1
2020-05-19,15:05:47.369000,10902,10903,10903,1
2020-05-19,15:05:49.692000,10903,10904,10903,1
2020-05-19,15:05:50.182000,10903,10904,10903,4
2020-05-19,15:05:51.873000,10903,10904,10903,1
2020-05-19,15:05:52.169000,10903,10904,10904,7
2020-05-19,15:05:52.740000,10904,10905,10905,1
2020-05-19,15:05:53.108000,10904,10905,10904,1
2020-05-19,15:05:57.205000,10903,10904,10903,2
2020-05-19,15:05:59.613000,10903,10904,10904,1
2020-05-19,15:06:00.031000,10903,10904,10904,1
2020-05-19,15:06:00.032000,10903,10904,10905,1
2020-05-19,15:06:00.035000,10903,10904,10905,1
2020-05-19,15:06:00.758000,10903,10904,10903,1
2020-05-19,15:06:02.713000,10903,10904,10903,9
2020-05-19,15:06:02.882000,10902,10903,10902,2
2020-05-19,15:06:02.917000,10902,10903,10903,2
2020-05-19,15:06:06.204000,10901,10903,10903,1
2020-05-19,15:06:09.818000,10902,10903,10902,1
2020-05-19,15:06:10.163000,10902,10903,10903,1
2020-05-19,15:06:10.356000,10902,10903,10903,1
2020-05-19,15:06:11.462000,10902,10903,10903,1
2020-05-19,15:06:12.698000,10902,10903,10903,3
2020-05-19,15:06:13.826000,10902,10903,10902,1
2020-05-19,15:06:16.886000,10902,10903,10903,1
2020-05-19,15:06:18.627000,10902,10903,10902,2
2020-05-19,15:06:19.963000,10901,10902,10902,1
2020-05-19,15:06:22.661000,10901,10902,10902,2
2020-05-19,15:06:23.029000,10901,10903,10901,1
2020-05-19,15:06:24.694000,10901,10903,10901,1
2020-05-19,15:06:30.388000,10901,10902,10902,4
2020-05-19,15:06:31.535000,10902,10903,10902,1
2020-05-19,15:06:33.906000,10902,10903,10903,4
2020-05-19,15:06:38.642000,10902,10903,10903,2
2020-05-19,15:06:38.743000,10903,10904,10903,1
2020-05-19,15:06:40.407000,10903,10904,10903,1
2020-05-19,15:06:43.601000,10902,10903,10902,3
2020-05-19,15:06:45.013000,10902,10904,10904,1
2020-05-19,15:06:53.291000,10902,10903,10903,1
2020-05-19,15:06:59.343000,10902,10903,10902,5
2020-05-19,15:07:04.924000,10902,10903,10902,2
2020-05-19,15:07:05.939000,10902,10903,10902,5
2020-05-19,15:07:05.960000,10902,10903,10902,2
2020-05-19,15:07:13.482000,10901,10902,10902,4
2020-05-19,15:07:15.462000,10901,10902,10901,10
2020-05-19,15:07:16.041000,10900,10901,10900,3
2020-05-19,15:07:16.041000,10900,10901,10900,2
2020-05-19,15:07:16.490000,10900,10901,10900,2
2020-05-19,15:07:16.942000,10900,10901,10900,1
2020-05-19,15:07:19.121000,10899,10900,10899,5
2020-05-19,15:07:19.239000,10898,10900,10898,1
2020-05-19,15:07:19.289000,10898,10900,10898,1
2020-05-19,15:07:19.466000,10898,10899,10899,1
2020-05-19,15:07:21.303000,10898,10899,10899,1
2020-05-19,15:07:21.744000,10898,10899,10899,1
2020-05-19,15:07:23.024000,10898,10899,10898,4
2020-05-19,15:07:23.860000,10897,10898,10897,1
2020-05-19,15:07:24.766000,10897,10898,10897,1
2020-05-19,15:07:26.322000,10897,10898,10897,1
2020-05-19,15:07:29.315000,10897,10898,10897,2
2020-05-19,15:07:30.214000,10896,10898,10898,1
2020-05-19,15:07:30.276000,10896,10898,10896,4
2020-05-19,15:07:32.177000,10896,10897,10896,8
2020-05-19,15:07:32.178000,10896,10897,10896,1
2020-05-19,15:07:32.392000,10895,10896,10895,5
2020-05-19,15:07:32.454000,10895,10896,10895,2
2020-05-19,15:07:32.509000,10895,10896,10896,7
2020-05-19,15:07:34.618000,10895,10896,10896,1
2020-05-19,15:07:36.801000,10895,10896,10896,1
2020-05-19,15:07:44.324000,10895,10896,10895,1
2020-05-19,15:07:44.529000,10895,10896,10895,1
2020-05-19,15:07:45.347000,10895,10896,10895,2
2020-05-19,15:07:45.582000,10895,10896,10896,1
2020-05-19,15:07:45.874000,10895,10896,10895,1
2020-05-19,15:07:45.875000,10895,10896,10895,1
2020-05-19,15:07:45.875000,10895,10896,10895,1
2020-05-19,15:07:45.875000,10895,10896,10895,1
2020-05-19,15:07:46.044000,10894,10895,10895,1
2020-05-19,15:07:46.665000,10895,10896,10895,1
2020-05-19,15:07:46.665000,10895,10896,10894,13
2020-05-19,15:07:47.997000,10894,10895,10895,1
2020-05-19,15:07:48.044000,10894,10895,10895,3
2020-05-19,15:07:48.256000,10894,10896,10895,2
2020-05-19,15:07:48.953000,10895,10896,10895,1
2020-05-19,15:07:49.322000,10895,10896,10895,1
2020-05-19,15:07:50.044000,10895,10896,10896,13
2020-05-19,15:07:50.565000,10896,10897,10896,1
2020-05-19,15:07:51.021000,10896,10897,10896,1
2020-05-19,15:07:51.021000,10896,10897,10895,9
2020-05-19,15:07:51.166000,10895,10896,10895,1
2020-05-19,15:07:51.335000,10894,10895,10894,1
2020-05-19,15:07:51.509000,10894,10895,10895,7
2020-05-19,15:07:53.477000,10895,10897,10895,2
2020-05-19,15:07:54.896000,10895,10896,10895,1
2020-05-19,15:07:54.899000,10895,10896,10896,1
2020-05-19,15:07:55.185000,10895,10896,10895,1
2020-05-19,15:07:55.939000,10895,10896,10895,2
2020-05-19,15:07:56.978000,10895,10897,10895,1
2020-05-19,15:07:57.113000,10895,10897,10895,1
2020-05-19,15:07:58.653000,10895,10897,10895,2
2020-05-19,15:07:59.216000,10895,10897,10895,1
2020-05-19,15:07:59.750000,10895,10897,10895,1
2020-05-19,15:08:02.829000,10896,10897,10896,1
2020-05-19,15:08:03.595000,10896,10897,10896,1
2020-05-19,15:08:04.638000,10896,10897,10896,2
2020-05-19,15:08:04.638000,10896,10897,10896,3
2020-05-19,15:08:05.942000,10895,10896,10896,6
2020-05-19,15:08:06.272000,10896,10897,10896,1
2020-05-19,15:08:06.274000,10896,10897,10896,1
2020-05-19,15:08:06.939000,10895,10897,10896,2
2020-05-19,15:08:07.233000,10895,10897,10895,1
2020-05-19,15:08:07.569000,10895,10896,10896,1
2020-05-19,15:08:07.575000,10895,10896,10897,1
2020-05-19,15:08:11.029000,10896,10897,10897,13
2020-05-19,15:08:12.725000,10897,10898,10898,2
2020-05-19,15:08:18.808000,10897,10898,10898,1
2020-05-19,15:08:19.259000,10897,10898,10898,4
2020-05-19,15:08:20.471000,10897,10898,10897,3
2020-05-19,15:08:21.917000,10896,10897,10897,1
2020-05-19,15:08:26.677000,10897,10898,10897,1
2020-05-19,15:08:27.278000,10896,10898,10898,2
2020-05-19,15:08:27.716000,10897,10898,10898,1
2020-05-19,15:08:28.280000,10897,10898,10898,1
2020-05-19,15:08:28.654000,10897,10899,10897,5
2020-05-19,15:08:29.961000,10897,10898,10897,3
2020-05-19,15:08:32.075000,10897,10898,10898,1
2020-05-19,15:08:32.191000,10897,10898,10898,1
2020-05-19,15:08:33.138000,10897,10898,10898,1
2020-05-19,15:08:35.896000,10897,10898,10897,1
2020-05-19,15:08:35.897000,10897,10898,10897,1
2020-05-19,15:08:36.062000,10896,10897,10896,1
2020-05-19,15:08:36.713000,10896,10897,10897,1
2020-05-19,15:08:39.954000,10896,10898,10896,1
2020-05-19,15:08:40.297000,10896,10897,10896,1
2020-05-19,15:08:41.359000,10896,10897,10896,2
2020-05-19,15:08:43.709000,10896,10897,10897,1
2020-05-19,15:08:44.778000,10896,10897,10896,1
2020-05-19,15:08:49.047000,10896,10897,10896,2
2020-05-19,15:08:51.333000,10896,10897,10897,1
2020-05-19,15:08:51.472000,10896,10897,10896,1
2020-05-19,15:08:52.997000,10896,10897,10896,4
2020-05-19,15:08:53.490000,10896,10897,10896,2
2020-05-19,15:08:55.148000,10896,10897,10896,1
2020-05-19,15:08:55.496000,10895,10897,10895,2
2020-05-19,15:08:57.304000,10895,10896,10896,1
2020-05-19,15:08:58.282000,10895,10896,10896,2
2020-05-19,15:09:01.779000,10896,10897,10896,1
2020-05-19,15:09:01.779000,10896,10897,10896,2
2020-05-19,15:09:02.298000,10895,10896,10895,1
2020-05-19,15:09:04.983000,10895,10896,10896,3
2020-05-19,15:09:05.051000,10895,10896,10896,2
2020-05-19,15:09:05.053000,10895,10896,10896,2
2020-05-19,15:09:05.055000,10895,10896,10897,1
2020-05-19,15:09:05.056000,10895,10896,10897,1
2020-05-19,15:09:05.058000,10895,10896,10897,1
2020-05-19,15:09:05.060000,10895,10896,10897,1
2020-05-19,15:09:05.065000,10895,10896,10897,2
2020-05-19,15:09:05.066000,10895,10896,10897,1
2020-05-19,15:09:05.073000,10895,10896,10897,6
2020-05-19,15:09:05.316000,10896,10897,10896,1
2020-05-19,15:09:06.183000,10896,10897,10896,20
2020-05-19,15:09:08.545000,10895,10896,10895,1
2020-05-19,15:09:10.728000,10895,10896,10896,1
2020-05-19,15:09:11.296000,10895,10896,10895,1
2020-05-19,15:09:11.330000,10895,10896,10896,1
2020-05-19,15:09:11.929000,10895,10896,10896,2
2020-05-19,15:09:11.930000,10895,10896,10896,1
2020-05-19,15:09:12.021000,10895,10896,10896,1
2020-05-19,15:09:12.021000,10895,10896,10896,1
2020-05-19,15:09:12.022000,10895,10896,10896,2
2020-05-19,15:09:12.185000,10895,10896,10896,1
2020-05-19,15:09:13.223000,10895,10897,10895,2
2020-05-19,15:09:16.965000,10895,10896,10896,1
2020-05-19,15:09:17.371000,10895,10896,10895,1
2020-05-19,15:09:20.369000,10895,10896,10896,2
2020-05-19,15:09:22.159000,10896,10898,10896,2
2020-05-19,15:09:23.543000,10896,10897,10896,2
2020-05-19,15:09:27.315000,10895,10896,10896,1
2020-05-19,15:09:28.242000,10895,10897,10896,1
2020-05-19,15:09:28.496000,10895,10896,10896,1
2020-05-19,15:09:30.447000,10896,10897,10896,2
2020-05-19,15:09:31.890000,10896,10897,10897,4
2020-05-19,15:09:32.186000,10897,10898,10897,1
2020-05-19,15:09:38.629000,10897,10898,10898,1
2020-05-19,15:09:39.788000,10897,10898,10898,5
2020-05-19,15:09:40.988000,10898,10899,10898,1
2020-05-19,15:09:45.218000,10898,10899,10899,1
2020-05-19,15:09:45.219000,10898,10899,10899,1
2020-05-19,15:09:45.219000,10898,10899,10899,2
2020-05-19,15:09:46.971000,10898,10900,10898,1
2020-05-19,15:09:51.764000,10898,10899,10899,2
2020-05-19,15:09:54.403000,10898,10900,10899,1
2020-05-19,15:09:55.907000,10898,10899,10899,1
2020-05-19,15:09:56.136000,10898,10899,10899,1
2020-05-19,15:09:58.298000,10898,10899,10898,3
2020-05-19,15:10:03.087000,10897,10898,10898,2
2020-05-19,15:10:04.561000,10898,10899,10898,1
2020-05-19,15:10:04.930000,10897,10899,10899,1
2020-05-19,15:10:06.587000,10898,10899,10898,1
2020-05-19,15:10:07.050000,10898,10899,10899,2
2020-05-19,15:10:08.742000,10898,10899,10899,1
2020-05-19,15:10:11.140000,10898,10899,10898,4
2020-05-19,15:10:11.140000,10898,10899,10898,1
2020-05-19,15:10:11.485000,10897,10898,10898,1
2020-05-19,15:10:13.977000,10897,10898,10897,9
2020-05-19,15:10:16.359000,10896,10897,10896,3
2020-05-19,15:10:17.085000,10895,10897,10895,2
2020-05-19,15:10:18.824000,10895,10896,10896,1
2020-05-19,15:10:20.675000,10895,10896,10896,1
2020-05-19,15:10:21.176000,10895,10896,10896,1
2020-05-19,15:10:24.814000,10896,10897,10897,2
2020-05-19,15:10:24.816000,10896,10897,10896,3
2020-05-19,15:10:25.897000,10896,10897,10897,2
2020-05-19,15:10:26.133000,10897,10898,10897,1
2020-05-19,15:10:26.933000,10896,10897,10897,1
2020-05-19,15:10:27.134000,10896,10898,10898,2
2020-05-19,15:10:28.744000,10897,10898,10897,1
2020-05-19,15:10:30.488000,10897,10898,10898,2
2020-05-19,15:10:33.272000,10897,10899,10899,1
2020-05-19,15:10:38.763000,10898,10899,10898,2
2020-05-19,15:10:40.484000,10897,10898,10898,1
2020-05-19,15:10:42.376000,10897,10899,10897,2
2020-05-19,15:10:52.940000,10898,10899,10899,7
2020-05-19,15:10:52.941000,10898,10899,10899,2
2020-05-19,15:10:52.941000,10898,10899,10899,1
2020-05-19,15:10:54.624000,10898,10899,10899,1
2020-05-19,15:11:04.094000,10898,10899,10899,4
2020-05-19,15:11:04.094000,10898,10899,10900,15
2020-05-19,15:11:04.397000,10899,10900,10899,1
2020-05-19,15:11:04.478000,10898,10900,10900,2
2020-05-19,15:11:04.607000,10899,10900,10900,1
2020-05-19,15:11:06.849000,10898,10899,10899,2
2020-05-19,15:11:06.958000,10898,10899,10899,1
2020-05-19,15:11:07.141000,10898,10899,10898,13
2020-05-19,15:11:08.796000,10897,10898,10897,7
2020-05-19,15:11:16.689000,10899,10900,10899,1
2020-05-19,15:11:16.689000,10899,10900,10899,1
2020-05-19,15:11:19.170000,10898,10899,10899,1
2020-05-19,15:11:25.423000,10899,10900,10900,3
2020-05-19,15:11:33.185000,10899,10900,10900,5
2020-05-19,15:11:33.943000,10899,10900,10900,1
2020-05-19,15:11:34.383000,10899,10900,10900,1
2020-05-19,15:11:35.734000,10899,10900,10899,2
2020-05-19,15:11:35.990000,10898,10900,10900,5
2020-05-19,15:11:36.859000,10898,10900,10900,1
2020-05-19,15:11:36.873000,10898,10900,10900,3
2020-05-19,15:11:37.158000,10899,10900,10900,1
2020-05-19,15:11:39.812000,10900,10901,10900,1
2020-05-19,15:11:42.729000,10900,10901,10901,1
2020-05-19,15:11:42.729000,10900,10901,10901,2
2020-05-19,15:11:42.729000,10900,10901,10901,4
2020-05-19,15:11:42.729000,10900,10901,10901,1
2020-05-19,15:11:42.729000,10900,10901,10901,2
2020-05-19,15:11:45.641000,10901,10902,10901,1
2020-05-19,15:11:46.584000,10900,10902,10902,1
2020-05-19,15:11:46.846000,10900,10902,10902,1
2020-05-19,15:11:48.485000,10901,10902,10901,2
2020-05-19,15:11:53.358000,10900,10901,10901,1
2020-05-19,15:11:54.124000,10901,10902,10901,1
2020-05-19,15:11:57.022000,10901,10902,10902,11
2020-05-19,15:11:57.074000,10902,10903,10903,1
2020-05-19,15:11:57.248000,10902,10903,10903,1
2020-05-19,15:12:02.986000,10902,10903,10903,1
2020-05-19,15:12:03.191000,10902,10903,10902,6
2020-05-19,15:12:03.402000,10901,10903,10901,1
2020-05-19,15:12:03.405000,10901,10903,10901,5
2020-05-19,15:12:04.489000,10902,10903,10902,1
2020-05-19,15:12:04.900000,10902,10903,10903,2
2020-05-19,15:12:06.845000,10902,10903,10902,1
2020-05-19,15:12:08.246000,10902,10903,10903,1
2020-05-19,15:12:10.133000,10902,10903,10903,13
2020-05-19,15:12:10.435000,10903,10904,10903,1
2020-05-19,15:12:11.176000,10903,10904,10903,1
2020-05-19,15:12:12.597000,10903,10904,10904,1
2020-05-19,15:12:12.598000,10903,10904,10904,3
2020-05-19,15:12:14.254000,10903,10904,10903,1
2020-05-19,15:12:15.706000,10903,10904,10903,1
2020-05-19,15:12:22.630000,10903,10904,10903,1
2020-05-19,15:12:23.805000,10903,10904,10903,1
2020-05-19,15:12:23.805000,10903,10904,10903,1
2020-05-19,15:12:23.806000,10903,10904,10903,1
2020-05-19,15:12:24.011000,10903,10904,10903,10
2020-05-19,15:12:25.868000,10903,10904,10903,1
2020-05-19,15:12:29.415000,10903,10904,10903,1
2020-05-19,15:12:30.989000,10903,10904,10903,1
2020-05-19,15:12:32.845000,10903,10904,10904,1
2020-05-19,15:12:34.636000,10903,10904,10904,5
2020-05-19,15:12:36.948000,10903,10904,10903,1
2020-05-19,15:12:37.770000,10903,10904,10904,2
2020-05-19,15:12:37.885000,10903,10904,10904,1
2020-05-19,15:12:38.138000,10903,10904,10904,2
2020-05-19,15:12:38.139000,10903,10904,10904,2
2020-05-19,15:12:39.101000,10903,10905,10903,1
2020-05-19,15:12:45.102000,10903,10904,10904,1
2020-05-19,15:12:45.102000,10903,10904,10904,1
2020-05-19,15:12:45.102000,10903,10904,10904,2
2020-05-19,15:12:45.102000,10903,10904,10904,1
2020-05-19,15:12:46.126000,10904,10905,10904,1
2020-05-19,15:12:47.345000,10903,10905,10905,1
2020-05-19,15:12:47.500000,10903,10905,10905,1
2020-05-19,15:12:49.662000,10904,10905,10904,1
2020-05-19,15:12:53.048000,10904,10905,10905,1
2020-05-19,15:12:54.568000,10904,10905,10905,2
2020-05-19,15:12:54.690000,10904,10905,10905,1
2020-05-19,15:12:55.882000,10904,10905,10904,2
2020-05-19,15:12:56.285000,10904,10905,10905,1
2020-05-19,15:12:58.306000,10904,10905,10905,3
2020-05-19,15:13:00.384000,10904,10905,10905,3
2020-05-19,15:13:01.362000,10905,10906,10906,1
2020-05-19,15:13:01.579000,10905,10906,10905,2
2020-05-19,15:13:01.859000,10905,10906,10905,2
2020-05-19,15:13:05.535000,10905,10906,10905,1
2020-05-19,15:13:06.695000,10905,10906,10905,1
2020-05-19,15:13:07.284000,10905,10906,10905,1
2020-05-19,15:13:09.297000,10904,10905,10904,1
2020-05-19,15:13:12.299000,10904,10905,10905,5
2020-05-19,15:13:13.731000,10905,10906,10906,1
2020-05-19,15:13:14.470000,10905,10906,10905,1
2020-05-19,15:13:14.531000,10905,10906,10905,4
2020-05-19,15:13:15.186000,10904,10905,10905,2
2020-05-19,15:13:15.423000,10904,10905,10905,1
2020-05-19,15:13:17.250000,10904,10905,10904,1
2020-05-19,15:13:17.250000,10904,10905,10904,4
2020-05-19,15:13:18.362000,10903,10905,10905,2
2020-05-19,15:13:19.377000,10904,10905,10905,1
2020-05-19,15:13:19.420000,10904,10905,10905,1
2020-05-19,15:13:20.378000,10904,10906,10904,1
2020-05-19,15:13:25.346000,10904,10905,10905,2
2020-05-19,15:13:26.032000,10904,10905,10904,2
2020-05-19,15:13:41.668000,10904,10905,10904,1
2020-05-19,15:13:41.668000,10904,10905,10904,1
2020-05-19,15:13:41.951000,10904,10905,10904,1
2020-05-19,15:13:43.785000,10903,10904,10904,7
2020-05-19,15:13:43.786000,10903,10904,10904,1
2020-05-19,15:13:43.786000,10903,10904,10904,1
2020-05-19,15:13:43.786000,10903,10904,10904,1
2020-05-19,15:13:48.561000,10903,10904,10904,1
2020-05-19,15:13:49.610000,10903,10904,10904,1
2020-05-19,15:13:51.547000,10904,10905,10905,2
2020-05-19,15:13:51.547000,10904,10905,10905,3
2020-05-19,15:13:57.120000,10904,10906,10904,1
2020-05-19,15:14:02.355000,10904,10905,10905,1
2020-05-19,15:14:02.701000,10904,10905,10905,1
2020-05-19,15:14:03.008000,10904,10906,10906,1
2020-05-19,15:14:08.704000,10904,10905,10904,1
2020-05-19,15:14:17.065000,10903,10904,10904,1
2020-05-19,15:14:30.260000,10903,10904,10904,1
2020-05-19,15:14:34.818000,10903,10904,10903,11
2020-05-19,15:14:35.019000,10902,10903,10903,3
2020-05-19,15:14:43.146000,10902,10903,10903,1
2020-05-19,15:14:53.032000,10902,10903,10903,1
2020-05-19,15:14:53.032000,10902,10903,10903,3
2020-05-19,15:14:53.586000,10903,10904,10904,2
2020-05-19,15:14:53.586000,10903,10904,10905,3
2020-05-19,15:14:53.698000,10903,10905,10905,5
2020-05-19,15:14:54.354000,10903,10904,10903,1
2020-05-19,15:14:54.423000,10903,10904,10903,1
2020-05-19,15:14:54.568000,10903,10904,10903,1
2020-05-19,15:14:54.834000,10903,10904,10903,1
2020-05-19,15:14:57.190000,10903,10904,10904,1
2020-05-19,15:14:59.571000,10903,10905,10903,1
2020-05-19,15:15:14.451000,10903,10904,10904,1
2020-05-19,15:15:14.718000,10904,10905,10904,1
2020-05-19,15:15:14.719000,10904,10905,10903,12
2020-05-19,15:15:14.719000,10904,10905,10902,3
2020-05-19,15:15:14.735000,10904,10905,10903,3
2020-05-19,15:15:14.735000,10904,10905,10902,4
2020-05-19,15:15:14.833000,10902,10904,10902,1
2020-05-19,15:15:14.964000,10902,10904,10902,2
2020-05-19,15:15:17.003000,10902,10904,10902,1
2020-05-19,15:15:17.675000,10902,10903,10902,1
2020-05-19,15:15:19.778000,10902,10904,10902,1
2020-05-19,15:15:21.275000,10902,10904,10902,3
2020-05-19,15:15:21.542000,10902,10903,10903,2
2020-05-19,15:15:22.787000,10902,10903,10903,2
2020-05-19,15:15:27.462000,10902,10903,10902,1
2020-05-19,15:15:38.320000,10902,10903,10903,2
2020-05-19,15:15:42.315000,10902,10904,10902,1
2020-05-19,15:15:42.777000,10902,10904,10903,2
2020-05-19,15:16:10.332000,10902,10903,10902,1
2020-05-19,15:16:18.162000,10902,10903,10902,1
2020-05-19,15:16:19.510000,10902,10903,10903,4
2020-05-19,15:16:36.311000,10903,10904,10904,3
2020-05-19,15:16:45.671000,10904,10905,10904,1
2020-05-19,15:16:45.671000,10904,10905,10904,1
2020-05-19,15:16:45.709000,10904,10905,10904,1
2020-05-19,15:16:46.097000,10903,10904,10904,1
2020-05-19,15:16:56.371000,10903,10904,10904,1
2020-05-19,15:16:59.570000,10904,10905,10904,1
2020-05-19,15:17:12.089000,10904,10905,10904,1
2020-05-19,15:17:12.090000,10904,10905,10904,1
2020-05-19,15:17:15.892000,10903,10904,10904,1
2020-05-19,15:17:17.201000,10903,10904,10904,1
2020-05-19,15:17:22.902000,10903,10904,10904,1
2020-05-19,15:17:22.902000,10903,10904,10904,1
2020-05-19,15:17:22.902000,10903,10904,10904,1
2020-05-19,15:17:24.431000,10904,10905,10905,9
2020-05-19,15:17:24.570000,10905,10906,10906,3
2020-05-19,15:17:24.742000,10905,10906,10906,1
2020-05-19,15:17:24.968000,10905,10906,10905,1
2020-05-19,15:17:29.201000,10905,10906,10905,2
2020-05-19,15:17:31.092000,10905,10906,10906,1
2020-05-19,15:17:37.050000,10905,10906,10906,18
2020-05-19,15:17:39.577000,10906,10907,10906,1
2020-05-19,15:17:40.880000,10906,10907,10907,5
2020-05-19,15:17:41.224000,10906,10907,10907,1
2020-05-19,15:17:41.228000,10906,10907,10906,1
2020-05-19,15:17:41.646000,10906,10907,10907,1
2020-05-19,15:17:44.033000,10906,10907,10906,1
2020-05-19,15:17:44.033000,10906,10907,10906,2
2020-05-19,15:17:44.046000,10905,10906,10906,1
2020-05-19,15:17:45.045000,10905,10906,10906,2
2020-05-19,15:17:52.703000,10906,10907,10907,8
2020-05-19,15:17:52.760000,10906,10907,10907,3
2020-05-19,15:17:53.837000,10907,10908,10907,1
2020-05-19,15:17:54.195000,10907,10908,10908,23
2020-05-19,15:17:54.195000,10907,10908,10908,1
2020-05-19,15:17:54.195000,10907,10908,10908,2
2020-05-19,15:17:54.852000,10907,10908,10907,1
2020-05-19,15:17:56.887000,10907,10908,10908,2
2020-05-19,15:17:57.091000,10907,10908,10908,1
2020-05-19,15:17:57.347000,10907,10908,10908,2
2020-05-19,15:17:57.364000,10907,10908,10908,1
2020-05-19,15:17:57.365000,10907,10908,10908,1
2020-05-19,15:17:57.365000,10907,10908,10908,1
2020-05-19,15:17:57.365000,10907,10908,10908,1
2020-05-19,15:17:58.755000,10908,10909,10908,2
2020-05-19,15:18:00.159000,10908,10909,10909,1
2020-05-19,15:18:00.338000,10908,10909,10909,2
2020-05-19,15:18:00.931000,10908,10909,10909,1
2020-05-19,15:18:01.015000,10908,10909,10909,1
2020-05-19,15:18:01.706000,10908,10909,10908,1
2020-05-19,15:18:02.092000,10908,10909,10908,1
2020-05-19,15:18:05.894000,10908,10909,10908,1
2020-05-19,15:18:06.169000,10908,10909,10909,6
2020-05-19,15:18:06.169000,10908,10909,10909,4
2020-05-19,15:18:06.169000,10908,10909,10909,1
2020-05-19,15:18:06.169000,10908,10909,10909,3
2020-05-19,15:18:08.196000,10909,10910,10909,1
2020-05-19,15:18:09.171000,10908,10909,10908,1
2020-05-19,15:18:10.327000,10908,10909,10909,6
2020-05-19,15:18:10.327000,10908,10909,10909,3
2020-05-19,15:18:11.034000,10908,10910,10909,6
2020-05-19,15:18:11.844000,10908,10910,10909,1
2020-05-19,15:18:12.390000,10908,10909,10909,4
2020-05-19,15:18:12.391000,10908,10909,10909,5
2020-05-19,15:18:14.383000,10908,10909,10909,1
2020-05-19,15:18:15.387000,10908,10910,10909,1
2020-05-19,15:18:19.040000,10908,10909,10909,1
2020-05-19,15:18:19.277000,10909,10910,10909,3
2020-05-19,15:18:22.079000,10908,10909,10909,1
2020-05-19,15:18:23.385000,10909,10910,10909,1
2020-05-19,15:18:23.680000,10908,10909,10908,1
2020-05-19,15:18:23.683000,10908,10909,10908,2
2020-05-19,15:18:24.673000,10908,10909,10908,10
2020-05-19,15:18:24.981000,10907,10908,10908,1
2020-05-19,15:18:26.255000,10907,10908,10908,1
2020-05-19,15:18:26.725000,10907,10909,10909,1
2020-05-19,15:18:28.803000,10907,10908,10907,1
2020-05-19,15:18:28.812000,10907,10908,10907,1
2020-05-19,15:18:29.046000,10906,10907,10906,2
2020-05-19,15:18:29.874000,10906,10907,10907,1
2020-05-19,15:18:30.848000,10906,10908,10908,11
2020-05-19,15:18:30.848000,10906,10908,10909,5
2020-05-19,15:18:35.750000,10908,10909,10908,1
2020-05-19,15:18:35.988000,10908,10909,10908,1
2020-05-19,15:18:39.827000,10907,10908,10908,1
2020-05-19,15:18:42.851000,10907,10908,10908,5
2020-05-19,15:18:44.932000,10907,10908,10908,5
2020-05-19,15:18:48.213000,10907,10908,10908,1
2020-05-19,15:18:48.213000,10907,10908,10908,2
2020-05-19,15:18:48.213000,10907,10908,10908,2
2020-05-19,15:18:48.213000,10907,10908,10908,2
2020-05-19,15:18:48.214000,10907,10908,10908,1
2020-05-19,15:18:48.382000,10907,10909,10909,1
2020-05-19,15:18:56.516000,10907,10908,10908,1
2020-05-19,15:18:58.393000,10907,10908,10908,1
2020-05-19,15:18:59.245000,10907,10908,10908,1
2020-05-19,15:19:00.564000,10907,10908,10908,1
2020-05-19,15:19:02.117000,10907,10908,10908,1
2020-05-19,15:19:02.563000,10908,10909,10908,2
2020-05-19,15:19:05.019000,10907,10908,10908,1
2020-05-19,15:19:06.856000,10907,10908,10908,2
2020-05-19,15:19:12.267000,10907,10908,10907,1
2020-05-19,15:19:17.835000,10907,10908,10907,1
2020-05-19,15:19:18.811000,10907,10908,10907,1
2020-05-19,15:19:20.004000,10907,10908,10907,2
2020-05-19,15:19:20.005000,10907,10908,10907,14
2020-05-19,15:19:25.285000,10906,10907,10907,1
2020-05-19,15:19:29.880000,10906,10907,10906,2
2020-05-19,15:19:35.446000,10906,10907,10906,11
2020-05-19,15:19:44.796000,10905,10906,10905,3
2020-05-19,15:19:53.871000,10904,10905,10904,1
2020-05-19,15:19:56.250000,10903,10905,10905,1
2020-05-19,15:19:56.382000,10903,10905,10904,1
2020-05-19,15:19:59.032000,10904,10905,10905,1
2020-05-19,15:20:00.663000,10904,10905,10905,2
2020-05-19,15:20:02.197000,10904,10905,10905,1
2020-05-19,15:20:02.821000,10904,10906,10904,1
2020-05-19,15:20:10.566000,10904,10905,10904,1
2020-05-19,15:20:14.014000,10904,10905,10904,1
2020-05-19,15:20:22.047000,10904,10905,10904,1
2020-05-19,15:20:23.151000,10904,10905,10904,1
2020-05-19,15:20:24.032000,10904,10905,10905,1
2020-05-19,15:20:25.713000,10904,10906,10904,2
2020-05-19,15:20:31.424000,10905,10906,10905,1
2020-05-19,15:20:35.209000,10905,10906,10905,1
2020-05-19,15:20:40.530000,10904,10905,10905,1
2020-05-19,15:20:41.548000,10904,10905,10904,1
2020-05-19,15:20:47.460000,10903,10904,10903,7
2020-05-19,15:20:51.252000,10902,10903,10903,5
2020-05-19,15:20:58.922000,10903,10904,10903,1
2020-05-19,15:20:59.777000,10903,10904,10903,1
2020-05-19,15:21:05.872000,10902,10903,10902,4
2020-05-19,15:21:05.872000,10902,10903,10902,2
2020-05-19,15:21:10.167000,10901,10902,10902,1
2020-05-19,15:21:14.277000,10901,10902,10901,1
2020-05-19,15:21:14.339000,10901,10902,10901,5
2020-05-19,15:21:16.837000,10901,10902,10901,2
2020-05-19,15:21:20.260000,10901,10902,10901,1
2020-05-19,15:21:21.681000,10901,10902,10901,1
2020-05-19,15:21:24.798000,10901,10902,10901,3
2020-05-19,15:21:25.059000,10901,10902,10901,5
2020-05-19,15:21:25.457000,10901,10902,10901,1
2020-05-19,15:21:27.368000,10901,10902,10901,1
2020-05-19,15:21:27.403000,10901,10902,10901,1
2020-05-19,15:21:29.784000,10901,10902,10901,1
2020-05-19,15:21:30.023000,10901,10902,10901,1
2020-05-19,15:21:30.405000,10900,10902,10900,1
2020-05-19,15:21:30.450000,10900,10902,10901,1
2020-05-19,15:21:30.491000,10900,10902,10900,1
2020-05-19,15:21:30.542000,10900,10902,10900,1
2020-05-19,15:21:32.622000,10900,10901,10901,1
2020-05-19,15:21:33.729000,10900,10901,10901,1
2020-05-19,15:21:34.065000,10900,10902,10900,5
2020-05-19,15:21:34.395000,10900,10901,10900,1
2020-05-19,15:21:35.239000,10900,10901,10900,15
2020-05-19,15:21:38.637000,10899,10900,10900,1
2020-05-19,15:21:38.637000,10899,10900,10901,1
2020-05-19,15:21:43.217000,10900,10901,10900,1
2020-05-19,15:21:50.844000,10899,10901,10901,8
2020-05-19,15:21:50.844000,10899,10901,10902,32
2020-05-19,15:21:50.845000,10899,10901,10902,1
2020-05-19,15:21:50.845000,10899,10901,10902,1
2020-05-19,15:21:50.846000,10899,10901,10902,2
2020-05-19,15:21:50.846000,10899,10901,10902,3
2020-05-19,15:21:50.846000,10899,10901,10902,6
2020-05-19,15:21:52.348000,10901,10903,10901,2
2020-05-19,15:21:55.855000,10902,10903,10903,2
2020-05-19,15:21:55.855000,10902,10903,10904,20
2020-05-19,15:21:57.786000,10904,10905,10905,2
2020-05-19,15:21:57.787000,10904,10905,10905,1
2020-05-19,15:22:01.189000,10904,10905,10905,4
2020-05-19,15:22:06.490000,10904,10905,10904,2
2020-05-19,15:22:07.630000,10904,10905,10905,1
2020-05-19,15:22:17.946000,10904,10905,10905,2
2020-05-19,15:22:17.946000,10904,10905,10905,3
2020-05-19,15:22:27.272000,10904,10905,10905,1
2020-05-19,15:22:31.927000,10904,10905,10905,4
2020-05-19,15:22:41.330000,10905,10906,10906,13
2020-05-19,15:22:41.330000,10905,10906,10907,15
2020-05-19,15:22:41.376000,10905,10906,10907,1
2020-05-19,15:22:45.568000,10906,10908,10908,10
2020-05-19,15:22:46.328000,10907,10908,10907,1
2020-05-19,15:22:50.919000,10907,10908,10908,2
2020-05-19,15:22:52.700000,10907,10908,10907,1
2020-05-19,15:22:57.286000,10907,10908,10907,1
2020-05-19,15:22:57.392000,10907,10908,10907,1
2020-05-19,15:22:57.392000,10907,10908,10907,1
2020-05-19,15:22:57.392000,10907,10908,10907,1
2020-05-19,15:22:59.497000,10906,10907,10907,1
2020-05-19,15:22:59.904000,10906,10907,10907,1
2020-05-19,15:22:59.950000,10906,10907,10906,1
2020-05-19,15:22:59.951000,10906,10907,10906,1
2020-05-19,15:23:05.708000,10905,10906,10906,1
2020-05-19,15:23:18.560000,10905,10906,10906,2
2020-05-19,15:23:23.125000,10905,10906,10905,7
2020-05-19,15:23:24.090000,10904,10905,10905,5
2020-05-19,15:23:24.672000,10904,10905,10905,1
2020-05-19,15:23:25.490000,10904,10905,10905,1
2020-05-19,15:23:25.564000,10904,10905,10905,2
2020-05-19,15:23:28.926000,10904,10905,10905,1
2020-05-19,15:23:32.201000,10905,10906,10905,1
2020-05-19,15:23:38.551000,10905,10906,10905,2
2020-05-19,15:23:47.871000,10904,10905,10905,1
2020-05-19,15:23:50.963000,10904,10905,10905,1
2020-05-19,15:23:55.834000,10904,10905,10904,5
2020-05-19,15:24:08.093000,10902,10904,10903,1
2020-05-19,15:24:08.192000,10903,10904,10903,1
2020-05-19,15:24:08.417000,10903,10904,10904,2
2020-05-19,15:24:08.463000,10902,10904,10904,4
2020-05-19,15:24:12.637000,10902,10904,10904,1
2020-05-19,15:24:15.957000,10902,10903,10902,1
2020-05-19,15:24:16.162000,10901,10903,10903,3
2020-05-19,15:24:16.181000,10901,10903,10903,4
2020-05-19,15:24:22.054000,10901,10902,10902,1
2020-05-19,15:24:22.057000,10901,10902,10902,1
2020-05-19,15:24:22.402000,10901,10903,10903,4
2020-05-19,15:24:29.810000,10902,10903,10902,6
2020-05-19,15:24:31.917000,10901,10902,10902,1
2020-05-19,15:24:38.916000,10901,10902,10902,1
2020-05-19,15:24:40.186000,10901,10902,10902,1
2020-05-19,15:24:42.782000,10901,10902,10901,6
2020-05-19,15:24:43.944000,10900,10901,10900,1
2020-05-19,15:24:45.597000,10900,10901,10900,7
2020-05-19,15:24:57.761000,10900,10901,10900,4
2020-05-19,15:25:01.069000,10899,10900,10899,1
2020-05-19,15:25:04.936000,10899,10900,10899,5
2020-05-19,15:25:07.753000,10899,10900,10900,1
2020-05-19,15:25:14.168000,10899,10900,10900,1
2020-05-19,15:25:15.323000,10899,10900,10899,15
2020-05-19,15:25:15.323000,10899,10900,10899,6
2020-05-19,15:25:15.601000,10898,10899,10898,4
2020-05-19,15:25:17.535000,10897,10899,10897,14
2020-05-19,15:25:17.575000,10897,10898,10897,1
2020-05-19,15:25:17.616000,10897,10898,10897,1
2020-05-19,15:25:17.629000,10897,10898,10897,1
2020-05-19,15:25:17.629000,10897,10898,10897,1
2020-05-19,15:25:17.800000,10896,10897,10897,1
2020-05-19,15:25:18.856000,10896,10897,10897,1
2020-05-19,15:25:19.814000,10896,10897,10897,1
2020-05-19,15:25:19.845000,10896,10897,10896,1
2020-05-19,15:25:19.946000,10896,10897,10896,1
2020-05-19,15:25:20.046000,10896,10897,10896,13
2020-05-19,15:25:20.046000,10896,10897,10895,7
2020-05-19,15:25:20.212000,10895,10896,10895,1
2020-05-19,15:25:21.605000,10895,10896,10895,2
2020-05-19,15:25:21.741000,10895,10896,10895,1
2020-05-19,15:25:26.602000,10895,10896,10896,2
2020-05-19,15:25:26.602000,10895,10896,10896,2
2020-05-19,15:25:26.638000,10895,10896,10896,1
2020-05-19,15:25:27.103000,10896,10897,10896,1
2020-05-19,15:25:27.799000,10896,10897,10896,1
2020-05-19,15:25:30.328000,10896,10897,10897,1
2020-05-19,15:25:30.328000,10896,10897,10897,1
2020-05-19,15:25:30.328000,10896,10897,10897,1
2020-05-19,15:25:34.391000,10897,10898,10898,1
2020-05-19,15:25:37.038000,10898,10899,10898,5
2020-05-19,15:25:38.843000,10897,10898,10898,4
2020-05-19,15:25:51.211000,10898,10899,10898,3
2020-05-19,15:26:05.973000,10898,10899,10899,1
2020-05-19,15:26:07.877000,10899,10900,10900,9
2020-05-19,15:26:08.034000,10900,10901,10900,1
2020-05-19,15:26:08.688000,10900,10901,10900,1
2020-05-19,15:26:10.799000,10900,10901,10901,1
2020-05-19,15:26:10.806000,10900,10901,10900,1
2020-05-19,15:26:25.181000,10900,10901,10900,1
2020-05-19,15:26:30.190000,10900,10901,10900,2
2020-05-19,15:26:30.190000,10900,10901,10900,1
2020-05-19,15:26:30.190000,10900,10901,10900,1
2020-05-19,15:26:30.215000,10900,10901,10900,2
2020-05-19,15:26:30.251000,10900,10901,10900,2
2020-05-19,15:26:30.866000,10898,10900,10900,1
2020-05-19,15:26:38.343000,10898,10899,10899,1
2020-05-19,15:26:45.243000,10898,10899,10898,1
2020-05-19,15:26:51.126000,10898,10899,10898,1
2020-05-19,15:26:54.363000,10898,10899,10898,5
2020-05-19,15:26:55.013000,10898,10899,10898,1
2020-05-19,15:26:56.689000,10898,10899,10898,2
2020-05-19,15:26:59.536000,10898,10899,10898,2
2020-05-19,15:27:01.973000,10898,10899,10898,1
2020-05-19,15:27:02.077000,10898,10899,10898,3
2020-05-19,15:27:02.077000,10898,10899,10898,2
2020-05-19,15:27:12.884000,10897,10898,10898,1
2020-05-19,15:27:12.884000,10897,10898,10898,7
2020-05-19,15:27:14.993000,10898,10899,10898,1
2020-05-19,15:27:18.066000,10898,10899,10899,1
2020-05-19,15:27:22.304000,10898,10899,10898,1
2020-05-19,15:27:23.794000,10898,10899,10899,6
2020-05-19,15:27:26.901000,10899,10900,10900,3
2020-05-19,15:27:26.902000,10899,10900,10900,7
2020-05-19,15:27:26.956000,10900,10901,10901,3
2020-05-19,15:27:29.674000,10899,10901,10900,1
2020-05-19,15:27:38.008000,10900,10901,10901,1
2020-05-19,15:27:39.538000,10900,10901,10900,1
2020-05-19,15:27:45.369000,10899,10900,10900,1
2020-05-19,15:27:50.013000,10900,10901,10900,1
2020-05-19,15:27:50.409000,10900,10901,10900,2
2020-05-19,15:27:57.633000,10898,10900,10900,1
2020-05-19,15:27:59.730000,10900,10901,10900,1
2020-05-19,15:27:59.731000,10900,10901,10900,1
2020-05-19,15:27:59.740000,10900,10901,10899,1
2020-05-19,15:28:24.492000,10899,10900,10899,1
2020-05-19,15:28:29.764000,10899,10900,10900,1
2020-05-19,15:28:30.376000,10899,10900,10900,1
2020-05-19,15:28:33.834000,10899,10900,10900,7
2020-05-19,15:28:39.767000,10899,10900,10899,6
2020-05-19,15:28:45.037000,10898,10899,10898,4
2020-05-19,15:28:45.037000,10898,10899,10898,1
2020-05-19,15:28:45.037000,10898,10899,10898,1
2020-05-19,15:28:45.037000,10898,10899,10898,1
2020-05-19,15:28:45.070000,10897,10898,10897,2
2020-05-19,15:28:45.146000,10897,10898,10897,2
2020-05-19,15:28:48.211000,10896,10898,10896,1
2020-05-19,15:28:49.380000,10896,10898,10896,1
2020-05-19,15:28:53.915000,10896,10897,10897,1
2020-05-19,15:28:54.886000,10896,10897,10897,1
2020-05-19,15:28:54.886000,10896,10897,10897,1
2020-05-19,15:29:12.144000,10896,10897,10897,2
2020-05-19,15:29:15.045000,10896,10897,10896,1
2020-05-19,15:29:18.420000,10896,10897,10897,1
2020-05-19,15:29:21.354000,10896,10898,10896,1
2020-05-19,15:29:23.541000,10896,10898,10898,1
2020-05-19,15:29:24.455000,10897,10898,10897,2
2020-05-19,15:29:25.284000,10897,10898,10897,1
2020-05-19,15:29:29.083000,10896,10898,10898,5
2020-05-19,15:29:34.235000,10896,10897,10896,15
2020-05-19,15:29:34.235000,10896,10897,10896,1
2020-05-19,15:29:34.670000,10895,10896,10895,1
2020-05-19,15:29:34.670000,10895,10896,10895,1
2020-05-19,15:29:34.670000,10895,10896,10895,1
2020-05-19,15:29:34.670000,10895,10896,10895,3
2020-05-19,15:29:34.671000,10895,10896,10895,5
2020-05-19,15:29:34.671000,10895,10896,10895,2
2020-05-19,15:29:34.671000,10895,10896,10895,9
2020-05-19,15:29:34.671000,10895,10896,10895,1
2020-05-19,15:29:34.672000,10895,10896,10895,2
2020-05-19,15:29:34.672000,10895,10896,10895,1
2020-05-19,15:29:35.850000,10894,10895,10895,1
2020-05-19,15:29:35.850000,10894,10895,10895,2
2020-05-19,15:29:39.147000,10894,10895,10895,1
2020-05-19,15:29:41.548000,10894,10895,10894,5
2020-05-19,15:29:41.548000,10894,10895,10894,2
2020-05-19,15:29:41.549000,10894,10895,10894,4
2020-05-19,15:29:42.285000,10893,10894,10894,4
2020-05-19,15:29:42.285000,10893,10894,10895,1
2020-05-19,15:29:42.675000,10893,10894,10893,3
2020-05-19,15:29:43.130000,10893,10894,10893,1
2020-05-19,15:29:43.270000,10893,10894,10893,1
2020-05-19,15:29:44.260000,10893,10894,10893,1
2020-05-19,15:29:44.371000,10893,10894,10893,1
2020-05-19,15:29:45.321000,10893,10894,10893,2
2020-05-19,15:29:45.545000,10893,10895,10893,1
2020-05-19,15:29:45.659000,10893,10895,10893,1
2020-05-19,15:29:46.047000,10893,10894,10893,1
2020-05-19,15:29:46.666000,10893,10894,10893,1
2020-05-19,15:29:47.805000,10892,10893,10892,1
2020-05-19,15:29:47.946000,10892,10893,10892,1
2020-05-19,15:29:49.036000,10892,10893,10893,1
2020-05-19,15:29:49.083000,10893,10894,10893,2
2020-05-19,15:29:49.083000,10893,10894,10892,2
2020-05-19,15:29:49.184000,10893,10894,10893,1
2020-05-19,15:29:49.214000,10893,10894,10893,1
2020-05-19,15:29:51.022000,10892,10893,10892,2
2020-05-19,15:29:51.600000,10892,10893,10892,3
2020-05-19,15:29:51.714000,10892,10893,10893,5
2020-05-19,15:29:52.125000,10892,10893,10892,2
2020-05-19,15:29:53.512000,10891,10892,10891,1
2020-05-19,15:29:53.574000,10891,10892,10891,1
2020-05-19,15:29:53.600000,10891,10892,10891,1
2020-05-19,15:29:53.625000,10891,10892,10891,2
2020-05-19,15:29:53.638000,10891,10892,10892,3
2020-05-19,15:29:53.638000,10891,10892,10893,1
2020-05-19,15:29:54.051000,10891,10893,10891,1
2020-05-19,15:29:54.898000,10891,10893,10891,1
2020-05-19,15:29:55.922000,10891,10893,10891,16
2020-05-19,15:29:55.922000,10891,10893,10890,9
2020-05-19,15:29:55.964000,10891,10893,10891,3
2020-05-19,15:29:55.985000,10891,10893,10891,1
2020-05-19,15:29:56.071000,10891,10892,10891,1
2020-05-19,15:29:56.081000,10891,10892,10891,1
2020-05-19,15:29:56.150000,10891,10892,10892,1
2020-05-19,15:29:56.180000,10891,10893,10891,1
2020-05-19,15:29:57.072000,10891,10892,10891,2
2020-05-19,15:29:57.261000,10891,10892,10891,2
2020-05-19,15:29:57.754000,10891,10892,10892,1
2020-05-19,15:29:57.837000,10892,10893,10892,1
2020-05-19,15:29:58.937000,10892,10893,10892,2
2020-05-19,15:29:59.345000,10892,10893,10892,1
2020-05-19,15:30:00.102000,10892,10893,10893,2
2020-05-19,15:30:00.102000,10892,10893,10893,2
2020-05-19,15:30:00.627000,10892,10894,10892,2
2020-05-19,15:30:00.823000,10892,10894,10894,1
2020-05-19,15:30:01.033000,10892,10894,10892,1
2020-05-19,15:30:01.074000,10892,10893,10893,1
2020-05-19,15:30:01.930000,10891,10893,10893,2
2020-05-19,15:30:02.387000,10891,10892,10892,1
2020-05-19,15:30:02.773000,10892,10893,10892,1
2020-05-19,15:30:02.773000,10892,10893,10891,1
2020-05-19,15:30:03.682000,10891,10893,10893,5
2020-05-19,15:30:05.704000,10891,10893,10893,2
2020-05-19,15:30:06.429000,10891,10892,10892,1
2020-05-19,15:30:07.395000,10892,10893,10892,1
2020-05-19,15:30:07.395000,10892,10893,10892,2
2020-05-19,15:30:07.395000,10892,10893,10892,4
2020-05-19,15:30:07.395000,10892,10893,10892,2
2020-05-19,15:30:07.396000,10892,10893,10892,4
2020-05-19,15:30:07.396000,10892,10893,10892,1
2020-05-19,15:30:07.456000,10891,10892,10892,1
2020-05-19,15:30:07.584000,10891,10893,10891,1
2020-05-19,15:30:09.125000,10892,10893,10892,1
2020-05-19,15:30:09.125000,10892,10893,10891,4
2020-05-19,15:30:11.078000,10891,10893,10893,5
2020-05-19,15:30:12.190000,10891,10892,10891,1
2020-05-19,15:30:14.135000,10891,10892,10891,1
2020-05-19,15:30:14.136000,10891,10892,10891,5
2020-05-19,15:30:14.174000,10890,10891,10890,1
2020-05-19,15:30:14.539000,10890,10892,10890,1
2020-05-19,15:30:15.376000,10890,10892,10890,2
2020-05-19,15:30:15.530000,10890,10892,10891,1
2020-05-19,15:30:18.483000,10891,10892,10891,1
2020-05-19,15:30:19.764000,10890,10892,10892,1
2020-05-19,15:30:21.165000,10890,10892,10891,1
2020-05-19,15:30:23.386000,10890,10891,10891,1
2020-05-19,15:30:25.401000,10890,10891,10891,1
2020-05-19,15:30:25.820000,10891,10892,10892,1
2020-05-19,15:30:27.261000,10891,10892,10892,2
2020-05-19,15:30:27.261000,10891,10892,10892,2
2020-05-19,15:30:27.451000,10891,10893,10891,4
2020-05-19,15:30:27.457000,10891,10893,10893,5
2020-05-19,15:30:27.981000,10892,10893,10892,1
2020-05-19,15:30:28.404000,10892,10893,10893,3
2020-05-19,15:30:28.404000,10892,10893,10893,1
2020-05-19,15:30:29.253000,10892,10893,10892,1
2020-05-19,15:30:30.580000,10892,10893,10892,1
2020-05-19,15:30:35.925000,10892,10893,10893,4
2020-05-19,15:30:35.925000,10892,10893,10894,1
2020-05-19,15:30:36.165000,10892,10894,10894,1
2020-05-19,15:30:38.052000,10892,10893,10892,4
2020-05-19,15:30:38.052000,10892,10893,10892,4
2020-05-19,15:30:39.057000,10891,10893,10891,1
2020-05-19,15:30:41.577000,10891,10892,10892,1
2020-05-19,15:30:47.830000,10891,10893,10893,5
2020-05-19,15:30:53.102000,10892,10893,10892,1
2020-05-19,15:30:57.162000,10892,10893,10892,3
2020-05-19,15:30:57.162000,10892,10893,10891,22
2020-05-19,15:30:57.418000,10891,10892,10892,3
2020-05-19,15:30:59.344000,10891,10892,10892,4
2020-05-19,15:30:59.444000,10892,10893,10892,1
2020-05-19,15:30:59.612000,10892,10893,10891,1
2020-05-19,15:31:00.250000,10891,10893,10891,1
2020-05-19,15:31:02.127000,10891,10893,10891,1
2020-05-19,15:31:05.882000,10891,10892,10892,1
2020-05-19,15:31:11.303000,10891,10892,10891,3
2020-05-19,15:31:15.391000,10890,10892,10892,5
2020-05-19,15:31:20.072000,10891,10892,10891,3
2020-05-19,15:31:20.289000,10890,10891,10891,1
2020-05-19,15:31:21.034000,10890,10891,10891,1
2020-05-19,15:31:21.400000,10891,10892,10891,4
2020-05-19,15:31:22.744000,10891,10892,10891,1
2020-05-19,15:31:35.444000,10891,10892,10891,1
2020-05-19,15:31:46.814000,10891,10892,10891,2
2020-05-19,15:31:46.814000,10891,10892,10891,4
2020-05-19,15:31:49.389000,10890,10891,10890,1
2020-05-19,15:31:49.761000,10890,10891,10890,1
2020-05-19,15:31:49.761000,10890,10891,10890,2
2020-05-19,15:31:49.761000,10890,10891,10890,3
2020-05-19,15:31:49.794000,10890,10891,10890,2
2020-05-19,15:31:59.376000,10889,10890,10889,1
2020-05-19,15:31:59.439000,10889,10890,10889,1
2020-05-19,15:31:59.439000,10889,10890,10889,2
2020-05-19,15:31:59.545000,10888,10889,10889,1
2020-05-19,15:32:00.559000,10888,10890,10888,2
2020-05-19,15:32:01.049000,10888,10890,10888,1
2020-05-19,15:32:01.979000,10888,10890,10888,2
2020-05-19,15:32:03.890000,10889,10890,10889,1
2020-05-19,15:32:04.834000,10889,10890,10890,1
2020-05-19,15:32:04.834000,10889,10890,10890,1
2020-05-19,15:32:04.834000,10889,10890,10890,9
2020-05-19,15:32:07.805000,10889,10891,10891,1
2020-05-19,15:32:13.236000,10889,10890,10890,1
2020-05-19,15:32:19.245000,10889,10890,10890,5
2020-05-19,15:32:23.403000,10889,10891,10891,1
2020-05-19,15:32:25.220000,10889,10890,10889,2
2020-05-19,15:32:29.477000,10889,10890,10889,1
2020-05-19,15:32:31.098000,10889,10890,10890,17
2020-05-19,15:32:31.811000,10890,10891,10890,1
2020-05-19,15:32:35.925000,10890,10891,10891,2
2020-05-19,15:32:35.925000,10890,10891,10891,1
2020-05-19,15:32:35.925000,10890,10891,10891,2
2020-05-19,15:32:35.925000,10890,10891,10891,1
2020-05-19,15:32:43.350000,10890,10891,10891,2
2020-05-19,15:32:44.371000,10890,10892,10892,1
2020-05-19,15:32:49.953000,10891,10892,10892,1
2020-05-19,15:32:50.383000,10891,10892,10892,3
2020-05-19,15:32:50.383000,10891,10892,10893,2
2020-05-19,15:32:52.208000,10891,10892,10892,1
2020-05-19,15:32:55.506000,10891,10892,10891,2
2020-05-19,15:32:55.507000,10891,10892,10891,1
2020-05-19,15:32:55.507000,10891,10892,10891,1
2020-05-19,15:33:02.875000,10890,10891,10891,1
2020-05-19,15:33:06.666000,10890,10891,10890,4
2020-05-19,15:33:16.183000,10890,10891,10891,3
2020-05-19,15:33:19.921000,10889,10890,10890,1
2020-05-19,15:33:23.228000,10889,10890,10890,1
2020-05-19,15:33:24.099000,10889,10890,10889,1
2020-05-19,15:33:24.099000,10889,10890,10889,3
2020-05-19,15:33:24.099000,10889,10890,10889,2
2020-05-19,15:33:24.099000,10889,10890,10889,2
2020-05-19,15:33:25.010000,10888,10889,10889,2
2020-05-19,15:33:25.271000,10889,10890,10889,1
2020-05-19,15:33:27.315000,10888,10889,10889,1
2020-05-19,15:33:32.126000,10888,10889,10889,1
2020-05-19,15:33:34.688000,10889,10890,10890,2
2020-05-19,15:33:38.108000,10890,10891,10891,2
2020-05-19,15:33:46.220000,10891,10892,10892,2
2020-05-19,15:33:46.221000,10891,10892,10892,2
2020-05-19,15:33:46.221000,10891,10892,10892,3
2020-05-19,15:33:46.372000,10892,10893,10892,1
2020-05-19,15:33:47.187000,10891,10893,10891,1
2020-05-19,15:33:49.654000,10892,10893,10892,1
2020-05-19,15:33:53.745000,10892,10893,10893,2
2020-05-19,15:33:53.745000,10892,10893,10893,1
2020-05-19,15:33:54.232000,10892,10894,10892,1
2020-05-19,15:33:59.811000,10893,10894,10894,2
2020-05-19,15:33:59.946000,10893,10895,10895,2
2020-05-19,15:34:00.880000,10892,10894,10892,1
2020-05-19,15:34:07.354000,10893,10894,10894,1
2020-05-19,15:34:07.522000,10893,10894,10893,1
2020-05-19,15:34:17.496000,10893,10894,10893,1
2020-05-19,15:34:18.780000,10893,10894,10894,3
2020-05-19,15:34:18.780000,10893,10894,10894,2
2020-05-19,15:34:21.291000,10893,10894,10894,3
2020-05-19,15:34:22.156000,10893,10894,10893,1
2020-05-19,15:34:25.410000,10893,10894,10893,1
2020-05-19,15:34:25.411000,10893,10894,10893,2
2020-05-19,15:34:25.411000,10893,10894,10893,3
2020-05-19,15:34:26.148000,10892,10893,10893,1
2020-05-19,15:34:30.298000,10892,10893,10892,1
2020-05-19,15:34:30.299000,10892,10893,10892,3
2020-05-19,15:34:30.299000,10892,10893,10892,7
2020-05-19,15:34:30.850000,10891,10892,10892,1
2020-05-19,15:34:31.418000,10891,10892,10892,1
2020-05-19,15:34:33.730000,10891,10892,10891,2
2020-05-19,15:34:33.731000,10891,10892,10891,5
2020-05-19,15:34:36.631000,10890,10891,10891,2
2020-05-19,15:34:36.682000,10890,10891,10890,5
2020-05-19,15:34:36.683000,10890,10891,10890,1
2020-05-19,15:34:36.683000,10890,10891,10890,1
2020-05-19,15:34:36.683000,10890,10891,10890,2
2020-05-19,15:34:36.683000,10890,10891,10890,2
2020-05-19,15:34:37.824000,10889,10890,10890,1
2020-05-19,15:34:41.469000,10890,10892,10892,1
2020-05-19,15:34:49.602000,10890,10892,10891,1
2020-05-19,15:34:50.760000,10890,10891,10891,2
2020-05-19,15:34:52.359000,10890,10891,10891,3
2020-05-19,15:34:52.359000,10890,10891,10892,7
2020-05-19,15:35:04.188000,10890,10891,10891,1
2020-05-19,15:35:05.522000,10890,10891,10890,1
2020-05-19,15:35:07.294000,10890,10891,10890,2
2020-05-19,15:35:07.294000,10890,10891,10890,3
2020-05-19,15:35:08.021000,10889,10890,10890,1
2020-05-19,15:35:17.604000,10891,10892,10892,12
2020-05-19,15:35:22.642000,10891,10892,10892,1
2020-05-19,15:35:22.643000,10891,10892,10892,1
2020-05-19,15:35:22.643000,10891,10892,10892,8
2020-05-19,15:35:22.643000,10891,10892,10892,2
2020-05-19,15:35:28.239000,10891,10892,10892,1
2020-05-19,15:35:41.312000,10891,10893,10892,1
2020-05-19,15:35:45.901000,10892,10893,10892,1
2020-05-19,15:35:51.448000,10892,10893,10892,2
2020-05-19,15:35:55.827000,10892,10893,10892,1
2020-05-19,15:36:02.656000,10890,10891,10891,1
2020-05-19,15:36:09.171000,10890,10891,10890,1
2020-05-19,15:36:09.172000,10890,10891,10890,15
2020-05-19,15:36:09.172000,10890,10891,10890,5
2020-05-19,15:36:09.465000,10889,10891,10890,1
2020-05-19,15:36:09.639000,10889,10890,10889,8
2020-05-19,15:36:11.224000,10889,10890,10889,1
2020-05-19,15:36:11.685000,10889,10890,10890,2
2020-05-19,15:36:12.550000,10890,10891,10891,2
2020-05-19,15:36:12.550000,10890,10891,10891,4
2020-05-19,15:36:13.798000,10891,10893,10891,1
2020-05-19,15:36:14.443000,10890,10892,10890,4
2020-05-19,15:36:15.283000,10891,10892,10891,1
2020-05-19,15:36:18.543000,10890,10891,10890,3
2020-05-19,15:36:20.470000,10890,10891,10890,1
2020-05-19,15:36:24.677000,10889,10890,10890,2
2020-05-19,15:36:25.474000,10888,10890,10890,5
2020-05-19,15:36:25.795000,10889,10890,10890,1
2020-05-19,15:36:27.337000,10889,10890,10889,3
2020-05-19,15:36:28.491000,10888,10890,10890,1
2020-05-19,15:36:31.068000,10889,10890,10889,1
2020-05-19,15:36:31.702000,10888,10889,10888,1
2020-05-19,15:36:35.177000,10888,10889,10888,2
2020-05-19,15:36:36.517000,10888,10889,10888,2
2020-05-19,15:36:38.566000,10888,10889,10889,5
2020-05-19,15:36:38.968000,10888,10889,10889,5
2020-05-19,15:36:38.968000,10888,10889,10889,1
2020-05-19,15:36:39.008000,10888,10889,10888,6
2020-05-19,15:36:40.394000,10888,10889,10888,4
2020-05-19,15:36:41.146000,10887,10889,10887,1
2020-05-19,15:36:41.192000,10887,10889,10887,1
2020-05-19,15:36:41.454000,10888,10889,10888,1
2020-05-19,15:36:43.015000,10887,10888,10888,1
2020-05-19,15:36:44.244000,10887,10888,10887,1
2020-05-19,15:36:45.367000,10887,10888,10887,2
2020-05-19,15:36:47.004000,10887,10888,10887,2
2020-05-19,15:36:48.292000,10887,10888,10888,1
2020-05-19,15:36:48.292000,10887,10888,10888,10
2020-05-19,15:36:48.795000,10888,10889,10888,1
2020-05-19,15:36:53.625000,10888,10889,10888,1
2020-05-19,15:37:00.287000,10888,10889,10888,1
2020-05-19,15:37:02.221000,10888,10889,10888,2
2020-05-19,15:37:03.389000,10888,10889,10889,1
2020-05-19,15:37:04.312000,10889,10890,10889,1
2020-05-19,15:37:05.147000,10889,10890,10890,2
2020-05-19,15:37:07.204000,10889,10890,10890,2
2020-05-19,15:37:07.204000,10889,10890,10890,1
2020-05-19,15:37:08.536000,10889,10890,10890,2
2020-05-19,15:37:11.844000,10889,10890,10890,1
2020-05-19,15:37:15.743000,10889,10890,10890,2
2020-05-19,15:37:16.516000,10890,10891,10890,3
2020-05-19,15:37:16.516000,10890,10891,10890,4
2020-05-19,15:37:22.350000,10889,10890,10889,2
2020-05-19,15:37:22.350000,10889,10890,10889,1
2020-05-19,15:37:35.526000,10889,10890,10889,1
2020-05-19,15:37:43.903000,10889,10890,10889,2
2020-05-19,15:37:57.767000,10889,10890,10890,4
2020-05-19,15:37:57.767000,10889,10890,10890,1
2020-05-19,15:37:57.768000,10889,10890,10890,1
2020-05-19,15:38:06.509000,10890,10891,10891,5
2020-05-19,15:38:06.509000,10890,10891,10891,6
2020-05-19,15:38:13.188000,10891,10892,10892,2
2020-05-19,15:38:13.724000,10891,10892,10891,1
2020-05-19,15:38:21.511000,10891,10892,10891,1
2020-05-19,15:38:21.511000,10891,10892,10891,5
2020-05-19,15:38:22.594000,10890,10891,10891,1
2020-05-19,15:38:25.544000,10891,10892,10892,3
2020-05-19,15:38:25.545000,10891,10892,10892,1
2020-05-19,15:38:29.150000,10891,10893,10893,1
2020-05-19,15:38:31.048000,10892,10893,10893,1
2020-05-19,15:38:37.897000,10892,10893,10893,1
2020-05-19,15:38:38.816000,10892,10893,10892,1
2020-05-19,15:38:39.121000,10892,10893,10893,4
2020-05-19,15:38:39.122000,10892,10893,10893,4
2020-05-19,15:38:39.122000,10892,10893,10893,1
2020-05-19,15:38:40.188000,10893,10894,10893,1
2020-05-19,15:38:40.501000,10893,10894,10893,1
2020-05-19,15:38:40.736000,10893,10894,10894,1
2020-05-19,15:38:45.355000,10892,10893,10893,1
2020-05-19,15:38:45.444000,10892,10894,10894,1
2020-05-19,15:38:53.638000,10892,10893,10893,1
2020-05-19,15:38:57.208000,10892,10893,10893,1
2020-05-19,15:38:59.663000,10893,10894,10893,1
2020-05-19,15:39:00.612000,10893,10894,10893,3
2020-05-19,15:39:00.920000,10892,10893,10892,2
2020-05-19,15:39:02.940000,10892,10893,10893,1
2020-05-19,15:39:02.971000,10892,10893,10893,1
2020-05-19,15:39:05.416000,10893,10894,10893,1
2020-05-19,15:39:12.577000,10893,10894,10893,3
2020-05-19,15:39:12.578000,10893,10894,10893,1
2020-05-19,15:39:16.543000,10892,10893,10893,1
2020-05-19,15:39:16.544000,10892,10893,10893,1
2020-05-19,15:39:16.544000,10892,10893,10893,1
2020-05-19,15:39:18.431000,10892,10893,10893,2
2020-05-19,15:39:21.176000,10893,10894,10893,1
2020-05-19,15:39:22.268000,10892,10893,10893,1
2020-05-19,15:39:26.698000,10892,10893,10893,1
2020-05-19,15:39:36.918000,10892,10893,10893,4
2020-05-19,15:39:40.919000,10893,10894,10894,1
2020-05-19,15:39:42.269000,10893,10894,10894,1
2020-05-19,15:39:42.269000,10893,10894,10894,1
2020-05-19,15:39:42.269000,10893,10894,10894,1
2020-05-19,15:39:42.269000,10893,10894,10894,1
2020-05-19,15:39:42.272000,10893,10894,10894,2
2020-05-19,15:39:42.272000,10893,10894,10894,1
2020-05-19,15:39:42.272000,10893,10894,10894,1
2020-05-19,15:39:42.272000,10893,10894,10894,1
2020-05-19,15:39:42.272000,10893,10894,10894,4
2020-05-19,15:39:42.275000,10893,10894,10894,2
2020-05-19,15:39:42.275000,10893,10894,10894,3
2020-05-19,15:39:42.276000,10893,10894,10894,1
2020-05-19,15:39:42.279000,10893,10894,10894,4
2020-05-19,15:39:42.279000,10893,10894,10894,3
2020-05-19,15:39:42.280000,10893,10894,10894,4
2020-05-19,15:39:57.036000,10893,10895,10894,1
2020-05-19,15:40:00.206000,10893,10894,10893,1
2020-05-19,15:40:04.121000,10893,10894,10893,15
2020-05-19,15:40:04.122000,10893,10894,10893,2
2020-05-19,15:40:04.122000,10893,10894,10893,4
2020-05-19,15:40:04.519000,10892,10893,10892,8
2020-05-19,15:40:04.842000,10891,10892,10891,2
2020-05-19,15:40:04.929000,10891,10892,10891,2
2020-05-19,15:40:07.130000,10891,10892,10891,2
2020-05-19,15:40:07.130000,10891,10892,10891,2
2020-05-19,15:40:07.130000,10891,10892,10891,1
2020-05-19,15:40:10.980000,10891,10892,10891,1
2020-05-19,15:40:11.768000,10890,10891,10891,1
2020-05-19,15:40:13.760000,10890,10891,10890,1
2020-05-19,15:40:13.760000,10890,10891,10890,2
2020-05-19,15:40:13.760000,10890,10891,10890,4
2020-05-19,15:40:13.760000,10890,10891,10890,2
2020-05-19,15:40:13.760000,10890,10891,10890,1
2020-05-19,15:40:13.822000,10889,10890,10889,1
2020-05-19,15:40:17.216000,10889,10891,10891,2
2020-05-19,15:40:22.154000,10889,10891,10891,1
2020-05-19,15:40:27.001000,10890,10891,10891,2
2020-05-19,15:40:27.065000,10891,10892,10891,1
2020-05-19,15:40:35.191000,10891,10892,10891,1
2020-05-19,15:40:35.325000,10891,10892,10891,1
2020-05-19,15:40:37.121000,10890,10891,10891,1
2020-05-19,15:40:48.835000,10890,10891,10891,2
2020-05-19,15:40:53.479000,10890,10891,10890,4
2020-05-19,15:40:53.479000,10890,10891,10890,4
2020-05-19,15:41:03.044000,10890,10891,10890,1
2020-05-19,15:41:04.185000,10890,10891,10891,3
2020-05-19,15:41:06.404000,10890,10892,10890,1
2020-05-19,15:41:18.967000,10890,10892,10892,1
2020-05-19,15:41:23.515000,10890,10891,10890,8
2020-05-19,15:41:23.515000,10890,10891,10889,44
2020-05-19,15:41:23.516000,10890,10891,10889,2
2020-05-19,15:41:23.516000,10890,10891,10889,2
2020-05-19,15:41:23.516000,10890,10891,10889,15
2020-05-19,15:41:23.517000,10890,10891,10889,1
2020-05-19,15:41:30.072000,10888,10890,10888,3
2020-05-19,15:41:30.301000,10888,10889,10888,2
2020-05-19,15:41:30.893000,10888,10889,10888,1
2020-05-19,15:41:31.570000,10888,10889,10888,2
2020-05-19,15:41:31.570000,10888,10889,10887,1
2020-05-19,15:41:42.464000,10889,10890,10890,3
2020-05-19,15:41:42.464000,10889,10890,10890,2
2020-05-19,15:41:43.925000,10890,10891,10890,3
2020-05-19,15:41:44.462000,10890,10891,10890,2
2020-05-19,15:41:48.462000,10890,10891,10890,3
2020-05-19,15:41:48.462000,10890,10891,10889,2
2020-05-19,15:41:53.947000,10889,10890,10889,1
2020-05-19,15:41:54.799000,10889,10890,10889,1
2020-05-19,15:41:55.460000,10889,10890,10889,1
2020-05-19,15:42:00.595000,10889,10890,10889,1
2020-05-19,15:42:01.812000,10889,10890,10890,1
2020-05-19,15:42:04.730000,10889,10890,10890,5
2020-05-19,15:42:08.216000,10890,10891,10890,1
2020-05-19,15:42:11.068000,10890,10891,10891,1
2020-05-19,15:42:11.069000,10890,10891,10891,1
2020-05-19,15:42:15.806000,10890,10891,10890,1
2020-05-19,15:42:18.837000,10890,10891,10891,1
2020-05-19,15:42:24.389000,10890,10891,10891,1
2020-05-19,15:42:29.331000,10890,10892,10892,2
2020-05-19,15:42:42.483000,10890,10891,10890,5
2020-05-19,15:42:49.172000,10890,10891,10891,1
2020-05-19,15:43:16.470000,10890,10891,10891,1
2020-05-19,15:43:23.026000,10890,10892,10891,1
2020-05-19,15:43:28.358000,10891,10892,10891,3
2020-05-19,15:43:37.623000,10891,10892,10891,1
2020-05-19,15:43:37.623000,10891,10892,10890,2
2020-05-19,15:43:40.013000,10890,10892,10891,2
2020-05-19,15:43:40.013000,10890,10892,10892,10
2020-05-19,15:43:42.093000,10890,10892,10890,1
2020-05-19,15:43:45.385000,10890,10892,10890,5
2020-05-19,15:43:45.968000,10890,10891,10891,1
2020-05-19,15:44:03.118000,10890,10891,10891,2
2020-05-19,15:44:03.840000,10890,10891,10891,3
2020-05-19,15:44:09.684000,10891,10892,10892,2
2020-05-19,15:44:09.684000,10891,10892,10892,1
2020-05-19,15:44:09.829000,10892,10893,10892,3
2020-05-19,15:44:14.265000,10891,10892,10892,2
2020-05-19,15:44:23.535000,10892,10893,10892,5
2020-05-19,15:44:31.102000,10892,10893,10892,4
2020-05-19,15:44:31.102000,10892,10893,10891,1
2020-05-19,15:44:36.773000,10891,10892,10891,2
2020-05-19,15:44:36.773000,10891,10892,10891,3
2020-05-19,15:44:42.300000,10891,10892,10891,1
2020-05-19,15:44:42.300000,10891,10892,10890,4
2020-05-19,15:44:44.108000,10890,10891,10891,1
2020-05-19,15:44:46.750000,10890,10891,10891,1
2020-05-19,15:44:48.276000,10890,10892,10890,1
2020-05-19,15:44:51.436000,10890,10891,10891,4
2020-05-19,15:44:51.436000,10890,10891,10892,1
2020-05-19,15:44:55.425000,10890,10892,10890,5
2020-05-19,15:45:04.260000,10890,10891,10890,1
2020-05-19,15:45:04.260000,10890,10891,10890,2
2020-05-19,15:45:04.260000,10890,10891,10890,1
2020-05-19,15:45:09.730000,10889,10890,10890,1
2020-05-19,15:45:09.730000,10889,10890,10890,2
2020-05-19,15:45:09.730000,10889,10890,10890,2
2020-05-19,15:45:22.241000,10890,10891,10890,2
2020-05-19,15:45:23.597000,10890,10891,10891,4
2020-05-19,15:45:23.597000,10890,10891,10891,1
2020-05-19,15:45:28.611000,10891,10892,10891,1
2020-05-19,15:45:35.707000,10891,10892,10892,9
2020-05-19,15:45:35.707000,10891,10892,10892,1
2020-05-19,15:45:37.623000,10891,10893,10891,5
2020-05-19,15:45:45.457000,10891,10892,10892,1
2020-05-19,15:45:47.325000,10891,10892,10892,3
2020-05-19,15:45:48.550000,10892,10893,10892,1
2020-05-19,15:46:08.005000,10892,10893,10892,1
2020-05-19,15:46:09.233000,10892,10893,10893,1
2020-05-19,15:46:09.233000,10892,10893,10893,1
2020-05-19,15:46:09.233000,10892,10893,10893,7
2020-05-19,15:46:09.233000,10892,10893,10893,2
2020-05-19,15:46:09.233000,10892,10893,10893,10
2020-05-19,15:46:09.234000,10892,10893,10893,2
2020-05-19,15:46:09.234000,10892,10893,10893,1
2020-05-19,15:46:09.234000,10892,10893,10893,2
2020-05-19,15:46:18.870000,10893,10894,10893,6
2020-05-19,15:46:22.416000,10892,10894,10893,1
2020-05-19,15:46:23.825000,10892,10893,10893,1
2020-05-19,15:46:28.347000,10893,10894,10893,2
2020-05-19,15:46:35.431000,10892,10893,10893,1
2020-05-19,15:46:45.107000,10892,10893,10892,14
2020-05-19,15:46:45.108000,10892,10893,10892,1
2020-05-19,15:46:45.654000,10891,10892,10891,1
2020-05-19,15:46:45.654000,10891,10892,10891,7
2020-05-19,15:46:45.654000,10891,10892,10891,3
2020-05-19,15:46:45.655000,10891,10892,10891,1
2020-05-19,15:46:47.016000,10890,10892,10892,2
2020-05-19,15:46:56.764000,10891,10893,10893,1
2020-05-19,15:47:03.850000,10891,10892,10892,1
2020-05-19,15:47:05.521000,10891,10892,10891,2
2020-05-19,15:47:06.548000,10890,10892,10891,2
2020-05-19,15:47:06.549000,10890,10892,10891,1
2020-05-19,15:47:06.549000,10890,10892,10891,2
2020-05-19,15:47:10.300000,10890,10892,10892,1
2020-05-19,15:47:11.118000,10891,10892,10891,1
2020-05-19,15:47:22.142000,10891,10892,10891,1
2020-05-19,15:47:22.142000,10891,10892,10891,1
2020-05-19,15:47:24.671000,10891,10892,10891,1
2020-05-19,15:47:27.324000,10890,10891,10891,1
2020-05-19,15:47:33.960000,10890,10891,10891,1
2020-05-19,15:47:34.121000,10891,10892,10891,1
2020-05-19,15:47:35.441000,10891,10892,10891,3
2020-05-19,15:47:41.044000,10891,10892,10892,7
2020-05-19,15:47:44.210000,10892,10893,10892,1
2020-05-19,15:47:49.465000,10891,10893,10892,4
2020-05-19,15:47:49.493000,10891,10893,10892,2
2020-05-19,15:47:49.493000,10891,10893,10892,3
2020-05-19,15:47:56.787000,10891,10892,10892,1
2020-05-19,15:47:57.330000,10891,10892,10891,1
2020-05-19,15:47:58.428000,10891,10892,10891,1
2020-05-19,15:48:00.154000,10891,10892,10891,5
2020-05-19,15:48:00.643000,10890,10891,10890,1
2020-05-19,15:48:01.388000,10890,10891,10890,10
2020-05-19,15:48:01.401000,10890,10891,10890,13
2020-05-19,15:48:01.402000,10890,10891,10890,5
2020-05-19,15:48:01.402000,10890,10891,10890,4
2020-05-19,15:48:02.427000,10889,10890,10889,2
2020-05-19,15:48:02.507000,10889,10890,10889,1
2020-05-19,15:48:02.700000,10889,10890,10889,5
2020-05-19,15:48:04.245000,10888,10889,10888,1
2020-05-19,15:48:04.323000,10888,10889,10889,1
2020-05-19,15:48:06.010000,10888,10889,10888,6
2020-05-19,15:48:06.295000,10887,10888,10887,1
2020-05-19,15:48:08.594000,10887,10888,10888,1
2020-05-19,15:48:08.594000,10887,10888,10889,2
2020-05-19,15:48:09.659000,10887,10889,10887,2
2020-05-19,15:48:09.997000,10887,10888,10888,1
2020-05-19,15:48:10.499000,10888,10889,10887,1
2020-05-19,15:48:12,10888,10889,10888,1
2020-05-19,15:48:14.447000,10888,10889,10888,1
2020-05-19,15:48:16.137000,10888,10889,10888,1
2020-05-19,15:48:16.830000,10887,10889,10889,2
2020-05-19,15:48:18.582000,10887,10888,10888,1
2020-05-19,15:48:23.568000,10888,10889,10889,4
2020-05-19,15:48:31.522000,10889,10891,10889,1
2020-05-19,15:48:33.886000,10890,10891,10890,1
2020-05-19,15:48:37.590000,10889,10891,10889,1
2020-05-19,15:48:40.784000,10890,10891,10891,2
2020-05-19,15:48:44.495000,10891,10892,10891,2
2020-05-19,15:48:44.495000,10891,10892,10890,3
2020-05-19,15:48:51.985000,10891,10892,10891,5
2020-05-19,15:48:51.985000,10891,10892,10890,5
2020-05-19,15:48:52.066000,10890,10892,10890,1
2020-05-19,15:48:59.089000,10890,10891,10891,1
2020-05-19,15:49:01.365000,10890,10891,10891,1
2020-05-19,15:49:01.849000,10891,10892,10891,1
2020-05-19,15:49:04.830000,10891,10892,10891,1
2020-05-19,15:49:05.589000,10891,10892,10891,1
2020-05-19,15:49:06.229000,10891,10892,10891,1
2020-05-19,15:49:08.101000,10891,10892,10892,1
2020-05-19,15:49:08.450000,10891,10892,10891,1
2020-05-19,15:49:08.576000,10891,10892,10892,1
2020-05-19,15:49:08.577000,10891,10892,10892,11
2020-05-19,15:49:08.577000,10891,10892,10892,1
2020-05-19,15:49:08.577000,10891,10892,10892,1
2020-05-19,15:49:09.038000,10892,10893,10892,4
2020-05-19,15:49:09.038000,10892,10893,10891,6
2020-05-19,15:49:11.361000,10892,10893,10892,1
2020-05-19,15:49:13.066000,10892,10893,10892,1
2020-05-19,15:49:15.454000,10892,10893,10893,7
2020-05-19,15:49:16.656000,10893,10894,10892,1
2020-05-19,15:49:22.232000,10893,10894,10893,1
2020-05-19,15:49:32.073000,10891,10893,10893,3
2020-05-19,15:49:37.125000,10891,10893,10892,1
2020-05-19,15:49:41.430000,10891,10892,10892,2
2020-05-19,15:49:41.455000,10891,10892,10892,2
2020-05-19,15:49:41.481000,10891,10892,10892,1
2020-05-19,15:49:48.659000,10891,10893,10891,5
2020-05-19,15:50:00.095000,10892,10893,10893,3
2020-05-19,15:50:00.123000,10892,10893,10894,3
2020-05-19,15:50:07.792000,10893,10894,10893,3
2020-05-19,15:50:08.340000,10892,10894,10892,1
2020-05-19,15:50:09.512000,10893,10894,10893,1
2020-05-19,15:50:09.588000,10893,10894,10893,1
2020-05-19,15:50:10.524000,10893,10894,10893,1
2020-05-19,15:50:12.125000,10892,10893,10893,1
2020-05-19,15:50:12.125000,10892,10893,10893,1
2020-05-19,15:50:18.994000,10892,10894,10892,1
2020-05-19,15:50:19.597000,10892,10893,10893,1
2020-05-19,15:50:23.826000,10892,10893,10893,1
2020-05-19,15:50:23.932000,10892,10893,10892,2
2020-05-19,15:50:31.149000,10891,10892,10892,1
2020-05-19,15:50:33.200000,10891,10892,10892,1
2020-05-19,15:50:34.301000,10891,10892,10892,1
2020-05-19,15:50:37.051000,10891,10892,10891,16
2020-05-19,15:50:37.051000,10891,10892,10891,4
2020-05-19,15:50:50.965000,10890,10891,10891,1
2020-05-19,15:50:50.965000,10890,10891,10891,1
2020-05-19,15:50:57.351000,10890,10891,10891,3
2020-05-19,15:50:58.699000,10890,10891,10891,1
2020-05-19,15:51:05.997000,10890,10891,10891,2
2020-05-19,15:51:05.997000,10890,10891,10891,1
2020-05-19,15:51:09.939000,10891,10892,10891,3
2020-05-19,15:51:11.956000,10891,10892,10891,2
2020-05-19,15:51:14.245000,10891,10892,10892,1
2020-05-19,15:51:14.637000,10891,10893,10891,1
2020-05-19,15:51:15.157000,10891,10893,10891,1
2020-05-19,15:51:38.673000,10890,10892,10890,3
2020-05-19,15:51:49.191000,10891,10892,10891,1
2020-05-19,15:51:51.491000,10890,10891,10891,1
2020-05-19,15:51:58.848000,10890,10891,10891,5
2020-05-19,15:52:20.675000,10890,10891,10891,1
2020-05-19,15:52:24.778000,10890,10891,10890,8
2020-05-19,15:52:24.778000,10890,10891,10890,6
2020-05-19,15:52:24.778000,10890,10891,10890,4
2020-05-19,15:52:26.688000,10889,10890,10889,2
2020-05-19,15:52:26.689000,10889,10890,10889,2
2020-05-19,15:52:27.749000,10888,10889,10888,7
2020-05-19,15:52:27.749000,10888,10889,10888,2
2020-05-19,15:52:34.302000,10888,10890,10888,1
2020-05-19,15:52:39.027000,10888,10889,10888,1
2020-05-19,15:52:42.607000,10888,10889,10889,2
2020-05-19,15:52:45.971000,10889,10890,10889,1
2020-05-19,15:52:46.727000,10888,10889,10889,1
2020-05-19,15:52:47.177000,10889,10890,10890,1
2020-05-19,15:53:02.553000,10889,10890,10889,1
2020-05-19,15:53:10.142000,10888,10889,10888,1
2020-05-19,15:53:11.519000,10888,10889,10888,1
2020-05-19,15:53:14.140000,10888,10889,10888,1
2020-05-19,15:53:27.182000,10888,10889,10889,1
2020-05-19,15:53:31.020000,10888,10890,10888,5
2020-05-19,15:53:37.690000,10888,10889,10888,1
2020-05-19,15:53:38.808000,10888,10889,10888,1
2020-05-19,15:53:38.919000,10888,10889,10888,1
2020-05-19,15:53:49.624000,10887,10888,10887,1
2020-05-19,15:53:49.625000,10887,10888,10887,3
2020-05-19,15:53:49.654000,10887,10888,10886,2
2020-05-19,15:53:50.152000,10886,10887,10886,3
2020-05-19,15:53:50.189000,10886,10887,10886,1
2020-05-19,15:53:50.225000,10886,10887,10886,8
2020-05-19,15:53:50.267000,10886,10887,10886,2
2020-05-19,15:53:51.314000,10885,10886,10886,3
2020-05-19,15:53:51.314000,10885,10886,10886,9
2020-05-19,15:53:51.993000,10886,10887,10886,1
2020-05-19,15:53:59.585000,10885,10887,10885,1
2020-05-19,15:53:59.696000,10885,10887,10885,1
2020-05-19,15:53:59.696000,10885,10887,10885,2
2020-05-19,15:53:59.711000,10885,10887,10885,1
2020-05-19,15:53:59.744000,10885,10887,10885,1
2020-05-19,15:54:00.208000,10885,10887,10885,2
2020-05-19,15:54:00.444000,10885,10886,10886,1
2020-05-19,15:54:00.445000,10885,10886,10886,1
2020-05-19,15:54:00.649000,10885,10886,10886,1
2020-05-19,15:54:00.650000,10885,10886,10886,1
2020-05-19,15:54:00.650000,10885,10886,10886,1
2020-05-19,15:54:02.933000,10885,10887,10885,3
2020-05-19,15:54:06.251000,10885,10886,10885,1
2020-05-19,15:54:10.618000,10885,10886,10885,1
2020-05-19,15:54:12.272000,10885,10886,10885,1
2020-05-19,15:54:12.688000,10885,10886,10886,1
2020-05-19,15:54:15.113000,10885,10886,10885,1
2020-05-19,15:54:18.170000,10885,10886,10886,2
2020-05-19,15:54:19.198000,10885,10886,10885,2
2020-05-19,15:54:19.198000,10885,10886,10885,3
2020-05-19,15:54:19.736000,10884,10885,10885,1
2020-05-19,15:54:22.048000,10884,10885,10884,5
2020-05-19,15:54:22.049000,10884,10885,10884,3
2020-05-19,15:54:22.213000,10883,10884,10883,1
2020-05-19,15:54:22.623000,10883,10884,10883,1
2020-05-19,15:54:23.485000,10883,10884,10883,1
2020-05-19,15:54:24.066000,10883,10884,10883,1
2020-05-19,15:54:25.737000,10883,10884,10883,1
2020-05-19,15:54:25.809000,10883,10884,10883,4
2020-05-19,15:54:26.228000,10883,10884,10883,1
2020-05-19,15:54:28.013000,10883,10884,10883,1
2020-05-19,15:54:29.253000,10883,10884,10883,2
2020-05-19,15:54:30.163000,10883,10884,10883,5
2020-05-19,15:54:30.203000,10882,10884,10882,4
2020-05-19,15:54:30.674000,10882,10883,10882,1
2020-05-19,15:54:31.386000,10882,10883,10882,1
2020-05-19,15:54:35.433000,10882,10883,10882,1
2020-05-19,15:54:35.839000,10882,10883,10882,1
2020-05-19,15:54:36.443000,10882,10883,10882,2
2020-05-19,15:54:36.837000,10882,10883,10882,1
2020-05-19,15:54:37.193000,10882,10883,10882,1
2020-05-19,15:54:38.193000,10882,10883,10882,1
2020-05-19,15:54:38.704000,10882,10883,10882,1
2020-05-19,15:54:38.974000,10882,10883,10882,1
2020-05-19,15:54:39.182000,10882,10883,10882,1
2020-05-19,15:54:40.089000,10882,10883,10882,2
2020-05-19,15:54:40.159000,10882,10883,10882,1
2020-05-19,15:54:41.494000,10881,10882,10882,1
2020-05-19,15:54:44.302000,10881,10882,10881,1
2020-05-19,15:54:44.462000,10881,10882,10881,1
2020-05-19,15:54:44.971000,10881,10882,10881,1
2020-05-19,15:54:44.971000,10881,10882,10881,2
2020-05-19,15:54:44.972000,10881,10882,10881,4
2020-05-19,15:54:45.308000,10881,10882,10881,2
2020-05-19,15:54:45.455000,10881,10882,10881,1
2020-05-19,15:54:49.733000,10880,10882,10882,1
2020-05-19,15:54:50.884000,10880,10882,10882,4
2020-05-19,15:54:51.249000,10880,10881,10881,1
2020-05-19,15:54:52.251000,10880,10881,10881,1
2020-05-19,15:54:54.825000,10881,10882,10881,1
2020-05-19,15:54:55.608000,10881,10882,10881,2
2020-05-19,15:54:56.486000,10880,10882,10880,3
2020-05-19,15:54:56.579000,10880,10882,10880,1
2020-05-19,15:54:56.643000,10880,10882,10880,1
2020-05-19,15:54:59.301000,10881,10882,10881,1
2020-05-19,15:54:59.512000,10881,10882,10881,2
2020-05-19,15:55:00.829000,10880,10882,10880,1
2020-05-19,15:55:01.472000,10880,10881,10880,1
2020-05-19,15:55:02.293000,10880,10881,10881,1
2020-05-19,15:55:04.911000,10880,10881,10881,1
2020-05-19,15:55:07.080000,10880,10881,10880,5
2020-05-19,15:55:08.478000,10880,10881,10881,1
2020-05-19,15:55:10.044000,10880,10881,10880,3
2020-05-19,15:55:10.801000,10880,10881,10880,1
2020-05-19,15:55:14.112000,10880,10881,10881,1
2020-05-19,15:55:14.580000,10881,10882,10882,1
2020-05-19,15:55:14.872000,10881,10882,10881,1
2020-05-19,15:55:20.887000,10881,10882,10882,1
2020-05-19,15:55:20.888000,10881,10882,10882,4
2020-05-19,15:55:20.888000,10881,10882,10882,4
2020-05-19,15:55:29.057000,10882,10883,10882,1
2020-05-19,15:55:33.713000,10882,10883,10883,1
2020-05-19,15:55:33.713000,10882,10883,10883,1
2020-05-19,15:55:33.713000,10882,10883,10883,4
2020-05-19,15:55:33.713000,10882,10883,10883,3
2020-05-19,15:55:37.322000,10882,10884,10884,1
2020-05-19,15:55:38.913000,10883,10884,10884,3
2020-05-19,15:55:43.745000,10883,10884,10884,1
2020-05-19,15:55:49.090000,10883,10884,10883,2
2020-05-19,15:55:49.091000,10883,10884,10883,4
2020-05-19,15:55:49.738000,10882,10883,10883,1
2020-05-19,15:55:50.054000,10882,10883,10883,1
2020-05-19,15:55:54.777000,10882,10883,10883,2
2020-05-19,15:55:59.771000,10882,10883,10883,1
2020-05-19,15:56:01.281000,10882,10883,10883,1
2020-05-19,15:56:03.023000,10882,10883,10883,1
2020-05-19,15:56:03.044000,10883,10884,10883,2
2020-05-19,15:56:04.719000,10883,10884,10884,3
2020-05-19,15:56:04.719000,10883,10884,10884,8
2020-05-19,15:56:07.486000,10883,10885,10883,1
2020-05-19,15:56:12.282000,10883,10884,10883,2
2020-05-19,15:56:12.282000,10883,10884,10883,1
2020-05-19,15:56:12.282000,10883,10884,10883,1
2020-05-19,15:56:14.882000,10882,10883,10883,1
2020-05-19,15:56:15.264000,10882,10883,10883,1
2020-05-19,15:56:16.411000,10882,10883,10882,15
2020-05-19,15:56:16.411000,10882,10883,10882,1
2020-05-19,15:56:16.411000,10882,10883,10882,7
