2024-12-20 15:00:00,22633,22635,22677,66,66
2024-12-20 15:00:00,22674,22678,22673,2,-2
2024-12-20 15:00:00,22674,22678,22674,1,-1
2024-12-20 15:00:00,22674,22678,22674,1,-1
2024-12-20 15:00:00,22674,22678,22673,1,-1
2024-12-20 15:00:00,22674,22678,22677,1,1
2024-12-20 15:00:00,22675,22678,22677,1,1
2024-12-20 15:00:00,22675,22678,22677,1,1
2024-12-20 15:00:00,22675,22678,22674,1,-1
2024-12-20 15:00:00,22675,22678,22675,1,-1
2024-12-20 15:00:00,22676,22678,22675,1,-1
2024-12-20 15:00:00,22676,22678,22676,1,-1
2024-12-20 15:00:00,22673,22678,22677,2,2
2024-12-20 15:00:00,22673,22678,22676,1,1
2024-12-20 15:00:00,22673,22678,22677,1,1
2024-12-20 15:00:00,22673,22678,22678,1,1
2024-12-20 15:00:00,22673,22678,22678,1,1
2024-12-20 15:00:00,22675,22679,22675,1,-1
2024-12-20 15:00:00,22674,22677,22678,1,1
2024-12-20 15:00:00,22674,22677,22673,1,-1
2024-12-20 15:00:00,22674,22677,22678,1,1
2024-12-20 15:00:00,22674,22677,22674,1,-1
2024-12-20 15:00:00,22674,22677,22677,1,1
2024-12-20 15:00:00,22675,22679,22675,1,-1
2024-12-20 15:00:00,22675,22679,22678,2,2
2024-12-20 15:00:00,22674,22677,22677,1,1
2024-12-20 15:00:00,22675,22679,22673,1,-1
2024-12-20 15:00:00,22675,22679,22675,1,-1
2024-12-20 15:00:00,22675,22679,22675,7,-7
2024-12-20 15:00:00,22675,22679,22675,4,-4
2024-12-20 15:00:00,22675,22679,22675,5,-5
2024-12-20 15:00:00,22675,22678,22678,1,1
2024-12-20 15:00:00,22675,22678,22678,1,1
2024-12-20 15:00:01,22674,22676,22674,2,-2
2024-12-20 15:00:01,22674,22676,22676,2,2
2024-12-20 15:00:01,22674,22678,22677,1,1
2024-12-20 15:00:01,22674,22678,22675,1,-1
2024-12-20 15:00:01,22673,22677,22677,1,1
2024-12-20 15:00:02,22675,22680,22675,1,-1
2024-12-20 15:00:02,22676,22679,22679,1,1
2024-12-20 15:00:02,22676,22679,22679,2,2
2024-12-20 15:00:02,22674,22678,22679,1,1
2024-12-20 15:00:02,22674,22678,22677,1,1
2024-12-20 15:00:02,22674,22678,22678,2,2
2024-12-20 15:00:02,22674,22676,22677,1,1
2024-12-20 15:00:02,22674,22676,22676,3,3
2024-12-20 15:00:02,22674,22676,22674,1,-1
2024-12-20 15:00:02,22674,22676,22673,1,-1
2024-12-20 15:00:02,22674,22678,22674,1,-1
2024-12-20 15:00:03,22675,22682,22681,1,1
2024-12-20 15:00:03,22676,22681,22683,1,1
2024-12-20 15:00:03,22676,22681,22682,1,1
2024-12-20 15:00:03,22676,22681,22681,1,1
2024-12-20 15:00:03,22676,22683,22676,1,-1
2024-12-20 15:00:03,22676,22682,22682,1,1
2024-12-20 15:00:03,22675,22682,22682,1,1
2024-12-20 15:00:03,22675,22680,22677,1,-1
2024-12-20 15:00:03,22675,22680,22680,11,11
2024-12-20 15:00:03,22675,22680,22677,1,-1
2024-12-20 15:00:03,22675,22680,22674,2,-2
2024-12-20 15:00:03,22675,22680,22675,1,-1
2024-12-20 15:00:03,22675,22680,22673,1,-1
2024-12-20 15:00:03,22675,22680,22681,1,1
2024-12-20 15:00:04,22679,22682,22679,1,-1
2024-12-20 15:00:04,22679,22682,22682,1,1
2024-12-20 15:00:04,22680,22683,22682,1,1
2024-12-20 15:00:04,22680,22683,22682,1,1
2024-12-20 15:00:04,22679,22683,22682,2,2
2024-12-20 15:00:04,22680,22683,22680,1,-1
2024-12-20 15:00:04,22679,22683,22679,2,-2
2024-12-20 15:00:06,22679,22681,22680,1,1
2024-12-20 15:00:06,22679,22681,22681,2,2
2024-12-20 15:00:06,22679,22680,22679,1,-1
2024-12-20 15:00:06,22679,22680,22678,2,-2
2024-12-20 15:00:06,22679,22680,22679,1,-1
2024-12-20 15:00:06,22679,22680,22679,1,-1
2024-12-20 15:00:07,22679,22681,22679,1,-1
2024-12-20 15:00:09,22679,22681,22679,1,-1
2024-12-20 15:00:10,22679,22681,22679,1,-1
2024-12-20 15:00:11,22679,22680,22680,1,1
2024-12-20 15:00:11,22679,22680,22681,1,1
2024-12-20 15:00:11,22679,22682,22682,1,1
2024-12-20 15:00:11,22679,22681,22679,1,-1
2024-12-20 15:00:12,22681,22684,22684,1,1
2024-12-20 15:00:12,22680,22682,22684,1,1
2024-12-20 15:00:12,22680,22682,22684,1,1
2024-12-20 15:00:12,22680,22682,22682,3,3
2024-12-20 15:00:12,22679,22681,22681,1,1
2024-12-20 15:00:12,22679,22681,22679,1,-1
2024-12-20 15:00:12,22680,22682,22683,2,2
2024-12-20 15:00:13,22689,22691,22686,1,-1
2024-12-20 15:00:13,22686,22689,22689,1,1
2024-12-20 15:00:13,22689,22691,22689,1,-1
2024-12-20 15:00:13,22689,22691,22686,1,-1
2024-12-20 15:00:13,22689,22691,22690,2,-2
2024-12-20 15:00:13,22689,22691,22690,1,-1
2024-12-20 15:00:13,22689,22691,22689,1,-1
2024-12-20 15:00:13,22689,22691,22689,1,-1
2024-12-20 15:00:13,22682,22684,22685,5,5
2024-12-20 15:00:13,22682,22684,22689,5,5
2024-12-20 15:00:13,22682,22684,22688,10,10
2024-12-20 15:00:13,22682,22684,22687,1,1
2024-12-20 15:00:13,22682,22684,22687,7,7
2024-12-20 15:00:13,22682,22684,22686,5,5
2024-12-20 15:00:13,22682,22684,22684,1,1
2024-12-20 15:00:13,22682,22684,22690,3,3
2024-12-20 15:00:14,22688,22691,22691,2,2
2024-12-20 15:00:14,22688,22691,22693,3,3
2024-12-20 15:00:14,22688,22691,22692,1,1
2024-12-20 15:00:14,22688,22691,22692,4,4
2024-12-20 15:00:14,22686,22689,22690,3,3
2024-12-20 15:00:14,22686,22689,22689,2,2
2024-12-20 15:00:14,22686,22689,22686,1,-1
2024-12-20 15:00:14,22686,22689,22691,4,4
2024-12-20 15:00:15,22691,22693,22691,1,-1
2024-12-20 15:00:15,22691,22693,22693,1,1
2024-12-20 15:00:15,22692,22694,22694,1,1
2024-12-20 15:00:15,22692,22694,22694,1,1
2024-12-20 15:00:15,22692,22694,22694,1,1
2024-12-20 15:00:15,22692,22694,22694,1,1
2024-12-20 15:00:16,22693,22695,22695,1,1
2024-12-20 15:00:16,22693,22695,22695,4,4
2024-12-20 15:00:16,22694,22696,22696,1,1
2024-12-20 15:00:16,22693,22696,22696,2,2
2024-12-20 15:00:17,22697,22698,22697,2,-2
2024-12-20 15:00:17,22697,22698,22698,1,1
2024-12-20 15:00:17,22695,22697,22697,5,5
2024-12-20 15:00:17,22695,22697,22697,1,1
2024-12-20 15:00:18,22697,22698,22697,2,-2
2024-12-20 15:00:18,22697,22698,22698,8,8
2024-12-20 15:00:18,22697,22698,22698,1,1
2024-12-20 15:00:19,22698,22699,22698,1,-1
2024-12-20 15:00:19,22698,22699,22699,1,1
2024-12-20 15:00:20,22698,22699,22699,1,1
2024-12-20 15:00:20,22698,22699,22699,1,1
2024-12-20 15:00:22,22698,22699,22699,1,1
2024-12-20 15:00:22,22698,22699,22700,13,13
2024-12-20 15:00:22,22698,22699,22699,1,1
2024-12-20 15:00:22,22699,22700,22699,1,-1
2024-12-20 15:00:22,22699,22700,22699,1,-1
2024-12-20 15:00:23,22699,22700,22699,2,-2
2024-12-20 15:00:23,22697,22698,22698,1,1
2024-12-20 15:00:23,22699,22700,22700,1,1
2024-12-20 15:00:23,22699,22700,22698,2,-2
2024-12-20 15:00:23,22698,22699,22699,1,1
2024-12-20 15:00:24,22698,22700,22700,1,1
2024-12-20 15:00:24,22698,22700,22700,1,1
2024-12-20 15:00:25,22698,22700,22700,1,1
2024-12-20 15:00:25,22698,22700,22700,2,2
2024-12-20 15:00:25,22698,22700,22698,2,-2
2024-12-20 15:00:25,22698,22700,22699,1,-1
2024-12-20 15:00:26,22699,22700,22700,4,4
2024-12-20 15:00:26,22700,22701,22700,1,-1
2024-12-20 15:00:26,22700,22701,22701,1,1
2024-12-20 15:00:26,22700,22701,22701,1,1
2024-12-20 15:00:26,22700,22701,22701,1,1
2024-12-20 15:00:26,22700,22701,22701,2,2
2024-12-20 15:00:26,22700,22701,22701,1,1
2024-12-20 15:00:27,22700,22702,22700,1,-1
2024-12-20 15:00:27,22700,22702,22700,1,-1
2024-12-20 15:00:28,22700,22702,22700,1,-1
2024-12-20 15:00:28,22700,22702,22699,1,-1
2024-12-20 15:00:28,22700,22702,22700,1,-1
2024-12-20 15:00:30,22699,22700,22699,1,-1
2024-12-20 15:00:32,22698,22699,22699,1,1
2024-12-20 15:00:32,22699,22700,22699,1,-1
2024-12-20 15:00:32,22698,22699,22698,1,-1
2024-12-20 15:00:32,22699,22700,22699,1,-1
2024-12-20 15:00:32,22699,22700,22699,1,-1
2024-12-20 15:00:33,22698,22700,22698,1,-1
2024-12-20 15:00:33,22698,22699,22699,1,1
2024-12-20 15:00:34,22698,22699,22698,1,-1
2024-12-20 15:00:34,22698,22699,22698,2,-2
2024-12-20 15:00:34,22698,22699,22698,2,-2
2024-12-20 15:00:34,22698,22699,22697,5,-5
2024-12-20 15:00:35,22697,22699,22699,1,1
2024-12-20 15:00:35,22697,22699,22699,1,1
2024-12-20 15:00:38,22696,22698,22696,1,-1
2024-12-20 15:00:38,22696,22698,22698,1,1
2024-12-20 15:00:38,22696,22698,22698,1,1
2024-12-20 15:00:39,22696,22698,22698,1,1
2024-12-20 15:00:40,22696,22698,22696,1,-1
2024-12-20 15:00:40,22696,22698,22696,2,-2
2024-12-20 15:00:42,22694,22695,22694,1,-1
2024-12-20 15:00:42,22694,22695,22694,2,-2
2024-12-20 15:00:42,22695,22696,22695,1,-1
2024-12-20 15:00:42,22695,22696,22695,1,-1
2024-12-20 15:00:42,22695,22696,22695,1,-1
2024-12-20 15:00:42,22695,22696,22695,1,-1
2024-12-20 15:00:42,22695,22696,22695,1,-1
2024-12-20 15:00:42,22696,22697,22696,1,-1
2024-12-20 15:00:43,22691,22692,22693,1,1
2024-12-20 15:00:44,22692,22694,22694,5,5
2024-12-20 15:00:44,22693,22696,22696,1,1
2024-12-20 15:00:44,22693,22696,22692,3,-3
2024-12-20 15:00:44,22693,22696,22693,2,-2
2024-12-20 15:00:45,22693,22695,22693,1,-1
2024-12-20 15:00:45,22693,22694,22693,1,-1
2024-12-20 15:00:46,22692,22694,22693,3,-3
2024-12-20 15:00:47,22692,22693,22692,1,-1
2024-12-20 15:00:47,22692,22693,22693,1,1
2024-12-20 15:00:48,22692,22694,22692,1,-1
2024-12-20 15:00:49,22691,22693,22691,1,-1
2024-12-20 15:00:49,22691,22693,22691,1,-1
2024-12-20 15:00:50,22692,22695,22693,1,-1
2024-12-20 15:00:50,22692,22695,22695,1,1
2024-12-20 15:00:50,22692,22695,22695,1,1
2024-12-20 15:00:50,22691,22692,22693,6,6
2024-12-20 15:00:50,22691,22692,22694,1,1
2024-12-20 15:00:50,22691,22692,22692,3,3
2024-12-20 15:00:50,22693,22695,22693,1,-1
2024-12-20 15:00:51,22693,22695,22693,1,-1
2024-12-20 15:00:51,22693,22695,22692,1,-1
2024-12-20 15:00:52,22693,22695,22696,2,2
2024-12-20 15:00:52,22693,22695,22696,2,2
2024-12-20 15:00:52,22693,22695,22696,2,2
2024-12-20 15:00:52,22693,22695,22693,1,-1
2024-12-20 15:00:52,22693,22695,22695,2,2
2024-12-20 15:00:53,22696,22697,22697,1,1
2024-12-20 15:00:53,22696,22697,22697,1,1
2024-12-20 15:00:53,22696,22697,22694,1,-1
2024-12-20 15:00:53,22694,22696,22696,2,2
2024-12-20 15:00:53,22694,22697,22693,1,-1
2024-12-20 15:00:54,22694,22696,22694,1,-1
2024-12-20 15:00:55,22694,22696,22694,1,-1
2024-12-20 15:00:55,22694,22696,22694,1,-1
2024-12-20 15:00:55,22694,22696,22694,1,-1
2024-12-20 15:00:56,22694,22696,22694,1,-1
2024-12-20 15:00:56,22694,22696,22694,1,-1
2024-12-20 15:00:56,22694,22696,22694,1,-1
2024-12-20 15:00:57,22693,22696,22696,1,1
2024-12-20 15:00:57,22694,22696,22694,1,-1
2024-12-20 15:00:57,22693,22695,22695,1,1
2024-12-20 15:00:58,22694,22695,22695,1,1
2024-12-20 15:00:59,22695,22697,22697,1,1
2024-12-20 15:00:59,22695,22697,22695,1,-1
2024-12-20 15:00:59,22695,22697,22697,1,1
2024-12-20 15:01:00,22697,22699,22700,1,1
2024-12-20 15:01:00,22697,22699,22699,2,2
2024-12-20 15:01:00,22699,22700,22700,3,3
2024-12-20 15:01:00,22697,22699,22699,1,1
2024-12-20 15:01:00,22699,22700,22699,2,-2
2024-12-20 15:01:00,22697,22699,22699,2,2
2024-12-20 15:01:00,22697,22699,22699,1,1
2024-12-20 15:01:00,22699,22700,22697,4,-4
2024-12-20 15:01:00,22697,22699,22698,2,2
2024-12-20 15:01:00,22696,22698,22698,1,1
2024-12-20 15:01:00,22697,22699,22697,1,-1
2024-12-20 15:01:00,22697,22699,22699,3,3
2024-12-20 15:01:00,22696,22698,22698,1,1
2024-12-20 15:01:00,22697,22699,22700,1,1
2024-12-20 15:01:00,22696,22698,22696,1,-1
2024-12-20 15:01:00,22695,22697,22697,1,1
2024-12-20 15:01:00,22695,22697,22695,1,-1
2024-12-20 15:01:00,22697,22699,22699,4,4
2024-12-20 15:01:00,22699,22700,22699,1,-1
2024-12-20 15:01:01,22699,22702,22702,1,1
2024-12-20 15:01:01,22698,22700,22701,2,2
2024-12-20 15:01:01,22698,22701,22701,1,1
2024-12-20 15:01:01,22698,22700,22701,2,2
2024-12-20 15:01:01,22698,22700,22700,10,10
2024-12-20 15:01:01,22698,22700,22700,1,1
2024-12-20 15:01:01,22698,22700,22700,1,1
2024-12-20 15:01:01,22698,22700,22700,1,1
2024-12-20 15:01:01,22697,22700,22699,1,1
2024-12-20 15:01:02,22697,22700,22700,5,5
2024-12-20 15:01:02,22698,22699,22698,1,-1
2024-12-20 15:01:02,22698,22699,22697,1,-1
2024-12-20 15:01:02,22698,22699,22697,5,-5
2024-12-20 15:01:02,22696,22697,22696,1,-1
2024-12-20 15:01:02,22696,22697,22696,1,-1
2024-12-20 15:01:02,22696,22697,22696,1,-1
2024-12-20 15:01:03,22695,22697,22697,1,1
2024-12-20 15:01:03,22695,22697,22697,1,1
2024-12-20 15:01:03,22695,22697,22699,1,1
2024-12-20 15:01:03,22697,22699,22700,1,1
2024-12-20 15:01:03,22696,22698,22698,1,1
2024-12-20 15:01:04,22697,22699,22697,1,-1
2024-12-20 15:01:05,22695,22697,22695,1,-1
2024-12-20 15:01:05,22694,22697,22697,4,4
2024-12-20 15:01:05,22694,22697,22698,1,1
2024-12-20 15:01:06,22696,22699,22695,2,-2
2024-12-20 15:01:06,22696,22699,22696,3,-3
2024-12-20 15:01:06,22694,22696,22696,1,1
2024-12-20 15:01:06,22694,22696,22696,1,1
2024-12-20 15:01:06,22694,22696,22697,3,3
2024-12-20 15:01:07,22696,22698,22700,1,1
2024-12-20 15:01:07,22696,22698,22700,1,1
2024-12-20 15:01:07,22696,22698,22696,1,-1
2024-12-20 15:01:07,22696,22698,22698,1,1
2024-12-20 15:01:07,22696,22698,22698,1,1
2024-12-20 15:01:08,22701,22703,22704,1,1
2024-12-20 15:01:08,22701,22703,22705,8,8
2024-12-20 15:01:08,22701,22703,22704,2,2
2024-12-20 15:01:08,22701,22703,22704,1,1
2024-12-20 15:01:08,22701,22703,22706,1,1
2024-12-20 15:01:08,22701,22703,22703,1,1
2024-12-20 15:01:08,22698,22700,22701,6,6
2024-12-20 15:01:08,22698,22700,22700,5,5
2024-12-20 15:01:08,22698,22700,22700,1,1
2024-12-20 15:01:08,22701,22703,22704,1,1
2024-12-20 15:01:08,22704,22706,22706,1,1
2024-12-20 15:01:09,22701,22704,22701,1,-1
2024-12-20 15:01:10,22703,22705,22703,1,-1
2024-12-20 15:01:10,22704,22705,22704,1,-1
2024-12-20 15:01:10,22704,22705,22704,1,-1
2024-12-20 15:01:13,22703,22704,22703,1,-1
2024-12-20 15:01:13,22703,22704,22703,1,-1
2024-12-20 15:01:13,22703,22704,22702,1,-1
2024-12-20 15:01:14,22703,22705,22705,3,3
2024-12-20 15:01:14,22703,22705,22707,1,1
2024-12-20 15:01:14,22705,22707,22705,1,-1
2024-12-20 15:01:14,22705,22707,22707,10,10
2024-12-20 15:01:14,22705,22707,22706,2,2
2024-12-20 15:01:14,22705,22707,22707,1,1
2024-12-20 15:01:14,22705,22707,22707,1,1
2024-12-20 15:01:15,22703,22706,22706,1,1
2024-12-20 15:01:15,22704,22707,22703,2,-2
2024-12-20 15:01:15,22704,22707,22704,3,-3
2024-12-20 15:01:15,22707,22708,22707,1,-1
2024-12-20 15:01:15,22707,22708,22707,6,-6
2024-12-20 15:01:15,22707,22708,22707,6,-6
2024-12-20 15:01:16,22704,22705,22704,1,-1
2024-12-20 15:01:17,22703,22704,22703,1,-1
2024-12-20 15:01:17,22703,22704,22703,1,-1
2024-12-20 15:01:17,22703,22704,22702,2,-2
2024-12-20 15:01:18,22701,22704,22701,1,-1
2024-12-20 15:01:18,22701,22702,22704,1,1
2024-12-20 15:01:18,22701,22702,22703,1,1
2024-12-20 15:01:18,22701,22702,22703,1,1
2024-12-20 15:01:18,22701,22702,22702,1,1
2024-12-20 15:01:18,22702,22704,22702,1,-1
2024-12-20 15:01:18,22702,22704,22702,2,-2
2024-12-20 15:01:18,22701,22702,22702,1,1
2024-12-20 15:01:19,22701,22703,22703,1,1
2024-12-20 15:01:19,22701,22703,22703,1,1
2024-12-20 15:01:19,22701,22703,22704,4,4
2024-12-20 15:01:20,22703,22705,22705,2,2
2024-12-20 15:01:21,22707,22708,22707,1,-1
2024-12-20 15:01:21,22707,22708,22707,1,-1
2024-12-20 15:01:21,22705,22707,22707,6,6
2024-12-20 15:01:21,22705,22707,22707,5,5
2024-12-20 15:01:22,22707,22708,22707,1,-1
2024-12-20 15:01:22,22707,22708,22708,1,1
2024-12-20 15:01:22,22707,22708,22707,1,-1
2024-12-20 15:01:22,22706,22708,22708,2,2
2024-12-20 15:01:22,22706,22708,22708,1,1
2024-12-20 15:01:22,22706,22708,22708,1,1
2024-12-20 15:01:23,22707,22709,22707,1,-1
2024-12-20 15:01:23,22707,22709,22709,1,1
2024-12-20 15:01:23,22707,22709,22707,1,-1
2024-12-20 15:01:23,22707,22709,22707,2,-2
2024-12-20 15:01:24,22707,22709,22709,1,1
2024-12-20 15:01:25,22707,22709,22707,4,-4
2024-12-20 15:01:25,22706,22707,22706,1,-1
2024-12-20 15:01:25,22705,22707,22705,2,-2
2024-12-20 15:01:26,22703,22705,22704,2,-2
2024-12-20 15:01:26,22703,22705,22702,1,-1
2024-12-20 15:01:30,22701,22702,22704,1,1
2024-12-20 15:01:30,22701,22702,22704,1,1
2024-12-20 15:01:30,22701,22702,22705,1,1
2024-12-20 15:01:30,22701,22702,22704,1,1
2024-12-20 15:01:30,22701,22702,22702,1,1
2024-12-20 15:01:30,22701,22702,22704,1,1
2024-12-20 15:01:30,22701,22702,22703,1,1
2024-12-20 15:01:30,22702,22704,22702,1,-1
2024-12-20 15:01:30,22701,22702,22704,1,1
2024-12-20 15:01:31,22702,22704,22704,1,1
2024-12-20 15:01:31,22702,22704,22705,1,1
2024-12-20 15:01:32,22706,22709,22709,2,2
2024-12-20 15:01:32,22706,22709,22706,1,-1
2024-12-20 15:01:32,22705,22707,22707,1,1
2024-12-20 15:01:34,22706,22708,22706,1,-1
2024-12-20 15:01:34,22706,22708,22706,1,-1
2024-12-20 15:01:35,22705,22706,22705,1,-1
2024-12-20 15:01:37,22703,22706,22706,1,1
2024-12-20 15:01:37,22702,22705,22705,2,2
2024-12-20 15:01:37,22703,22706,22706,1,1
2024-12-20 15:01:37,22703,22706,22706,1,1
2024-12-20 15:01:40,22703,22706,22703,1,-1
2024-12-20 15:01:40,22703,22706,22706,1,1
2024-12-20 15:01:43,22703,22705,22705,1,1
2024-12-20 15:01:43,22705,22706,22705,1,-1
2024-12-20 15:01:45,22703,22705,22703,1,-1
2024-12-20 15:01:45,22703,22705,22704,4,-4
2024-12-20 15:01:45,22703,22705,22703,1,-1
2024-12-20 15:01:46,22703,22705,22705,2,2
2024-12-20 15:01:46,22703,22705,22703,1,-1
2024-12-20 15:01:46,22703,22705,22703,1,-1
2024-12-20 15:01:47,22701,22703,22701,1,-1
2024-12-20 15:01:47,22702,22704,22702,1,-1
2024-12-20 15:01:47,22702,22704,22702,1,-1
2024-12-20 15:01:47,22702,22704,22702,1,-1
2024-12-20 15:01:48,22699,22701,22701,1,1
2024-12-20 15:01:48,22701,22703,22701,1,-1
2024-12-20 15:01:48,22701,22703,22701,2,-2
2024-12-20 15:01:48,22700,22702,22700,1,-1
2024-12-20 15:01:48,22700,22702,22700,2,-2
2024-12-20 15:01:48,22699,22702,22699,1,-1
2024-12-20 15:01:49,22699,22702,22699,1,-1
2024-12-20 15:01:50,22699,22702,22699,1,-1
2024-12-20 15:01:51,22699,22702,22699,1,-1
2024-12-20 15:01:51,22699,22702,22699,1,-1
2024-12-20 15:01:52,22699,22702,22703,1,1
2024-12-20 15:01:54,22701,22704,22701,1,-1
2024-12-20 15:01:54,22699,22702,22700,1,-1
2024-12-20 15:01:57,22700,22702,22700,1,-1
2024-12-20 15:01:57,22700,22702,22699,4,-4
2024-12-20 15:01:59,22699,22701,22701,1,1
2024-12-20 15:02:00,22699,22700,22700,1,1
2024-12-20 15:02:00,22699,22701,22701,1,1
2024-12-20 15:02:00,22699,22701,22699,1,-1
2024-12-20 15:02:00,22699,22701,22701,1,1
2024-12-20 15:02:01,22699,22702,22702,1,1
2024-12-20 15:02:01,22699,22702,22702,1,1
2024-12-20 15:02:01,22700,22702,22702,1,1
2024-12-20 15:02:01,22700,22702,22702,1,1
2024-12-20 15:02:02,22702,22704,22702,1,-1
2024-12-20 15:02:02,22702,22704,22704,1,1
2024-12-20 15:02:02,22701,22703,22703,1,1
2024-12-20 15:02:03,22702,22704,22702,1,-1
2024-12-20 15:02:03,22701,22703,22701,1,-1
2024-12-20 15:02:03,22700,22702,22700,1,-1
2024-12-20 15:02:04,22699,22700,22700,1,1
2024-12-20 15:02:04,22699,22701,22699,4,-4
2024-12-20 15:02:05,22699,22701,22700,2,-2
2024-12-20 15:02:06,22698,22700,22698,1,-1
2024-12-20 15:02:06,22698,22700,22697,4,-4
2024-12-20 15:02:06,22698,22700,22696,8,-8
2024-12-20 15:02:06,22699,22701,22699,1,-1
2024-12-20 15:02:06,22698,22700,22694,10,-10
2024-12-20 15:02:06,22699,22701,22699,2,-2
2024-12-20 15:02:06,22698,22700,22695,17,-17
2024-12-20 15:02:07,22695,22698,22698,1,1
2024-12-20 15:02:07,22696,22699,22700,1,1
2024-12-20 15:02:07,22694,22697,22696,1,1
2024-12-20 15:02:07,22694,22697,22697,1,1
2024-12-20 15:02:07,22694,22697,22697,1,1
2024-12-20 15:02:07,22694,22697,22695,1,-1
2024-12-20 15:02:07,22694,22697,22694,1,-1
2024-12-20 15:02:07,22694,22697,22697,1,1
2024-12-20 15:02:08,22698,22701,22701,1,1
2024-12-20 15:02:08,22700,22703,22700,1,-1
2024-12-20 15:02:09,22700,22702,22699,1,-1
2024-12-20 15:02:09,22700,22702,22702,1,1
2024-12-20 15:02:11,22698,22701,22698,1,-1
2024-12-20 15:02:11,22698,22701,22701,1,1
2024-12-20 15:02:11,22699,22701,22699,1,-1
2024-12-20 15:02:12,22700,22702,22700,3,-3
2024-12-20 15:02:13,22698,22701,22698,2,-2
2024-12-20 15:02:13,22698,22701,22699,1,-1
2024-12-20 15:02:16,22695,22698,22695,5,-5
2024-12-20 15:02:19,22693,22694,22694,4,4
2024-12-20 15:02:20,22694,22695,22696,1,1
2024-12-20 15:02:20,22694,22695,22696,1,1
2024-12-20 15:02:20,22695,22698,22695,1,-1
2024-12-20 15:02:20,22694,22695,22696,1,1
2024-12-20 15:02:20,22693,22694,22694,1,1
2024-12-20 15:02:20,22694,22695,22695,1,1
2024-12-20 15:02:20,22693,22694,22694,1,1
2024-12-20 15:02:20,22694,22695,22696,1,1
2024-12-20 15:02:21,22694,22696,22694,1,-1
2024-12-20 15:02:22,22694,22696,22694,1,-1
2024-12-20 15:02:23,22694,22695,22695,1,1
2024-12-20 15:02:23,22694,22695,22695,3,3
2024-12-20 15:02:24,22696,22697,22696,1,-1
2024-12-20 15:02:24,22696,22697,22694,7,-7
2024-12-20 15:02:24,22694,22696,22696,1,1
2024-12-20 15:02:26,22693,22696,22693,1,-1
2024-12-20 15:02:27,22693,22695,22695,1,1
2024-12-20 15:02:29,22693,22695,22695,1,1
2024-12-20 15:02:30,22696,22697,22697,1,1
2024-12-20 15:02:30,22696,22697,22697,1,1
2024-12-20 15:02:31,22697,22700,22699,1,1
2024-12-20 15:02:31,22695,22698,22699,1,1
2024-12-20 15:02:31,22695,22698,22699,3,3
2024-12-20 15:02:31,22695,22698,22698,2,2
2024-12-20 15:02:32,22697,22700,22697,1,-1
2024-12-20 15:02:34,22697,22699,22699,1,1
2024-12-20 15:02:35,22697,22698,22697,2,-2
2024-12-20 15:02:37,22696,22699,22696,1,-1
2024-12-20 15:02:37,22695,22698,22698,1,1
2024-12-20 15:02:38,22695,22698,22698,1,1
2024-12-20 15:02:39,22698,22699,22698,1,-1
2024-12-20 15:02:40,22698,22699,22698,4,-4
2024-12-20 15:02:40,22697,22698,22697,2,-2
2024-12-20 15:02:41,22696,22697,22695,1,-1
2024-12-20 15:02:41,22696,22697,22696,1,-1
2024-12-20 15:02:45,22695,22697,22698,1,1
2024-12-20 15:02:46,22695,22697,22697,4,4
2024-12-20 15:02:49,22696,22698,22698,1,1
2024-12-20 15:02:55,22696,22697,22696,1,-1
2024-12-20 15:02:56,22695,22696,22695,3,-3
2024-12-20 15:02:56,22694,22695,22695,1,1
2024-12-20 15:02:57,22694,22695,22694,1,-1
2024-12-20 15:02:58,22694,22695,22694,1,-1
2024-12-20 15:02:59,22692,22694,22692,1,-1
2024-12-20 15:02:59,22691,22693,22693,3,3
2024-12-20 15:02:59,22691,22694,22694,1,1
2024-12-20 15:02:59,22693,22694,22693,1,-1
2024-12-20 15:02:59,22693,22694,22693,1,-1
2024-12-20 15:03:04,22691,22693,22691,1,-1
2024-12-20 15:03:04,22690,22693,22692,1,1
2024-12-20 15:03:04,22690,22693,22692,1,1
2024-12-20 15:03:05,22691,22693,22694,1,1
2024-12-20 15:03:05,22691,22693,22695,1,1
2024-12-20 15:03:05,22691,22693,22694,1,1
2024-12-20 15:03:05,22691,22693,22694,1,1
2024-12-20 15:03:05,22691,22693,22693,1,1
2024-12-20 15:03:05,22691,22693,22693,1,1
2024-12-20 15:03:05,22691,22693,22693,1,1
2024-12-20 15:03:05,22691,22692,22692,1,1
2024-12-20 15:03:05,22691,22693,22694,1,1
2024-12-20 15:03:09,22691,22694,22694,1,1
2024-12-20 15:03:09,22691,22694,22691,1,-1
2024-12-20 15:03:09,22691,22694,22693,1,1
2024-12-20 15:03:10,22693,22696,22697,1,1
2024-12-20 15:03:10,22693,22696,22698,1,1
2024-12-20 15:03:10,22693,22696,22698,1,1
2024-12-20 15:03:10,22693,22696,22698,1,1
2024-12-20 15:03:10,22693,22696,22698,1,1
2024-12-20 15:03:10,22693,22696,22697,1,1
2024-12-20 15:03:10,22693,22696,22697,1,1
2024-12-20 15:03:10,22693,22696,22697,1,1
2024-12-20 15:03:10,22693,22696,22698,1,1
2024-12-20 15:03:10,22693,22696,22696,1,1
2024-12-20 15:03:10,22693,22696,22696,1,1
2024-12-20 15:03:10,22693,22696,22696,1,1
2024-12-20 15:03:10,22693,22696,22696,1,1
2024-12-20 15:03:10,22693,22696,22696,1,1
2024-12-20 15:03:10,22692,22695,22695,1,1
2024-12-20 15:03:10,22692,22695,22695,1,1
2024-12-20 15:03:10,22693,22696,22697,1,1
2024-12-20 15:03:11,22696,22698,22698,4,4
2024-12-20 15:03:12,22696,22697,22696,1,-1
2024-12-20 15:03:13,22694,22696,22693,2,-2
2024-12-20 15:03:14,22692,22695,22695,3,3
2024-12-20 15:03:16,22692,22694,22692,1,-1
2024-12-20 15:03:17,22690,22693,22693,1,1
2024-12-20 15:03:19,22690,22694,22695,1,1
2024-12-20 15:03:19,22690,22694,22694,1,1
2024-12-20 15:03:19,22690,22694,22694,1,1
2024-12-20 15:03:19,22690,22694,22695,1,1
2024-12-20 15:03:19,22690,22694,22694,1,1
2024-12-20 15:03:19,22691,22694,22691,1,-1
2024-12-20 15:03:19,22690,22694,22694,1,1
2024-12-20 15:03:19,22691,22694,22691,1,-1
2024-12-20 15:03:20,22692,22695,22692,1,-1
2024-12-20 15:03:22,22692,22694,22694,1,1
2024-12-20 15:03:23,22692,22695,22693,1,-1
2024-12-20 15:03:24,22692,22694,22694,1,1
2024-12-20 15:03:25,22692,22694,22694,1,1
2024-12-20 15:03:35,22692,22693,22693,1,1
2024-12-20 15:03:35,22692,22693,22693,1,1
2024-12-20 15:03:35,22692,22693,22693,1,1
2024-12-20 15:03:36,22692,22693,22695,1,1
2024-12-20 15:03:36,22693,22696,22697,1,1
2024-12-20 15:03:36,22693,22696,22696,2,2
2024-12-20 15:03:36,22693,22695,22695,1,1
2024-12-20 15:03:36,22692,22693,22696,1,1
2024-12-20 15:03:36,22692,22693,22694,1,1
2024-12-20 15:03:36,22692,22693,22695,2,2
2024-12-20 15:03:36,22692,22693,22696,2,2
2024-12-20 15:03:36,22692,22693,22696,1,1
2024-12-20 15:03:36,22692,22693,22695,1,1
2024-12-20 15:03:36,22693,22696,22694,3,-3
2024-12-20 15:03:36,22692,22693,22695,1,1
2024-12-20 15:03:36,22692,22693,22694,1,1
2024-12-20 15:03:36,22692,22693,22695,1,1
2024-12-20 15:03:36,22692,22693,22695,1,1
2024-12-20 15:03:36,22692,22693,22693,1,1
2024-12-20 15:03:36,22692,22693,22693,1,1
2024-12-20 15:03:36,22692,22693,22694,1,1
2024-12-20 15:03:36,22692,22693,22694,1,1
2024-12-20 15:03:36,22692,22693,22694,1,1
2024-12-20 15:03:36,22692,22693,22694,1,1
2024-12-20 15:03:36,22692,22693,22694,1,1
2024-12-20 15:03:36,22692,22693,22694,1,1
2024-12-20 15:03:36,22692,22693,22694,1,1
2024-12-20 15:03:36,22692,22693,22694,1,1
2024-12-20 15:03:37,22694,22697,22697,1,1
2024-12-20 15:03:38,22695,22697,22697,1,1
2024-12-20 15:03:39,22695,22697,22695,1,-1
2024-12-20 15:03:39,22695,22697,22695,1,-1
2024-12-20 15:03:39,22695,22697,22695,2,-2
2024-12-20 15:03:39,22695,22697,22695,1,-1
2024-12-20 15:03:40,22694,22697,22695,1,-1
2024-12-20 15:03:41,22695,22697,22695,1,-1
2024-12-20 15:03:41,22695,22697,22697,1,1
2024-12-20 15:03:41,22694,22697,22694,1,-1
2024-12-20 15:03:43,22694,22695,22695,1,1
2024-12-20 15:03:43,22694,22695,22695,1,1
2024-12-20 15:03:43,22694,22695,22695,1,1
2024-12-20 15:03:51,22693,22695,22693,2,-2
2024-12-20 15:03:53,22692,22693,22693,1,1
2024-12-20 15:03:53,22692,22693,22692,1,-1
2024-12-20 15:03:53,22692,22693,22692,1,-1
2024-12-20 15:03:57,22692,22693,22693,2,2
2024-12-20 15:03:57,22692,22693,22693,1,1
2024-12-20 15:03:58,22692,22695,22695,1,1
2024-12-20 15:03:58,22694,22696,22696,1,1
2024-12-20 15:03:58,22694,22696,22696,1,1
2024-12-20 15:03:58,22694,22696,22696,1,1
2024-12-20 15:04:00,22694,22695,22695,1,1
2024-12-20 15:04:01,22693,22696,22696,1,1
2024-12-20 15:04:01,22693,22694,22694,1,1
2024-12-20 15:04:03,22693,22696,22693,1,-1
2024-12-20 15:04:12,22693,22695,22693,1,-1
2024-12-20 15:04:15,22694,22695,22694,1,-1
2024-12-20 15:04:15,22694,22695,22695,1,1
2024-12-20 15:04:16,22694,22696,22694,2,-2
2024-12-20 15:04:18,22695,22696,22696,1,1
2024-12-20 15:04:23,22695,22696,22696,1,1
2024-12-20 15:04:23,22695,22696,22696,2,2
2024-12-20 15:04:28,22697,22698,22698,1,1
2024-12-20 15:04:28,22697,22698,22698,1,1
2024-12-20 15:04:28,22695,22697,22698,1,1
2024-12-20 15:04:28,22695,22697,22697,2,2
2024-12-20 15:04:28,22695,22697,22696,1,1
2024-12-20 15:04:28,22695,22697,22697,1,1
2024-12-20 15:04:29,22697,22698,22698,3,3
2024-12-20 15:04:29,22697,22698,22697,1,-1
2024-12-20 15:04:30,22697,22699,22699,5,5
2024-12-20 15:04:30,22697,22699,22700,5,5
2024-12-20 15:04:32,22698,22700,22700,1,1
2024-12-20 15:04:32,22697,22699,22699,1,1
2024-12-20 15:04:32,22697,22699,22699,1,1
2024-12-20 15:04:34,22699,22700,22699,1,-1
2024-12-20 15:04:34,22699,22700,22699,1,-1
2024-12-20 15:04:34,22697,22698,22697,1,-1
2024-12-20 15:04:34,22697,22698,22697,1,-1
2024-12-20 15:04:36,22696,22697,22696,1,-1
2024-12-20 15:04:37,22695,22698,22698,1,1
2024-12-20 15:04:37,22695,22697,22697,1,1
2024-12-20 15:04:37,22695,22698,22698,1,1
2024-12-20 15:04:40,22695,22698,22697,1,1
2024-12-20 15:04:40,22695,22698,22698,1,1
2024-12-20 15:04:43,22695,22697,22697,1,1
2024-12-20 15:04:48,22695,22696,22695,3,-3
2024-12-20 15:04:49,22694,22696,22694,1,-1
2024-12-20 15:04:50,22694,22695,22695,1,1
2024-12-20 15:04:50,22694,22695,22694,1,-1
2024-12-20 15:04:51,22693,22695,22693,1,-1
2024-12-20 15:04:52,22692,22695,22692,1,-1
2024-12-20 15:04:55,22692,22695,22692,4,-4
2024-12-20 15:04:58,22693,22694,22693,1,-1
2024-12-20 15:04:59,22692,22694,22692,1,-1
2024-12-20 15:05:00,22691,22694,22694,1,1
2024-12-20 15:05:01,22697,22699,22700,1,1
2024-12-20 15:05:01,22697,22699,22700,1,1
2024-12-20 15:05:01,22697,22699,22700,18,18
2024-12-20 15:05:01,22697,22699,22699,1,1
2024-12-20 15:05:01,22697,22698,22698,1,1
2024-12-20 15:05:01,22692,22694,22697,11,11
2024-12-20 15:05:01,22692,22694,22697,2,2
2024-12-20 15:05:01,22692,22694,22696,9,9
2024-12-20 15:05:01,22692,22694,22697,8,8
2024-12-20 15:05:01,22692,22694,22694,1,1
2024-12-20 15:05:01,22692,22694,22695,6,6
2024-12-20 15:05:03,22698,22701,22701,1,1
2024-12-20 15:05:03,22698,22701,22698,2,-2
2024-12-20 15:05:07,22698,22700,22698,1,-1
2024-12-20 15:05:08,22697,22698,22697,1,-1
2024-12-20 15:05:24,22695,22696,22695,1,-1
2024-12-20 15:05:24,22695,22696,22695,1,-1
2024-12-20 15:05:29,22694,22697,22694,1,-1
2024-12-20 15:05:29,22694,22697,22694,1,-1
2024-12-20 15:05:29,22693,22695,22695,1,1
2024-12-20 15:05:37,22693,22695,22695,3,3
2024-12-20 15:05:38,22693,22695,22693,3,-3
2024-12-20 15:05:38,22693,22695,22694,1,-1
2024-12-20 15:05:42,22692,22693,22693,1,1
2024-12-20 15:05:42,22692,22694,22694,1,1
2024-12-20 15:05:45,22694,22695,22694,1,-1
2024-12-20 15:05:57,22692,22694,22694,1,1
2024-12-20 15:06:01,22694,22695,22695,2,2
2024-12-20 15:06:01,22694,22695,22695,1,1
2024-12-20 15:06:02,22696,22698,22698,1,1
2024-12-20 15:06:02,22696,22698,22699,1,1
2024-12-20 15:06:02,22696,22698,22698,1,1
2024-12-20 15:06:02,22696,22698,22699,1,1
2024-12-20 15:06:02,22696,22698,22700,1,1
2024-12-20 15:06:02,22696,22698,22699,1,1
2024-12-20 15:06:02,22696,22698,22698,1,1
2024-12-20 15:06:02,22695,22696,22697,1,1
2024-12-20 15:06:02,22695,22696,22697,2,2
2024-12-20 15:06:02,22695,22696,22697,2,2
2024-12-20 15:06:02,22695,22696,22697,1,1
2024-12-20 15:06:02,22695,22696,22697,2,2
2024-12-20 15:06:02,22695,22696,22697,1,1
2024-12-20 15:06:02,22695,22696,22696,1,1
2024-12-20 15:06:03,22698,22700,22698,1,-1
2024-12-20 15:06:07,22697,22698,22697,1,-1
2024-12-20 15:06:07,22696,22699,22699,1,1
2024-12-20 15:06:19,22696,22698,22700,1,1
2024-12-20 15:06:19,22696,22698,22699,1,1
2024-12-20 15:06:19,22696,22698,22699,1,1
2024-12-20 15:06:19,22696,22698,22699,1,1
2024-12-20 15:06:19,22696,22698,22699,1,1
2024-12-20 15:06:19,22696,22698,22698,1,1
2024-12-20 15:06:19,22696,22698,22698,1,1
2024-12-20 15:06:19,22696,22698,22698,1,1
2024-12-20 15:06:19,22694,22696,22696,1,1
2024-12-20 15:06:19,22696,22698,22699,1,1
2024-12-20 15:06:20,22698,22700,22700,1,1
2024-12-20 15:06:20,22698,22700,22700,3,3
2024-12-20 15:06:20,22698,22700,22700,1,1
2024-12-20 15:06:20,22698,22700,22698,1,-1
2024-12-20 15:06:20,22698,22700,22700,1,1
2024-12-20 15:06:20,22698,22700,22700,1,1
2024-12-20 15:06:20,22698,22700,22700,1,1
2024-12-20 15:06:21,22699,22700,22700,1,1
2024-12-20 15:06:22,22699,22700,22699,1,-1
2024-12-20 15:06:23,22699,22700,22700,1,1
2024-12-20 15:06:27,22699,22700,22699,1,-1
2024-12-20 15:06:28,22699,22700,22700,1,1
2024-12-20 15:06:28,22699,22700,22700,1,1
2024-12-20 15:06:28,22699,22700,22700,1,1
2024-12-20 15:06:30,22700,22701,22702,1,1
2024-12-20 15:06:30,22700,22701,22702,1,1
2024-12-20 15:06:30,22700,22701,22703,1,1
2024-12-20 15:06:30,22700,22701,22702,2,2
2024-12-20 15:06:30,22700,22701,22702,1,1
2024-12-20 15:06:30,22700,22701,22702,1,1
2024-12-20 15:06:30,22700,22701,22702,1,1
2024-12-20 15:06:30,22700,22701,22701,1,1
2024-12-20 15:06:30,22700,22701,22702,1,1
2024-12-20 15:06:30,22700,22701,22701,1,1
2024-12-20 15:06:30,22700,22701,22701,1,1
2024-12-20 15:06:30,22700,22701,22701,1,1
2024-12-20 15:06:30,22700,22701,22701,1,1
2024-12-20 15:06:30,22700,22701,22702,1,1
2024-12-20 15:06:31,22701,22703,22701,1,-1
2024-12-20 15:06:31,22701,22703,22701,1,-1
2024-12-20 15:06:31,22701,22703,22700,2,-2
2024-12-20 15:06:31,22700,22702,22700,1,-1
2024-12-20 15:06:33,22700,22703,22703,1,1
2024-12-20 15:06:35,22700,22702,22702,1,1
2024-12-20 15:06:38,22701,22703,22703,1,1
2024-12-20 15:06:38,22701,22703,22703,1,1
2024-12-20 15:06:38,22701,22703,22702,1,1
2024-12-20 15:06:39,22702,22703,22702,1,-1
2024-12-20 15:06:40,22701,22703,22703,1,1
2024-12-20 15:06:41,22701,22703,22703,2,2
2024-12-20 15:06:43,22700,22702,22700,4,-4
2024-12-20 15:06:43,22700,22702,22700,1,-1
2024-12-20 15:06:44,22701,22702,22701,4,-4
2024-12-20 15:06:45,22700,22701,22701,1,1
2024-12-20 15:06:56,22700,22701,22701,1,1
2024-12-20 15:06:56,22700,22701,22701,1,1
2024-12-20 15:06:57,22701,22702,22701,3,-3
2024-12-20 15:07:04,22700,22701,22700,2,-2
2024-12-20 15:07:05,22699,22700,22699,2,-2
2024-12-20 15:07:05,22699,22700,22697,1,-1
2024-12-20 15:07:05,22699,22700,22696,1,-1
2024-12-20 15:07:05,22699,22700,22698,2,-2
2024-12-20 15:07:05,22699,22700,22699,2,-2
2024-12-20 15:07:05,22699,22700,22696,2,-2
2024-12-20 15:07:06,22697,22699,22699,1,1
2024-12-20 15:07:09,22697,22699,22697,1,-1
2024-12-20 15:07:10,22696,22699,22696,2,-2
2024-12-20 15:07:11,22697,22698,22697,2,-2
2024-12-20 15:07:11,22697,22698,22697,3,-3
2024-12-20 15:07:11,22697,22698,22697,5,-5
2024-12-20 15:07:19,22695,22696,22695,1,-1
2024-12-20 15:07:19,22695,22696,22695,1,-1
2024-12-20 15:07:19,22695,22696,22694,2,-2
2024-12-20 15:07:19,22693,22696,22695,2,2
2024-12-20 15:07:19,22693,22695,22693,1,-1
2024-12-20 15:07:21,22693,22695,22695,1,1
2024-12-20 15:07:22,22693,22696,22693,1,-1
2024-12-20 15:07:24,22692,22695,22692,3,-3
2024-12-20 15:07:24,22692,22695,22693,1,-1
2024-12-20 15:07:25,22691,22694,22694,1,1
2024-12-20 15:07:27,22691,22694,22691,1,-1
2024-12-20 15:07:34,22692,22695,22692,2,-2
2024-12-20 15:07:37,22693,22695,22693,1,-1
2024-12-20 15:07:37,22693,22695,22692,1,-1
2024-12-20 15:07:42,22691,22694,22691,1,-1
2024-12-20 15:07:44,22692,22695,22692,1,-1
2024-12-20 15:07:44,22692,22694,22692,1,-1
2024-12-20 15:07:45,22691,22693,22691,1,-1
2024-12-20 15:07:45,22691,22693,22691,1,-1
2024-12-20 15:07:45,22691,22693,22691,1,-1
2024-12-20 15:07:47,22691,22694,22691,1,-1
2024-12-20 15:07:47,22691,22694,22691,1,-1
2024-12-20 15:07:48,22691,22693,22691,1,-1
2024-12-20 15:07:50,22688,22690,22690,1,1
2024-12-20 15:07:50,22691,22693,22690,1,-1
2024-12-20 15:07:50,22688,22690,22688,2,-2
2024-12-20 15:07:50,22691,22693,22690,7,-7
2024-12-20 15:07:50,22691,22693,22691,1,-1
2024-12-20 15:07:50,22691,22693,22689,3,-3
2024-12-20 15:07:55,22687,22689,22686,2,-2
2024-12-20 15:07:55,22687,22689,22687,4,-4
2024-12-20 15:07:56,22685,22687,22687,2,2
2024-12-20 15:07:56,22686,22688,22688,1,1
2024-12-20 15:07:58,22686,22689,22686,1,-1
2024-12-20 15:07:59,22685,22688,22688,1,1
2024-12-20 15:07:59,22686,22688,22685,1,-1
2024-12-20 15:08:01,22685,22688,22687,1,1
2024-12-20 15:08:02,22687,22689,22689,1,1
2024-12-20 15:08:02,22687,22689,22691,1,1
2024-12-20 15:08:03,22689,22691,22691,1,1
2024-12-20 15:08:04,22689,22692,22690,1,-1
2024-12-20 15:08:06,22690,22691,22691,1,1
2024-12-20 15:08:13,22689,22691,22691,9,9
2024-12-20 15:08:13,22689,22691,22692,5,5
2024-12-20 15:08:13,22689,22691,22692,1,1
2024-12-20 15:08:26,22689,22691,22690,1,1
2024-12-20 15:08:33,22689,22690,22689,3,-3
2024-12-20 15:08:36,22689,22690,22690,1,1
2024-12-20 15:08:46,22690,22692,22692,1,1
2024-12-20 15:08:47,22690,22692,22692,2,2
2024-12-20 15:08:49,22691,22693,22693,1,1
2024-12-20 15:08:49,22691,22693,22692,1,1
2024-12-20 15:08:51,22691,22693,22691,2,-2
2024-12-20 15:08:53,22691,22693,22691,1,-1
2024-12-20 15:08:55,22691,22693,22691,2,-2
2024-12-20 15:08:56,22691,22692,22690,1,-1
2024-12-20 15:08:56,22691,22692,22691,2,-2
2024-12-20 15:08:57,22690,22691,22691,1,1
2024-12-20 15:09:00,22690,22691,22691,1,1
2024-12-20 15:09:00,22690,22691,22690,2,-2
2024-12-20 15:09:02,22689,22691,22689,1,-1
2024-12-20 15:09:02,22689,22691,22688,6,-6
2024-12-20 15:09:02,22689,22691,22686,1,-1
2024-12-20 15:09:02,22689,22691,22688,1,-1
2024-12-20 15:09:03,22686,22689,22689,1,1
2024-12-20 15:09:06,22685,22687,22687,1,1
2024-12-20 15:09:06,22686,22688,22686,1,-1
2024-12-20 15:09:06,22686,22688,22686,1,-1
2024-12-20 15:09:06,22686,22688,22685,3,-3
2024-12-20 15:09:09,22685,22686,22685,1,-1
2024-12-20 15:09:09,22685,22686,22686,1,1
2024-12-20 15:09:16,22686,22689,22686,1,-1
2024-12-20 15:09:20,22686,22689,22686,1,-1
2024-12-20 15:09:24,22687,22688,22687,3,-3
2024-12-20 15:09:25,22686,22689,22689,1,1
2024-12-20 15:09:27,22687,22689,22689,1,1
2024-12-20 15:09:28,22687,22689,22689,1,1
2024-12-20 15:09:28,22687,22689,22689,3,3
2024-12-20 15:09:31,22688,22691,22687,1,-1
2024-12-20 15:09:31,22688,22691,22688,4,-4
2024-12-20 15:09:32,22689,22691,22689,1,-1
2024-12-20 15:09:32,22689,22690,22690,1,1
2024-12-20 15:09:32,22689,22691,22691,1,1
2024-12-20 15:09:32,22689,22691,22691,4,4
2024-12-20 15:09:33,22691,22692,22692,1,1
2024-12-20 15:09:34,22691,22693,22693,1,1
2024-12-20 15:09:36,22691,22693,22691,1,-1
2024-12-20 15:09:39,22691,22692,22691,1,-1
2024-12-20 15:09:39,22691,22692,22691,1,-1
2024-12-20 15:09:39,22691,22692,22691,1,-1
2024-12-20 15:09:47,22689,22690,22690,4,4
2024-12-20 15:09:47,22689,22691,22691,2,2
2024-12-20 15:09:47,22689,22691,22691,6,6
2024-12-20 15:09:47,22689,22691,22691,3,3
2024-12-20 15:09:51,22690,22692,22692,1,1
2024-12-20 15:09:51,22690,22692,22690,2,-2
2024-12-20 15:10:01,22687,22690,22690,1,1
2024-12-20 15:10:01,22690,22692,22690,4,-4
2024-12-20 15:10:05,22688,22690,22688,1,-1
2024-12-20 15:10:07,22687,22688,22687,1,-1
2024-12-20 15:10:10,22685,22687,22685,1,-1
2024-12-20 15:10:10,22683,22686,22686,1,1
2024-12-20 15:10:10,22683,22686,22686,1,1
2024-12-20 15:10:11,22683,22685,22683,4,-4
2024-12-20 15:10:11,22683,22685,22682,2,-2
2024-12-20 15:10:12,22682,22683,22682,1,-1
2024-12-20 15:10:12,22682,22684,22682,2,-2
2024-12-20 15:10:13,22682,22683,22683,3,3
2024-12-20 15:10:13,22683,22685,22683,1,-1
2024-12-20 15:10:14,22680,22681,22680,7,-7
2024-12-20 15:10:14,22680,22681,22680,1,-1
2024-12-20 15:10:14,22680,22681,22680,6,-6
2024-12-20 15:10:14,22682,22684,22680,5,-5
2024-12-20 15:10:14,22680,22681,22680,1,-1
2024-12-20 15:10:14,22682,22684,22681,2,-2
2024-12-20 15:10:14,22682,22684,22682,3,-3
2024-12-20 15:10:14,22682,22685,22682,1,-1
2024-12-20 15:10:14,22683,22685,22683,1,-1
2024-12-20 15:10:14,22682,22684,22681,9,-9
2024-12-20 15:10:15,22679,22681,22681,1,1
2024-12-20 15:10:16,22679,22681,22681,1,1
2024-12-20 15:10:18,22680,22681,22680,1,-1
2024-12-20 15:10:19,22680,22681,22681,2,2
2024-12-20 15:10:20,22680,22681,22681,1,1
2024-12-20 15:10:20,22680,22681,22680,2,-2
2024-12-20 15:10:26,22680,22681,22681,1,1
2024-12-20 15:10:31,22680,22682,22681,1,1
2024-12-20 15:10:33,22680,22681,22680,1,-1
2024-12-20 15:10:33,22680,22681,22680,1,-1
2024-12-20 15:10:34,22680,22681,22680,1,-1
2024-12-20 15:10:36,22680,22681,22680,1,-1
2024-12-20 15:10:37,22679,22681,22680,1,-1
2024-12-20 15:10:40,22679,22680,22680,2,2
2024-12-20 15:10:42,22681,22682,22682,1,1
2024-12-20 15:10:42,22679,22681,22681,1,1
2024-12-20 15:10:43,22681,22682,22682,1,1
2024-12-20 15:10:43,22681,22682,22682,3,3
2024-12-20 15:10:46,22681,22682,22681,3,-3
2024-12-20 15:10:46,22681,22682,22680,2,-2
2024-12-20 15:10:50,22679,22681,22679,1,-1
2024-12-20 15:10:50,22679,22681,22679,1,-1
2024-12-20 15:10:50,22679,22681,22679,1,-1
2024-12-20 15:10:50,22679,22681,22679,1,-1
2024-12-20 15:10:56,22678,22680,22678,2,-2
2024-12-20 15:10:56,22678,22680,22677,1,-1
2024-12-20 15:10:57,22677,22680,22680,1,1
2024-12-20 15:11:05,22677,22679,22677,1,-1
2024-12-20 15:11:05,22677,22679,22677,1,-1
2024-12-20 15:11:07,22677,22679,22677,1,-1
2024-12-20 15:11:09,22677,22679,22679,1,1
2024-12-20 15:11:19,22677,22679,22677,2,-2
2024-12-20 15:11:25,22677,22679,22679,3,3
2024-12-20 15:11:25,22677,22679,22679,2,2
2024-12-20 15:11:25,22678,22680,22680,1,1
2024-12-20 15:11:25,22678,22680,22680,1,1
2024-12-20 15:11:28,22678,22679,22679,1,1
2024-12-20 15:11:30,22678,22680,22678,1,-1
2024-12-20 15:11:35,22678,22680,22677,2,-2
2024-12-20 15:11:35,22678,22680,22677,6,-6
2024-12-20 15:11:35,22678,22680,22677,1,-1
2024-12-20 15:11:35,22678,22680,22677,1,-1
2024-12-20 15:11:35,22678,22680,22677,3,-3
2024-12-20 15:11:35,22678,22680,22677,2,-2
2024-12-20 15:11:35,22678,22680,22677,6,-6
2024-12-20 15:11:35,22678,22680,22678,2,-2
2024-12-20 15:11:35,22678,22680,22677,1,-1
2024-12-20 15:11:36,22676,22677,22677,1,1
2024-12-20 15:11:38,22673,22674,22674,1,1
2024-12-20 15:11:38,22673,22674,22674,1,1
2024-12-20 15:11:38,22673,22674,22673,1,-1
2024-12-20 15:11:38,22673,22674,22674,1,1
2024-12-20 15:11:38,22673,22674,22674,2,2
2024-12-20 15:11:38,22676,22678,22674,2,-2
2024-12-20 15:11:38,22676,22678,22674,4,-4
2024-12-20 15:11:38,22676,22678,22674,5,-5
2024-12-20 15:11:38,22676,22678,22675,6,-6
2024-12-20 15:11:38,22676,22678,22675,1,-1
2024-12-20 15:11:38,22676,22678,22675,1,-1
2024-12-20 15:11:38,22676,22678,22675,5,-5
2024-12-20 15:11:38,22676,22678,22675,1,-1
2024-12-20 15:11:38,22676,22678,22676,15,-15
2024-12-20 15:11:38,22676,22678,22674,1,-1
2024-12-20 15:11:39,22670,22671,22671,1,1
2024-12-20 15:11:39,22669,22670,22670,1,1
2024-12-20 15:11:39,22670,22671,22669,1,-1
2024-12-20 15:11:39,22670,22671,22670,1,-1
2024-12-20 15:11:39,22673,22674,22673,3,-3
2024-12-20 15:11:39,22670,22671,22670,3,-3
2024-12-20 15:11:39,22673,22674,22671,1,-1
2024-12-20 15:11:39,22673,22674,22673,9,-9
2024-12-20 15:11:39,22670,22671,22669,2,-2
2024-12-20 15:11:40,22670,22671,22671,1,1
2024-12-20 15:11:42,22670,22671,22671,2,2
2024-12-20 15:11:42,22671,22672,22672,4,4
2024-12-20 15:11:43,22674,22676,22677,1,1
2024-12-20 15:11:43,22674,22677,22677,1,1
2024-12-20 15:11:44,22674,22677,22674,2,-2
2024-12-20 15:11:58,22676,22678,22678,1,1
2024-12-20 15:11:58,22673,22674,22676,4,4
2024-12-20 15:11:58,22673,22674,22675,2,2
2024-12-20 15:11:58,22676,22679,22679,1,1
2024-12-20 15:11:58,22673,22674,22675,3,3
2024-12-20 15:11:58,22673,22674,22674,1,1
2024-12-20 15:11:58,22673,22674,22675,7,7
2024-12-20 15:12:03,22674,22677,22677,1,1
2024-12-20 15:12:05,22674,22676,22674,1,-1
2024-12-20 15:12:05,22673,22674,22674,1,1
2024-12-20 15:12:06,22673,22675,22675,1,1
2024-12-20 15:12:06,22673,22676,22676,1,1
2024-12-20 15:12:11,22673,22676,22675,1,1
2024-12-20 15:12:13,22671,22672,22671,1,-1
2024-12-20 15:12:13,22673,22675,22672,1,-1
2024-12-20 15:12:13,22673,22675,22673,12,-12
2024-12-20 15:12:13,22673,22675,22672,1,-1
2024-12-20 15:12:13,22673,22675,22671,1,-1
2024-12-20 15:12:16,22668,22671,22671,1,1
2024-12-20 15:12:16,22670,22672,22670,1,-1
2024-12-20 15:12:16,22670,22671,22668,1,-1
2024-12-20 15:12:16,22670,22671,22670,2,-2
2024-12-20 15:12:16,22668,22671,22671,1,1
2024-12-20 15:12:17,22668,22671,22671,1,1
2024-12-20 15:12:17,22669,22671,22669,1,-1
2024-12-20 15:12:18,22668,22671,22668,1,-1
2024-12-20 15:12:20,22668,22671,22668,1,-1
2024-12-20 15:12:22,22667,22669,22667,1,-1
2024-12-20 15:12:22,22666,22668,22666,12,-12
2024-12-20 15:12:22,22665,22666,22666,1,1
2024-12-20 15:12:23,22665,22666,22666,2,2
2024-12-20 15:12:25,22666,22668,22666,1,-1
2024-12-20 15:12:26,22667,22670,22670,2,2
2024-12-20 15:12:26,22668,22671,22668,2,-2
2024-12-20 15:12:27,22668,22670,22670,1,1
2024-12-20 15:12:30,22668,22670,22668,1,-1
2024-12-20 15:12:30,22668,22670,22667,1,-1
2024-12-20 15:12:30,22668,22670,22668,1,-1
2024-12-20 15:12:33,22667,22669,22667,1,-1
2024-12-20 15:12:33,22667,22668,22668,1,1
2024-12-20 15:12:33,22667,22669,22667,1,-1
2024-12-20 15:12:34,22671,22673,22673,1,1
2024-12-20 15:12:34,22667,22669,22671,1,1
2024-12-20 15:12:34,22667,22669,22670,3,3
2024-12-20 15:12:34,22667,22669,22669,4,4
2024-12-20 15:12:34,22667,22669,22669,1,1
2024-12-20 15:12:34,22667,22669,22670,5,5
2024-12-20 15:12:44,22670,22672,22670,1,-1
2024-12-20 15:12:45,22669,22670,22669,1,-1
2024-12-20 15:12:45,22669,22670,22669,1,-1
2024-12-20 15:12:45,22669,22670,22668,1,-1
2024-12-20 15:12:49,22667,22669,22667,1,-1
2024-12-20 15:12:49,22667,22669,22667,2,-2
2024-12-20 15:12:49,22665,22667,22667,1,1
2024-12-20 15:12:50,22665,22668,22665,1,-1
2024-12-20 15:12:51,22665,22668,22668,2,2
2024-12-20 15:12:52,22665,22668,22666,4,-4
2024-12-20 15:12:53,22666,22669,22666,5,-5
2024-12-20 15:12:53,22666,22669,22665,1,-1
2024-12-20 15:12:55,22666,22667,22665,1,-1
2024-12-20 15:12:55,22666,22667,22666,2,-2
2024-12-20 15:12:55,22666,22668,22666,1,-1
2024-12-20 15:12:56,22665,22667,22665,1,-1
2024-12-20 15:12:59,22666,22669,22667,1,-1
2024-12-20 15:12:59,22667,22669,22667,1,-1
2024-12-20 15:13:03,22666,22668,22667,1,-1
2024-12-20 15:13:03,22667,22668,22668,2,2
2024-12-20 15:13:05,22668,22670,22668,1,-1
2024-12-20 15:13:07,22668,22669,22668,1,-1
2024-12-20 15:13:08,22666,22667,22666,1,-1
2024-12-20 15:13:19,22665,22667,22665,6,-6
2024-12-20 15:13:19,22665,22667,22665,2,-2
2024-12-20 15:13:19,22665,22667,22665,1,-1
2024-12-20 15:13:19,22665,22667,22665,6,-6
2024-12-20 15:13:19,22665,22667,22665,6,-6
2024-12-20 15:13:19,22665,22667,22664,1,-1
2024-12-20 15:13:20,22662,22664,22664,1,1
2024-12-20 15:13:21,22660,22661,22661,1,1
2024-12-20 15:13:21,22662,22663,22661,11,-11
2024-12-20 15:13:21,22662,22663,22662,2,-2
2024-12-20 15:13:29,22660,22661,22661,1,1
2024-12-20 15:13:30,22660,22661,22661,1,1
2024-12-20 15:13:30,22660,22661,22661,1,1
2024-12-20 15:13:30,22660,22661,22662,1,1
2024-12-20 15:13:30,22662,22665,22665,1,1
2024-12-20 15:13:32,22667,22669,22667,1,-1
2024-12-20 15:13:32,22667,22669,22669,1,1
2024-12-20 15:13:32,22664,22667,22667,1,1
2024-12-20 15:13:32,22666,22668,22668,5,5
2024-12-20 15:13:33,22667,22669,22669,1,1
2024-12-20 15:13:35,22668,22670,22667,2,-2
2024-12-20 15:13:35,22668,22670,22668,3,-3
2024-12-20 15:13:36,22667,22669,22669,1,1
2024-12-20 15:13:41,22667,22669,22669,2,2
2024-12-20 15:13:42,22668,22670,22670,1,1
2024-12-20 15:13:44,22668,22670,22670,3,3
2024-12-20 15:13:44,22668,22670,22670,1,1
2024-12-20 15:13:47,22670,22671,22670,1,-1
2024-12-20 15:13:51,22670,22671,22670,4,-4
2024-12-20 15:13:51,22670,22671,22669,1,-1
2024-12-20 15:13:58,22669,22670,22669,1,-1
2024-12-20 15:13:58,22669,22670,22669,1,-1
2024-12-20 15:14:07,22666,22668,22668,2,2
2024-12-20 15:14:09,22667,22669,22667,1,-1
2024-12-20 15:14:13,22668,22669,22669,1,1
2024-12-20 15:14:13,22668,22670,22669,1,1
2024-12-20 15:14:13,22668,22670,22669,1,1
2024-12-20 15:14:16,22668,22670,22668,1,-1
2024-12-20 15:14:20,22668,22670,22670,1,1
2024-12-20 15:14:20,22668,22670,22669,1,1
2024-12-20 15:14:20,22668,22670,22670,1,1
2024-12-20 15:14:20,22668,22670,22669,1,1
2024-12-20 15:14:31,22669,22670,22670,1,1
2024-12-20 15:14:33,22669,22671,22671,1,1
2024-12-20 15:14:39,22671,22673,22673,3,3
2024-12-20 15:14:40,22673,22674,22674,1,1
2024-12-20 15:14:40,22673,22674,22673,1,-1
2024-12-20 15:14:40,22673,22674,22673,2,-2
2024-12-20 15:14:42,22673,22674,22673,1,-1
2024-12-20 15:14:43,22672,22674,22674,3,3
2024-12-20 15:14:47,22673,22675,22673,2,-2
2024-12-20 15:14:49,22673,22675,22675,1,1
2024-12-20 15:14:52,22673,22675,22675,1,1
2024-12-20 15:14:55,22674,22676,22676,2,2
2024-12-20 15:14:55,22674,22676,22676,3,3
2024-12-20 15:14:55,22675,22676,22675,1,-1
2024-12-20 15:15:00,22675,22676,22677,1,1
2024-12-20 15:15:00,22675,22676,22677,1,1
2024-12-20 15:15:00,22675,22676,22676,1,1
2024-12-20 15:15:00,22675,22676,22676,1,1
2024-12-20 15:15:02,22677,22679,22675,2,-2
2024-12-20 15:15:02,22677,22679,22674,1,-1
2024-12-20 15:15:02,22677,22679,22674,1,-1
2024-12-20 15:15:02,22677,22679,22674,2,-2
2024-12-20 15:15:02,22673,22675,22675,1,1
2024-12-20 15:15:02,22673,22675,22675,1,1
2024-12-20 15:15:07,22675,22677,22675,4,-4
2024-12-20 15:15:07,22675,22677,22675,1,-1
2024-12-20 15:15:08,22675,22676,22675,1,-1
2024-12-20 15:15:09,22673,22675,22673,1,-1
2024-12-20 15:15:09,22671,22673,22671,4,-4
2024-12-20 15:15:09,22671,22673,22670,1,-1
2024-12-20 15:15:09,22671,22673,22669,1,-1
2024-12-20 15:15:10,22669,22670,22671,7,7
2024-12-20 15:15:10,22669,22670,22670,1,1
2024-12-20 15:15:10,22669,22670,22672,7,7
2024-12-20 15:15:10,22669,22670,22670,1,1
2024-12-20 15:15:13,22671,22673,22673,1,1
2024-12-20 15:15:22,22674,22675,22674,2,-2
2024-12-20 15:15:22,22674,22675,22673,1,-1
2024-12-20 15:15:25,22673,22675,22673,14,-14
2024-12-20 15:15:25,22673,22675,22672,1,-1
2024-12-20 15:15:26,22669,22672,22672,1,1
2024-12-20 15:15:28,22671,22673,22671,1,-1
2024-12-20 15:15:30,22669,22671,22669,2,-2
2024-12-20 15:15:32,22668,22669,22668,1,-1
2024-12-20 15:15:32,22668,22669,22668,1,-1
2024-12-20 15:15:32,22668,22669,22668,1,-1
2024-12-20 15:15:32,22668,22669,22668,1,-1
2024-12-20 15:15:32,22668,22669,22668,1,-1
2024-12-20 15:15:34,22667,22669,22667,1,-1
2024-12-20 15:15:34,22667,22669,22667,1,-1
2024-12-20 15:15:53,22664,22665,22664,1,-1
2024-12-20 15:15:53,22664,22665,22664,1,-1
2024-12-20 15:15:54,22661,22664,22665,1,1
2024-12-20 15:15:54,22663,22666,22666,1,1
2024-12-20 15:15:54,22664,22665,22664,1,-1
2024-12-20 15:15:54,22663,22665,22663,1,-1
2024-12-20 15:16:00,22665,22667,22665,1,-1
2024-12-20 15:16:01,22661,22664,22664,1,1
2024-12-20 15:16:01,22661,22664,22664,1,1
2024-12-20 15:16:01,22663,22665,22663,1,-1
2024-12-20 15:16:02,22662,22665,22662,1,-1
2024-12-20 15:16:02,22662,22665,22665,4,4
2024-12-20 15:16:06,22660,22661,22660,1,-1
2024-12-20 15:16:06,22658,22660,22658,1,-1
2024-12-20 15:16:06,22660,22661,22660,2,-2
2024-12-20 15:16:06,22662,22664,22662,1,-1
2024-12-20 15:16:06,22662,22664,22661,3,-3
2024-12-20 15:16:06,22660,22661,22660,2,-2
2024-12-20 15:16:09,22657,22660,22660,1,1
2024-12-20 15:16:13,22659,22662,22662,2,2
2024-12-20 15:16:13,22660,22662,22660,1,-1
2024-12-20 15:16:14,22660,22663,22660,4,-4
2024-12-20 15:16:14,22659,22660,22660,6,6
2024-12-20 15:16:17,22660,22662,22660,1,-1
2024-12-20 15:16:19,22660,22662,22660,1,-1
2024-12-20 15:16:23,22658,22660,22660,4,4
2024-12-20 15:16:27,22663,22665,22665,1,1
2024-12-20 15:16:31,22665,22666,22666,2,2
2024-12-20 15:16:33,22667,22669,22667,2,-2
2024-12-20 15:16:33,22666,22669,22666,1,-1
2024-12-20 15:16:40,22666,22668,22666,2,-2
2024-12-20 15:16:46,22664,22666,22666,1,1
2024-12-20 15:16:49,22664,22665,22665,2,2
2024-12-20 15:16:51,22664,22665,22665,2,2
2024-12-20 15:16:52,22664,22665,22666,5,5
2024-12-20 15:16:52,22664,22665,22665,2,2
2024-12-20 15:16:55,22664,22666,22666,1,1
2024-12-20 15:16:59,22663,22665,22665,1,1
2024-12-20 15:16:59,22663,22665,22669,1,1
2024-12-20 15:17:00,22667,22669,22669,1,1
2024-12-20 15:17:05,22668,22670,22668,3,-3
2024-12-20 15:17:05,22668,22670,22667,2,-2
2024-12-20 15:17:24,22663,22665,22663,1,-1
2024-12-20 15:17:24,22664,22666,22664,1,-1
2024-12-20 15:17:24,22663,22664,22664,1,1
2024-12-20 15:17:26,22661,22664,22661,1,-1
2024-12-20 15:17:30,22662,22663,22663,1,1
2024-12-20 15:17:34,22662,22665,22662,2,-2
2024-12-20 15:17:34,22662,22665,22662,1,-1
2024-12-20 15:17:38,22661,22663,22659,1,-1
2024-12-20 15:17:38,22661,22663,22659,1,-1
2024-12-20 15:17:38,22661,22663,22659,1,-1
2024-12-20 15:17:38,22661,22663,22661,1,-1
2024-12-20 15:17:38,22661,22663,22660,4,-4
2024-12-20 15:17:39,22658,22659,22660,1,1
2024-12-20 15:17:39,22658,22659,22659,1,1
2024-12-20 15:17:41,22659,22662,22659,1,-1
2024-12-20 15:17:46,22658,22660,22657,2,-2
2024-12-20 15:17:46,22658,22660,22658,3,-3
2024-12-20 15:17:46,22657,22659,22657,1,-1
2024-12-20 15:17:47,22657,22659,22659,1,1
2024-12-20 15:18:00,22657,22658,22658,1,1
2024-12-20 15:18:00,22657,22658,22658,1,1
2024-12-20 15:18:00,22657,22659,22657,1,-1
2024-12-20 15:18:00,22657,22659,22656,1,-1
2024-12-20 15:18:00,22657,22659,22656,1,-1
2024-12-20 15:18:01,22655,22656,22654,4,-4
2024-12-20 15:18:01,22655,22656,22653,1,-1
2024-12-20 15:18:01,22655,22656,22655,1,-1
2024-12-20 15:18:01,22655,22656,22655,2,-2
2024-12-20 15:18:02,22652,22653,22653,2,2
2024-12-20 15:18:02,22653,22655,22653,2,-2
2024-12-20 15:18:04,22652,22655,22655,1,1
2024-12-20 15:18:06,22653,22655,22652,1,-1
2024-12-20 15:18:06,22653,22655,22653,2,-2
2024-12-20 15:18:08,22652,22653,22653,1,1
2024-12-20 15:18:14,22653,22654,22654,1,1
2024-12-20 15:18:14,22653,22654,22654,1,1
2024-12-20 15:18:17,22653,22655,22655,1,1
2024-12-20 15:18:19,22653,22656,22653,1,-1
2024-12-20 15:18:20,22656,22659,22656,1,-1
2024-12-20 15:18:21,22656,22659,22656,2,-2
2024-12-20 15:18:31,22655,22657,22657,2,2
2024-12-20 15:18:37,22656,22657,22656,1,-1
2024-12-20 15:18:38,22655,22657,22657,2,2
2024-12-20 15:18:41,22655,22656,22655,1,-1
2024-12-20 15:18:45,22654,22656,22654,1,-1
2024-12-20 15:18:46,22654,22656,22654,1,-1
2024-12-20 15:18:48,22654,22656,22654,1,-1
2024-12-20 15:18:51,22654,22655,22655,2,2
2024-12-20 15:18:51,22654,22655,22656,1,1
2024-12-20 15:18:52,22654,22656,22654,1,-1
2024-12-20 15:18:55,22653,22655,22653,1,-1
2024-12-20 15:18:56,22653,22655,22653,4,-4
2024-12-20 15:18:56,22653,22655,22653,2,-2
2024-12-20 15:18:56,22653,22655,22653,4,-4
2024-12-20 15:19:00,22651,22653,22651,1,-1
2024-12-20 15:19:01,22651,22653,22651,1,-1
2024-12-20 15:19:01,22651,22652,22651,2,-2
2024-12-20 15:19:02,22650,22651,22650,7,-7
2024-12-20 15:19:02,22650,22651,22650,1,-1
2024-12-20 15:19:02,22650,22651,22650,1,-1
2024-12-20 15:19:02,22650,22651,22650,1,-1
2024-12-20 15:19:02,22651,22652,22651,3,-3
2024-12-20 15:19:02,22651,22652,22651,1,-1
2024-12-20 15:19:02,22651,22652,22650,3,-3
2024-12-20 15:19:02,22651,22652,22651,3,-3
2024-12-20 15:19:03,22648,22650,22650,1,1
2024-12-20 15:19:05,22648,22650,22648,1,-1
2024-12-20 15:19:05,22648,22650,22648,1,-1
2024-12-20 15:19:06,22648,22649,22648,4,-4
2024-12-20 15:19:07,22647,22649,22647,1,-1
2024-12-20 15:19:07,22647,22649,22649,1,1
2024-12-20 15:19:11,22647,22648,22647,1,-1
2024-12-20 15:19:11,22647,22648,22647,2,-2
2024-12-20 15:19:11,22646,22647,22646,2,-2
2024-12-20 15:19:12,22645,22646,22645,3,-3
2024-12-20 15:19:12,22645,22646,22645,6,-6
2024-12-20 15:19:12,22645,22646,22645,1,-1
2024-12-20 15:19:12,22645,22646,22645,1,-1
2024-12-20 15:19:14,22644,22645,22645,2,2
2024-12-20 15:19:14,22644,22645,22644,1,-1
2024-12-20 15:19:14,22644,22645,22645,1,1
2024-12-20 15:19:15,22644,22646,22646,1,1
2024-12-20 15:19:15,22645,22646,22645,1,-1
2024-12-20 15:19:18,22645,22646,22645,1,-1
2024-12-20 15:19:19,22645,22646,22646,3,3
2024-12-20 15:19:19,22645,22646,22646,2,2
2024-12-20 15:19:19,22645,22646,22646,1,1
2024-12-20 15:19:19,22646,22647,22647,1,1
2024-12-20 15:19:20,22646,22647,22648,1,1
2024-12-20 15:19:20,22646,22647,22647,1,1
2024-12-20 15:19:20,22646,22648,22646,1,-1
2024-12-20 15:19:21,22647,22648,22647,1,-1
2024-12-20 15:19:21,22647,22648,22648,1,1
2024-12-20 15:19:22,22646,22648,22646,1,-1
2024-12-20 15:19:31,22646,22648,22648,1,1
2024-12-20 15:19:33,22646,22648,22648,1,1
2024-12-20 15:19:33,22647,22649,22647,1,-1
2024-12-20 15:19:34,22647,22649,22649,1,1
2024-12-20 15:19:34,22648,22650,22648,1,-1
2024-12-20 15:19:37,22647,22649,22649,1,1
2024-12-20 15:19:39,22648,22649,22650,1,1
2024-12-20 15:19:39,22648,22649,22649,1,1
2024-12-20 15:19:43,22649,22650,22650,1,1
2024-12-20 15:19:43,22649,22650,22650,1,1
2024-12-20 15:19:43,22649,22650,22650,4,4
2024-12-20 15:19:43,22649,22650,22652,1,1
2024-12-20 15:19:43,22649,22650,22653,1,1
2024-12-20 15:19:43,22651,22654,22651,1,-1
2024-12-20 15:19:45,22652,22655,22652,1,-1
2024-12-20 15:19:47,22653,22655,22655,2,2
2024-12-20 15:19:50,22655,22656,22656,2,2
2024-12-20 15:19:53,22655,22656,22656,1,1
2024-12-20 15:19:55,22655,22656,22656,2,2
2024-12-20 15:19:56,22656,22657,22656,1,-1
2024-12-20 15:19:59,22656,22657,22656,2,-2
2024-12-20 15:20:00,22658,22660,22659,2,-2
2024-12-20 15:20:00,22658,22660,22658,1,-1
2024-12-20 15:20:00,22658,22660,22660,1,1
2024-12-20 15:20:00,22656,22658,22660,1,1
2024-12-20 15:20:00,22656,22658,22659,1,1
2024-12-20 15:20:00,22656,22658,22659,1,1
2024-12-20 15:20:00,22656,22658,22658,1,1
2024-12-20 15:20:00,22655,22656,22656,1,1
2024-12-20 15:20:00,22655,22656,22656,1,1
2024-12-20 15:20:01,22658,22660,22658,1,-1
2024-12-20 15:20:02,22658,22659,22659,1,1
2024-12-20 15:20:06,22656,22658,22659,1,1
2024-12-20 15:20:06,22656,22658,22658,1,1
2024-12-20 15:20:10,22658,22660,22660,1,1
2024-12-20 15:20:10,22658,22660,22660,1,1
2024-12-20 15:20:10,22657,22659,22659,2,2
2024-12-20 15:20:10,22658,22660,22660,1,1
2024-12-20 15:20:13,22657,22659,22657,1,-1
2024-12-20 15:20:14,22657,22658,22657,1,-1
2024-12-20 15:20:14,22656,22657,22656,2,-2
2024-12-20 15:20:14,22656,22657,22655,1,-1
2024-12-20 15:20:15,22653,22654,22655,1,1
2024-12-20 15:20:15,22653,22654,22654,2,2
2024-12-20 15:20:16,22653,22655,22653,1,-1
2024-12-20 15:20:16,22653,22655,22652,2,-2
2024-12-20 15:20:20,22651,22653,22651,2,-2
2024-12-20 15:20:21,22650,22652,22652,2,2
2024-12-20 15:20:21,22650,22653,22653,1,1
2024-12-20 15:20:21,22650,22653,22653,1,1
2024-12-20 15:20:21,22650,22653,22653,1,1
2024-12-20 15:20:21,22650,22653,22654,1,1
2024-12-20 15:20:27,22652,22654,22652,1,-1
2024-12-20 15:20:27,22652,22654,22652,1,-1
2024-12-20 15:20:29,22652,22654,22654,1,1
2024-12-20 15:20:30,22654,22657,22657,1,1
2024-12-20 15:20:30,22655,22658,22655,1,-1
2024-12-20 15:20:30,22652,22654,22654,1,1
2024-12-20 15:20:30,22652,22654,22655,1,1
2024-12-20 15:20:30,22652,22654,22656,1,1
2024-12-20 15:20:43,22654,22656,22656,1,1
2024-12-20 15:20:47,22655,22658,22659,1,1
2024-12-20 15:20:47,22655,22658,22658,1,1
2024-12-20 15:20:47,22655,22658,22659,1,1
2024-12-20 15:20:47,22655,22658,22659,1,1
2024-12-20 15:20:47,22655,22658,22658,1,1
2024-12-20 15:20:47,22655,22658,22658,1,1
2024-12-20 15:20:47,22655,22658,22658,1,1
2024-12-20 15:20:47,22655,22658,22658,1,1
2024-12-20 15:20:47,22655,22657,22657,1,1
2024-12-20 15:20:47,22655,22658,22658,1,1
2024-12-20 15:20:49,22656,22658,22659,1,1
2024-12-20 15:20:49,22658,22660,22660,1,1
2024-12-20 15:20:49,22658,22660,22660,1,1
2024-12-20 15:20:51,22658,22660,22658,1,-1
2024-12-20 15:20:52,22656,22658,22658,1,1
2024-12-20 15:20:53,22656,22659,22659,1,1
2024-12-20 15:20:58,22657,22659,22659,1,1
2024-12-20 15:21:01,22657,22659,22659,1,1
2024-12-20 15:21:01,22657,22659,22659,1,1
2024-12-20 15:21:01,22658,22660,22660,1,1
2024-12-20 15:21:01,22658,22660,22661,1,1
2024-12-20 15:21:02,22658,22661,22661,1,1
2024-12-20 15:21:02,22659,22661,22659,1,-1
2024-12-20 15:21:04,22659,22661,22659,1,-1
2024-12-20 15:21:05,22659,22661,22661,1,1
2024-12-20 15:21:07,22659,22660,22661,1,1
2024-12-20 15:21:07,22659,22660,22660,1,1
2024-12-20 15:21:09,22659,22661,22661,1,1
2024-12-20 15:21:09,22659,22661,22661,1,1
2024-12-20 15:21:10,22661,22662,22662,1,1
2024-12-20 15:21:10,22661,22662,22662,1,1
2024-12-20 15:21:10,22661,22662,22663,1,1
2024-12-20 15:21:10,22661,22662,22663,2,2
2024-12-20 15:21:12,22662,22664,22662,3,-3
2024-12-20 15:21:18,22661,22663,22663,1,1
2024-12-20 15:21:18,22661,22663,22664,2,2
2024-12-20 15:21:21,22660,22662,22663,1,1
2024-12-20 15:21:21,22660,22662,22662,1,1
2024-12-20 15:21:21,22660,22662,22663,1,1
2024-12-20 15:21:21,22661,22664,22661,1,-1
2024-12-20 15:21:21,22660,22662,22662,1,1
2024-12-20 15:21:25,22661,22664,22663,5,5
2024-12-20 15:21:27,22663,22664,22663,1,-1
2024-12-20 15:21:27,22663,22664,22663,1,-1
2024-12-20 15:21:27,22662,22664,22662,1,-1
2024-12-20 15:21:30,22665,22667,22665,1,-1
2024-12-20 15:21:30,22665,22667,22667,1,1
2024-12-20 15:21:30,22662,22664,22664,2,2
2024-12-20 15:21:30,22662,22664,22665,2,2
2024-12-20 15:21:37,22665,22667,22668,1,1
2024-12-20 15:21:37,22665,22667,22667,2,2
2024-12-20 15:21:37,22665,22667,22667,1,1
2024-12-20 15:21:37,22665,22667,22665,1,-1
2024-12-20 15:21:44,22663,22665,22665,1,1
2024-12-20 15:21:44,22663,22666,22663,3,-3
2024-12-20 15:21:50,22663,22666,22666,1,1
2024-12-20 15:21:52,22663,22665,22663,2,-2
2024-12-20 15:21:52,22663,22665,22663,2,-2
2024-12-20 15:21:54,22662,22663,22663,1,1
2024-12-20 15:22:04,22662,22664,22664,1,1
2024-12-20 15:22:04,22663,22665,22665,1,1
2024-12-20 15:22:04,22663,22665,22666,1,1
2024-12-20 15:22:07,22661,22663,22663,2,2
2024-12-20 15:22:07,22662,22663,22663,2,2
2024-12-20 15:22:07,22662,22663,22662,2,-2
2024-12-20 15:22:07,22662,22663,22662,1,-1
2024-12-20 15:22:10,22661,22663,22663,1,1
2024-12-20 15:22:15,22663,22665,22663,1,-1
2024-12-20 15:22:20,22661,22662,22661,1,-1
2024-12-20 15:22:20,22661,22662,22661,1,-1
2024-12-20 15:22:20,22661,22662,22660,6,-6
2024-12-20 15:22:20,22659,22661,22659,1,-1
2024-12-20 15:22:23,22658,22660,22658,1,-1
2024-12-20 15:22:24,22657,22658,22658,1,1
2024-12-20 15:22:25,22657,22659,22659,1,1
2024-12-20 15:22:41,22660,22662,22661,1,1
2024-12-20 15:22:43,22659,22661,22659,1,-1
2024-12-20 15:22:44,22657,22659,22659,1,1
2024-12-20 15:22:48,22658,22661,22658,5,-5
2024-12-20 15:22:48,22658,22661,22658,1,-1
2024-12-20 15:22:54,22658,22660,22660,1,1
2024-12-20 15:22:57,22658,22660,22658,1,-1
2024-12-20 15:22:58,22658,22660,22659,1,-1
2024-12-20 15:23:02,22659,22660,22660,8,8
2024-12-20 15:23:02,22659,22660,22660,1,1
2024-12-20 15:23:02,22659,22660,22660,1,1
2024-12-20 15:23:02,22659,22660,22660,2,2
2024-12-20 15:23:02,22659,22660,22660,1,1
2024-12-20 15:23:02,22659,22660,22660,1,1
2024-12-20 15:23:03,22660,22661,22661,1,1
2024-12-20 15:23:04,22660,22662,22662,1,1
2024-12-20 15:23:07,22661,22663,22661,1,-1
2024-12-20 15:23:07,22661,22663,22660,1,-1
2024-12-20 15:23:09,22660,22662,22662,1,1
2024-12-20 15:23:25,22662,22664,22664,1,1
2024-12-20 15:23:26,22662,22665,22665,1,1
2024-12-20 15:23:28,22664,22665,22665,1,1
2024-12-20 15:23:30,22664,22666,22666,2,2
2024-12-20 15:23:30,22664,22666,22666,1,1
2024-12-20 15:23:30,22664,22666,22666,1,1
2024-12-20 15:23:30,22665,22668,22668,1,1
2024-12-20 15:23:30,22665,22668,22668,2,2
2024-12-20 15:23:31,22667,22669,22669,1,1
2024-12-20 15:23:32,22668,22670,22670,2,2
2024-12-20 15:23:42,22668,22670,22668,1,-1
2024-12-20 15:23:42,22668,22669,22669,1,1
2024-12-20 15:23:44,22668,22670,22670,7,7
2024-12-20 15:23:44,22668,22670,22671,1,1
2024-12-20 15:23:47,22669,22672,22669,1,-1
2024-12-20 15:23:49,22670,22672,22670,1,-1
2024-12-20 15:23:50,22669,22672,22672,2,2
2024-12-20 15:23:54,22669,22671,22671,1,1
2024-12-20 15:23:57,22668,22670,22670,1,1
2024-12-20 15:23:58,22668,22670,22670,1,1
2024-12-20 15:23:59,22668,22671,22671,1,1
2024-12-20 15:24:00,22668,22670,22670,1,1
2024-12-20 15:24:00,22668,22670,22670,2,2
2024-12-20 15:24:03,22669,22670,22669,1,-1
2024-12-20 15:24:19,22668,22670,22668,1,-1
2024-12-20 15:24:19,22668,22670,22668,1,-1
2024-12-20 15:24:28,22666,22668,22666,1,-1
2024-12-20 15:24:28,22666,22668,22665,1,-1
2024-12-20 15:24:30,22664,22665,22664,1,-1
2024-12-20 15:24:34,22661,22664,22661,1,-1
2024-12-20 15:24:43,22661,22663,22663,1,1
2024-12-20 15:24:51,22661,22663,22661,1,-1
2024-12-20 15:24:51,22661,22663,22663,1,1
2024-12-20 15:24:51,22661,22663,22665,1,1
2024-12-20 15:25:03,22661,22663,22663,1,1
2024-12-20 15:25:03,22661,22663,22663,2,2
2024-12-20 15:25:06,22660,22663,22662,1,1
2024-12-20 15:25:08,22660,22661,22660,1,-1
2024-12-20 15:25:09,22659,22662,22661,1,1
2024-12-20 15:25:11,22658,22660,22657,1,-1
2024-12-20 15:25:11,22658,22660,22660,2,2
2024-12-20 15:25:11,22658,22660,22658,3,-3
2024-12-20 15:25:12,22656,22657,22657,2,2
2024-12-20 15:25:12,22657,22660,22657,1,-1
2024-12-20 15:25:14,22658,22660,22658,1,-1
2024-12-20 15:25:15,22659,22662,22659,1,-1
2024-12-20 15:25:16,22657,22659,22659,1,1
2024-12-20 15:25:18,22657,22660,22657,1,-1
2024-12-20 15:25:26,22658,22659,22658,1,-1
2024-12-20 15:25:29,22658,22659,22658,1,-1
2024-12-20 15:25:29,22658,22659,22658,1,-1
2024-12-20 15:25:31,22657,22658,22657,3,-3
2024-12-20 15:25:31,22657,22658,22656,1,-1
2024-12-20 15:25:34,22655,22656,22655,3,-3
2024-12-20 15:25:36,22653,22655,22654,1,-1
2024-12-20 15:25:36,22653,22655,22655,1,1
2024-12-20 15:25:36,22653,22655,22654,1,-1
2024-12-20 15:25:39,22655,22656,22655,1,-1
2024-12-20 15:25:42,22654,22655,22654,1,-1
2024-12-20 15:25:43,22653,22655,22654,1,-1
2024-12-20 15:25:43,22653,22655,22654,1,-1
2024-12-20 15:25:43,22652,22655,22652,1,-1
2024-12-20 15:25:45,22652,22655,22652,1,-1
2024-12-20 15:25:50,22652,22654,22651,3,-3
2024-12-20 15:25:50,22652,22654,22652,2,-2
2024-12-20 15:25:52,22650,22653,22651,1,-1
2024-12-20 15:25:53,22651,22653,22651,1,-1
2024-12-20 15:25:57,22651,22653,22651,3,-3
2024-12-20 15:26:00,22652,22653,22653,1,1
2024-12-20 15:26:01,22652,22653,22652,1,-1
2024-12-20 15:26:07,22651,22652,22651,1,-1
2024-12-20 15:26:07,22651,22652,22652,1,1
2024-12-20 15:26:09,22651,22653,22653,1,1
2024-12-20 15:26:09,22652,22653,22653,1,1
2024-12-20 15:26:14,22651,22654,22651,1,-1
2024-12-20 15:26:16,22653,22655,22656,1,1
2024-12-20 15:26:16,22654,22656,22656,1,1
2024-12-20 15:26:16,22653,22655,22655,1,1
2024-12-20 15:26:17,22655,22657,22655,1,-1
2024-12-20 15:26:20,22655,22658,22656,1,-1
2024-12-20 15:26:23,22656,22658,22658,1,1
2024-12-20 15:26:23,22656,22658,22659,3,3
2024-12-20 15:26:28,22655,22657,22657,2,2
2024-12-20 15:26:28,22655,22657,22658,1,1
2024-12-20 15:26:36,22656,22658,22656,1,-1
2024-12-20 15:26:44,22656,22658,22658,1,1
2024-12-20 15:26:52,22657,22658,22658,1,1
2024-12-20 15:26:55,22657,22659,22657,1,-1
2024-12-20 15:27:13,22657,22659,22656,1,-1
2024-12-20 15:27:13,22657,22659,22657,1,-1
2024-12-20 15:27:16,22656,22659,22659,3,3
2024-12-20 15:27:16,22660,22661,22661,1,1
2024-12-20 15:27:16,22660,22662,22660,1,-1
2024-12-20 15:27:18,22660,22661,22661,1,1
2024-12-20 15:27:19,22660,22662,22660,1,-1
2024-12-20 15:27:20,22659,22662,22662,4,4
2024-12-20 15:27:22,22660,22663,22660,2,-2
2024-12-20 15:27:29,22658,22661,22661,1,1
2024-12-20 15:27:29,22656,22658,22658,1,1
2024-12-20 15:27:41,22661,22662,22661,1,-1
2024-12-20 15:28:00,22660,22661,22661,1,1
2024-12-20 15:28:00,22660,22662,22661,1,1
2024-12-20 15:28:01,22660,22661,22660,1,-1
2024-12-20 15:28:01,22660,22661,22659,1,-1
2024-12-20 15:28:01,22658,22660,22658,1,-1
2024-12-20 15:28:01,22657,22658,22657,2,-2
2024-12-20 15:28:02,22655,22656,22655,3,-3
2024-12-20 15:28:11,22656,22658,22656,1,-1
2024-12-20 15:28:20,22653,22655,22653,1,-1
2024-12-20 15:28:22,22653,22655,22653,1,-1
2024-12-20 15:28:22,22653,22655,22655,1,1
2024-12-20 15:28:23,22652,22654,22654,1,1
2024-12-20 15:28:36,22655,22657,22656,1,1
2024-12-20 15:28:51,22655,22656,22656,1,1
2024-12-20 15:28:52,22657,22658,22657,1,-1
2024-12-20 15:28:54,22657,22658,22658,1,1
2024-12-20 15:28:55,22658,22659,22658,1,-1
2024-12-20 15:28:58,22657,22660,22660,1,1
2024-12-20 15:29:09,22656,22657,22656,1,-1
2024-12-20 15:29:14,22655,22657,22657,1,1
2024-12-20 15:29:36,22657,22658,22657,1,-1
2024-12-20 15:29:36,22657,22658,22656,5,-5
2024-12-20 15:29:36,22657,22658,22656,1,-1
2024-12-20 15:29:37,22655,22657,22655,1,-1
2024-12-20 15:29:38,22655,22656,22655,3,-3
2024-12-20 15:29:38,22655,22656,22655,3,-3
2024-12-20 15:29:45,22653,22655,22653,2,-2
2024-12-20 15:29:50,22653,22655,22655,1,1
2024-12-20 15:29:52,22655,22657,22658,1,1
2024-12-20 15:29:52,22655,22657,22657,3,3
2024-12-20 15:29:53,22656,22659,22656,1,-1
2024-12-20 15:29:59,22654,22657,22657,1,1
2024-12-20 15:29:59,22655,22658,22658,1,1
2024-12-20 15:29:59,22655,22658,22658,1,1
2024-12-20 15:30:03,22656,22659,22656,2,-2
2024-12-20 15:30:03,22658,22660,22657,2,-2
2024-12-20 15:30:03,22655,22658,22659,1,1
2024-12-20 15:30:03,22655,22658,22658,1,1
2024-12-20 15:30:03,22655,22658,22658,1,1
2024-12-20 15:30:03,22655,22658,22659,1,1
2024-12-20 15:30:03,22654,22657,22657,2,2
2024-12-20 15:30:06,22657,22659,22657,2,-2
2024-12-20 15:30:06,22656,22659,22659,1,1
2024-12-20 15:30:06,22656,22659,22659,1,1
2024-12-20 15:30:21,22655,22658,22658,1,1
2024-12-20 15:30:21,22655,22658,22658,1,1
2024-12-20 15:30:21,22655,22658,22658,1,1
2024-12-20 15:30:21,22655,22658,22658,1,1
2024-12-20 15:30:21,22655,22658,22658,1,1
2024-12-20 15:30:23,22656,22659,22656,2,-2
2024-12-20 15:30:23,22656,22659,22659,1,1
2024-12-20 15:30:23,22656,22659,22659,1,1
2024-12-20 15:30:23,22656,22659,22660,1,1
2024-12-20 15:30:23,22656,22659,22660,1,1
2024-12-20 15:30:23,22656,22659,22660,1,1
2024-12-20 15:30:25,22657,22660,22660,1,1
2024-12-20 15:30:28,22659,22661,22660,1,1
2024-12-20 15:30:28,22659,22661,22660,1,1
2024-12-20 15:30:30,22660,22661,22660,2,-2
2024-12-20 15:30:35,22660,22661,22660,1,-1
2024-12-20 15:30:37,22660,22661,22661,2,2
2024-12-20 15:30:37,22660,22661,22661,1,1
2024-12-20 15:30:37,22660,22661,22661,1,1
2024-12-20 15:30:38,22661,22663,22663,1,1
2024-12-20 15:30:39,22661,22663,22663,1,1
2024-12-20 15:30:40,22661,22663,22661,1,-1
2024-12-20 15:30:44,22662,22663,22664,1,1
2024-12-20 15:30:44,22662,22663,22663,1,1
2024-12-20 15:30:44,22662,22664,22662,1,-1
2024-12-20 15:30:51,22661,22662,22662,1,1
2024-12-20 15:30:53,22662,22663,22663,1,1
2024-12-20 15:30:55,22663,22664,22663,1,-1
2024-12-20 15:30:55,22663,22664,22662,1,-1
2024-12-20 15:30:58,22663,22665,22665,1,1
2024-12-20 15:30:58,22663,22665,22665,4,4
2024-12-20 15:30:58,22662,22664,22664,2,2
2024-12-20 15:30:59,22665,22667,22668,6,6
2024-12-20 15:30:59,22665,22667,22667,1,1
2024-12-20 15:30:59,22665,22667,22668,4,4
2024-12-20 15:30:59,22667,22669,22669,2,2
2024-12-20 15:31:00,22669,22670,22669,5,-5
2024-12-20 15:31:00,22669,22670,22669,1,-1
2024-12-20 15:31:00,22669,22670,22669,3,-3
2024-12-20 15:31:00,22667,22669,22667,1,-1
2024-12-20 15:31:00,22666,22668,22666,1,-1
2024-12-20 15:31:01,22666,22668,22667,1,-1
2024-12-20 15:31:03,22667,22669,22669,1,1
2024-12-20 15:31:03,22668,22670,22670,1,1
2024-12-20 15:31:05,22669,22670,22669,1,-1
2024-12-20 15:31:08,22667,22669,22669,1,1
2024-12-20 15:31:11,22668,22670,22668,1,-1
2024-12-20 15:31:15,22669,22670,22669,5,-5
2024-12-20 15:31:23,22667,22668,22667,3,-3
2024-12-20 15:31:26,22663,22665,22665,1,1
2024-12-20 15:31:26,22663,22665,22666,1,1
2024-12-20 15:31:27,22663,22666,22663,1,-1
2024-12-20 15:31:44,22661,22663,22663,1,1
2024-12-20 15:31:45,22662,22665,22663,1,-1
2024-12-20 15:31:52,22663,22664,22663,1,-1
2024-12-20 15:31:56,22663,22664,22664,1,1
2024-12-20 15:32:08,22664,22665,22664,1,-1
2024-12-20 15:32:09,22664,22665,22664,1,-1
2024-12-20 15:32:09,22664,22665,22664,2,-2
2024-12-20 15:32:12,22663,22664,22663,2,-2
2024-12-20 15:32:12,22663,22664,22663,1,-1
2024-12-20 15:32:12,22663,22664,22663,1,-1
2024-12-20 15:32:12,22662,22664,22664,1,1
2024-12-20 15:32:12,22664,22666,22664,1,-1
2024-12-20 15:32:30,22666,22668,22668,1,1
2024-12-20 15:32:30,22667,22669,22667,1,-1
2024-12-20 15:32:33,22665,22667,22664,5,-5
2024-12-20 15:32:38,22662,22663,22663,2,2
2024-12-20 15:32:38,22662,22663,22664,3,3
2024-12-20 15:32:49,22663,22664,22663,2,-2
2024-12-20 15:32:49,22662,22663,22662,2,-2
2024-12-20 15:32:49,22662,22663,22662,1,-1
2024-12-20 15:32:50,22661,22663,22661,1,-1
2024-12-20 15:32:53,22661,22663,22661,1,-1
2024-12-20 15:32:56,22661,22663,22663,2,2
2024-12-20 15:32:59,22661,22663,22661,5,-5
2024-12-20 15:33:00,22660,22662,22661,1,-1
2024-12-20 15:33:01,22661,22663,22661,1,-1
2024-12-20 15:33:01,22660,22661,22661,1,1
2024-12-20 15:33:01,22660,22661,22660,1,-1
2024-12-20 15:33:01,22660,22661,22660,1,-1
2024-12-20 15:33:01,22660,22661,22660,1,-1
2024-12-20 15:33:01,22660,22661,22660,1,-1
2024-12-20 15:33:01,22660,22661,22660,1,-1
2024-12-20 15:33:12,22659,22661,22661,6,6
2024-12-20 15:33:14,22661,22662,22662,1,1
2024-12-20 15:33:32,22661,22662,22662,1,1
2024-12-20 15:33:32,22661,22662,22662,1,1
2024-12-20 15:33:32,22661,22662,22663,4,4
2024-12-20 15:33:34,22661,22663,22661,1,-1
2024-12-20 15:33:34,22661,22662,22662,1,1
2024-12-20 15:33:35,22661,22663,22661,1,-1
2024-12-20 15:33:36,22661,22662,22661,1,-1
2024-12-20 15:33:36,22660,22661,22661,1,1
2024-12-20 15:33:37,22659,22660,22660,4,4
2024-12-20 15:33:37,22659,22660,22661,5,5
2024-12-20 15:33:37,22660,22661,22660,1,-1
2024-12-20 15:33:37,22659,22660,22661,1,1
2024-12-20 15:33:55,22660,22661,22661,1,1
2024-12-20 15:33:55,22661,22662,22661,2,-2
2024-12-20 15:33:58,22660,22661,22660,1,-1
2024-12-20 15:33:58,22660,22661,22659,1,-1
2024-12-20 15:33:58,22660,22661,22660,2,-2
2024-12-20 15:33:58,22660,22661,22660,1,-1
2024-12-20 15:34:01,22654,22656,22656,5,5
2024-12-20 15:34:01,22658,22659,22655,4,-4
2024-12-20 15:34:01,22658,22659,22655,2,-2
2024-12-20 15:34:01,22658,22659,22657,5,-5
2024-12-20 15:34:01,22658,22659,22658,2,-2
2024-12-20 15:34:01,22658,22659,22656,7,-7
2024-12-20 15:34:03,22654,22656,22654,1,-1
2024-12-20 15:34:06,22654,22655,22654,1,-1
2024-12-20 15:34:06,22654,22655,22653,3,-3
2024-12-20 15:34:06,22654,22655,22652,1,-1
2024-12-20 15:34:20,22654,22657,22654,2,-2
2024-12-20 15:34:21,22654,22656,22654,1,-1
2024-12-20 15:34:27,22655,22656,22657,2,2
2024-12-20 15:34:27,22655,22656,22657,6,6
2024-12-20 15:34:27,22655,22656,22657,6,6
2024-12-20 15:34:27,22655,22656,22657,14,14
2024-12-20 15:34:27,22655,22656,22658,1,1
2024-12-20 15:34:27,22655,22656,22657,1,1
2024-12-20 15:34:27,22655,22656,22656,2,2
2024-12-20 15:34:27,22655,22656,22655,2,-2
2024-12-20 15:34:27,22655,22656,22654,3,-3
2024-12-20 15:34:27,22655,22656,22657,4,4
2024-12-20 15:34:29,22658,22660,22660,1,1
2024-12-20 15:34:29,22659,22660,22660,1,1
2024-12-20 15:34:39,22660,22662,22662,1,1
2024-12-20 15:34:42,22662,22664,22664,1,1
2024-12-20 15:34:42,22663,22665,22663,1,-1
2024-12-20 15:34:43,22664,22665,22665,1,1
2024-12-20 15:34:45,22664,22666,22664,1,-1
2024-12-20 15:34:45,22664,22666,22666,1,1
2024-12-20 15:34:47,22664,22667,22664,2,-2
2024-12-20 15:34:48,22663,22665,22665,3,3
2024-12-20 15:34:48,22663,22666,22665,1,1
2024-12-20 15:34:49,22663,22665,22663,1,-1
2024-12-20 15:34:51,22662,22665,22662,3,-3
2024-12-20 15:34:54,22662,22665,22665,3,3
2024-12-20 15:34:55,22665,22667,22667,1,1
2024-12-20 15:35:17,22665,22667,22665,7,-7
2024-12-20 15:35:17,22662,22665,22665,1,1
2024-12-20 15:35:24,22660,22662,22662,1,1
2024-12-20 15:35:25,22660,22662,22660,1,-1
2024-12-20 15:35:28,22660,22662,22660,1,-1
2024-12-20 15:35:30,22659,22661,22658,1,-1
2024-12-20 15:35:31,22658,22661,22661,1,1
2024-12-20 15:35:33,22659,22662,22659,1,-1
2024-12-20 15:35:34,22659,22662,22659,1,-1
2024-12-20 15:35:34,22658,22661,22658,5,-5
2024-12-20 15:35:40,22658,22660,22657,3,-3
2024-12-20 15:35:40,22658,22660,22658,2,-2
2024-12-20 15:35:41,22657,22659,22656,5,-5
2024-12-20 15:35:41,22657,22659,22657,2,-2
2024-12-20 15:35:41,22657,22659,22656,1,-1
2024-12-20 15:35:41,22657,22659,22656,2,-2
2024-12-20 15:35:44,22655,22658,22655,1,-1
2024-12-20 15:35:46,22655,22658,22658,1,1
2024-12-20 15:35:47,22656,22659,22655,2,-2
2024-12-20 15:35:47,22655,22658,22656,1,-1
2024-12-20 15:35:47,22656,22659,22656,3,-3
2024-12-20 15:35:48,22656,22658,22658,1,1
2024-12-20 15:35:48,22656,22658,22658,1,1
2024-12-20 15:35:49,22657,22660,22657,1,-1
2024-12-20 15:35:53,22655,22658,22655,5,-5
2024-12-20 15:35:57,22654,22657,22654,1,-1
2024-12-20 15:35:59,22654,22656,22654,1,-1
2024-12-20 15:36:00,22651,22653,22651,5,-5
2024-12-20 15:36:00,22652,22655,22652,5,-5
2024-12-20 15:36:01,22650,22652,22652,9,9
2024-12-20 15:36:01,22650,22652,22652,1,1
2024-12-20 15:36:01,22650,22652,22652,2,2
2024-12-20 15:36:01,22653,22656,22653,2,-2
2024-12-20 15:36:01,22653,22656,22655,1,1
2024-12-20 15:36:01,22653,22655,22655,1,1
2024-12-20 15:36:04,22655,22657,22655,1,-1
2024-12-20 15:36:06,22653,22655,22652,3,-3
2024-12-20 15:36:06,22653,22655,22653,2,-2
2024-12-20 15:36:07,22651,22653,22653,1,1
2024-12-20 15:36:07,22651,22653,22654,1,1
2024-12-20 15:36:08,22652,22654,22654,1,1
2024-12-20 15:36:21,22655,22657,22655,2,-2
2024-12-20 15:36:25,22655,22657,22654,2,-2
2024-12-20 15:36:25,22655,22657,22655,1,-1
2024-12-20 15:36:36,22655,22657,22657,1,1
2024-12-20 15:36:36,22655,22657,22658,1,1
2024-12-20 15:36:37,22657,22659,22659,1,1
2024-12-20 15:36:38,22658,22660,22658,1,-1
2024-12-20 15:36:57,22654,22656,22654,1,-1
2024-12-20 15:36:57,22654,22656,22654,2,-2
2024-12-20 15:36:57,22654,22656,22653,1,-1
2024-12-20 15:37:04,22653,22656,22653,2,-2
2024-12-20 15:37:08,22652,22654,22653,1,-1
2024-12-20 15:37:08,22652,22654,22653,1,-1
2024-12-20 15:37:14,22652,22654,22654,3,3
2024-12-20 15:37:14,22652,22655,22653,1,-1
2024-12-20 15:37:21,22656,22659,22659,1,1
2024-12-20 15:37:21,22652,22655,22655,1,1
2024-12-20 15:37:21,22656,22658,22658,1,1
2024-12-20 15:37:32,22655,22658,22655,1,-1
2024-12-20 15:37:32,22656,22658,22658,1,1
2024-12-20 15:37:33,22660,22661,22660,1,-1
2024-12-20 15:37:35,22660,22661,22661,2,2
2024-12-20 15:37:38,22661,22663,22661,2,-2
2024-12-20 15:37:38,22661,22663,22661,1,-1
2024-12-20 15:37:38,22661,22663,22660,1,-1
2024-12-20 15:38:02,22660,22662,22660,2,-2
2024-12-20 15:38:02,22660,22662,22660,8,-8
2024-12-20 15:38:07,22659,22661,22661,2,2
2024-12-20 15:38:24,22660,22661,22661,1,1
2024-12-20 15:38:29,22660,22661,22660,1,-1
2024-12-20 15:38:29,22660,22661,22660,1,-1
2024-12-20 15:38:29,22660,22661,22660,1,-1
2024-12-20 15:38:30,22659,22660,22660,1,1
2024-12-20 15:38:30,22659,22660,22659,1,-1
2024-12-20 15:38:38,22657,22659,22657,1,-1
2024-12-20 15:38:50,22657,22659,22659,1,1
2024-12-20 15:39:01,22660,22661,22661,1,1
2024-12-20 15:39:02,22659,22661,22659,1,-1
2024-12-20 15:39:05,22659,22661,22661,1,1
2024-12-20 15:39:36,22659,22661,22661,2,2
2024-12-20 15:39:50,22659,22661,22659,1,-1
2024-12-20 15:39:57,22660,22661,22660,1,-1
2024-12-20 15:39:59,22660,22661,22661,2,2
2024-12-20 15:40:06,22660,22662,22663,1,1
2024-12-20 15:40:06,22660,22662,22663,1,1
2024-12-20 15:40:06,22660,22662,22662,14,14
2024-12-20 15:40:10,22661,22664,22664,4,4
2024-12-20 15:40:11,22662,22664,22664,1,1
2024-12-20 15:40:11,22662,22665,22665,1,1
2024-12-20 15:40:15,22663,22665,22665,1,1
2024-12-20 15:40:19,22663,22665,22662,3,-3
2024-12-20 15:40:19,22663,22665,22663,5,-5
2024-12-20 15:40:30,22666,22668,22668,2,2
2024-12-20 15:40:30,22665,22668,22668,1,1
2024-12-20 15:40:30,22663,22665,22667,1,1
2024-12-20 15:40:30,22663,22665,22665,2,2
2024-12-20 15:40:30,22663,22665,22666,1,1
2024-12-20 15:40:30,22663,22665,22666,1,1
2024-12-20 15:40:31,22667,22669,22667,1,-1
2024-12-20 15:40:34,22665,22667,22665,1,-1
2024-12-20 15:40:39,22662,22664,22664,3,3
2024-12-20 15:40:40,22663,22665,22665,1,1
2024-12-20 15:40:40,22663,22665,22665,1,1
2024-12-20 15:41:05,22664,22666,22666,1,1
2024-12-20 15:41:07,22665,22666,22665,1,-1
2024-12-20 15:41:09,22664,22666,22664,1,-1
2024-12-20 15:41:10,22663,22665,22665,1,1
2024-12-20 15:41:12,22663,22664,22663,1,-1
2024-12-20 15:41:15,22662,22663,22662,1,-1
2024-12-20 15:41:15,22662,22663,22662,1,-1
2024-12-20 15:41:16,22661,22663,22661,1,-1
2024-12-20 15:41:16,22660,22663,22660,1,-1
2024-12-20 15:41:24,22660,22663,22660,2,-2
2024-12-20 15:41:25,22656,22657,22656,1,-1
2024-12-20 15:41:25,22656,22658,22658,1,1
2024-12-20 15:41:25,22657,22659,22657,1,-1
2024-12-20 15:41:25,22656,22657,22657,1,1
2024-12-20 15:41:27,22657,22659,22656,1,-1
2024-12-20 15:41:27,22657,22659,22656,1,-1
2024-12-20 15:41:27,22657,22659,22655,1,-1
2024-12-20 15:41:27,22657,22659,22655,1,-1
2024-12-20 15:41:27,22657,22659,22655,3,-3
2024-12-20 15:41:29,22654,22655,22654,1,-1
2024-12-20 15:41:30,22654,22655,22655,1,1
2024-12-20 15:41:31,22654,22655,22654,1,-1
2024-12-20 15:41:32,22653,22654,22653,1,-1
2024-12-20 15:41:32,22653,22654,22653,1,-1
2024-12-20 15:41:39,22654,22655,22655,1,1
2024-12-20 15:41:39,22654,22655,22658,1,1
2024-12-20 15:41:39,22656,22658,22658,1,1
2024-12-20 15:41:39,22656,22659,22659,2,2
2024-12-20 15:41:40,22659,22662,22662,1,1
2024-12-20 15:41:40,22656,22658,22660,1,1
2024-12-20 15:41:47,22659,22661,22661,1,1
2024-12-20 15:41:47,22659,22661,22661,2,2
2024-12-20 15:41:47,22659,22661,22661,1,1
2024-12-20 15:41:47,22659,22661,22661,1,1
2024-12-20 15:41:47,22661,22663,22661,1,-1
2024-12-20 15:41:47,22661,22663,22660,1,-1
2024-12-20 15:41:50,22660,22663,22660,5,-5
2024-12-20 15:41:50,22660,22663,22659,9,-9
2024-12-20 15:41:50,22660,22663,22659,6,-6
2024-12-20 15:41:59,22656,22659,22659,1,1
2024-12-20 15:42:03,22657,22659,22659,1,1
2024-12-20 15:42:03,22657,22659,22659,1,1
2024-12-20 15:42:03,22657,22659,22659,1,1
2024-12-20 15:42:03,22657,22659,22659,5,5
2024-12-20 15:42:03,22657,22659,22659,1,1
2024-12-20 15:42:03,22657,22659,22659,2,2
2024-12-20 15:42:17,22656,22658,22656,1,-1
2024-12-20 15:42:18,22655,22658,22658,1,1
2024-12-20 15:42:21,22655,22658,22658,2,2
2024-12-20 15:42:23,22657,22659,22659,1,1
2024-12-20 15:42:23,22657,22659,22659,1,1
2024-12-20 15:42:23,22657,22659,22659,2,2
2024-12-20 15:42:27,22663,22665,22663,1,-1
2024-12-20 15:42:27,22659,22661,22664,1,1
2024-12-20 15:42:27,22659,22661,22664,2,2
2024-12-20 15:42:27,22659,22661,22662,5,5
2024-12-20 15:42:27,22659,22661,22661,2,2
2024-12-20 15:42:27,22659,22661,22663,1,1
2024-12-20 15:42:29,22663,22665,22663,2,-2
2024-12-20 15:42:43,22663,22665,22664,1,-1
2024-12-20 15:42:44,22663,22665,22665,1,1
2024-12-20 15:42:44,22665,22667,22667,1,1
2024-12-20 15:42:44,22665,22667,22665,1,-1
2024-12-20 15:42:45,22664,22667,22667,3,3
2024-12-20 15:42:50,22664,22667,22666,1,1
2024-12-20 15:42:52,22666,22669,22666,2,-2
2024-12-20 15:42:52,22665,22667,22667,1,1
2024-12-20 15:43:04,22666,22668,22666,1,-1
2024-12-20 15:43:04,22666,22668,22666,2,-2
2024-12-20 15:43:09,22663,22666,22666,1,1
2024-12-20 15:43:11,22664,22666,22666,1,1
2024-12-20 15:43:16,22664,22666,22666,1,1
2024-12-20 15:43:17,22665,22667,22667,1,1
2024-12-20 15:43:17,22665,22667,22667,4,4
2024-12-20 15:43:23,22667,22668,22668,1,1
2024-12-20 15:43:23,22667,22668,22668,6,6
2024-12-20 15:43:27,22667,22669,22669,4,4
2024-12-20 15:43:28,22669,22670,22670,3,3
2024-12-20 15:43:28,22669,22670,22671,1,1
2024-12-20 15:43:28,22669,22670,22671,1,1
2024-12-20 15:43:28,22669,22670,22672,1,1
2024-12-20 15:43:28,22669,22670,22672,1,1
2024-12-20 15:43:29,22673,22675,22675,1,1
2024-12-20 15:43:29,22672,22674,22675,1,1
2024-12-20 15:43:29,22672,22674,22675,1,1
2024-12-20 15:43:29,22672,22674,22674,1,1
2024-12-20 15:43:29,22672,22674,22674,1,1
2024-12-20 15:43:30,22674,22675,22675,1,1
2024-12-20 15:43:31,22674,22675,22675,1,1
2024-12-20 15:43:32,22673,22675,22675,1,1
2024-12-20 15:43:34,22674,22675,22674,1,-1
2024-12-20 15:43:34,22674,22675,22673,1,-1
2024-12-20 15:43:34,22672,22674,22674,2,2
2024-12-20 15:43:37,22672,22675,22675,1,1
2024-12-20 15:43:37,22673,22675,22673,1,-1
2024-12-20 15:43:46,22674,22675,22674,1,-1
2024-12-20 15:43:48,22673,22674,22674,2,2
2024-12-20 15:43:48,22673,22674,22675,1,1
2024-12-20 15:43:49,22675,22676,22675,1,-1
2024-12-20 15:43:52,22675,22676,22676,1,1
2024-12-20 15:43:52,22676,22677,22677,1,1
2024-12-20 15:43:52,22676,22678,22678,1,1
2024-12-20 15:43:52,22676,22678,22678,1,1
2024-12-20 15:43:52,22676,22678,22679,1,1
2024-12-20 15:43:52,22676,22678,22679,1,1
2024-12-20 15:43:52,22676,22678,22678,1,1
2024-12-20 15:43:52,22676,22678,22678,1,1
2024-12-20 15:43:52,22675,22676,22676,1,1
2024-12-20 15:43:53,22677,22678,22678,1,1
2024-12-20 15:43:53,22677,22678,22678,1,1
2024-12-20 15:43:55,22677,22679,22677,1,-1
2024-12-20 15:43:57,22675,22677,22677,2,2
2024-12-20 15:44:05,22681,22682,22683,1,1
2024-12-20 15:44:05,22681,22682,22684,3,3
2024-12-20 15:44:05,22681,22682,22682,1,1
2024-12-20 15:44:05,22681,22682,22683,1,1
2024-12-20 15:44:05,22681,22682,22681,2,-2
2024-12-20 15:44:05,22681,22682,22682,1,1
2024-12-20 15:44:05,22681,22682,22682,1,1
2024-12-20 15:44:05,22676,22678,22680,1,1
2024-12-20 15:44:05,22681,22682,22680,3,-3
2024-12-20 15:44:05,22676,22678,22680,11,11
2024-12-20 15:44:05,22676,22678,22679,4,4
2024-12-20 15:44:05,22676,22678,22678,1,1
2024-12-20 15:44:06,22681,22683,22681,1,-1
2024-12-20 15:44:06,22681,22683,22684,1,1
2024-12-20 15:44:06,22681,22683,22683,1,1
2024-12-20 15:44:06,22681,22683,22683,1,1
2024-12-20 15:44:13,22681,22683,22683,2,2
2024-12-20 15:44:13,22681,22683,22683,2,2
2024-12-20 15:44:14,22681,22684,22684,1,1
2024-12-20 15:44:15,22682,22683,22681,1,-1
2024-12-20 15:44:15,22682,22684,22684,1,1
2024-12-20 15:44:15,22682,22685,22683,2,-2
2024-12-20 15:44:15,22682,22683,22682,3,-3
2024-12-20 15:44:17,22681,22683,22683,1,1
2024-12-20 15:44:19,22681,22683,22683,1,1
2024-12-20 15:44:20,22681,22683,22684,1,1
2024-12-20 15:44:20,22681,22683,22683,1,1
2024-12-20 15:44:20,22681,22683,22685,3,3
2024-12-20 15:44:21,22682,22685,22682,2,-2
2024-12-20 15:44:24,22682,22683,22682,1,-1
2024-12-20 15:44:30,22682,22683,22683,1,1
2024-12-20 15:44:32,22682,22683,22683,1,1
2024-12-20 15:44:37,22682,22684,22684,1,1
2024-12-20 15:44:40,22683,22684,22684,1,1
2024-12-20 15:44:40,22683,22685,22683,1,-1
2024-12-20 15:44:40,22683,22685,22683,1,-1
2024-12-20 15:44:42,22683,22685,22683,1,-1
2024-12-20 15:44:42,22683,22685,22683,2,-2
2024-12-20 15:44:44,22683,22685,22684,1,-1
2024-12-20 15:44:45,22683,22685,22683,1,-1
2024-12-20 15:44:45,22683,22685,22685,1,1
2024-12-20 15:44:45,22683,22685,22685,1,1
2024-12-20 15:44:46,22683,22685,22685,1,1
2024-12-20 15:44:47,22681,22683,22681,1,-1
2024-12-20 15:44:47,22681,22683,22681,1,-1
2024-12-20 15:44:47,22681,22683,22681,1,-1
2024-12-20 15:44:47,22681,22683,22680,1,-1
2024-12-20 15:44:47,22683,22685,22681,1,-1
2024-12-20 15:44:47,22683,22685,22681,1,-1
2024-12-20 15:44:47,22683,22685,22682,1,-1
2024-12-20 15:44:47,22683,22685,22683,1,-1
2024-12-20 15:44:47,22683,22685,22683,1,-1
2024-12-20 15:44:47,22683,22685,22684,1,-1
2024-12-20 15:44:47,22683,22686,22683,1,-1
2024-12-20 15:44:49,22681,22684,22681,1,-1
2024-12-20 15:44:55,22680,22681,22680,2,-2
2024-12-20 15:44:55,22680,22681,22680,1,-1
2024-12-20 15:44:55,22680,22681,22680,9,-9
2024-12-20 15:44:55,22680,22681,22680,3,-3
2024-12-20 15:44:55,22680,22681,22680,4,-4
2024-12-20 15:44:55,22680,22681,22680,1,-1
2024-12-20 15:44:57,22680,22681,22680,1,-1
2024-12-20 15:44:58,22679,22681,22681,1,1
2024-12-20 15:45:00,22679,22681,22679,1,-1
2024-12-20 15:45:01,22678,22680,22680,1,1
2024-12-20 15:45:02,22678,22680,22678,1,-1
2024-12-20 15:45:05,22677,22678,22677,1,-1
2024-12-20 15:45:08,22674,22675,22675,1,1
2024-12-20 15:45:08,22674,22675,22676,1,1
2024-12-20 15:45:08,22676,22679,22676,1,-1
2024-12-20 15:45:09,22674,22676,22674,1,-1
2024-12-20 15:45:09,22674,22676,22673,1,-1
2024-12-20 15:45:11,22673,22674,22674,2,2
2024-12-20 15:45:12,22676,22678,22680,1,1
2024-12-20 15:45:12,22676,22678,22678,1,1
2024-12-20 15:45:12,22673,22676,22677,2,2
2024-12-20 15:45:12,22673,22676,22677,1,1
2024-12-20 15:45:12,22673,22676,22676,1,1
2024-12-20 15:45:15,22679,22680,22679,1,-1
2024-12-20 15:45:21,22676,22678,22678,1,1
2024-12-20 15:45:27,22676,22678,22678,2,2
2024-12-20 15:45:29,22677,22679,22679,1,1
2024-12-20 15:45:31,22678,22679,22679,1,1
2024-12-20 15:45:32,22677,22679,22677,1,-1
2024-12-20 15:45:34,22679,22680,22679,1,-1
2024-12-20 15:45:42,22678,22680,22680,1,1
2024-12-20 15:45:42,22678,22680,22680,1,1
2024-12-20 15:45:44,22680,22682,22680,1,-1
2024-12-20 15:45:45,22680,22682,22680,1,-1
2024-12-20 15:45:45,22678,22680,22680,1,1
2024-12-20 15:45:56,22682,22684,22684,1,1
2024-12-20 15:45:58,22683,22685,22685,1,1
2024-12-20 15:45:58,22683,22685,22685,2,2
2024-12-20 15:46:03,22682,22685,22680,1,-1
2024-12-20 15:46:03,22682,22685,22680,1,-1
2024-12-20 15:46:03,22682,22685,22681,1,-1
2024-12-20 15:46:03,22682,22685,22682,1,-1
2024-12-20 15:46:03,22681,22684,22684,1,1
2024-12-20 15:46:05,22680,22683,22683,1,1
2024-12-20 15:46:05,22681,22683,22680,2,-2
2024-12-20 15:46:08,22680,22682,22682,2,2
2024-12-20 15:46:12,22681,22682,22682,2,2
2024-12-20 15:46:12,22681,22682,22682,1,1
2024-12-20 15:46:13,22682,22683,22682,1,-1
2024-12-20 15:46:16,22681,22684,22684,3,3
2024-12-20 15:46:18,22682,22684,22684,1,1
2024-12-20 15:46:21,22682,22685,22684,1,1
2024-12-20 15:46:23,22682,22684,22682,1,-1
2024-12-20 15:46:23,22682,22684,22681,2,-2
2024-12-20 15:46:25,22680,22682,22680,3,-3
2024-12-20 15:46:25,22680,22682,22680,3,-3
2024-12-20 15:46:25,22680,22682,22680,1,-1
2024-12-20 15:46:25,22680,22682,22680,1,-1
2024-12-20 15:46:25,22680,22682,22680,1,-1
2024-12-20 15:46:25,22680,22682,22680,2,-2
2024-12-20 15:46:25,22680,22682,22680,1,-1
2024-12-20 15:46:25,22680,22682,22680,1,-1
2024-12-20 15:46:29,22678,22680,22680,3,3
2024-12-20 15:46:34,22678,22680,22680,1,1
2024-12-20 15:46:34,22678,22680,22679,1,1
2024-12-20 15:46:34,22679,22682,22679,1,-1
2024-12-20 15:46:45,22678,22680,22678,2,-2
2024-12-20 15:46:46,22678,22680,22680,1,1
2024-12-20 15:46:48,22679,22680,22679,1,-1
2024-12-20 15:46:56,22678,22679,22678,1,-1
2024-12-20 15:46:56,22677,22679,22679,1,1
2024-12-20 15:46:59,22677,22679,22679,1,1
2024-12-20 15:47:05,22676,22678,22676,1,-1
2024-12-20 15:47:06,22675,22677,22675,2,-2
2024-12-20 15:47:06,22674,22676,22676,1,1
2024-12-20 15:47:12,22672,22674,22674,1,1
2024-12-20 15:47:12,22672,22674,22672,1,-1
2024-12-20 15:47:12,22672,22674,22672,1,-1
2024-12-20 15:47:12,22672,22674,22672,1,-1
2024-12-20 15:47:12,22674,22676,22674,1,-1
2024-12-20 15:47:12,22674,22676,22676,1,1
2024-12-20 15:47:12,22674,22676,22673,2,-2
2024-12-20 15:47:21,22670,22671,22670,1,-1
2024-12-20 15:47:22,22670,22671,22670,1,-1
2024-12-20 15:47:23,22668,22669,22668,1,-1
2024-12-20 15:47:23,22670,22671,22670,1,-1
2024-12-20 15:47:23,22670,22671,22669,1,-1
2024-12-20 15:47:23,22668,22669,22668,1,-1
2024-12-20 15:47:25,22666,22668,22666,2,-2
2024-12-20 15:47:26,22665,22666,22665,2,-2
2024-12-20 15:47:31,22663,22665,22663,2,-2
2024-12-20 15:47:31,22663,22665,22662,3,-3
2024-12-20 15:47:32,22662,22665,22665,1,1
2024-12-20 15:47:32,22663,22665,22663,1,-1
2024-12-20 15:47:34,22662,22663,22663,1,1
2024-12-20 15:47:35,22662,22665,22662,1,-1
2024-12-20 15:47:37,22662,22665,22662,2,-2
2024-12-20 15:47:39,22662,22665,22665,1,1
2024-12-20 15:47:40,22662,22663,22663,1,1
2024-12-20 15:47:40,22662,22663,22665,1,1
2024-12-20 15:47:41,22663,22665,22665,1,1
2024-12-20 15:47:43,22663,22665,22663,1,-1
2024-12-20 15:47:44,22663,22665,22665,1,1
2024-12-20 15:47:44,22665,22667,22667,1,1
2024-12-20 15:47:59,22666,22667,22666,1,-1
2024-12-20 15:47:59,22666,22667,22665,3,-3
2024-12-20 15:48:07,22665,22666,22667,1,1
2024-12-20 15:48:07,22665,22666,22666,1,1
2024-12-20 15:48:08,22665,22668,22666,1,-1
2024-12-20 15:48:14,22666,22669,22669,1,1
2024-12-20 15:48:24,22668,22669,22668,3,-3
2024-12-20 15:48:30,22667,22669,22667,1,-1
2024-12-20 15:48:30,22667,22669,22666,3,-3
2024-12-20 15:48:30,22667,22669,22665,4,-4
2024-12-20 15:48:31,22663,22666,22666,1,1
2024-12-20 15:48:32,22663,22666,22663,4,-4
2024-12-20 15:48:33,22662,22665,22665,2,2
2024-12-20 15:48:35,22664,22667,22666,1,1
2024-12-20 15:48:41,22666,22669,22663,2,-2
2024-12-20 15:48:42,22662,22665,22665,1,1
2024-12-20 15:48:43,22662,22665,22662,1,-1
2024-12-20 15:48:58,22664,22665,22665,1,1
2024-12-20 15:48:58,22664,22665,22665,2,2
2024-12-20 15:48:58,22665,22668,22665,3,-3
2024-12-20 15:49:00,22663,22666,22664,2,-2
2024-12-20 15:49:03,22663,22665,22665,2,2
2024-12-20 15:49:24,22667,22669,22669,3,3
2024-12-20 15:49:24,22667,22669,22670,5,5
2024-12-20 15:49:24,22669,22671,22669,1,-1
2024-12-20 15:49:33,22671,22672,22673,1,1
2024-12-20 15:49:33,22671,22672,22672,4,4
2024-12-20 15:49:35,22671,22673,22671,1,-1
2024-12-20 15:49:35,22670,22671,22670,1,-1
2024-12-20 15:49:40,22670,22673,22673,1,1
2024-12-20 15:49:44,22671,22673,22673,1,1
2024-12-20 15:49:49,22671,22672,22671,1,-1
2024-12-20 15:49:50,22670,22671,22670,1,-1
2024-12-20 15:49:52,22669,22671,22669,1,-1
2024-12-20 15:49:53,22666,22669,22669,1,1
2024-12-20 15:49:56,22667,22669,22669,3,3
2024-12-20 15:50:00,22665,22666,22665,1,-1
2024-12-20 15:50:02,22664,22666,22666,1,1
2024-12-20 15:50:02,22664,22665,22664,1,-1
2024-12-20 15:50:03,22662,22663,22662,2,-2
2024-12-20 15:50:03,22662,22663,22662,1,-1
2024-12-20 15:50:03,22662,22663,22661,2,-2
2024-12-20 15:50:03,22663,22664,22663,1,-1
2024-12-20 15:50:03,22663,22664,22663,1,-1
2024-12-20 15:50:03,22662,22663,22662,2,-2
2024-12-20 15:50:06,22660,22662,22660,7,-7
2024-12-20 15:50:07,22659,22660,22659,2,-2
2024-12-20 15:50:07,22658,22660,22657,2,-2
2024-12-20 15:50:07,22658,22660,22658,1,-1
2024-12-20 15:50:08,22657,22659,22657,1,-1
2024-12-20 15:50:09,22657,22659,22657,1,-1
2024-12-20 15:50:16,22657,22659,22657,1,-1
2024-12-20 15:50:18,22657,22659,22657,1,-1
2024-12-20 15:50:20,22657,22659,22659,1,1
2024-12-20 15:50:20,22659,22661,22659,2,-2
2024-12-20 15:50:21,22658,22659,22659,1,1
2024-12-20 15:50:21,22658,22660,22658,1,-1
2024-12-20 15:50:25,22657,22659,22659,1,1
2024-12-20 15:50:29,22658,22660,22660,2,2
2024-12-20 15:50:29,22658,22660,22658,1,-1
2024-12-20 15:50:34,22660,22662,22662,1,1
2024-12-20 15:50:38,22662,22664,22664,1,1
2024-12-20 15:50:40,22663,22665,22663,1,-1
2024-12-20 15:50:42,22663,22664,22664,1,1
2024-12-20 15:50:50,22661,22664,22661,1,-1
2024-12-20 15:50:52,22662,22663,22663,1,1
2024-12-20 15:50:54,22662,22664,22664,1,1
2024-12-20 15:51:15,22661,22663,22661,1,-1
2024-12-20 15:51:16,22660,22662,22660,13,-13
2024-12-20 15:51:18,22657,22659,22657,13,-13
2024-12-20 15:51:18,22656,22658,22656,2,-2
2024-12-20 15:51:18,22655,22657,22656,1,-1
2024-12-20 15:51:25,22655,22658,22657,1,1
2024-12-20 15:51:28,22655,22657,22657,1,1
2024-12-20 15:51:31,22656,22658,22656,1,-1
2024-12-20 15:51:35,22655,22657,22657,1,1
2024-12-20 15:51:36,22655,22657,22655,5,-5
2024-12-20 15:51:38,22655,22657,22655,2,-2
2024-12-20 15:51:38,22655,22657,22655,1,-1
2024-12-20 15:51:39,22654,22655,22655,1,1
2024-12-20 15:51:39,22654,22657,22654,4,-4
2024-12-20 15:51:40,22654,22656,22654,1,-1
2024-12-20 15:51:43,22653,22655,22655,2,2
2024-12-20 15:51:43,22653,22655,22653,1,-1
2024-12-20 15:51:45,22653,22654,22653,1,-1
2024-12-20 15:51:48,22652,22654,22652,2,-2
2024-12-20 15:51:48,22652,22654,22651,1,-1
2024-12-20 15:51:48,22650,22652,22652,1,1
2024-12-20 15:51:48,22652,22654,22652,1,-1
2024-12-20 15:51:48,22652,22654,22652,3,-3
2024-12-20 15:51:51,22650,22652,22652,1,1
2024-12-20 15:51:53,22650,22652,22652,1,1
2024-12-20 15:51:55,22651,22653,22652,1,1
2024-12-20 15:51:56,22651,22653,22653,1,1
2024-12-20 15:51:59,22646,22647,22645,7,-7
2024-12-20 15:51:59,22646,22647,22646,3,-3
2024-12-20 15:51:59,22650,22652,22650,6,-6
2024-12-20 15:51:59,22646,22647,22645,2,-2
2024-12-20 15:51:59,22646,22648,22646,1,-1
2024-12-20 15:51:59,22646,22647,22646,1,-1
2024-12-20 15:51:59,22649,22650,22648,1,-1
2024-12-20 15:51:59,22650,22652,22650,1,-1
2024-12-20 15:51:59,22649,22650,22648,1,-1
2024-12-20 15:51:59,22649,22650,22648,4,-4
2024-12-20 15:51:59,22649,22650,22649,1,-1
2024-12-20 15:51:59,22649,22650,22649,1,-1
2024-12-20 15:51:59,22650,22652,22650,1,-1
2024-12-20 15:51:59,22649,22650,22648,3,-3
2024-12-20 15:52:00,22644,22645,22644,3,-3
2024-12-20 15:52:00,22644,22645,22643,1,-1
2024-12-20 15:52:00,22644,22645,22644,1,-1
2024-12-20 15:52:00,22643,22645,22644,1,-1
2024-12-20 15:52:01,22642,22643,22643,1,1
2024-12-20 15:52:01,22642,22643,22643,1,1
2024-12-20 15:52:02,22642,22644,22643,1,-1
2024-12-20 15:52:02,22643,22645,22643,1,-1
2024-12-20 15:52:02,22642,22644,22642,1,-1
2024-12-20 15:52:02,22642,22644,22643,1,1
2024-12-20 15:52:02,22643,22645,22642,2,-2
2024-12-20 15:52:03,22642,22643,22643,1,1
2024-12-20 15:52:03,22642,22644,22641,4,-4
2024-12-20 15:52:03,22642,22644,22642,1,-1
2024-12-20 15:52:08,22643,22645,22643,1,-1
2024-12-20 15:52:11,22643,22646,22644,3,-3
2024-12-20 15:52:11,22643,22645,22644,1,1
2024-12-20 15:52:11,22643,22645,22645,1,1
2024-12-20 15:52:11,22644,22647,22644,1,-1
2024-12-20 15:52:11,22643,22645,22645,4,4
2024-12-20 15:52:11,22643,22645,22645,1,1
2024-12-20 15:52:11,22643,22645,22645,2,2
2024-12-20 15:52:12,22643,22645,22645,1,1
2024-12-20 15:52:12,22643,22645,22645,1,1
2024-12-20 15:52:15,22643,22645,22644,1,1
2024-12-20 15:52:15,22643,22645,22643,2,-2
2024-12-20 15:52:15,22643,22645,22642,1,-1
2024-12-20 15:52:16,22639,22641,22636,8,-8
2024-12-20 15:52:16,22639,22641,22639,1,-1
2024-12-20 15:52:16,22639,22641,22639,2,-2
2024-12-20 15:52:16,22639,22641,22637,4,-4
2024-12-20 15:52:16,22639,22641,22635,2,-2
2024-12-20 15:52:16,22640,22642,22640,12,-12
2024-12-20 15:52:16,22639,22641,22639,2,-2
2024-12-20 15:52:16,22640,22642,22639,1,-1
2024-12-20 15:52:16,22640,22642,22639,1,-1
2024-12-20 15:52:16,22639,22641,22638,3,-3
2024-12-20 15:52:17,22637,22640,22637,1,-1
2024-12-20 15:52:19,22638,22640,22640,1,1
2024-12-20 15:52:19,22640,22642,22640,1,-1
2024-12-20 15:52:20,22639,22642,22638,7,-7
2024-12-20 15:52:20,22639,22642,22639,3,-3
2024-12-20 15:52:21,22638,22641,22638,1,-1
2024-12-20 15:52:21,22638,22641,22638,1,-1
2024-12-20 15:52:21,22638,22641,22638,1,-1
2024-12-20 15:52:21,22638,22641,22641,1,1
2024-12-20 15:52:22,22640,22641,22640,1,-1
2024-12-20 15:52:23,22638,22640,22638,1,-1
2024-12-20 15:52:23,22637,22640,22637,1,-1
2024-12-20 15:52:26,22638,22640,22640,1,1
2024-12-20 15:52:26,22640,22642,22640,1,-1
2024-12-20 15:52:27,22640,22642,22642,1,1
2024-12-20 15:52:30,22641,22643,22640,1,-1
2024-12-20 15:52:31,22641,22643,22641,1,-1
2024-12-20 15:52:32,22640,22642,22640,2,-2
2024-12-20 15:52:32,22640,22642,22639,3,-3
2024-12-20 15:52:33,22639,22641,22641,1,1
2024-12-20 15:52:38,22640,22642,22640,1,-1
2024-12-20 15:52:43,22639,22642,22639,1,-1
2024-12-20 15:52:50,22640,22642,22642,1,1
2024-12-20 15:52:50,22640,22642,22640,1,-1
2024-12-20 15:52:50,22640,22642,22642,1,1
2024-12-20 15:52:54,22641,22643,22641,1,-1
2024-12-20 15:52:57,22641,22642,22642,1,1
2024-12-20 15:53:00,22641,22643,22643,1,1
2024-12-20 15:53:01,22641,22644,22642,1,-1
2024-12-20 15:53:02,22641,22644,22644,1,1
2024-12-20 15:53:04,22643,22644,22644,1,1
2024-12-20 15:53:04,22643,22644,22644,2,2
2024-12-20 15:53:05,22643,22645,22645,1,1
2024-12-20 15:53:05,22643,22645,22645,4,4
2024-12-20 15:53:05,22646,22647,22645,1,-1
2024-12-20 15:53:06,22646,22647,22647,1,1
2024-12-20 15:53:07,22647,22648,22648,4,4
2024-12-20 15:53:07,22647,22648,22648,6,6
2024-12-20 15:53:07,22646,22647,22648,1,1
2024-12-20 15:53:07,22646,22647,22647,1,1
2024-12-20 15:53:07,22646,22647,22647,1,1
2024-12-20 15:53:08,22647,22649,22647,2,-2
2024-12-20 15:53:09,22647,22649,22649,1,1
2024-12-20 15:53:09,22647,22649,22649,1,1
2024-12-20 15:53:11,22648,22650,22650,1,1
2024-12-20 15:53:11,22648,22651,22648,1,-1
2024-12-20 15:53:13,22651,22654,22651,4,-4
2024-12-20 15:53:13,22649,22652,22653,2,2
2024-12-20 15:53:13,22651,22654,22650,1,-1
2024-12-20 15:53:13,22649,22651,22651,1,1
2024-12-20 15:53:13,22649,22652,22652,1,1
2024-12-20 15:53:21,22651,22653,22651,1,-1
2024-12-20 15:53:21,22651,22653,22653,2,2
2024-12-20 15:53:22,22651,22653,22653,1,1
2024-12-20 15:53:23,22651,22654,22654,1,1
2024-12-20 15:53:23,22651,22654,22651,2,-2
2024-12-20 15:53:26,22649,22652,22651,1,1
2024-12-20 15:53:28,22649,22652,22649,1,-1
2024-12-20 15:53:33,22647,22649,22649,1,1
2024-12-20 15:53:36,22648,22650,22648,3,-3
2024-12-20 15:53:38,22646,22649,22649,1,1
2024-12-20 15:53:43,22648,22650,22655,1,1
2024-12-20 15:53:43,22648,22650,22654,3,3
2024-12-20 15:53:43,22648,22650,22653,1,1
2024-12-20 15:53:43,22648,22650,22653,1,1
2024-12-20 15:53:43,22648,22650,22653,2,2
2024-12-20 15:53:43,22648,22650,22653,1,1
2024-12-20 15:53:43,22648,22650,22651,4,4
2024-12-20 15:53:43,22648,22650,22652,3,3
2024-12-20 15:53:43,22648,22650,22651,2,2
2024-12-20 15:53:43,22648,22650,22650,4,4
2024-12-20 15:53:43,22647,22650,22650,1,1
2024-12-20 15:54:00,22651,22653,22651,1,-1
2024-12-20 15:54:04,22650,22652,22652,2,2
2024-12-20 15:54:04,22650,22652,22653,1,1
2024-12-20 15:54:04,22650,22652,22653,1,1
2024-12-20 15:54:05,22651,22653,22651,3,-3
2024-12-20 15:54:06,22651,22652,22651,1,-1
2024-12-20 15:54:06,22651,22652,22650,1,-1
2024-12-20 15:54:06,22651,22652,22650,2,-2
2024-12-20 15:54:06,22651,22652,22650,1,-1
2024-12-20 15:54:16,22651,22653,22651,1,-1
2024-12-20 15:54:17,22652,22654,22652,1,-1
2024-12-20 15:54:24,22651,22652,22652,3,3
2024-12-20 15:54:38,22651,22652,22652,1,1
2024-12-20 15:54:39,22651,22654,22654,3,3
2024-12-20 15:54:53,22654,22655,22654,1,-1
2024-12-20 15:54:55,22653,22655,22655,4,4
2024-12-20 15:54:57,22655,22656,22656,1,1
2024-12-20 15:54:57,22655,22656,22656,1,1
2024-12-20 15:55:00,22655,22656,22656,1,1
2024-12-20 15:55:00,22656,22659,22659,1,1
2024-12-20 15:55:00,22656,22659,22659,1,1
2024-12-20 15:55:00,22657,22659,22659,1,1
2024-12-20 15:55:01,22657,22659,22659,1,1
2024-12-20 15:55:02,22655,22657,22658,2,2
2024-12-20 15:55:05,22655,22658,22655,1,-1
2024-12-20 15:55:05,22655,22658,22655,1,-1
2024-12-20 15:55:12,22655,22657,22655,1,-1
2024-12-20 15:55:12,22655,22657,22656,1,-1
2024-12-20 15:55:13,22654,22657,22657,1,1
2024-12-20 15:55:14,22656,22658,22658,6,6
2024-12-20 15:55:14,22656,22658,22659,1,1
2024-12-20 15:55:14,22659,22660,22659,1,-1
2024-12-20 15:55:17,22658,22660,22658,1,-1
2024-12-20 15:55:20,22658,22660,22660,1,1
2024-12-20 15:55:22,22659,22660,22660,1,1
2024-12-20 15:55:22,22659,22660,22660,3,3
2024-12-20 15:55:24,22661,22662,22661,1,-1
2024-12-20 15:55:27,22661,22662,22660,5,-5
2024-12-20 15:55:27,22661,22662,22661,1,-1
2024-12-20 15:55:30,22660,22661,22660,1,-1
2024-12-20 15:55:35,22660,22661,22661,1,1
2024-12-20 15:55:36,22661,22662,22661,1,-1
2024-12-20 15:55:39,22658,22659,22659,1,1
2024-12-20 15:55:41,22658,22660,22660,1,1
2024-12-20 15:55:46,22658,22660,22658,1,-1
2024-12-20 15:55:52,22655,22657,22657,3,3
2024-12-20 15:56:12,22656,22657,22656,1,-1
2024-12-20 15:56:13,22655,22657,22655,1,-1
2024-12-20 15:56:13,22655,22657,22655,2,-2
2024-12-20 15:56:13,22655,22657,22655,9,-9
2024-12-20 15:56:13,22655,22657,22655,1,-1
2024-12-20 15:56:13,22655,22657,22655,1,-1
2024-12-20 15:56:13,22655,22657,22655,1,-1
2024-12-20 15:56:13,22655,22657,22655,3,-3
2024-12-20 15:56:13,22655,22657,22655,2,-2
2024-12-20 15:56:13,22655,22657,22655,1,-1
2024-12-20 15:56:13,22655,22657,22655,3,-3
2024-12-20 15:56:13,22655,22657,22655,10,-10
2024-12-20 15:56:13,22655,22656,22656,1,1
2024-12-20 15:56:13,22655,22657,22655,3,-3
2024-12-20 15:56:18,22655,22658,22655,2,-2
